<?xml version="1.0" encoding="UTF-8"?>
<alto xmlns:xsi="http://www.w3.org/2001/XMLSchema-instance" xmlns="http://www.loc.gov/standards/alto/ns-v2#" xsi:schemaLocation="http://www.loc.gov/standards/alto/ns-v2# http://www.loc.gov/standards/alto/alto-v2.0.xsd" xmlns:xlink="http://www.w3.org/1999/xlink">
	<Description>
		<MeasurementUnit>mm10</MeasurementUnit>
		<sourceImageInformation>
			<fileName>//fileserver7/IN2/Princeton/jp2/pudl0097/2980652/001/19101020_01/00000272.jp2</fileName>
		</sourceImageInformation>
		<OCRProcessing ID="OCRPROCESSING_1">
			<preProcessingStep>
				<processingSoftware>
					<softwareCreator>CCS Content Conversion Specialists GmbH, Germany</softwareCreator>
					<softwareName>CCS docWORKS</softwareName>
					<softwareVersion>6.6-0.29</softwareVersion>
				</processingSoftware>
			</preProcessingStep>
			<ocrProcessingStep>
				<processingSoftware>
					<softwareCreator>ABBYY (BIT Software), Russia</softwareCreator>
					<softwareName>FineReader</softwareName>
					<softwareVersion>10.0</softwareVersion>
				</processingSoftware>
			</ocrProcessingStep>
		</OCRProcessing>
	</Description>
	<Styles>
		<TextStyle ID="TXT_0" FONTSIZE="10" FONTFAMILY="Times New Roman"/>
		<ParagraphStyle ID="PAR_LEFT" ALIGN="Left"/>
		<ParagraphStyle ID="PAR_BLOCK" ALIGN="Block"/>
	</Styles>
	<Layout>
		<Page ID="P4" PHYSICAL_IMG_NR="4" HEIGHT="6789" WIDTH="4884" PRINTED_IMG_NR="270" PC="0.943">
			<TopMargin ID="P4_TM00001" HPOS="0" VPOS="0" WIDTH="4884" HEIGHT="4"/>
			<LeftMargin ID="P4_LM00001" HPOS="0" VPOS="4" WIDTH="5" HEIGHT="6536"/>
			<RightMargin ID="P4_RM00001" HPOS="4877" VPOS="4" WIDTH="7" HEIGHT="6536"/>
			<BottomMargin ID="P4_BM00001" HPOS="0" VPOS="6540" WIDTH="4884" HEIGHT="249">
				<TextBlock ID="P4_TB00001" HPOS="44" VPOS="6543" WIDTH="80" HEIGHT="43" STYLEREFS="TXT_0 PAR_LEFT">
					<TextLine ID="P4_TL00001" HPOS="44" VPOS="6545" WIDTH="80" HEIGHT="41">
						<String ID="P4_ST00001" HPOS="44" VPOS="6545" WIDTH="80" HEIGHT="41" CONTENT="270" WC="0.77" CC="033"/>
					</TextLine>
				</TextBlock>
			</BottomMargin>
			<PrintSpace ID="P4_PS00001" HPOS="5" VPOS="4" WIDTH="4872" HEIGHT="6536">
				<TextBlock ID="P4_TB00002" HPOS="37" VPOS="105" WIDTH="1515" HEIGHT="6378" STYLEREFS="TXT_0 PAR_BLOCK">
					<TextLine ID="P4_TL00002" HPOS="42" VPOS="106" WIDTH="1510" HEIGHT="61">
						<String ID="P4_ST00002" HPOS="42" VPOS="106" WIDTH="376" HEIGHT="51" CONTENT="dramatischen" WC="0.99" CC="790090069078"/>
						<SP ID="P4_SP00001" HPOS="418" VPOS="157" WIDTH="53"/>
						<String ID="P4_ST00003" HPOS="471" VPOS="107" WIDTH="109" HEIGHT="59" CONTENT="Tat," WC="0.99" CC="5001"/>
						<SP ID="P4_SP00002" HPOS="580" VPOS="166" WIDTH="56"/>
						<String ID="P4_ST00004" HPOS="636" VPOS="107" WIDTH="90" HEIGHT="47" CONTENT="der" WC="1.00" CC="000"/>
						<SP ID="P4_SP00003" HPOS="726" VPOS="166" WIDTH="55"/>
						<String ID="P4_ST00005" HPOS="781" VPOS="110" WIDTH="47" HEIGHT="45" CONTENT="in" WC="0.57" CC="34"/>
						<SP ID="P4_SP00004" HPOS="828" VPOS="166" WIDTH="54"/>
						<String ID="P4_ST00006" HPOS="882" VPOS="108" WIDTH="90" HEIGHT="46" CONTENT="der" WC="0.99" CC="030"/>
						<SP ID="P4_SP00005" HPOS="972" VPOS="166" WIDTH="52"/>
						<String ID="P4_ST00007" HPOS="1024" VPOS="110" WIDTH="235" HEIGHT="57" CONTENT="späteren" WC="0.99" CC="07091006"/>
						<SP ID="P4_SP00006" HPOS="1259" VPOS="167" WIDTH="56"/>
						<String ID="P4_ST00008" HPOS="1315" VPOS="107" WIDTH="208" HEIGHT="48" CONTENT="Theater" SUBS_TYPE="HypPart1" SUBS_CONTENT="TheatergesChichte" WC="0.78" CC="5020040"/>
						<HYP HPOS="1523" VPOS="107" WIDTH="29" CONTENT="-"/>
					</TextLine>
					<TextLine ID="P4_TL00003" HPOS="42" VPOS="176" WIDTH="1504" HEIGHT="66">
						<String ID="P4_ST00009" HPOS="42" VPOS="176" WIDTH="292" HEIGHT="66" CONTENT="gesChichte" SUBS_TYPE="HypPart2" SUBS_CONTENT="TheatergesChichte" WC="0.51" CC="7679007009"/>
						<SP ID="P4_SP00007" HPOS="334" VPOS="242" WIDTH="33"/>
						<String ID="P4_ST00010" HPOS="367" VPOS="178" WIDTH="228" HEIGHT="60" CONTENT="Europas" WC="0.98" CC="6616020"/>
						<SP ID="P4_SP00008" HPOS="595" VPOS="242" WIDTH="36"/>
						<String ID="P4_ST00011" HPOS="631" VPOS="177" WIDTH="161" HEIGHT="49" CONTENT="nichts" WC="0.99" CC="607000"/>
						<SP ID="P4_SP00009" HPOS="792" VPOS="242" WIDTH="30"/>
						<String ID="P4_ST00012" HPOS="822" VPOS="177" WIDTH="304" HEIGHT="61" CONTENT="ebenbürtig" WC="0.99" CC="9016200000"/>
						<SP ID="P4_SP00010" HPOS="1126" VPOS="242" WIDTH="32"/>
						<String ID="P4_ST00013" HPOS="1158" VPOS="180" WIDTH="78" HEIGHT="48" CONTENT="ist." WC="0.99" CC="0004"/>
						<SP ID="P4_SP00011" HPOS="1236" VPOS="242" WIDTH="67"/>
						<String ID="P4_ST00014" HPOS="1303" VPOS="179" WIDTH="116" HEIGHT="47" CONTENT="Fast" WC="0.98" CC="6010"/>
						<SP ID="P4_SP00012" HPOS="1419" VPOS="242" WIDTH="33"/>
						<String ID="P4_ST00015" HPOS="1452" VPOS="177" WIDTH="94" HEIGHT="49" CONTENT="alle" WC="0.96" CC="0397"/>
					</TextLine>
					<TextLine ID="P4_TL00004" HPOS="44" VPOS="244" WIDTH="1501" HEIGHT="65">
						<String ID="P4_ST00016" HPOS="44" VPOS="244" WIDTH="216" HEIGHT="65" CONTENT="Apostel" WC="0.98" CC="0674018"/>
						<SP ID="P4_SP00013" HPOS="260" VPOS="309" WIDTH="23"/>
						<String ID="P4_ST00017" HPOS="283" VPOS="248" WIDTH="115" HEIGHT="50" CONTENT="sind" WC="0.96" CC="6370"/>
						<SP ID="P4_SP00014" HPOS="398" VPOS="309" WIDTH="29"/>
						<String ID="P4_ST00018" HPOS="427" VPOS="248" WIDTH="204" HEIGHT="59" CONTENT="Wesen," WC="0.99" CC="000074"/>
						<SP ID="P4_SP00015" HPOS="631" VPOS="309" WIDTH="29"/>
						<String ID="P4_ST00019" HPOS="660" VPOS="248" WIDTH="81" HEIGHT="47" CONTENT="die" WC="0.96" CC="019"/>
						<SP ID="P4_SP00016" HPOS="741" VPOS="309" WIDTH="28"/>
						<String ID="P4_ST00020" HPOS="769" VPOS="248" WIDTH="116" HEIGHT="48" CONTENT="dem" WC="0.97" CC="070"/>
						<SP ID="P4_SP00017" HPOS="885" VPOS="309" WIDTH="30"/>
						<String ID="P4_ST00021" HPOS="915" VPOS="248" WIDTH="333" HEIGHT="61" CONTENT="eigentlichen" WC="0.99" CC="539040030008"/>
						<SP ID="P4_SP00018" HPOS="1248" VPOS="309" WIDTH="33"/>
						<String ID="P4_ST00022" HPOS="1281" VPOS="248" WIDTH="264" HEIGHT="49" CONTENT="Leonardo" WC="0.99" CC="07013000"/>
					</TextLine>
					<TextLine ID="P4_TL00005" HPOS="44" VPOS="315" WIDTH="1500" HEIGHT="65">
						<String ID="P4_ST00023" HPOS="44" VPOS="316" WIDTH="179" HEIGHT="61" CONTENT="fremd," WC="0.98" CC="700904"/>
						<SP ID="P4_SP00019" HPOS="223" VPOS="377" WIDTH="54"/>
						<String ID="P4_ST00024" HPOS="277" VPOS="316" WIDTH="102" HEIGHT="50" CONTENT="ihm" WC="0.95" CC="390"/>
						<SP ID="P4_SP00020" HPOS="379" VPOS="377" WIDTH="56"/>
						<String ID="P4_ST00025" HPOS="435" VPOS="316" WIDTH="134" HEIGHT="48" CONTENT="nicht" WC="0.98" CC="60900"/>
						<SP ID="P4_SP00021" HPOS="569" VPOS="377" WIDTH="50"/>
						<String ID="P4_ST00026" HPOS="619" VPOS="325" WIDTH="101" HEIGHT="40" CONTENT="Von" WC="0.96" CC="405"/>
						<SP ID="P4_SP00022" HPOS="720" VPOS="377" WIDTH="53"/>
						<String ID="P4_ST00027" HPOS="773" VPOS="319" WIDTH="162" HEIGHT="46" CONTENT="Natur" WC="0.99" CC="05040"/>
						<SP ID="P4_SP00023" HPOS="935" VPOS="377" WIDTH="52"/>
						<String ID="P4_ST00028" HPOS="987" VPOS="315" WIDTH="96" HEIGHT="50" CONTENT="lieb" WC="0.98" CC="8100"/>
						<SP ID="P4_SP00024" HPOS="1083" VPOS="377" WIDTH="52"/>
						<String ID="P4_ST00029" HPOS="1135" VPOS="319" WIDTH="128" HEIGHT="46" CONTENT="oder" WC="0.98" CC="0910"/>
						<SP ID="P4_SP00025" HPOS="1263" VPOS="377" WIDTH="49"/>
						<String ID="P4_ST00030" HPOS="1312" VPOS="319" WIDTH="232" HEIGHT="61" CONTENT="gegeben" WC="0.99" CC="9000073"/>
					</TextLine>
					<TextLine ID="P4_TL00006" HPOS="41" VPOS="386" WIDTH="1504" HEIGHT="63">
						<String ID="P4_ST00031" HPOS="41" VPOS="401" WIDTH="189" HEIGHT="35" CONTENT="waren." WC="0.98" CC="800090"/>
						<SP ID="P4_SP00026" HPOS="230" VPOS="436" WIDTH="68"/>
						<String ID="P4_ST00032" HPOS="298" VPOS="386" WIDTH="111" HEIGHT="48" CONTENT="Den" WC="0.97" CC="007"/>
						<SP ID="P4_SP00027" HPOS="409" VPOS="436" WIDTH="41"/>
						<String ID="P4_ST00033" HPOS="450" VPOS="386" WIDTH="278" HEIGHT="63" CONTENT="Philippus," WC="0.98" CC="9008207764"/>
						<SP ID="P4_SP00028" HPOS="728" VPOS="449" WIDTH="35"/>
						<String ID="P4_ST00034" HPOS="763" VPOS="388" WIDTH="99" HEIGHT="48" CONTENT="den" WC="0.97" CC="007"/>
						<SP ID="P4_SP00029" HPOS="862" VPOS="449" WIDTH="39"/>
						<String ID="P4_ST00035" HPOS="901" VPOS="387" WIDTH="257" HEIGHT="61" CONTENT="Johannes" WC="1.00" CC="00020400"/>
						<SP ID="P4_SP00030" HPOS="1158" VPOS="449" WIDTH="40"/>
						<String ID="P4_ST00036" HPOS="1198" VPOS="388" WIDTH="189" HEIGHT="51" CONTENT="freilich" WC="0.98" CC="65643093"/>
						<SP ID="P4_SP00031" HPOS="1387" VPOS="449" WIDTH="36"/>
						<String ID="P4_ST00037" HPOS="1423" VPOS="389" WIDTH="122" HEIGHT="48" CONTENT="fand" WC="0.98" CC="5030"/>
					</TextLine>
					<TextLine ID="P4_TL00007" HPOS="44" VPOS="454" WIDTH="1502" HEIGHT="63">
						<String ID="P4_ST00038" HPOS="44" VPOS="472" WIDTH="54" HEIGHT="33" CONTENT="er" WC="0.76" CC="40"/>
						<SP ID="P4_SP00032" HPOS="98" VPOS="505" WIDTH="34"/>
						<String ID="P4_ST00039" HPOS="132" VPOS="454" WIDTH="162" HEIGHT="63" CONTENT="IbiCht," WC="0.67" CC="6830003"/>
						<SP ID="P4_SP00033" HPOS="294" VPOS="517" WIDTH="34"/>
						<String ID="P4_ST00040" HPOS="328" VPOS="457" WIDTH="164" HEIGHT="48" CONTENT="stellte" WC="0.99" CC="4002362"/>
						<SP ID="P4_SP00034" HPOS="492" VPOS="517" WIDTH="33"/>
						<String ID="P4_ST00041" HPOS="525" VPOS="473" WIDTH="56" HEIGHT="32" CONTENT="er" WC="1.00" CC="00"/>
						<SP ID="P4_SP00035" HPOS="581" VPOS="517" WIDTH="30"/>
						<String ID="P4_ST00042" HPOS="611" VPOS="474" WIDTH="94" HEIGHT="33" CONTENT="aus" WC="0.97" CC="060"/>
						<SP ID="P4_SP00036" HPOS="705" VPOS="517" WIDTH="37"/>
						<String ID="P4_ST00043" HPOS="742" VPOS="460" WIDTH="189" HEIGHT="47" CONTENT="seinem" WC="0.99" CC="006000"/>
						<SP ID="P4_SP00037" HPOS="931" VPOS="517" WIDTH="35"/>
						<String ID="P4_ST00044" HPOS="966" VPOS="458" WIDTH="192" HEIGHT="49" CONTENT="Gefühl" WC="0.99" CC="006008"/>
						<SP ID="P4_SP00038" HPOS="1158" VPOS="517" WIDTH="35"/>
						<String ID="P4_ST00045" HPOS="1193" VPOS="460" WIDTH="198" HEIGHT="48" CONTENT="heraus." WC="0.98" CC="5005704"/>
						<SP ID="P4_SP00039" HPOS="1391" VPOS="517" WIDTH="53"/>
						<String ID="P4_ST00046" HPOS="1444" VPOS="460" WIDTH="102" HEIGHT="47" CONTENT="Der" WC="0.99" CC="003"/>
					</TextLine>
					<TextLine ID="P4_TL00008" HPOS="45" VPOS="526" WIDTH="1501" HEIGHT="64">
						<String ID="P4_ST00047" HPOS="45" VPOS="528" WIDTH="159" HEIGHT="59" CONTENT="Judas" WC="0.97" CC="07907"/>
						<SP ID="P4_SP00040" HPOS="204" VPOS="587" WIDTH="50"/>
						<String ID="P4_ST00048" HPOS="254" VPOS="526" WIDTH="208" HEIGHT="49" CONTENT="fesselte" WC="0.97" CC="76509809"/>
						<SP ID="P4_SP00041" HPOS="462" VPOS="587" WIDTH="48"/>
						<String ID="P4_ST00049" HPOS="510" VPOS="529" WIDTH="87" HEIGHT="48" CONTENT="ihn" WC="0.96" CC="405"/>
						<SP ID="P4_SP00042" HPOS="597" VPOS="587" WIDTH="52"/>
						<String ID="P4_ST00050" HPOS="649" VPOS="528" WIDTH="73" HEIGHT="48" CONTENT="als" WC="0.95" CC="651"/>
						<SP ID="P4_SP00043" HPOS="722" VPOS="587" WIDTH="47"/>
						<String ID="P4_ST00051" HPOS="769" VPOS="529" WIDTH="450" HEIGHT="61" CONTENT="problematischer" WC="1.00" CC="090059000037200"/>
						<SP ID="P4_SP00044" HPOS="1219" VPOS="590" WIDTH="47"/>
						<String ID="P4_ST00052" HPOS="1266" VPOS="530" WIDTH="280" HEIGHT="48" CONTENT="Charakter" WC="1.00" CC="500000020"/>
					</TextLine>
					<TextLine ID="P4_TL00009" HPOS="41" VPOS="596" WIDTH="1503" HEIGHT="63">
						<String ID="P4_ST00053" HPOS="41" VPOS="596" WIDTH="107" HEIGHT="49" CONTENT="und" WC="1.00" CC="000"/>
						<SP ID="P4_SP00045" HPOS="148" VPOS="645" WIDTH="50"/>
						<String ID="P4_ST00054" HPOS="198" VPOS="596" WIDTH="373" HEIGHT="63" CONTENT="Gegenspieller" WC="0.99" CC="0040340074640"/>
						<SP ID="P4_SP00046" HPOS="571" VPOS="659" WIDTH="53"/>
						<String ID="P4_ST00055" HPOS="624" VPOS="599" WIDTH="201" HEIGHT="47" CONTENT="Christi." WC="1.00" CC="00100033"/>
						<SP ID="P4_SP00047" HPOS="825" VPOS="659" WIDTH="85"/>
						<String ID="P4_ST00056" HPOS="910" VPOS="599" WIDTH="195" HEIGHT="46" CONTENT="Zuletzt" WC="0.98" CC="0757009"/>
						<SP ID="P4_SP00048" HPOS="1105" VPOS="659" WIDTH="49"/>
						<String ID="P4_ST00057" HPOS="1154" VPOS="599" WIDTH="151" HEIGHT="48" CONTENT="malte" WC="0.97" CC="04492"/>
						<SP ID="P4_SP00049" HPOS="1305" VPOS="659" WIDTH="51"/>
						<String ID="P4_ST00058" HPOS="1356" VPOS="616" WIDTH="57" HEIGHT="32" CONTENT="er" WC="0.63" CC="70"/>
						<SP ID="P4_SP00050" HPOS="1413" VPOS="659" WIDTH="49"/>
						<String ID="P4_ST00059" HPOS="1462" VPOS="616" WIDTH="82" HEIGHT="37" CONTENT="am" WC="0.62" CC="70"/>
					</TextLine>
					<TextLine ID="P4_TL00010" HPOS="45" VPOS="667" WIDTH="1501" HEIGHT="65">
						<String ID="P4_ST00060" HPOS="45" VPOS="667" WIDTH="176" HEIGHT="61" CONTENT="Haupt" WC="0.98" CC="69100"/>
						<SP ID="P4_SP00051" HPOS="221" VPOS="728" WIDTH="35"/>
						<String ID="P4_ST00061" HPOS="256" VPOS="668" WIDTH="136" HEIGHT="60" CONTENT="Jesu." WC="0.98" CC="00074"/>
						<SP ID="P4_SP00052" HPOS="392" VPOS="728" WIDTH="64"/>
						<String ID="P4_ST00062" HPOS="456" VPOS="669" WIDTH="64" HEIGHT="46" CONTENT="Er" WC="0.68" CC="60"/>
						<SP ID="P4_SP00053" HPOS="520" VPOS="728" WIDTH="28"/>
						<String ID="P4_ST00063" HPOS="548" VPOS="669" WIDTH="137" HEIGHT="47" CONTENT="hatte" WC="0.99" CC="05000"/>
						<SP ID="P4_SP00054" HPOS="685" VPOS="728" WIDTH="33"/>
						<String ID="P4_ST00064" HPOS="718" VPOS="668" WIDTH="156" HEIGHT="48" CONTENT="sChon" WC="0.93" CC="00101"/>
						<SP ID="P4_SP00055" HPOS="874" VPOS="728" WIDTH="34"/>
						<String ID="P4_ST00065" HPOS="908" VPOS="684" WIDTH="58" HEIGHT="32" CONTENT="so" WC="0.50" CC="90"/>
						<SP ID="P4_SP00056" HPOS="966" VPOS="728" WIDTH="33"/>
						<String ID="P4_ST00066" HPOS="999" VPOS="669" WIDTH="100" HEIGHT="51" CONTENT="viel" WC="0.98" CC="0208"/>
						<SP ID="P4_SP00057" HPOS="1099" VPOS="728" WIDTH="25"/>
						<String ID="P4_ST00067" HPOS="1124" VPOS="684" WIDTH="387" HEIGHT="48" CONTENT="vorweggenom" SUBS_TYPE="HypPart1" SUBS_CONTENT="vorweggenommen," WC="0.99" CC="00009007510"/>
						<HYP HPOS="1511" VPOS="684" WIDTH="35" CONTENT="-"/>
					</TextLine>
					<TextLine ID="P4_TL00011" HPOS="41" VPOS="738" WIDTH="1505" HEIGHT="62">
						<String ID="P4_ST00068" HPOS="41" VPOS="751" WIDTH="136" HEIGHT="48" CONTENT="men," SUBS_TYPE="HypPart2" SUBS_CONTENT="vorweggenommen," WC="0.98" CC="7002"/>
						<SP ID="P4_SP00058" HPOS="177" VPOS="799" WIDTH="37"/>
						<String ID="P4_ST00069" HPOS="214" VPOS="739" WIDTH="103" HEIGHT="47" CONTENT="und" WC="0.95" CC="380"/>
						<SP ID="P4_SP00059" HPOS="317" VPOS="799" WIDTH="37"/>
						<String ID="P4_ST00070" HPOS="354" VPOS="739" WIDTH="91" HEIGHT="47" CONTENT="das" WC="1.00" CC="000"/>
						<SP ID="P4_SP00060" HPOS="445" VPOS="799" WIDTH="41"/>
						<String ID="P4_ST00071" HPOS="486" VPOS="739" WIDTH="137" HEIGHT="46" CONTENT="Ende" WC="0.96" CC="6207"/>
						<SP ID="P4_SP00061" HPOS="623" VPOS="799" WIDTH="37"/>
						<String ID="P4_ST00072" HPOS="660" VPOS="739" WIDTH="90" HEIGHT="46" CONTENT="der" WC="0.97" CC="070"/>
						<SP ID="P4_SP00062" HPOS="750" VPOS="799" WIDTH="34"/>
						<String ID="P4_ST00073" HPOS="784" VPOS="738" WIDTH="237" HEIGHT="62" CONTENT="Aufgabe" WC="0.99" CC="0660000"/>
						<SP ID="P4_SP00063" HPOS="1021" VPOS="800" WIDTH="35"/>
						<String ID="P4_ST00074" HPOS="1056" VPOS="739" WIDTH="205" HEIGHT="49" CONTENT="braChte" WC="0.72" CC="4020407"/>
						<SP ID="P4_SP00064" HPOS="1261" VPOS="800" WIDTH="34"/>
						<String ID="P4_ST00075" HPOS="1295" VPOS="743" WIDTH="112" HEIGHT="46" CONTENT="eine" WC="0.96" CC="0377"/>
						<SP ID="P4_SP00065" HPOS="1407" VPOS="800" WIDTH="36"/>
						<String ID="P4_ST00076" HPOS="1443" VPOS="740" WIDTH="78" HEIGHT="51" CONTENT="läh" SUBS_TYPE="HypPart1" SUBS_CONTENT="lähmende" WC="0.97" CC="803"/>
						<HYP HPOS="1521" VPOS="740" WIDTH="25" CONTENT="-"/>
					</TextLine>
					<TextLine ID="P4_TL00012" HPOS="39" VPOS="808" WIDTH="1508" HEIGHT="63">
						<String ID="P4_ST00077" HPOS="39" VPOS="808" WIDTH="188" HEIGHT="49" CONTENT="mende" SUBS_TYPE="HypPart2" SUBS_CONTENT="lähmende" WC="0.96" CC="93099"/>
						<SP ID="P4_SP00066" HPOS="227" VPOS="857" WIDTH="66"/>
						<String ID="P4_ST00078" HPOS="293" VPOS="809" WIDTH="103" HEIGHT="46" CONTENT="und" WC="0.98" CC="500"/>
						<SP ID="P4_SP00067" HPOS="396" VPOS="857" WIDTH="62"/>
						<String ID="P4_ST00079" HPOS="458" VPOS="809" WIDTH="83" HEIGHT="48" CONTENT="die" WC="0.92" CC="937"/>
						<SP ID="P4_SP00068" HPOS="541" VPOS="857" WIDTH="67"/>
						<String ID="P4_ST00080" HPOS="608" VPOS="823" WIDTH="160" HEIGHT="46" CONTENT="ganze" WC="0.99" CC="00370"/>
						<SP ID="P4_SP00069" HPOS="768" VPOS="869" WIDTH="64"/>
						<String ID="P4_ST00081" HPOS="832" VPOS="809" WIDTH="283" HEIGHT="47" CONTENT="Sehnsucht" WC="0.99" CC="080008040"/>
						<SP ID="P4_SP00070" HPOS="1115" VPOS="869" WIDTH="66"/>
						<String ID="P4_ST00082" HPOS="1181" VPOS="811" WIDTH="366" HEIGHT="60" CONTENT="anspannende" WC="0.99" CC="03400530399"/>
					</TextLine>
					<TextLine ID="P4_TL00013" HPOS="41" VPOS="877" WIDTH="1503" HEIGHT="65">
						<String ID="P4_ST00083" HPOS="41" VPOS="877" WIDTH="396" HEIGHT="61" CONTENT="Schwierigkeit." WC="1.00" CC="19100000007403"/>
						<SP ID="P4_SP00071" HPOS="437" VPOS="938" WIDTH="72"/>
						<String ID="P4_ST00084" HPOS="509" VPOS="879" WIDTH="65" HEIGHT="46" CONTENT="Er" WC="0.74" CC="50"/>
						<SP ID="P4_SP00072" HPOS="574" VPOS="938" WIDTH="37"/>
						<String ID="P4_ST00085" HPOS="611" VPOS="878" WIDTH="124" HEIGHT="48" CONTENT="malt" WC="0.97" CC="0069"/>
						<SP ID="P4_SP00073" HPOS="735" VPOS="938" WIDTH="34"/>
						<String ID="P4_ST00086" HPOS="769" VPOS="879" WIDTH="99" HEIGHT="47" CONTENT="den" WC="0.99" CC="010"/>
						<SP ID="P4_SP00074" HPOS="868" VPOS="938" WIDTH="39"/>
						<String ID="P4_ST00087" HPOS="907" VPOS="879" WIDTH="134" HEIGHT="48" CONTENT="Gast" WC="1.00" CC="0000"/>
						<SP ID="P4_SP00075" HPOS="1041" VPOS="938" WIDTH="37"/>
						<String ID="P4_ST00088" HPOS="1078" VPOS="882" WIDTH="145" HEIGHT="45" CONTENT="unter" WC="0.98" CC="24900"/>
						<SP ID="P4_SP00076" HPOS="1223" VPOS="938" WIDTH="42"/>
						<String ID="P4_ST00089" HPOS="1265" VPOS="882" WIDTH="279" HEIGHT="60" CONTENT="Freunden," WC="0.99" CC="507740054"/>
					</TextLine>
					<TextLine ID="P4_TL00014" HPOS="44" VPOS="945" WIDTH="1499" HEIGHT="65">
						<String ID="P4_ST00090" HPOS="44" VPOS="949" WIDTH="99" HEIGHT="45" CONTENT="den" WC="0.98" CC="004"/>
						<SP ID="P4_SP00077" HPOS="143" VPOS="994" WIDTH="50"/>
						<String ID="P4_ST00091" HPOS="193" VPOS="945" WIDTH="189" HEIGHT="53" CONTENT="milden" WC="0.96" CC="904995"/>
						<SP ID="P4_SP00078" HPOS="382" VPOS="998" WIDTH="55"/>
						<String ID="P4_ST00092" HPOS="437" VPOS="948" WIDTH="215" HEIGHT="60" CONTENT="Helden," WC="0.98" CC="7720404"/>
						<SP ID="P4_SP00079" HPOS="652" VPOS="1008" WIDTH="64"/>
						<String ID="P4_ST00093" HPOS="716" VPOS="949" WIDTH="101" HEIGHT="47" CONTENT="den" WC="0.98" CC="005"/>
						<SP ID="P4_SP00080" HPOS="817" VPOS="1008" WIDTH="51"/>
						<String ID="P4_ST00094" HPOS="868" VPOS="949" WIDTH="121" HEIGHT="61" CONTENT="Sieg" WC="0.96" CC="0079"/>
						<SP ID="P4_SP00081" HPOS="989" VPOS="1010" WIDTH="65"/>
						<String ID="P4_ST00095" HPOS="1054" VPOS="952" WIDTH="136" HEIGHT="46" CONTENT="einer" WC="0.97" CC="30972"/>
						<SP ID="P4_SP00082" HPOS="1190" VPOS="1010" WIDTH="48"/>
						<String ID="P4_ST00096" HPOS="1238" VPOS="951" WIDTH="176" HEIGHT="48" CONTENT="MaCht" WC="0.98" CC="00000"/>
						<SP ID="P4_SP00083" HPOS="1414" VPOS="1010" WIDTH="62"/>
						<String ID="P4_ST00097" HPOS="1476" VPOS="955" WIDTH="67" HEIGHT="46" CONTENT="im" WC="0.70" CC="50"/>
					</TextLine>
					<TextLine ID="P4_TL00015" HPOS="41" VPOS="1015" WIDTH="1506" HEIGHT="67">
						<String ID="P4_ST00098" HPOS="41" VPOS="1015" WIDTH="259" HEIGHT="51" CONTENT="SChicksal" WC="0.53" CC="075670707"/>
						<SP ID="P4_SP00084" HPOS="300" VPOS="1066" WIDTH="31"/>
						<String ID="P4_ST00099" HPOS="331" VPOS="1018" WIDTH="93" HEIGHT="47" CONTENT="des" WC="0.99" CC="030"/>
						<SP ID="P4_SP00085" HPOS="424" VPOS="1066" WIDTH="40"/>
						<String ID="P4_ST00100" HPOS="464" VPOS="1018" WIDTH="370" HEIGHT="61" CONTENT="Unterliegens," WC="0.99" CC="5507167100824"/>
						<SP ID="P4_SP00086" HPOS="834" VPOS="1079" WIDTH="35"/>
						<String ID="P4_ST00101" HPOS="869" VPOS="1020" WIDTH="95" HEIGHT="47" CONTENT="das" WC="1.00" CC="000"/>
						<SP ID="P4_SP00087" HPOS="964" VPOS="1079" WIDTH="36"/>
						<String ID="P4_ST00102" HPOS="1000" VPOS="1020" WIDTH="209" HEIGHT="60" CONTENT="Symbol" WC="0.97" CC="056863"/>
						<SP ID="P4_SP00088" HPOS="1209" VPOS="1080" WIDTH="35"/>
						<String ID="P4_ST00103" HPOS="1244" VPOS="1021" WIDTH="90" HEIGHT="47" CONTENT="der" WC="0.97" CC="070"/>
						<SP ID="P4_SP00089" HPOS="1334" VPOS="1080" WIDTH="39"/>
						<String ID="P4_ST00104" HPOS="1373" VPOS="1021" WIDTH="145" HEIGHT="61" CONTENT="Resig" SUBS_TYPE="HypPart1" SUBS_CONTENT="Resignation," WC="0.99" CC="07020"/>
						<HYP HPOS="1518" VPOS="1021" WIDTH="29" CONTENT="-"/>
					</TextLine>
					<TextLine ID="P4_TL00016" HPOS="44" VPOS="1087" WIDTH="1499" HEIGHT="64">
						<String ID="P4_ST00105" HPOS="44" VPOS="1089" WIDTH="190" HEIGHT="58" CONTENT="nation," SUBS_TYPE="HypPart2" SUBS_CONTENT="Resignation," WC="0.99" CC="6004034"/>
						<SP ID="P4_SP00090" HPOS="234" VPOS="1147" WIDTH="36"/>
						<String ID="P4_ST00106" HPOS="270" VPOS="1088" WIDTH="85" HEIGHT="47" CONTENT="die" WC="1.00" CC="000"/>
						<SP ID="P4_SP00091" HPOS="355" VPOS="1147" WIDTH="35"/>
						<String ID="P4_ST00107" HPOS="390" VPOS="1087" WIDTH="104" HEIGHT="48" CONTENT="ihre" WC="0.96" CC="4960"/>
						<SP ID="P4_SP00092" HPOS="494" VPOS="1147" WIDTH="33"/>
						<String ID="P4_ST00108" HPOS="527" VPOS="1088" WIDTH="254" HEIGHT="61" CONTENT="tragisChe" WC="0.80" CC="020026050"/>
						<SP ID="P4_SP00093" HPOS="781" VPOS="1149" WIDTH="35"/>
						<String ID="P4_ST00109" HPOS="816" VPOS="1090" WIDTH="330" HEIGHT="61" CONTENT="Verheißung" WC="0.99" CC="0004700480"/>
						<SP ID="P4_SP00094" HPOS="1146" VPOS="1151" WIDTH="36"/>
						<String ID="P4_ST00110" HPOS="1182" VPOS="1090" WIDTH="209" HEIGHT="49" CONTENT="erfüllen" WC="0.99" CC="00606002"/>
						<SP ID="P4_SP00095" HPOS="1391" VPOS="1151" WIDTH="37"/>
						<String ID="P4_ST00111" HPOS="1428" VPOS="1092" WIDTH="115" HEIGHT="48" CONTENT="will." WC="0.99" CC="05003"/>
					</TextLine>
					<TextLine ID="P4_TL00017" HPOS="44" VPOS="1155" WIDTH="1502" HEIGHT="66">
						<String ID="P4_ST00112" HPOS="44" VPOS="1156" WIDTH="118" HEIGHT="47" CONTENT="Und" WC="0.98" CC="410"/>
						<SP ID="P4_SP00096" HPOS="162" VPOS="1203" WIDTH="46"/>
						<String ID="P4_ST00113" HPOS="208" VPOS="1155" WIDTH="236" HEIGHT="52" CONTENT="seltsam:" WC="0.98" CC="66300095"/>
						<SP ID="P4_SP00097" HPOS="444" VPOS="1207" WIDTH="50"/>
						<String ID="P4_ST00114" HPOS="494" VPOS="1158" WIDTH="120" HEIGHT="60" CONTENT="hier," WC="0.99" CC="50004"/>
						<SP ID="P4_SP00098" HPOS="614" VPOS="1218" WIDTH="50"/>
						<String ID="P4_ST00115" HPOS="664" VPOS="1160" WIDTH="100" HEIGHT="49" CONTENT="wie" WC="0.97" CC="080"/>
						<SP ID="P4_SP00099" HPOS="764" VPOS="1218" WIDTH="44"/>
						<String ID="P4_ST00116" HPOS="808" VPOS="1159" WIDTH="82" HEIGHT="48" CONTENT="bei" WC="0.93" CC="692"/>
						<SP ID="P4_SP00100" HPOS="890" VPOS="1218" WIDTH="48"/>
						<String ID="P4_ST00117" HPOS="938" VPOS="1160" WIDTH="91" HEIGHT="47" CONTENT="der" WC="0.97" CC="800"/>
						<SP ID="P4_SP00101" HPOS="1029" VPOS="1218" WIDTH="48"/>
						<String ID="P4_ST00118" HPOS="1077" VPOS="1161" WIDTH="158" HEIGHT="47" CONTENT="Mona" WC="0.98" CC="0080"/>
						<SP ID="P4_SP00102" HPOS="1235" VPOS="1218" WIDTH="49"/>
						<String ID="P4_ST00119" HPOS="1284" VPOS="1162" WIDTH="128" HEIGHT="59" CONTENT="Lisa," WC="0.99" CC="03042"/>
						<SP ID="P4_SP00103" HPOS="1412" VPOS="1221" WIDTH="50"/>
						<String ID="P4_ST00120" HPOS="1462" VPOS="1162" WIDTH="56" HEIGHT="47" CONTENT="be" SUBS_TYPE="HypPart1" SUBS_CONTENT="behauptet" WC="0.96" CC="07"/>
						<HYP HPOS="1518" VPOS="1162" WIDTH="28" CONTENT="-"/>
					</TextLine>
					<TextLine ID="P4_TL00018" HPOS="45" VPOS="1226" WIDTH="1502" HEIGHT="66">
						<String ID="P4_ST00121" HPOS="45" VPOS="1226" WIDTH="209" HEIGHT="61" CONTENT="hauptet" SUBS_TYPE="HypPart2" SUBS_CONTENT="behauptet" WC="0.99" CC="9020000"/>
						<SP ID="P4_SP00104" HPOS="254" VPOS="1287" WIDTH="33"/>
						<String ID="P4_ST00122" HPOS="287" VPOS="1228" WIDTH="280" HEIGHT="59" CONTENT="Leonardo," WC="0.99" CC="300100924"/>
						<SP ID="P4_SP00105" HPOS="567" VPOS="1287" WIDTH="32"/>
						<String ID="P4_ST00123" HPOS="599" VPOS="1229" WIDTH="92" HEIGHT="46" CONTENT="das" WC="1.00" CC="000"/>
						<SP ID="P4_SP00106" HPOS="691" VPOS="1287" WIDTH="34"/>
						<String ID="P4_ST00124" HPOS="725" VPOS="1229" WIDTH="187" HEIGHT="49" CONTENT="Antlitz" WC="0.98" CC="0008599"/>
						<SP ID="P4_SP00107" HPOS="912" VPOS="1287" WIDTH="29"/>
						<String ID="P4_ST00125" HPOS="941" VPOS="1232" WIDTH="73" HEIGHT="46" CONTENT="sei" WC="1.00" CC="000"/>
						<SP ID="P4_SP00108" HPOS="1014" VPOS="1287" WIDTH="33"/>
						<String ID="P4_ST00126" HPOS="1047" VPOS="1231" WIDTH="135" HEIGHT="48" CONTENT="nidht" WC="0.71" CC="50520"/>
						<SP ID="P4_SP00109" HPOS="1182" VPOS="1287" WIDTH="33"/>
						<String ID="P4_ST00127" HPOS="1215" VPOS="1231" WIDTH="164" HEIGHT="61" CONTENT="fertig," WC="0.99" CC="5000604"/>
						<SP ID="P4_SP00110" HPOS="1379" VPOS="1292" WIDTH="32"/>
						<String ID="P4_ST00128" HPOS="1411" VPOS="1231" WIDTH="136" HEIGHT="50" CONTENT="nicht" WC="0.97" CC="60760"/>
					</TextLine>
					<TextLine ID="P4_TL00019" HPOS="41" VPOS="1294" WIDTH="1503" HEIGHT="57">
						<String ID="P4_ST00129" HPOS="41" VPOS="1294" WIDTH="271" HEIGHT="51" CONTENT="vollendet." WC="0.99" CC="9557020702"/>
						<SP ID="P4_SP00111" HPOS="312" VPOS="1345" WIDTH="69"/>
						<String ID="P4_ST00130" HPOS="381" VPOS="1297" WIDTH="116" HEIGHT="47" CONTENT="Und" WC="0.98" CC="040"/>
						<SP ID="P4_SP00112" HPOS="497" VPOS="1345" WIDTH="38"/>
						<String ID="P4_ST00131" HPOS="535" VPOS="1301" WIDTH="195" HEIGHT="46" CONTENT="weiter:" WC="0.99" CC="0000305"/>
						<SP ID="P4_SP00113" HPOS="730" VPOS="1347" WIDTH="35"/>
						<String ID="P4_ST00132" HPOS="765" VPOS="1299" WIDTH="148" HEIGHT="48" CONTENT="beide" WC="0.98" CC="59000"/>
						<SP ID="P4_SP00114" HPOS="913" VPOS="1347" WIDTH="37"/>
						<String ID="P4_ST00133" HPOS="950" VPOS="1300" WIDTH="105" HEIGHT="47" CONTENT="Mal" WC="0.98" CC="004"/>
						<SP ID="P4_SP00115" HPOS="1055" VPOS="1347" WIDTH="35"/>
						<String ID="P4_ST00134" HPOS="1090" VPOS="1301" WIDTH="129" HEIGHT="46" CONTENT="wird" WC="1.00" CC="0000"/>
						<SP ID="P4_SP00116" HPOS="1219" VPOS="1347" WIDTH="37"/>
						<String ID="P4_ST00135" HPOS="1256" VPOS="1316" WIDTH="93" HEIGHT="33" CONTENT="aus" WC="0.94" CC="077"/>
						<SP ID="P4_SP00117" HPOS="1349" VPOS="1349" WIDTH="32"/>
						<String ID="P4_ST00136" HPOS="1381" VPOS="1305" WIDTH="163" HEIGHT="46" CONTENT="einem" WC="0.98" CC="64150"/>
					</TextLine>
					<TextLine ID="P4_TL00020" HPOS="46" VPOS="1366" WIDTH="1502" HEIGHT="54">
						<String ID="P4_ST00137" HPOS="46" VPOS="1366" WIDTH="247" HEIGHT="47" CONTENT="lebenden" WC="0.98" CC="79721933"/>
						<SP ID="P4_SP00118" HPOS="293" VPOS="1413" WIDTH="52"/>
						<String ID="P4_ST00138" HPOS="345" VPOS="1368" WIDTH="197" HEIGHT="47" CONTENT="Modell" WC="0.97" CC="070756"/>
						<SP ID="P4_SP00119" HPOS="542" VPOS="1415" WIDTH="49"/>
						<String ID="P4_ST00139" HPOS="591" VPOS="1396" WIDTH="61" HEIGHT="6" CONTENT="—" WC="0.20" CC="8"/>
						<SP ID="P4_SP00120" HPOS="652" VPOS="1415" WIDTH="56"/>
						<String ID="P4_ST00140" HPOS="708" VPOS="1369" WIDTH="90" HEIGHT="48" CONTENT="das" WC="0.98" CC="050"/>
						<SP ID="P4_SP00121" HPOS="798" VPOS="1417" WIDTH="56"/>
						<String ID="P4_ST00141" HPOS="854" VPOS="1385" WIDTH="112" HEIGHT="32" CONTENT="zum" WC="0.98" CC="060"/>
						<SP ID="P4_SP00122" HPOS="966" VPOS="1417" WIDTH="55"/>
						<String ID="P4_ST00142" HPOS="1021" VPOS="1370" WIDTH="233" HEIGHT="49" CONTENT="Christus" WC="0.99" CC="54033060"/>
						<SP ID="P4_SP00123" HPOS="1254" VPOS="1419" WIDTH="55"/>
						<String ID="P4_ST00143" HPOS="1309" VPOS="1386" WIDTH="107" HEIGHT="33" CONTENT="war" WC="0.99" CC="002"/>
						<SP ID="P4_SP00124" HPOS="1416" VPOS="1419" WIDTH="52"/>
						<String ID="P4_ST00144" HPOS="1468" VPOS="1374" WIDTH="80" HEIGHT="46" CONTENT="ein" WC="0.94" CC="733"/>
					</TextLine>
					<TextLine ID="P4_TL00021" HPOS="43" VPOS="1435" WIDTH="1504" HEIGHT="67">
						<String ID="P4_ST00145" HPOS="43" VPOS="1435" WIDTH="287" HEIGHT="49" CONTENT="Mailänder" WC="0.99" CC="030598000"/>
						<SP ID="P4_SP00125" HPOS="330" VPOS="1484" WIDTH="51"/>
						<String ID="P4_ST00146" HPOS="381" VPOS="1437" WIDTH="135" HEIGHT="48" CONTENT="Graf" WC="0.98" CC="0009"/>
						<SP ID="P4_SP00126" HPOS="516" VPOS="1485" WIDTH="53"/>
						<String ID="P4_ST00147" HPOS="569" VPOS="1467" WIDTH="61" HEIGHT="5" CONTENT="—" WC="0.20" CC="8"/>
						<SP ID="P4_SP00127" HPOS="630" VPOS="1485" WIDTH="59"/>
						<String ID="P4_ST00148" HPOS="689" VPOS="1442" WIDTH="112" HEIGHT="49" CONTENT="eine" WC="0.96" CC="0279"/>
						<String ID="P4_ST00149" HPOS="801" VPOS="1435" WIDTH="2" HEIGHT="67" CONTENT="l" STYLE="superscript" WC="0.55" CC="4"/>
						<SP ID="P4_SP00128" HPOS="803" VPOS="1502" WIDTH="56"/>
						<String ID="P4_ST00150" HPOS="859" VPOS="1440" WIDTH="323" HEIGHT="61" CONTENT="Idealgestalt" WC="0.99" CC="405030700040"/>
						<SP ID="P4_SP00129" HPOS="1182" VPOS="1502" WIDTH="54"/>
						<String ID="P4_ST00151" HPOS="1236" VPOS="1441" WIDTH="311" HEIGHT="61" CONTENT="geschaffen," WC="0.99" CC="06203065773"/>
					</TextLine>
					<TextLine ID="P4_TL00022" HPOS="44" VPOS="1504" WIDTH="1502" HEIGHT="68">
						<String ID="P4_ST00152" HPOS="44" VPOS="1507" WIDTH="81" HEIGHT="47" CONTENT="die" WC="1.00" CC="000"/>
						<SP ID="P4_SP00130" HPOS="125" VPOS="1554" WIDTH="35"/>
						<String ID="P4_ST00153" HPOS="160" VPOS="1504" WIDTH="164" HEIGHT="64" CONTENT="glbiCh" WC="0.49" CC="067690"/>
						<SP ID="P4_SP00131" HPOS="324" VPOS="1568" WIDTH="36"/>
						<String ID="P4_ST00154" HPOS="360" VPOS="1508" WIDTH="116" HEIGHT="49" CONTENT="dem" WC="0.94" CC="069"/>
						<SP ID="P4_SP00132" HPOS="476" VPOS="1568" WIDTH="38"/>
						<String ID="P4_ST00155" HPOS="514" VPOS="1509" WIDTH="132" HEIGHT="48" CONTENT="Zeus" WC="0.96" CC="0970"/>
						<SP ID="P4_SP00133" HPOS="646" VPOS="1568" WIDTH="35"/>
						<String ID="P4_ST00156" HPOS="681" VPOS="1518" WIDTH="102" HEIGHT="39" CONTENT="Von" WC="0.94" CC="905"/>
						<SP ID="P4_SP00134" HPOS="783" VPOS="1568" WIDTH="37"/>
						<String ID="P4_ST00157" HPOS="820" VPOS="1509" WIDTH="216" HEIGHT="51" CONTENT="Otrikoli" WC="0.89" CC="00000530"/>
						<SP ID="P4_SP00135" HPOS="1036" VPOS="1568" WIDTH="35"/>
						<String ID="P4_ST00158" HPOS="1071" VPOS="1513" WIDTH="167" HEIGHT="59" CONTENT="einige" WC="0.98" CC="036604"/>
						<SP ID="P4_SP00136" HPOS="1238" VPOS="1572" WIDTH="33"/>
						<String ID="P4_ST00159" HPOS="1271" VPOS="1512" WIDTH="245" HEIGHT="53" CONTENT="überwirk" SUBS_TYPE="HypPart1" SUBS_CONTENT="überwirkliche" WC="0.99" CC="08700700"/>
						<HYP HPOS="1516" VPOS="1512" WIDTH="30" CONTENT="-"/>
					</TextLine>
					<TextLine ID="P4_TL00023" HPOS="46" VPOS="1574" WIDTH="1500" HEIGHT="64">
						<String ID="P4_ST00160" HPOS="46" VPOS="1574" WIDTH="124" HEIGHT="50" CONTENT="liche" SUBS_TYPE="HypPart2" SUBS_CONTENT="überwirkliche" WC="0.95" CC="83878"/>
						<SP ID="P4_SP00137" HPOS="170" VPOS="1624" WIDTH="59"/>
						<String ID="P4_ST00161" HPOS="229" VPOS="1577" WIDTH="145" HEIGHT="61" CONTENT="Züge" WC="1.00" CC="0000"/>
						<SP ID="P4_SP00138" HPOS="374" VPOS="1638" WIDTH="55"/>
						<String ID="P4_ST00162" HPOS="429" VPOS="1578" WIDTH="205" HEIGHT="49" CONTENT="enthält." WC="0.99" CC="50004403"/>
						<SP ID="P4_SP00139" HPOS="634" VPOS="1638" WIDTH="91"/>
						<String ID="P4_ST00163" HPOS="725" VPOS="1579" WIDTH="104" HEIGHT="49" CONTENT="Das" WC="0.99" CC="020"/>
						<SP ID="P4_SP00140" HPOS="829" VPOS="1638" WIDTH="56"/>
						<String ID="P4_ST00164" HPOS="885" VPOS="1580" WIDTH="324" HEIGHT="48" CONTENT="verbreiterte" WC="0.99" CC="060029007207"/>
						<SP ID="P4_SP00141" HPOS="1209" VPOS="1638" WIDTH="58"/>
						<String ID="P4_ST00165" HPOS="1267" VPOS="1581" WIDTH="130" HEIGHT="49" CONTENT="Oval" WC="1.00" CC="0002"/>
						<SP ID="P4_SP00142" HPOS="1397" VPOS="1638" WIDTH="57"/>
						<String ID="P4_ST00166" HPOS="1454" VPOS="1583" WIDTH="92" HEIGHT="46" CONTENT="des" WC="0.97" CC="070"/>
					</TextLine>
					<TextLine ID="P4_TL00024" HPOS="44" VPOS="1645" WIDTH="1501" HEIGHT="68">
						<String ID="P4_ST00167" HPOS="44" VPOS="1645" WIDTH="475" HEIGHT="63" CONTENT="ChristusgesiChts," WC="0.81" CC="12037020030500013"/>
						<SP ID="P4_SP00143" HPOS="519" VPOS="1708" WIDTH="32"/>
						<String ID="P4_ST00168" HPOS="551" VPOS="1649" WIDTH="84" HEIGHT="46" CONTENT="die" WC="0.96" CC="047"/>
						<SP ID="P4_SP00144" HPOS="635" VPOS="1708" WIDTH="33"/>
						<String ID="P4_ST00169" HPOS="668" VPOS="1649" WIDTH="414" HEIGHT="62" CONTENT="Breiterstellung" WC="0.99" CC="360061349730100"/>
						<SP ID="P4_SP00145" HPOS="1082" VPOS="1711" WIDTH="29"/>
						<String ID="P4_ST00170" HPOS="1111" VPOS="1651" WIDTH="91" HEIGHT="48" CONTENT="der" WC="1.00" CC="000"/>
						<SP ID="P4_SP00146" HPOS="1202" VPOS="1711" WIDTH="31"/>
						<String ID="P4_ST00171" HPOS="1233" VPOS="1651" WIDTH="198" HEIGHT="62" CONTENT="Augen," WC="0.99" CC="040053"/>
						<SP ID="P4_SP00147" HPOS="1431" VPOS="1713" WIDTH="34"/>
						<String ID="P4_ST00172" HPOS="1465" VPOS="1653" WIDTH="80" HEIGHT="51" CONTENT="die" WC="0.93" CC="934"/>
					</TextLine>
					<TextLine ID="P4_TL00025" HPOS="41" VPOS="1717" WIDTH="1505" HEIGHT="64">
						<String ID="P4_ST00173" HPOS="41" VPOS="1717" WIDTH="279" HEIGHT="60" CONTENT="Mischung" WC="0.98" CC="00677750"/>
						<SP ID="P4_SP00148" HPOS="320" VPOS="1777" WIDTH="47"/>
						<String ID="P4_ST00174" HPOS="367" VPOS="1718" WIDTH="439" HEIGHT="60" CONTENT="jungmännlicher" WC="0.99" CC="37510472751002"/>
						<SP ID="P4_SP00149" HPOS="806" VPOS="1778" WIDTH="51"/>
						<String ID="P4_ST00175" HPOS="857" VPOS="1721" WIDTH="143" HEIGHT="60" CONTENT="Züge" WC="0.96" CC="0097"/>
						<SP ID="P4_SP00150" HPOS="1000" VPOS="1781" WIDTH="50"/>
						<String ID="P4_ST00176" HPOS="1050" VPOS="1722" WIDTH="93" HEIGHT="46" CONTENT="mit" WC="1.00" CC="000"/>
						<SP ID="P4_SP00151" HPOS="1143" VPOS="1781" WIDTH="50"/>
						<String ID="P4_ST00177" HPOS="1193" VPOS="1722" WIDTH="163" HEIGHT="46" CONTENT="denen" WC="0.97" CC="05492"/>
						<SP ID="P4_SP00152" HPOS="1356" VPOS="1781" WIDTH="52"/>
						<String ID="P4_ST00178" HPOS="1408" VPOS="1727" WIDTH="138" HEIGHT="44" CONTENT="einer" WC="0.96" CC="64870"/>
					</TextLine>
					<TextLine ID="P4_TL00026" HPOS="43" VPOS="1786" WIDTH="1502" HEIGHT="67">
						<String ID="P4_ST00179" HPOS="43" VPOS="1786" WIDTH="327" HEIGHT="61" CONTENT="gütig-reifen" WC="0.99" CC="900004002370"/>
						<SP ID="P4_SP00153" HPOS="370" VPOS="1847" WIDTH="40"/>
						<String ID="P4_ST00180" HPOS="410" VPOS="1788" WIDTH="128" HEIGHT="46" CONTENT="Frau" WC="0.95" CC="6925"/>
						<SP ID="P4_SP00154" HPOS="538" VPOS="1847" WIDTH="35"/>
						<String ID="P4_ST00181" HPOS="573" VPOS="1787" WIDTH="153" HEIGHT="48" CONTENT="fallen" WC="0.97" CC="516068"/>
						<SP ID="P4_SP00155" HPOS="726" VPOS="1847" WIDTH="34"/>
						<String ID="P4_ST00182" HPOS="760" VPOS="1789" WIDTH="86" HEIGHT="49" CONTENT="bei" WC="0.94" CC="096"/>
						<SP ID="P4_SP00156" HPOS="846" VPOS="1847" WIDTH="30"/>
						<String ID="P4_ST00183" HPOS="876" VPOS="1790" WIDTH="90" HEIGHT="48" CONTENT="der" WC="0.99" CC="020"/>
						<SP ID="P4_SP00157" HPOS="966" VPOS="1847" WIDTH="38"/>
						<String ID="P4_ST00184" HPOS="1004" VPOS="1790" WIDTH="338" HEIGHT="63" CONTENT="Betrachtung" WC="1.00" CC="27000000450"/>
						<SP ID="P4_SP00158" HPOS="1342" VPOS="1853" WIDTH="36"/>
						<String ID="P4_ST00185" HPOS="1378" VPOS="1793" WIDTH="167" HEIGHT="48" CONTENT="dieses" WC="0.99" CC="000570"/>
					</TextLine>
					<TextLine ID="P4_TL00027" HPOS="44" VPOS="1856" WIDTH="1500" HEIGHT="67">
						<String ID="P4_ST00186" HPOS="44" VPOS="1856" WIDTH="234" HEIGHT="62" CONTENT="Hauptes" WC="0.98" CC="6069010"/>
						<SP ID="P4_SP00159" HPOS="278" VPOS="1918" WIDTH="28"/>
						<String ID="P4_ST00187" HPOS="306" VPOS="1856" WIDTH="106" HEIGHT="61" CONTENT="auf," WC="0.98" CC="0802"/>
						<SP ID="P4_SP00160" HPOS="412" VPOS="1918" WIDTH="28"/>
						<String ID="P4_ST00188" HPOS="440" VPOS="1860" WIDTH="92" HEIGHT="46" CONTENT="mit" WC="0.97" CC="050"/>
						<SP ID="P4_SP00161" HPOS="532" VPOS="1918" WIDTH="27"/>
						<String ID="P4_ST00189" HPOS="559" VPOS="1859" WIDTH="115" HEIGHT="47" CONTENT="dem" WC="1.00" CC="000"/>
						<SP ID="P4_SP00162" HPOS="674" VPOS="1918" WIDTH="33"/>
						<String ID="P4_ST00190" HPOS="707" VPOS="1860" WIDTH="265" HEIGHT="47" CONTENT="Leonardo" WC="0.99" CC="03045700"/>
						<SP ID="P4_SP00163" HPOS="972" VPOS="1918" WIDTH="28"/>
						<String ID="P4_ST00191" HPOS="1000" VPOS="1862" WIDTH="147" HEIGHT="46" CONTENT="einen" WC="0.97" CC="74702"/>
						<SP ID="P4_SP00164" HPOS="1147" VPOS="1918" WIDTH="31"/>
						<String ID="P4_ST00192" HPOS="1178" VPOS="1876" WIDTH="164" HEIGHT="33" CONTENT="neuen" WC="0.97" CC="67404"/>
						<SP ID="P4_SP00165" HPOS="1342" VPOS="1918" WIDTH="30"/>
						<String ID="P4_ST00193" HPOS="1372" VPOS="1863" WIDTH="172" HEIGHT="60" CONTENT="Typus" WC="0.99" CC="30040"/>
					</TextLine>
					<TextLine ID="P4_TL00028" HPOS="41" VPOS="1924" WIDTH="1505" HEIGHT="67">
						<String ID="P4_ST00194" HPOS="41" VPOS="1924" WIDTH="205" HEIGHT="63" CONTENT="bildete," WC="0.99" CC="13805070"/>
						<SP ID="P4_SP00166" HPOS="246" VPOS="1987" WIDTH="63"/>
						<String ID="P4_ST00195" HPOS="309" VPOS="1938" WIDTH="102" HEIGHT="41" CONTENT="vion" WC="0.76" CC="0503"/>
						<SP ID="P4_SP00167" HPOS="411" VPOS="1987" WIDTH="61"/>
						<String ID="P4_ST00196" HPOS="472" VPOS="1928" WIDTH="227" HEIGHT="54" CONTENT="solChejm" WC="0.56" CC="90209380"/>
						<SP ID="P4_SP00168" HPOS="699" VPOS="1987" WIDTH="69"/>
						<String ID="P4_ST00197" HPOS="768" VPOS="1930" WIDTH="220" HEIGHT="61" CONTENT="Einfluß," WC="0.98" CC="70191404"/>
						<SP ID="P4_SP00169" HPOS="988" VPOS="1991" WIDTH="65"/>
						<String ID="P4_ST00198" HPOS="1053" VPOS="1931" WIDTH="98" HEIGHT="47" CONTENT="daß" WC="0.98" CC="050"/>
						<SP ID="P4_SP00170" HPOS="1151" VPOS="1991" WIDTH="64"/>
						<String ID="P4_ST00199" HPOS="1215" VPOS="1932" WIDTH="83" HEIGHT="47" CONTENT="die" WC="1.00" CC="010"/>
						<SP ID="P4_SP00171" HPOS="1298" VPOS="1991" WIDTH="66"/>
						<String ID="P4_ST00200" HPOS="1364" VPOS="1933" WIDTH="152" HEIGHT="49" CONTENT="Kunst" SUBS_TYPE="HypPart1" SUBS_CONTENT="Kunstgeschichte" WC="0.98" CC="02732"/>
						<HYP HPOS="1516" VPOS="1933" WIDTH="30" CONTENT="-"/>
					</TextLine>
					<TextLine ID="P4_TL00029" HPOS="42" VPOS="1995" WIDTH="1503" HEIGHT="68">
						<String ID="P4_ST00201" HPOS="42" VPOS="1995" WIDTH="289" HEIGHT="62" CONTENT="geschichte" SUBS_TYPE="HypPart2" SUBS_CONTENT="Kunstgeschichte" WC="0.99" CC="0707009107"/>
						<SP ID="P4_SP00172" HPOS="331" VPOS="2057" WIDTH="48"/>
						<String ID="P4_ST00202" HPOS="379" VPOS="1998" WIDTH="109" HEIGHT="49" CONTENT="hier" WC="0.98" CC="1800"/>
						<SP ID="P4_SP00173" HPOS="488" VPOS="2057" WIDTH="43"/>
						<String ID="P4_ST00203" HPOS="531" VPOS="2001" WIDTH="93" HEIGHT="46" CONTENT="mit" WC="0.99" CC="030"/>
						<SP ID="P4_SP00174" HPOS="624" VPOS="2057" WIDTH="43"/>
						<String ID="P4_ST00204" HPOS="667" VPOS="2004" WIDTH="140" HEIGHT="45" CONTENT="einer" WC="0.98" CC="90600"/>
						<SP ID="P4_SP00175" HPOS="807" VPOS="2057" WIDTH="45"/>
						<String ID="P4_ST00205" HPOS="852" VPOS="2015" WIDTH="164" HEIGHT="33" CONTENT="neuen" WC="0.98" CC="17105"/>
						<SP ID="P4_SP00176" HPOS="1016" VPOS="2057" WIDTH="49"/>
						<String ID="P4_ST00206" HPOS="1065" VPOS="2001" WIDTH="374" HEIGHT="62" CONTENT="Zeitrechnung" WC="0.99" CC="070080052330"/>
						<SP ID="P4_SP00177" HPOS="1439" VPOS="2063" WIDTH="43"/>
						<String ID="P4_ST00207" HPOS="1482" VPOS="2015" WIDTH="63" HEIGHT="37" CONTENT="-zu" WC="0.93" CC="775"/>
					</TextLine>
					<TextLine ID="P4_TL00030" HPOS="40" VPOS="2066" WIDTH="1507" HEIGHT="68">
						<String ID="P4_ST00208" HPOS="40" VPOS="2066" WIDTH="258" HEIGHT="61" CONTENT="beginnen" WC="0.98" CC="72044374"/>
						<SP ID="P4_SP00178" HPOS="298" VPOS="2127" WIDTH="70"/>
						<String ID="P4_ST00209" HPOS="368" VPOS="2067" WIDTH="107" HEIGHT="49" CONTENT="isiCh" WC="0.69" CC="70800"/>
						<SP ID="P4_SP00179" HPOS="475" VPOS="2127" WIDTH="75"/>
						<String ID="P4_ST00210" HPOS="550" VPOS="2071" WIDTH="235" HEIGHT="63" CONTENT="genötigt" WC="0.99" CC="03800390"/>
						<SP ID="P4_SP00180" HPOS="785" VPOS="2134" WIDTH="67"/>
						<String ID="P4_ST00211" HPOS="852" VPOS="2070" WIDTH="109" HEIGHT="49" CONTENT="sah." WC="0.98" CC="6004"/>
						<SP ID="P4_SP00181" HPOS="961" VPOS="2134" WIDTH="93"/>
						<String ID="P4_ST00212" HPOS="1054" VPOS="2072" WIDTH="152" HEIGHT="48" CONTENT="Hatte" WC="0.99" CC="70000"/>
						<SP ID="P4_SP00182" HPOS="1206" VPOS="2134" WIDTH="75"/>
						<String ID="P4_ST00213" HPOS="1281" VPOS="2072" WIDTH="106" HEIGHT="49" CONTENT="hier" WC="0.99" CC="0500"/>
						<SP ID="P4_SP00183" HPOS="1387" VPOS="2134" WIDTH="72"/>
						<String ID="P4_ST00214" HPOS="1459" VPOS="2073" WIDTH="88" HEIGHT="47" CONTENT="der" WC="0.95" CC="075"/>
					</TextLine>
					<TextLine ID="P4_TL00031" HPOS="40" VPOS="2136" WIDTH="1502" HEIGHT="66">
						<String ID="P4_ST00215" HPOS="40" VPOS="2136" WIDTH="401" HEIGHT="61" CONTENT="pantheistisChe" WC="0.61" CC="70400049905730"/>
						<SP ID="P4_SP00184" HPOS="441" VPOS="2197" WIDTH="65"/>
						<String ID="P4_ST00216" HPOS="506" VPOS="2136" WIDTH="289" HEIGHT="53" CONTENT="Pllatoniker" WC="0.70" CC="06837004000"/>
						<SP ID="P4_SP00185" HPOS="795" VPOS="2197" WIDTH="62"/>
						<String ID="P4_ST00217" HPOS="857" VPOS="2141" WIDTH="205" HEIGHT="61" CONTENT="geahnt," WC="0.99" CC="0004704"/>
						<SP ID="P4_SP00186" HPOS="1062" VPOS="2202" WIDTH="82"/>
						<String ID="P4_ST00218" HPOS="1144" VPOS="2142" WIDTH="99" HEIGHT="48" CONTENT="daß" WC="1.00" CC="000"/>
						<SP ID="P4_SP00187" HPOS="1243" VPOS="2202" WIDTH="64"/>
						<String ID="P4_ST00219" HPOS="1307" VPOS="2158" WIDTH="56" HEIGHT="31" CONTENT="er" WC="1.00" CC="00"/>
						<SP ID="P4_SP00188" HPOS="1363" VPOS="2202" WIDTH="62"/>
						<String ID="P4_ST00220" HPOS="1425" VPOS="2147" WIDTH="117" HEIGHT="45" CONTENT="Viom" WC="0.36" CC="7709"/>
					</TextLine>
					<TextLine ID="P4_TL00032" HPOS="44" VPOS="2205" WIDTH="1502" HEIGHT="66">
						<String ID="P4_ST00221" HPOS="44" VPOS="2205" WIDTH="140" HEIGHT="49" CONTENT="Ideal" WC="0.98" CC="60008"/>
						<SP ID="P4_SP00189" HPOS="184" VPOS="2254" WIDTH="37"/>
						<String ID="P4_ST00222" HPOS="221" VPOS="2222" WIDTH="96" HEIGHT="33" CONTENT="nur" WC="0.96" CC="440"/>
						<SP ID="P4_SP00190" HPOS="317" VPOS="2255" WIDTH="37"/>
						<String ID="P4_ST00223" HPOS="354" VPOS="2211" WIDTH="82" HEIGHT="46" CONTENT="ein" WC="0.96" CC="035"/>
						<SP ID="P4_SP00191" HPOS="436" VPOS="2257" WIDTH="43"/>
						<String ID="P4_ST00224" HPOS="479" VPOS="2210" WIDTH="365" HEIGHT="48" CONTENT="romantisches" WC="1.00" CC="020000525003"/>
						<SP ID="P4_SP00192" HPOS="844" VPOS="2258" WIDTH="43"/>
						<String ID="P4_ST00225" HPOS="887" VPOS="2210" WIDTH="201" HEIGHT="61" CONTENT="Abbild," WC="0.99" CC="0060504"/>
						<SP ID="P4_SP00193" HPOS="1088" VPOS="2271" WIDTH="42"/>
						<String ID="P4_ST00226" HPOS="1130" VPOS="2215" WIDTH="147" HEIGHT="48" CONTENT="einen" WC="0.98" CC="63070"/>
						<SP ID="P4_SP00194" HPOS="1277" VPOS="2271" WIDTH="43"/>
						<String ID="P4_ST00227" HPOS="1320" VPOS="2214" WIDTH="148" HEIGHT="49" CONTENT="Wied" WC="0.99" CC="0400"/>
						<SP ID="P4_SP00195" HPOS="1468" VPOS="2271" WIDTH="6"/>
						<String ID="P4_ST00228" HPOS="1474" VPOS="2228" WIDTH="48" HEIGHT="32" CONTENT="er" SUBS_TYPE="HypPart1" SUBS_CONTENT="erschein" WC="0.97" CC="05"/>
						<HYP HPOS="1522" VPOS="2228" WIDTH="24" CONTENT="-"/>
					</TextLine>
					<TextLine ID="P4_TL00033" HPOS="40" VPOS="2275" WIDTH="1504" HEIGHT="68">
						<String ID="P4_ST00229" HPOS="40" VPOS="2276" WIDTH="175" HEIGHT="50" CONTENT="schein" SUBS_TYPE="HypPart2" SUBS_CONTENT="erschein" WC="0.97" CC="940256"/>
						<SP ID="P4_SP00196" HPOS="215" VPOS="2326" WIDTH="31"/>
						<String ID="P4_ST00230" HPOS="246" VPOS="2275" WIDTH="168" HEIGHT="64" CONTENT="geben" WC="0.96" CC="90925"/>
						<SP ID="P4_SP00197" HPOS="414" VPOS="2339" WIDTH="30"/>
						<String ID="P4_ST00231" HPOS="444" VPOS="2278" WIDTH="203" HEIGHT="49" CONTENT="konnte." WC="0.99" CC="0005092"/>
						<SP ID="P4_SP00198" HPOS="647" VPOS="2339" WIDTH="65"/>
						<String ID="P4_ST00232" HPOS="712" VPOS="2280" WIDTH="65" HEIGHT="47" CONTENT="Er" WC="0.70" CC="41"/>
						<SP ID="P4_SP00199" HPOS="777" VPOS="2339" WIDTH="27"/>
						<String ID="P4_ST00233" HPOS="804" VPOS="2280" WIDTH="109" HEIGHT="60" CONTENT="sah," WC="0.98" CC="5004"/>
						<SP ID="P4_SP00200" HPOS="913" VPOS="2340" WIDTH="32"/>
						<String ID="P4_ST00234" HPOS="945" VPOS="2281" WIDTH="94" HEIGHT="48" CONTENT="das" WC="1.00" CC="000"/>
						<SP ID="P4_SP00201" HPOS="1039" VPOS="2340" WIDTH="36"/>
						<String ID="P4_ST00235" HPOS="1075" VPOS="2281" WIDTH="469" HEIGHT="62" CONTENT="Höchstmögliche," WC="0.99" CC="607009000806774"/>
					</TextLine>
					<TextLine ID="P4_TL00034" HPOS="44" VPOS="2345" WIDTH="1499" HEIGHT="68">
						<String ID="P4_ST00236" HPOS="44" VPOS="2345" WIDTH="148" HEIGHT="51" CONTENT="letzte" WC="0.97" CC="840571"/>
						<SP ID="P4_SP00202" HPOS="192" VPOS="2396" WIDTH="29"/>
						<String ID="P4_ST00237" HPOS="221" VPOS="2347" WIDTH="324" HEIGHT="49" CONTENT="Erreichbare" WC="0.99" CC="62703700086"/>
						<SP ID="P4_SP00203" HPOS="545" VPOS="2396" WIDTH="24"/>
						<String ID="P4_ST00238" HPOS="569" VPOS="2364" WIDTH="108" HEIGHT="32" CONTENT="war" WC="0.99" CC="030"/>
						<SP ID="P4_SP00204" HPOS="677" VPOS="2396" WIDTH="24"/>
						<String ID="P4_ST00239" HPOS="701" VPOS="2350" WIDTH="91" HEIGHT="47" CONTENT="der" WC="0.97" CC="070"/>
						<SP ID="P4_SP00205" HPOS="792" VPOS="2397" WIDTH="25"/>
						<String ID="P4_ST00240" HPOS="817" VPOS="2350" WIDTH="265" HEIGHT="49" CONTENT="Ausdruck" WC="1.00" CC="00000400"/>
						<SP ID="P4_SP00206" HPOS="1082" VPOS="2399" WIDTH="28"/>
						<String ID="P4_ST00241" HPOS="1110" VPOS="2354" WIDTH="140" HEIGHT="46" CONTENT="eines" WC="0.98" CC="20650"/>
						<SP ID="P4_SP00207" HPOS="1250" VPOS="2400" WIDTH="29"/>
						<String ID="P4_ST00242" HPOS="1279" VPOS="2352" WIDTH="264" HEIGHT="61" CONTENT="Gefühles," WC="0.99" CC="079024020"/>
					</TextLine>
					<TextLine ID="P4_TL00035" HPOS="44" VPOS="2417" WIDTH="1502" HEIGHT="67">
						<String ID="P4_ST00243" HPOS="44" VPOS="2418" WIDTH="138" HEIGHT="46" CONTENT="einer" WC="0.99" CC="04600"/>
						<SP ID="P4_SP00208" HPOS="182" VPOS="2464" WIDTH="41"/>
						<String ID="P4_ST00244" HPOS="223" VPOS="2417" WIDTH="359" HEIGHT="62" CONTENT="Empfindung." WC="0.99" CC="70044703103"/>
						<SP ID="P4_SP00209" HPOS="582" VPOS="2479" WIDTH="70"/>
						<String ID="P4_ST00245" HPOS="652" VPOS="2419" WIDTH="69" HEIGHT="48" CONTENT="So" WC="1.00" CC="00"/>
						<SP ID="P4_SP00210" HPOS="721" VPOS="2479" WIDTH="40"/>
						<String ID="P4_ST00246" HPOS="761" VPOS="2419" WIDTH="138" HEIGHT="49" CONTENT="hatte" WC="0.98" CC="70007"/>
						<SP ID="P4_SP00211" HPOS="899" VPOS="2479" WIDTH="37"/>
						<String ID="P4_ST00247" HPOS="936" VPOS="2436" WIDTH="57" HEIGHT="32" CONTENT="er" WC="0.63" CC="70"/>
						<SP ID="P4_SP00212" HPOS="993" VPOS="2479" WIDTH="37"/>
						<String ID="P4_ST00248" HPOS="1030" VPOS="2423" WIDTH="174" HEIGHT="46" CONTENT="seinen" WC="0.99" CC="000374"/>
						<SP ID="P4_SP00213" HPOS="1204" VPOS="2479" WIDTH="44"/>
						<String ID="P4_ST00249" HPOS="1248" VPOS="2423" WIDTH="265" HEIGHT="61" CONTENT="Ausgangs" SUBS_TYPE="HypPart1" SUBS_CONTENT="Ausgangspunkt" WC="1.00" CC="03000200"/>
						<HYP HPOS="1513" VPOS="2423" WIDTH="33" CONTENT="-"/>
					</TextLine>
					<TextLine ID="P4_TL00036" HPOS="41" VPOS="2486" WIDTH="1502" HEIGHT="64">
						<String ID="P4_ST00250" HPOS="41" VPOS="2486" WIDTH="162" HEIGHT="64" CONTENT="punkt" SUBS_TYPE="HypPart2" SUBS_CONTENT="Ausgangspunkt" WC="0.97" CC="88400"/>
						<SP ID="P4_SP00214" HPOS="203" VPOS="2550" WIDTH="51"/>
						<String ID="P4_ST00251" HPOS="254" VPOS="2488" WIDTH="468" HEIGHT="61" CONTENT="wiedergefunden." WC="1.00" CC="077000003500084"/>
						<SP ID="P4_SP00215" HPOS="722" VPOS="2550" WIDTH="79"/>
						<String ID="P4_ST00252" HPOS="801" VPOS="2490" WIDTH="157" HEIGHT="48" CONTENT="Sollte" WC="0.99" CC="005000"/>
						<SP ID="P4_SP00216" HPOS="958" VPOS="2550" WIDTH="52"/>
						<String ID="P4_ST00253" HPOS="1010" VPOS="2506" WIDTH="54" HEIGHT="32" CONTENT="er" WC="0.71" CC="05"/>
						<SP ID="P4_SP00217" HPOS="1064" VPOS="2550" WIDTH="50"/>
						<String ID="P4_ST00254" HPOS="1114" VPOS="2491" WIDTH="250" HEIGHT="49" CONTENT="nunmehr" WC="0.99" CC="4540002"/>
						<SP ID="P4_SP00218" HPOS="1364" VPOS="2550" WIDTH="64"/>
						<String ID="P4_ST00255" HPOS="1428" VPOS="2494" WIDTH="115" HEIGHT="46" CONTENT="dem" WC="0.97" CC="070"/>
					</TextLine>
					<TextLine ID="P4_TL00037" HPOS="44" VPOS="2556" WIDTH="1501" HEIGHT="66">
						<String ID="P4_ST00256" HPOS="44" VPOS="2556" WIDTH="332" HEIGHT="61" CONTENT="Denkenden," WC="0.98" CC="8230730774"/>
						<SP ID="P4_SP00219" HPOS="376" VPOS="2617" WIDTH="52"/>
						<String ID="P4_ST00257" HPOS="428" VPOS="2559" WIDTH="279" HEIGHT="60" CONTENT="Logischen" WC="0.99" CC="000176276"/>
						<SP ID="P4_SP00220" HPOS="707" VPOS="2619" WIDTH="55"/>
						<String ID="P4_ST00258" HPOS="762" VPOS="2562" WIDTH="48" HEIGHT="45" CONTENT="in" WC="0.69" CC="41"/>
						<SP ID="P4_SP00221" HPOS="810" VPOS="2619" WIDTH="51"/>
						<String ID="P4_ST00259" HPOS="861" VPOS="2560" WIDTH="105" HEIGHT="48" CONTENT="sich" WC="0.97" CC="0065"/>
						<SP ID="P4_SP00222" HPOS="966" VPOS="2619" WIDTH="52"/>
						<String ID="P4_ST00260" HPOS="1018" VPOS="2558" WIDTH="191" HEIGHT="64" CONTENT="folgen," WC="0.98" CC="3080704"/>
						<SP ID="P4_SP00223" HPOS="1209" VPOS="2622" WIDTH="52"/>
						<String ID="P4_ST00261" HPOS="1261" VPOS="2577" WIDTH="59" HEIGHT="33" CONTENT="so" WC="0.50" CC="09"/>
						<SP ID="P4_SP00224" HPOS="1320" VPOS="2622" WIDTH="50"/>
						<String ID="P4_ST00262" HPOS="1370" VPOS="2563" WIDTH="175" HEIGHT="48" CONTENT="mußte" WC="0.97" CC="95005"/>
					</TextLine>
					<TextLine ID="P4_TL00038" HPOS="44" VPOS="2627" WIDTH="1498" HEIGHT="61">
						<String ID="P4_ST00263" HPOS="44" VPOS="2640" WIDTH="54" HEIGHT="33" CONTENT="er" WC="1.00" CC="00"/>
						<SP ID="P4_SP00225" HPOS="98" VPOS="2673" WIDTH="47"/>
						<String ID="P4_ST00264" HPOS="145" VPOS="2627" WIDTH="231" HEIGHT="61" CONTENT="episCher" WC="0.85" CC="00407000"/>
						<SP ID="P4_SP00226" HPOS="376" VPOS="2688" WIDTH="51"/>
						<String ID="P4_ST00265" HPOS="427" VPOS="2628" WIDTH="221" HEIGHT="49" CONTENT="werden." WC="0.99" CC="0000753"/>
						<SP ID="P4_SP00227" HPOS="648" VPOS="2688" WIDTH="82"/>
						<String ID="P4_ST00266" HPOS="730" VPOS="2630" WIDTH="166" HEIGHT="47" CONTENT="Wenn" WC="0.98" CC="0046"/>
						<SP ID="P4_SP00228" HPOS="896" VPOS="2688" WIDTH="54"/>
						<String ID="P4_ST00267" HPOS="950" VPOS="2645" WIDTH="54" HEIGHT="33" CONTENT="er" WC="0.86" CC="20"/>
						<SP ID="P4_SP00229" HPOS="1004" VPOS="2688" WIDTH="48"/>
						<String ID="P4_ST00268" HPOS="1052" VPOS="2631" WIDTH="107" HEIGHT="47" CONTENT="sich" WC="0.98" CC="0307"/>
						<SP ID="P4_SP00230" HPOS="1159" VPOS="2688" WIDTH="51"/>
						<String ID="P4_ST00269" HPOS="1210" VPOS="2633" WIDTH="92" HEIGHT="46" CONTENT="mit" WC="1.00" CC="000"/>
						<SP ID="P4_SP00231" HPOS="1302" VPOS="2688" WIDTH="52"/>
						<String ID="P4_ST00270" HPOS="1354" VPOS="2637" WIDTH="188" HEIGHT="45" CONTENT="seinem" WC="0.99" CC="046400"/>
					</TextLine>
					<TextLine ID="P4_TL00039" HPOS="42" VPOS="2696" WIDTH="1500" HEIGHT="67">
						<String ID="P4_ST00271" HPOS="42" VPOS="2696" WIDTH="412" HEIGHT="61" CONTENT="phantastischen" WC="1.00" CC="00000052009343"/>
						<SP ID="P4_SP00232" HPOS="454" VPOS="2757" WIDTH="47"/>
						<String ID="P4_ST00272" HPOS="501" VPOS="2699" WIDTH="156" HEIGHT="61" CONTENT="Hang" WC="0.99" CC="7000"/>
						<SP ID="P4_SP00233" HPOS="657" VPOS="2760" WIDTH="39"/>
						<String ID="P4_ST00273" HPOS="696" VPOS="2699" WIDTH="116" HEIGHT="47" CONTENT="dem" WC="0.90" CC="979"/>
						<SP ID="P4_SP00234" HPOS="812" VPOS="2760" WIDTH="45"/>
						<String ID="P4_ST00274" HPOS="857" VPOS="2700" WIDTH="197" HEIGHT="48" CONTENT="Gefühl" WC="0.97" CC="676008"/>
						<SP ID="P4_SP00235" HPOS="1054" VPOS="2760" WIDTH="40"/>
						<String ID="P4_ST00275" HPOS="1094" VPOS="2703" WIDTH="289" HEIGHT="60" CONTENT="unterwarf," WC="0.99" CC="6060000034"/>
						<SP ID="P4_SP00236" HPOS="1383" VPOS="2763" WIDTH="45"/>
						<String ID="P4_ST00276" HPOS="1428" VPOS="2703" WIDTH="114" HEIGHT="48" CONTENT="kam" WC="1.00" CC="000"/>
					</TextLine>
					<TextLine ID="P4_TL00040" HPOS="41" VPOS="2765" WIDTH="1506" HEIGHT="64">
						<String ID="P4_ST00277" HPOS="41" VPOS="2781" WIDTH="56" HEIGHT="33" CONTENT="er" WC="0.64" CC="70"/>
						<SP ID="P4_SP00237" HPOS="97" VPOS="2814" WIDTH="29"/>
						<String ID="P4_ST00278" HPOS="126" VPOS="2768" WIDTH="51" HEIGHT="46" CONTENT="in" WC="0.41" CC="47"/>
						<SP ID="P4_SP00238" HPOS="177" VPOS="2814" WIDTH="27"/>
						<String ID="P4_ST00279" HPOS="204" VPOS="2765" WIDTH="101" HEIGHT="50" CONTENT="den" WC="0.91" CC="977"/>
						<SP ID="P4_SP00239" HPOS="305" VPOS="2815" WIDTH="35"/>
						<String ID="P4_ST00280" HPOS="340" VPOS="2767" WIDTH="140" HEIGHT="48" CONTENT="Bann" WC="0.97" CC="5071"/>
						<SP ID="P4_SP00240" HPOS="480" VPOS="2815" WIDTH="30"/>
						<String ID="P4_ST00281" HPOS="510" VPOS="2766" WIDTH="92" HEIGHT="50" CONTENT="des" WC="0.94" CC="907"/>
						<SP ID="P4_SP00241" HPOS="602" VPOS="2816" WIDTH="33"/>
						<String ID="P4_ST00282" HPOS="635" VPOS="2770" WIDTH="362" HEIGHT="59" CONTENT="Mystizismus." WC="1.00" CC="000000700404"/>
						<SP ID="P4_SP00242" HPOS="997" VPOS="2829" WIDTH="36"/>
						<String ID="P4_ST00283" HPOS="1033" VPOS="2771" WIDTH="171" HEIGHT="48" CONTENT="Davor" WC="1.00" CC="00000"/>
						<SP ID="P4_SP00243" HPOS="1204" VPOS="2829" WIDTH="30"/>
						<String ID="P4_ST00284" HPOS="1234" VPOS="2772" WIDTH="89" HEIGHT="48" CONTENT="hat" WC="0.97" CC="700"/>
						<SP ID="P4_SP00244" HPOS="1323" VPOS="2829" WIDTH="27"/>
						<String ID="P4_ST00285" HPOS="1350" VPOS="2772" WIDTH="86" HEIGHT="49" CONTENT="ihn" WC="0.98" CC="203"/>
						<SP ID="P4_SP00245" HPOS="1436" VPOS="2829" WIDTH="31"/>
						<String ID="P4_ST00286" HPOS="1467" VPOS="2774" WIDTH="80" HEIGHT="47" CONTENT="die" WC="0.99" CC="003"/>
					</TextLine>
					<TextLine ID="P4_TL00041" HPOS="44" VPOS="2835" WIDTH="1502" HEIGHT="69">
						<String ID="P4_ST00287" HPOS="44" VPOS="2835" WIDTH="202" HEIGHT="50" CONTENT="Gewalt" WC="0.98" CC="600059"/>
						<SP ID="P4_SP00246" HPOS="246" VPOS="2885" WIDTH="29"/>
						<String ID="P4_ST00288" HPOS="275" VPOS="2840" WIDTH="168" HEIGHT="46" CONTENT="seines" WC="0.98" CC="070116"/>
						<SP ID="P4_SP00247" HPOS="443" VPOS="2886" WIDTH="32"/>
						<String ID="P4_ST00289" HPOS="475" VPOS="2838" WIDTH="311" HEIGHT="49" CONTENT="weltvveisen" WC="0.61" CC="07306783500"/>
						<SP ID="P4_SP00248" HPOS="786" VPOS="2887" WIDTH="35"/>
						<String ID="P4_ST00290" HPOS="821" VPOS="2840" WIDTH="239" HEIGHT="48" CONTENT="Denkens" WC="0.98" CC="0180750"/>
						<SP ID="P4_SP00249" HPOS="1060" VPOS="2888" WIDTH="33"/>
						<String ID="P4_ST00291" HPOS="1093" VPOS="2842" WIDTH="104" HEIGHT="46" CONTENT="und" WC="0.97" CC="430"/>
						<SP ID="P4_SP00250" HPOS="1197" VPOS="2888" WIDTH="31"/>
						<String ID="P4_ST00292" HPOS="1228" VPOS="2842" WIDTH="82" HEIGHT="47" CONTENT="die" WC="0.96" CC="047"/>
						<SP ID="P4_SP00251" HPOS="1310" VPOS="2889" WIDTH="33"/>
						<String ID="P4_ST00293" HPOS="1343" VPOS="2843" WIDTH="170" HEIGHT="61" CONTENT="Gegen" SUBS_TYPE="HypPart1" SUBS_CONTENT="Gegenständlichkeit" WC="0.98" CC="60075"/>
						<HYP HPOS="1513" VPOS="2843" WIDTH="33" CONTENT="-"/>
					</TextLine>
					<TextLine ID="P4_TL00042" HPOS="40" VPOS="2904" WIDTH="1503" HEIGHT="67">
						<String ID="P4_ST00294" HPOS="40" VPOS="2904" WIDTH="356" HEIGHT="51" CONTENT="ständlichkeit" SUBS_TYPE="HypPart2" SUBS_CONTENT="Gegenständlichkeit" WC="0.99" CC="5005080790600"/>
						<SP ID="P4_SP00252" HPOS="396" VPOS="2955" WIDTH="43"/>
						<String ID="P4_ST00295" HPOS="439" VPOS="2910" WIDTH="169" HEIGHT="46" CONTENT="seines" WC="0.97" CC="674373"/>
						<SP ID="P4_SP00253" HPOS="608" VPOS="2956" WIDTH="53"/>
						<String ID="P4_ST00296" HPOS="661" VPOS="2909" WIDTH="279" HEIGHT="49" CONTENT="Forschens" WC="0.99" CC="760060730"/>
						<SP ID="P4_SP00254" HPOS="940" VPOS="2958" WIDTH="47"/>
						<String ID="P4_ST00297" HPOS="987" VPOS="2911" WIDTH="287" HEIGHT="60" CONTENT="geschützt;" WC="0.99" CC="0027000090"/>
						<SP ID="P4_SP00255" HPOS="1274" VPOS="2971" WIDTH="50"/>
						<String ID="P4_ST00298" HPOS="1324" VPOS="2927" WIDTH="94" HEIGHT="33" CONTENT="nur" WC="0.97" CC="260"/>
						<SP ID="P4_SP00256" HPOS="1418" VPOS="2971" WIDTH="45"/>
						<String ID="P4_ST00299" HPOS="1463" VPOS="2914" WIDTH="80" HEIGHT="49" CONTENT="die" WC="0.96" CC="047"/>
					</TextLine>
					<TextLine ID="P4_TL00043" HPOS="42" VPOS="2976" WIDTH="1502" HEIGHT="67">
						<String ID="P4_ST00300" HPOS="42" VPOS="2976" WIDTH="151" HEIGHT="49" CONTENT="Wahl" WC="0.98" CC="0044"/>
						<String ID="P4_ST00301" HPOS="193" VPOS="2976" WIDTH="3" HEIGHT="67" CONTENT="1" STYLE="superscript" WC="0.58" CC="4"/>
						<SP ID="P4_SP00257" HPOS="196" VPOS="3043" WIDTH="22"/>
						<String ID="P4_ST00302" HPOS="218" VPOS="2980" WIDTH="167" HEIGHT="45" CONTENT="seiner" WC="0.98" CC="500370"/>
						<SP ID="P4_SP00258" HPOS="385" VPOS="3043" WIDTH="27"/>
						<String ID="P4_ST00303" HPOS="412" VPOS="2976" WIDTH="273" HEIGHT="50" CONTENT="Vorwürfe" WC="0.99" CC="00400090"/>
						<SP ID="P4_SP00259" HPOS="685" VPOS="3043" WIDTH="22"/>
						<String ID="P4_ST00304" HPOS="707" VPOS="2982" WIDTH="162" HEIGHT="45" CONTENT="verrät" WC="1.00" CC="000400"/>
						<SP ID="P4_SP00260" HPOS="869" VPOS="3043" WIDTH="24"/>
						<String ID="P4_ST00305" HPOS="893" VPOS="2981" WIDTH="112" HEIGHT="46" CONTENT="eine" WC="0.95" CC="6176"/>
						<SP ID="P4_SP00261" HPOS="1005" VPOS="3043" WIDTH="30"/>
						<String ID="P4_ST00306" HPOS="1035" VPOS="2981" WIDTH="318" HEIGHT="62" CONTENT="Bestärkung" WC="0.99" CC="3070000670"/>
						<SP ID="P4_SP00262" HPOS="1353" VPOS="3043" WIDTH="23"/>
						<String ID="P4_ST00307" HPOS="1376" VPOS="2983" WIDTH="168" HEIGHT="48" CONTENT="dieses" WC="0.99" CC="007400"/>
					</TextLine>
					<TextLine ID="P4_TL00044" HPOS="40" VPOS="3046" WIDTH="1506" HEIGHT="56">
						<String ID="P4_ST00308" HPOS="40" VPOS="3046" WIDTH="158" HEIGHT="48" CONTENT="durCh" WC="0.52" CC="07195"/>
						<SP ID="P4_SP00263" HPOS="198" VPOS="3094" WIDTH="34"/>
						<String ID="P4_ST00309" HPOS="232" VPOS="3046" WIDTH="189" HEIGHT="49" CONTENT="Fühlen" WC="0.98" CC="504842"/>
						<SP ID="P4_SP00264" HPOS="421" VPOS="3095" WIDTH="31"/>
						<String ID="P4_ST00310" HPOS="452" VPOS="3049" WIDTH="500" HEIGHT="48" CONTENT="weiterarbeitenden" WC="0.99" CC="04204302079073075"/>
						<SP ID="P4_SP00265" HPOS="952" VPOS="3097" WIDTH="29"/>
						<String ID="P4_ST00311" HPOS="981" VPOS="3051" WIDTH="223" HEIGHT="48" CONTENT="Triebes." WC="0.99" CC="00009704"/>
						<SP ID="P4_SP00266" HPOS="1204" VPOS="3099" WIDTH="61"/>
						<String ID="P4_ST00312" HPOS="1265" VPOS="3052" WIDTH="145" HEIGHT="49" CONTENT="Doch" WC="0.97" CC="0471"/>
						<SP ID="P4_SP00267" HPOS="1410" VPOS="3101" WIDTH="29"/>
						<String ID="P4_ST00313" HPOS="1439" VPOS="3067" WIDTH="107" HEIGHT="35" CONTENT="war" WC="1.00" CC="000"/>
					</TextLine>
					<TextLine ID="P4_TL00045" HPOS="39" VPOS="3119" WIDTH="1502" HEIGHT="63">
						<String ID="P4_ST00314" HPOS="39" VPOS="3119" WIDTH="130" HEIGHT="48" CONTENT="noch" WC="0.94" CC="0979"/>
						<SP ID="P4_SP00268" HPOS="169" VPOS="3167" WIDTH="43"/>
						<String ID="P4_ST00315" HPOS="212" VPOS="3120" WIDTH="94" HEIGHT="52" CONTENT="(der" WC="0.97" CC="3061"/>
						<SP ID="P4_SP00269" HPOS="306" VPOS="3172" WIDTH="50"/>
						<String ID="P4_ST00316" HPOS="356" VPOS="3120" WIDTH="183" HEIGHT="60" CONTENT="Epiker" WC="0.99" CC="600070"/>
						<SP ID="P4_SP00270" HPOS="539" VPOS="3180" WIDTH="46"/>
						<String ID="P4_ST00317" HPOS="585" VPOS="3123" WIDTH="50" HEIGHT="47" CONTENT="in" WC="0.48" CC="63"/>
						<SP ID="P4_SP00271" HPOS="635" VPOS="3180" WIDTH="46"/>
						<String ID="P4_ST00318" HPOS="681" VPOS="3121" WIDTH="93" HEIGHT="47" CONTENT="der" WC="0.92" CC="992"/>
						<SP ID="P4_SP00272" HPOS="774" VPOS="3180" WIDTH="49"/>
						<String ID="P4_ST00319" HPOS="823" VPOS="3122" WIDTH="354" HEIGHT="60" CONTENT="UebermaCht," WC="0.65" CC="00709027424"/>
						<SP ID="P4_SP00273" HPOS="1177" VPOS="3182" WIDTH="49"/>
						<String ID="P4_ST00320" HPOS="1226" VPOS="3123" WIDTH="75" HEIGHT="47" CONTENT="als" WC="0.97" CC="071"/>
						<SP ID="P4_SP00274" HPOS="1301" VPOS="3182" WIDTH="51"/>
						<String ID="P4_ST00321" HPOS="1352" VPOS="3138" WIDTH="51" HEIGHT="32" CONTENT="er" WC="1.00" CC="00"/>
						<SP ID="P4_SP00275" HPOS="1403" VPOS="3182" WIDTH="46"/>
						<String ID="P4_ST00322" HPOS="1449" VPOS="3124" WIDTH="92" HEIGHT="46" CONTENT="das" WC="0.95" CC="076"/>
					</TextLine>
					<TextLine ID="P4_TL00046" HPOS="44" VPOS="3191" WIDTH="895" HEIGHT="51">
						<String ID="P4_ST00323" HPOS="44" VPOS="3191" WIDTH="110" HEIGHT="49" CONTENT="Bild" WC="0.96" CC="4059"/>
						<SP ID="P4_SP00276" HPOS="154" VPOS="3240" WIDTH="37"/>
						<String ID="P4_ST00324" HPOS="191" VPOS="3192" WIDTH="91" HEIGHT="48" CONTENT="der" WC="1.00" CC="000"/>
						<SP ID="P4_SP00277" HPOS="282" VPOS="3240" WIDTH="38"/>
						<String ID="P4_ST00325" HPOS="320" VPOS="3193" WIDTH="113" HEIGHT="48" CONTENT="Lisa" WC="0.99" CC="0302"/>
						<SP ID="P4_SP00278" HPOS="433" VPOS="3241" WIDTH="41"/>
						<String ID="P4_ST00326" HPOS="474" VPOS="3192" WIDTH="266" HEIGHT="49" CONTENT="GioConda" WC="0.79" CC="74000004"/>
						<SP ID="P4_SP00279" HPOS="740" VPOS="3241" WIDTH="37"/>
						<String ID="P4_ST00327" HPOS="777" VPOS="3193" WIDTH="162" HEIGHT="49" CONTENT="schuf." WC="0.98" CC="090373"/>
					</TextLine>
					<TextLine ID="P4_TL00047" HPOS="782" VPOS="3296" WIDTH="23" HEIGHT="25">
						<String ID="P4_ST00328" HPOS="782" VPOS="3296" WIDTH="23" HEIGHT="25" CONTENT="*" WC="0.64" CC="3"/>
					</TextLine>
					<TextLine ID="P4_TL00048" HPOS="171" VPOS="3376" WIDTH="1374" HEIGHT="62">
						<String ID="P4_ST00329" HPOS="171" VPOS="3376" WIDTH="122" HEIGHT="48" CONTENT="Eine" WC="0.97" CC="6450"/>
						<SP ID="P4_SP00280" HPOS="293" VPOS="3424" WIDTH="40"/>
						<String ID="P4_ST00330" HPOS="333" VPOS="3377" WIDTH="254" HEIGHT="47" CONTENT="steinerne" WC="0.98" CC="757327070"/>
						<SP ID="P4_SP00281" HPOS="587" VPOS="3424" WIDTH="46"/>
						<String ID="P4_ST00331" HPOS="633" VPOS="3378" WIDTH="193" HEIGHT="60" CONTENT="Loggia" WC="0.99" CC="020040"/>
						<SP ID="P4_SP00282" HPOS="826" VPOS="3438" WIDTH="44"/>
						<String ID="P4_ST00332" HPOS="870" VPOS="3379" WIDTH="112" HEIGHT="59" CONTENT="ragt" WC="0.99" CC="0500"/>
						<SP ID="P4_SP00283" HPOS="982" VPOS="3438" WIDTH="40"/>
						<String ID="P4_ST00333" HPOS="1022" VPOS="3379" WIDTH="93" HEIGHT="48" CONTENT="mit" WC="0.99" CC="010"/>
						<SP ID="P4_SP00284" HPOS="1115" VPOS="3438" WIDTH="39"/>
						<String ID="P4_ST00334" HPOS="1154" VPOS="3378" WIDTH="89" HEIGHT="46" CONTENT="der" WC="0.97" CC="070"/>
						<SP ID="P4_SP00285" HPOS="1243" VPOS="3438" WIDTH="46"/>
						<String ID="P4_ST00335" HPOS="1289" VPOS="3377" WIDTH="256" HEIGHT="61" CONTENT="Brüstung" WC="0.99" CC="04000650"/>
					</TextLine>
					<TextLine ID="P4_TL00049" HPOS="44" VPOS="3445" WIDTH="1500" HEIGHT="63">
						<String ID="P4_ST00336" HPOS="44" VPOS="3445" WIDTH="125" HEIGHT="48" CONTENT="nach" WC="0.97" CC="7070"/>
						<SP ID="P4_SP00286" HPOS="169" VPOS="3493" WIDTH="39"/>
						<String ID="P4_ST00337" HPOS="208" VPOS="3445" WIDTH="293" HEIGHT="49" CONTENT="Nordosten" WC="0.98" CC="020976357"/>
						<SP ID="P4_SP00287" HPOS="501" VPOS="3494" WIDTH="38"/>
						<String ID="P4_ST00338" HPOS="539" VPOS="3462" WIDTH="166" HEIGHT="46" CONTENT="gegen" WC="0.99" CC="00025"/>
						<SP ID="P4_SP00288" HPOS="705" VPOS="3508" WIDTH="35"/>
						<String ID="P4_ST00339" HPOS="740" VPOS="3447" WIDTH="83" HEIGHT="48" CONTENT="die" WC="0.99" CC="010"/>
						<SP ID="P4_SP00289" HPOS="823" VPOS="3508" WIDTH="38"/>
						<String ID="P4_ST00340" HPOS="861" VPOS="3445" WIDTH="128" HEIGHT="61" CONTENT="Luft," WC="0.98" CC="04600"/>
						<SP ID="P4_SP00290" HPOS="989" VPOS="3508" WIDTH="38"/>
						<String ID="P4_ST00341" HPOS="1027" VPOS="3446" WIDTH="84" HEIGHT="49" CONTENT="die" WC="1.00" CC="000"/>
						<SP ID="P4_SP00291" HPOS="1111" VPOS="3508" WIDTH="35"/>
						<String ID="P4_ST00342" HPOS="1146" VPOS="3475" WIDTH="59" HEIGHT="5" CONTENT="—" WC="0.20" CC="8"/>
						<SP ID="P4_SP00292" HPOS="1205" VPOS="3508" WIDTH="35"/>
						<String ID="P4_ST00343" HPOS="1240" VPOS="3462" WIDTH="53" HEIGHT="32" CONTENT="es" WC="0.67" CC="60"/>
						<SP ID="P4_SP00293" HPOS="1293" VPOS="3508" WIDTH="39"/>
						<String ID="P4_ST00344" HPOS="1332" VPOS="3448" WIDTH="66" HEIGHT="47" CONTENT="ist" WC="1.00" CC="000"/>
						<SP ID="P4_SP00294" HPOS="1398" VPOS="3508" WIDTH="35"/>
						<String ID="P4_ST00345" HPOS="1433" VPOS="3450" WIDTH="111" HEIGHT="46" CONTENT="eine" WC="0.96" CC="9034"/>
					</TextLine>
					<TextLine ID="P4_TL00050" HPOS="42" VPOS="3515" WIDTH="1504" HEIGHT="63">
						<String ID="P4_ST00346" HPOS="42" VPOS="3516" WIDTH="193" HEIGHT="47" CONTENT="Stunde" WC="0.99" CC="005500"/>
						<SP ID="P4_SP00295" HPOS="235" VPOS="3563" WIDTH="36"/>
						<String ID="P4_ST00347" HPOS="271" VPOS="3527" WIDTH="93" HEIGHT="36" CONTENT="vor" WC="0.99" CC="020"/>
						<SP ID="P4_SP00296" HPOS="364" VPOS="3563" WIDTH="37"/>
						<String ID="P4_ST00348" HPOS="401" VPOS="3517" WIDTH="495" HEIGHT="61" CONTENT="Sonnenuntergang" WC="1.00" CC="005031740009200"/>
						<SP ID="P4_SP00297" HPOS="896" VPOS="3578" WIDTH="37"/>
						<String ID="P4_ST00349" HPOS="933" VPOS="3546" WIDTH="58" HEIGHT="4" CONTENT="—" WC="0.20" CC="8"/>
						<SP ID="P4_SP00298" HPOS="991" VPOS="3578" WIDTH="36"/>
						<String ID="P4_ST00350" HPOS="1027" VPOS="3515" WIDTH="356" HEIGHT="63" CONTENT="liChtgetränkt" WC="0.71" CC="9490000600500"/>
						<SP ID="P4_SP00299" HPOS="1383" VPOS="3578" WIDTH="38"/>
						<String ID="P4_ST00351" HPOS="1421" VPOS="3519" WIDTH="125" HEIGHT="46" CONTENT="matt" WC="0.98" CC="9000"/>
					</TextLine>
					<TextLine ID="P4_TL00051" HPOS="43" VPOS="3583" WIDTH="1501" HEIGHT="65">
						<String ID="P4_ST00352" HPOS="43" VPOS="3586" WIDTH="289" HEIGHT="49" CONTENT="sChimmert" WC="0.76" CC="375000500"/>
						<SP ID="P4_SP00300" HPOS="332" VPOS="3635" WIDTH="38"/>
						<String ID="P4_ST00353" HPOS="370" VPOS="3587" WIDTH="136" HEIGHT="46" CONTENT="ohne" WC="0.94" CC="9657"/>
						<SP ID="P4_SP00301" HPOS="506" VPOS="3635" WIDTH="42"/>
						<String ID="P4_ST00354" HPOS="548" VPOS="3601" WIDTH="60" HEIGHT="32" CONTENT="zu" WC="0.32" CC="58"/>
						<SP ID="P4_SP00302" HPOS="608" VPOS="3635" WIDTH="40"/>
						<String ID="P4_ST00355" HPOS="648" VPOS="3583" WIDTH="229" HEIGHT="65" CONTENT="glänzen." WC="0.99" CC="08057114"/>
						<SP ID="P4_SP00303" HPOS="877" VPOS="3648" WIDTH="68"/>
						<String ID="P4_ST00356" HPOS="945" VPOS="3586" WIDTH="168" HEIGHT="47" CONTENT="Schon" WC="0.99" CC="00004"/>
						<SP ID="P4_SP00304" HPOS="1113" VPOS="3648" WIDTH="41"/>
						<String ID="P4_ST00357" HPOS="1154" VPOS="3585" WIDTH="170" HEIGHT="49" CONTENT="macht" WC="0.97" CC="05490"/>
						<SP ID="P4_SP00305" HPOS="1324" VPOS="3648" WIDTH="37"/>
						<String ID="P4_ST00358" HPOS="1361" VPOS="3601" WIDTH="54" HEIGHT="32" CONTENT="er" WC="0.77" CC="40"/>
						<SP ID="P4_SP00306" HPOS="1415" VPOS="3648" WIDTH="37"/>
						<String ID="P4_ST00359" HPOS="1452" VPOS="3600" WIDTH="92" HEIGHT="33" CONTENT="aus" WC="0.98" CC="060"/>
					</TextLine>
					<TextLine ID="P4_TL00052" HPOS="42" VPOS="3655" WIDTH="1502" HEIGHT="62">
						<String ID="P4_ST00360" HPOS="42" VPOS="3655" WIDTH="115" HEIGHT="48" CONTENT="dem" WC="0.99" CC="030"/>
						<SP ID="P4_SP00307" HPOS="157" VPOS="3703" WIDTH="46"/>
						<String ID="P4_ST00361" HPOS="203" VPOS="3655" WIDTH="151" HEIGHT="50" CONTENT="tiefen" WC="0.98" CC="037204"/>
						<SP ID="P4_SP00308" HPOS="354" VPOS="3705" WIDTH="41"/>
						<String ID="P4_ST00362" HPOS="395" VPOS="3656" WIDTH="386" HEIGHT="61" CONTENT="aufsteigenden" WC="0.99" CC="0660920070070"/>
						<SP ID="P4_SP00309" HPOS="781" VPOS="3717" WIDTH="42"/>
						<String ID="P4_ST00363" HPOS="823" VPOS="3655" WIDTH="166" HEIGHT="49" CONTENT="Nebel" WC="0.97" CC="00368"/>
						<SP ID="P4_SP00310" HPOS="989" VPOS="3717" WIDTH="34"/>
						<String ID="P4_ST00364" HPOS="1023" VPOS="3657" WIDTH="82" HEIGHT="47" CONTENT="die" WC="0.98" CC="040"/>
						<SP ID="P4_SP00311" HPOS="1105" VPOS="3717" WIDTH="40"/>
						<String ID="P4_ST00365" HPOS="1145" VPOS="3656" WIDTH="174" HEIGHT="48" CONTENT="fernen" WC="0.98" CC="300348"/>
						<SP ID="P4_SP00312" HPOS="1319" VPOS="3717" WIDTH="40"/>
						<String ID="P4_ST00366" HPOS="1359" VPOS="3655" WIDTH="185" HEIGHT="49" CONTENT="blauen" WC="0.99" CC="501501"/>
					</TextLine>
					<TextLine ID="P4_TL00053" HPOS="42" VPOS="3724" WIDTH="1504" HEIGHT="63">
						<String ID="P4_ST00367" HPOS="42" VPOS="3726" WIDTH="166" HEIGHT="61" CONTENT="Berge" WC="0.99" CC="01007"/>
						<SP ID="P4_SP00313" HPOS="208" VPOS="3787" WIDTH="25"/>
						<String ID="P4_ST00368" HPOS="233" VPOS="3724" WIDTH="229" HEIGHT="63" CONTENT="dunkler," WC="0.99" CC="00508004"/>
						<SP ID="P4_SP00314" HPOS="462" VPOS="3787" WIDTH="28"/>
						<String ID="P4_ST00369" HPOS="490" VPOS="3727" WIDTH="95" HEIGHT="47" CONTENT="ehe" WC="0.94" CC="907"/>
						<SP ID="P4_SP00315" HPOS="585" VPOS="3787" WIDTH="28"/>
						<String ID="P4_ST00370" HPOS="613" VPOS="3742" WIDTH="53" HEIGHT="31" CONTENT="er" WC="0.84" CC="30"/>
						<SP ID="P4_SP00316" HPOS="666" VPOS="3787" WIDTH="29"/>
						<String ID="P4_ST00371" HPOS="695" VPOS="3727" WIDTH="102" HEIGHT="48" CONTENT="ihre" WC="0.97" CC="5307"/>
						<SP ID="P4_SP00317" HPOS="797" VPOS="3787" WIDTH="31"/>
						<String ID="P4_ST00372" HPOS="828" VPOS="3726" WIDTH="326" HEIGHT="48" CONTENT="zerklüfteten" WC="1.00" CC="600050003002"/>
						<SP ID="P4_SP00318" HPOS="1154" VPOS="3787" WIDTH="33"/>
						<String ID="P4_ST00373" HPOS="1187" VPOS="3727" WIDTH="227" HEIGHT="47" CONTENT="Umrisse" WC="0.99" CC="0000607"/>
						<SP ID="P4_SP00319" HPOS="1414" VPOS="3787" WIDTH="27"/>
						<String ID="P4_ST00374" HPOS="1441" VPOS="3733" WIDTH="84" HEIGHT="41" CONTENT="Vter" SUBS_TYPE="HypPart1" SUBS_CONTENT="VterwisCht," WC="0.57" CC="8440"/>
						<HYP HPOS="1525" VPOS="3733" WIDTH="21" CONTENT="-"/>
					</TextLine>
					<TextLine ID="P4_TL00054" HPOS="44" VPOS="3795" WIDTH="1500" HEIGHT="62">
						<String ID="P4_ST00375" HPOS="44" VPOS="3795" WIDTH="194" HEIGHT="62" CONTENT="wisCht," SUBS_TYPE="HypPart2" SUBS_CONTENT="VterwisCht," WC="0.86" CC="3000104"/>
						<SP ID="P4_SP00320" HPOS="238" VPOS="3857" WIDTH="50"/>
						<String ID="P4_ST00376" HPOS="288" VPOS="3812" WIDTH="61" HEIGHT="31" CONTENT="so" WC="0.73" CC="50"/>
						<SP ID="P4_SP00321" HPOS="349" VPOS="3857" WIDTH="51"/>
						<String ID="P4_ST00377" HPOS="400" VPOS="3797" WIDTH="103" HEIGHT="46" CONTENT="daß" WC="0.96" CC="910"/>
						<SP ID="P4_SP00322" HPOS="503" VPOS="3857" WIDTH="55"/>
						<String ID="P4_ST00378" HPOS="558" VPOS="3798" WIDTH="72" HEIGHT="46" CONTENT="sie" WC="0.97" CC="060"/>
						<SP ID="P4_SP00323" HPOS="630" VPOS="3857" WIDTH="52"/>
						<String ID="P4_ST00379" HPOS="682" VPOS="3796" WIDTH="156" HEIGHT="52" CONTENT="näher" WC="0.98" CC="70500"/>
						<SP ID="P4_SP00324" HPOS="838" VPOS="3857" WIDTH="50"/>
						<String ID="P4_ST00380" HPOS="888" VPOS="3811" WIDTH="58" HEIGHT="32" CONTENT="zu" WC="0.66" CC="06"/>
						<SP ID="P4_SP00325" HPOS="946" VPOS="3857" WIDTH="54"/>
						<String ID="P4_ST00381" HPOS="1000" VPOS="3797" WIDTH="238" HEIGHT="46" CONTENT="kommen" WC="0.99" CC="090003"/>
						<SP ID="P4_SP00326" HPOS="1238" VPOS="3857" WIDTH="54"/>
						<String ID="P4_ST00382" HPOS="1292" VPOS="3797" WIDTH="252" HEIGHT="48" CONTENT="scheinen." WC="0.99" CC="160005784"/>
					</TextLine>
					<TextLine ID="P4_TL00055" HPOS="45" VPOS="3865" WIDTH="1500" HEIGHT="52">
						<String ID="P4_ST00383" HPOS="45" VPOS="3865" WIDTH="141" HEIGHT="49" CONTENT="Audi" WC="0.95" CC="0869"/>
						<SP ID="P4_SP00327" HPOS="186" VPOS="3914" WIDTH="43"/>
						<String ID="P4_ST00384" HPOS="229" VPOS="3865" WIDTH="187" HEIGHT="49" CONTENT="Wollen" WC="0.98" CC="903900"/>
						<SP ID="P4_SP00328" HPOS="416" VPOS="3914" WIDTH="45"/>
						<String ID="P4_ST00385" HPOS="461" VPOS="3866" WIDTH="106" HEIGHT="48" CONTENT="sich" WC="0.98" CC="2500"/>
						<SP ID="P4_SP00329" HPOS="567" VPOS="3914" WIDTH="42"/>
						<String ID="P4_ST00386" HPOS="609" VPOS="3869" WIDTH="51" HEIGHT="45" CONTENT="in" WC="0.33" CC="76"/>
						<SP ID="P4_SP00330" HPOS="660" VPOS="3914" WIDTH="42"/>
						<String ID="P4_ST00387" HPOS="702" VPOS="3867" WIDTH="193" HEIGHT="47" CONTENT="diesem" WC="0.98" CC="040640"/>
						<SP ID="P4_SP00331" HPOS="895" VPOS="3914" WIDTH="47"/>
						<String ID="P4_ST00388" HPOS="942" VPOS="3865" WIDTH="161" HEIGHT="49" CONTENT="Nebel" WC="0.96" CC="00979"/>
						<SP ID="P4_SP00332" HPOS="1103" VPOS="3914" WIDTH="43"/>
						<String ID="P4_ST00389" HPOS="1146" VPOS="3870" WIDTH="97" HEIGHT="45" CONTENT="wie" WC="1.00" CC="010"/>
						<SP ID="P4_SP00333" HPOS="1243" VPOS="3915" WIDTH="44"/>
						<String ID="P4_ST00390" HPOS="1287" VPOS="3870" WIDTH="48" HEIGHT="47" CONTENT="in" WC="0.79" CC="03"/>
						<SP ID="P4_SP00334" HPOS="1335" VPOS="3917" WIDTH="46"/>
						<String ID="P4_ST00391" HPOS="1381" VPOS="3869" WIDTH="164" HEIGHT="47" CONTENT="einem" WC="0.95" CC="95279"/>
					</TextLine>
					<TextLine ID="P4_TL00056" HPOS="44" VPOS="3934" WIDTH="1503" HEIGHT="63">
						<String ID="P4_ST00392" HPOS="44" VPOS="3937" WIDTH="144" HEIGHT="47" CONTENT="Meer" WC="0.97" CC="0770"/>
						<SP ID="P4_SP00335" HPOS="188" VPOS="3984" WIDTH="44"/>
						<String ID="P4_ST00393" HPOS="232" VPOS="3934" WIDTH="126" HEIGHT="51" CONTENT="viele" WC="0.98" CC="05380"/>
						<SP ID="P4_SP00336" HPOS="358" VPOS="3985" WIDTH="45"/>
						<String ID="P4_ST00394" HPOS="403" VPOS="3936" WIDTH="204" HEIGHT="61" CONTENT="geteilte" WC="0.99" CC="00813500"/>
						<SP ID="P4_SP00337" HPOS="607" VPOS="3997" WIDTH="48"/>
						<String ID="P4_ST00395" HPOS="655" VPOS="3936" WIDTH="156" HEIGHT="55" CONTENT="Läufe" WC="0.96" CC="90792"/>
						<SP ID="P4_SP00338" HPOS="811" VPOS="3997" WIDTH="44"/>
						<String ID="P4_ST00396" HPOS="855" VPOS="3939" WIDTH="274" HEIGHT="58" CONTENT="gestauter," WC="0.99" CC="0040579004"/>
						<SP ID="P4_SP00339" HPOS="1129" VPOS="3997" WIDTH="49"/>
						<String ID="P4_ST00397" HPOS="1178" VPOS="3935" WIDTH="341" HEIGHT="50" CONTENT="herabfließen" SUBS_TYPE="HypPart1" SUBS_CONTENT="herabfließender," WC="0.99" CC="570076350002"/>
						<HYP HPOS="1519" VPOS="3935" WIDTH="28" CONTENT="-"/>
					</TextLine>
					<TextLine ID="P4_TL00057" HPOS="45" VPOS="4005" WIDTH="1503" HEIGHT="63">
						<String ID="P4_ST00398" HPOS="45" VPOS="4007" WIDTH="102" HEIGHT="60" CONTENT="der," SUBS_TYPE="HypPart2" SUBS_CONTENT="herabfließender," WC="0.97" CC="0704"/>
						<SP ID="P4_SP00340" HPOS="147" VPOS="4067" WIDTH="42"/>
						<String ID="P4_ST00399" HPOS="189" VPOS="4005" WIDTH="251" HEIGHT="50" CONTENT="zwisdhen" WC="0.68" CC="00507173"/>
						<SP ID="P4_SP00341" HPOS="440" VPOS="4067" WIDTH="40"/>
						<String ID="P4_ST00400" HPOS="480" VPOS="4007" WIDTH="100" HEIGHT="47" CONTENT="den" WC="0.96" CC="017"/>
						<SP ID="P4_SP00342" HPOS="580" VPOS="4067" WIDTH="41"/>
						<String ID="P4_ST00401" HPOS="621" VPOS="4007" WIDTH="196" HEIGHT="61" CONTENT="Bergen" WC="0.99" CC="000006"/>
						<SP ID="P4_SP00343" HPOS="817" VPOS="4068" WIDTH="41"/>
						<String ID="P4_ST00402" HPOS="858" VPOS="4007" WIDTH="359" HEIGHT="61" CONTENT="gewundener," WC="0.99" CC="07075008504"/>
						<SP ID="P4_SP00344" HPOS="1217" VPOS="4068" WIDTH="42"/>
						<String ID="P4_ST00403" HPOS="1259" VPOS="4009" WIDTH="146" HEIGHT="45" CONTENT="unter" WC="0.97" CC="83071"/>
						<SP ID="P4_SP00345" HPOS="1405" VPOS="4068" WIDTH="39"/>
						<String ID="P4_ST00404" HPOS="1444" VPOS="4008" WIDTH="78" HEIGHT="46" CONTENT="ein" SUBS_TYPE="HypPart1" SUBS_CONTENT="einsamer" WC="0.97" CC="045"/>
						<HYP HPOS="1522" VPOS="4008" WIDTH="26" CONTENT="-"/>
					</TextLine>
					<TextLine ID="P4_TL00058" HPOS="42" VPOS="4074" WIDTH="1505" HEIGHT="64">
						<String ID="P4_ST00405" HPOS="42" VPOS="4089" WIDTH="170" HEIGHT="35" CONTENT="samer" SUBS_TYPE="HypPart2" SUBS_CONTENT="einsamer" WC="0.98" CC="00078"/>
						<SP ID="P4_SP00346" HPOS="212" VPOS="4124" WIDTH="19"/>
						<String ID="P4_ST00406" HPOS="231" VPOS="4076" WIDTH="194" HEIGHT="48" CONTENT="Brücke" WC="0.96" CC="860797"/>
						<SP ID="P4_SP00347" HPOS="425" VPOS="4124" WIDTH="22"/>
						<String ID="P4_ST00407" HPOS="447" VPOS="4075" WIDTH="106" HEIGHT="50" CONTENT="sich" WC="0.95" CC="6539"/>
						<SP ID="P4_SP00348" HPOS="553" VPOS="4125" WIDTH="23"/>
						<String ID="P4_ST00408" HPOS="576" VPOS="4074" WIDTH="361" HEIGHT="64" CONTENT="hintragender" WC="1.00" CC="785000000000"/>
						<SP ID="P4_SP00349" HPOS="937" VPOS="4138" WIDTH="22"/>
						<String ID="P4_ST00409" HPOS="959" VPOS="4078" WIDTH="208" HEIGHT="46" CONTENT="Wasser" WC="0.99" CC="001070"/>
						<SP ID="P4_SP00350" HPOS="1167" VPOS="4138" WIDTH="25"/>
						<String ID="P4_ST00410" HPOS="1192" VPOS="4075" WIDTH="187" HEIGHT="49" CONTENT="finden." WC="0.98" CC="5320734"/>
						<SP ID="P4_SP00351" HPOS="1379" VPOS="4138" WIDTH="44"/>
						<String ID="P4_ST00411" HPOS="1423" VPOS="4074" WIDTH="124" HEIGHT="50" CONTENT="Bald" WC="0.98" CC="0430"/>
					</TextLine>
					<TextLine ID="P4_TL00059" HPOS="44" VPOS="4145" WIDTH="1501" HEIGHT="62">
						<String ID="P4_ST00412" HPOS="44" VPOS="4147" WIDTH="125" HEIGHT="48" CONTENT="wird" WC="0.97" CC="0590"/>
						<SP ID="P4_SP00352" HPOS="169" VPOS="4195" WIDTH="62"/>
						<String ID="P4_ST00413" HPOS="231" VPOS="4147" WIDTH="89" HEIGHT="47" CONTENT="das" WC="0.98" CC="006"/>
						<SP ID="P4_SP00353" HPOS="320" VPOS="4195" WIDTH="65"/>
						<String ID="P4_ST00414" HPOS="385" VPOS="4145" WIDTH="203" HEIGHT="50" CONTENT="Dunkel" WC="0.98" CC="074008"/>
						<SP ID="P4_SP00354" HPOS="588" VPOS="4195" WIDTH="53"/>
						<String ID="P4_ST00415" HPOS="641" VPOS="4149" WIDTH="75" HEIGHT="46" CONTENT="sie" WC="0.94" CC="717"/>
						<SP ID="P4_SP00355" HPOS="716" VPOS="4195" WIDTH="58"/>
						<String ID="P4_ST00416" HPOS="774" VPOS="4146" WIDTH="362" HEIGHT="61" CONTENT="Versdhließen," WC="0.61" CC="0302707480754"/>
						<SP ID="P4_SP00356" HPOS="1136" VPOS="4207" WIDTH="59"/>
						<String ID="P4_ST00417" HPOS="1195" VPOS="4147" WIDTH="97" HEIGHT="48" CONTENT="den" WC="0.97" CC="006"/>
						<SP ID="P4_SP00357" HPOS="1292" VPOS="4207" WIDTH="61"/>
						<String ID="P4_ST00418" HPOS="1353" VPOS="4145" WIDTH="192" HEIGHT="50" CONTENT="bunten" WC="0.97" CC="661077"/>
					</TextLine>
					<TextLine ID="P4_TL00060" HPOS="44" VPOS="4215" WIDTH="1504" HEIGHT="62">
						<String ID="P4_ST00419" HPOS="44" VPOS="4215" WIDTH="277" HEIGHT="50" CONTENT="Schimmer" WC="0.99" CC="07960000"/>
						<SP ID="P4_SP00358" HPOS="321" VPOS="4265" WIDTH="33"/>
						<String ID="P4_ST00420" HPOS="354" VPOS="4217" WIDTH="325" HEIGHT="60" CONTENT="verwischen," WC="0.99" CC="07000500404"/>
						<SP ID="P4_SP00359" HPOS="679" VPOS="4277" WIDTH="36"/>
						<String ID="P4_ST00421" HPOS="715" VPOS="4219" WIDTH="91" HEIGHT="45" CONTENT="mit" WC="0.96" CC="073"/>
						<SP ID="P4_SP00360" HPOS="806" VPOS="4277" WIDTH="33"/>
						<String ID="P4_ST00422" HPOS="839" VPOS="4218" WIDTH="163" HEIGHT="46" CONTENT="denen" WC="0.98" CC="00471"/>
						<SP ID="P4_SP00361" HPOS="1002" VPOS="4277" WIDTH="34"/>
						<String ID="P4_ST00423" HPOS="1036" VPOS="4218" WIDTH="91" HEIGHT="46" CONTENT="der" WC="0.97" CC="070"/>
						<SP ID="P4_SP00362" HPOS="1127" VPOS="4277" WIDTH="33"/>
						<String ID="P4_ST00424" HPOS="1160" VPOS="4216" WIDTH="356" HEIGHT="50" CONTENT="Sonnenwider" SUBS_TYPE="HypPart1" SUBS_CONTENT="SonnenwidersChein" WC="0.75" CC="00336207030"/>
						<HYP HPOS="1516" VPOS="4216" WIDTH="32" CONTENT="-"/>
					</TextLine>
					<TextLine ID="P4_TL00061" HPOS="43" VPOS="4285" WIDTH="1503" HEIGHT="53">
						<String ID="P4_ST00425" HPOS="43" VPOS="4287" WIDTH="173" HEIGHT="48" CONTENT="sChein" SUBS_TYPE="HypPart2" SUBS_CONTENT="SonnenwidersChein" WC="0.52" CC="475055"/>
						<SP ID="P4_SP00363" HPOS="216" VPOS="4335" WIDTH="37"/>
						<String ID="P4_ST00426" HPOS="253" VPOS="4287" WIDTH="129" HEIGHT="47" CONTENT="noch" WC="0.97" CC="0165"/>
						<SP ID="P4_SP00364" HPOS="382" VPOS="4335" WIDTH="36"/>
						<String ID="P4_ST00427" HPOS="418" VPOS="4285" WIDTH="82" HEIGHT="49" CONTENT="€&amp;e" WC="0.22" CC="778"/>
						<SP ID="P4_SP00365" HPOS="500" VPOS="4335" WIDTH="35"/>
						<String ID="P4_ST00428" HPOS="535" VPOS="4288" WIDTH="220" HEIGHT="50" CONTENT="näheren" WC="0.99" CC="6060006"/>
						<SP ID="P4_SP00366" HPOS="755" VPOS="4338" WIDTH="40"/>
						<String ID="P4_ST00429" HPOS="795" VPOS="4287" WIDTH="186" HEIGHT="47" CONTENT="Höhen" WC="0.96" CC="70576"/>
						<SP ID="P4_SP00367" HPOS="981" VPOS="4338" WIDTH="40"/>
						<String ID="P4_ST00430" HPOS="1021" VPOS="4286" WIDTH="137" HEIGHT="48" CONTENT="trifft." WC="0.99" CC="0023404"/>
						<SP ID="P4_SP00368" HPOS="1158" VPOS="4338" WIDTH="68"/>
						<String ID="P4_ST00431" HPOS="1226" VPOS="4285" WIDTH="320" HEIGHT="51" CONTENT="Urweltliche" WC="0.99" CC="00008956497"/>
					</TextLine>
					<TextLine ID="P4_TL00062" HPOS="44" VPOS="4354" WIDTH="1504" HEIGHT="64">
						<String ID="P4_ST00432" HPOS="44" VPOS="4357" WIDTH="301" HEIGHT="61" CONTENT="Stimmung," WC="0.99" CC="006003004"/>
						<SP ID="P4_SP00369" HPOS="345" VPOS="4418" WIDTH="26"/>
						<String ID="P4_ST00433" HPOS="371" VPOS="4358" WIDTH="84" HEIGHT="47" CONTENT="die" WC="0.94" CC="094"/>
						<SP ID="P4_SP00370" HPOS="455" VPOS="4418" WIDTH="29"/>
						<String ID="P4_ST00434" HPOS="484" VPOS="4357" WIDTH="125" HEIGHT="47" CONTENT="naCh" WC="0.76" CC="4400"/>
						<SP ID="P4_SP00371" HPOS="609" VPOS="4418" WIDTH="27"/>
						<String ID="P4_ST00435" HPOS="636" VPOS="4356" WIDTH="91" HEIGHT="48" CONTENT="der" WC="0.97" CC="070"/>
						<SP ID="P4_SP00372" HPOS="727" VPOS="4418" WIDTH="25"/>
						<String ID="P4_ST00436" HPOS="752" VPOS="4354" WIDTH="206" HEIGHT="52" CONTENT="Sintflut" WC="0.98" CC="03109860"/>
						<SP ID="P4_SP00373" HPOS="958" VPOS="4418" WIDTH="25"/>
						<String ID="P4_ST00437" HPOS="983" VPOS="4386" WIDTH="58" HEIGHT="5" CONTENT="—" WC="0.20" CC="8"/>
						<SP ID="P4_SP00374" HPOS="1041" VPOS="4418" WIDTH="30"/>
						<String ID="P4_ST00438" HPOS="1071" VPOS="4357" WIDTH="134" HEIGHT="60" CONTENT="„und" WC="0.97" CC="5620"/>
						<SP ID="P4_SP00375" HPOS="1205" VPOS="4418" WIDTH="27"/>
						<String ID="P4_ST00439" HPOS="1232" VPOS="4358" WIDTH="84" HEIGHT="48" CONTENT="die" WC="0.96" CC="027"/>
						<SP ID="P4_SP00376" HPOS="1316" VPOS="4418" WIDTH="24"/>
						<String ID="P4_ST00440" HPOS="1340" VPOS="4356" WIDTH="208" HEIGHT="49" CONTENT="Wasser" WC="0.97" CC="936870"/>
					</TextLine>
					<TextLine ID="P4_TL00063" HPOS="41" VPOS="4425" WIDTH="1507" HEIGHT="64">
						<String ID="P4_ST00441" HPOS="41" VPOS="4425" WIDTH="243" HEIGHT="51" CONTENT="verliefen" WC="0.98" CC="710827044"/>
						<SP ID="P4_SP00377" HPOS="284" VPOS="4476" WIDTH="30"/>
						<String ID="P4_ST00442" HPOS="314" VPOS="4426" WIDTH="144" HEIGHT="49" CONTENT='sich"' WC="0.97" CC="05194"/>
						<SP ID="P4_SP00378" HPOS="458" VPOS="4476" WIDTH="34"/>
						<String ID="P4_ST00443" HPOS="492" VPOS="4456" WIDTH="74" HEIGHT="31" CONTENT="—," WC="0.40" CC="84"/>
						<SP ID="P4_SP00379" HPOS="566" VPOS="4487" WIDTH="31"/>
						<String ID="P4_ST00444" HPOS="597" VPOS="4425" WIDTH="293" HEIGHT="64" CONTENT="geschaffen" WC="0.99" CC="0009606574"/>
						<SP ID="P4_SP00380" HPOS="890" VPOS="4489" WIDTH="31"/>
						<String ID="P4_ST00445" HPOS="921" VPOS="4442" WIDTH="99" HEIGHT="32" CONTENT="von" WC="0.98" CC="004"/>
						<SP ID="P4_SP00381" HPOS="1020" VPOS="4489" WIDTH="32"/>
						<String ID="P4_ST00446" HPOS="1052" VPOS="4429" WIDTH="181" HEIGHT="57" CONTENT="einem," WC="1.00" CC="002300"/>
						<SP ID="P4_SP00382" HPOS="1233" VPOS="4489" WIDTH="33"/>
						<String ID="P4_ST00447" HPOS="1266" VPOS="4427" WIDTH="115" HEIGHT="47" CONTENT="dem" WC="1.00" CC="000"/>
						<SP ID="P4_SP00383" HPOS="1381" VPOS="4489" WIDTH="32"/>
						<String ID="P4_ST00448" HPOS="1413" VPOS="4427" WIDTH="135" HEIGHT="50" CONTENT="nicht" WC="0.98" CC="52550"/>
					</TextLine>
					<TextLine ID="P4_TL00064" HPOS="45" VPOS="4495" WIDTH="1503" HEIGHT="62">
						<String ID="P4_ST00449" HPOS="45" VPOS="4498" WIDTH="91" HEIGHT="48" CONTENT="das" WC="0.99" CC="001"/>
						<SP ID="P4_SP00384" HPOS="136" VPOS="4546" WIDTH="42"/>
						<String ID="P4_ST00450" HPOS="178" VPOS="4495" WIDTH="295" HEIGHT="50" CONTENT="Fabelfhafte" WC="0.99" CC="50462620504"/>
						<SP ID="P4_SP00385" HPOS="473" VPOS="4546" WIDTH="39"/>
						<String ID="P4_ST00451" HPOS="512" VPOS="4497" WIDTH="156" HEIGHT="60" CONTENT="wahr," WC="0.97" CC="95604"/>
						<SP ID="P4_SP00386" HPOS="668" VPOS="4557" WIDTH="39"/>
						<String ID="P4_ST00452" HPOS="707" VPOS="4498" WIDTH="222" HEIGHT="47" CONTENT="sondern" WC="0.99" CC="0060705"/>
						<SP ID="P4_SP00387" HPOS="929" VPOS="4557" WIDTH="40"/>
						<String ID="P4_ST00453" HPOS="969" VPOS="4497" WIDTH="91" HEIGHT="48" CONTENT="das" WC="1.00" CC="000"/>
						<SP ID="P4_SP00388" HPOS="1060" VPOS="4557" WIDTH="39"/>
						<String ID="P4_ST00454" HPOS="1099" VPOS="4497" WIDTH="269" HEIGHT="49" CONTENT="Wirkliche" WC="0.99" CC="005014920"/>
						<SP ID="P4_SP00389" HPOS="1368" VPOS="4557" WIDTH="39"/>
						<String ID="P4_ST00455" HPOS="1407" VPOS="4511" WIDTH="106" HEIGHT="34" CONTENT="wun" SUBS_TYPE="HypPart1" SUBS_CONTENT="wunderbar" WC="0.97" CC="074"/>
						<HYP HPOS="1513" VPOS="4511" WIDTH="35" CONTENT="-"/>
					</TextLine>
					<TextLine ID="P4_TL00065" HPOS="45" VPOS="4566" WIDTH="416" HEIGHT="50">
						<String ID="P4_ST00456" HPOS="45" VPOS="4567" WIDTH="182" HEIGHT="49" CONTENT="derbar" SUBS_TYPE="HypPart2" SUBS_CONTENT="wunderbar" WC="0.99" CC="001900"/>
						<SP ID="P4_SP00390" HPOS="227" VPOS="4616" WIDTH="45"/>
						<String ID="P4_ST00457" HPOS="272" VPOS="4566" WIDTH="189" HEIGHT="50" CONTENT="schien." WC="0.97" CC="5794063"/>
					</TextLine>
					<TextLine ID="P4_TL00066" HPOS="171" VPOS="4649" WIDTH="1374" HEIGHT="64">
						<String ID="P4_ST00458" HPOS="171" VPOS="4653" WIDTH="54" HEIGHT="45" CONTENT="In" WC="0.41" CC="55"/>
						<SP ID="P4_SP00391" HPOS="225" VPOS="4698" WIDTH="45"/>
						<String ID="P4_ST00459" HPOS="270" VPOS="4665" WIDTH="133" HEIGHT="48" CONTENT="ganz" WC="1.00" CC="0000"/>
						<SP ID="P4_SP00392" HPOS="403" VPOS="4713" WIDTH="44"/>
						<String ID="P4_ST00460" HPOS="447" VPOS="4651" WIDTH="159" HEIGHT="49" CONTENT="stiller" WC="0.98" CC="0337710"/>
						<SP ID="P4_SP00393" HPOS="606" VPOS="4713" WIDTH="44"/>
						<String ID="P4_ST00461" HPOS="650" VPOS="4652" WIDTH="160" HEIGHT="59" CONTENT="Nähe," WC="0.99" CC="00073"/>
						<SP ID="P4_SP00394" HPOS="810" VPOS="4713" WIDTH="48"/>
						<String ID="P4_ST00462" HPOS="858" VPOS="4667" WIDTH="83" HEIGHT="32" CONTENT="wo" WC="1.00" CC="00"/>
						<SP ID="P4_SP00395" HPOS="941" VPOS="4713" WIDTH="46"/>
						<String ID="P4_ST00463" HPOS="987" VPOS="4649" WIDTH="83" HEIGHT="52" CONTENT="die" WC="0.95" CC="560"/>
						<SP ID="P4_SP00396" HPOS="1070" VPOS="4713" WIDTH="46"/>
						<String ID="P4_ST00464" HPOS="1116" VPOS="4650" WIDTH="233" HEIGHT="49" CONTENT="Schatten" WC="0.99" CC="09500005"/>
						<SP ID="P4_SP00397" HPOS="1349" VPOS="4713" WIDTH="46"/>
						<String ID="P4_ST00465" HPOS="1395" VPOS="4651" WIDTH="150" HEIGHT="48" CONTENT="kaum" WC="0.99" CC="0060"/>
					</TextLine>
					<TextLine ID="P4_TL00067" HPOS="49" VPOS="4720" WIDTH="1498" HEIGHT="62">
						<String ID="P4_ST00466" HPOS="49" VPOS="4721" WIDTH="158" HEIGHT="49" CONTENT="Farbe" WC="0.98" CC="54002"/>
						<SP ID="P4_SP00398" HPOS="207" VPOS="4770" WIDTH="33"/>
						<String ID="P4_ST00467" HPOS="240" VPOS="4721" WIDTH="180" HEIGHT="61" CONTENT="haben," WC="0.98" CC="000773"/>
						<SP ID="P4_SP00399" HPOS="420" VPOS="4782" WIDTH="34"/>
						<String ID="P4_ST00468" HPOS="454" VPOS="4725" WIDTH="48" HEIGHT="45" CONTENT="in" WC="0.65" CC="07"/>
						<SP ID="P4_SP00400" HPOS="502" VPOS="4782" WIDTH="30"/>
						<String ID="P4_ST00469" HPOS="532" VPOS="4722" WIDTH="91" HEIGHT="48" CONTENT="der" WC="0.99" CC="002"/>
						<SP ID="P4_SP00401" HPOS="623" VPOS="4782" WIDTH="29"/>
						<String ID="P4_ST00470" HPOS="652" VPOS="4720" WIDTH="120" HEIGHT="50" CONTENT="leise" WC="0.97" CC="83307"/>
						<SP ID="P4_SP00402" HPOS="772" VPOS="4782" WIDTH="32"/>
						<String ID="P4_ST00471" HPOS="804" VPOS="4721" WIDTH="261" HEIGHT="49" CONTENT="flutenden" WC="0.99" CC="671401008"/>
						<SP ID="P4_SP00403" HPOS="1065" VPOS="4782" WIDTH="32"/>
						<String ID="P4_ST00472" HPOS="1097" VPOS="4721" WIDTH="114" HEIGHT="49" CONTENT="Luft" WC="0.97" CC="0830"/>
						<SP ID="P4_SP00404" HPOS="1211" VPOS="4782" WIDTH="28"/>
						<String ID="P4_ST00473" HPOS="1239" VPOS="4721" WIDTH="173" HEIGHT="49" CONTENT="taucht" WC="0.99" CC="014900"/>
						<SP ID="P4_SP00405" HPOS="1412" VPOS="4782" WIDTH="28"/>
						<String ID="P4_ST00474" HPOS="1440" VPOS="4722" WIDTH="107" HEIGHT="48" CONTENT="dies" WC="1.00" CC="0100"/>
					</TextLine>
					<TextLine ID="P4_TL00068" HPOS="45" VPOS="4788" WIDTH="1501" HEIGHT="66">
						<String ID="P4_ST00475" HPOS="45" VPOS="4788" WIDTH="294" HEIGHT="53" CONTENT="unwirklich" WC="0.99" CC="0502008170"/>
						<SP ID="P4_SP00406" HPOS="339" VPOS="4841" WIDTH="44"/>
						<String ID="P4_ST00476" HPOS="383" VPOS="4790" WIDTH="308" HEIGHT="50" CONTENT="scheinende" WC="0.99" CC="4900207600"/>
						<SP ID="P4_SP00407" HPOS="691" VPOS="4841" WIDTH="43"/>
						<String ID="P4_ST00477" HPOS="734" VPOS="4793" WIDTH="187" HEIGHT="47" CONTENT="Wesen" WC="0.98" CC="00905"/>
						<SP ID="P4_SP00408" HPOS="921" VPOS="4841" WIDTH="44"/>
						<String ID="P4_ST00478" HPOS="965" VPOS="4792" WIDTH="105" HEIGHT="61" CONTENT="auf," WC="0.96" CC="0684"/>
						<SP ID="P4_SP00409" HPOS="1070" VPOS="4853" WIDTH="44"/>
						<String ID="P4_ST00479" HPOS="1114" VPOS="4797" WIDTH="96" HEIGHT="45" CONTENT="wie" WC="1.00" CC="000"/>
						<SP ID="P4_SP00410" HPOS="1210" VPOS="4853" WIDTH="45"/>
						<String ID="P4_ST00480" HPOS="1255" VPOS="4797" WIDTH="81" HEIGHT="45" CONTENT="ein" WC="0.94" CC="636"/>
						<SP ID="P4_SP00411" HPOS="1336" VPOS="4853" WIDTH="50"/>
						<String ID="P4_ST00481" HPOS="1386" VPOS="4793" WIDTH="160" HEIGHT="61" CONTENT="Fisch," WC="0.98" CC="430554"/>
					</TextLine>
					<TextLine ID="P4_TL00069" HPOS="42" VPOS="4861" WIDTH="1507" HEIGHT="51">
						<String ID="P4_ST00482" HPOS="42" VPOS="4862" WIDTH="93" HEIGHT="47" CONTENT="der" WC="0.96" CC="902"/>
						<SP ID="P4_SP00412" HPOS="135" VPOS="4909" WIDTH="32"/>
						<String ID="P4_ST00483" HPOS="167" VPOS="4861" WIDTH="150" HEIGHT="50" CONTENT="allein" WC="0.98" CC="086050"/>
						<SP ID="P4_SP00413" HPOS="317" VPOS="4911" WIDTH="37"/>
						<String ID="P4_ST00484" HPOS="354" VPOS="4861" WIDTH="287" HEIGHT="49" CONTENT="schwimmt" WC="0.99" CC="07405090"/>
						<SP ID="P4_SP00414" HPOS="641" VPOS="4911" WIDTH="49"/>
						<String ID="P4_ST00485" HPOS="690" VPOS="4864" WIDTH="105" HEIGHT="46" CONTENT="und" WC="0.95" CC="760"/>
						<SP ID="P4_SP00415" HPOS="795" VPOS="4911" WIDTH="38"/>
						<String ID="P4_ST00486" HPOS="833" VPOS="4864" WIDTH="96" HEIGHT="46" CONTENT="den" WC="0.97" CC="007"/>
						<SP ID="P4_SP00416" HPOS="929" VPOS="4911" WIDTH="36"/>
						<String ID="P4_ST00487" HPOS="965" VPOS="4865" WIDTH="81" HEIGHT="46" CONTENT="ein" WC="0.95" CC="047"/>
						<SP ID="P4_SP00417" HPOS="1046" VPOS="4911" WIDTH="39"/>
						<String ID="P4_ST00488" HPOS="1085" VPOS="4863" WIDTH="267" HEIGHT="49" CONTENT="zitternder" WC="1.00" CC="0208002000"/>
						<SP ID="P4_SP00418" HPOS="1352" VPOS="4912" WIDTH="33"/>
						<String ID="P4_ST00489" HPOS="1385" VPOS="4862" WIDTH="164" HEIGHT="50" CONTENT="Glanz" WC="0.98" CC="66201"/>
					</TextLine>
					<TextLine ID="P4_TL00070" HPOS="47" VPOS="4930" WIDTH="1499" HEIGHT="62">
						<String ID="P4_ST00490" HPOS="47" VPOS="4931" WIDTH="137" HEIGHT="49" CONTENT="trifft." WC="0.98" CC="3307602"/>
						<SP ID="P4_SP00419" HPOS="184" VPOS="4980" WIDTH="66"/>
						<String ID="P4_ST00491" HPOS="250" VPOS="4930" WIDTH="109" HEIGHT="50" CONTENT="Alle" WC="0.98" CC="0240"/>
						<SP ID="P4_SP00420" HPOS="359" VPOS="4980" WIDTH="39"/>
						<String ID="P4_ST00492" HPOS="398" VPOS="4933" WIDTH="160" HEIGHT="47" CONTENT="Farbe" WC="0.97" CC="70470"/>
						<SP ID="P4_SP00421" HPOS="558" VPOS="4980" WIDTH="31"/>
						<String ID="P4_ST00493" HPOS="589" VPOS="4935" WIDTH="68" HEIGHT="46" CONTENT="ist" WC="0.95" CC="770"/>
						<SP ID="P4_SP00422" HPOS="657" VPOS="4981" WIDTH="28"/>
						<String ID="P4_ST00494" HPOS="685" VPOS="4947" WIDTH="67" HEIGHT="33" CONTENT="an" WC="0.84" CC="03"/>
						<SP ID="P4_SP00423" HPOS="752" VPOS="4981" WIDTH="38"/>
						<String ID="P4_ST00495" HPOS="790" VPOS="4933" WIDTH="88" HEIGHT="59" CONTENT="ihr," WC="0.99" CC="3003"/>
						<SP ID="P4_SP00424" HPOS="878" VPOS="4992" WIDTH="35"/>
						<String ID="P4_ST00496" HPOS="913" VPOS="4948" WIDTH="56" HEIGHT="32" CONTENT="es" WC="0.69" CC="06"/>
						<SP ID="P4_SP00425" HPOS="969" VPOS="4992" WIDTH="33"/>
						<String ID="P4_ST00497" HPOS="1002" VPOS="4935" WIDTH="80" HEIGHT="57" CONTENT="ist," WC="0.97" CC="7024"/>
						<SP ID="P4_SP00426" HPOS="1082" VPOS="4992" WIDTH="38"/>
						<String ID="P4_ST00498" HPOS="1120" VPOS="4932" WIDTH="72" HEIGHT="49" CONTENT="als" WC="0.98" CC="050"/>
						<SP ID="P4_SP00427" HPOS="1192" VPOS="4992" WIDTH="35"/>
						<String ID="P4_ST00499" HPOS="1227" VPOS="4933" WIDTH="204" HEIGHT="48" CONTENT="komme" WC="1.00" CC="00000"/>
						<SP ID="P4_SP00428" HPOS="1431" VPOS="4992" WIDTH="28"/>
						<String ID="P4_ST00500" HPOS="1459" VPOS="4932" WIDTH="87" HEIGHT="52" CONTENT="die" WC="1.00" CC="000"/>
					</TextLine>
					<TextLine ID="P4_TL00071" HPOS="46" VPOS="5001" WIDTH="1500" HEIGHT="63">
						<String ID="P4_ST00501" HPOS="46" VPOS="5001" WIDTH="116" HEIGHT="48" CONTENT="Luft" WC="0.98" CC="0080"/>
						<SP ID="P4_SP00429" HPOS="162" VPOS="5049" WIDTH="41"/>
						<String ID="P4_ST00502" HPOS="203" VPOS="5013" WIDTH="101" HEIGHT="37" CONTENT="von" WC="0.94" CC="907"/>
						<SP ID="P4_SP00430" HPOS="304" VPOS="5050" WIDTH="47"/>
						<String ID="P4_ST00503" HPOS="351" VPOS="5002" WIDTH="75" HEIGHT="50" CONTENT="ihr" WC="0.96" CC="450"/>
						<SP ID="P4_SP00431" HPOS="426" VPOS="5052" WIDTH="43"/>
						<String ID="P4_ST00504" HPOS="469" VPOS="5002" WIDTH="103" HEIGHT="61" CONTENT="her," WC="0.99" CC="0004"/>
						<SP ID="P4_SP00432" HPOS="572" VPOS="5063" WIDTH="42"/>
						<String ID="P4_ST00505" HPOS="614" VPOS="5002" WIDTH="76" HEIGHT="49" CONTENT="als" WC="0.97" CC="080"/>
						<SP ID="P4_SP00433" HPOS="690" VPOS="5063" WIDTH="45"/>
						<String ID="P4_ST00506" HPOS="735" VPOS="5005" WIDTH="72" HEIGHT="47" CONTENT="sei" WC="0.97" CC="070"/>
						<SP ID="P4_SP00434" HPOS="807" VPOS="5063" WIDTH="47"/>
						<String ID="P4_ST00507" HPOS="854" VPOS="5005" WIDTH="74" HEIGHT="47" CONTENT="sie" WC="1.00" CC="000"/>
						<SP ID="P4_SP00435" HPOS="928" VPOS="5063" WIDTH="40"/>
						<String ID="P4_ST00508" HPOS="968" VPOS="5003" WIDTH="322" HEIGHT="61" CONTENT="gekommen," WC="0.99" CC="060900744"/>
						<SP ID="P4_SP00436" HPOS="1290" VPOS="5064" WIDTH="44"/>
						<String ID="P4_ST00509" HPOS="1334" VPOS="5017" WIDTH="85" HEIGHT="34" CONTENT="um" WC="0.63" CC="70"/>
						<SP ID="P4_SP00437" HPOS="1419" VPOS="5064" WIDTH="47"/>
						<String ID="P4_ST00510" HPOS="1466" VPOS="5002" WIDTH="80" HEIGHT="55" CONTENT="(die" WC="0.96" CC="7650"/>
					</TextLine>
					<TextLine ID="P4_TL00072" HPOS="44" VPOS="5070" WIDTH="1503" HEIGHT="65">
						<String ID="P4_ST00511" HPOS="44" VPOS="5070" WIDTH="275" HEIGHT="51" CONTENT="SChönheit" WC="0.82" CC="070007000"/>
						<SP ID="P4_SP00438" HPOS="319" VPOS="5121" WIDTH="43"/>
						<String ID="P4_ST00512" HPOS="362" VPOS="5073" WIDTH="88" HEIGHT="47" CONTENT="der" WC="0.97" CC="070"/>
						<SP ID="P4_SP00439" HPOS="450" VPOS="5121" WIDTH="42"/>
						<String ID="P4_ST00513" HPOS="492" VPOS="5073" WIDTH="193" HEIGHT="47" CONTENT="Stunde" WC="1.00" CC="004000"/>
						<SP ID="P4_SP00440" HPOS="685" VPOS="5121" WIDTH="38"/>
						<String ID="P4_ST00514" HPOS="723" VPOS="5086" WIDTH="61" HEIGHT="34" CONTENT="zu" WC="0.22" CC="95"/>
						<SP ID="P4_SP00441" HPOS="784" VPOS="5121" WIDTH="42"/>
						<String ID="P4_ST00515" HPOS="826" VPOS="5074" WIDTH="228" HEIGHT="61" CONTENT="bringen." WC="0.99" CC="20130104"/>
						<SP ID="P4_SP00442" HPOS="1054" VPOS="5135" WIDTH="72"/>
						<String ID="P4_ST00516" HPOS="1126" VPOS="5074" WIDTH="143" HEIGHT="48" CONTENT="Groß" WC="0.97" CC="6500"/>
						<SP ID="P4_SP00443" HPOS="1269" VPOS="5135" WIDTH="46"/>
						<String ID="P4_ST00517" HPOS="1315" VPOS="5074" WIDTH="122" HEIGHT="48" CONTENT="hebt" WC="0.98" CC="0700"/>
						<SP ID="P4_SP00444" HPOS="1437" VPOS="5135" WIDTH="37"/>
						<String ID="P4_ST00518" HPOS="1474" VPOS="5076" WIDTH="73" HEIGHT="47" CONTENT="sie" WC="0.96" CC="037"/>
					</TextLine>
					<TextLine ID="P4_TL00073" HPOS="43" VPOS="5141" WIDTH="1508" HEIGHT="65">
						<String ID="P4_ST00519" HPOS="43" VPOS="5142" WIDTH="107" HEIGHT="48" CONTENT="sich" WC="0.93" CC="9669"/>
						<SP ID="P4_SP00445" HPOS="150" VPOS="5190" WIDTH="41"/>
						<String ID="P4_ST00520" HPOS="191" VPOS="5150" WIDTH="93" HEIGHT="43" CONTENT="Vor" WC="0.93" CC="692"/>
						<SP ID="P4_SP00446" HPOS="284" VPOS="5193" WIDTH="38"/>
						<String ID="P4_ST00521" HPOS="322" VPOS="5141" WIDTH="135" HEIGHT="49" CONTENT="ihrer" WC="0.99" CC="80010"/>
						<SP ID="P4_SP00447" HPOS="457" VPOS="5193" WIDTH="44"/>
						<String ID="P4_ST00522" HPOS="501" VPOS="5145" WIDTH="172" HEIGHT="58" CONTENT="Ferne," WC="0.98" CC="670004"/>
						<SP ID="P4_SP00448" HPOS="673" VPOS="5203" WIDTH="44"/>
						<String ID="P4_ST00523" HPOS="717" VPOS="5144" WIDTH="127" HEIGHT="61" CONTENT="groß" WC="0.98" CC="0900"/>
						<SP ID="P4_SP00449" HPOS="844" VPOS="5205" WIDTH="46"/>
						<String ID="P4_ST00524" HPOS="890" VPOS="5147" WIDTH="111" HEIGHT="59" CONTENT="ragt" WC="0.99" CC="6000"/>
						<SP ID="P4_SP00450" HPOS="1001" VPOS="5206" WIDTH="43"/>
						<String ID="P4_ST00525" HPOS="1044" VPOS="5144" WIDTH="105" HEIGHT="49" CONTENT="ihre" WC="0.99" CC="2100"/>
						<SP ID="P4_SP00451" HPOS="1149" VPOS="5206" WIDTH="44"/>
						<String ID="P4_ST00526" HPOS="1193" VPOS="5143" WIDTH="358" HEIGHT="63" CONTENT="Einzelgestalt" WC="1.00" CC="5002480000025"/>
					</TextLine>
					<TextLine ID="P4_TL00074" HPOS="45" VPOS="5212" WIDTH="1505" HEIGHT="61">
						<String ID="P4_ST00527" HPOS="45" VPOS="5225" WIDTH="168" HEIGHT="48" CONTENT="gegen" WC="0.97" CC="05908"/>
						<SP ID="P4_SP00452" HPOS="213" VPOS="5273" WIDTH="27"/>
						<String ID="P4_ST00528" HPOS="240" VPOS="5212" WIDTH="86" HEIGHT="50" CONTENT="die" WC="1.00" CC="010"/>
						<SP ID="P4_SP00453" HPOS="326" VPOS="5273" WIDTH="24"/>
						<String ID="P4_ST00529" HPOS="350" VPOS="5212" WIDTH="280" HEIGHT="49" CONTENT="sinkenden" WC="0.99" CC="345006002"/>
						<SP ID="P4_SP00454" HPOS="630" VPOS="5273" WIDTH="28"/>
						<String ID="P4_ST00530" HPOS="658" VPOS="5214" WIDTH="226" HEIGHT="48" CONTENT="Massen." WC="0.99" CC="0520004"/>
						<SP ID="P4_SP00455" HPOS="884" VPOS="5273" WIDTH="58"/>
						<String ID="P4_ST00531" HPOS="942" VPOS="5215" WIDTH="129" HEIGHT="47" CONTENT="Tote" WC="0.99" CC="0400"/>
						<SP ID="P4_SP00456" HPOS="1071" VPOS="5273" WIDTH="30"/>
						<String ID="P4_ST00532" HPOS="1101" VPOS="5215" WIDTH="103" HEIGHT="47" CONTENT="und" WC="0.96" CC="650"/>
						<SP ID="P4_SP00457" HPOS="1204" VPOS="5273" WIDTH="30"/>
						<String ID="P4_ST00533" HPOS="1234" VPOS="5216" WIDTH="49" HEIGHT="48" CONTENT="in" WC="0.77" CC="22"/>
						<SP ID="P4_SP00458" HPOS="1283" VPOS="5273" WIDTH="31"/>
						<String ID="P4_ST00534" HPOS="1314" VPOS="5216" WIDTH="197" HEIGHT="52" CONTENT="Dämme" SUBS_TYPE="HypPart1" SUBS_CONTENT="Dämmerung" WC="0.99" CC="09000"/>
						<HYP HPOS="1511" VPOS="5216" WIDTH="39" CONTENT="-"/>
					</TextLine>
					<TextLine ID="P4_TL00075" HPOS="47" VPOS="5280" WIDTH="1501" HEIGHT="64">
						<String ID="P4_ST00535" HPOS="47" VPOS="5297" WIDTH="130" HEIGHT="47" CONTENT="rung" SUBS_TYPE="HypPart2" SUBS_CONTENT="Dämmerung" WC="0.99" CC="0600"/>
						<SP ID="P4_SP00459" HPOS="177" VPOS="5344" WIDTH="35"/>
						<String ID="P4_ST00536" HPOS="212" VPOS="5280" WIDTH="318" HEIGHT="50" CONTENT="Wandelinde" WC="0.99" CC="0060857107"/>
						<SP ID="P4_SP00460" HPOS="530" VPOS="5344" WIDTH="37"/>
						<String ID="P4_ST00537" HPOS="567" VPOS="5284" WIDTH="115" HEIGHT="49" CONTENT="sind" WC="0.98" CC="0470"/>
						<SP ID="P4_SP00461" HPOS="682" VPOS="5344" WIDTH="34"/>
						<String ID="P4_ST00538" HPOS="716" VPOS="5284" WIDTH="157" HEIGHT="48" CONTENT="bunte" WC="0.98" CC="06407"/>
						<SP ID="P4_SP00462" HPOS="873" VPOS="5344" WIDTH="38"/>
						<String ID="P4_ST00539" HPOS="911" VPOS="5285" WIDTH="259" HEIGHT="48" CONTENT="Schemen." WC="0.98" CC="00900684"/>
						<SP ID="P4_SP00463" HPOS="1170" VPOS="5344" WIDTH="67"/>
						<String ID="P4_ST00540" HPOS="1237" VPOS="5285" WIDTH="162" HEIGHT="49" CONTENT="Stiller" WC="0.99" CC="0072000"/>
						<SP ID="P4_SP00464" HPOS="1399" VPOS="5344" WIDTH="35"/>
						<String ID="P4_ST00541" HPOS="1434" VPOS="5287" WIDTH="114" HEIGHT="48" CONTENT="sind" WC="0.97" CC="4450"/>
					</TextLine>
					<TextLine ID="P4_TL00076" HPOS="47" VPOS="5350" WIDTH="1500" HEIGHT="67">
						<String ID="P4_ST00542" HPOS="47" VPOS="5352" WIDTH="107" HEIGHT="49" CONTENT="ihre" WC="0.98" CC="0700"/>
						<SP ID="P4_SP00465" HPOS="154" VPOS="5401" WIDTH="46"/>
						<String ID="P4_ST00543" HPOS="200" VPOS="5353" WIDTH="159" HEIGHT="62" CONTENT="Züge," WC="0.98" CC="00094"/>
						<SP ID="P4_SP00466" HPOS="359" VPOS="5415" WIDTH="47"/>
						<String ID="P4_ST00544" HPOS="406" VPOS="5350" WIDTH="278" HEIGHT="51" CONTENT="deutlicher" WC="0.99" CC="0760806090"/>
						<SP ID="P4_SP00467" HPOS="684" VPOS="5415" WIDTH="48"/>
						<String ID="P4_ST00545" HPOS="732" VPOS="5354" WIDTH="139" HEIGHT="48" CONTENT="redet" WC="1.00" CC="00000"/>
						<SP ID="P4_SP00468" HPOS="871" VPOS="5415" WIDTH="43"/>
						<String ID="P4_ST00546" HPOS="914" VPOS="5369" WIDTH="94" HEIGHT="34" CONTENT="aus" WC="0.95" CC="076"/>
						<SP ID="P4_SP00469" HPOS="1008" VPOS="5415" WIDTH="50"/>
						<String ID="P4_ST00547" HPOS="1058" VPOS="5356" WIDTH="168" HEIGHT="60" CONTENT="ihnen," WC="0.98" CC="338074"/>
						<SP ID="P4_SP00470" HPOS="1226" VPOS="5416" WIDTH="48"/>
						<String ID="P4_ST00548" HPOS="1274" VPOS="5356" WIDTH="129" HEIGHT="61" CONTENT="groß" WC="0.98" CC="0700"/>
						<SP ID="P4_SP00471" HPOS="1403" VPOS="5417" WIDTH="49"/>
						<String ID="P4_ST00549" HPOS="1452" VPOS="5361" WIDTH="95" HEIGHT="46" CONTENT="wie" WC="0.97" CC="007"/>
					</TextLine>
					<TextLine ID="P4_TL00077" HPOS="41" VPOS="5421" WIDTH="1505" HEIGHT="63">
						<String ID="P4_ST00550" HPOS="41" VPOS="5421" WIDTH="91" HEIGHT="50" CONTENT="auf" WC="0.92" CC="676"/>
						<SP ID="P4_SP00472" HPOS="132" VPOS="5471" WIDTH="34"/>
						<String ID="P4_ST00551" HPOS="166" VPOS="5422" WIDTH="172" HEIGHT="48" CONTENT="Steine" WC="0.98" CC="007342"/>
						<SP ID="P4_SP00473" HPOS="338" VPOS="5471" WIDTH="33"/>
						<String ID="P4_ST00552" HPOS="371" VPOS="5422" WIDTH="268" HEIGHT="62" CONTENT="gehauene" WC="0.99" CC="00027060"/>
						<SP ID="P4_SP00474" HPOS="639" VPOS="5484" WIDTH="37"/>
						<String ID="P4_ST00553" HPOS="676" VPOS="5423" WIDTH="231" HEIGHT="60" CONTENT="Masken," WC="0.99" CC="0400014"/>
						<SP ID="P4_SP00475" HPOS="907" VPOS="5484" WIDTH="41"/>
						<String ID="P4_ST00554" HPOS="948" VPOS="5426" WIDTH="104" HEIGHT="45" CONTENT="zart" WC="1.00" CC="0100"/>
						<SP ID="P4_SP00476" HPOS="1052" VPOS="5484" WIDTH="36"/>
						<String ID="P4_ST00555" HPOS="1088" VPOS="5426" WIDTH="95" HEIGHT="46" CONTENT="wie" WC="0.96" CC="047"/>
						<SP ID="P4_SP00477" HPOS="1183" VPOS="5484" WIDTH="37"/>
						<String ID="P4_ST00556" HPOS="1220" VPOS="5425" WIDTH="91" HEIGHT="46" CONTENT="auf" WC="0.98" CC="060"/>
						<SP ID="P4_SP00478" HPOS="1311" VPOS="5484" WIDTH="35"/>
						<String ID="P4_ST00557" HPOS="1346" VPOS="5424" WIDTH="200" HEIGHT="48" CONTENT="Bildern" WC="0.98" CC="4580703"/>
					</TextLine>
					<TextLine ID="P4_TL00078" HPOS="44" VPOS="5492" WIDTH="1005" HEIGHT="62">
						<String ID="P4_ST00558" HPOS="44" VPOS="5501" WIDTH="102" HEIGHT="39" CONTENT="Von" WC="0.95" CC="902"/>
						<SP ID="P4_SP00479" HPOS="146" VPOS="5540" WIDTH="43"/>
						<String ID="P4_ST00559" HPOS="189" VPOS="5492" WIDTH="245" HEIGHT="51" CONTENT="weichem" WC="0.97" CC="0017979"/>
						<SP ID="P4_SP00480" HPOS="434" VPOS="5543" WIDTH="46"/>
						<String ID="P4_ST00560" HPOS="480" VPOS="5493" WIDTH="203" HEIGHT="61" CONTENT="Wachs," WC="0.98" CC="050764"/>
						<SP ID="P4_SP00481" HPOS="683" VPOS="5554" WIDTH="44"/>
						<String ID="P4_ST00561" HPOS="727" VPOS="5494" WIDTH="79" HEIGHT="49" CONTENT="ihr" WC="0.96" CC="720"/>
						<SP ID="P4_SP00482" HPOS="806" VPOS="5554" WIDTH="41"/>
						<String ID="P4_ST00562" HPOS="847" VPOS="5495" WIDTH="202" HEIGHT="48" CONTENT="Wesen." WC="0.99" CC="000084"/>
					</TextLine>
					<TextLine ID="P4_TL00079" HPOS="175" VPOS="5576" WIDTH="1373" HEIGHT="51">
						<String ID="P4_ST00563" HPOS="175" VPOS="5577" WIDTH="103" HEIGHT="48" CONTENT="Das" WC="0.97" CC="026"/>
						<SP ID="P4_SP00483" HPOS="278" VPOS="5625" WIDTH="52"/>
						<String ID="P4_ST00564" HPOS="330" VPOS="5576" WIDTH="140" HEIGHT="50" CONTENT="ferne" WC="0.98" CC="46030"/>
						<SP ID="P4_SP00484" HPOS="470" VPOS="5626" WIDTH="48"/>
						<String ID="P4_ST00565" HPOS="518" VPOS="5578" WIDTH="209" HEIGHT="48" CONTENT="Wasser" WC="1.00" CC="006000"/>
						<SP ID="P4_SP00485" HPOS="727" VPOS="5626" WIDTH="46"/>
						<String ID="P4_ST00566" HPOS="773" VPOS="5577" WIDTH="154" HEIGHT="49" CONTENT="welllt" WC="0.78" CC="003054"/>
						<SP ID="P4_SP00486" HPOS="927" VPOS="5626" WIDTH="49"/>
						<String ID="P4_ST00567" HPOS="976" VPOS="5577" WIDTH="104" HEIGHT="50" CONTENT="sich" WC="0.97" CC="0409"/>
						<SP ID="P4_SP00487" HPOS="1080" VPOS="5627" WIDTH="49"/>
						<String ID="P4_ST00568" HPOS="1129" VPOS="5577" WIDTH="136" HEIGHT="49" CONTENT="wohl" WC="0.98" CC="0152"/>
						<SP ID="P4_SP00488" HPOS="1265" VPOS="5627" WIDTH="49"/>
						<String ID="P4_ST00569" HPOS="1314" VPOS="5579" WIDTH="96" HEIGHT="47" CONTENT="wie" WC="0.96" CC="047"/>
						<SP ID="P4_SP00489" HPOS="1410" VPOS="5627" WIDTH="47"/>
						<String ID="P4_ST00570" HPOS="1457" VPOS="5577" WIDTH="91" HEIGHT="49" CONTENT="das" WC="0.95" CC="920"/>
					</TextLine>
					<TextLine ID="P4_TL00080" HPOS="50" VPOS="5647" WIDTH="1499" HEIGHT="52">
						<String ID="P4_ST00571" HPOS="50" VPOS="5648" WIDTH="139" HEIGHT="49" CONTENT="Haar" WC="0.96" CC="7630"/>
						<SP ID="P4_SP00490" HPOS="189" VPOS="5697" WIDTH="46"/>
						<String ID="P4_ST00572" HPOS="235" VPOS="5648" WIDTH="167" HEIGHT="49" CONTENT="dieser" WC="0.98" CC="032670"/>
						<SP ID="P4_SP00491" HPOS="402" VPOS="5697" WIDTH="51"/>
						<String ID="P4_ST00573" HPOS="453" VPOS="5648" WIDTH="142" HEIGHT="48" CONTENT="Frau." WC="0.98" CC="60074"/>
						<SP ID="P4_SP00492" HPOS="595" VPOS="5697" WIDTH="80"/>
						<String ID="P4_ST00574" HPOS="675" VPOS="5648" WIDTH="97" HEIGHT="47" CONTENT="Die" WC="0.97" CC="017"/>
						<SP ID="P4_SP00493" HPOS="772" VPOS="5697" WIDTH="48"/>
						<String ID="P4_ST00575" HPOS="820" VPOS="5648" WIDTH="171" HEIGHT="48" CONTENT="Falten" WC="0.97" CC="428903"/>
						<SP ID="P4_SP00494" HPOS="991" VPOS="5697" WIDTH="48"/>
						<String ID="P4_ST00576" HPOS="1039" VPOS="5649" WIDTH="91" HEIGHT="47" CONTENT="der" WC="1.00" CC="000"/>
						<SP ID="P4_SP00495" HPOS="1130" VPOS="5697" WIDTH="45"/>
						<String ID="P4_ST00577" HPOS="1175" VPOS="5647" WIDTH="374" HEIGHT="52" CONTENT="Wasserfläche" WC="0.99" CC="040000650907"/>
					</TextLine>
					<TextLine ID="P4_TL00081" HPOS="45" VPOS="5717" WIDTH="1503" HEIGHT="64">
						<String ID="P4_ST00578" HPOS="45" VPOS="5717" WIDTH="107" HEIGHT="50" CONTENT="und" WC="0.94" CC="709"/>
						<SP ID="P4_SP00496" HPOS="152" VPOS="5767" WIDTH="48"/>
						<String ID="P4_ST00579" HPOS="200" VPOS="5718" WIDTH="83" HEIGHT="49" CONTENT="die" WC="0.99" CC="030"/>
						<SP ID="P4_SP00497" HPOS="283" VPOS="5767" WIDTH="48"/>
						<String ID="P4_ST00580" HPOS="331" VPOS="5717" WIDTH="227" HEIGHT="49" CONTENT="FurChen" WC="0.30" CC="6749478"/>
						<SP ID="P4_SP00498" HPOS="558" VPOS="5767" WIDTH="50"/>
						<String ID="P4_ST00581" HPOS="608" VPOS="5717" WIDTH="90" HEIGHT="48" CONTENT="der" WC="1.00" CC="000"/>
						<SP ID="P4_SP00499" HPOS="698" VPOS="5767" WIDTH="48"/>
						<String ID="P4_ST00582" HPOS="746" VPOS="5718" WIDTH="238" HEIGHT="48" CONTENT="Gesteine" WC="0.98" CC="09307052"/>
						<SP ID="P4_SP00500" HPOS="984" VPOS="5767" WIDTH="52"/>
						<String ID="P4_ST00583" HPOS="1036" VPOS="5719" WIDTH="102" HEIGHT="48" CONTENT="und" WC="0.97" CC="440"/>
						<SP ID="P4_SP00501" HPOS="1138" VPOS="5767" WIDTH="48"/>
						<String ID="P4_ST00584" HPOS="1186" VPOS="5719" WIDTH="83" HEIGHT="48" CONTENT="die" WC="0.98" CC="040"/>
						<SP ID="P4_SP00502" HPOS="1269" VPOS="5767" WIDTH="46"/>
						<String ID="P4_ST00585" HPOS="1315" VPOS="5719" WIDTH="233" HEIGHT="62" CONTENT="Gesetze," WC="0.99" CC="60700704"/>
					</TextLine>
					<TextLine ID="P4_TL00082" HPOS="45" VPOS="5786" WIDTH="1503" HEIGHT="64">
						<String ID="P4_ST00586" HPOS="45" VPOS="5791" WIDTH="149" HEIGHT="45" CONTENT="unter" WC="0.97" CC="66105"/>
						<SP ID="P4_SP00503" HPOS="194" VPOS="5836" WIDTH="21"/>
						<String ID="P4_ST00587" HPOS="215" VPOS="5789" WIDTH="156" HEIGHT="47" CONTENT="deren" WC="0.98" CC="06262"/>
						<SP ID="P4_SP00504" HPOS="371" VPOS="5836" WIDTH="27"/>
						<String ID="P4_ST00588" HPOS="398" VPOS="5789" WIDTH="198" HEIGHT="60" CONTENT="Zwang" WC="0.98" CC="00039"/>
						<SP ID="P4_SP00505" HPOS="596" VPOS="5849" WIDTH="20"/>
						<String ID="P4_ST00589" HPOS="616" VPOS="5789" WIDTH="73" HEIGHT="47" CONTENT="sie" WC="0.98" CC="040"/>
						<SP ID="P4_SP00506" HPOS="689" VPOS="5849" WIDTH="26"/>
						<String ID="P4_ST00590" HPOS="715" VPOS="5787" WIDTH="104" HEIGHT="49" CONTENT="sich" WC="0.96" CC="0447"/>
						<SP ID="P4_SP00507" HPOS="819" VPOS="5849" WIDTH="23"/>
						<String ID="P4_ST00591" HPOS="842" VPOS="5786" WIDTH="189" HEIGHT="62" CONTENT="bilden," WC="0.98" CC="0270734"/>
						<SP ID="P4_SP00508" HPOS="1031" VPOS="5849" WIDTH="25"/>
						<String ID="P4_ST00592" HPOS="1056" VPOS="5788" WIDTH="186" HEIGHT="49" CONTENT="kannte" WC="0.98" CC="036390"/>
						<SP ID="P4_SP00509" HPOS="1242" VPOS="5849" WIDTH="25"/>
						<String ID="P4_ST00593" HPOS="1267" VPOS="5791" WIDTH="281" HEIGHT="59" CONTENT="Leonardo," WC="0.99" CC="000500094"/>
					</TextLine>
					<TextLine ID="P4_TL00083" HPOS="46" VPOS="5857" WIDTH="1506" HEIGHT="51">
						<String ID="P4_ST00594" HPOS="46" VPOS="5860" WIDTH="162" HEIGHT="48" CONTENT="sowie" WC="0.99" CC="00017"/>
						<SP ID="P4_SP00510" HPOS="208" VPOS="5908" WIDTH="35"/>
						<String ID="P4_ST00595" HPOS="243" VPOS="5874" WIDTH="55" HEIGHT="33" CONTENT="er" WC="0.63" CC="70"/>
						<SP ID="P4_SP00511" HPOS="298" VPOS="5908" WIDTH="33"/>
						<String ID="P4_ST00596" HPOS="331" VPOS="5858" WIDTH="81" HEIGHT="50" CONTENT="die" WC="0.99" CC="003"/>
						<SP ID="P4_SP00512" HPOS="412" VPOS="5908" WIDTH="41"/>
						<String ID="P4_ST00597" HPOS="453" VPOS="5858" WIDTH="172" HEIGHT="48" CONTENT="Falten" WC="0.99" CC="603000"/>
						<SP ID="P4_SP00513" HPOS="625" VPOS="5908" WIDTH="38"/>
						<String ID="P4_ST00598" HPOS="663" VPOS="5858" WIDTH="105" HEIGHT="48" CONTENT="und" WC="0.96" CC="460"/>
						<SP ID="P4_SP00514" HPOS="768" VPOS="5908" WIDTH="38"/>
						<String ID="P4_ST00599" HPOS="806" VPOS="5858" WIDTH="194" HEIGHT="50" CONTENT="Rinnen" WC="0.97" CC="043468"/>
						<SP ID="P4_SP00515" HPOS="1000" VPOS="5908" WIDTH="38"/>
						<String ID="P4_ST00600" HPOS="1038" VPOS="5861" WIDTH="66" HEIGHT="46" CONTENT="im" WC="0.87" CC="20"/>
						<SP ID="P4_SP00516" HPOS="1104" VPOS="5908" WIDTH="39"/>
						<String ID="P4_ST00601" HPOS="1143" VPOS="5857" WIDTH="232" HEIGHT="51" CONTENT="Gewand" WC="0.98" CC="766000"/>
						<SP ID="P4_SP00517" HPOS="1375" VPOS="5908" WIDTH="38"/>
						<String ID="P4_ST00602" HPOS="1413" VPOS="5861" WIDTH="139" HEIGHT="47" CONTENT="Lisas" WC="1.00" CC="00000"/>
					</TextLine>
					<TextLine ID="P4_TL00084" HPOS="45" VPOS="5927" WIDTH="1505" HEIGHT="54">
						<String ID="P4_ST00603" HPOS="45" VPOS="5927" WIDTH="191" HEIGHT="51" CONTENT="binden" WC="0.97" CC="756053"/>
						<SP ID="P4_SP00518" HPOS="236" VPOS="5978" WIDTH="48"/>
						<String ID="P4_ST00604" HPOS="284" VPOS="5930" WIDTH="106" HEIGHT="48" CONTENT="und" WC="0.95" CC="650"/>
						<SP ID="P4_SP00519" HPOS="390" VPOS="5978" WIDTH="49"/>
						<String ID="P4_ST00605" HPOS="439" VPOS="5930" WIDTH="108" HEIGHT="49" CONTENT="ihre" WC="0.97" CC="8080"/>
						<SP ID="P4_SP00520" HPOS="547" VPOS="5979" WIDTH="53"/>
						<String ID="P4_ST00606" HPOS="600" VPOS="5929" WIDTH="189" HEIGHT="52" CONTENT="Reihen" WC="0.98" CC="050577"/>
						<SP ID="P4_SP00521" HPOS="789" VPOS="5981" WIDTH="48"/>
						<String ID="P4_ST00607" HPOS="837" VPOS="5929" WIDTH="168" HEIGHT="48" CONTENT="malen" WC="0.99" CC="00202"/>
						<SP ID="P4_SP00522" HPOS="1005" VPOS="5981" WIDTH="50"/>
						<String ID="P4_ST00608" HPOS="1055" VPOS="5930" WIDTH="204" HEIGHT="49" CONTENT="konnte." WC="1.00" CC="0003003"/>
						<SP ID="P4_SP00523" HPOS="1259" VPOS="5981" WIDTH="81"/>
						<String ID="P4_ST00609" HPOS="1340" VPOS="5930" WIDTH="87" HEIGHT="49" CONTENT="Als" WC="0.97" CC="025"/>
						<SP ID="P4_SP00524" HPOS="1427" VPOS="5981" WIDTH="48"/>
						<String ID="P4_ST00610" HPOS="1475" VPOS="5934" WIDTH="75" HEIGHT="47" CONTENT="sie" WC="0.97" CC="007"/>
					</TextLine>
					<TextLine ID="P4_TL00085" HPOS="50" VPOS="5998" WIDTH="1500" HEIGHT="64">
						<String ID="P4_ST00611" HPOS="50" VPOS="5998" WIDTH="127" HEIGHT="49" CONTENT="eben" WC="0.97" CC="0606"/>
						<SP ID="P4_SP00525" HPOS="177" VPOS="6047" WIDTH="35"/>
						<String ID="P4_ST00612" HPOS="212" VPOS="6000" WIDTH="307" HEIGHT="62" CONTENT="gekommen" WC="1.00" CC="00000004"/>
						<SP ID="P4_SP00526" HPOS="519" VPOS="6062" WIDTH="35"/>
						<String ID="P4_ST00613" HPOS="554" VPOS="6016" WIDTH="109" HEIGHT="32" CONTENT="war" WC="1.00" CC="000"/>
						<SP ID="P4_SP00527" HPOS="663" VPOS="6062" WIDTH="33"/>
						<String ID="P4_ST00614" HPOS="696" VPOS="6002" WIDTH="103" HEIGHT="46" CONTENT="und" WC="0.96" CC="530"/>
						<SP ID="P4_SP00528" HPOS="799" VPOS="6062" WIDTH="37"/>
						<String ID="P4_ST00615" HPOS="836" VPOS="6001" WIDTH="90" HEIGHT="47" CONTENT="der" WC="0.98" CC="060"/>
						<SP ID="P4_SP00529" HPOS="926" VPOS="6062" WIDTH="35"/>
						<String ID="P4_ST00616" HPOS="961" VPOS="6001" WIDTH="232" HEIGHT="47" CONTENT="nahende" WC="1.00" CC="3000400"/>
						<SP ID="P4_SP00530" HPOS="1193" VPOS="6062" WIDTH="38"/>
						<String ID="P4_ST00617" HPOS="1231" VPOS="6002" WIDTH="179" HEIGHT="48" CONTENT="Abend" WC="0.99" CC="05020"/>
						<SP ID="P4_SP00531" HPOS="1410" VPOS="6062" WIDTH="33"/>
						<String ID="P4_ST00618" HPOS="1443" VPOS="6002" WIDTH="107" HEIGHT="51" CONTENT="ihre" WC="0.97" CC="6700"/>
					</TextLine>
					<TextLine ID="P4_TL00086" HPOS="49" VPOS="6068" WIDTH="1503" HEIGHT="64">
						<String ID="P4_ST00619" HPOS="49" VPOS="6068" WIDTH="183" HEIGHT="55" CONTENT="Hände" WC="0.97" CC="69700"/>
						<SP ID="P4_SP00532" HPOS="232" VPOS="6123" WIDTH="54"/>
						<String ID="P4_ST00620" HPOS="286" VPOS="6070" WIDTH="503" HEIGHT="62" CONTENT="zusammengeführt" WC="0.99" CC="423740730060530"/>
						<SP ID="P4_SP00533" HPOS="789" VPOS="6132" WIDTH="53"/>
						<String ID="P4_ST00621" HPOS="842" VPOS="6071" WIDTH="152" HEIGHT="60" CONTENT="hatte," WC="0.99" CC="110074"/>
						<SP ID="P4_SP00534" HPOS="994" VPOS="6132" WIDTH="54"/>
						<String ID="P4_ST00622" HPOS="1048" VPOS="6071" WIDTH="105" HEIGHT="47" CONTENT="und" WC="0.96" CC="630"/>
						<SP ID="P4_SP00535" HPOS="1153" VPOS="6132" WIDTH="51"/>
						<String ID="P4_ST00623" HPOS="1204" VPOS="6074" WIDTH="72" HEIGHT="45" CONTENT="sie" WC="0.97" CC="007"/>
						<SP ID="P4_SP00536" HPOS="1276" VPOS="6132" WIDTH="55"/>
						<String ID="P4_ST00624" HPOS="1331" VPOS="6087" WIDTH="59" HEIGHT="32" CONTENT="so" WC="1.00" CC="00"/>
						<SP ID="P4_SP00537" HPOS="1390" VPOS="6132" WIDTH="55"/>
						<String ID="P4_ST00625" HPOS="1445" VPOS="6071" WIDTH="81" HEIGHT="50" CONTENT="auf" SUBS_TYPE="HypPart1" SUBS_CONTENT="aufgerichtet" WC="0.96" CC="076"/>
						<HYP HPOS="1526" VPOS="6071" WIDTH="26" CONTENT="-"/>
					</TextLine>
					<TextLine ID="P4_TL00087" HPOS="46" VPOS="6140" WIDTH="1503" HEIGHT="61">
						<String ID="P4_ST00626" HPOS="46" VPOS="6140" WIDTH="245" HEIGHT="61" CONTENT="gerichtet" SUBS_TYPE="HypPart2" SUBS_CONTENT="aufgerichtet" WC="0.99" CC="910069000"/>
						<SP ID="P4_SP00538" HPOS="291" VPOS="6201" WIDTH="29"/>
						<String ID="P4_ST00627" HPOS="320" VPOS="6142" WIDTH="111" HEIGHT="59" CONTENT="saß," WC="0.98" CC="6004"/>
						<SP ID="P4_SP00539" HPOS="431" VPOS="6201" WIDTH="33"/>
						<String ID="P4_ST00628" HPOS="464" VPOS="6144" WIDTH="100" HEIGHT="45" CONTENT="wie" WC="1.00" CC="001"/>
						<SP ID="P4_SP00540" HPOS="564" VPOS="6201" WIDTH="28"/>
						<String ID="P4_ST00629" HPOS="592" VPOS="6143" WIDTH="116" HEIGHT="47" CONTENT="eine" WC="0.96" CC="9028"/>
						<SP ID="P4_SP00541" HPOS="708" VPOS="6201" WIDTH="33"/>
						<String ID="P4_ST00630" HPOS="741" VPOS="6140" WIDTH="361" HEIGHT="52" CONTENT="Florentinerin" WC="0.99" CC="6840000370020"/>
						<SP ID="P4_SP00542" HPOS="1102" VPOS="6201" WIDTH="33"/>
						<String ID="P4_ST00631" HPOS="1135" VPOS="6141" WIDTH="106" HEIGHT="49" CONTENT="sich" WC="0.96" CC="0565"/>
						<SP ID="P4_SP00543" HPOS="1241" VPOS="6201" WIDTH="32"/>
						<String ID="P4_ST00632" HPOS="1273" VPOS="6143" WIDTH="85" HEIGHT="56" CONTENT="bei," WC="0.95" CC="2774"/>
						<SP ID="P4_SP00544" HPOS="1358" VPOS="6201" WIDTH="28"/>
						<String ID="P4_ST00633" HPOS="1386" VPOS="6145" WIDTH="163" HEIGHT="47" CONTENT="einem" WC="0.99" CC="03500"/>
					</TextLine>
					<TextLine ID="P4_TL00088" HPOS="50" VPOS="6208" WIDTH="1501" HEIGHT="66">
						<String ID="P4_ST00634" HPOS="50" VPOS="6208" WIDTH="195" HEIGHT="49" CONTENT="Besuch" WC="0.97" CC="605379"/>
						<SP ID="P4_SP00545" HPOS="245" VPOS="6257" WIDTH="37"/>
						<String ID="P4_ST00635" HPOS="282" VPOS="6209" WIDTH="118" HEIGHT="64" CONTENT="hält," WC="0.96" CC="96804"/>
						<SP ID="P4_SP00546" HPOS="400" VPOS="6273" WIDTH="36"/>
						<String ID="P4_ST00636" HPOS="436" VPOS="6212" WIDTH="67" HEIGHT="49" CONTENT="da" WC="1.00" CC="00"/>
						<SP ID="P4_SP00547" HPOS="503" VPOS="6273" WIDTH="33"/>
						<String ID="P4_ST00637" HPOS="536" VPOS="6212" WIDTH="176" HEIGHT="49" CONTENT="wurde" WC="0.98" CC="07107"/>
						<SP ID="P4_SP00548" HPOS="712" VPOS="6273" WIDTH="31"/>
						<String ID="P4_ST00638" HPOS="743" VPOS="6212" WIDTH="94" HEIGHT="49" CONTENT="der" WC="0.97" CC="070"/>
						<SP ID="P4_SP00549" HPOS="837" VPOS="6273" WIDTH="34"/>
						<String ID="P4_ST00639" HPOS="871" VPOS="6213" WIDTH="166" HEIGHT="48" CONTENT="Sessel" WC="0.99" CC="040406"/>
						<SP ID="P4_SP00550" HPOS="1037" VPOS="6273" WIDTH="35"/>
						<String ID="P4_ST00640" HPOS="1072" VPOS="6228" WIDTH="114" HEIGHT="33" CONTENT="zum" WC="0.98" CC="050"/>
						<SP ID="P4_SP00551" HPOS="1186" VPOS="6273" WIDTH="34"/>
						<String ID="P4_ST00641" HPOS="1220" VPOS="6211" WIDTH="188" HEIGHT="63" CONTENT="Thron," WC="0.99" CC="073004"/>
						<SP ID="P4_SP00552" HPOS="1408" VPOS="6274" WIDTH="39"/>
						<String ID="P4_ST00642" HPOS="1447" VPOS="6215" WIDTH="104" HEIGHT="48" CONTENT="und" WC="0.94" CC="950"/>
					</TextLine>
					<TextLine ID="P4_TL00089" HPOS="46" VPOS="6278" WIDTH="1502" HEIGHT="71">
						<String ID="P4_ST00643" HPOS="46" VPOS="6278" WIDTH="87" HEIGHT="52" CONTENT="die" WC="0.97" CC="061"/>
						<SP ID="P4_SP00553" HPOS="133" VPOS="6330" WIDTH="51"/>
						<String ID="P4_ST00644" HPOS="184" VPOS="6280" WIDTH="168" HEIGHT="60" CONTENT="Linke," WC="0.98" CC="026074"/>
						<SP ID="P4_SP00554" HPOS="352" VPOS="6340" WIDTH="52"/>
						<String ID="P4_ST00645" HPOS="404" VPOS="6282" WIDTH="91" HEIGHT="48" CONTENT="auf" WC="0.95" CC="066"/>
						<SP ID="P4_SP00555" HPOS="495" VPOS="6340" WIDTH="51"/>
						<String ID="P4_ST00646" HPOS="546" VPOS="6283" WIDTH="91" HEIGHT="48" CONTENT="der" WC="1.00" CC="000"/>
						<SP ID="P4_SP00556" HPOS="637" VPOS="6340" WIDTH="50"/>
						<String ID="P4_ST00647" HPOS="687" VPOS="6283" WIDTH="270" HEIGHT="49" CONTENT="Armlehne" WC="0.98" CC="05086754"/>
						<SP ID="P4_SP00557" HPOS="957" VPOS="6340" WIDTH="53"/>
						<String ID="P4_ST00648" HPOS="1010" VPOS="6286" WIDTH="96" HEIGHT="46" CONTENT="wie" WC="0.99" CC="030"/>
						<SP ID="P4_SP00558" HPOS="1106" VPOS="6340" WIDTH="52"/>
						<String ID="P4_ST00649" HPOS="1158" VPOS="6289" WIDTH="82" HEIGHT="49" CONTENT="ein" WC="0.95" CC="048"/>
						<SP ID="P4_SP00559" HPOS="1240" VPOS="6340" WIDTH="52"/>
						<String ID="P4_ST00650" HPOS="1292" VPOS="6284" WIDTH="256" HEIGHT="65" CONTENT="Tierkopf," WC="1.00" CC="000000074"/>
					</TextLine>
					<TextLine ID="P4_TL00090" HPOS="46" VPOS="6348" WIDTH="1504" HEIGHT="64">
						<String ID="P4_ST00651" HPOS="46" VPOS="6348" WIDTH="181" HEIGHT="64" CONTENT="spielte" WC="0.98" CC="7043800"/>
						<SP ID="P4_SP00560" HPOS="227" VPOS="6412" WIDTH="31"/>
						<String ID="P4_ST00652" HPOS="258" VPOS="6352" WIDTH="67" HEIGHT="47" CONTENT="im" WC="0.64" CC="70"/>
						<SP ID="P4_SP00561" HPOS="325" VPOS="6412" WIDTH="37"/>
						<String ID="P4_ST00653" HPOS="362" VPOS="6351" WIDTH="177" HEIGHT="52" CONTENT="Ruhen" WC="0.98" CC="00073"/>
						<SP ID="P4_SP00562" HPOS="539" VPOS="6412" WIDTH="31"/>
						<String ID="P4_ST00654" HPOS="570" VPOS="6354" WIDTH="104" HEIGHT="47" CONTENT="und" WC="0.96" CC="740"/>
						<SP ID="P4_SP00563" HPOS="674" VPOS="6412" WIDTH="33"/>
						<String ID="P4_ST00655" HPOS="707" VPOS="6353" WIDTH="120" HEIGHT="49" CONTENT="hielt" WC="0.99" CC="60010"/>
						<SP ID="P4_SP00564" HPOS="827" VPOS="6412" WIDTH="29"/>
						<String ID="P4_ST00656" HPOS="856" VPOS="6354" WIDTH="98" HEIGHT="48" CONTENT="den" WC="0.96" CC="072"/>
						<SP ID="P4_SP00565" HPOS="954" VPOS="6412" WIDTH="36"/>
						<String ID="P4_ST00657" HPOS="990" VPOS="6353" WIDTH="183" HEIGHT="52" CONTENT="Knauf." WC="0.97" CC="064594"/>
						<SP ID="P4_SP00566" HPOS="1173" VPOS="6412" WIDTH="63"/>
						<String ID="P4_ST00658" HPOS="1236" VPOS="6355" WIDTH="93" HEIGHT="50" CONTENT="Die" WC="0.99" CC="001"/>
						<SP ID="P4_SP00567" HPOS="1329" VPOS="6412" WIDTH="35"/>
						<String ID="P4_ST00659" HPOS="1364" VPOS="6355" WIDTH="186" HEIGHT="52" CONTENT="Rechte" WC="1.00" CC="000000"/>
					</TextLine>
					<TextLine ID="P4_TL00091" HPOS="49" VPOS="6420" WIDTH="1502" HEIGHT="63">
						<String ID="P4_ST00660" HPOS="49" VPOS="6420" WIDTH="168" HEIGHT="50" CONTENT="lehnte" WC="0.97" CC="860607"/>
						<SP ID="P4_SP00568" HPOS="217" VPOS="6470" WIDTH="33"/>
						<String ID="P4_ST00661" HPOS="250" VPOS="6421" WIDTH="128" HEIGHT="49" CONTENT="über" WC="0.98" CC="0090"/>
						<SP ID="P4_SP00569" HPOS="378" VPOS="6470" WIDTH="31"/>
						<String ID="P4_ST00662" HPOS="409" VPOS="6421" WIDTH="91" HEIGHT="61" CONTENT="ihr," WC="0.98" CC="3024"/>
						<SP ID="P4_SP00570" HPOS="500" VPOS="6482" WIDTH="35"/>
						<String ID="P4_ST00663" HPOS="535" VPOS="6422" WIDTH="73" HEIGHT="51" CONTENT="als" WC="0.95" CC="904"/>
						<SP ID="P4_SP00571" HPOS="608" VPOS="6482" WIDTH="35"/>
						<String ID="P4_ST00664" HPOS="643" VPOS="6422" WIDTH="149" HEIGHT="51" CONTENT="führe" WC="0.97" CC="50048"/>
						<SP ID="P4_SP00572" HPOS="792" VPOS="6482" WIDTH="31"/>
						<String ID="P4_ST00665" HPOS="823" VPOS="6427" WIDTH="73" HEIGHT="47" CONTENT="sie" WC="0.94" CC="357"/>
						<SP ID="P4_SP00573" HPOS="896" VPOS="6482" WIDTH="36"/>
						<String ID="P4_ST00666" HPOS="932" VPOS="6425" WIDTH="178" HEIGHT="58" CONTENT="dahin;" WC="0.98" CC="030066"/>
						<SP ID="P4_SP00574" HPOS="1110" VPOS="6483" WIDTH="34"/>
						<String ID="P4_ST00667" HPOS="1144" VPOS="6424" WIDTH="158" HEIGHT="52" CONTENT="schön" WC="0.97" CC="48006"/>
						<SP ID="P4_SP00575" HPOS="1302" VPOS="6483" WIDTH="34"/>
						<String ID="P4_ST00668" HPOS="1336" VPOS="6430" WIDTH="100" HEIGHT="53" CONTENT="wi£" WC="0.42" CC="088"/>
						<SP ID="P4_SP00576" HPOS="1436" VPOS="6483" WIDTH="32"/>
						<String ID="P4_ST00669" HPOS="1468" VPOS="6427" WIDTH="83" HEIGHT="55" CONTENT="die" WC="0.93" CC="467"/>
					</TextLine>
				</TextBlock>
				<TextBlock ID="P4_TB00003" HPOS="1685" VPOS="100" WIDTH="1515" HEIGHT="6402" STYLEREFS="TXT_0 PAR_BLOCK">
					<TextLine ID="P4_TL00092" HPOS="1695" VPOS="101" WIDTH="1503" HEIGHT="64">
						<String ID="P4_ST00670" HPOS="1695" VPOS="104" WIDTH="234" HEIGHT="61" CONTENT="Biegung" WC="0.99" CC="2000540"/>
						<SP ID="P4_SP00577" HPOS="1929" VPOS="165" WIDTH="32"/>
						<String ID="P4_ST00671" HPOS="1961" VPOS="104" WIDTH="140" HEIGHT="47" CONTENT="eines" WC="0.99" CC="02800"/>
						<SP ID="P4_SP00578" HPOS="2101" VPOS="165" WIDTH="38"/>
						<String ID="P4_ST00672" HPOS="2139" VPOS="101" WIDTH="452" HEIGHT="50" CONTENT="Schwanenhalses" WC="0.99" CC="01002204408606"/>
						<SP ID="P4_SP00579" HPOS="2591" VPOS="165" WIDTH="39"/>
						<String ID="P4_ST00673" HPOS="2630" VPOS="102" WIDTH="175" HEIGHT="63" CONTENT="(Leda)" WC="0.81" CC="007003"/>
						<SP ID="P4_SP00580" HPOS="2805" VPOS="165" WIDTH="37"/>
						<String ID="P4_ST00674" HPOS="2842" VPOS="117" WIDTH="108" HEIGHT="33" CONTENT="war" WC="1.00" CC="000"/>
						<SP ID="P4_SP00581" HPOS="2950" VPOS="165" WIDTH="36"/>
						<String ID="P4_ST00675" HPOS="2986" VPOS="102" WIDTH="77" HEIGHT="48" CONTENT="ihr" WC="0.99" CC="020"/>
						<SP ID="P4_SP00582" HPOS="3063" VPOS="165" WIDTH="36"/>
						<String ID="P4_ST00676" HPOS="3099" VPOS="102" WIDTH="66" HEIGHT="47" CONTENT="An" SUBS_TYPE="HypPart1" SUBS_CONTENT="Ansatz," WC="0.96" CC="06"/>
						<HYP HPOS="3165" VPOS="102" WIDTH="33" CONTENT="-"/>
					</TextLine>
					<TextLine ID="P4_TL00093" HPOS="1687" VPOS="172" WIDTH="1505" HEIGHT="62">
						<String ID="P4_ST00677" HPOS="1687" VPOS="176" WIDTH="124" HEIGHT="56" CONTENT="satz," SUBS_TYPE="HypPart2" SUBS_CONTENT="Ansatz," WC="0.99" CC="60004"/>
						<SP ID="P4_SP00583" HPOS="1811" VPOS="232" WIDTH="30"/>
						<String ID="P4_ST00678" HPOS="1841" VPOS="188" WIDTH="58" HEIGHT="32" CONTENT="so" WC="1.00" CC="00"/>
						<SP ID="P4_SP00584" HPOS="1899" VPOS="232" WIDTH="29"/>
						<String ID="P4_ST00679" HPOS="1928" VPOS="173" WIDTH="192" HEIGHT="48" CONTENT="streifte" WC="0.99" CC="00001507"/>
						<SP ID="P4_SP00585" HPOS="2120" VPOS="232" WIDTH="27"/>
						<String ID="P4_ST00680" HPOS="2147" VPOS="174" WIDTH="139" HEIGHT="46" CONTENT="diese" WC="0.99" CC="00400"/>
						<SP ID="P4_SP00586" HPOS="2286" VPOS="232" WIDTH="28"/>
						<String ID="P4_ST00681" HPOS="2314" VPOS="172" WIDTH="168" HEIGHT="62" CONTENT="kluge," WC="0.98" CC="013093"/>
						<SP ID="P4_SP00587" HPOS="2482" VPOS="234" WIDTH="28"/>
						<String ID="P4_ST00682" HPOS="2510" VPOS="172" WIDTH="281" HEIGHT="60" CONTENT="duldsame," WC="0.99" CC="025000072"/>
						<SP ID="P4_SP00588" HPOS="2791" VPOS="234" WIDTH="29"/>
						<String ID="P4_ST00683" HPOS="2820" VPOS="172" WIDTH="191" HEIGHT="48" CONTENT="sChöne" WC="0.77" CC="003037"/>
						<SP ID="P4_SP00589" HPOS="3011" VPOS="234" WIDTH="30"/>
						<String ID="P4_ST00684" HPOS="3041" VPOS="172" WIDTH="151" HEIGHT="48" CONTENT="Hand" WC="0.97" CC="7070"/>
					</TextLine>
					<TextLine ID="P4_TL00094" HPOS="1690" VPOS="242" WIDTH="1502" HEIGHT="60">
						<String ID="P4_ST00685" HPOS="1690" VPOS="242" WIDTH="303" HEIGHT="50" CONTENT="absichtslos" WC="0.99" CC="07620500800"/>
						<SP ID="P4_SP00590" HPOS="1993" VPOS="292" WIDTH="46"/>
						<String ID="P4_ST00686" HPOS="2039" VPOS="244" WIDTH="97" HEIGHT="51" CONTENT="das" WC="0.96" CC="900"/>
						<SP ID="P4_SP00591" HPOS="2136" VPOS="295" WIDTH="52"/>
						<String ID="P4_ST00687" HPOS="2188" VPOS="242" WIDTH="159" HEIGHT="50" CONTENT="Kleid." WC="0.99" CC="060203"/>
						<SP ID="P4_SP00592" HPOS="2347" VPOS="295" WIDTH="82"/>
						<String ID="P4_ST00688" HPOS="2429" VPOS="243" WIDTH="93" HEIGHT="48" CONTENT="Die" WC="0.97" CC="350"/>
						<SP ID="P4_SP00593" HPOS="2522" VPOS="295" WIDTH="51"/>
						<String ID="P4_ST00689" HPOS="2573" VPOS="243" WIDTH="199" HEIGHT="48" CONTENT="Gestalt" WC="0.99" CC="5100040"/>
						<SP ID="P4_SP00594" HPOS="2772" VPOS="295" WIDTH="46"/>
						<String ID="P4_ST00690" HPOS="2818" VPOS="243" WIDTH="203" HEIGHT="49" CONTENT="wandte" WC="0.99" CC="002060"/>
						<SP ID="P4_SP00595" HPOS="3021" VPOS="295" WIDTH="44"/>
						<String ID="P4_ST00691" HPOS="3065" VPOS="242" WIDTH="127" HEIGHT="60" CONTENT="sich," WC="0.96" CC="87803"/>
					</TextLine>
					<TextLine ID="P4_TL00095" HPOS="1687" VPOS="313" WIDTH="1508" HEIGHT="60">
						<String ID="P4_ST00692" HPOS="1687" VPOS="316" WIDTH="75" HEIGHT="45" CONTENT="sie" WC="0.96" CC="440"/>
						<SP ID="P4_SP00596" HPOS="1762" VPOS="361" WIDTH="38"/>
						<String ID="P4_ST00693" HPOS="1800" VPOS="314" WIDTH="143" HEIGHT="47" CONTENT="ruhte" WC="0.98" CC="04207"/>
						<SP ID="P4_SP00597" HPOS="1943" VPOS="361" WIDTH="36"/>
						<String ID="P4_ST00694" HPOS="1979" VPOS="313" WIDTH="129" HEIGHT="48" CONTENT="naCh" WC="0.79" CC="5003"/>
						<SP ID="P4_SP00598" HPOS="2108" VPOS="361" WIDTH="35"/>
						<String ID="P4_ST00695" HPOS="2143" VPOS="314" WIDTH="115" HEIGHT="47" CONTENT="dem" WC="0.97" CC="070"/>
						<SP ID="P4_SP00599" HPOS="2258" VPOS="361" WIDTH="39"/>
						<String ID="P4_ST00696" HPOS="2297" VPOS="313" WIDTH="199" HEIGHT="48" CONTENT="rechten" WC="0.98" CC="0374274"/>
						<SP ID="P4_SP00600" HPOS="2496" VPOS="361" WIDTH="39"/>
						<String ID="P4_ST00697" HPOS="2535" VPOS="313" WIDTH="119" HEIGHT="47" CONTENT="Arm" WC="0.98" CC="004"/>
						<String ID="P4_ST00698" HPOS="2656" VPOS="313" WIDTH="3" HEIGHT="60" CONTENT="1" STYLE="superscript" WC="0.55" CC="4"/>
						<SP ID="P4_SP00601" HPOS="2659" VPOS="373" WIDTH="35"/>
						<String ID="P4_ST00699" HPOS="2694" VPOS="325" WIDTH="75" HEIGHT="48" CONTENT="zu," WC="0.96" CC="450"/>
						<SP ID="P4_SP00602" HPOS="2769" VPOS="373" WIDTH="35"/>
						<String ID="P4_ST00700" HPOS="2804" VPOS="314" WIDTH="122" HEIGHT="47" CONTENT="aber" WC="1.00" CC="0010"/>
						<SP ID="P4_SP00603" HPOS="2926" VPOS="373" WIDTH="34"/>
						<String ID="P4_ST00701" HPOS="2960" VPOS="313" WIDTH="77" HEIGHT="48" CONTENT="ihr" WC="0.98" CC="600"/>
						<SP ID="P4_SP00604" HPOS="3037" VPOS="373" WIDTH="38"/>
						<String ID="P4_ST00702" HPOS="3075" VPOS="314" WIDTH="90" HEIGHT="46" CONTENT="Ant" SUBS_TYPE="HypPart1" SUBS_CONTENT="Antlitz" WC="0.98" CC="050"/>
						<HYP HPOS="3165" VPOS="314" WIDTH="30" CONTENT="-"/>
					</TextLine>
					<TextLine ID="P4_TL00096" HPOS="1690" VPOS="380" WIDTH="1502" HEIGHT="64">
						<String ID="P4_ST00703" HPOS="1690" VPOS="380" WIDTH="83" HEIGHT="52" CONTENT="litz" SUBS_TYPE="HypPart2" SUBS_CONTENT="Antlitz" WC="0.98" CC="8000"/>
						<SP ID="P4_SP00605" HPOS="1773" VPOS="432" WIDTH="30"/>
						<String ID="P4_ST00704" HPOS="1803" VPOS="383" WIDTH="93" HEIGHT="47" CONTENT="sah" WC="0.98" CC="004"/>
						<SP ID="P4_SP00606" HPOS="1896" VPOS="432" WIDTH="38"/>
						<String ID="P4_ST00705" HPOS="1934" VPOS="383" WIDTH="99" HEIGHT="47" CONTENT="fast" WC="0.98" CC="0306"/>
						<SP ID="P4_SP00607" HPOS="2033" VPOS="432" WIDTH="33"/>
						<String ID="P4_ST00706" HPOS="2066" VPOS="383" WIDTH="158" HEIGHT="47" CONTENT="schon" WC="0.99" CC="09000"/>
						<SP ID="P4_SP00608" HPOS="2224" VPOS="432" WIDTH="35"/>
						<String ID="P4_ST00707" HPOS="2259" VPOS="384" WIDTH="299" HEIGHT="60" CONTENT="geradeaus," WC="1.00" CC="0000070404"/>
						<SP ID="P4_SP00609" HPOS="2558" VPOS="444" WIDTH="37"/>
						<String ID="P4_ST00708" HPOS="2595" VPOS="382" WIDTH="72" HEIGHT="49" CONTENT="als" WC="0.98" CC="040"/>
						<SP ID="P4_SP00610" HPOS="2667" VPOS="444" WIDTH="34"/>
						<String ID="P4_ST00709" HPOS="2701" VPOS="384" WIDTH="93" HEIGHT="47" CONTENT="das" WC="0.99" CC="003"/>
						<SP ID="P4_SP00611" HPOS="2794" VPOS="444" WIDTH="35"/>
						<String ID="P4_ST00710" HPOS="2829" VPOS="383" WIDTH="201" HEIGHT="48" CONTENT="Blicken" WC="0.99" CC="2330004"/>
						<SP ID="P4_SP00612" HPOS="3030" VPOS="444" WIDTH="35"/>
						<String ID="P4_ST00711" HPOS="3065" VPOS="384" WIDTH="127" HEIGHT="48" CONTENT="nach" WC="0.96" CC="6066"/>
					</TextLine>
					<TextLine ID="P4_TL00097" HPOS="1690" VPOS="451" WIDTH="1502" HEIGHT="63">
						<String ID="P4_ST00712" HPOS="1690" VPOS="451" WIDTH="127" HEIGHT="51" CONTENT="links" WC="0.96" CC="83295"/>
						<SP ID="P4_SP00613" HPOS="1817" VPOS="502" WIDTH="30"/>
						<String ID="P4_ST00713" HPOS="1847" VPOS="455" WIDTH="75" HEIGHT="46" CONTENT="sie" WC="0.95" CC="471"/>
						<SP ID="P4_SP00614" HPOS="1922" VPOS="502" WIDTH="30"/>
						<String ID="P4_ST00714" HPOS="1952" VPOS="454" WIDTH="98" HEIGHT="47" CONTENT="den" WC="0.99" CC="003"/>
						<SP ID="P4_SP00615" HPOS="2050" VPOS="502" WIDTH="30"/>
						<String ID="P4_ST00715" HPOS="2080" VPOS="454" WIDTH="212" HEIGHT="47" CONTENT="Meister" WC="0.98" CC="0570090"/>
						<SP ID="P4_SP00616" HPOS="2292" VPOS="502" WIDTH="30"/>
						<String ID="P4_ST00716" HPOS="2322" VPOS="453" WIDTH="287" HEIGHT="48" CONTENT="anschauen" WC="0.99" CC="020770574"/>
						<SP ID="P4_SP00617" HPOS="2609" VPOS="502" WIDTH="32"/>
						<String ID="P4_ST00717" HPOS="2641" VPOS="453" WIDTH="114" HEIGHT="49" CONTENT="ließ." WC="0.99" CC="30003"/>
						<SP ID="P4_SP00618" HPOS="2755" VPOS="502" WIDTH="50"/>
						<String ID="P4_ST00718" HPOS="2805" VPOS="454" WIDTH="151" HEIGHT="50" CONTENT="Diese" WC="0.98" CC="00156"/>
						<SP ID="P4_SP00619" HPOS="2956" VPOS="504" WIDTH="30"/>
						<String ID="P4_ST00719" HPOS="2986" VPOS="453" WIDTH="206" HEIGHT="61" CONTENT="Stunde," WC="0.99" CC="0050064"/>
					</TextLine>
					<TextLine ID="P4_TL00098" HPOS="1687" VPOS="523" WIDTH="1507" HEIGHT="62">
						<String ID="P4_ST00720" HPOS="1687" VPOS="524" WIDTH="144" HEIGHT="47" CONTENT="diese" WC="0.97" CC="05706"/>
						<SP ID="P4_SP00620" HPOS="1831" VPOS="571" WIDTH="49"/>
						<String ID="P4_ST00721" HPOS="1880" VPOS="523" WIDTH="232" HEIGHT="62" CONTENT="Stellung" WC="0.99" CC="00170620"/>
						<SP ID="P4_SP00621" HPOS="2112" VPOS="585" WIDTH="49"/>
						<String ID="P4_ST00722" HPOS="2161" VPOS="538" WIDTH="109" HEIGHT="32" CONTENT="war" WC="1.00" CC="001"/>
						<SP ID="P4_SP00622" HPOS="2270" VPOS="585" WIDTH="51"/>
						<String ID="P4_ST00723" HPOS="2321" VPOS="524" WIDTH="264" HEIGHT="46" CONTENT="Leonardo" WC="1.00" CC="00020000"/>
						<SP ID="P4_SP00623" HPOS="2585" VPOS="585" WIDTH="49"/>
						<String ID="P4_ST00724" HPOS="2634" VPOS="524" WIDTH="84" HEIGHT="46" CONTENT="die" WC="0.96" CC="047"/>
						<SP ID="P4_SP00624" HPOS="2718" VPOS="585" WIDTH="54"/>
						<String ID="P4_ST00725" HPOS="2772" VPOS="524" WIDTH="191" HEIGHT="61" CONTENT="liebste," WC="0.99" CC="34402004"/>
						<SP ID="P4_SP00625" HPOS="2963" VPOS="585" WIDTH="55"/>
						<String ID="P4_ST00726" HPOS="3018" VPOS="524" WIDTH="72" HEIGHT="48" CONTENT="als" WC="0.99" CC="010"/>
						<SP ID="P4_SP00626" HPOS="3090" VPOS="585" WIDTH="51"/>
						<String ID="P4_ST00727" HPOS="3141" VPOS="540" WIDTH="53" HEIGHT="32" CONTENT="er" WC="0.76" CC="22"/>
					</TextLine>
					<TextLine ID="P4_TL00099" HPOS="1691" VPOS="593" WIDTH="1501" HEIGHT="60">
						<String ID="P4_ST00728" HPOS="1691" VPOS="595" WIDTH="111" HEIGHT="46" CONTENT="Lisa" WC="1.00" CC="0000"/>
						<SP ID="P4_SP00627" HPOS="1802" VPOS="641" WIDTH="35"/>
						<String ID="P4_ST00729" HPOS="1837" VPOS="593" WIDTH="201" HEIGHT="48" CONTENT="kannte." WC="0.99" CC="0340003"/>
						<SP ID="P4_SP00628" HPOS="2038" VPOS="641" WIDTH="68"/>
						<String ID="P4_ST00730" HPOS="2106" VPOS="593" WIDTH="103" HEIGHT="47" CONTENT="Ehe" WC="0.93" CC="657"/>
						<SP ID="P4_SP00629" HPOS="2209" VPOS="641" WIDTH="33"/>
						<String ID="P4_ST00731" HPOS="2242" VPOS="608" WIDTH="55" HEIGHT="32" CONTENT="er" WC="1.00" CC="00"/>
						<SP ID="P4_SP00630" HPOS="2297" VPOS="641" WIDTH="31"/>
						<String ID="P4_ST00732" HPOS="2328" VPOS="595" WIDTH="74" HEIGHT="45" CONTENT="sie" WC="1.00" CC="000"/>
						<SP ID="P4_SP00631" HPOS="2402" VPOS="641" WIDTH="35"/>
						<String ID="P4_ST00733" HPOS="2437" VPOS="594" WIDTH="199" HEIGHT="59" CONTENT="kannte," WC="0.98" CC="0046074"/>
						<SP ID="P4_SP00632" HPOS="2636" VPOS="653" WIDTH="37"/>
						<String ID="P4_ST00734" HPOS="2673" VPOS="596" WIDTH="94" HEIGHT="44" CONTENT="wie" WC="0.97" CC="017"/>
						<SP ID="P4_SP00633" HPOS="2767" VPOS="653" WIDTH="33"/>
						<String ID="P4_ST00735" HPOS="2800" VPOS="608" WIDTH="118" HEIGHT="33" CONTENT="man" WC="1.00" CC="000"/>
						<SP ID="P4_SP00634" HPOS="2918" VPOS="653" WIDTH="36"/>
						<String ID="P4_ST00736" HPOS="2954" VPOS="609" WIDTH="94" HEIGHT="33" CONTENT="nur" WC="0.99" CC="030"/>
						<SP ID="P4_SP00635" HPOS="3048" VPOS="653" WIDTH="33"/>
						<String ID="P4_ST00737" HPOS="3081" VPOS="598" WIDTH="111" HEIGHT="46" CONTENT="eine" WC="0.99" CC="0030"/>
					</TextLine>
					<TextLine ID="P4_TL00100" HPOS="1690" VPOS="661" WIDTH="1502" HEIGHT="62">
						<String ID="P4_ST00738" HPOS="1690" VPOS="661" WIDTH="144" HEIGHT="50" CONTENT="Seele" WC="0.97" CC="01783"/>
						<SP ID="P4_SP00636" HPOS="1834" VPOS="711" WIDTH="41"/>
						<String ID="P4_ST00739" HPOS="1875" VPOS="662" WIDTH="185" HEIGHT="49" CONTENT="einmal" WC="0.99" CC="054002"/>
						<SP ID="P4_SP00637" HPOS="2060" VPOS="711" WIDTH="45"/>
						<String ID="P4_ST00740" HPOS="2105" VPOS="665" WIDTH="69" HEIGHT="46" CONTENT="im" WC="0.46" CC="73"/>
						<SP ID="P4_SP00638" HPOS="2174" VPOS="711" WIDTH="49"/>
						<String ID="P4_ST00741" HPOS="2223" VPOS="663" WIDTH="167" HEIGHT="49" CONTENT="Leben" WC="0.99" CC="07010"/>
						<SP ID="P4_SP00639" HPOS="2390" VPOS="712" WIDTH="45"/>
						<String ID="P4_ST00742" HPOS="2435" VPOS="663" WIDTH="170" HEIGHT="60" CONTENT="kennt," WC="0.98" CC="075004"/>
						<SP ID="P4_SP00640" HPOS="2605" VPOS="723" WIDTH="47"/>
						<String ID="P4_ST00743" HPOS="2652" VPOS="663" WIDTH="100" HEIGHT="49" CONTENT="daß" WC="1.00" CC="000"/>
						<SP ID="P4_SP00641" HPOS="2752" VPOS="723" WIDTH="47"/>
						<String ID="P4_ST00744" HPOS="2799" VPOS="679" WIDTH="118" HEIGHT="33" CONTENT="man" WC="0.99" CC="003"/>
						<SP ID="P4_SP00642" HPOS="2917" VPOS="723" WIDTH="48"/>
						<String ID="P4_ST00745" HPOS="2965" VPOS="664" WIDTH="227" HEIGHT="48" CONTENT="fürchten" WC="0.99" CC="60091005"/>
					</TextLine>
					<TextLine ID="P4_TL00101" HPOS="1690" VPOS="733" WIDTH="1504" HEIGHT="62">
						<String ID="P4_ST00746" HPOS="1690" VPOS="734" WIDTH="137" HEIGHT="59" CONTENT="muß," WC="0.98" CC="0314"/>
						<SP ID="P4_SP00643" HPOS="1827" VPOS="793" WIDTH="64"/>
						<String ID="P4_ST00747" HPOS="1891" VPOS="734" WIDTH="104" HEIGHT="47" CONTENT="ihre" WC="1.00" CC="0000"/>
						<SP ID="P4_SP00644" HPOS="1995" VPOS="793" WIDTH="61"/>
						<String ID="P4_ST00748" HPOS="2056" VPOS="734" WIDTH="107" HEIGHT="46" CONTENT="und" WC="0.97" CC="720"/>
						<SP ID="P4_SP00645" HPOS="2163" VPOS="793" WIDTH="60"/>
						<String ID="P4_ST00749" HPOS="2223" VPOS="734" WIDTH="214" HEIGHT="61" CONTENT="eigenen" WC="0.99" CC="7007001"/>
						<SP ID="P4_SP00646" HPOS="2437" VPOS="795" WIDTH="53"/>
						<String ID="P4_ST00750" HPOS="2490" VPOS="733" WIDTH="412" HEIGHT="62" CONTENT="Empfindungen" WC="0.99" CC="509607012070"/>
						<SP ID="P4_SP00647" HPOS="2902" VPOS="795" WIDTH="63"/>
						<String ID="P4_ST00751" HPOS="2965" VPOS="747" WIDTH="65" HEIGHT="39" CONTENT="zu," WC="0.94" CC="754"/>
						<SP ID="P4_SP00648" HPOS="3030" VPOS="795" WIDTH="57"/>
						<String ID="P4_ST00752" HPOS="3087" VPOS="745" WIDTH="81" HEIGHT="38" CONTENT="ver" SUBS_TYPE="HypPart1" SUBS_CONTENT="verwechseln" WC="0.96" CC="770"/>
						<HYP HPOS="3168" VPOS="745" WIDTH="26" CONTENT="-"/>
					</TextLine>
					<TextLine ID="P4_TL00102" HPOS="1688" VPOS="801" WIDTH="1504" HEIGHT="63">
						<String ID="P4_ST00753" HPOS="1688" VPOS="801" WIDTH="256" HEIGHT="49" CONTENT="wechseln" SUBS_TYPE="HypPart2" SUBS_CONTENT="verwechseln" WC="0.99" CC="01012685"/>
						<SP ID="P4_SP00649" HPOS="1944" VPOS="850" WIDTH="27"/>
						<String ID="P4_ST00754" HPOS="1971" VPOS="832" WIDTH="59" HEIGHT="4" CONTENT="—" WC="0.20" CC="8"/>
						<SP ID="P4_SP00650" HPOS="2030" VPOS="850" WIDTH="25"/>
						<String ID="P4_ST00755" HPOS="2055" VPOS="803" WIDTH="79" HEIGHT="48" CONTENT="bis" WC="1.00" CC="000"/>
						<SP ID="P4_SP00651" HPOS="2134" VPOS="851" WIDTH="26"/>
						<String ID="P4_ST00756" HPOS="2160" VPOS="818" WIDTH="55" HEIGHT="32" CONTENT="er" WC="0.63" CC="70"/>
						<SP ID="P4_SP00652" HPOS="2215" VPOS="851" WIDTH="27"/>
						<String ID="P4_ST00757" HPOS="2242" VPOS="806" WIDTH="71" HEIGHT="44" CONTENT="sie" WC="1.00" CC="010"/>
						<SP ID="P4_SP00653" HPOS="2313" VPOS="851" WIDTH="28"/>
						<String ID="P4_ST00758" HPOS="2341" VPOS="805" WIDTH="49" HEIGHT="46" CONTENT="in" WC="0.69" CC="06"/>
						<SP ID="P4_SP00654" HPOS="2390" VPOS="851" WIDTH="29"/>
						<String ID="P4_ST00759" HPOS="2419" VPOS="804" WIDTH="120" HEIGHT="60" CONTENT="drei," WC="0.98" CC="00544"/>
						<SP ID="P4_SP00655" HPOS="2539" VPOS="864" WIDTH="26"/>
						<String ID="P4_ST00760" HPOS="2565" VPOS="807" WIDTH="104" HEIGHT="46" CONTENT="vier" WC="0.98" CC="0370"/>
						<SP ID="P4_SP00656" HPOS="2669" VPOS="864" WIDTH="27"/>
						<String ID="P4_ST00761" HPOS="2696" VPOS="803" WIDTH="182" HEIGHT="61" CONTENT="Jahren" WC="1.00" CC="000003"/>
						<SP ID="P4_SP00657" HPOS="2878" VPOS="864" WIDTH="30"/>
						<String ID="P4_ST00762" HPOS="2908" VPOS="819" WIDTH="59" HEIGHT="33" CONTENT="so" WC="1.00" CC="00"/>
						<SP ID="P4_SP00658" HPOS="2967" VPOS="864" WIDTH="27"/>
						<String ID="P4_ST00763" HPOS="2994" VPOS="805" WIDTH="198" HEIGHT="48" CONTENT="kennen" WC="1.00" CC="010102"/>
					</TextLine>
					<TextLine ID="P4_TL00103" HPOS="1690" VPOS="872" WIDTH="955" HEIGHT="63">
						<String ID="P4_ST00764" HPOS="1690" VPOS="872" WIDTH="194" HEIGHT="61" CONTENT="gelernt" WC="0.98" CC="9083000"/>
						<SP ID="P4_SP00659" HPOS="1884" VPOS="933" WIDTH="38"/>
						<String ID="P4_ST00765" HPOS="1922" VPOS="873" WIDTH="154" HEIGHT="60" CONTENT="hatte," WC="0.99" CC="700004"/>
						<SP ID="P4_SP00660" HPOS="2076" VPOS="933" WIDTH="40"/>
						<String ID="P4_ST00766" HPOS="2116" VPOS="872" WIDTH="179" HEIGHT="63" CONTENT="spielte" WC="0.99" CC="0019107"/>
						<SP ID="P4_SP00661" HPOS="2295" VPOS="935" WIDTH="38"/>
						<String ID="P4_ST00767" HPOS="2333" VPOS="888" WIDTH="55" HEIGHT="33" CONTENT="er" WC="0.77" CC="40"/>
						<SP ID="P4_SP00662" HPOS="2388" VPOS="935" WIDTH="36"/>
						<String ID="P4_ST00768" HPOS="2424" VPOS="875" WIDTH="93" HEIGHT="47" CONTENT="mit" WC="0.96" CC="090"/>
						<SP ID="P4_SP00663" HPOS="2517" VPOS="935" WIDTH="39"/>
						<String ID="P4_ST00769" HPOS="2556" VPOS="872" WIDTH="89" HEIGHT="52" CONTENT="ihr." WC="0.98" CC="0016"/>
					</TextLine>
					<TextLine ID="P4_TL00104" HPOS="1816" VPOS="956" WIDTH="1377" HEIGHT="63">
						<String ID="P4_ST00770" HPOS="1816" VPOS="956" WIDTH="80" HEIGHT="48" CONTENT="Ihr" WC="0.97" CC="530"/>
						<SP ID="P4_SP00664" HPOS="1896" VPOS="1004" WIDTH="38"/>
						<String ID="P4_ST00771" HPOS="1934" VPOS="956" WIDTH="218" HEIGHT="48" CONTENT="nahmen" WC="0.99" CC="502007"/>
						<SP ID="P4_SP00665" HPOS="2152" VPOS="1004" WIDTH="44"/>
						<String ID="P4_ST00772" HPOS="2196" VPOS="957" WIDTH="232" HEIGHT="50" CONTENT="Erzählter" WC="0.98" CC="709004990"/>
						<SP ID="P4_SP00666" HPOS="2428" VPOS="1007" WIDTH="37"/>
						<String ID="P4_ST00773" HPOS="2465" VPOS="959" WIDTH="103" HEIGHT="46" CONTENT="und" WC="0.97" CC="080"/>
						<SP ID="P4_SP00667" HPOS="2568" VPOS="1007" WIDTH="39"/>
						<String ID="P4_ST00774" HPOS="2607" VPOS="958" WIDTH="356" HEIGHT="61" CONTENT="Spaßmacher," WC="0.99" CC="00300049104"/>
						<SP ID="P4_SP00668" HPOS="2963" VPOS="1019" WIDTH="41"/>
						<String ID="P4_ST00775" HPOS="3004" VPOS="959" WIDTH="162" HEIGHT="48" CONTENT="Saiten" SUBS_TYPE="HypPart1" SUBS_CONTENT="SaitensChläger" WC="0.72" CC="030065"/>
						<HYP HPOS="3166" VPOS="959" WIDTH="27" CONTENT="-"/>
					</TextLine>
					<TextLine ID="P4_TL00105" HPOS="1688" VPOS="1024" WIDTH="1506" HEIGHT="66">
						<String ID="P4_ST00776" HPOS="1688" VPOS="1024" WIDTH="234" HEIGHT="63" CONTENT="sChläger" SUBS_TYPE="HypPart2" SUBS_CONTENT="SaitensChläger" WC="0.79" CC="40380000"/>
						<SP ID="P4_SP00669" HPOS="1922" VPOS="1087" WIDTH="37"/>
						<String ID="P4_ST00777" HPOS="1959" VPOS="1027" WIDTH="105" HEIGHT="47" CONTENT="und" WC="0.97" CC="700"/>
						<SP ID="P4_SP00670" HPOS="2064" VPOS="1087" WIDTH="45"/>
						<String ID="P4_ST00778" HPOS="2109" VPOS="1026" WIDTH="347" HEIGHT="49" CONTENT="Flötenblaser" WC="0.99" CC="550072000070"/>
						<SP ID="P4_SP00671" HPOS="2456" VPOS="1087" WIDTH="37"/>
						<String ID="P4_ST00779" HPOS="2493" VPOS="1028" WIDTH="85" HEIGHT="48" CONTENT="die" WC="0.97" CC="044"/>
						<SP ID="P4_SP00672" HPOS="2578" VPOS="1087" WIDTH="39"/>
						<String ID="P4_ST00780" HPOS="2617" VPOS="1029" WIDTH="299" HEIGHT="61" CONTENT="Müdigkeit," WC="1.00" CC="0007000204"/>
						<SP ID="P4_SP00673" HPOS="2916" VPOS="1090" WIDTH="43"/>
						<String ID="P4_ST00781" HPOS="2959" VPOS="1029" WIDTH="93" HEIGHT="47" CONTENT="das" WC="1.00" CC="000"/>
						<SP ID="P4_SP00674" HPOS="3052" VPOS="1090" WIDTH="41"/>
						<String ID="P4_ST00782" HPOS="3093" VPOS="1029" WIDTH="68" HEIGHT="47" CONTENT="Ge" SUBS_TYPE="HypPart1" SUBS_CONTENT="Gezwungene," WC="0.93" CC="67"/>
						<HYP HPOS="3161" VPOS="1029" WIDTH="33" CONTENT="-"/>
					</TextLine>
					<TextLine ID="P4_TL00106" HPOS="1690" VPOS="1097" WIDTH="1502" HEIGHT="64">
						<String ID="P4_ST00783" HPOS="1690" VPOS="1111" WIDTH="297" HEIGHT="50" CONTENT="zwungene," SUBS_TYPE="HypPart2" SUBS_CONTENT="Gezwungene," WC="0.98" CC="507494373"/>
						<SP ID="P4_SP00675" HPOS="1987" VPOS="1161" WIDTH="45"/>
						<String ID="P4_ST00784" HPOS="2032" VPOS="1097" WIDTH="391" HEIGHT="48" CONTENT="verscheuchten" WC="0.99" CC="0000104460078"/>
						<SP ID="P4_SP00676" HPOS="2423" VPOS="1161" WIDTH="43"/>
						<String ID="P4_ST00785" HPOS="2466" VPOS="1098" WIDTH="81" HEIGHT="48" CONTENT="die" WC="0.98" CC="040"/>
						<SP ID="P4_SP00677" HPOS="2547" VPOS="1161" WIDTH="46"/>
						<String ID="P4_ST00786" HPOS="2593" VPOS="1098" WIDTH="334" HEIGHT="61" CONTENT="Langeweile," WC="1.00" CC="00000000804"/>
						<SP ID="P4_SP00678" HPOS="2927" VPOS="1161" WIDTH="46"/>
						<String ID="P4_ST00787" HPOS="2973" VPOS="1099" WIDTH="219" HEIGHT="47" CONTENT="nahmen" WC="0.98" CC="004074"/>
					</TextLine>
					<TextLine ID="P4_TL00107" HPOS="1691" VPOS="1165" WIDTH="1503" HEIGHT="52">
						<String ID="P4_ST00788" HPOS="1691" VPOS="1167" WIDTH="74" HEIGHT="47" CONTENT="ihr" WC="0.96" CC="044"/>
						<SP ID="P4_SP00679" HPOS="1765" VPOS="1214" WIDTH="46"/>
						<String ID="P4_ST00789" HPOS="1811" VPOS="1167" WIDTH="166" HEIGHT="47" CONTENT="mehr:" WC="0.98" CC="04008"/>
						<SP ID="P4_SP00680" HPOS="1977" VPOS="1214" WIDTH="45"/>
						<String ID="P4_ST00790" HPOS="2022" VPOS="1165" WIDTH="286" HEIGHT="52" CONTENT="allmählich" WC="0.99" CC="0490043000"/>
						<SP ID="P4_SP00681" HPOS="2308" VPOS="1217" WIDTH="47"/>
						<String ID="P4_ST00791" HPOS="2355" VPOS="1166" WIDTH="396" HEIGHT="50" CONTENT="verschwanden" WC="0.99" CC="000607030045"/>
						<SP ID="P4_SP00682" HPOS="2751" VPOS="1217" WIDTH="49"/>
						<String ID="P4_ST00792" HPOS="2800" VPOS="1169" WIDTH="142" HEIGHT="47" CONTENT="trübe" WC="0.99" CC="00060"/>
						<SP ID="P4_SP00683" HPOS="2942" VPOS="1217" WIDTH="50"/>
						<String ID="P4_ST00793" HPOS="2992" VPOS="1170" WIDTH="174" HEIGHT="46" CONTENT="Erinne" SUBS_TYPE="HypPart1" SUBS_CONTENT="Erinnerungen," WC="0.98" CC="400845"/>
						<HYP HPOS="3166" VPOS="1170" WIDTH="28" CONTENT="-"/>
					</TextLine>
					<TextLine ID="P4_TL00108" HPOS="1690" VPOS="1237" WIDTH="1502" HEIGHT="61">
						<String ID="P4_ST00794" HPOS="1690" VPOS="1252" WIDTH="211" HEIGHT="45" CONTENT="rungen," SUBS_TYPE="HypPart2" SUBS_CONTENT="Erinnerungen," WC="0.99" CC="0060004"/>
						<SP ID="P4_SP00684" HPOS="1901" VPOS="1297" WIDTH="41"/>
						<String ID="P4_ST00795" HPOS="1942" VPOS="1240" WIDTH="278" HEIGHT="58" CONTENT="Vergingen" WC="0.99" CC="002958002"/>
						<SP ID="P4_SP00685" HPOS="2220" VPOS="1298" WIDTH="40"/>
						<String ID="P4_ST00796" HPOS="2260" VPOS="1237" WIDTH="81" HEIGHT="48" CONTENT="die" WC="0.99" CC="010"/>
						<SP ID="P4_SP00686" HPOS="2341" VPOS="1298" WIDTH="41"/>
						<String ID="P4_ST00797" HPOS="2382" VPOS="1237" WIDTH="298" HEIGHT="49" CONTENT="Gedanken." WC="0.99" CC="660040703"/>
						<SP ID="P4_SP00687" HPOS="2680" VPOS="1298" WIDTH="71"/>
						<String ID="P4_ST00798" HPOS="2751" VPOS="1239" WIDTH="81" HEIGHT="47" CONTENT="Sie" WC="0.95" CC="067"/>
						<SP ID="P4_SP00688" HPOS="2832" VPOS="1298" WIDTH="41"/>
						<String ID="P4_ST00799" HPOS="2873" VPOS="1237" WIDTH="176" HEIGHT="61" CONTENT="fühlte," WC="0.99" CC="5006002"/>
						<SP ID="P4_SP00689" HPOS="3049" VPOS="1298" WIDTH="41"/>
						<String ID="P4_ST00800" HPOS="3090" VPOS="1239" WIDTH="102" HEIGHT="47" CONTENT="daß" WC="0.96" CC="090"/>
					</TextLine>
					<TextLine ID="P4_TL00109" HPOS="1687" VPOS="1307" WIDTH="1509" HEIGHT="66">
						<String ID="P4_ST00801" HPOS="1687" VPOS="1308" WIDTH="76" HEIGHT="46" CONTENT="sie" WC="1.00" CC="001"/>
						<SP ID="P4_SP00690" HPOS="1763" VPOS="1354" WIDTH="49"/>
						<String ID="P4_ST00802" HPOS="1812" VPOS="1307" WIDTH="99" HEIGHT="47" CONTENT="fast" WC="0.98" CC="6100"/>
						<SP ID="P4_SP00691" HPOS="1911" VPOS="1354" WIDTH="45"/>
						<String ID="P4_ST00803" HPOS="1956" VPOS="1308" WIDTH="79" HEIGHT="46" CONTENT="ihr" WC="1.00" CC="000"/>
						<SP ID="P4_SP00692" HPOS="2035" VPOS="1354" WIDTH="44"/>
						<String ID="P4_ST00804" HPOS="2079" VPOS="1322" WIDTH="190" HEIGHT="47" CONTENT="ganzes" WC="1.00" CC="004000"/>
						<SP ID="P4_SP00693" HPOS="2269" VPOS="1369" WIDTH="47"/>
						<String ID="P4_ST00805" HPOS="2316" VPOS="1308" WIDTH="168" HEIGHT="47" CONTENT="Leben" WC="0.98" CC="31226"/>
						<SP ID="P4_SP00694" HPOS="2484" VPOS="1369" WIDTH="46"/>
						<String ID="P4_ST00806" HPOS="2530" VPOS="1310" WIDTH="98" HEIGHT="46" CONTENT="wie" WC="0.97" CC="007"/>
						<SP ID="P4_SP00695" HPOS="2628" VPOS="1369" WIDTH="45"/>
						<String ID="P4_ST00807" HPOS="2673" VPOS="1312" WIDTH="114" HEIGHT="46" CONTENT="eine" WC="0.97" CC="8310"/>
						<SP ID="P4_SP00696" HPOS="2787" VPOS="1369" WIDTH="44"/>
						<String ID="P4_ST00808" HPOS="2831" VPOS="1307" WIDTH="365" HEIGHT="66" CONTENT="gleichgültige" WC="0.99" CC="0803959060496"/>
					</TextLine>
					<TextLine ID="P4_TL00110" HPOS="1691" VPOS="1377" WIDTH="1505" HEIGHT="62">
						<String ID="P4_ST00809" HPOS="1691" VPOS="1377" WIDTH="413" HEIGHT="61" CONTENT="Vergangenheit" WC="1.00" CC="0100010544730"/>
						<SP ID="P4_SP00697" HPOS="2104" VPOS="1438" WIDTH="33"/>
						<String ID="P4_ST00810" HPOS="2137" VPOS="1378" WIDTH="175" HEIGHT="47" CONTENT="würde" WC="1.00" CC="00000"/>
						<SP ID="P4_SP00698" HPOS="2312" VPOS="1438" WIDTH="35"/>
						<String ID="P4_ST00811" HPOS="2347" VPOS="1390" WIDTH="274" HEIGHT="49" CONTENT="vergessen" WC="0.99" CC="095000012"/>
						<SP ID="P4_SP00699" HPOS="2621" VPOS="1439" WIDTH="35"/>
						<String ID="P4_ST00812" HPOS="2656" VPOS="1379" WIDTH="104" HEIGHT="47" CONTENT="und" WC="0.96" CC="640"/>
						<SP ID="P4_SP00700" HPOS="2760" VPOS="1439" WIDTH="33"/>
						<String ID="P4_ST00813" HPOS="2793" VPOS="1378" WIDTH="242" HEIGHT="48" CONTENT="verlieren" WC="0.99" CC="070830505"/>
						<SP ID="P4_SP00701" HPOS="3035" VPOS="1439" WIDTH="35"/>
						<String ID="P4_ST00814" HPOS="3070" VPOS="1379" WIDTH="95" HEIGHT="51" CONTENT="kön" SUBS_TYPE="HypPart1" SUBS_CONTENT="können." WC="0.98" CC="007"/>
						<HYP HPOS="3165" VPOS="1379" WIDTH="31" CONTENT="-"/>
					</TextLine>
					<TextLine ID="P4_TL00111" HPOS="1691" VPOS="1447" WIDTH="1502" HEIGHT="61">
						<String ID="P4_ST00815" HPOS="1691" VPOS="1461" WIDTH="112" HEIGHT="33" CONTENT="nen." SUBS_TYPE="HypPart2" SUBS_CONTENT="können." WC="0.99" CC="2003"/>
						<SP ID="P4_SP00702" HPOS="1803" VPOS="1494" WIDTH="76"/>
						<String ID="P4_ST00816" HPOS="1879" VPOS="1448" WIDTH="88" HEIGHT="47" CONTENT="Ein" WC="0.95" CC="623"/>
						<SP ID="P4_SP00703" HPOS="1967" VPOS="1495" WIDTH="44"/>
						<String ID="P4_ST00817" HPOS="2011" VPOS="1447" WIDTH="182" HEIGHT="48" CONTENT="Scherz" WC="0.99" CC="002706"/>
						<SP ID="P4_SP00704" HPOS="2193" VPOS="1495" WIDTH="38"/>
						<String ID="P4_ST00818" HPOS="2231" VPOS="1463" WIDTH="220" HEIGHT="45" CONTENT="gewann" WC="1.00" CC="000020"/>
						<SP ID="P4_SP00705" HPOS="2451" VPOS="1508" WIDTH="39"/>
						<String ID="P4_ST00819" HPOS="2490" VPOS="1447" WIDTH="79" HEIGHT="49" CONTENT="ihr" WC="0.98" CC="040"/>
						<SP ID="P4_SP00706" HPOS="2569" VPOS="1508" WIDTH="40"/>
						<String ID="P4_ST00820" HPOS="2609" VPOS="1450" WIDTH="80" HEIGHT="46" CONTENT="ein" WC="0.94" CC="635"/>
						<SP ID="P4_SP00707" HPOS="2689" VPOS="1508" WIDTH="45"/>
						<String ID="P4_ST00821" HPOS="2734" VPOS="1447" WIDTH="214" HEIGHT="54" CONTENT="Lächeln" WC="0.98" CC="9950082"/>
						<SP ID="P4_SP00708" HPOS="2948" VPOS="1508" WIDTH="40"/>
						<String ID="P4_ST00822" HPOS="2988" VPOS="1449" WIDTH="82" HEIGHT="59" CONTENT="ab," WC="0.98" CC="004"/>
						<SP ID="P4_SP00709" HPOS="3070" VPOS="1508" WIDTH="43"/>
						<String ID="P4_ST00823" HPOS="3113" VPOS="1452" WIDTH="80" HEIGHT="46" CONTENT="ein" WC="0.97" CC="044"/>
					</TextLine>
					<TextLine ID="P4_TL00112" HPOS="1690" VPOS="1517" WIDTH="1503" HEIGHT="62">
						<String ID="P4_ST00824" HPOS="1690" VPOS="1517" WIDTH="137" HEIGHT="59" CONTENT="Lied," WC="0.99" CC="20002"/>
						<SP ID="P4_SP00710" HPOS="1827" VPOS="1576" WIDTH="47"/>
						<String ID="P4_ST00825" HPOS="1874" VPOS="1517" WIDTH="98" HEIGHT="47" CONTENT="daß" WC="1.00" CC="000"/>
						<SP ID="P4_SP00711" HPOS="1972" VPOS="1576" WIDTH="49"/>
						<String ID="P4_ST00826" HPOS="2021" VPOS="1518" WIDTH="74" HEIGHT="46" CONTENT="sie" WC="0.98" CC="006"/>
						<SP ID="P4_SP00712" HPOS="2095" VPOS="1576" WIDTH="42"/>
						<String ID="P4_ST00827" HPOS="2137" VPOS="1532" WIDTH="112" HEIGHT="32" CONTENT="zum" WC="0.99" CC="110"/>
						<SP ID="P4_SP00713" HPOS="2249" VPOS="1576" WIDTH="47"/>
						<String ID="P4_ST00828" HPOS="2296" VPOS="1519" WIDTH="212" HEIGHT="47" CONTENT="zweiten" WC="1.00" CC="0002300"/>
						<SP ID="P4_SP00714" HPOS="2508" VPOS="1576" WIDTH="46"/>
						<String ID="P4_ST00829" HPOS="2554" VPOS="1518" WIDTH="136" HEIGHT="48" CONTENT="Male" WC="0.96" CC="0657"/>
						<SP ID="P4_SP00715" HPOS="2690" VPOS="1576" WIDTH="47"/>
						<String ID="P4_ST00830" HPOS="2737" VPOS="1518" WIDTH="158" HEIGHT="61" CONTENT="hörte," WC="0.98" CC="500074"/>
						<SP ID="P4_SP00716" HPOS="2895" VPOS="1579" WIDTH="44"/>
						<String ID="P4_ST00831" HPOS="2939" VPOS="1518" WIDTH="137" HEIGHT="48" CONTENT="lullte" WC="0.99" CC="301503"/>
						<SP ID="P4_SP00717" HPOS="3076" VPOS="1579" WIDTH="44"/>
						<String ID="P4_ST00832" HPOS="3120" VPOS="1523" WIDTH="73" HEIGHT="45" CONTENT="sie" WC="0.97" CC="017"/>
					</TextLine>
					<TextLine ID="P4_TL00113" HPOS="1692" VPOS="1586" WIDTH="1500" HEIGHT="63">
						<String ID="P4_ST00833" HPOS="1692" VPOS="1589" WIDTH="48" HEIGHT="45" CONTENT="in" WC="0.50" CC="36"/>
						<SP ID="P4_SP00718" HPOS="1740" VPOS="1634" WIDTH="47"/>
						<String ID="P4_ST00834" HPOS="1787" VPOS="1587" WIDTH="233" HEIGHT="59" CONTENT="Träume," WC="1.00" CC="0003004"/>
						<SP ID="P4_SP00719" HPOS="2020" VPOS="1646" WIDTH="52"/>
						<String ID="P4_ST00835" HPOS="2072" VPOS="1586" WIDTH="76" HEIGHT="48" CONTENT="oft" WC="0.98" CC="050"/>
						<SP ID="P4_SP00720" HPOS="2148" VPOS="1646" WIDTH="45"/>
						<String ID="P4_ST00836" HPOS="2193" VPOS="1588" WIDTH="116" HEIGHT="46" CONTENT="kam" WC="1.00" CC="000"/>
						<SP ID="P4_SP00721" HPOS="2309" VPOS="1646" WIDTH="47"/>
						<String ID="P4_ST00837" HPOS="2356" VPOS="1590" WIDTH="75" HEIGHT="45" CONTENT="sie" WC="0.93" CC="647"/>
						<SP ID="P4_SP00722" HPOS="2431" VPOS="1646" WIDTH="48"/>
						<String ID="P4_ST00838" HPOS="2479" VPOS="1590" WIDTH="49" HEIGHT="45" CONTENT="in" WC="0.83" CC="11"/>
						<SP ID="P4_SP00723" HPOS="2528" VPOS="1646" WIDTH="48"/>
						<String ID="P4_ST00839" HPOS="2576" VPOS="1589" WIDTH="229" HEIGHT="46" CONTENT="Wochen" WC="0.99" CC="000416"/>
						<SP ID="P4_SP00724" HPOS="2805" VPOS="1646" WIDTH="47"/>
						<String ID="P4_ST00840" HPOS="2852" VPOS="1603" WIDTH="93" HEIGHT="33" CONTENT="nur" WC="0.97" CC="260"/>
						<SP ID="P4_SP00725" HPOS="2945" VPOS="1646" WIDTH="47"/>
						<String ID="P4_ST00841" HPOS="2992" VPOS="1587" WIDTH="200" HEIGHT="62" CONTENT="einmal," WC="0.99" CC="1030084"/>
					</TextLine>
					<TextLine ID="P4_TL00114" HPOS="1691" VPOS="1656" WIDTH="1502" HEIGHT="62">
						<String ID="P4_ST00842" HPOS="1691" VPOS="1656" WIDTH="135" HEIGHT="47" CONTENT="dann" WC="0.98" CC="0350"/>
						<SP ID="P4_SP00726" HPOS="1826" VPOS="1703" WIDTH="53"/>
						<String ID="P4_ST00843" HPOS="1879" VPOS="1657" WIDTH="193" HEIGHT="47" CONTENT="wieder" WC="0.99" CC="010075"/>
						<SP ID="P4_SP00727" HPOS="2072" VPOS="1704" WIDTH="54"/>
						<String ID="P4_ST00844" HPOS="2126" VPOS="1656" WIDTH="100" HEIGHT="49" CONTENT="fast" WC="0.99" CC="0050"/>
						<SP ID="P4_SP00728" HPOS="2226" VPOS="1705" WIDTH="53"/>
						<String ID="P4_ST00845" HPOS="2279" VPOS="1656" WIDTH="200" HEIGHT="62" CONTENT="täglich." WC="0.99" CC="80083010"/>
						<SP ID="P4_SP00729" HPOS="2479" VPOS="1718" WIDTH="85"/>
						<String ID="P4_ST00846" HPOS="2564" VPOS="1658" WIDTH="81" HEIGHT="48" CONTENT="Sie" WC="1.00" CC="000"/>
						<SP ID="P4_SP00730" HPOS="2645" VPOS="1718" WIDTH="53"/>
						<String ID="P4_ST00847" HPOS="2698" VPOS="1658" WIDTH="176" HEIGHT="60" CONTENT="fühlte," WC="0.99" CC="3026004"/>
						<SP ID="P4_SP00731" HPOS="2874" VPOS="1718" WIDTH="55"/>
						<String ID="P4_ST00848" HPOS="2929" VPOS="1658" WIDTH="107" HEIGHT="50" CONTENT="daßi" WC="0.80" CC="0008"/>
						<SP ID="P4_SP00732" HPOS="3036" VPOS="1718" WIDTH="48"/>
						<String ID="P4_ST00849" HPOS="3084" VPOS="1659" WIDTH="109" HEIGHT="50" CONTENT="dies" WC="0.98" CC="0370"/>
					</TextLine>
					<TextLine ID="P4_TL00115" HPOS="1690" VPOS="1725" WIDTH="1502" HEIGHT="64">
						<String ID="P4_ST00850" HPOS="1690" VPOS="1725" WIDTH="331" HEIGHT="49" CONTENT="Scheinleben" WC="0.99" CC="06013400915"/>
						<SP ID="P4_SP00733" HPOS="2021" VPOS="1774" WIDTH="65"/>
						<String ID="P4_ST00851" HPOS="2086" VPOS="1727" WIDTH="194" HEIGHT="47" CONTENT="stärker" WC="0.99" CC="0070090"/>
						<SP ID="P4_SP00734" HPOS="2280" VPOS="1774" WIDTH="66"/>
						<String ID="P4_ST00852" HPOS="2346" VPOS="1727" WIDTH="73" HEIGHT="48" CONTENT="als" WC="0.99" CC="030"/>
						<SP ID="P4_SP00735" HPOS="2419" VPOS="1775" WIDTH="64"/>
						<String ID="P4_ST00853" HPOS="2483" VPOS="1728" WIDTH="79" HEIGHT="47" CONTENT="ihr" WC="1.00" CC="000"/>
						<SP ID="P4_SP00736" HPOS="2562" VPOS="1775" WIDTH="65"/>
						<String ID="P4_ST00854" HPOS="2627" VPOS="1728" WIDTH="310" HEIGHT="61" CONTENT="alltägliches" WC="0.99" CC="070000107570"/>
						<SP ID="P4_SP00737" HPOS="2937" VPOS="1789" WIDTH="64"/>
						<String ID="P4_ST00855" HPOS="3001" VPOS="1729" WIDTH="191" HEIGHT="48" CONTENT="wuitle." WC="0.50" CC="0779072"/>
					</TextLine>
					<TextLine ID="P4_TL00116" HPOS="1691" VPOS="1795" WIDTH="1505" HEIGHT="51">
						<String ID="P4_ST00856" HPOS="1691" VPOS="1795" WIDTH="294" HEIGHT="49" CONTENT="Manchmal" WC="0.99" CC="00640008"/>
						<SP ID="P4_SP00738" HPOS="1985" VPOS="1844" WIDTH="48"/>
						<String ID="P4_ST00857" HPOS="2033" VPOS="1796" WIDTH="136" HEIGHT="48" CONTENT="hatte" WC="0.99" CC="10004"/>
						<SP ID="P4_SP00739" HPOS="2169" VPOS="1844" WIDTH="53"/>
						<String ID="P4_ST00858" HPOS="2222" VPOS="1800" WIDTH="71" HEIGHT="45" CONTENT="sie" WC="0.96" CC="027"/>
						<SP ID="P4_SP00740" HPOS="2293" VPOS="1845" WIDTH="55"/>
						<String ID="P4_ST00859" HPOS="2348" VPOS="1798" WIDTH="183" HEIGHT="47" CONTENT="Furcht" WC="0.99" CC="550000"/>
						<SP ID="P4_SP00741" HPOS="2531" VPOS="1845" WIDTH="46"/>
						<String ID="P4_ST00860" HPOS="2577" VPOS="1811" WIDTH="92" HEIGHT="34" CONTENT="vor" WC="0.96" CC="090"/>
						<SP ID="P4_SP00742" HPOS="2669" VPOS="1845" WIDTH="48"/>
						<String ID="P4_ST00861" HPOS="2717" VPOS="1799" WIDTH="117" HEIGHT="47" CONTENT="dem" WC="1.00" CC="000"/>
						<SP ID="P4_SP00743" HPOS="2834" VPOS="1846" WIDTH="53"/>
						<String ID="P4_ST00862" HPOS="2887" VPOS="1798" WIDTH="161" HEIGHT="48" CONTENT="Maler" WC="1.00" CC="00000"/>
						<SP ID="P4_SP00744" HPOS="3048" VPOS="1846" WIDTH="49"/>
						<String ID="P4_ST00863" HPOS="3097" VPOS="1801" WIDTH="99" HEIGHT="45" CONTENT="wie" WC="0.98" CC="006"/>
					</TextLine>
					<TextLine ID="P4_TL00117" HPOS="1691" VPOS="1867" WIDTH="1503" HEIGHT="51">
						<String ID="P4_ST00864" HPOS="1691" VPOS="1878" WIDTH="90" HEIGHT="35" CONTENT="vor" WC="1.00" CC="000"/>
						<SP ID="P4_SP00745" HPOS="1781" VPOS="1913" WIDTH="45"/>
						<String ID="P4_ST00865" HPOS="1826" VPOS="1869" WIDTH="161" HEIGHT="45" CONTENT="einem" WC="1.00" CC="02000"/>
						<SP ID="P4_SP00746" HPOS="1987" VPOS="1914" WIDTH="52"/>
						<String ID="P4_ST00866" HPOS="2039" VPOS="1867" WIDTH="170" HEIGHT="48" CONTENT="Feind." WC="0.98" CC="475501"/>
						<SP ID="P4_SP00747" HPOS="2209" VPOS="1915" WIDTH="79"/>
						<String ID="P4_ST00867" HPOS="2288" VPOS="1868" WIDTH="62" HEIGHT="46" CONTENT="Er" WC="0.66" CC="60"/>
						<SP ID="P4_SP00748" HPOS="2350" VPOS="1915" WIDTH="45"/>
						<String ID="P4_ST00868" HPOS="2395" VPOS="1868" WIDTH="169" HEIGHT="47" CONTENT="schien" WC="0.99" CC="004303"/>
						<SP ID="P4_SP00749" HPOS="2564" VPOS="1915" WIDTH="48"/>
						<String ID="P4_ST00869" HPOS="2612" VPOS="1869" WIDTH="79" HEIGHT="48" CONTENT="die" WC="0.96" CC="037"/>
						<SP ID="P4_SP00750" HPOS="2691" VPOS="1917" WIDTH="45"/>
						<String ID="P4_ST00870" HPOS="2736" VPOS="1868" WIDTH="173" HEIGHT="50" CONTENT="Musik" WC="0.99" CC="05000"/>
						<SP ID="P4_SP00751" HPOS="2909" VPOS="1918" WIDTH="45"/>
						<String ID="P4_ST00871" HPOS="2954" VPOS="1869" WIDTH="134" HEIGHT="48" CONTENT="nicht" WC="0.99" CC="14400"/>
						<SP ID="P4_SP00752" HPOS="3088" VPOS="1918" WIDTH="44"/>
						<String ID="P4_ST00872" HPOS="3132" VPOS="1882" WIDTH="62" HEIGHT="35" CONTENT="zu" WC="0.69" CC="06"/>
					</TextLine>
					<TextLine ID="P4_TL00118" HPOS="1690" VPOS="1935" WIDTH="1507" HEIGHT="63">
						<String ID="P4_ST00873" HPOS="1690" VPOS="1935" WIDTH="177" HEIGHT="61" CONTENT="hören," WC="0.99" CC="700024"/>
						<SP ID="P4_SP00753" HPOS="1867" VPOS="1996" WIDTH="48"/>
						<String ID="P4_ST00874" HPOS="1915" VPOS="1938" WIDTH="134" HEIGHT="46" CONTENT="denn" WC="0.98" CC="0008"/>
						<SP ID="P4_SP00754" HPOS="2049" VPOS="1996" WIDTH="48"/>
						<String ID="P4_ST00875" HPOS="2097" VPOS="1940" WIDTH="73" HEIGHT="45" CONTENT="sie" WC="1.00" CC="010"/>
						<SP ID="P4_SP00755" HPOS="2170" VPOS="1996" WIDTH="48"/>
						<String ID="P4_ST00876" HPOS="2218" VPOS="1952" WIDTH="107" HEIGHT="33" CONTENT="war" WC="1.00" CC="000"/>
						<SP ID="P4_SP00756" HPOS="2325" VPOS="1996" WIDTH="48"/>
						<String ID="P4_ST00877" HPOS="2373" VPOS="1953" WIDTH="52" HEIGHT="32" CONTENT="es" WC="1.00" CC="00"/>
						<SP ID="P4_SP00757" HPOS="2425" VPOS="1996" WIDTH="49"/>
						<String ID="P4_ST00878" HPOS="2474" VPOS="1937" WIDTH="149" HEIGHT="61" CONTENT="nicht," WC="0.99" CC="203304"/>
						<SP ID="P4_SP00758" HPOS="2623" VPOS="1998" WIDTH="49"/>
						<String ID="P4_ST00879" HPOS="2672" VPOS="1938" WIDTH="82" HEIGHT="48" CONTENT="die" WC="0.96" CC="027"/>
						<SP ID="P4_SP00759" HPOS="2754" VPOS="1998" WIDTH="47"/>
						<String ID="P4_ST00880" HPOS="2801" VPOS="1943" WIDTH="174" HEIGHT="46" CONTENT="seinen" WC="0.98" CC="075700"/>
						<SP ID="P4_SP00760" HPOS="2975" VPOS="1998" WIDTH="52"/>
						<String ID="P4_ST00881" HPOS="3027" VPOS="1939" WIDTH="170" HEIGHT="50" CONTENT="Pinsel" WC="0.98" CC="018008"/>
					</TextLine>
					<TextLine ID="P4_TL00119" HPOS="1692" VPOS="2006" WIDTH="1501" HEIGHT="63">
						<String ID="P4_ST00882" HPOS="1692" VPOS="2006" WIDTH="201" HEIGHT="48" CONTENT="rasCher" WC="0.94" CC="0000004"/>
						<SP ID="P4_SP00761" HPOS="1893" VPOS="2054" WIDTH="56"/>
						<String ID="P4_ST00883" HPOS="1949" VPOS="2006" WIDTH="210" HEIGHT="48" CONTENT="streifen" WC="0.99" CC="20070606"/>
						<SP ID="P4_SP00762" HPOS="2159" VPOS="2054" WIDTH="57"/>
						<String ID="P4_ST00884" HPOS="2216" VPOS="2009" WIDTH="126" HEIGHT="45" CONTENT="oder" WC="0.99" CC="0050"/>
						<SP ID="P4_SP00763" HPOS="2342" VPOS="2054" WIDTH="60"/>
						<String ID="P4_ST00885" HPOS="2402" VPOS="2007" WIDTH="174" HEIGHT="62" CONTENT="länger" WC="0.98" CC="802070"/>
						<SP ID="P4_SP00764" HPOS="2576" VPOS="2069" WIDTH="55"/>
						<String ID="P4_ST00886" HPOS="2631" VPOS="2008" WIDTH="290" HEIGHT="49" CONTENT="innehalten" WC="0.99" CC="0437002001"/>
						<SP ID="P4_SP00765" HPOS="2921" VPOS="2069" WIDTH="60"/>
						<String ID="P4_ST00887" HPOS="2981" VPOS="2009" WIDTH="212" HEIGHT="50" CONTENT="machte." WC="0.98" CC="0004943"/>
					</TextLine>
					<TextLine ID="P4_TL00120" HPOS="1690" VPOS="2073" WIDTH="1507" HEIGHT="54">
						<String ID="P4_ST00888" HPOS="1690" VPOS="2073" WIDTH="134" HEIGHT="51" CONTENT="Weil" WC="0.98" CC="0008"/>
						<SP ID="P4_SP00766" HPOS="1824" VPOS="2124" WIDTH="33"/>
						<String ID="P4_ST00889" HPOS="1857" VPOS="2092" WIDTH="53" HEIGHT="32" CONTENT="er" WC="0.95" CC="00"/>
						<SP ID="P4_SP00767" HPOS="1910" VPOS="2124" WIDTH="34"/>
						<String ID="P4_ST00890" HPOS="1944" VPOS="2076" WIDTH="120" HEIGHT="48" CONTENT="aber" WC="1.00" CC="0000"/>
						<SP ID="P4_SP00768" HPOS="2064" VPOS="2124" WIDTH="32"/>
						<String ID="P4_ST00891" HPOS="2096" VPOS="2105" WIDTH="59" HEIGHT="5" CONTENT="—" WC="0.20" CC="8"/>
						<SP ID="P4_SP00769" HPOS="2155" VPOS="2124" WIDTH="36"/>
						<String ID="P4_ST00892" HPOS="2191" VPOS="2078" WIDTH="103" HEIGHT="47" CONTENT="und" WC="0.99" CC="010"/>
						<SP ID="P4_SP00770" HPOS="2294" VPOS="2125" WIDTH="34"/>
						<String ID="P4_ST00893" HPOS="2328" VPOS="2078" WIDTH="136" HEIGHT="47" CONTENT="nicht" WC="0.98" CC="50900"/>
						<SP ID="P4_SP00771" HPOS="2464" VPOS="2125" WIDTH="34"/>
						<String ID="P4_ST00894" HPOS="2498" VPOS="2077" WIDTH="181" HEIGHT="48" CONTENT="zuletzt" WC="0.99" CC="6530000"/>
						<SP ID="P4_SP00772" HPOS="2679" VPOS="2125" WIDTH="30"/>
						<String ID="P4_ST00895" HPOS="2709" VPOS="2078" WIDTH="156" HEIGHT="48" CONTENT="durch" WC="0.97" CC="06096"/>
						<SP ID="P4_SP00773" HPOS="2865" VPOS="2126" WIDTH="34"/>
						<String ID="P4_ST00896" HPOS="2899" VPOS="2081" WIDTH="139" HEIGHT="46" CONTENT="seine" WC="0.97" CC="07554"/>
						<SP ID="P4_SP00774" HPOS="3038" VPOS="2127" WIDTH="35"/>
						<String ID="P4_ST00897" HPOS="3073" VPOS="2080" WIDTH="93" HEIGHT="47" CONTENT="ban" SUBS_TYPE="HypPart1" SUBS_CONTENT="bannende" WC="0.97" CC="506"/>
						<HYP HPOS="3166" VPOS="2080" WIDTH="31" CONTENT="-"/>
					</TextLine>
					<TextLine ID="P4_TL00121" HPOS="1690" VPOS="2146" WIDTH="1503" HEIGHT="62">
						<String ID="P4_ST00898" HPOS="1690" VPOS="2146" WIDTH="166" HEIGHT="47" CONTENT="nende" SUBS_TYPE="HypPart2" SUBS_CONTENT="bannende" WC="0.98" CC="50207"/>
						<SP ID="P4_SP00775" HPOS="1856" VPOS="2193" WIDTH="54"/>
						<String ID="P4_ST00899" HPOS="1910" VPOS="2147" WIDTH="348" HEIGHT="61" CONTENT="Erscheinung" WC="0.99" CC="40690070460"/>
						<SP ID="P4_SP00776" HPOS="2258" VPOS="2208" WIDTH="48"/>
						<String ID="P4_ST00900" HPOS="2306" VPOS="2176" WIDTH="58" HEIGHT="5" CONTENT="—" WC="0.20" CC="8"/>
						<SP ID="P4_SP00777" HPOS="2364" VPOS="2208" WIDTH="50"/>
						<String ID="P4_ST00901" HPOS="2414" VPOS="2164" WIDTH="60" HEIGHT="32" CONTENT="so" WC="1.00" CC="00"/>
						<SP ID="P4_SP00778" HPOS="2474" VPOS="2208" WIDTH="51"/>
						<String ID="P4_ST00902" HPOS="2525" VPOS="2147" WIDTH="119" HEIGHT="49" CONTENT="fest-" WC="0.98" CC="70004"/>
						<SP ID="P4_SP00779" HPOS="2644" VPOS="2208" WIDTH="48"/>
						<String ID="P4_ST00903" HPOS="2692" VPOS="2148" WIDTH="105" HEIGHT="48" CONTENT="und" WC="0.95" CC="750"/>
						<SP ID="P4_SP00780" HPOS="2797" VPOS="2208" WIDTH="49"/>
						<String ID="P4_ST00904" HPOS="2846" VPOS="2147" WIDTH="347" HEIGHT="51" CONTENT="fernzuhalten" WC="0.99" CC="600064700905"/>
					</TextLine>
					<TextLine ID="P4_TL00122" HPOS="1693" VPOS="2216" WIDTH="1504" HEIGHT="63">
						<String ID="P4_ST00905" HPOS="1693" VPOS="2216" WIDTH="187" HEIGHT="60" CONTENT="wußte," WC="0.99" CC="030073"/>
						<SP ID="P4_SP00781" HPOS="1880" VPOS="2276" WIDTH="47"/>
						<String ID="P4_ST00906" HPOS="1927" VPOS="2231" WIDTH="110" HEIGHT="33" CONTENT="war" WC="0.93" CC="964"/>
						<SP ID="P4_SP00782" HPOS="2037" VPOS="2276" WIDTH="47"/>
						<String ID="P4_ST00907" HPOS="2084" VPOS="2232" WIDTH="53" HEIGHT="32" CONTENT="er" WC="0.45" CC="28"/>
						<SP ID="P4_SP00783" HPOS="2137" VPOS="2276" WIDTH="47"/>
						<String ID="P4_ST00908" HPOS="2184" VPOS="2218" WIDTH="126" HEIGHT="46" CONTENT="über" WC="0.96" CC="0479"/>
						<SP ID="P4_SP00784" HPOS="2310" VPOS="2276" WIDTH="49"/>
						<String ID="P4_ST00909" HPOS="2359" VPOS="2218" WIDTH="116" HEIGHT="46" CONTENT="Haß" WC="0.96" CC="730"/>
						<SP ID="P4_SP00785" HPOS="2475" VPOS="2276" WIDTH="54"/>
						<String ID="P4_ST00910" HPOS="2529" VPOS="2219" WIDTH="122" HEIGHT="46" CONTENT="oder" WC="0.99" CC="0020"/>
						<SP ID="P4_SP00786" HPOS="2651" VPOS="2276" WIDTH="49"/>
						<String ID="P4_ST00911" HPOS="2700" VPOS="2219" WIDTH="153" HEIGHT="47" CONTENT="Liebe" WC="0.99" CC="00340"/>
						<SP ID="P4_SP00787" HPOS="2853" VPOS="2276" WIDTH="48"/>
						<String ID="P4_ST00912" HPOS="2901" VPOS="2220" WIDTH="196" HEIGHT="59" CONTENT="hinaus," WC="0.99" CC="5020503"/>
						<SP ID="P4_SP00788" HPOS="3097" VPOS="2279" WIDTH="50"/>
						<String ID="P4_ST00913" HPOS="3147" VPOS="2223" WIDTH="50" HEIGHT="51" CONTENT="jn" WC="0.42" CC="83"/>
					</TextLine>
					<TextLine ID="P4_TL00123" HPOS="1692" VPOS="2285" WIDTH="1501" HEIGHT="63">
						<String ID="P4_ST00914" HPOS="1692" VPOS="2285" WIDTH="174" HEIGHT="49" CONTENT="diesen" WC="0.98" CC="042603"/>
						<SP ID="P4_SP00789" HPOS="1866" VPOS="2334" WIDTH="44"/>
						<String ID="P4_ST00915" HPOS="1910" VPOS="2286" WIDTH="226" HEIGHT="48" CONTENT="Stunden" WC="0.99" CC="0031026"/>
						<SP ID="P4_SP00790" HPOS="2136" VPOS="2334" WIDTH="42"/>
						<String ID="P4_ST00916" HPOS="2178" VPOS="2288" WIDTH="80" HEIGHT="47" CONTENT="ihr" WC="1.00" CC="000"/>
						<SP ID="P4_SP00791" HPOS="2258" VPOS="2335" WIDTH="39"/>
						<String ID="P4_ST00917" HPOS="2297" VPOS="2288" WIDTH="261" HEIGHT="60" CONTENT="stärkerer," WC="0.99" CC="0900900704"/>
						<SP ID="P4_SP00792" HPOS="2558" VPOS="2348" WIDTH="45"/>
						<String ID="P4_ST00918" HPOS="2603" VPOS="2288" WIDTH="331" HEIGHT="49" CONTENT="schützender" WC="0.99" CC="09000271000"/>
						<SP ID="P4_SP00793" HPOS="2934" VPOS="2348" WIDTH="46"/>
						<String ID="P4_ST00919" HPOS="2980" VPOS="2290" WIDTH="213" HEIGHT="48" CONTENT="Freund." WC="0.98" CC="4440604"/>
					</TextLine>
					<TextLine ID="P4_TL00124" HPOS="1691" VPOS="2355" WIDTH="1503" HEIGHT="65">
						<String ID="P4_ST00920" HPOS="1691" VPOS="2355" WIDTH="142" HEIGHT="48" CONTENT="Auch" WC="0.96" CC="0765"/>
						<SP ID="P4_SP00794" HPOS="1833" VPOS="2403" WIDTH="39"/>
						<String ID="P4_ST00921" HPOS="1872" VPOS="2357" WIDTH="190" HEIGHT="47" CONTENT="konnte" WC="0.99" CC="002800"/>
						<SP ID="P4_SP00795" HPOS="2062" VPOS="2404" WIDTH="37"/>
						<String ID="P4_ST00922" HPOS="2099" VPOS="2373" WIDTH="57" HEIGHT="32" CONTENT="er" WC="0.63" CC="70"/>
						<SP ID="P4_SP00796" HPOS="2156" VPOS="2405" WIDTH="35"/>
						<String ID="P4_ST00923" HPOS="2191" VPOS="2357" WIDTH="135" HEIGHT="49" CONTENT="nicht" WC="0.98" CC="70040"/>
						<SP ID="P4_SP00797" HPOS="2326" VPOS="2406" WIDTH="37"/>
						<String ID="P4_ST00924" HPOS="2363" VPOS="2372" WIDTH="94" HEIGHT="33" CONTENT="nur" WC="0.97" CC="060"/>
						<SP ID="P4_SP00798" HPOS="2457" VPOS="2406" WIDTH="38"/>
						<String ID="P4_ST00925" HPOS="2495" VPOS="2357" WIDTH="131" HEIGHT="49" CONTENT="ihrer" WC="0.99" CC="02020"/>
						<SP ID="P4_SP00799" HPOS="2626" VPOS="2406" WIDTH="39"/>
						<String ID="P4_ST00926" HPOS="2665" VPOS="2358" WIDTH="415" HEIGHT="62" CONTENT="Vergangenheit" WC="1.00" CC="0000030015100"/>
						<SP ID="P4_SP00800" HPOS="3080" VPOS="2420" WIDTH="34"/>
						<String ID="P4_ST00927" HPOS="3114" VPOS="2363" WIDTH="80" HEIGHT="46" CONTENT="ein" WC="0.98" CC="004"/>
					</TextLine>
					<TextLine ID="P4_TL00125" HPOS="1693" VPOS="2425" WIDTH="1504" HEIGHT="63">
						<String ID="P4_ST00928" HPOS="1693" VPOS="2425" WIDTH="241" HEIGHT="48" CONTENT="Grabmal" WC="0.99" CC="6006040"/>
						<SP ID="P4_SP00801" HPOS="1934" VPOS="2473" WIDTH="36"/>
						<String ID="P4_ST00929" HPOS="1970" VPOS="2429" WIDTH="189" HEIGHT="59" CONTENT="setzen," WC="0.98" CC="6160704"/>
						<SP ID="P4_SP00802" HPOS="2159" VPOS="2488" WIDTH="36"/>
						<String ID="P4_ST00930" HPOS="2195" VPOS="2428" WIDTH="136" HEIGHT="48" CONTENT="niCht" WC="0.56" CC="74009"/>
						<SP ID="P4_SP00803" HPOS="2331" VPOS="2488" WIDTH="34"/>
						<String ID="P4_ST00931" HPOS="2365" VPOS="2443" WIDTH="95" HEIGHT="32" CONTENT="nur" WC="0.96" CC="550"/>
						<SP ID="P4_SP00804" HPOS="2460" VPOS="2488" WIDTH="31"/>
						<String ID="P4_ST00932" HPOS="2491" VPOS="2430" WIDTH="96" HEIGHT="46" CONTENT="mit" WC="0.96" CC="900"/>
						<SP ID="P4_SP00805" HPOS="2587" VPOS="2488" WIDTH="33"/>
						<String ID="P4_ST00933" HPOS="2620" VPOS="2430" WIDTH="191" HEIGHT="46" CONTENT="seinem" WC="0.99" CC="072600"/>
						<SP ID="P4_SP00806" HPOS="2811" VPOS="2488" WIDTH="40"/>
						<String ID="P4_ST00934" HPOS="2851" VPOS="2428" WIDTH="320" HEIGHT="55" CONTENT="städtefüllen" SUBS_TYPE="HypPart1" SUBS_CONTENT="städtefüllenden" WC="0.99" CC="070007003555"/>
						<HYP HPOS="3171" VPOS="2428" WIDTH="26" CONTENT="-"/>
					</TextLine>
					<TextLine ID="P4_TL00126" HPOS="1690" VPOS="2496" WIDTH="1503" HEIGHT="64">
						<String ID="P4_ST00935" HPOS="1690" VPOS="2496" WIDTH="99" HEIGHT="48" CONTENT="den" SUBS_TYPE="HypPart2" SUBS_CONTENT="städtefüllenden" WC="0.97" CC="034"/>
						<SP ID="P4_SP00807" HPOS="1789" VPOS="2544" WIDTH="53"/>
						<String ID="P4_ST00936" HPOS="1842" VPOS="2496" WIDTH="162" HEIGHT="49" CONTENT="Ruhm" WC="0.99" CC="0300"/>
						<SP ID="P4_SP00808" HPOS="2004" VPOS="2545" WIDTH="53"/>
						<String ID="P4_ST00937" HPOS="2057" VPOS="2500" WIDTH="74" HEIGHT="45" CONTENT="sie" WC="0.96" CC="370"/>
						<SP ID="P4_SP00809" HPOS="2131" VPOS="2545" WIDTH="45"/>
						<String ID="P4_ST00938" HPOS="2176" VPOS="2497" WIDTH="92" HEIGHT="48" CONTENT="der" WC="0.97" CC="070"/>
						<SP ID="P4_SP00810" HPOS="2268" VPOS="2545" WIDTH="49"/>
						<String ID="P4_ST00939" HPOS="2317" VPOS="2498" WIDTH="248" HEIGHT="61" CONTENT="Ewigkeit" WC="1.00" CC="50000040"/>
						<SP ID="P4_SP00811" HPOS="2565" VPOS="2559" WIDTH="46"/>
						<String ID="P4_ST00940" HPOS="2611" VPOS="2499" WIDTH="183" HEIGHT="61" CONTENT="geben," WC="0.98" CC="070704"/>
						<SP ID="P4_SP00812" HPOS="2794" VPOS="2560" WIDTH="48"/>
						<String ID="P4_ST00941" HPOS="2842" VPOS="2514" WIDTH="57" HEIGHT="32" CONTENT="er" WC="1.00" CC="00"/>
						<SP ID="P4_SP00813" HPOS="2899" VPOS="2560" WIDTH="44"/>
						<String ID="P4_ST00942" HPOS="2943" VPOS="2515" WIDTH="108" HEIGHT="32" CONTENT="war" WC="0.96" CC="090"/>
						<SP ID="P4_SP00814" HPOS="3051" VPOS="2560" WIDTH="47"/>
						<String ID="P4_ST00943" HPOS="3098" VPOS="2504" WIDTH="95" HEIGHT="46" CONTENT="wie" WC="0.96" CC="037"/>
					</TextLine>
					<TextLine ID="P4_TL00127" HPOS="1693" VPOS="2566" WIDTH="1501" HEIGHT="60">
						<String ID="P4_ST00944" HPOS="1693" VPOS="2567" WIDTH="79" HEIGHT="46" CONTENT="ein" WC="0.94" CC="436"/>
						<SP ID="P4_SP00815" HPOS="1772" VPOS="2613" WIDTH="50"/>
						<String ID="P4_ST00945" HPOS="1822" VPOS="2566" WIDTH="138" HEIGHT="60" CONTENT="Gott," WC="0.99" CC="60004"/>
						<SP ID="P4_SP00816" HPOS="1960" VPOS="2626" WIDTH="49"/>
						<String ID="P4_ST00946" HPOS="2009" VPOS="2567" WIDTH="91" HEIGHT="47" CONTENT="der" WC="0.97" CC="070"/>
						<SP ID="P4_SP00817" HPOS="2100" VPOS="2626" WIDTH="44"/>
						<String ID="P4_ST00947" HPOS="2144" VPOS="2567" WIDTH="79" HEIGHT="48" CONTENT="ihr" WC="0.97" CC="800"/>
						<SP ID="P4_SP00818" HPOS="2223" VPOS="2626" WIDTH="47"/>
						<String ID="P4_ST00948" HPOS="2270" VPOS="2566" WIDTH="253" HEIGHT="51" CONTENT="leibliches" WC="0.99" CC="8400100400"/>
						<SP ID="P4_SP00819" HPOS="2523" VPOS="2626" WIDTH="50"/>
						<String ID="P4_ST00949" HPOS="2573" VPOS="2567" WIDTH="187" HEIGHT="51" CONTENT="Antlitz" WC="1.00" CC="0402000"/>
						<SP ID="P4_SP00820" HPOS="2760" VPOS="2626" WIDTH="44"/>
						<String ID="P4_ST00950" HPOS="2804" VPOS="2569" WIDTH="201" HEIGHT="48" CONTENT="bildete." WC="0.99" CC="05000073"/>
						<SP ID="P4_SP00821" HPOS="3005" VPOS="2626" WIDTH="76"/>
						<String ID="P4_ST00951" HPOS="3081" VPOS="2571" WIDTH="113" HEIGHT="51" CONTENT="Wie" WC="0.99" CC="030"/>
					</TextLine>
					<TextLine ID="P4_TL00128" HPOS="1692" VPOS="2633" WIDTH="1504" HEIGHT="64">
						<String ID="P4_ST00952" HPOS="1692" VPOS="2633" WIDTH="93" HEIGHT="50" CONTENT="alle" WC="0.96" CC="0493"/>
						<SP ID="P4_SP00822" HPOS="1785" VPOS="2683" WIDTH="52"/>
						<String ID="P4_ST00953" HPOS="1837" VPOS="2637" WIDTH="79" HEIGHT="47" CONTENT="die" WC="0.96" CC="047"/>
						<SP ID="P4_SP00823" HPOS="1916" VPOS="2684" WIDTH="50"/>
						<String ID="P4_ST00954" HPOS="1966" VPOS="2637" WIDTH="295" HEIGHT="60" CONTENT="Menschen," WC="0.99" CC="003003974"/>
						<SP ID="P4_SP00824" HPOS="2261" VPOS="2697" WIDTH="49"/>
						<String ID="P4_ST00955" HPOS="2310" VPOS="2639" WIDTH="82" HEIGHT="46" CONTENT="die" WC="0.97" CC="007"/>
						<SP ID="P4_SP00825" HPOS="2392" VPOS="2697" WIDTH="50"/>
						<String ID="P4_ST00956" HPOS="2442" VPOS="2639" WIDTH="264" HEIGHT="49" CONTENT="Leonardo" WC="0.99" CC="07000009"/>
						<SP ID="P4_SP00826" HPOS="2706" VPOS="2697" WIDTH="50"/>
						<String ID="P4_ST00957" HPOS="2756" VPOS="2639" WIDTH="105" HEIGHT="49" CONTENT="sich" WC="0.97" CC="0491"/>
						<SP ID="P4_SP00827" HPOS="2861" VPOS="2697" WIDTH="49"/>
						<String ID="P4_ST00958" HPOS="2910" VPOS="2639" WIDTH="133" HEIGHT="49" CONTENT="noch" WC="0.96" CC="6063"/>
						<SP ID="P4_SP00828" HPOS="3043" VPOS="2697" WIDTH="48"/>
						<String ID="P4_ST00959" HPOS="3091" VPOS="2650" WIDTH="79" HEIGHT="38" CONTENT="ver" SUBS_TYPE="HypPart1" SUBS_CONTENT="verwandt" WC="0.99" CC="000"/>
						<HYP HPOS="3170" VPOS="2650" WIDTH="26" CONTENT="-"/>
					</TextLine>
					<TextLine ID="P4_TL00129" HPOS="1690" VPOS="2704" WIDTH="1502" HEIGHT="64">
						<String ID="P4_ST00960" HPOS="1690" VPOS="2706" WIDTH="175" HEIGHT="48" CONTENT="wandt" SUBS_TYPE="HypPart2" SUBS_CONTENT="verwandt" WC="0.98" CC="05600"/>
						<SP ID="P4_SP00829" HPOS="1865" VPOS="2754" WIDTH="41"/>
						<String ID="P4_ST00961" HPOS="1906" VPOS="2704" WIDTH="176" HEIGHT="63" CONTENT="fühlte," WC="0.98" CC="5058444"/>
						<SP ID="P4_SP00830" HPOS="2082" VPOS="2767" WIDTH="41"/>
						<String ID="P4_ST00962" HPOS="2123" VPOS="2706" WIDTH="213" HEIGHT="62" CONTENT="gehörte" WC="0.99" CC="0750000"/>
						<SP ID="P4_SP00831" HPOS="2336" VPOS="2768" WIDTH="40"/>
						<String ID="P4_ST00963" HPOS="2376" VPOS="2708" WIDTH="130" HEIGHT="47" CONTENT="auCh" WC="0.84" CC="0600"/>
						<SP ID="P4_SP00832" HPOS="2506" VPOS="2768" WIDTH="43"/>
						<String ID="P4_ST00964" HPOS="2549" VPOS="2708" WIDTH="140" HEIGHT="52" CONTENT="diese" WC="0.99" CC="90000"/>
						<SP ID="P4_SP00833" HPOS="2689" VPOS="2768" WIDTH="42"/>
						<String ID="P4_ST00965" HPOS="2731" VPOS="2710" WIDTH="127" HEIGHT="47" CONTENT="Frau" WC="0.97" CC="5025"/>
						<SP ID="P4_SP00834" HPOS="2858" VPOS="2768" WIDTH="56"/>
						<String ID="P4_ST00966" HPOS="2914" VPOS="2721" WIDTH="62" HEIGHT="36" CONTENT="zu" WC="0.35" CC="92"/>
						<SP ID="P4_SP00835" HPOS="2976" VPOS="2768" WIDTH="51"/>
						<String ID="P4_ST00967" HPOS="3027" VPOS="2711" WIDTH="165" HEIGHT="47" CONTENT="einem" WC="0.97" CC="67600"/>
					</TextLine>
					<TextLine ID="P4_TL00130" HPOS="1689" VPOS="2775" WIDTH="1507" HEIGHT="63">
						<String ID="P4_ST00968" HPOS="1689" VPOS="2775" WIDTH="589" HEIGHT="63" CONTENT="SChicksalsgeschlecht," WC="0.65" CC="090680008094070480004"/>
						<SP ID="P4_SP00836" HPOS="2278" VPOS="2838" WIDTH="36"/>
						<String ID="P4_ST00969" HPOS="2314" VPOS="2793" WIDTH="61" HEIGHT="33" CONTENT="zu" WC="0.69" CC="05"/>
						<SP ID="P4_SP00837" HPOS="2375" VPOS="2838" WIDTH="35"/>
						<String ID="P4_ST00970" HPOS="2410" VPOS="2777" WIDTH="166" HEIGHT="49" CONTENT="denen" WC="0.97" CC="07505"/>
						<SP ID="P4_SP00838" HPOS="2576" VPOS="2838" WIDTH="35"/>
						<String ID="P4_ST00971" HPOS="2611" VPOS="2779" WIDTH="81" HEIGHT="48" CONTENT="die" WC="0.97" CC="007"/>
						<SP ID="P4_SP00839" HPOS="2692" VPOS="2838" WIDTH="36"/>
						<String ID="P4_ST00972" HPOS="2728" VPOS="2778" WIDTH="129" HEIGHT="49" CONTENT="noch" WC="0.97" CC="4090"/>
						<SP ID="P4_SP00840" HPOS="2857" VPOS="2838" WIDTH="38"/>
						<String ID="P4_ST00973" HPOS="2895" VPOS="2782" WIDTH="49" HEIGHT="45" CONTENT="in" WC="0.76" CC="31"/>
						<SP ID="P4_SP00841" HPOS="2944" VPOS="2838" WIDTH="36"/>
						<String ID="P4_ST00974" HPOS="2980" VPOS="2780" WIDTH="91" HEIGHT="47" CONTENT="der" WC="0.99" CC="030"/>
						<SP ID="P4_SP00842" HPOS="3071" VPOS="2838" WIDTH="32"/>
						<String ID="P4_ST00975" HPOS="3103" VPOS="2780" WIDTH="62" HEIGHT="49" CONTENT="Be" SUBS_TYPE="HypPart1" SUBS_CONTENT="Beherrschung" WC="0.93" CC="77"/>
						<HYP HPOS="3165" VPOS="2780" WIDTH="31" CONTENT="-"/>
					</TextLine>
					<TextLine ID="P4_TL00131" HPOS="1689" VPOS="2845" WIDTH="1503" HEIGHT="66">
						<String ID="P4_ST00976" HPOS="1689" VPOS="2845" WIDTH="315" HEIGHT="62" CONTENT="herrschung" SUBS_TYPE="HypPart2" SUBS_CONTENT="Beherrschung" WC="0.99" CC="7000069159"/>
						<SP ID="P4_SP00843" HPOS="2004" VPOS="2907" WIDTH="28"/>
						<String ID="P4_ST00977" HPOS="2032" VPOS="2846" WIDTH="446" HEIGHT="62" CONTENT="leidenschaftlich," WC="1.00" CC="81302006004020604"/>
						<SP ID="P4_SP00844" HPOS="2478" VPOS="2908" WIDTH="31"/>
						<String ID="P4_ST00978" HPOS="2509" VPOS="2850" WIDTH="48" HEIGHT="45" CONTENT="in" WC="1.00" CC="00"/>
						<SP ID="P4_SP00845" HPOS="2557" VPOS="2908" WIDTH="26"/>
						<String ID="P4_ST00979" HPOS="2583" VPOS="2848" WIDTH="273" HEIGHT="50" CONTENT="Schönheit" WC="0.99" CC="064002920"/>
						<SP ID="P4_SP00846" HPOS="2856" VPOS="2908" WIDTH="25"/>
						<String ID="P4_ST00980" HPOS="2881" VPOS="2850" WIDTH="311" HEIGHT="61" CONTENT="begehrend," WC="0.99" CC="0707082304"/>
					</TextLine>
					<TextLine ID="P4_TL00132" HPOS="1691" VPOS="2914" WIDTH="1503" HEIGHT="66">
						<String ID="P4_ST00981" HPOS="1691" VPOS="2914" WIDTH="127" HEIGHT="49" CONTENT="stolz" WC="0.96" CC="09983"/>
						<SP ID="P4_SP00847" HPOS="1818" VPOS="2963" WIDTH="26"/>
						<String ID="P4_ST00982" HPOS="1844" VPOS="2917" WIDTH="103" HEIGHT="46" CONTENT="und" WC="0.95" CC="750"/>
						<SP ID="P4_SP00848" HPOS="1947" VPOS="2963" WIDTH="26"/>
						<String ID="P4_ST00983" HPOS="1973" VPOS="2916" WIDTH="122" HEIGHT="61" CONTENT="klug" WC="0.97" CC="0329"/>
						<SP ID="P4_SP00849" HPOS="2095" VPOS="2977" WIDTH="22"/>
						<String ID="P4_ST00984" HPOS="2117" VPOS="2917" WIDTH="130" HEIGHT="49" CONTENT="sind." WC="0.98" CC="34203"/>
						<SP ID="P4_SP00850" HPOS="2247" VPOS="2977" WIDTH="57"/>
						<String ID="P4_ST00985" HPOS="2304" VPOS="2918" WIDTH="153" HEIGHT="47" CONTENT="Diese" WC="0.98" CC="09007"/>
						<SP ID="P4_SP00851" HPOS="2457" VPOS="2977" WIDTH="27"/>
						<String ID="P4_ST00986" HPOS="2484" VPOS="2919" WIDTH="204" HEIGHT="47" CONTENT="werden" WC="0.98" CC="070085"/>
						<SP ID="P4_SP00852" HPOS="2688" VPOS="2977" WIDTH="29"/>
						<String ID="P4_ST00987" HPOS="2717" VPOS="2919" WIDTH="201" HEIGHT="61" CONTENT="Kinder," WC="0.99" CC="0310704"/>
						<SP ID="P4_SP00853" HPOS="2918" VPOS="2980" WIDTH="25"/>
						<String ID="P4_ST00988" HPOS="2943" VPOS="2935" WIDTH="150" HEIGHT="33" CONTENT="wenn" WC="1.00" CC="0000"/>
						<SP ID="P4_SP00854" HPOS="3093" VPOS="2980" WIDTH="28"/>
						<String ID="P4_ST00989" HPOS="3121" VPOS="2925" WIDTH="73" HEIGHT="45" CONTENT="sie" WC="1.00" CC="000"/>
					</TextLine>
					<TextLine ID="P4_TL00133" HPOS="1690" VPOS="2983" WIDTH="1503" HEIGHT="63">
						<String ID="P4_ST00990" HPOS="1690" VPOS="2983" WIDTH="247" HEIGHT="63" CONTENT="glücklich" WC="0.98" CC="980394454"/>
						<SP ID="P4_SP00855" HPOS="1937" VPOS="3046" WIDTH="41"/>
						<String ID="P4_ST00991" HPOS="1978" VPOS="2987" WIDTH="182" HEIGHT="49" CONTENT="lieben." WC="0.98" CC="3417703"/>
						<SP ID="P4_SP00856" HPOS="2160" VPOS="3046" WIDTH="72"/>
						<String ID="P4_ST00992" HPOS="2232" VPOS="2987" WIDTH="184" HEIGHT="49" CONTENT="Mitten" WC="1.00" CC="000020"/>
						<SP ID="P4_SP00857" HPOS="2416" VPOS="3046" WIDTH="43"/>
						<String ID="P4_ST00993" HPOS="2459" VPOS="2991" WIDTH="146" HEIGHT="45" CONTENT="unter" WC="0.98" CC="57000"/>
						<SP ID="P4_SP00858" HPOS="2605" VPOS="3046" WIDTH="41"/>
						<String ID="P4_ST00994" HPOS="2646" VPOS="2988" WIDTH="150" HEIGHT="50" CONTENT="ihnen" WC="0.98" CC="00172"/>
						<SP ID="P4_SP00859" HPOS="2796" VPOS="3046" WIDTH="43"/>
						<String ID="P4_ST00995" HPOS="2839" VPOS="2991" WIDTH="151" HEIGHT="46" CONTENT="stand" WC="1.00" CC="00020"/>
						<SP ID="P4_SP00860" HPOS="2990" VPOS="3046" WIDTH="43"/>
						<String ID="P4_ST00996" HPOS="3033" VPOS="2991" WIDTH="160" HEIGHT="47" CONTENT="Mona" WC="0.99" CC="0014"/>
					</TextLine>
					<TextLine ID="P4_TL00134" HPOS="1692" VPOS="3056" WIDTH="1501" HEIGHT="63">
						<String ID="P4_ST00997" HPOS="1692" VPOS="3056" WIDTH="112" HEIGHT="47" CONTENT="Lisa" WC="0.98" CC="4200"/>
						<SP ID="P4_SP00861" HPOS="1804" VPOS="3103" WIDTH="50"/>
						<String ID="P4_ST00998" HPOS="1854" VPOS="3056" WIDTH="166" HEIGHT="49" CONTENT="allein." WC="0.99" CC="0061034"/>
						<SP ID="P4_SP00862" HPOS="2020" VPOS="3105" WIDTH="86"/>
						<String ID="P4_ST00999" HPOS="2106" VPOS="3058" WIDTH="172" HEIGHT="46" CONTENT="Einem" WC="0.97" CC="65170"/>
						<SP ID="P4_SP00863" HPOS="2278" VPOS="3105" WIDTH="54"/>
						<String ID="P4_ST01000" HPOS="2332" VPOS="3058" WIDTH="324" HEIGHT="61" CONTENT="ungeliebten" WC="1.00" CC="40028300010"/>
						<SP ID="P4_SP00864" HPOS="2656" VPOS="3119" WIDTH="51"/>
						<String ID="P4_ST01001" HPOS="2707" VPOS="3060" WIDTH="159" HEIGHT="47" CONTENT="Mann" WC="0.99" CC="0033"/>
						<SP ID="P4_SP00865" HPOS="2866" VPOS="3119" WIDTH="53"/>
						<String ID="P4_ST01002" HPOS="2919" VPOS="3060" WIDTH="135" HEIGHT="48" CONTENT="hatte" WC="1.00" CC="20000"/>
						<SP ID="P4_SP00866" HPOS="3054" VPOS="3119" WIDTH="66"/>
						<String ID="P4_ST01003" HPOS="3120" VPOS="3064" WIDTH="73" HEIGHT="47" CONTENT="sie" WC="0.96" CC="027"/>
					</TextLine>
					<TextLine ID="P4_TL00135" HPOS="1694" VPOS="3126" WIDTH="1503" HEIGHT="60">
						<String ID="P4_ST01004" HPOS="1694" VPOS="3126" WIDTH="188" HEIGHT="48" CONTENT="Kinder" WC="0.98" CC="346500"/>
						<SP ID="P4_SP00867" HPOS="1882" VPOS="3174" WIDTH="33"/>
						<String ID="P4_ST01005" HPOS="1915" VPOS="3127" WIDTH="242" HEIGHT="59" CONTENT="geboren," WC="0.98" CC="93570014"/>
						<SP ID="P4_SP00868" HPOS="2157" VPOS="3186" WIDTH="38"/>
						<String ID="P4_ST01006" HPOS="2195" VPOS="3128" WIDTH="103" HEIGHT="46" CONTENT="und" WC="0.95" CC="480"/>
						<SP ID="P4_SP00869" HPOS="2298" VPOS="3186" WIDTH="34"/>
						<String ID="P4_ST01007" HPOS="2332" VPOS="3128" WIDTH="77" HEIGHT="47" CONTENT="ihr" WC="0.97" CC="800"/>
						<SP ID="P4_SP00870" HPOS="2409" VPOS="3186" WIDTH="36"/>
						<String ID="P4_ST01008" HPOS="2445" VPOS="3129" WIDTH="117" HEIGHT="47" CONTENT="Leid" WC="1.00" CC="0000"/>
						<SP ID="P4_SP00871" HPOS="2562" VPOS="3186" WIDTH="35"/>
						<String ID="P4_ST01009" HPOS="2597" VPOS="3131" WIDTH="185" HEIGHT="45" CONTENT="atmete" WC="0.99" CC="000607"/>
						<SP ID="P4_SP00872" HPOS="2782" VPOS="3186" WIDTH="35"/>
						<String ID="P4_ST01010" HPOS="2817" VPOS="3132" WIDTH="135" HEIGHT="45" CONTENT="zarte" WC="1.00" CC="30000"/>
						<SP ID="P4_SP00873" HPOS="2952" VPOS="3186" WIDTH="34"/>
						<String ID="P4_ST01011" HPOS="2986" VPOS="3131" WIDTH="181" HEIGHT="48" CONTENT="Mütter" SUBS_TYPE="HypPart1" SUBS_CONTENT="Mütterlichkeit." WC="0.99" CC="007030"/>
						<HYP HPOS="3167" VPOS="3131" WIDTH="30" CONTENT="-"/>
					</TextLine>
					<TextLine ID="P4_TL00136" HPOS="1693" VPOS="3192" WIDTH="1504" HEIGHT="56">
						<String ID="P4_ST01012" HPOS="1693" VPOS="3192" WIDTH="213" HEIGHT="52" CONTENT="lichkeit." SUBS_TYPE="HypPart2" SUBS_CONTENT="Mütterlichkeit." WC="0.99" CC="840900503"/>
						<SP ID="P4_SP00874" HPOS="1906" VPOS="3244" WIDTH="80"/>
						<String ID="P4_ST01013" HPOS="1986" VPOS="3197" WIDTH="79" HEIGHT="46" CONTENT="Sie" WC="0.95" CC="067"/>
						<SP ID="P4_SP00875" HPOS="2065" VPOS="3244" WIDTH="52"/>
						<String ID="P4_ST01014" HPOS="2117" VPOS="3197" WIDTH="186" HEIGHT="48" CONTENT="kannte" WC="0.99" CC="002700"/>
						<SP ID="P4_SP00876" HPOS="2303" VPOS="3245" WIDTH="47"/>
						<String ID="P4_ST01015" HPOS="2350" VPOS="3197" WIDTH="232" HEIGHT="49" CONTENT="dennoch" WC="0.99" CC="0074026"/>
						<SP ID="P4_SP00877" HPOS="2582" VPOS="3246" WIDTH="63"/>
						<String ID="P4_ST01016" HPOS="2645" VPOS="3199" WIDTH="138" HEIGHT="49" CONTENT="nicht" WC="0.98" CC="50600"/>
						<SP ID="P4_SP00878" HPOS="2783" VPOS="3248" WIDTH="61"/>
						<String ID="P4_ST01017" HPOS="2844" VPOS="3200" WIDTH="90" HEIGHT="47" CONTENT="das" WC="0.98" CC="005"/>
						<SP ID="P4_SP00879" HPOS="2934" VPOS="3248" WIDTH="50"/>
						<String ID="P4_ST01018" HPOS="2984" VPOS="3201" WIDTH="183" HEIGHT="47" CONTENT="Mutter" SUBS_TYPE="HypPart1" SUBS_CONTENT="Mutterglück." WC="0.99" CC="030470"/>
						<HYP HPOS="3167" VPOS="3201" WIDTH="30" CONTENT="-"/>
					</TextLine>
					<TextLine ID="P4_TL00137" HPOS="1690" VPOS="3263" WIDTH="1504" HEIGHT="68">
						<String ID="P4_ST01019" HPOS="1690" VPOS="3263" WIDTH="165" HEIGHT="63" CONTENT="glück." SUBS_TYPE="HypPart2" SUBS_CONTENT="Mutterglück." WC="0.99" CC="040003"/>
						<SP ID="P4_SP00880" HPOS="1855" VPOS="3326" WIDTH="67"/>
						<String ID="P4_ST01020" HPOS="1922" VPOS="3266" WIDTH="93" HEIGHT="48" CONTENT="Die" WC="0.98" CC="013"/>
						<SP ID="P4_SP00881" HPOS="2015" VPOS="3326" WIDTH="36"/>
						<String ID="P4_ST01021" HPOS="2051" VPOS="3267" WIDTH="169" HEIGHT="47" CONTENT="rechte" WC="0.99" CC="075000"/>
						<SP ID="P4_SP00882" HPOS="2220" VPOS="3326" WIDTH="31"/>
						<String ID="P4_ST01022" HPOS="2251" VPOS="3267" WIDTH="129" HEIGHT="48" CONTENT="Seite" WC="0.99" CC="00006"/>
						<SP ID="P4_SP00883" HPOS="2380" VPOS="3326" WIDTH="35"/>
						<String ID="P4_ST01023" HPOS="2415" VPOS="3268" WIDTH="131" HEIGHT="47" CONTENT="ihres" WC="1.00" CC="30000"/>
						<SP ID="P4_SP00884" HPOS="2546" VPOS="3326" WIDTH="33"/>
						<String ID="P4_ST01024" HPOS="2579" VPOS="3268" WIDTH="270" HEIGHT="50" CONTENT="Gesichtes" WC="1.00" CC="700203000"/>
						<SP ID="P4_SP00885" HPOS="2849" VPOS="3326" WIDTH="32"/>
						<String ID="P4_ST01025" HPOS="2881" VPOS="3273" WIDTH="179" HEIGHT="58" CONTENT="zeigte," WC="0.99" CC="8000004"/>
						<SP ID="P4_SP00886" HPOS="3060" VPOS="3331" WIDTH="33"/>
						<String ID="P4_ST01026" HPOS="3093" VPOS="3271" WIDTH="101" HEIGHT="47" CONTENT="daß" WC="1.00" CC="000"/>
					</TextLine>
					<TextLine ID="P4_TL00138" HPOS="1693" VPOS="3335" WIDTH="1503" HEIGHT="65">
						<String ID="P4_ST01027" HPOS="1693" VPOS="3338" WIDTH="74" HEIGHT="45" CONTENT="sie" WC="0.98" CC="031"/>
						<SP ID="P4_SP00887" HPOS="1767" VPOS="3383" WIDTH="42"/>
						<String ID="P4_ST01028" HPOS="1809" VPOS="3335" WIDTH="175" HEIGHT="48" CONTENT="darum" WC="0.99" CC="00230"/>
						<SP ID="P4_SP00888" HPOS="1984" VPOS="3383" WIDTH="46"/>
						<String ID="P4_ST01029" HPOS="2030" VPOS="3337" WIDTH="129" HEIGHT="47" CONTENT="noCh" WC="0.85" CC="3002"/>
						<SP ID="P4_SP00889" HPOS="2159" VPOS="3384" WIDTH="41"/>
						<String ID="P4_ST01030" HPOS="2200" VPOS="3335" WIDTH="159" HEIGHT="50" CONTENT="selbst" WC="0.98" CC="078203"/>
						<SP ID="P4_SP00890" HPOS="2359" VPOS="3385" WIDTH="40"/>
						<String ID="P4_ST01031" HPOS="2399" VPOS="3340" WIDTH="98" HEIGHT="45" CONTENT="wie" WC="1.00" CC="000"/>
						<SP ID="P4_SP00891" HPOS="2497" VPOS="3385" WIDTH="41"/>
						<String ID="P4_ST01032" HPOS="2538" VPOS="3340" WIDTH="82" HEIGHT="46" CONTENT="ein" WC="0.97" CC="701"/>
						<SP ID="P4_SP00892" HPOS="2620" VPOS="3386" WIDTH="45"/>
						<String ID="P4_ST01033" HPOS="2665" VPOS="3339" WIDTH="130" HEIGHT="51" CONTENT="Kind" WC="0.97" CC="0570"/>
						<SP ID="P4_SP00893" HPOS="2795" VPOS="3390" WIDTH="41"/>
						<String ID="P4_ST01034" HPOS="2836" VPOS="3355" WIDTH="120" HEIGHT="45" CONTENT="war," WC="0.99" CC="0002"/>
						<SP ID="P4_SP00894" HPOS="2956" VPOS="3400" WIDTH="46"/>
						<String ID="P4_ST01035" HPOS="3002" VPOS="3356" WIDTH="61" HEIGHT="32" CONTENT="an" WC="0.66" CC="15"/>
						<SP ID="P4_SP00895" HPOS="3063" VPOS="3400" WIDTH="44"/>
						<String ID="P4_ST01036" HPOS="3107" VPOS="3341" WIDTH="89" HEIGHT="48" CONTENT="der" WC="0.97" CC="070"/>
					</TextLine>
					<TextLine ID="P4_TL00139" HPOS="1692" VPOS="3405" WIDTH="1502" HEIGHT="62">
						<String ID="P4_ST01037" HPOS="1692" VPOS="3405" WIDTH="215" HEIGHT="61" CONTENT="Wange," WC="0.98" CC="004904"/>
						<SP ID="P4_SP00896" HPOS="1907" VPOS="3466" WIDTH="56"/>
						<String ID="P4_ST01038" HPOS="1963" VPOS="3421" WIDTH="79" HEIGHT="32" CONTENT="am" WC="1.00" CC="00"/>
						<SP ID="P4_SP00897" HPOS="2042" VPOS="3466" WIDTH="56"/>
						<String ID="P4_ST01039" HPOS="2098" VPOS="3406" WIDTH="160" HEIGHT="61" CONTENT="Auge." WC="0.98" CC="06060"/>
						<SP ID="P4_SP00898" HPOS="2258" VPOS="3467" WIDTH="83"/>
						<String ID="P4_ST01040" HPOS="2341" VPOS="3408" WIDTH="191" HEIGHT="48" CONTENT="Mutter" WC="0.99" CC="022030"/>
						<SP ID="P4_SP00899" HPOS="2532" VPOS="3467" WIDTH="53"/>
						<String ID="P4_ST01041" HPOS="2585" VPOS="3409" WIDTH="103" HEIGHT="47" CONTENT="und" WC="0.97" CC="610"/>
						<SP ID="P4_SP00900" HPOS="2688" VPOS="3467" WIDTH="56"/>
						<String ID="P4_ST01042" HPOS="2744" VPOS="3410" WIDTH="130" HEIGHT="48" CONTENT="Kind" WC="0.98" CC="0540"/>
						<SP ID="P4_SP00901" HPOS="2874" VPOS="3467" WIDTH="56"/>
						<String ID="P4_ST01043" HPOS="2930" VPOS="3412" WIDTH="47" HEIGHT="46" CONTENT="in" WC="0.75" CC="05"/>
						<SP ID="P4_SP00902" HPOS="2977" VPOS="3467" WIDTH="51"/>
						<String ID="P4_ST01044" HPOS="3028" VPOS="3412" WIDTH="166" HEIGHT="46" CONTENT="einem" WC="0.97" CC="80560"/>
					</TextLine>
					<TextLine ID="P4_TL00140" HPOS="1691" VPOS="3475" WIDTH="1504" HEIGHT="60">
						<String ID="P4_ST01045" HPOS="1691" VPOS="3476" WIDTH="204" HEIGHT="59" CONTENT="Wesen," WC="0.98" CC="020724"/>
						<SP ID="P4_SP00903" HPOS="1895" VPOS="3535" WIDTH="39"/>
						<String ID="P4_ST01046" HPOS="1934" VPOS="3477" WIDTH="90" HEIGHT="46" CONTENT="das" WC="0.98" CC="005"/>
						<SP ID="P4_SP00904" HPOS="2024" VPOS="3535" WIDTH="38"/>
						<String ID="P4_ST01047" HPOS="2062" VPOS="3475" WIDTH="230" HEIGHT="49" CONTENT="reiz!vol!e" WC="0.63" CC="0431802680"/>
						<SP ID="P4_SP00905" HPOS="2292" VPOS="3535" WIDTH="38"/>
						<String ID="P4_ST01048" HPOS="2330" VPOS="3477" WIDTH="169" HEIGHT="51" CONTENT="Rätsel" WC="0.98" CC="070507"/>
						<SP ID="P4_SP00906" HPOS="2499" VPOS="3535" WIDTH="36"/>
						<String ID="P4_ST01049" HPOS="2535" VPOS="3478" WIDTH="160" HEIGHT="47" CONTENT="lockte" WC="0.98" CC="400808"/>
						<SP ID="P4_SP00907" HPOS="2695" VPOS="3535" WIDTH="38"/>
						<String ID="P4_ST01050" HPOS="2733" VPOS="3479" WIDTH="281" HEIGHT="49" CONTENT="Leonardo." WC="0.99" CC="022501091"/>
						<SP ID="P4_SP00908" HPOS="3014" VPOS="3535" WIDTH="65"/>
						<String ID="P4_ST01051" HPOS="3079" VPOS="3480" WIDTH="116" HEIGHT="49" CONTENT="Sein" WC="0.96" CC="0772"/>
					</TextLine>
					<TextLine ID="P4_TL00141" HPOS="1694" VPOS="3544" WIDTH="1503" HEIGHT="68">
						<String ID="P4_ST01052" HPOS="1694" VPOS="3544" WIDTH="193" HEIGHT="48" CONTENT="Gefühl" WC="0.98" CC="625008"/>
						<SP ID="P4_SP00909" HPOS="1887" VPOS="3592" WIDTH="37"/>
						<String ID="P4_ST01053" HPOS="1924" VPOS="3545" WIDTH="81" HEIGHT="47" CONTENT="für" WC="0.98" CC="500"/>
						<SP ID="P4_SP00910" HPOS="2005" VPOS="3592" WIDTH="41"/>
						<String ID="P4_ST01054" HPOS="2046" VPOS="3546" WIDTH="312" HEIGHT="49" CONTENT="Generation" WC="0.99" CC="6020004103"/>
						<SP ID="P4_SP00911" HPOS="2358" VPOS="3595" WIDTH="42"/>
						<String ID="P4_ST01055" HPOS="2400" VPOS="3561" WIDTH="107" HEIGHT="33" CONTENT="war" WC="0.98" CC="050"/>
						<SP ID="P4_SP00912" HPOS="2507" VPOS="3595" WIDTH="38"/>
						<String ID="P4_ST01056" HPOS="2545" VPOS="3548" WIDTH="158" HEIGHT="47" CONTENT="durch" WC="0.99" CC="05002"/>
						<SP ID="P4_SP00913" HPOS="2703" VPOS="3595" WIDTH="41"/>
						<String ID="P4_ST01057" HPOS="2744" VPOS="3549" WIDTH="81" HEIGHT="49" CONTENT="die" WC="1.00" CC="000"/>
						<SP ID="P4_SP00914" HPOS="2825" VPOS="3598" WIDTH="46"/>
						<String ID="P4_ST01058" HPOS="2871" VPOS="3549" WIDTH="326" HEIGHT="63" CONTENT="Darstellung" WC="0.99" CC="00010736510"/>
					</TextLine>
					<TextLine ID="P4_TL00142" HPOS="1694" VPOS="3615" WIDTH="1501" HEIGHT="53">
						<String ID="P4_ST01059" HPOS="1694" VPOS="3615" WIDTH="87" HEIGHT="47" CONTENT="der" WC="0.99" CC="300"/>
						<SP ID="P4_SP00915" HPOS="1781" VPOS="3662" WIDTH="44"/>
						<String ID="P4_ST01060" HPOS="1825" VPOS="3615" WIDTH="329" HEIGHT="48" CONTENT="Deszendenz" WC="0.99" CC="0060030080"/>
						<SP ID="P4_SP00916" HPOS="2154" VPOS="3663" WIDTH="43"/>
						<String ID="P4_ST01061" HPOS="2197" VPOS="3616" WIDTH="589" HEIGHT="50" CONTENT="Anna-Maria-Christus" WC="1.00" CC="0475300045400070040"/>
						<SP ID="P4_SP00917" HPOS="2786" VPOS="3666" WIDTH="40"/>
						<String ID="P4_ST01062" HPOS="2826" VPOS="3618" WIDTH="196" HEIGHT="49" CONTENT="damals" WC="0.98" CC="020580"/>
						<SP ID="P4_SP00918" HPOS="3022" VPOS="3667" WIDTH="43"/>
						<String ID="P4_ST01063" HPOS="3065" VPOS="3621" WIDTH="130" HEIGHT="47" CONTENT="noch" WC="0.99" CC="3000"/>
					</TextLine>
					<TextLine ID="P4_TL00143" HPOS="1693" VPOS="3682" WIDTH="1506" HEIGHT="64">
						<String ID="P4_ST01064" HPOS="1693" VPOS="3685" WIDTH="270" HEIGHT="60" CONTENT="gesChärft." WC="0.59" CC="0790095304"/>
						<SP ID="P4_SP00919" HPOS="1963" VPOS="3745" WIDTH="71"/>
						<String ID="P4_ST01065" HPOS="2034" VPOS="3686" WIDTH="175" HEIGHT="60" CONTENT="(Beide" WC="0.97" CC="547393"/>
						<SP ID="P4_SP00920" HPOS="2209" VPOS="3746" WIDTH="51"/>
						<String ID="P4_ST01066" HPOS="2260" VPOS="3682" WIDTH="171" HEIGHT="55" CONTENT="Bilder" WC="0.98" CC="648000"/>
						<SP ID="P4_SP00921" HPOS="2431" VPOS="3746" WIDTH="50"/>
						<String ID="P4_ST01067" HPOS="2481" VPOS="3688" WIDTH="167" HEIGHT="48" CONTENT="haben" WC="0.96" CC="53775"/>
						<SP ID="P4_SP00922" HPOS="2648" VPOS="3746" WIDTH="51"/>
						<String ID="P4_ST01068" HPOS="2699" VPOS="3689" WIDTH="129" HEIGHT="49" CONTENT="auch" WC="0.98" CC="0070"/>
						<SP ID="P4_SP00923" HPOS="2828" VPOS="3746" WIDTH="50"/>
						<String ID="P4_ST01069" HPOS="2878" VPOS="3692" WIDTH="147" HEIGHT="49" CONTENT="einen" WC="0.97" CC="75370"/>
						<SP ID="P4_SP00924" HPOS="3025" VPOS="3746" WIDTH="51"/>
						<String ID="P4_ST01070" HPOS="3076" VPOS="3691" WIDTH="93" HEIGHT="54" CONTENT="ähn" SUBS_TYPE="HypPart1" SUBS_CONTENT="ähnlichen" WC="0.95" CC="477"/>
						<HYP HPOS="3169" VPOS="3691" WIDTH="30" CONTENT="-"/>
					</TextLine>
					<TextLine ID="P4_TL00144" HPOS="1693" VPOS="3753" WIDTH="595" HEIGHT="65">
						<String ID="P4_ST01071" HPOS="1693" VPOS="3753" WIDTH="162" HEIGHT="50" CONTENT="lichen" SUBS_TYPE="HypPart2" SUBS_CONTENT="ähnlichen" WC="0.97" CC="829505"/>
						<SP ID="P4_SP00925" HPOS="1855" VPOS="3803" WIDTH="49"/>
						<String ID="P4_ST01072" HPOS="1904" VPOS="3756" WIDTH="384" HEIGHT="62" CONTENT="Hintergrund.)" WC="0.99" CC="7030700066030"/>
					</TextLine>
					<TextLine ID="P4_TL00145" HPOS="1817" VPOS="3839" WIDTH="1379" HEIGHT="55">
						<String ID="P4_ST01073" HPOS="1817" VPOS="3839" WIDTH="321" HEIGHT="48" CONTENT="Wunderbar" WC="1.00" CC="061030000"/>
						<SP ID="P4_SP00926" HPOS="2138" VPOS="3887" WIDTH="40"/>
						<String ID="P4_ST01074" HPOS="2178" VPOS="3855" WIDTH="106" HEIGHT="32" CONTENT="war" WC="1.00" CC="000"/>
						<SP ID="P4_SP00927" HPOS="2284" VPOS="3887" WIDTH="41"/>
						<String ID="P4_ST01075" HPOS="2325" VPOS="3842" WIDTH="261" HEIGHT="47" CONTENT="Leonardo" WC="0.98" CC="17076009"/>
						<SP ID="P4_SP00928" HPOS="2586" VPOS="3889" WIDTH="40"/>
						<String ID="P4_ST01076" HPOS="2626" VPOS="3843" WIDTH="130" HEIGHT="47" CONTENT="auCh" WC="0.74" CC="0603"/>
						<SP ID="P4_SP00929" HPOS="2756" VPOS="3890" WIDTH="42"/>
						<String ID="P4_ST01077" HPOS="2798" VPOS="3843" WIDTH="103" HEIGHT="49" CONTENT="ihre" WC="0.98" CC="0341"/>
						<SP ID="P4_SP00930" HPOS="2901" VPOS="3892" WIDTH="42"/>
						<String ID="P4_ST01078" HPOS="2943" VPOS="3843" WIDTH="230" HEIGHT="51" CONTENT="Sensiitivi" SUBS_TYPE="HypPart1" SUBS_CONTENT="Sensiitivität," WC="0.66" CC="0080700393"/>
						<HYP HPOS="3173" VPOS="3843" WIDTH="23" CONTENT="-"/>
					</TextLine>
					<TextLine ID="P4_TL00146" HPOS="1695" VPOS="3908" WIDTH="1500" HEIGHT="60">
						<String ID="P4_ST01079" HPOS="1695" VPOS="3909" WIDTH="82" HEIGHT="58" CONTENT="tät," SUBS_TYPE="HypPart2" SUBS_CONTENT="Sensiitivität," WC="0.64" CC="9004"/>
						<SP ID="P4_SP00931" HPOS="1777" VPOS="3967" WIDTH="45"/>
						<String ID="P4_ST01080" HPOS="1822" VPOS="3908" WIDTH="118" HEIGHT="60" CONTENT="ihm," WC="0.97" CC="3404"/>
						<SP ID="P4_SP00932" HPOS="1940" VPOS="3968" WIDTH="42"/>
						<String ID="P4_ST01081" HPOS="1982" VPOS="3909" WIDTH="92" HEIGHT="47" CONTENT="der" WC="1.00" CC="000"/>
						<SP ID="P4_SP00933" HPOS="2074" VPOS="3968" WIDTH="39"/>
						<String ID="P4_ST01082" HPOS="2113" VPOS="3909" WIDTH="81" HEIGHT="48" CONTENT="die" WC="0.97" CC="007"/>
						<SP ID="P4_SP00934" HPOS="2194" VPOS="3968" WIDTH="42"/>
						<String ID="P4_ST01083" HPOS="2236" VPOS="3911" WIDTH="144" HEIGHT="47" CONTENT="Tiere" WC="0.99" CC="00702"/>
						<SP ID="P4_SP00935" HPOS="2380" VPOS="3968" WIDTH="43"/>
						<String ID="P4_ST01084" HPOS="2423" VPOS="3912" WIDTH="104" HEIGHT="47" CONTENT="und" WC="0.96" CC="640"/>
						<SP ID="P4_SP00936" HPOS="2527" VPOS="3968" WIDTH="41"/>
						<String ID="P4_ST01085" HPOS="2568" VPOS="3911" WIDTH="106" HEIGHT="51" CONTENT="ihre" WC="1.00" CC="2000"/>
						<SP ID="P4_SP00937" HPOS="2674" VPOS="3968" WIDTH="40"/>
						<String ID="P4_ST01086" HPOS="2714" VPOS="3910" WIDTH="214" HEIGHT="53" CONTENT="vielfach" WC="0.99" CC="00085360"/>
						<SP ID="P4_SP00938" HPOS="2928" VPOS="3968" WIDTH="43"/>
						<String ID="P4_ST01087" HPOS="2971" VPOS="3914" WIDTH="224" HEIGHT="50" CONTENT="feineren" WC="0.98" CC="56750805"/>
					</TextLine>
					<TextLine ID="P4_TL00147" HPOS="1694" VPOS="3978" WIDTH="1503" HEIGHT="69">
						<String ID="P4_ST01088" HPOS="1694" VPOS="3978" WIDTH="244" HEIGHT="47" CONTENT="Instinkte" WC="0.99" CC="660351004"/>
						<SP ID="P4_SP00939" HPOS="1938" VPOS="4025" WIDTH="48"/>
						<String ID="P4_ST01089" HPOS="1986" VPOS="3979" WIDTH="250" HEIGHT="51" CONTENT="beneiden" WC="0.99" CC="67000090"/>
						<SP ID="P4_SP00940" HPOS="2236" VPOS="4030" WIDTH="50"/>
						<String ID="P4_ST01090" HPOS="2286" VPOS="3981" WIDTH="192" HEIGHT="48" CONTENT="konnte" WC="1.00" CC="005000"/>
						<SP ID="P4_SP00941" HPOS="2478" VPOS="4030" WIDTH="69"/>
						<String ID="P4_ST01091" HPOS="2547" VPOS="3980" WIDTH="301" HEIGHT="67" CONTENT="(vergleiche" WC="0.99" CC="90709800037"/>
						<SP ID="P4_SP00942" HPOS="2848" VPOS="4047" WIDTH="64"/>
						<String ID="P4_ST01092" HPOS="2912" VPOS="3987" WIDTH="141" HEIGHT="46" CONTENT="seine" WC="0.98" CC="46000"/>
						<SP ID="P4_SP00943" HPOS="3053" VPOS="4047" WIDTH="54"/>
						<String ID="P4_ST01093" HPOS="3107" VPOS="3984" WIDTH="60" HEIGHT="47" CONTENT="Be" SUBS_TYPE="HypPart1" SUBS_CONTENT="Bemerkung" WC="0.95" CC="27"/>
						<HYP HPOS="3167" VPOS="3984" WIDTH="30" CONTENT="-"/>
					</TextLine>
					<TextLine ID="P4_TL00148" HPOS="1690" VPOS="4047" WIDTH="1504" HEIGHT="69">
						<String ID="P4_ST01094" HPOS="1690" VPOS="4047" WIDTH="253" HEIGHT="62" CONTENT="merkung" SUBS_TYPE="HypPart2" SUBS_CONTENT="Bemerkung" WC="0.99" CC="0300520"/>
						<SP ID="P4_SP00944" HPOS="1943" VPOS="4109" WIDTH="34"/>
						<String ID="P4_ST01095" HPOS="1977" VPOS="4049" WIDTH="127" HEIGHT="48" CONTENT="über" WC="1.00" CC="0000"/>
						<SP ID="P4_SP00945" HPOS="2104" VPOS="4109" WIDTH="37"/>
						<String ID="P4_ST01096" HPOS="2141" VPOS="4050" WIDTH="82" HEIGHT="49" CONTENT="die" WC="1.00" CC="001"/>
						<SP ID="P4_SP00946" HPOS="2223" VPOS="4109" WIDTH="41"/>
						<String ID="P4_ST01097" HPOS="2264" VPOS="4050" WIDTH="531" HEIGHT="64" CONTENT="Geruchswerkzeuge" WC="1.00" CC="7003000070060507"/>
						<SP ID="P4_SP00947" HPOS="2795" VPOS="4114" WIDTH="39"/>
						<String ID="P4_ST01098" HPOS="2834" VPOS="4053" WIDTH="91" HEIGHT="49" CONTENT="des" WC="0.98" CC="013"/>
						<SP ID="P4_SP00948" HPOS="2925" VPOS="4114" WIDTH="41"/>
						<String ID="P4_ST01099" HPOS="2966" VPOS="4054" WIDTH="228" HEIGHT="62" CONTENT="Löwen)." WC="0.99" CC="0002403"/>
					</TextLine>
					<TextLine ID="P4_TL00149" HPOS="1694" VPOS="4117" WIDTH="1500" HEIGHT="68">
						<String ID="P4_ST01100" HPOS="1694" VPOS="4117" WIDTH="80" HEIGHT="47" CONTENT="Ihr" WC="0.96" CC="450"/>
						<SP ID="P4_SP00949" HPOS="1774" VPOS="4164" WIDTH="47"/>
						<String ID="P4_ST01101" HPOS="1821" VPOS="4119" WIDTH="139" HEIGHT="46" CONTENT="Haar" WC="0.99" CC="7000"/>
						<SP ID="P4_SP00950" HPOS="1960" VPOS="4165" WIDTH="47"/>
						<String ID="P4_ST01102" HPOS="2007" VPOS="4119" WIDTH="135" HEIGHT="48" CONTENT="hatte" WC="1.00" CC="00002"/>
						<SP ID="P4_SP00951" HPOS="2142" VPOS="4167" WIDTH="45"/>
						<String ID="P4_ST01103" HPOS="2187" VPOS="4120" WIDTH="82" HEIGHT="48" CONTENT="bei" WC="0.93" CC="774"/>
						<SP ID="P4_SP00952" HPOS="2269" VPOS="4168" WIDTH="46"/>
						<String ID="P4_ST01104" HPOS="2315" VPOS="4119" WIDTH="318" HEIGHT="55" CONTENT="bräunlicher" WC="0.99" CC="40063730000"/>
						<SP ID="P4_SP00953" HPOS="2633" VPOS="4174" WIDTH="46"/>
						<String ID="P4_ST01105" HPOS="2679" VPOS="4122" WIDTH="324" HEIGHT="49" CONTENT="Grundfarbe" WC="0.99" CC="6057003000"/>
						<SP ID="P4_SP00954" HPOS="3003" VPOS="4174" WIDTH="45"/>
						<String ID="P4_ST01106" HPOS="3048" VPOS="4125" WIDTH="146" HEIGHT="60" CONTENT="£inen" WC="0.31" CC="95863"/>
					</TextLine>
					<TextLine ID="P4_TL00150" HPOS="1690" VPOS="4185" WIDTH="1505" HEIGHT="71">
						<String ID="P4_ST01107" HPOS="1690" VPOS="4185" WIDTH="273" HEIGHT="63" CONTENT="goldroten" WC="0.99" CC="008090004"/>
						<SP ID="P4_SP00955" HPOS="1963" VPOS="4248" WIDTH="39"/>
						<String ID="P4_ST01108" HPOS="2002" VPOS="4190" WIDTH="125" HEIGHT="48" CONTENT="Ton." WC="0.98" CC="0033"/>
						<SP ID="P4_SP00956" HPOS="2127" VPOS="4248" WIDTH="70"/>
						<String ID="P4_ST01109" HPOS="2197" VPOS="4190" WIDTH="222" HEIGHT="61" CONTENT="Spärlich" WC="1.00" CC="00002500"/>
						<SP ID="P4_SP00957" HPOS="2419" VPOS="4251" WIDTH="38"/>
						<String ID="P4_ST01110" HPOS="2457" VPOS="4206" WIDTH="170" HEIGHT="33" CONTENT="waren" WC="0.98" CC="00078"/>
						<SP ID="P4_SP00958" HPOS="2627" VPOS="4251" WIDTH="40"/>
						<String ID="P4_ST01111" HPOS="2667" VPOS="4192" WIDTH="80" HEIGHT="48" CONTENT="die" WC="1.00" CC="000"/>
						<SP ID="P4_SP00959" HPOS="2747" VPOS="4251" WIDTH="42"/>
						<String ID="P4_ST01112" HPOS="2789" VPOS="4193" WIDTH="194" HEIGHT="48" CONTENT="Brauen" WC="0.99" CC="403014"/>
						<SP ID="P4_SP00960" HPOS="2983" VPOS="4251" WIDTH="43"/>
						<String ID="P4_ST01113" HPOS="3026" VPOS="4193" WIDTH="169" HEIGHT="63" CONTENT="(heute" WC="0.99" CC="000706"/>
					</TextLine>
					<TextLine ID="P4_TL00151" HPOS="1692" VPOS="4257" WIDTH="1504" HEIGHT="68">
						<String ID="P4_ST01114" HPOS="1692" VPOS="4257" WIDTH="136" HEIGHT="49" CONTENT="nicht" WC="0.99" CC="64000"/>
						<SP ID="P4_SP00961" HPOS="1828" VPOS="4306" WIDTH="44"/>
						<String ID="P4_ST01115" HPOS="1872" VPOS="4258" WIDTH="145" HEIGHT="48" CONTENT="mehr" WC="0.99" CC="0040"/>
						<SP ID="P4_SP00962" HPOS="2017" VPOS="4306" WIDTH="43"/>
						<String ID="P4_ST01116" HPOS="2060" VPOS="4260" WIDTH="237" HEIGHT="60" CONTENT="sichtbar," WC="0.99" CC="600070004"/>
						<SP ID="P4_SP00963" HPOS="2297" VPOS="4320" WIDTH="48"/>
						<String ID="P4_ST01117" HPOS="2345" VPOS="4258" WIDTH="282" HEIGHT="64" CONTENT="vergleiche" WC="0.99" CC="0900854030"/>
						<SP ID="P4_SP00964" HPOS="2627" VPOS="4322" WIDTH="49"/>
						<String ID="P4_ST01118" HPOS="2676" VPOS="4262" WIDTH="121" HEIGHT="49" CONTENT="aber" WC="0.99" CC="0060"/>
						<SP ID="P4_SP00965" HPOS="2797" VPOS="4322" WIDTH="46"/>
						<String ID="P4_ST01119" HPOS="2843" VPOS="4263" WIDTH="199" HEIGHT="62" CONTENT="Vasari)" WC="0.90" CC="0600000"/>
						<SP ID="P4_SP00966" HPOS="3042" VPOS="4325" WIDTH="50"/>
						<String ID="P4_ST01120" HPOS="3092" VPOS="4265" WIDTH="104" HEIGHT="47" CONTENT="und" WC="0.96" CC="560"/>
					</TextLine>
					<TextLine ID="P4_TL00152" HPOS="1694" VPOS="4325" WIDTH="1503" HEIGHT="69">
						<String ID="P4_ST01121" HPOS="1694" VPOS="4327" WIDTH="75" HEIGHT="47" CONTENT="ihr" WC="1.00" CC="100"/>
						<SP ID="P4_SP00967" HPOS="1769" VPOS="4374" WIDTH="35"/>
						<String ID="P4_ST01122" HPOS="1804" VPOS="4325" WIDTH="172" HEIGHT="51" CONTENT="Flaum" WC="0.98" CC="53070"/>
						<SP ID="P4_SP00968" HPOS="1976" VPOS="4376" WIDTH="33"/>
						<String ID="P4_ST01123" HPOS="2009" VPOS="4329" WIDTH="276" HEIGHT="51" CONTENT="verstärkte" WC="0.99" CC="0003800007"/>
						<SP ID="P4_SP00969" HPOS="2285" VPOS="4380" WIDTH="30"/>
						<String ID="P4_ST01124" HPOS="2315" VPOS="4332" WIDTH="68" HEIGHT="47" CONTENT="im" WC="0.77" CC="40"/>
						<SP ID="P4_SP00970" HPOS="2383" VPOS="4380" WIDTH="37"/>
						<String ID="P4_ST01125" HPOS="2420" VPOS="4331" WIDTH="479" HEIGHT="63" CONTENT="Empfindungsfeld" WC="0.99" CC="600555040066040"/>
						<SP ID="P4_SP00971" HPOS="2899" VPOS="4394" WIDTH="34"/>
						<String ID="P4_ST01126" HPOS="2933" VPOS="4333" WIDTH="132" HEIGHT="51" CONTENT="ihres" WC="0.99" CC="05000"/>
						<SP ID="P4_SP00972" HPOS="3065" VPOS="4394" WIDTH="33"/>
						<String ID="P4_ST01127" HPOS="3098" VPOS="4334" WIDTH="66" HEIGHT="48" CONTENT="Ge" SUBS_TYPE="HypPart1" SUBS_CONTENT="Gesichtes" WC="0.96" CC="60"/>
						<HYP HPOS="3164" VPOS="4334" WIDTH="33" CONTENT="-"/>
					</TextLine>
					<TextLine ID="P4_TL00153" HPOS="1692" VPOS="4397" WIDTH="1506" HEIGHT="69">
						<String ID="P4_ST01128" HPOS="1692" VPOS="4397" WIDTH="186" HEIGHT="48" CONTENT="sichtes" SUBS_TYPE="HypPart2" SUBS_CONTENT="Gesichtes" WC="0.98" CC="2305306"/>
						<SP ID="P4_SP00973" HPOS="1878" VPOS="4445" WIDTH="23"/>
						<String ID="P4_ST01129" HPOS="1901" VPOS="4399" WIDTH="100" HEIGHT="46" CONTENT="den" WC="1.00" CC="000"/>
						<SP ID="P4_SP00974" HPOS="2001" VPOS="4445" WIDTH="27"/>
						<String ID="P4_ST01130" HPOS="2028" VPOS="4397" WIDTH="164" HEIGHT="50" CONTENT="Glanz" WC="0.96" CC="68074"/>
						<SP ID="P4_SP00975" HPOS="2192" VPOS="4447" WIDTH="20"/>
						<String ID="P4_ST01131" HPOS="2212" VPOS="4400" WIDTH="91" HEIGHT="48" CONTENT="der" WC="0.97" CC="070"/>
						<SP ID="P4_SP00976" HPOS="2303" VPOS="4448" WIDTH="24"/>
						<String ID="P4_ST01132" HPOS="2327" VPOS="4400" WIDTH="195" HEIGHT="63" CONTENT="Augen." WC="0.99" CC="030012"/>
						<SP ID="P4_SP00977" HPOS="2522" VPOS="4463" WIDTH="53"/>
						<String ID="P4_ST01133" HPOS="2575" VPOS="4401" WIDTH="68" HEIGHT="49" CONTENT="So" WC="1.00" CC="00"/>
						<SP ID="P4_SP00978" HPOS="2643" VPOS="4463" WIDTH="25"/>
						<String ID="P4_ST01134" HPOS="2668" VPOS="4402" WIDTH="189" HEIGHT="48" CONTENT="konnte" WC="0.99" CC="034000"/>
						<SP ID="P4_SP00979" HPOS="2857" VPOS="4463" WIDTH="23"/>
						<String ID="P4_ST01135" HPOS="2880" VPOS="4403" WIDTH="91" HEIGHT="47" CONTENT="der" WC="0.98" CC="050"/>
						<SP ID="P4_SP00980" HPOS="2971" VPOS="4463" WIDTH="24"/>
						<String ID="P4_ST01136" HPOS="2995" VPOS="4403" WIDTH="170" HEIGHT="63" CONTENT="Augen" SUBS_TYPE="HypPart1" SUBS_CONTENT="Augenscheitel" WC="0.99" CC="06002"/>
						<HYP HPOS="3165" VPOS="4403" WIDTH="33" CONTENT="-"/>
					</TextLine>
					<TextLine ID="P4_TL00154" HPOS="1691" VPOS="4466" WIDTH="1506" HEIGHT="70">
						<String ID="P4_ST01137" HPOS="1691" VPOS="4466" WIDTH="212" HEIGHT="50" CONTENT="scheitel" SUBS_TYPE="HypPart2" SUBS_CONTENT="Augenscheitel" WC="0.99" CC="00003078"/>
						<SP ID="P4_SP00981" HPOS="1903" VPOS="4516" WIDTH="38"/>
						<String ID="P4_ST01138" HPOS="1941" VPOS="4468" WIDTH="119" HEIGHT="48" CONTENT="bald" WC="0.98" CC="0019"/>
						<SP ID="P4_SP00982" HPOS="2060" VPOS="4516" WIDTH="44"/>
						<String ID="P4_ST01139" HPOS="2104" VPOS="4472" WIDTH="220" HEIGHT="59" CONTENT="spotten," WC="0.99" CC="50090004"/>
						<SP ID="P4_SP00983" HPOS="2324" VPOS="4531" WIDTH="41"/>
						<String ID="P4_ST01140" HPOS="2365" VPOS="4471" WIDTH="121" HEIGHT="47" CONTENT="bald" WC="0.99" CC="0060"/>
						<SP ID="P4_SP00984" HPOS="2486" VPOS="4531" WIDTH="44"/>
						<String ID="P4_ST01141" HPOS="2530" VPOS="4472" WIDTH="231" HEIGHT="48" CONTENT="leuchten" WC="0.99" CC="20360070"/>
						<SP ID="P4_SP00985" HPOS="2761" VPOS="4531" WIDTH="42"/>
						<String ID="P4_ST01142" HPOS="2803" VPOS="4472" WIDTH="127" HEIGHT="49" CONTENT="über" WC="1.00" CC="0020"/>
						<SP ID="P4_SP00986" HPOS="2930" VPOS="4531" WIDTH="41"/>
						<String ID="P4_ST01143" HPOS="2971" VPOS="4474" WIDTH="99" HEIGHT="48" CONTENT="den" WC="0.98" CC="005"/>
						<SP ID="P4_SP00987" HPOS="3070" VPOS="4531" WIDTH="42"/>
						<String ID="P4_ST01144" HPOS="3112" VPOS="4489" WIDTH="57" HEIGHT="47" CONTENT="ge" SUBS_TYPE="HypPart1" SUBS_CONTENT="geschwungen" WC="0.96" CC="06"/>
						<HYP HPOS="3169" VPOS="4489" WIDTH="28" CONTENT="-"/>
					</TextLine>
					<TextLine ID="P4_TL00155" HPOS="1691" VPOS="4537" WIDTH="1505" HEIGHT="68">
						<String ID="P4_ST01145" HPOS="1691" VPOS="4537" WIDTH="315" HEIGHT="64" CONTENT="schwungen" SUBS_TYPE="HypPart2" SUBS_CONTENT="geschwungen" WC="0.99" CC="420045006"/>
						<SP ID="P4_SP00988" HPOS="2006" VPOS="4601" WIDTH="41"/>
						<String ID="P4_ST01146" HPOS="2047" VPOS="4539" WIDTH="393" HEIGHT="49" CONTENT="auskeimenden" WC="0.99" CC="620073005076"/>
						<SP ID="P4_SP00989" HPOS="2440" VPOS="4601" WIDTH="39"/>
						<String ID="P4_ST01147" HPOS="2479" VPOS="4539" WIDTH="196" HEIGHT="51" CONTENT="Ovalen" WC="0.98" CC="090082"/>
						<SP ID="P4_SP00990" HPOS="2675" VPOS="4601" WIDTH="36"/>
						<String ID="P4_ST01148" HPOS="2711" VPOS="4543" WIDTH="91" HEIGHT="47" CONTENT="der" WC="0.94" CC="970"/>
						<SP ID="P4_SP00991" HPOS="2802" VPOS="4601" WIDTH="37"/>
						<String ID="P4_ST01149" HPOS="2839" VPOS="4543" WIDTH="357" HEIGHT="62" CONTENT="Augentiefein," WC="0.53" CC="0608309707761"/>
					</TextLine>
					<TextLine ID="P4_TL00156" HPOS="1694" VPOS="4607" WIDTH="1501" HEIGHT="55">
						<String ID="P4_ST01150" HPOS="1694" VPOS="4607" WIDTH="79" HEIGHT="48" CONTENT="die" WC="0.99" CC="020"/>
						<SP ID="P4_SP00992" HPOS="1773" VPOS="4655" WIDTH="53"/>
						<String ID="P4_ST01151" HPOS="1826" VPOS="4610" WIDTH="100" HEIGHT="45" CONTENT="wie" WC="0.97" CC="006"/>
						<SP ID="P4_SP00993" HPOS="1926" VPOS="4655" WIDTH="48"/>
						<String ID="P4_ST01152" HPOS="1974" VPOS="4610" WIDTH="113" HEIGHT="46" CONTENT="eine" WC="0.95" CC="7529"/>
						<SP ID="P4_SP00994" HPOS="2087" VPOS="4656" WIDTH="52"/>
						<String ID="P4_ST01153" HPOS="2139" VPOS="4609" WIDTH="380" HEIGHT="52" CONTENT="Schattenbrille" WC="1.00" CC="00000000005340"/>
						<SP ID="P4_SP00995" HPOS="2519" VPOS="4661" WIDTH="53"/>
						<String ID="P4_ST01154" HPOS="2572" VPOS="4615" WIDTH="146" HEIGHT="45" CONTENT="unter" WC="0.99" CC="44000"/>
						<SP ID="P4_SP00996" HPOS="2718" VPOS="4661" WIDTH="49"/>
						<String ID="P4_ST01155" HPOS="2767" VPOS="4612" WIDTH="91" HEIGHT="48" CONTENT="der" WC="0.97" CC="070"/>
						<SP ID="P4_SP00997" HPOS="2858" VPOS="4661" WIDTH="52"/>
						<String ID="P4_ST01156" HPOS="2910" VPOS="4614" WIDTH="143" HEIGHT="48" CONTENT="Haut" WC="0.98" CC="7000"/>
						<SP ID="P4_SP00998" HPOS="3053" VPOS="4662" WIDTH="64"/>
						<String ID="P4_ST01157" HPOS="3117" VPOS="4630" WIDTH="78" HEIGHT="32" CONTENT="am" WC="1.00" CC="00"/>
					</TextLine>
					<TextLine ID="P4_TL00157" HPOS="1697" VPOS="4676" WIDTH="1502" HEIGHT="57">
						<String ID="P4_ST01158" HPOS="1697" VPOS="4679" WIDTH="261" HEIGHT="47" CONTENT="tastenden" WC="0.98" CC="750038078"/>
						<SP ID="P4_SP00999" HPOS="1958" VPOS="4726" WIDTH="37"/>
						<String ID="P4_ST01159" HPOS="1995" VPOS="4676" WIDTH="191" HEIGHT="52" CONTENT="Fühlen" WC="0.98" CC="405801"/>
						<SP ID="P4_SP01000" HPOS="2186" VPOS="4728" WIDTH="33"/>
						<String ID="P4_ST01160" HPOS="2219" VPOS="4680" WIDTH="321" HEIGHT="50" CONTENT="teilnahmen." WC="0.99" CC="80061060751"/>
						<SP ID="P4_SP01001" HPOS="2540" VPOS="4730" WIDTH="61"/>
						<String ID="P4_ST01161" HPOS="2601" VPOS="4682" WIDTH="166" HEIGHT="48" CONTENT="Wenn" WC="0.99" CC="0030"/>
						<SP ID="P4_SP01002" HPOS="2767" VPOS="4730" WIDTH="32"/>
						<String ID="P4_ST01162" HPOS="2799" VPOS="4685" WIDTH="74" HEIGHT="47" CONTENT="sie" WC="0.97" CC="160"/>
						<SP ID="P4_SP01003" HPOS="2873" VPOS="4732" WIDTH="33"/>
						<String ID="P4_ST01163" HPOS="2906" VPOS="4685" WIDTH="153" HEIGHT="47" CONTENT="müde" WC="0.99" CC="0006"/>
						<SP ID="P4_SP01004" HPOS="3059" VPOS="4732" WIDTH="33"/>
						<String ID="P4_ST01164" HPOS="3092" VPOS="4698" WIDTH="107" HEIGHT="35" CONTENT="war" WC="1.00" CC="000"/>
					</TextLine>
					<TextLine ID="P4_TL00158" HPOS="1693" VPOS="4748" WIDTH="1503" HEIGHT="61">
						<String ID="P4_ST01165" HPOS="1693" VPOS="4748" WIDTH="102" HEIGHT="46" CONTENT="und" WC="0.99" CC="020"/>
						<SP ID="P4_SP01005" HPOS="1795" VPOS="4794" WIDTH="49"/>
						<String ID="P4_ST01166" HPOS="1844" VPOS="4752" WIDTH="345" HEIGHT="57" CONTENT="verstummte," WC="0.99" CC="92520340074"/>
						<SP ID="P4_SP01006" HPOS="2189" VPOS="4809" WIDTH="52"/>
						<String ID="P4_ST01167" HPOS="2241" VPOS="4751" WIDTH="175" HEIGHT="47" CONTENT="wurde" WC="1.00" CC="03000"/>
						<SP ID="P4_SP01007" HPOS="2416" VPOS="4809" WIDTH="49"/>
						<String ID="P4_ST01168" HPOS="2465" VPOS="4752" WIDTH="108" HEIGHT="48" CONTENT="dies" WC="0.98" CC="0406"/>
						<SP ID="P4_SP01008" HPOS="2573" VPOS="4809" WIDTH="49"/>
						<String ID="P4_ST01169" HPOS="2622" VPOS="4768" WIDTH="91" HEIGHT="32" CONTENT="vor" WC="1.00" CC="000"/>
						<SP ID="P4_SP01009" HPOS="2713" VPOS="4809" WIDTH="47"/>
						<String ID="P4_ST01170" HPOS="2760" VPOS="4751" WIDTH="148" HEIGHT="50" CONTENT="allem" WC="0.98" CC="93000"/>
						<SP ID="P4_SP01010" HPOS="2908" VPOS="4809" WIDTH="51"/>
						<String ID="P4_ST01171" HPOS="2959" VPOS="4750" WIDTH="237" HEIGHT="59" CONTENT="(deutlich," WC="0.99" CC="7346027017"/>
					</TextLine>
					<TextLine ID="P4_TL00159" HPOS="2310" VPOS="4803" WIDTH="884" HEIGHT="21">
						<String ID="P4_ST01172" HPOS="2310" VPOS="4803" WIDTH="3" HEIGHT="21" CONTENT="." WC="1.00" CC="0"/>
						<SP ID="P4_SP01011" HPOS="2313" VPOS="4824" WIDTH="445"/>
						<String ID="P4_ST01173" HPOS="2758" VPOS="4803" WIDTH="9" HEIGHT="8" CONTENT="r" STYLE="superscript" WC="1.00" CC="9"/>
						<SP ID="P4_SP01012" HPOS="2767" VPOS="4824" WIDTH="417"/>
						<String ID="P4_ST01174" HPOS="3184" VPOS="4807" WIDTH="10" HEIGHT="8" CONTENT="*" WC="0.35" CC="6"/>
					</TextLine>
					<TextLine ID="P4_TL00160" HPOS="1690" VPOS="4817" WIDTH="1508" HEIGHT="69">
						<String ID="P4_ST01175" HPOS="1690" VPOS="4817" WIDTH="138" HEIGHT="47" CONTENT="dann" WC="0.98" CC="0036"/>
						<SP ID="P4_SP01013" HPOS="1828" VPOS="4864" WIDTH="42"/>
						<String ID="P4_ST01176" HPOS="1870" VPOS="4819" WIDTH="175" HEIGHT="47" CONTENT="wurde" WC="0.99" CC="06300"/>
						<SP ID="P4_SP01014" HPOS="2045" VPOS="4866" WIDTH="40"/>
						<String ID="P4_ST01177" HPOS="2085" VPOS="4820" WIDTH="91" HEIGHT="47" CONTENT="der" WC="0.97" CC="070"/>
						<SP ID="P4_SP01015" HPOS="2176" VPOS="4867" WIDTH="37"/>
						<String ID="P4_ST01178" HPOS="2213" VPOS="4820" WIDTH="192" HEIGHT="50" CONTENT="Schnitt" WC="0.99" CC="0005040"/>
						<SP ID="P4_SP01016" HPOS="2405" VPOS="4870" WIDTH="37"/>
						<String ID="P4_ST01179" HPOS="2442" VPOS="4821" WIDTH="92" HEIGHT="48" CONTENT="der" WC="0.97" CC="070"/>
						<SP ID="P4_SP01017" HPOS="2534" VPOS="4870" WIDTH="40"/>
						<String ID="P4_ST01180" HPOS="2574" VPOS="4822" WIDTH="358" HEIGHT="63" CONTENT="Augenmaske" WC="1.00" CC="0200500007"/>
						<SP ID="P4_SP01018" HPOS="2932" VPOS="4885" WIDTH="42"/>
						<String ID="P4_ST01181" HPOS="2974" VPOS="4824" WIDTH="97" HEIGHT="48" CONTENT="den" WC="0.96" CC="074"/>
						<SP ID="P4_SP01019" HPOS="3071" VPOS="4885" WIDTH="39"/>
						<String ID="P4_ST01182" HPOS="3110" VPOS="4840" WIDTH="59" HEIGHT="46" CONTENT="ge" SUBS_TYPE="HypPart1" SUBS_CONTENT="geschwungenen" WC="0.96" CC="07"/>
						<HYP HPOS="3169" VPOS="4840" WIDTH="29" CONTENT="-"/>
					</TextLine>
					<TextLine ID="P4_TL00161" HPOS="1692" VPOS="4887" WIDTH="1503" HEIGHT="66">
						<String ID="P4_ST01183" HPOS="1692" VPOS="4887" WIDTH="379" HEIGHT="62" CONTENT="schwungenen" SUBS_TYPE="HypPart2" SUBS_CONTENT="geschwungenen" WC="0.99" CC="09006100076"/>
						<SP ID="P4_SP01020" HPOS="2071" VPOS="4949" WIDTH="45"/>
						<String ID="P4_ST01184" HPOS="2116" VPOS="4891" WIDTH="172" HEIGHT="47" CONTENT="Linien" WC="0.99" CC="011032"/>
						<SP ID="P4_SP01021" HPOS="2288" VPOS="4949" WIDTH="42"/>
						<String ID="P4_ST01185" HPOS="2330" VPOS="4892" WIDTH="91" HEIGHT="46" CONTENT="der" WC="1.00" CC="000"/>
						<SP ID="P4_SP01022" HPOS="2421" VPOS="4949" WIDTH="42"/>
						<String ID="P4_ST01186" HPOS="2463" VPOS="4892" WIDTH="276" HEIGHT="61" CONTENT="Oberlippe" WC="1.00" CC="007014000"/>
						<SP ID="P4_SP01023" HPOS="2739" VPOS="4953" WIDTH="41"/>
						<String ID="P4_ST01187" HPOS="2780" VPOS="4892" WIDTH="217" HEIGHT="60" CONTENT="ähnlich," WC="0.98" CC="40313634"/>
						<SP ID="P4_SP01024" HPOS="2997" VPOS="4953" WIDTH="45"/>
						<String ID="P4_ST01188" HPOS="3042" VPOS="4894" WIDTH="153" HEIGHT="48" CONTENT="deren" WC="0.98" CC="00056"/>
					</TextLine>
					<TextLine ID="P4_TL00162" HPOS="1696" VPOS="4958" WIDTH="1500" HEIGHT="66">
						<String ID="P4_ST01189" HPOS="1696" VPOS="4958" WIDTH="146" HEIGHT="47" CONTENT="Form" WC="0.98" CC="5020"/>
						<SP ID="P4_SP01025" HPOS="1842" VPOS="5005" WIDTH="47"/>
						<String ID="P4_ST01190" HPOS="1889" VPOS="4959" WIDTH="265" HEIGHT="48" CONTENT="Leonardo" WC="1.00" CC="00330000"/>
						<SP ID="P4_SP01026" HPOS="2154" VPOS="5007" WIDTH="48"/>
						<String ID="P4_ST01191" HPOS="2202" VPOS="4959" WIDTH="95" HEIGHT="49" CONTENT="lieb" WC="0.98" CC="0240"/>
						<SP ID="P4_SP01027" HPOS="2297" VPOS="5008" WIDTH="45"/>
						<String ID="P4_ST01192" HPOS="2342" VPOS="4962" WIDTH="104" HEIGHT="47" CONTENT="und" WC="0.97" CC="340"/>
						<SP ID="P4_SP01028" HPOS="2446" VPOS="5009" WIDTH="43"/>
						<String ID="P4_ST01193" HPOS="2489" VPOS="4961" WIDTH="228" HEIGHT="63" CONTENT="geläufig" WC="0.99" CC="03305700"/>
						<SP ID="P4_SP01029" HPOS="2717" VPOS="5024" WIDTH="42"/>
						<String ID="P4_ST01194" HPOS="2759" VPOS="4976" WIDTH="121" HEIGHT="36" CONTENT="war." WC="0.98" CC="0404"/>
						<SP ID="P4_SP01030" HPOS="2880" VPOS="5024" WIDTH="77"/>
						<String ID="P4_ST01195" HPOS="2957" VPOS="4964" WIDTH="64" HEIGHT="47" CONTENT="Er" WC="0.72" CC="50"/>
						<SP ID="P4_SP01031" HPOS="3021" VPOS="5024" WIDTH="39"/>
						<String ID="P4_ST01196" HPOS="3060" VPOS="4964" WIDTH="136" HEIGHT="49" CONTENT="hatte" WC="0.97" CC="70065"/>
					</TextLine>
					<TextLine ID="P4_TL00163" HPOS="1694" VPOS="5028" WIDTH="1502" HEIGHT="68">
						<String ID="P4_ST01197" HPOS="1694" VPOS="5030" WIDTH="74" HEIGHT="46" CONTENT="sie" WC="1.00" CC="000"/>
						<SP ID="P4_SP01032" HPOS="1768" VPOS="5076" WIDTH="37"/>
						<String ID="P4_ST01198" HPOS="1805" VPOS="5028" WIDTH="82" HEIGHT="47" CONTENT="bei" WC="0.97" CC="070"/>
						<SP ID="P4_SP01033" HPOS="1887" VPOS="5076" WIDTH="39"/>
						<String ID="P4_ST01199" HPOS="1926" VPOS="5029" WIDTH="101" HEIGHT="47" CONTENT="den" WC="0.99" CC="003"/>
						<SP ID="P4_SP01034" HPOS="2027" VPOS="5076" WIDTH="39"/>
						<String ID="P4_ST01200" HPOS="2066" VPOS="5029" WIDTH="178" HEIGHT="49" CONTENT="besten" WC="0.98" CC="020077"/>
						<SP ID="P4_SP01035" HPOS="2244" VPOS="5078" WIDTH="37"/>
						<String ID="P4_ST01201" HPOS="2281" VPOS="5030" WIDTH="348" HEIGHT="61" CONTENT="griechischen" WC="0.99" CC="004796707008"/>
						<SP ID="P4_SP01036" HPOS="2629" VPOS="5091" WIDTH="40"/>
						<String ID="P4_ST01202" HPOS="2669" VPOS="5032" WIDTH="207" HEIGHT="52" CONTENT="Statuen" WC="0.99" CC="0000378"/>
						<SP ID="P4_SP01037" HPOS="2876" VPOS="5091" WIDTH="41"/>
						<String ID="P4_ST01203" HPOS="2917" VPOS="5033" WIDTH="279" HEIGHT="63" CONTENT="gefunden," WC="0.99" CC="904050064"/>
					</TextLine>
					<TextLine ID="P4_TL00164" HPOS="1694" VPOS="5097" WIDTH="1504" HEIGHT="69">
						<String ID="P4_ST01204" HPOS="1694" VPOS="5097" WIDTH="127" HEIGHT="49" CONTENT="auch" WC="0.95" CC="0597"/>
						<SP ID="P4_SP01038" HPOS="1821" VPOS="5146" WIDTH="42"/>
						<String ID="P4_ST01205" HPOS="1863" VPOS="5098" WIDTH="101" HEIGHT="48" CONTENT="den" WC="0.98" CC="004"/>
						<SP ID="P4_SP01039" HPOS="1964" VPOS="5146" WIDTH="46"/>
						<String ID="P4_ST01206" HPOS="2010" VPOS="5099" WIDTH="232" HEIGHT="48" CONTENT="Abstand" WC="1.00" CC="0400300"/>
						<SP ID="P4_SP01040" HPOS="2242" VPOS="5147" WIDTH="43"/>
						<String ID="P4_ST01207" HPOS="2285" VPOS="5101" WIDTH="91" HEIGHT="47" CONTENT="der" WC="1.00" CC="000"/>
						<SP ID="P4_SP01041" HPOS="2376" VPOS="5148" WIDTH="43"/>
						<String ID="P4_ST01208" HPOS="2419" VPOS="5100" WIDTH="364" HEIGHT="51" CONTENT="Nasenwurzel" WC="0.99" CC="00792070000"/>
						<SP ID="P4_SP01042" HPOS="2783" VPOS="5151" WIDTH="40"/>
						<String ID="P4_ST01209" HPOS="2823" VPOS="5114" WIDTH="116" HEIGHT="37" CONTENT="vom" WC="0.96" CC="900"/>
						<SP ID="P4_SP01043" HPOS="2939" VPOS="5151" WIDTH="48"/>
						<String ID="P4_ST01210" HPOS="2987" VPOS="5105" WIDTH="189" HEIGHT="61" CONTENT="Lippen" WC="0.98" CC="070088"/>
						<SP ID="P4_SP01044" HPOS="3176" VPOS="5166" WIDTH="7"/>
						<String ID="P4_ST01211" HPOS="3183" VPOS="5133" WIDTH="15" HEIGHT="7" CONTENT="-" WC="0.49" CC="5"/>
					</TextLine>
					<TextLine ID="P4_TL00165" HPOS="1694" VPOS="5168" WIDTH="1502" HEIGHT="61">
						<String ID="P4_ST01212" HPOS="1694" VPOS="5168" WIDTH="139" HEIGHT="48" CONTENT="rand." WC="0.65" CC="05713"/>
						<SP ID="P4_SP01045" HPOS="1833" VPOS="5216" WIDTH="88"/>
						<String ID="P4_ST01213" HPOS="1921" VPOS="5169" WIDTH="157" HEIGHT="60" CONTENT="Züge," WC="0.99" CC="00004"/>
						<SP ID="P4_SP01046" HPOS="2078" VPOS="5229" WIDTH="58"/>
						<String ID="P4_ST01214" HPOS="2136" VPOS="5169" WIDTH="82" HEIGHT="48" CONTENT="die" WC="0.97" CC="007"/>
						<SP ID="P4_SP01047" HPOS="2218" VPOS="5229" WIDTH="58"/>
						<String ID="P4_ST01215" HPOS="2276" VPOS="5173" WIDTH="146" HEIGHT="45" CONTENT="unter" WC="0.98" CC="13070"/>
						<SP ID="P4_SP01048" HPOS="2422" VPOS="5229" WIDTH="54"/>
						<String ID="P4_ST01216" HPOS="2476" VPOS="5171" WIDTH="99" HEIGHT="47" CONTENT="den" WC="0.99" CC="003"/>
						<SP ID="P4_SP01049" HPOS="2575" VPOS="5229" WIDTH="59"/>
						<String ID="P4_ST01217" HPOS="2634" VPOS="5172" WIDTH="224" HEIGHT="48" CONTENT="schönen" WC="0.99" CC="0000670"/>
						<SP ID="P4_SP01050" HPOS="2858" VPOS="5229" WIDTH="59"/>
						<String ID="P4_ST01218" HPOS="2917" VPOS="5174" WIDTH="279" HEIGHT="49" CONTENT="Menschen" WC="0.99" CC="02406000"/>
					</TextLine>
					<TextLine ID="P4_TL00166" HPOS="1695" VPOS="5234" WIDTH="1503" HEIGHT="59">
						<String ID="P4_ST01219" HPOS="1695" VPOS="5234" WIDTH="200" HEIGHT="52" CONTENT="Italiens" WC="0.99" CC="00586100"/>
						<SP ID="P4_SP01051" HPOS="1895" VPOS="5286" WIDTH="36"/>
						<String ID="P4_ST01220" HPOS="1931" VPOS="5240" WIDTH="134" HEIGHT="46" CONTENT="nicht" WC="0.99" CC="50000"/>
						<SP ID="P4_SP01052" HPOS="2065" VPOS="5286" WIDTH="32"/>
						<String ID="P4_ST01221" HPOS="2097" VPOS="5239" WIDTH="159" HEIGHT="48" CONTENT="selten" WC="0.98" CC="076018"/>
						<SP ID="P4_SP01053" HPOS="2256" VPOS="5287" WIDTH="36"/>
						<String ID="P4_ST01222" HPOS="2292" VPOS="5241" WIDTH="127" HEIGHT="48" CONTENT="sind." WC="0.99" CC="03004"/>
						<SP ID="P4_SP01054" HPOS="2419" VPOS="5289" WIDTH="64"/>
						<String ID="P4_ST01223" HPOS="2483" VPOS="5240" WIDTH="141" HEIGHT="49" CONTENT="Auch" WC="0.96" CC="0675"/>
						<SP ID="P4_SP01055" HPOS="2624" VPOS="5289" WIDTH="36"/>
						<String ID="P4_ST01224" HPOS="2660" VPOS="5242" WIDTH="99" HEIGHT="47" CONTENT="daß" WC="0.99" CC="020"/>
						<SP ID="P4_SP01056" HPOS="2759" VPOS="5289" WIDTH="33"/>
						<String ID="P4_ST01225" HPOS="2792" VPOS="5243" WIDTH="83" HEIGHT="50" CONTENT="die" WC="1.00" CC="000"/>
						<SP ID="P4_SP01057" HPOS="2875" VPOS="5293" WIDTH="33"/>
						<String ID="P4_ST01226" HPOS="2908" VPOS="5244" WIDTH="136" HEIGHT="47" CONTENT="Nase" WC="1.00" CC="0000"/>
						<SP ID="P4_SP01058" HPOS="3044" VPOS="5293" WIDTH="34"/>
						<String ID="P4_ST01227" HPOS="3078" VPOS="5245" WIDTH="96" HEIGHT="47" CONTENT="Voll" SUBS_TYPE="HypPart1" SUBS_CONTENT="Vollkommen" WC="0.98" CC="9020"/>
						<HYP HPOS="3174" VPOS="5245" WIDTH="24" CONTENT="-"/>
					</TextLine>
					<TextLine ID="P4_TL00167" HPOS="1693" VPOS="5306" WIDTH="1506" HEIGHT="67">
						<String ID="P4_ST01228" HPOS="1693" VPOS="5306" WIDTH="240" HEIGHT="50" CONTENT="kommen" SUBS_TYPE="HypPart2" SUBS_CONTENT="Vollkommen" WC="1.00" CC="000004"/>
						<SP ID="P4_SP01059" HPOS="1933" VPOS="5356" WIDTH="29"/>
						<String ID="P4_ST01229" HPOS="1962" VPOS="5312" WIDTH="48" HEIGHT="46" CONTENT="in" WC="0.58" CC="52"/>
						<SP ID="P4_SP01060" HPOS="2010" VPOS="5358" WIDTH="26"/>
						<String ID="P4_ST01230" HPOS="2036" VPOS="5310" WIDTH="92" HEIGHT="48" CONTENT="der" WC="0.97" CC="070"/>
						<SP ID="P4_SP01061" HPOS="2128" VPOS="5358" WIDTH="28"/>
						<String ID="P4_ST01231" HPOS="2156" VPOS="5310" WIDTH="252" HEIGHT="62" CONTENT="Richtung" WC="0.99" CC="01950040"/>
						<SP ID="P4_SP01062" HPOS="2408" VPOS="5372" WIDTH="22"/>
						<String ID="P4_ST01232" HPOS="2430" VPOS="5311" WIDTH="94" HEIGHT="48" CONTENT="der" WC="1.00" CC="000"/>
						<SP ID="P4_SP01063" HPOS="2524" VPOS="5372" WIDTH="24"/>
						<String ID="P4_ST01233" HPOS="2548" VPOS="5311" WIDTH="130" HEIGHT="49" CONTENT="Stirn" WC="1.00" CC="00000"/>
						<SP ID="P4_SP01064" HPOS="2678" VPOS="5372" WIDTH="28"/>
						<String ID="P4_ST01234" HPOS="2706" VPOS="5311" WIDTH="190" HEIGHT="62" CONTENT="verlief," WC="0.99" CC="09082004"/>
						<SP ID="P4_SP01065" HPOS="2896" VPOS="5373" WIDTH="26"/>
						<String ID="P4_ST01235" HPOS="2922" VPOS="5316" WIDTH="93" HEIGHT="48" CONTENT="mit" WC="0.99" CC="030"/>
						<SP ID="P4_SP01066" HPOS="3015" VPOS="5373" WIDTH="23"/>
						<String ID="P4_ST01236" HPOS="3038" VPOS="5313" WIDTH="161" HEIGHT="51" CONTENT="feiner" WC="0.98" CC="704700"/>
					</TextLine>
					<TextLine ID="P4_TL00168" HPOS="1695" VPOS="5378" WIDTH="1500" HEIGHT="65">
						<String ID="P4_ST01237" HPOS="1695" VPOS="5378" WIDTH="365" HEIGHT="50" CONTENT="Rückenbreite" WC="1.00" CC="000001080202"/>
						<SP ID="P4_SP01067" HPOS="2060" VPOS="5428" WIDTH="50"/>
						<String ID="P4_ST01238" HPOS="2110" VPOS="5394" WIDTH="109" HEIGHT="33" CONTENT="war" WC="1.00" CC="000"/>
						<SP ID="P4_SP01068" HPOS="2219" VPOS="5428" WIDTH="47"/>
						<String ID="P4_ST01239" HPOS="2266" VPOS="5379" WIDTH="457" HEIGHT="64" CONTENT="marmorbildhaft," WC="1.00" CC="000000448000603"/>
						<SP ID="P4_SP01069" HPOS="2723" VPOS="5443" WIDTH="52"/>
						<String ID="P4_ST01240" HPOS="2775" VPOS="5385" WIDTH="97" HEIGHT="46" CONTENT="wie" WC="1.00" CC="000"/>
						<SP ID="P4_SP01070" HPOS="2872" VPOS="5443" WIDTH="49"/>
						<String ID="P4_ST01241" HPOS="2921" VPOS="5399" WIDTH="94" HEIGHT="34" CONTENT="aus" WC="0.97" CC="080"/>
						<SP ID="P4_SP01071" HPOS="3015" VPOS="5443" WIDTH="64"/>
						<String ID="P4_ST01242" HPOS="3079" VPOS="5381" WIDTH="116" HEIGHT="52" CONTENT="dem" WC="0.94" CC="808"/>
					</TextLine>
					<TextLine ID="P4_TL00169" HPOS="1695" VPOS="5448" WIDTH="1503" HEIGHT="68">
						<String ID="P4_ST01243" HPOS="1695" VPOS="5448" WIDTH="196" HEIGHT="61" CONTENT="Kanon," WC="0.98" CC="066064"/>
						<SP ID="P4_SP01072" HPOS="1891" VPOS="5509" WIDTH="42"/>
						<String ID="P4_ST01244" HPOS="1933" VPOS="5449" WIDTH="106" HEIGHT="47" CONTENT="und" WC="0.96" CC="650"/>
						<SP ID="P4_SP01073" HPOS="2039" VPOS="5509" WIDTH="44"/>
						<String ID="P4_ST01245" HPOS="2083" VPOS="5449" WIDTH="91" HEIGHT="49" CONTENT="das" WC="0.98" CC="006"/>
						<SP ID="P4_SP01074" HPOS="2174" VPOS="5509" WIDTH="46"/>
						<String ID="P4_ST01246" HPOS="2220" VPOS="5450" WIDTH="128" HEIGHT="49" CONTENT="Kinn" WC="0.97" CC="0065"/>
						<SP ID="P4_SP01075" HPOS="2348" VPOS="5509" WIDTH="45"/>
						<String ID="P4_ST01247" HPOS="2393" VPOS="5451" WIDTH="99" HEIGHT="48" CONTENT="fast" WC="0.99" CC="6000"/>
						<SP ID="P4_SP01076" HPOS="2492" VPOS="5509" WIDTH="43"/>
						<String ID="P4_ST01248" HPOS="2535" VPOS="5466" WIDTH="63" HEIGHT="33" CONTENT="an" WC="0.79" CC="04"/>
						<SP ID="P4_SP01077" HPOS="2598" VPOS="5509" WIDTH="42"/>
						<String ID="P4_ST01249" HPOS="2640" VPOS="5453" WIDTH="93" HEIGHT="47" CONTENT="der" WC="1.00" CC="000"/>
						<SP ID="P4_SP01078" HPOS="2733" VPOS="5509" WIDTH="38"/>
						<String ID="P4_ST01250" HPOS="2771" VPOS="5453" WIDTH="199" HEIGHT="48" CONTENT="Grenze" WC="0.97" CC="619470"/>
						<SP ID="P4_SP01079" HPOS="2970" VPOS="5509" WIDTH="42"/>
						<String ID="P4_ST01251" HPOS="3012" VPOS="5457" WIDTH="160" HEIGHT="59" CONTENT="erträg" SUBS_TYPE="HypPart1" SUBS_CONTENT="erträglicher" WC="0.99" CC="600000"/>
						<HYP HPOS="3172" VPOS="5457" WIDTH="26" CONTENT="-"/>
					</TextLine>
					<TextLine ID="P4_TL00170" HPOS="1694" VPOS="5514" WIDTH="1506" HEIGHT="61">
						<String ID="P4_ST01252" HPOS="1694" VPOS="5514" WIDTH="153" HEIGHT="52" CONTENT="licher" SUBS_TYPE="HypPart2" SUBS_CONTENT="erträglicher" WC="0.98" CC="744300"/>
						<SP ID="P4_SP01080" HPOS="1847" VPOS="5566" WIDTH="40"/>
						<String ID="P4_ST01253" HPOS="1887" VPOS="5519" WIDTH="330" HEIGHT="52" CONTENT="Zierlichkeit." WC="1.00" CC="0070040100402"/>
						<SP ID="P4_SP01081" HPOS="2217" VPOS="5571" WIDTH="75"/>
						<String ID="P4_ST01254" HPOS="2292" VPOS="5521" WIDTH="143" HEIGHT="48" CONTENT="Doch" WC="0.98" CC="0045"/>
						<SP ID="P4_SP01082" HPOS="2435" VPOS="5571" WIDTH="40"/>
						<String ID="P4_ST01255" HPOS="2475" VPOS="5536" WIDTH="104" HEIGHT="33" CONTENT="nun" WC="0.96" CC="045"/>
						<SP ID="P4_SP01083" HPOS="2579" VPOS="5571" WIDTH="40"/>
						<String ID="P4_ST01256" HPOS="2619" VPOS="5523" WIDTH="211" HEIGHT="48" CONTENT="wurden" WC="0.99" CC="070002"/>
						<SP ID="P4_SP01084" HPOS="2830" VPOS="5571" WIDTH="41"/>
						<String ID="P4_ST01257" HPOS="2871" VPOS="5524" WIDTH="85" HEIGHT="51" CONTENT="die" WC="1.00" CC="000"/>
						<SP ID="P4_SP01085" HPOS="2956" VPOS="5575" WIDTH="37"/>
						<String ID="P4_ST01258" HPOS="2993" VPOS="5523" WIDTH="178" HEIGHT="51" CONTENT="charak" SUBS_TYPE="HypPart1" SUBS_CONTENT="charakteristischen" WC="0.97" CC="930659"/>
						<HYP HPOS="3171" VPOS="5523" WIDTH="29" CONTENT="-"/>
					</TextLine>
					<TextLine ID="P4_TL00171" HPOS="1696" VPOS="5589" WIDTH="1503" HEIGHT="67">
						<String ID="P4_ST01259" HPOS="1696" VPOS="5589" WIDTH="311" HEIGHT="48" CONTENT="teristischen" SUBS_TYPE="HypPart2" SUBS_CONTENT="charakteristischen" WC="0.99" CC="400300102776"/>
						<SP ID="P4_SP01086" HPOS="2007" VPOS="5637" WIDTH="73"/>
						<String ID="P4_ST01260" HPOS="2080" VPOS="5590" WIDTH="35" HEIGHT="46" CONTENT="E" WC="0.38" CC="6"/>
						<SP ID="P4_SP01087" HPOS="2115" VPOS="5637" WIDTH="6"/>
						<String ID="P4_ST01261" HPOS="2121" VPOS="5591" WIDTH="115" HEIGHT="59" CONTENT="igen" WC="0.97" CC="4046"/>
						<SP ID="P4_SP01088" HPOS="2236" VPOS="5650" WIDTH="6"/>
						<String ID="P4_ST01262" HPOS="2242" VPOS="5590" WIDTH="119" HEIGHT="49" CONTENT="sclia" WC="0.61" CC="07740"/>
						<SP ID="P4_SP01089" HPOS="2361" VPOS="5650" WIDTH="6"/>
						<String ID="P4_ST01263" HPOS="2367" VPOS="5590" WIDTH="18" HEIGHT="48" CONTENT="112" WC="0.34" CC="600"/>
						<SP ID="P4_SP01090" HPOS="2385" VPOS="5650" WIDTH="3"/>
						<String ID="P4_ST01264" HPOS="2388" VPOS="5593" WIDTH="128" HEIGHT="47" CONTENT="tsme" WC="0.70" CC="0047"/>
						<SP ID="P4_SP01091" HPOS="2516" VPOS="5650" WIDTH="7"/>
						<String ID="P4_ST01265" HPOS="2523" VPOS="5591" WIDTH="139" HEIGHT="49" CONTENT="rkrna" WC="0.54" CC="00985"/>
						<SP ID="P4_SP01092" HPOS="2662" VPOS="5650" WIDTH="5"/>
						<String ID="P4_ST01266" HPOS="2667" VPOS="5590" WIDTH="44" HEIGHT="50" CONTENT="IC" WC="0.42" CC="37"/>
						<SP ID="P4_SP01093" HPOS="2711" VPOS="5650" WIDTH="66"/>
						<String ID="P4_ST01267" HPOS="2777" VPOS="5608" WIDTH="84" HEIGHT="33" CONTENT="um" WC="0.63" CC="60"/>
						<SP ID="P4_SP01094" HPOS="2861" VPOS="5650" WIDTH="68"/>
						<String ID="P4_ST01268" HPOS="2929" VPOS="5607" WIDTH="61" HEIGHT="36" CONTENT="so" WC="0.59" CC="43"/>
						<SP ID="P4_SP01095" HPOS="2990" VPOS="5650" WIDTH="65"/>
						<String ID="P4_ST01269" HPOS="3055" VPOS="5598" WIDTH="116" HEIGHT="58" CONTENT="spür" SUBS_TYPE="HypPart1" SUBS_CONTENT="spürbarer." WC="0.97" CC="9080"/>
						<HYP HPOS="3171" VPOS="5598" WIDTH="28" CONTENT="-"/>
					</TextLine>
					<TextLine ID="P4_TL00172" HPOS="1692" VPOS="5658" WIDTH="1505" HEIGHT="67">
						<String ID="P4_ST01270" HPOS="1692" VPOS="5658" WIDTH="161" HEIGHT="49" CONTENT="barer." SUBS_TYPE="HypPart2" SUBS_CONTENT="spürbarer." WC="0.99" CC="420003"/>
						<SP ID="P4_SP01096" HPOS="1853" VPOS="5707" WIDTH="67"/>
						<String ID="P4_ST01271" HPOS="1920" VPOS="5659" WIDTH="94" HEIGHT="50" CONTENT="Die" WC="0.97" CC="007"/>
						<SP ID="P4_SP01097" HPOS="2014" VPOS="5709" WIDTH="36"/>
						<String ID="P4_ST01272" HPOS="2050" VPOS="5660" WIDTH="293" HEIGHT="61" CONTENT="energische" WC="0.99" CC="4570020006"/>
						<SP ID="P4_SP01098" HPOS="2343" VPOS="5721" WIDTH="32"/>
						<String ID="P4_ST01273" HPOS="2375" VPOS="5659" WIDTH="300" HEIGHT="66" CONTENT="Unterlippe" WC="0.99" CC="6000433000"/>
						<SP ID="P4_SP01099" HPOS="2675" VPOS="5725" WIDTH="35"/>
						<String ID="P4_ST01274" HPOS="2710" VPOS="5665" WIDTH="176" HEIGHT="60" CONTENT="zeigte," WC="1.00" CC="1200004"/>
						<SP ID="P4_SP01100" HPOS="2886" VPOS="5725" WIDTH="35"/>
						<String ID="P4_ST01275" HPOS="2921" VPOS="5665" WIDTH="100" HEIGHT="48" CONTENT="daß" WC="0.98" CC="040"/>
						<SP ID="P4_SP01101" HPOS="3021" VPOS="5725" WIDTH="38"/>
						<String ID="P4_ST01276" HPOS="3059" VPOS="5665" WIDTH="138" HEIGHT="50" CONTENT="diese" WC="0.99" CC="00107"/>
					</TextLine>
					<TextLine ID="P4_TL00173" HPOS="1697" VPOS="5729" WIDTH="1503" HEIGHT="64">
						<String ID="P4_ST01277" HPOS="1697" VPOS="5729" WIDTH="129" HEIGHT="47" CONTENT="Frau" WC="0.97" CC="5303"/>
						<SP ID="P4_SP01102" HPOS="1826" VPOS="5776" WIDTH="43"/>
						<String ID="P4_ST01278" HPOS="1869" VPOS="5729" WIDTH="130" HEIGHT="48" CONTENT="auch" WC="0.95" CC="0794"/>
						<SP ID="P4_SP01103" HPOS="1999" VPOS="5777" WIDTH="46"/>
						<String ID="P4_ST01279" HPOS="2045" VPOS="5743" WIDTH="169" HEIGHT="49" CONTENT="gegen" WC="0.98" CC="02074"/>
						<SP ID="P4_SP01104" HPOS="2214" VPOS="5792" WIDTH="48"/>
						<String ID="P4_ST01280" HPOS="2262" VPOS="5730" WIDTH="74" HEIGHT="49" CONTENT="ihr" WC="0.98" CC="230"/>
						<SP ID="P4_SP01105" HPOS="2336" VPOS="5792" WIDTH="45"/>
						<String ID="P4_ST01281" HPOS="2381" VPOS="5733" WIDTH="206" HEIGHT="60" CONTENT="eigenes" WC="0.98" CC="2909270"/>
						<SP ID="P4_SP01106" HPOS="2587" VPOS="5793" WIDTH="50"/>
						<String ID="P4_ST01282" HPOS="2637" VPOS="5731" WIDTH="190" HEIGHT="50" CONTENT="Fühlen" WC="0.99" CC="500800"/>
						<SP ID="P4_SP01107" HPOS="2827" VPOS="5793" WIDTH="50"/>
						<String ID="P4_ST01283" HPOS="2877" VPOS="5748" WIDTH="88" HEIGHT="34" CONTENT="aus" WC="0.98" CC="004"/>
						<SP ID="P4_SP01108" HPOS="2965" VPOS="5793" WIDTH="46"/>
						<String ID="P4_ST01284" HPOS="3011" VPOS="5735" WIDTH="162" HEIGHT="49" CONTENT="Selbst" SUBS_TYPE="HypPart1" SUBS_CONTENT="Selbsteinschätzung" WC="0.99" CC="006000"/>
						<HYP HPOS="3173" VPOS="5735" WIDTH="27" CONTENT="-"/>
					</TextLine>
					<TextLine ID="P4_TL00174" HPOS="1695" VPOS="5798" WIDTH="1504" HEIGHT="68">
						<String ID="P4_ST01285" HPOS="1695" VPOS="5798" WIDTH="363" HEIGHT="63" CONTENT="einschätzung" SUBS_TYPE="HypPart2" SUBS_CONTENT="Selbsteinschätzung" WC="0.99" CC="453026000460"/>
						<SP ID="P4_SP01109" HPOS="2058" VPOS="5861" WIDTH="59"/>
						<String ID="P4_ST01286" HPOS="2117" VPOS="5802" WIDTH="209" HEIGHT="59" CONTENT="trotzen," WC="0.99" CC="00000784"/>
						<SP ID="P4_SP01110" HPOS="2326" VPOS="5861" WIDTH="65"/>
						<String ID="P4_ST01287" HPOS="2391" VPOS="5801" WIDTH="203" HEIGHT="62" CONTENT="hassen," WC="0.98" CC="0060184"/>
						<SP ID="P4_SP01111" HPOS="2594" VPOS="5863" WIDTH="62"/>
						<String ID="P4_ST01288" HPOS="2656" VPOS="5805" WIDTH="163" HEIGHT="47" CONTENT="etwas" WC="1.00" CC="00000"/>
						<SP ID="P4_SP01112" HPOS="2819" VPOS="5863" WIDTH="64"/>
						<String ID="P4_ST01289" HPOS="2883" VPOS="5803" WIDTH="149" HEIGHT="63" CONTENT="lange" WC="0.97" CC="80607"/>
						<SP ID="P4_SP01113" HPOS="3032" VPOS="5866" WIDTH="60"/>
						<String ID="P4_ST01290" HPOS="3092" VPOS="5816" WIDTH="81" HEIGHT="37" CONTENT="ver" SUBS_TYPE="HypPart1" SUBS_CONTENT="verbergen" WC="0.96" CC="940"/>
						<HYP HPOS="3173" VPOS="5816" WIDTH="26" CONTENT="-"/>
					</TextLine>
					<TextLine ID="P4_TL00175" HPOS="1692" VPOS="5868" WIDTH="1506" HEIGHT="67">
						<String ID="P4_ST01291" HPOS="1692" VPOS="5868" WIDTH="193" HEIGHT="62" CONTENT="bergen" SUBS_TYPE="HypPart2" SUBS_CONTENT="verbergen" WC="0.99" CC="610006"/>
						<SP ID="P4_SP01114" HPOS="1885" VPOS="5930" WIDTH="39"/>
						<String ID="P4_ST01292" HPOS="1924" VPOS="5869" WIDTH="205" HEIGHT="50" CONTENT="konnte." WC="0.99" CC="0075004"/>
						<SP ID="P4_SP01115" HPOS="2129" VPOS="5930" WIDTH="70"/>
						<String ID="P4_ST01293" HPOS="2199" VPOS="5870" WIDTH="111" HEIGHT="49" CONTENT="Den" WC="0.94" CC="078"/>
						<SP ID="P4_SP01116" HPOS="2310" VPOS="5930" WIDTH="42"/>
						<String ID="P4_ST01294" HPOS="2352" VPOS="5869" WIDTH="319" HEIGHT="54" CONTENT="Unterlidern" WC="0.99" CC="00073809706"/>
						<SP ID="P4_SP01117" HPOS="2671" VPOS="5930" WIDTH="40"/>
						<String ID="P4_ST01295" HPOS="2711" VPOS="5872" WIDTH="127" HEIGHT="50" CONTENT="fehlt" WC="0.97" CC="92740"/>
						<SP ID="P4_SP01118" HPOS="2838" VPOS="5930" WIDTH="36"/>
						<String ID="P4_ST01296" HPOS="2874" VPOS="5875" WIDTH="83" HEIGHT="47" CONTENT="die" WC="0.99" CC="020"/>
						<SP ID="P4_SP01119" HPOS="2957" VPOS="5930" WIDTH="37"/>
						<String ID="P4_ST01297" HPOS="2994" VPOS="5875" WIDTH="204" HEIGHT="60" CONTENT="pikante" WC="0.99" CC="0400600"/>
					</TextLine>
					<TextLine ID="P4_TL00176" HPOS="1694" VPOS="5939" WIDTH="1503" HEIGHT="63">
						<String ID="P4_ST01298" HPOS="1694" VPOS="5939" WIDTH="545" HEIGHT="63" CONTENT="Zusammenziehung," WC="1.00" CC="0705000002040004"/>
						<SP ID="P4_SP01120" HPOS="2239" VPOS="6002" WIDTH="36"/>
						<String ID="P4_ST01299" HPOS="2275" VPOS="5941" WIDTH="83" HEIGHT="50" CONTENT="die" WC="0.95" CC="921"/>
						<SP ID="P4_SP01121" HPOS="2358" VPOS="6002" WIDTH="36"/>
						<String ID="P4_ST01300" HPOS="2394" VPOS="5956" WIDTH="63" HEIGHT="33" CONTENT="an" WC="0.57" CC="08"/>
						<SP ID="P4_SP01122" HPOS="2457" VPOS="6002" WIDTH="36"/>
						<String ID="P4_ST01301" HPOS="2493" VPOS="5943" WIDTH="141" HEIGHT="59" CONTENT="jeder" WC="0.98" CC="40070"/>
						<SP ID="P4_SP01123" HPOS="2634" VPOS="6002" WIDTH="33"/>
						<String ID="P4_ST01302" HPOS="2667" VPOS="5945" WIDTH="212" HEIGHT="48" CONTENT="zweiten" WC="0.99" CC="0070004"/>
						<SP ID="P4_SP01124" HPOS="2879" VPOS="6002" WIDTH="39"/>
						<String ID="P4_ST01303" HPOS="2918" VPOS="5942" WIDTH="279" HEIGHT="54" CONTENT="Italienerin" WC="0.98" CC="50084787146"/>
					</TextLine>
					<TextLine ID="P4_TL00177" HPOS="1693" VPOS="6009" WIDTH="1507" HEIGHT="62">
						<String ID="P4_ST01304" HPOS="1693" VPOS="6023" WIDTH="61" HEIGHT="34" CONTENT="zu" WC="0.65" CC="06"/>
						<SP ID="P4_SP01125" HPOS="1754" VPOS="6057" WIDTH="38"/>
						<String ID="P4_ST01305" HPOS="1792" VPOS="6009" WIDTH="160" HEIGHT="48" CONTENT="sehen" WC="0.97" CC="04274"/>
						<SP ID="P4_SP01126" HPOS="1952" VPOS="6057" WIDTH="41"/>
						<String ID="P4_ST01306" HPOS="1993" VPOS="6013" WIDTH="78" HEIGHT="58" CONTENT="ist," WC="0.99" CC="0004"/>
						<SP ID="P4_SP01127" HPOS="2071" VPOS="6071" WIDTH="41"/>
						<String ID="P4_ST01307" HPOS="2112" VPOS="6010" WIDTH="108" HEIGHT="49" CONTENT="hier" WC="0.99" CC="5000"/>
						<SP ID="P4_SP01128" HPOS="2220" VPOS="6071" WIDTH="35"/>
						<String ID="P4_ST01308" HPOS="2255" VPOS="6013" WIDTH="99" HEIGHT="46" CONTENT="trat" WC="0.99" CC="0600"/>
						<SP ID="P4_SP01129" HPOS="2354" VPOS="6071" WIDTH="35"/>
						<String ID="P4_ST01309" HPOS="2389" VPOS="6014" WIDTH="113" HEIGHT="46" CONTENT="eine" WC="0.96" CC="7057"/>
						<SP ID="P4_SP01130" HPOS="2502" VPOS="6071" WIDTH="39"/>
						<String ID="P4_ST01310" HPOS="2541" VPOS="6013" WIDTH="143" HEIGHT="48" CONTENT="mehr" WC="1.00" CC="0000"/>
						<SP ID="P4_SP01131" HPOS="2684" VPOS="6071" WIDTH="35"/>
						<String ID="P4_ST01311" HPOS="2719" VPOS="6015" WIDTH="298" HEIGHT="47" CONTENT="träumende" WC="0.99" CC="090000800"/>
						<SP ID="P4_SP01132" HPOS="3017" VPOS="6071" WIDTH="40"/>
						<String ID="P4_ST01312" HPOS="3057" VPOS="6015" WIDTH="115" HEIGHT="50" CONTENT="Sinn" SUBS_TYPE="HypPart1" SUBS_CONTENT="Sinnlichkeit" WC="0.98" CC="0123"/>
						<HYP HPOS="3172" VPOS="6015" WIDTH="28" CONTENT="-"/>
					</TextLine>
					<TextLine ID="P4_TL00178" HPOS="1695" VPOS="6076" WIDTH="999" HEIGHT="67">
						<String ID="P4_ST01313" HPOS="1695" VPOS="6076" WIDTH="200" HEIGHT="52" CONTENT="lichkeit" SUBS_TYPE="HypPart2" SUBS_CONTENT="Sinnlichkeit" WC="0.99" CC="70000080"/>
						<SP ID="P4_SP01133" HPOS="1895" VPOS="6128" WIDTH="43"/>
						<String ID="P4_ST01314" HPOS="1938" VPOS="6090" WIDTH="94" HEIGHT="38" CONTENT="vor" WC="0.98" CC="004"/>
						<SP ID="P4_SP01134" HPOS="2032" VPOS="6128" WIDTH="42"/>
						<String ID="P4_ST01315" HPOS="2074" VPOS="6081" WIDTH="91" HEIGHT="48" CONTENT="der" WC="1.00" CC="000"/>
						<SP ID="P4_SP01135" HPOS="2165" VPOS="6129" WIDTH="48"/>
						<String ID="P4_ST01316" HPOS="2213" VPOS="6081" WIDTH="239" HEIGHT="62" CONTENT="Klugheit" WC="0.99" CC="02300700"/>
						<SP ID="P4_SP01136" HPOS="2452" VPOS="6143" WIDTH="44"/>
						<String ID="P4_ST01317" HPOS="2496" VPOS="6083" WIDTH="198" HEIGHT="48" CONTENT="zurück." WC="0.99" CC="4500002"/>
					</TextLine>
					<TextLine ID="P4_TL00179" HPOS="1821" VPOS="6149" WIDTH="1376" HEIGHT="65">
						<String ID="P4_ST01318" HPOS="1821" VPOS="6151" WIDTH="73" HEIGHT="59" CONTENT="Ja," WC="0.98" CC="004"/>
						<SP ID="P4_SP01137" HPOS="1894" VPOS="6210" WIDTH="54"/>
						<String ID="P4_ST01319" HPOS="1948" VPOS="6151" WIDTH="79" HEIGHT="48" CONTENT="die" WC="1.00" CC="000"/>
						<SP ID="P4_SP01138" HPOS="2027" VPOS="6210" WIDTH="55"/>
						<String ID="P4_ST01320" HPOS="2082" VPOS="6149" WIDTH="261" HEIGHT="64" CONTENT="Klugheit!" WC="1.00" CC="080001000"/>
						<SP ID="P4_SP01139" HPOS="2343" VPOS="6213" WIDTH="81"/>
						<String ID="P4_ST01321" HPOS="2424" VPOS="6152" WIDTH="81" HEIGHT="49" CONTENT="Sie" WC="0.98" CC="040"/>
						<SP ID="P4_SP01140" HPOS="2505" VPOS="6213" WIDTH="49"/>
						<String ID="P4_ST01322" HPOS="2554" VPOS="6152" WIDTH="196" HEIGHT="49" CONTENT="machte" WC="0.98" CC="036700"/>
						<SP ID="P4_SP01141" HPOS="2750" VPOS="6213" WIDTH="52"/>
						<String ID="P4_ST01323" HPOS="2802" VPOS="6153" WIDTH="141" HEIGHT="61" CONTENT="viele," WC="0.99" CC="070100"/>
						<SP ID="P4_SP01142" HPOS="2943" VPOS="6214" WIDTH="50"/>
						<String ID="P4_ST01324" HPOS="2993" VPOS="6156" WIDTH="83" HEIGHT="50" CONTENT="die" WC="0.98" CC="400"/>
						<SP ID="P4_SP01143" HPOS="3076" VPOS="6214" WIDTH="49"/>
						<String ID="P4_ST01325" HPOS="3125" VPOS="6158" WIDTH="72" HEIGHT="47" CONTENT="sie" WC="0.93" CC="647"/>
					</TextLine>
					<TextLine ID="P4_TL00180" HPOS="1692" VPOS="6219" WIDTH="1506" HEIGHT="63">
						<String ID="P4_ST01326" HPOS="1692" VPOS="6219" WIDTH="251" HEIGHT="61" CONTENT="anlockte," WC="0.99" CC="028037004"/>
						<SP ID="P4_SP01144" HPOS="1943" VPOS="6280" WIDTH="44"/>
						<String ID="P4_ST01327" HPOS="1987" VPOS="6221" WIDTH="172" HEIGHT="61" CONTENT="scheu," WC="0.99" CC="030164"/>
						<SP ID="P4_SP01145" HPOS="2159" VPOS="6282" WIDTH="44"/>
						<String ID="P4_ST01328" HPOS="2203" VPOS="6222" WIDTH="107" HEIGHT="51" CONTENT="daß:" WC="0.95" CC="9408"/>
						<SP ID="P4_SP01146" HPOS="2310" VPOS="6282" WIDTH="42"/>
						<String ID="P4_ST01329" HPOS="2352" VPOS="6224" WIDTH="78" HEIGHT="52" CONTENT="sie" WC="0.97" CC="007"/>
						<SP ID="P4_SP01147" HPOS="2430" VPOS="6282" WIDTH="39"/>
						<String ID="P4_ST01330" HPOS="2469" VPOS="6222" WIDTH="138" HEIGHT="50" CONTENT="nicht" WC="0.97" CC="86600"/>
						<SP ID="P4_SP01148" HPOS="2607" VPOS="6282" WIDTH="41"/>
						<String ID="P4_ST01331" HPOS="2648" VPOS="6223" WIDTH="223" HEIGHT="49" CONTENT="vollkom" WC="0.64" CC="9204008"/>
						<String ID="P4_ST01332" HPOS="2874" VPOS="6219" WIDTH="2" HEIGHT="63" CONTENT="|" STYLE="superscript" WC="0.54" CC="4"/>
						<String ID="P4_ST01333" HPOS="2877" VPOS="6239" WIDTH="48" HEIGHT="36" CONTENT="m" WC="1.00" CC="0"/>
						<String ID="P4_ST01334" HPOS="2927" VPOS="6219" WIDTH="4" HEIGHT="63" CONTENT=")" STYLE="superscript" WC="0.55" CC="4"/>
						<String ID="P4_ST01335" HPOS="2931" VPOS="6239" WIDTH="60" HEIGHT="33" CONTENT="en" WC="0.43" CC="28"/>
						<SP ID="P4_SP01149" HPOS="2991" VPOS="6282" WIDTH="48"/>
						<String ID="P4_ST01336" HPOS="3039" VPOS="6226" WIDTH="159" HEIGHT="49" CONTENT="schön" WC="0.97" CC="01496"/>
					</TextLine>
					<TextLine ID="P4_TL00181" HPOS="1694" VPOS="6289" WIDTH="1504" HEIGHT="64">
						<String ID="P4_ST01337" HPOS="1694" VPOS="6305" WIDTH="120" HEIGHT="45" CONTENT="war," WC="0.99" CC="0003"/>
						<SP ID="P4_SP01150" HPOS="1814" VPOS="6350" WIDTH="32"/>
						<String ID="P4_ST01338" HPOS="1846" VPOS="6290" WIDTH="146" HEIGHT="48" CONTENT="mehr" WC="0.99" CC="0020"/>
						<SP ID="P4_SP01151" HPOS="1992" VPOS="6350" WIDTH="29"/>
						<String ID="P4_ST01339" HPOS="2021" VPOS="6289" WIDTH="74" HEIGHT="50" CONTENT="als" WC="0.97" CC="080"/>
						<SP ID="P4_SP01152" HPOS="2095" VPOS="6350" WIDTH="32"/>
						<String ID="P4_ST01340" HPOS="2127" VPOS="6292" WIDTH="92" HEIGHT="48" CONTENT="das" WC="1.00" CC="000"/>
						<SP ID="P4_SP01153" HPOS="2219" VPOS="6350" WIDTH="36"/>
						<String ID="P4_ST01341" HPOS="2255" VPOS="6292" WIDTH="237" HEIGHT="61" CONTENT="Rothaar," WC="0.99" CC="05060010"/>
						<SP ID="P4_SP01154" HPOS="2492" VPOS="6353" WIDTH="32"/>
						<String ID="P4_ST01342" HPOS="2524" VPOS="6293" WIDTH="93" HEIGHT="50" CONTENT="das" WC="1.00" CC="000"/>
						<SP ID="P4_SP01155" HPOS="2617" VPOS="6353" WIDTH="34"/>
						<String ID="P4_ST01343" HPOS="2651" VPOS="6294" WIDTH="193" HEIGHT="50" CONTENT="damals" WC="0.99" CC="090010"/>
						<SP ID="P4_SP01156" HPOS="2844" VPOS="6353" WIDTH="33"/>
						<String ID="P4_ST01344" HPOS="2877" VPOS="6294" WIDTH="132" HEIGHT="50" CONTENT="noch" WC="0.97" CC="0094"/>
						<SP ID="P4_SP01157" HPOS="3009" VPOS="6353" WIDTH="32"/>
						<String ID="P4_ST01345" HPOS="3041" VPOS="6296" WIDTH="157" HEIGHT="49" CONTENT="blond" WC="0.98" CC="40070"/>
					</TextLine>
					<TextLine ID="P4_TL00182" HPOS="1694" VPOS="6361" WIDTH="1506" HEIGHT="70">
						<String ID="P4_ST01346" HPOS="1694" VPOS="6363" WIDTH="226" HEIGHT="58" CONTENT="genannt" WC="0.98" CC="0080850"/>
						<SP ID="P4_SP01158" HPOS="1920" VPOS="6421" WIDTH="55"/>
						<String ID="P4_ST01347" HPOS="1975" VPOS="6362" WIDTH="189" HEIGHT="48" CONTENT="wurde." WC="0.98" CC="070073"/>
						<SP ID="P4_SP01159" HPOS="2164" VPOS="6421" WIDTH="88"/>
						<String ID="P4_ST01348" HPOS="2252" VPOS="6363" WIDTH="147" HEIGHT="48" CONTENT="Denn" WC="0.96" CC="9042"/>
						<SP ID="P4_SP01160" HPOS="2399" VPOS="6421" WIDTH="56"/>
						<String ID="P4_ST01349" HPOS="2455" VPOS="6364" WIDTH="80" HEIGHT="53" CONTENT="die" WC="0.91" CC="959"/>
						<SP ID="P4_SP01161" HPOS="2535" VPOS="6421" WIDTH="58"/>
						<String ID="P4_ST01350" HPOS="2593" VPOS="6361" WIDTH="239" HEIGHT="69" CONTENT="Klugheit" WC="0.98" CC="08590900"/>
						<SP ID="P4_SP01162" HPOS="2832" VPOS="6430" WIDTH="53"/>
						<String ID="P4_ST01351" HPOS="2885" VPOS="6381" WIDTH="182" HEIGHT="50" CONTENT="zwang" WC="0.98" CC="02409"/>
						<SP ID="P4_SP01163" HPOS="3067" VPOS="6431" WIDTH="56"/>
						<String ID="P4_ST01352" HPOS="3123" VPOS="6366" WIDTH="77" HEIGHT="50" CONTENT="ihr" WC="0.99" CC="200"/>
					</TextLine>
					<TextLine ID="P4_TL00183" HPOS="1693" VPOS="6427" WIDTH="1507" HEIGHT="75">
						<String ID="P4_ST01353" HPOS="1693" VPOS="6427" WIDTH="549" HEIGHT="69" CONTENT="Selbstbeherrschung" WC="1.00" CC="401700080200670079"/>
						<SP ID="P4_SP01164" HPOS="2242" VPOS="6496" WIDTH="40"/>
						<String ID="P4_ST01354" HPOS="2282" VPOS="6432" WIDTH="105" HEIGHT="62" CONTENT="auf," WC="0.95" CC="3794"/>
						<SP ID="P4_SP01165" HPOS="2387" VPOS="6496" WIDTH="45"/>
						<String ID="P4_ST01355" HPOS="2432" VPOS="6436" WIDTH="75" HEIGHT="51" CONTENT="sie" WC="0.94" CC="097"/>
						<SP ID="P4_SP01166" HPOS="2507" VPOS="6496" WIDTH="38"/>
						<String ID="P4_ST01356" HPOS="2545" VPOS="6435" WIDTH="174" HEIGHT="49" CONTENT="mußte" WC="0.98" CC="93000"/>
						<SP ID="P4_SP01167" HPOS="2719" VPOS="6496" WIDTH="41"/>
						<String ID="P4_ST01357" HPOS="2760" VPOS="6435" WIDTH="106" HEIGHT="52" CONTENT="ihre" WC="0.96" CC="7039"/>
						<SP ID="P4_SP01168" HPOS="2866" VPOS="6496" WIDTH="45"/>
						<String ID="P4_ST01358" HPOS="2911" VPOS="6436" WIDTH="261" HEIGHT="66" CONTENT="Lebhaftig" SUBS_TYPE="HypPart1" SUBS_CONTENT="Lebhaftigkeit" WC="0.51" CC="505578066"/>
						<HYP HPOS="3172" VPOS="6436" WIDTH="28" CONTENT="-"/>
					</TextLine>
				</TextBlock>
				<TextBlock ID="P4_TB00004" HPOS="3331" VPOS="97" WIDTH="1520" HEIGHT="6406" STYLEREFS="TXT_0 PAR_BLOCK">
					<TextLine ID="P4_TL00184" HPOS="3337" VPOS="97" WIDTH="1505" HEIGHT="64">
						<String ID="P4_ST01359" HPOS="3337" VPOS="100" WIDTH="103" HEIGHT="49" CONTENT="keit" SUBS_TYPE="HypPart2" SUBS_CONTENT="Lebhaftigkeit" WC="0.92" CC="0030"/>
						<SP ID="P4_SP01169" HPOS="3440" VPOS="149" WIDTH="36"/>
						<String ID="P4_ST01360" HPOS="3476" VPOS="97" WIDTH="373" HEIGHT="64" CONTENT="zurückhalten," WC="0.99" CC="7340606918763"/>
						<SP ID="P4_SP01170" HPOS="3849" VPOS="161" WIDTH="39"/>
						<String ID="P4_ST01361" HPOS="3888" VPOS="100" WIDTH="105" HEIGHT="48" CONTENT="und" WC="0.93" CC="755"/>
						<SP ID="P4_SP01171" HPOS="3993" VPOS="161" WIDTH="38"/>
						<String ID="P4_ST01362" HPOS="4031" VPOS="114" WIDTH="149" HEIGHT="34" CONTENT="wenn" WC="0.97" CC="5405"/>
						<SP ID="P4_SP01172" HPOS="4180" VPOS="161" WIDTH="39"/>
						<String ID="P4_ST01363" HPOS="4219" VPOS="100" WIDTH="73" HEIGHT="47" CONTENT="sie" WC="1.00" CC="010"/>
						<SP ID="P4_SP01173" HPOS="4292" VPOS="161" WIDTH="38"/>
						<String ID="P4_ST01364" HPOS="4330" VPOS="101" WIDTH="148" HEIGHT="47" CONTENT="sonst" WC="1.00" CC="00000"/>
						<SP ID="P4_SP01174" HPOS="4478" VPOS="161" WIDTH="38"/>
						<String ID="P4_ST01365" HPOS="4516" VPOS="99" WIDTH="97" HEIGHT="49" CONTENT="den" WC="0.96" CC="072"/>
						<SP ID="P4_SP01175" HPOS="4613" VPOS="161" WIDTH="40"/>
						<String ID="P4_ST01366" HPOS="4653" VPOS="101" WIDTH="189" HEIGHT="48" CONTENT="Leuten" WC="1.00" CC="200010"/>
					</TextLine>
					<TextLine ID="P4_TL00185" HPOS="3340" VPOS="169" WIDTH="1503" HEIGHT="63">
						<String ID="P4_ST01367" HPOS="3340" VPOS="171" WIDTH="310" HEIGHT="49" CONTENT="exzentrisch" WC="1.00" CC="00790001000"/>
						<SP ID="P4_SP01176" HPOS="3650" VPOS="220" WIDTH="41"/>
						<String ID="P4_ST01368" HPOS="3691" VPOS="170" WIDTH="290" HEIGHT="50" CONTENT="erschienen" WC="0.99" CC="0077507077"/>
						<SP ID="P4_SP01177" HPOS="3981" VPOS="220" WIDTH="39"/>
						<String ID="P4_ST01369" HPOS="4020" VPOS="173" WIDTH="153" HEIGHT="58" CONTENT="wäre," WC="0.98" CC="60074"/>
						<SP ID="P4_SP01178" HPOS="4173" VPOS="231" WIDTH="38"/>
						<String ID="P4_ST01370" HPOS="4211" VPOS="170" WIDTH="107" HEIGHT="62" CONTENT="galt" WC="0.96" CC="7037"/>
						<SP ID="P4_SP01179" HPOS="4318" VPOS="232" WIDTH="39"/>
						<String ID="P4_ST01371" HPOS="4357" VPOS="172" WIDTH="72" HEIGHT="46" CONTENT="sie" WC="0.99" CC="030"/>
						<SP ID="P4_SP01180" HPOS="4429" VPOS="232" WIDTH="40"/>
						<String ID="P4_ST01372" HPOS="4469" VPOS="185" WIDTH="102" HEIGHT="33" CONTENT="nun" WC="0.98" CC="060"/>
						<SP ID="P4_SP01181" HPOS="4571" VPOS="232" WIDTH="42"/>
						<String ID="P4_ST01373" HPOS="4613" VPOS="169" WIDTH="81" HEIGHT="48" CONTENT="für" WC="0.96" CC="550"/>
						<SP ID="P4_SP01182" HPOS="4694" VPOS="232" WIDTH="36"/>
						<String ID="P4_ST01374" HPOS="4730" VPOS="171" WIDTH="91" HEIGHT="48" CONTENT="selt" SUBS_TYPE="HypPart1" SUBS_CONTENT="seltsam." WC="0.98" CC="0660"/>
						<HYP HPOS="4821" VPOS="171" WIDTH="22" CONTENT="-"/>
					</TextLine>
					<TextLine ID="P4_TL00186" HPOS="3336" VPOS="240" WIDTH="1507" HEIGHT="61">
						<String ID="P4_ST01375" HPOS="3336" VPOS="256" WIDTH="126" HEIGHT="32" CONTENT="sam." SUBS_TYPE="HypPart2" SUBS_CONTENT="seltsam." WC="0.97" CC="9003"/>
						<SP ID="P4_SP01183" HPOS="3462" VPOS="288" WIDTH="76"/>
						<String ID="P4_ST01376" HPOS="3538" VPOS="240" WIDTH="81" HEIGHT="50" CONTENT="Sie" WC="1.00" CC="000"/>
						<SP ID="P4_SP01184" HPOS="3619" VPOS="290" WIDTH="50"/>
						<String ID="P4_ST01377" HPOS="3669" VPOS="241" WIDTH="152" HEIGHT="48" CONTENT="hebte" WC="0.98" CC="27500"/>
						<SP ID="P4_SP01185" HPOS="3821" VPOS="290" WIDTH="44"/>
						<String ID="P4_ST01378" HPOS="3865" VPOS="241" WIDTH="92" HEIGHT="47" CONTENT="das" WC="0.95" CC="940"/>
						<SP ID="P4_SP01186" HPOS="3957" VPOS="290" WIDTH="49"/>
						<String ID="P4_ST01379" HPOS="4006" VPOS="240" WIDTH="213" HEIGHT="61" CONTENT="Schöne," WC="0.99" CC="0704603"/>
						<SP ID="P4_SP01187" HPOS="4219" VPOS="301" WIDTH="49"/>
						<String ID="P4_ST01380" HPOS="4268" VPOS="240" WIDTH="147" HEIGHT="48" CONTENT="liebte" WC="0.98" CC="309605"/>
						<SP ID="P4_SP01188" HPOS="4415" VPOS="301" WIDTH="50"/>
						<String ID="P4_ST01381" HPOS="4465" VPOS="240" WIDTH="189" HEIGHT="49" CONTENT="schöne" WC="0.98" CC="009048"/>
						<SP ID="P4_SP01189" HPOS="4654" VPOS="301" WIDTH="46"/>
						<String ID="P4_ST01382" HPOS="4700" VPOS="242" WIDTH="108" HEIGHT="46" CONTENT="Men" SUBS_TYPE="HypPart1" SUBS_CONTENT="Menschen" WC="0.97" CC="228"/>
						<HYP HPOS="4808" VPOS="242" WIDTH="35" CONTENT="-"/>
					</TextLine>
					<TextLine ID="P4_TL00187" HPOS="3339" VPOS="309" WIDTH="1504" HEIGHT="68">
						<String ID="P4_ST01383" HPOS="3339" VPOS="311" WIDTH="153" HEIGHT="47" CONTENT="schen" SUBS_TYPE="HypPart2" SUBS_CONTENT="Menschen" WC="0.99" CC="06000"/>
						<SP ID="P4_SP01190" HPOS="3492" VPOS="358" WIDTH="37"/>
						<String ID="P4_ST01384" HPOS="3529" VPOS="312" WIDTH="104" HEIGHT="46" CONTENT="und" WC="0.95" CC="480"/>
						<SP ID="P4_SP01191" HPOS="3633" VPOS="358" WIDTH="39"/>
						<String ID="P4_ST01385" HPOS="3672" VPOS="309" WIDTH="170" HEIGHT="50" CONTENT="wollte" WC="0.98" CC="070707"/>
						<SP ID="P4_SP01192" HPOS="3842" VPOS="359" WIDTH="34"/>
						<String ID="P4_ST01386" HPOS="3876" VPOS="326" WIDTH="125" HEIGHT="51" CONTENT="gern" WC="0.96" CC="7045"/>
						<SP ID="P4_SP01193" HPOS="4001" VPOS="377" WIDTH="39"/>
						<String ID="P4_ST01387" HPOS="4040" VPOS="310" WIDTH="156" HEIGHT="49" CONTENT="schön" WC="0.97" CC="07605"/>
						<SP ID="P4_SP01194" HPOS="4196" VPOS="377" WIDTH="39"/>
						<String ID="P4_ST01388" HPOS="4235" VPOS="313" WIDTH="122" HEIGHT="47" CONTENT="sein." WC="0.98" CC="05034"/>
						<SP ID="P4_SP01195" HPOS="4357" VPOS="377" WIDTH="68"/>
						<String ID="P4_ST01389" HPOS="4425" VPOS="311" WIDTH="80" HEIGHT="47" CONTENT="Sie" WC="0.97" CC="007"/>
						<SP ID="P4_SP01196" HPOS="4505" VPOS="377" WIDTH="38"/>
						<String ID="P4_ST01390" HPOS="4543" VPOS="311" WIDTH="178" HEIGHT="60" CONTENT="sprach" WC="0.99" CC="030005"/>
						<SP ID="P4_SP01197" HPOS="4721" VPOS="377" WIDTH="38"/>
						<String ID="P4_ST01391" HPOS="4759" VPOS="326" WIDTH="56" HEIGHT="46" CONTENT="ge" SUBS_TYPE="HypPart1" SUBS_CONTENT="gewählte" WC="0.93" CC="77"/>
						<HYP HPOS="4815" VPOS="326" WIDTH="28" CONTENT="-"/>
					</TextLine>
					<TextLine ID="P4_TL00188" HPOS="3339" VPOS="379" WIDTH="1502" HEIGHT="62">
						<String ID="P4_ST01392" HPOS="3339" VPOS="379" WIDTH="184" HEIGHT="52" CONTENT="wählte" SUBS_TYPE="HypPart2" SUBS_CONTENT="gewählte" WC="0.99" CC="080510"/>
						<SP ID="P4_SP01198" HPOS="3523" VPOS="431" WIDTH="38"/>
						<String ID="P4_ST01393" HPOS="3561" VPOS="382" WIDTH="175" HEIGHT="47" CONTENT="Worte" WC="0.98" CC="60007"/>
						<SP ID="P4_SP01199" HPOS="3736" VPOS="431" WIDTH="35"/>
						<String ID="P4_ST01394" HPOS="3771" VPOS="382" WIDTH="104" HEIGHT="47" CONTENT="und" WC="0.96" CC="720"/>
						<SP ID="P4_SP01200" HPOS="3875" VPOS="431" WIDTH="37"/>
						<String ID="P4_ST01395" HPOS="3912" VPOS="380" WIDTH="135" HEIGHT="49" CONTENT="hätte" WC="0.99" CC="50005"/>
						<SP ID="P4_SP01201" HPOS="4047" VPOS="431" WIDTH="34"/>
						<String ID="P4_ST01396" HPOS="4081" VPOS="381" WIDTH="94" HEIGHT="48" CONTENT="das" WC="1.00" CC="000"/>
						<SP ID="P4_SP01202" HPOS="4175" VPOS="431" WIDTH="37"/>
						<String ID="P4_ST01397" HPOS="4212" VPOS="380" WIDTH="159" HEIGHT="49" CONTENT="schon" WC="0.97" CC="07435"/>
						<SP ID="P4_SP01203" HPOS="4371" VPOS="431" WIDTH="36"/>
						<String ID="P4_ST01398" HPOS="4407" VPOS="395" WIDTH="85" HEIGHT="33" CONTENT="um" WC="0.63" CC="70"/>
						<SP ID="P4_SP01204" HPOS="4492" VPOS="431" WIDTH="36"/>
						<String ID="P4_ST01399" HPOS="4528" VPOS="380" WIDTH="89" HEIGHT="48" CONTENT="der" WC="0.96" CC="090"/>
						<SP ID="P4_SP01205" HPOS="4617" VPOS="431" WIDTH="37"/>
						<String ID="P4_ST01400" HPOS="4654" VPOS="382" WIDTH="187" HEIGHT="59" CONTENT="Lippen" WC="0.99" CC="102360"/>
					</TextLine>
					<TextLine ID="P4_TL00189" HPOS="3338" VPOS="449" WIDTH="1505" HEIGHT="64">
						<String ID="P4_ST01401" HPOS="3338" VPOS="449" WIDTH="168" HEIGHT="50" CONTENT="willen" WC="0.98" CC="016906"/>
						<SP ID="P4_SP01206" HPOS="3506" VPOS="499" WIDTH="37"/>
						<String ID="P4_ST01402" HPOS="3543" VPOS="453" WIDTH="177" HEIGHT="59" CONTENT="getan;" WC="1.00" CC="000030"/>
						<SP ID="P4_SP01207" HPOS="3720" VPOS="512" WIDTH="40"/>
						<String ID="P4_ST01403" HPOS="3760" VPOS="452" WIDTH="183" HEIGHT="47" CONTENT="andere" WC="0.98" CC="000727"/>
						<SP ID="P4_SP01208" HPOS="3943" VPOS="512" WIDTH="38"/>
						<String ID="P4_ST01404" HPOS="3981" VPOS="451" WIDTH="170" HEIGHT="51" CONTENT="hätten" WC="0.98" CC="900663"/>
						<SP ID="P4_SP01209" HPOS="4151" VPOS="512" WIDTH="38"/>
						<String ID="P4_ST01405" HPOS="4189" VPOS="452" WIDTH="71" HEIGHT="47" CONTENT="sie" WC="0.96" CC="037"/>
						<SP ID="P4_SP01210" HPOS="4260" VPOS="512" WIDTH="37"/>
						<String ID="P4_ST01406" HPOS="4297" VPOS="451" WIDTH="214" HEIGHT="62" CONTENT="geekelt," WC="0.99" CC="90300103"/>
						<SP ID="P4_SP01211" HPOS="4511" VPOS="513" WIDTH="38"/>
						<String ID="P4_ST01407" HPOS="4549" VPOS="450" WIDTH="131" HEIGHT="48" CONTENT="doCh" WC="0.94" CC="0002"/>
						<SP ID="P4_SP01212" HPOS="4680" VPOS="513" WIDTH="37"/>
						<String ID="P4_ST01408" HPOS="4717" VPOS="451" WIDTH="126" HEIGHT="47" CONTENT="auch" WC="0.97" CC="0346"/>
					</TextLine>
					<TextLine ID="P4_TL00190" HPOS="3339" VPOS="520" WIDTH="1504" HEIGHT="61">
						<String ID="P4_ST01409" HPOS="3339" VPOS="535" WIDTH="61" HEIGHT="33" CONTENT="so" WC="1.00" CC="00"/>
						<SP ID="P4_SP01213" HPOS="3400" VPOS="568" WIDTH="46"/>
						<String ID="P4_ST01410" HPOS="3446" VPOS="520" WIDTH="242" HEIGHT="61" CONTENT="empfand" WC="0.99" CC="7072000"/>
						<SP ID="P4_SP01214" HPOS="3688" VPOS="581" WIDTH="45"/>
						<String ID="P4_ST01411" HPOS="3733" VPOS="523" WIDTH="77" HEIGHT="45" CONTENT="sie" WC="0.98" CC="302"/>
						<SP ID="P4_SP01215" HPOS="3810" VPOS="581" WIDTH="44"/>
						<String ID="P4_ST01412" HPOS="3854" VPOS="522" WIDTH="103" HEIGHT="46" CONTENT="sich" WC="0.97" CC="8070"/>
						<SP ID="P4_SP01216" HPOS="3957" VPOS="581" WIDTH="46"/>
						<String ID="P4_ST01413" HPOS="4003" VPOS="521" WIDTH="135" HEIGHT="48" CONTENT="nicht" WC="0.97" CC="63604"/>
						<SP ID="P4_SP01217" HPOS="4138" VPOS="581" WIDTH="45"/>
						<String ID="P4_ST01414" HPOS="4183" VPOS="521" WIDTH="77" HEIGHT="47" CONTENT="al!s" WC="0.74" CC="0540"/>
						<SP ID="P4_SP01218" HPOS="4260" VPOS="581" WIDTH="44"/>
						<String ID="P4_ST01415" HPOS="4304" VPOS="520" WIDTH="203" HEIGHT="50" CONTENT="ehrlich." WC="0.98" CC="70065644"/>
						<SP ID="P4_SP01219" HPOS="4507" VPOS="581" WIDTH="75"/>
						<String ID="P4_ST01416" HPOS="4582" VPOS="520" WIDTH="79" HEIGHT="50" CONTENT="Sie" WC="0.98" CC="050"/>
						<SP ID="P4_SP01220" HPOS="4661" VPOS="581" WIDTH="47"/>
						<String ID="P4_ST01417" HPOS="4708" VPOS="521" WIDTH="135" HEIGHT="47" CONTENT="mied" WC="0.95" CC="7770"/>
					</TextLine>
					<TextLine ID="P4_TL00191" HPOS="3337" VPOS="588" WIDTH="1506" HEIGHT="63">
						<String ID="P4_ST01418" HPOS="3337" VPOS="588" WIDTH="99" HEIGHT="51" CONTENT="alle" WC="0.99" CC="0400"/>
						<SP ID="P4_SP01221" HPOS="3436" VPOS="639" WIDTH="39"/>
						<String ID="P4_ST01419" HPOS="3475" VPOS="590" WIDTH="213" HEIGHT="61" CONTENT="Jähheit," WC="0.98" CC="49057204"/>
						<SP ID="P4_SP01222" HPOS="3688" VPOS="651" WIDTH="42"/>
						<String ID="P4_ST01420" HPOS="3730" VPOS="590" WIDTH="92" HEIGHT="48" CONTENT="alle" WC="0.98" CC="0250"/>
						<SP ID="P4_SP01223" HPOS="3822" VPOS="651" WIDTH="38"/>
						<String ID="P4_ST01421" HPOS="3860" VPOS="590" WIDTH="240" HEIGHT="48" CONTENT="Schärfen" WC="0.99" CC="00000073"/>
						<SP ID="P4_SP01224" HPOS="4100" VPOS="651" WIDTH="41"/>
						<String ID="P4_ST01422" HPOS="4141" VPOS="592" WIDTH="88" HEIGHT="47" CONTENT="des" WC="0.97" CC="070"/>
						<SP ID="P4_SP01225" HPOS="4229" VPOS="651" WIDTH="40"/>
						<String ID="P4_ST01423" HPOS="4269" VPOS="590" WIDTH="309" HEIGHT="60" CONTENT="Ausdrucks," WC="0.99" CC="4000249803"/>
						<SP ID="P4_SP01226" HPOS="4578" VPOS="651" WIDTH="39"/>
						<String ID="P4_ST01424" HPOS="4617" VPOS="591" WIDTH="116" HEIGHT="47" CONTENT="weil" WC="0.99" CC="0004"/>
						<SP ID="P4_SP01227" HPOS="4733" VPOS="651" WIDTH="38"/>
						<String ID="P4_ST01425" HPOS="4771" VPOS="592" WIDTH="72" HEIGHT="46" CONTENT="sie" WC="0.96" CC="037"/>
					</TextLine>
					<TextLine ID="P4_TL00192" HPOS="3337" VPOS="658" WIDTH="1506" HEIGHT="64">
						<String ID="P4_ST01426" HPOS="3337" VPOS="661" WIDTH="106" HEIGHT="48" CONTENT="sich" WC="0.95" CC="5593"/>
						<SP ID="P4_SP01228" HPOS="3443" VPOS="709" WIDTH="31"/>
						<String ID="P4_ST01427" HPOS="3474" VPOS="658" WIDTH="75" HEIGHT="50" CONTENT="als" WC="0.95" CC="580"/>
						<SP ID="P4_SP01229" HPOS="3549" VPOS="709" WIDTH="29"/>
						<String ID="P4_ST01428" HPOS="3578" VPOS="662" WIDTH="78" HEIGHT="46" CONTENT="ein" WC="0.96" CC="530"/>
						<SP ID="P4_SP01230" HPOS="3656" VPOS="709" WIDTH="29"/>
						<String ID="P4_ST01429" HPOS="3685" VPOS="660" WIDTH="293" HEIGHT="48" CONTENT="Schrecknis" WC="0.99" CC="0250070412"/>
						<SP ID="P4_SP01231" HPOS="3978" VPOS="709" WIDTH="29"/>
						<String ID="P4_ST01430" HPOS="4007" VPOS="660" WIDTH="174" HEIGHT="49" CONTENT="fühlte." WC="0.99" CC="8008003"/>
						<SP ID="P4_SP01232" HPOS="4181" VPOS="709" WIDTH="59"/>
						<String ID="P4_ST01431" HPOS="4240" VPOS="661" WIDTH="128" HEIGHT="50" CONTENT="Weil" WC="0.96" CC="6706"/>
						<SP ID="P4_SP01233" HPOS="4368" VPOS="711" WIDTH="31"/>
						<String ID="P4_ST01432" HPOS="4399" VPOS="665" WIDTH="72" HEIGHT="46" CONTENT="sie" WC="0.97" CC="007"/>
						<SP ID="P4_SP01234" HPOS="4471" VPOS="711" WIDTH="29"/>
						<String ID="P4_ST01433" HPOS="4500" VPOS="661" WIDTH="165" HEIGHT="61" CONTENT="Angst" WC="0.99" CC="00900"/>
						<SP ID="P4_SP01235" HPOS="4665" VPOS="722" WIDTH="26"/>
						<String ID="P4_ST01434" HPOS="4691" VPOS="660" WIDTH="152" HEIGHT="61" CONTENT="hatte," WC="0.99" CC="600004"/>
					</TextLine>
					<TextLine ID="P4_TL00193" HPOS="3336" VPOS="728" WIDTH="1510" HEIGHT="63">
						<String ID="P4_ST01435" HPOS="3336" VPOS="731" WIDTH="93" HEIGHT="47" CONTENT="das" WC="1.00" CC="000"/>
						<SP ID="P4_SP01236" HPOS="3429" VPOS="778" WIDTH="35"/>
						<String ID="P4_ST01436" HPOS="3464" VPOS="728" WIDTH="166" HEIGHT="50" CONTENT="Stolze" WC="0.98" CC="072702"/>
						<SP ID="P4_SP01237" HPOS="3630" VPOS="778" WIDTH="33"/>
						<String ID="P4_ST01437" HPOS="3663" VPOS="731" WIDTH="105" HEIGHT="47" CONTENT="und" WC="0.98" CC="310"/>
						<SP ID="P4_SP01238" HPOS="3768" VPOS="778" WIDTH="32"/>
						<String ID="P4_ST01438" HPOS="3800" VPOS="731" WIDTH="223" HEIGHT="60" CONTENT="Geringe" WC="0.99" CC="6705000"/>
						<SP ID="P4_SP01239" HPOS="4023" VPOS="791" WIDTH="35"/>
						<String ID="P4_ST01439" HPOS="4058" VPOS="732" WIDTH="46" HEIGHT="46" CONTENT="in" WC="0.75" CC="05"/>
						<SP ID="P4_SP01240" HPOS="4104" VPOS="791" WIDTH="33"/>
						<String ID="P4_ST01440" HPOS="4137" VPOS="731" WIDTH="76" HEIGHT="47" CONTENT="ihr" WC="0.99" CC="201"/>
						<SP ID="P4_SP01241" HPOS="4213" VPOS="791" WIDTH="33"/>
						<String ID="P4_ST01441" HPOS="4246" VPOS="745" WIDTH="59" HEIGHT="33" CONTENT="zu" WC="0.97" CC="00"/>
						<SP ID="P4_SP01242" HPOS="4305" VPOS="791" WIDTH="30"/>
						<String ID="P4_ST01442" HPOS="4335" VPOS="734" WIDTH="243" HEIGHT="44" CONTENT="verraten." WC="0.99" CC="380540704"/>
						<SP ID="P4_SP01243" HPOS="4578" VPOS="791" WIDTH="50"/>
						<String ID="P4_ST01443" HPOS="4628" VPOS="731" WIDTH="80" HEIGHT="47" CONTENT="Ihr" WC="0.99" CC="200"/>
						<SP ID="P4_SP01244" HPOS="4708" VPOS="791" WIDTH="31"/>
						<String ID="P4_ST01444" HPOS="4739" VPOS="744" WIDTH="107" HEIGHT="34" CONTENT="war" WC="1.00" CC="000"/>
					</TextLine>
					<TextLine ID="P4_TL00194" HPOS="3341" VPOS="798" WIDTH="1503" HEIGHT="63">
						<String ID="P4_ST01445" HPOS="3341" VPOS="803" WIDTH="110" HEIGHT="45" CONTENT="eine" WC="0.96" CC="0467"/>
						<SP ID="P4_SP01245" HPOS="3451" VPOS="848" WIDTH="39"/>
						<String ID="P4_ST01446" HPOS="3490" VPOS="798" WIDTH="557" HEIGHT="52" CONTENT="Leidenschaftlichkeit" WC="1.00" CC="00007805026053670700"/>
						<SP ID="P4_SP01246" HPOS="4047" VPOS="850" WIDTH="34"/>
						<String ID="P4_ST01447" HPOS="4081" VPOS="800" WIDTH="310" HEIGHT="61" CONTENT="eingeboren" WC="0.99" CC="7160073608"/>
						<SP ID="P4_SP01247" HPOS="4391" VPOS="861" WIDTH="38"/>
						<String ID="P4_ST01448" HPOS="4429" VPOS="802" WIDTH="105" HEIGHT="47" CONTENT="und" WC="0.96" CC="450"/>
						<SP ID="P4_SP01248" HPOS="4534" VPOS="861" WIDTH="37"/>
						<String ID="P4_ST01449" HPOS="4571" VPOS="803" WIDTH="112" HEIGHT="50" CONTENT="eine" WC="0.95" CC="7057"/>
						<SP ID="P4_SP01249" HPOS="4683" VPOS="861" WIDTH="40"/>
						<String ID="P4_ST01450" HPOS="4723" VPOS="801" WIDTH="91" HEIGHT="48" CONTENT="Leb" SUBS_TYPE="HypPart1" SUBS_CONTENT="Lebhaftigkeit" WC="0.96" CC="069"/>
						<HYP HPOS="4814" VPOS="801" WIDTH="30" CONTENT="-"/>
					</TextLine>
					<TextLine ID="P4_TL00195" HPOS="3341" VPOS="870" WIDTH="1502" HEIGHT="63">
						<String ID="P4_ST01451" HPOS="3341" VPOS="870" WIDTH="267" HEIGHT="62" CONTENT="haftigkeit" SUBS_TYPE="HypPart2" SUBS_CONTENT="Lebhaftigkeit" WC="1.00" CC="1060000000"/>
						<SP ID="P4_SP01250" HPOS="3608" VPOS="932" WIDTH="20"/>
						<String ID="P4_ST01452" HPOS="3628" VPOS="871" WIDTH="91" HEIGHT="46" CONTENT="der" WC="0.97" CC="070"/>
						<SP ID="P4_SP01251" HPOS="3719" VPOS="932" WIDTH="26"/>
						<String ID="P4_ST01453" HPOS="3745" VPOS="870" WIDTH="273" HEIGHT="47" CONTENT="Phantasie" WC="0.99" CC="402301040"/>
						<SP ID="P4_SP01252" HPOS="4018" VPOS="932" WIDTH="24"/>
						<String ID="P4_ST01454" HPOS="4042" VPOS="870" WIDTH="195" HEIGHT="62" CONTENT="(rasche" WC="0.99" CC="0004037"/>
						<SP ID="P4_SP01253" HPOS="4237" VPOS="932" WIDTH="27"/>
						<String ID="P4_ST01455" HPOS="4264" VPOS="870" WIDTH="380" HEIGHT="63" CONTENT="Beobachtung," WC="0.99" CC="070059496702"/>
						<SP ID="P4_SP01254" HPOS="4644" VPOS="933" WIDTH="27"/>
						<String ID="P4_ST01456" HPOS="4671" VPOS="870" WIDTH="172" HEIGHT="49" CONTENT="rasche" WC="0.98" CC="040607"/>
					</TextLine>
					<TextLine ID="P4_TL00196" HPOS="3341" VPOS="940" WIDTH="1505" HEIGHT="62">
						<String ID="P4_ST01457" HPOS="3341" VPOS="940" WIDTH="342" HEIGHT="61" CONTENT="Assoziation)" WC="0.99" CC="000004194945"/>
						<SP ID="P4_SP01255" HPOS="3683" VPOS="1001" WIDTH="45"/>
						<String ID="P4_ST01458" HPOS="3728" VPOS="940" WIDTH="344" HEIGHT="61" CONTENT="mitgegeben," WC="0.99" CC="71006079084"/>
						<SP ID="P4_SP01256" HPOS="4072" VPOS="1001" WIDTH="46"/>
						<String ID="P4_ST01459" HPOS="4118" VPOS="940" WIDTH="102" HEIGHT="48" CONTENT="daß" WC="1.00" CC="000"/>
						<SP ID="P4_SP01257" HPOS="4220" VPOS="1001" WIDTH="47"/>
						<String ID="P4_ST01460" HPOS="4267" VPOS="940" WIDTH="103" HEIGHT="49" CONTENT="sidh" WC="0.73" CC="0460"/>
						<SP ID="P4_SP01258" HPOS="4370" VPOS="1001" WIDTH="48"/>
						<String ID="P4_ST01461" HPOS="4418" VPOS="940" WIDTH="75" HEIGHT="50" CONTENT="ihr" WC="0.98" CC="050"/>
						<SP ID="P4_SP01259" HPOS="4493" VPOS="1001" WIDTH="41"/>
						<String ID="P4_ST01462" HPOS="4534" VPOS="942" WIDTH="114" HEIGHT="60" CONTENT="jede" WC="0.96" CC="3707"/>
						<SP ID="P4_SP01260" HPOS="4648" VPOS="1002" WIDTH="48"/>
						<String ID="P4_ST01463" HPOS="4696" VPOS="943" WIDTH="113" HEIGHT="59" CONTENT="Emp" SUBS_TYPE="HypPart1" SUBS_CONTENT="Empfindung" WC="0.96" CC="624"/>
						<HYP HPOS="4809" VPOS="943" WIDTH="37" CONTENT="-"/>
					</TextLine>
					<TextLine ID="P4_TL00197" HPOS="3340" VPOS="1008" WIDTH="1508" HEIGHT="63">
						<String ID="P4_ST01464" HPOS="3340" VPOS="1010" WIDTH="218" HEIGHT="61" CONTENT="findung" SUBS_TYPE="HypPart2" SUBS_CONTENT="Empfindung" WC="0.98" CC="6600480"/>
						<SP ID="P4_SP01261" HPOS="3558" VPOS="1071" WIDTH="47"/>
						<String ID="P4_ST01465" HPOS="3605" VPOS="1008" WIDTH="224" HEIGHT="50" CONTENT="deutlich" WC="0.98" CC="00707149"/>
						<SP ID="P4_SP01262" HPOS="3829" VPOS="1071" WIDTH="55"/>
						<String ID="P4_ST01466" HPOS="3884" VPOS="1010" WIDTH="280" HEIGHT="61" CONTENT="aufprägte," WC="1.00" CC="0430000003"/>
						<SP ID="P4_SP01263" HPOS="4164" VPOS="1071" WIDTH="53"/>
						<String ID="P4_ST01467" HPOS="4217" VPOS="1010" WIDTH="74" HEIGHT="47" CONTENT="als" WC="0.98" CC="040"/>
						<SP ID="P4_SP01264" HPOS="4291" VPOS="1071" WIDTH="50"/>
						<String ID="P4_ST01468" HPOS="4341" VPOS="1012" WIDTH="78" HEIGHT="47" CONTENT="sei" WC="0.93" CC="467"/>
						<SP ID="P4_SP01265" HPOS="4419" VPOS="1071" WIDTH="50"/>
						<String ID="P4_ST01469" HPOS="4469" VPOS="1014" WIDTH="70" HEIGHT="46" CONTENT="sie" WC="0.95" CC="049"/>
						<SP ID="P4_SP01266" HPOS="4539" VPOS="1071" WIDTH="53"/>
						<String ID="P4_ST01470" HPOS="4592" VPOS="1011" WIDTH="80" HEIGHT="49" CONTENT="die" WC="1.00" CC="000"/>
						<SP ID="P4_SP01267" HPOS="4672" VPOS="1071" WIDTH="53"/>
						<String ID="P4_ST01471" HPOS="4725" VPOS="1012" WIDTH="93" HEIGHT="47" CONTENT="Ver" SUBS_TYPE="HypPart1" SUBS_CONTENT="Verkörperung" WC="0.98" CC="070"/>
						<HYP HPOS="4818" VPOS="1012" WIDTH="30" CONTENT="-"/>
					</TextLine>
					<TextLine ID="P4_TL00198" HPOS="3338" VPOS="1079" WIDTH="1506" HEIGHT="63">
						<String ID="P4_ST01472" HPOS="3338" VPOS="1081" WIDTH="292" HEIGHT="61" CONTENT="körperung" SUBS_TYPE="HypPart2" SUBS_CONTENT="Verkörperung" WC="1.00" CC="000003330"/>
						<SP ID="P4_SP01268" HPOS="3630" VPOS="1142" WIDTH="64"/>
						<String ID="P4_ST01473" HPOS="3694" VPOS="1081" WIDTH="166" HEIGHT="47" CONTENT="dieses" WC="0.99" CC="007000"/>
						<SP ID="P4_SP01269" HPOS="3860" VPOS="1142" WIDTH="66"/>
						<String ID="P4_ST01474" HPOS="3926" VPOS="1080" WIDTH="309" HEIGHT="60" CONTENT="Ausdrucks," WC="0.99" CC="0700045004"/>
						<SP ID="P4_SP01270" HPOS="4235" VPOS="1142" WIDTH="67"/>
						<String ID="P4_ST01475" HPOS="4302" VPOS="1079" WIDTH="180" HEIGHT="61" CONTENT="sofort," WC="0.99" CC="0209004"/>
						<SP ID="P4_SP01271" HPOS="4482" VPOS="1142" WIDTH="63"/>
						<String ID="P4_ST01476" HPOS="4545" VPOS="1092" WIDTH="134" HEIGHT="50" CONTENT="ganz" WC="0.97" CC="0077"/>
						<SP ID="P4_SP01272" HPOS="4679" VPOS="1142" WIDTH="59"/>
						<String ID="P4_ST01477" HPOS="4738" VPOS="1082" WIDTH="106" HEIGHT="49" CONTENT="und" WC="0.94" CC="860"/>
					</TextLine>
					<TextLine ID="P4_TL00199" HPOS="3337" VPOS="1149" WIDTH="1506" HEIGHT="62">
						<String ID="P4_ST01478" HPOS="3337" VPOS="1150" WIDTH="192" HEIGHT="48" CONTENT="schnell" WC="0.98" CC="2605019"/>
						<SP ID="P4_SP01273" HPOS="3529" VPOS="1198" WIDTH="41"/>
						<String ID="P4_ST01479" HPOS="3570" VPOS="1150" WIDTH="306" HEIGHT="48" CONTENT="wechselnd." WC="0.99" CC="0774036003"/>
						<SP ID="P4_SP01274" HPOS="3876" VPOS="1198" WIDTH="73"/>
						<String ID="P4_ST01480" HPOS="3949" VPOS="1149" WIDTH="68" HEIGHT="49" CONTENT="So" WC="1.00" CC="00"/>
						<SP ID="P4_SP01275" HPOS="4017" VPOS="1198" WIDTH="42"/>
						<String ID="P4_ST01481" HPOS="4059" VPOS="1164" WIDTH="184" HEIGHT="47" CONTENT="zwang" WC="0.97" CC="60650"/>
						<SP ID="P4_SP01276" HPOS="4243" VPOS="1211" WIDTH="42"/>
						<String ID="P4_ST01482" HPOS="4285" VPOS="1153" WIDTH="72" HEIGHT="45" CONTENT="sie" WC="0.98" CC="021"/>
						<SP ID="P4_SP01277" HPOS="4357" VPOS="1211" WIDTH="41"/>
						<String ID="P4_ST01483" HPOS="4398" VPOS="1151" WIDTH="86" HEIGHT="47" CONTENT="die" WC="0.94" CC="439"/>
						<SP ID="P4_SP01278" HPOS="4484" VPOS="1211" WIDTH="43"/>
						<String ID="P4_ST01484" HPOS="4527" VPOS="1151" WIDTH="214" HEIGHT="60" CONTENT="Dezenz," WC="0.99" CC="0900004"/>
						<SP ID="P4_SP01279" HPOS="4741" VPOS="1211" WIDTH="44"/>
						<String ID="P4_ST01485" HPOS="4785" VPOS="1166" WIDTH="58" HEIGHT="33" CONTENT="so" WC="0.50" CC="09"/>
					</TextLine>
					<TextLine ID="P4_TL00200" HPOS="3340" VPOS="1220" WIDTH="1505" HEIGHT="60">
						<String ID="P4_ST01486" HPOS="3340" VPOS="1222" WIDTH="49" HEIGHT="46" CONTENT="in" WC="0.60" CC="16"/>
						<SP ID="P4_SP01280" HPOS="3389" VPOS="1268" WIDTH="48"/>
						<String ID="P4_ST01487" HPOS="3437" VPOS="1220" WIDTH="340" HEIGHT="49" CONTENT="Gesellschaft" WC="0.99" CC="500019009200"/>
						<SP ID="P4_SP01281" HPOS="3777" VPOS="1269" WIDTH="44"/>
						<String ID="P4_ST01488" HPOS="3821" VPOS="1220" WIDTH="151" HEIGHT="49" CONTENT="allein" WC="0.98" CC="045705"/>
						<SP ID="P4_SP01282" HPOS="3972" VPOS="1269" WIDTH="46"/>
						<String ID="P4_ST01489" HPOS="4018" VPOS="1236" WIDTH="62" HEIGHT="32" CONTENT="zu" WC="0.77" CC="03"/>
						<SP ID="P4_SP01283" HPOS="4080" VPOS="1269" WIDTH="48"/>
						<String ID="P4_ST01490" HPOS="4128" VPOS="1222" WIDTH="123" HEIGHT="58" CONTENT="sein," WC="0.99" CC="02014"/>
						<SP ID="P4_SP01284" HPOS="4251" VPOS="1280" WIDTH="47"/>
						<String ID="P4_ST01491" HPOS="4298" VPOS="1220" WIDTH="101" HEIGHT="49" CONTENT="daß" WC="1.00" CC="000"/>
						<SP ID="P4_SP01285" HPOS="4399" VPOS="1280" WIDTH="50"/>
						<String ID="P4_ST01492" HPOS="4449" VPOS="1224" WIDTH="75" HEIGHT="46" CONTENT="sie" WC="0.97" CC="008"/>
						<SP ID="P4_SP01286" HPOS="4524" VPOS="1280" WIDTH="41"/>
						<String ID="P4_ST01493" HPOS="4565" VPOS="1220" WIDTH="82" HEIGHT="48" CONTENT="für" WC="0.98" CC="600"/>
						<SP ID="P4_SP01287" HPOS="4647" VPOS="1280" WIDTH="45"/>
						<String ID="P4_ST01494" HPOS="4692" VPOS="1220" WIDTH="123" HEIGHT="49" CONTENT="hoch" SUBS_TYPE="HypPart1" SUBS_CONTENT="hochmütig" WC="0.99" CC="0060"/>
						<HYP HPOS="4815" VPOS="1220" WIDTH="30" CONTENT="-"/>
					</TextLine>
					<TextLine ID="P4_TL00201" HPOS="3337" VPOS="1289" WIDTH="1506" HEIGHT="63">
						<String ID="P4_ST01495" HPOS="3337" VPOS="1292" WIDTH="165" HEIGHT="59" CONTENT="mütig" SUBS_TYPE="HypPart2" SUBS_CONTENT="hochmütig" WC="0.99" CC="00050"/>
						<SP ID="P4_SP01288" HPOS="3502" VPOS="1351" WIDTH="24"/>
						<String ID="P4_ST01496" HPOS="3526" VPOS="1289" WIDTH="169" HEIGHT="63" CONTENT="gelten" WC="0.99" CC="003073"/>
						<SP ID="P4_SP01289" HPOS="3695" VPOS="1352" WIDTH="27"/>
						<String ID="P4_ST01497" HPOS="3722" VPOS="1292" WIDTH="204" HEIGHT="59" CONTENT="konnte," WC="0.98" CC="0677004"/>
						<SP ID="P4_SP01290" HPOS="3926" VPOS="1352" WIDTH="26"/>
						<String ID="P4_ST01498" HPOS="3952" VPOS="1305" WIDTH="61" HEIGHT="33" CONTENT="so" WC="0.75" CC="04"/>
						<SP ID="P4_SP01291" HPOS="4013" VPOS="1352" WIDTH="28"/>
						<String ID="P4_ST01499" HPOS="4041" VPOS="1290" WIDTH="162" HEIGHT="48" CONTENT="fühlte" WC="0.99" CC="400008"/>
						<SP ID="P4_SP01292" HPOS="4203" VPOS="1352" WIDTH="22"/>
						<String ID="P4_ST01500" HPOS="4225" VPOS="1292" WIDTH="77" HEIGHT="46" CONTENT="sie" WC="0.96" CC="900"/>
						<SP ID="P4_SP01293" HPOS="4302" VPOS="1352" WIDTH="24"/>
						<String ID="P4_ST01501" HPOS="4326" VPOS="1290" WIDTH="104" HEIGHT="48" CONTENT="sidh" WC="0.74" CC="0090"/>
						<SP ID="P4_SP01294" HPOS="4430" VPOS="1352" WIDTH="26"/>
						<String ID="P4_ST01502" HPOS="4456" VPOS="1294" WIDTH="210" HEIGHT="57" CONTENT="einsam," WC="1.00" CC="0050001"/>
						<SP ID="P4_SP01295" HPOS="4666" VPOS="1352" WIDTH="27"/>
						<String ID="P4_ST01503" HPOS="4693" VPOS="1304" WIDTH="150" HEIGHT="34" CONTENT="wenn" WC="0.98" CC="0116"/>
					</TextLine>
					<TextLine ID="P4_TL00202" HPOS="3337" VPOS="1358" WIDTH="1508" HEIGHT="53">
						<String ID="P4_ST01504" HPOS="3337" VPOS="1363" WIDTH="75" HEIGHT="44" CONTENT="sie" WC="0.97" CC="026"/>
						<SP ID="P4_SP01296" HPOS="3412" VPOS="1407" WIDTH="34"/>
						<String ID="P4_ST01505" HPOS="3446" VPOS="1358" WIDTH="151" HEIGHT="49" CONTENT="allein" WC="0.97" CC="049737"/>
						<SP ID="P4_SP01297" HPOS="3597" VPOS="1407" WIDTH="36"/>
						<String ID="P4_ST01506" HPOS="3633" VPOS="1376" WIDTH="119" HEIGHT="33" CONTENT="war." WC="0.99" CC="0004"/>
						<SP ID="P4_SP01298" HPOS="3752" VPOS="1409" WIDTH="65"/>
						<String ID="P4_ST01507" HPOS="3817" VPOS="1362" WIDTH="97" HEIGHT="45" CONTENT="Mit" WC="0.97" CC="043"/>
						<SP ID="P4_SP01299" HPOS="3914" VPOS="1409" WIDTH="33"/>
						<String ID="P4_ST01508" HPOS="3947" VPOS="1362" WIDTH="92" HEIGHT="46" CONTENT="der" WC="0.96" CC="900"/>
						<SP ID="P4_SP01300" HPOS="4039" VPOS="1409" WIDTH="36"/>
						<String ID="P4_ST01509" HPOS="4075" VPOS="1360" WIDTH="129" HEIGHT="48" CONTENT="alten" WC="0.98" CC="04025"/>
						<SP ID="P4_SP01301" HPOS="4204" VPOS="1409" WIDTH="39"/>
						<String ID="P4_ST01510" HPOS="4243" VPOS="1360" WIDTH="467" HEIGHT="51" CONTENT="Kindersehnsucht" WC="0.99" CC="224070075400790"/>
						<SP ID="P4_SP01302" HPOS="4710" VPOS="1411" WIDTH="30"/>
						<String ID="P4_ST01511" HPOS="4740" VPOS="1361" WIDTH="105" HEIGHT="47" CONTENT="und" WC="0.95" CC="570"/>
					</TextLine>
					<TextLine ID="P4_TL00203" HPOS="3340" VPOS="1430" WIDTH="1506" HEIGHT="49">
						<String ID="P4_ST01512" HPOS="3340" VPOS="1430" WIDTH="113" HEIGHT="47" CONTENT="dem" WC="1.00" CC="000"/>
						<SP ID="P4_SP01303" HPOS="3453" VPOS="1477" WIDTH="41"/>
						<String ID="P4_ST01513" HPOS="3494" VPOS="1430" WIDTH="226" HEIGHT="48" CONTENT="Wunsdh" WC="0.61" CC="078070"/>
						<SP ID="P4_SP01304" HPOS="3720" VPOS="1478" WIDTH="40"/>
						<String ID="P4_ST01514" HPOS="3760" VPOS="1430" WIDTH="127" HEIGHT="49" CONTENT="nach" WC="0.99" CC="0060"/>
						<SP ID="P4_SP01305" HPOS="3887" VPOS="1479" WIDTH="41"/>
						<String ID="P4_ST01515" HPOS="3928" VPOS="1431" WIDTH="157" HEIGHT="48" CONTENT="ihrem" WC="0.99" CC="00070"/>
						<SP ID="P4_SP01306" HPOS="4085" VPOS="1479" WIDTH="44"/>
						<String ID="P4_ST01516" HPOS="4129" VPOS="1430" WIDTH="443" HEIGHT="49" CONTENT="Frauenschicksal" WC="1.00" CC="600454030070003"/>
						<String ID="P4_ST01517" HPOS="4572" VPOS="1430" WIDTH="3" HEIGHT="49" CONTENT="1" STYLE="superscript" WC="0.57" CC="4"/>
						<SP ID="P4_SP01307" HPOS="4575" VPOS="1479" WIDTH="36"/>
						<String ID="P4_ST01518" HPOS="4611" VPOS="1430" WIDTH="104" HEIGHT="48" CONTENT="und" WC="0.97" CC="520"/>
						<SP ID="P4_SP01308" HPOS="4715" VPOS="1479" WIDTH="39"/>
						<String ID="P4_ST01519" HPOS="4754" VPOS="1431" WIDTH="92" HEIGHT="48" CONTENT="mit" WC="0.97" CC="710"/>
					</TextLine>
					<TextLine ID="P4_TL00204" HPOS="3341" VPOS="1499" WIDTH="1503" HEIGHT="63">
						<String ID="P4_ST01520" HPOS="3341" VPOS="1500" WIDTH="155" HEIGHT="47" CONTENT="ihrem" WC="0.99" CC="00070"/>
						<SP ID="P4_SP01309" HPOS="3496" VPOS="1547" WIDTH="28"/>
						<String ID="P4_ST01521" HPOS="3524" VPOS="1499" WIDTH="298" HEIGHT="50" CONTENT="weiblichen" WC="0.99" CC="0805950335"/>
						<SP ID="P4_SP01310" HPOS="3822" VPOS="1549" WIDTH="29"/>
						<String ID="P4_ST01522" HPOS="3851" VPOS="1499" WIDTH="207" HEIGHT="62" CONTENT="Fühlen," WC="0.99" CC="5004014"/>
						<SP ID="P4_SP01311" HPOS="4058" VPOS="1561" WIDTH="23"/>
						<String ID="P4_ST01523" HPOS="4081" VPOS="1515" WIDTH="94" HEIGHT="33" CONTENT="aus" WC="0.99" CC="030"/>
						<SP ID="P4_SP01312" HPOS="4175" VPOS="1561" WIDTH="27"/>
						<String ID="P4_ST01524" HPOS="4202" VPOS="1501" WIDTH="114" HEIGHT="46" CONTENT="dem" WC="0.97" CC="070"/>
						<SP ID="P4_SP01313" HPOS="4316" VPOS="1561" WIDTH="24"/>
						<String ID="P4_ST01525" HPOS="4340" VPOS="1500" WIDTH="185" HEIGHT="51" CONTENT="heraus" WC="0.98" CC="970070"/>
						<SP ID="P4_SP01314" HPOS="4525" VPOS="1561" WIDTH="27"/>
						<String ID="P4_ST01526" HPOS="4552" VPOS="1504" WIDTH="73" HEIGHT="46" CONTENT="sie" WC="0.97" CC="017"/>
						<SP ID="P4_SP01315" HPOS="4625" VPOS="1561" WIDTH="24"/>
						<String ID="P4_ST01527" HPOS="4649" VPOS="1501" WIDTH="195" HEIGHT="61" CONTENT="dachte," WC="0.99" CC="0014072"/>
					</TextLine>
					<TextLine ID="P4_TL00205" HPOS="3338" VPOS="1568" WIDTH="1506" HEIGHT="64">
						<String ID="P4_ST01528" HPOS="3338" VPOS="1569" WIDTH="201" HEIGHT="47" CONTENT="denken" WC="0.98" CC="003075"/>
						<SP ID="P4_SP01316" HPOS="3539" VPOS="1616" WIDTH="35"/>
						<String ID="P4_ST01529" HPOS="3574" VPOS="1571" WIDTH="191" HEIGHT="59" CONTENT="mußte," WC="0.99" CC="060033"/>
						<SP ID="P4_SP01317" HPOS="3765" VPOS="1630" WIDTH="35"/>
						<String ID="P4_ST01530" HPOS="3800" VPOS="1568" WIDTH="404" HEIGHT="64" CONTENT="gefühlslogisch" WC="0.99" CC="90600581000090"/>
						<SP ID="P4_SP01318" HPOS="4204" VPOS="1632" WIDTH="35"/>
						<String ID="P4_ST01531" HPOS="4239" VPOS="1572" WIDTH="96" HEIGHT="45" CONTENT="wie" WC="0.96" CC="027"/>
						<SP ID="P4_SP01319" HPOS="4335" VPOS="1632" WIDTH="35"/>
						<String ID="P4_ST01532" HPOS="4370" VPOS="1572" WIDTH="113" HEIGHT="45" CONTENT="eine" WC="0.98" CC="7030"/>
						<SP ID="P4_SP01320" HPOS="4483" VPOS="1632" WIDTH="35"/>
						<String ID="P4_ST01533" HPOS="4518" VPOS="1570" WIDTH="143" HEIGHT="48" CONTENT="echte" WC="0.98" CC="60107"/>
						<SP ID="P4_SP01321" HPOS="4661" VPOS="1632" WIDTH="39"/>
						<String ID="P4_ST01534" HPOS="4700" VPOS="1572" WIDTH="144" HEIGHT="60" CONTENT="Frau," WC="0.98" CC="02064"/>
					</TextLine>
					<TextLine ID="P4_TL00206" HPOS="3337" VPOS="1638" WIDTH="1507" HEIGHT="63">
						<String ID="P4_ST01535" HPOS="3337" VPOS="1639" WIDTH="226" HEIGHT="47" CONTENT="verband" WC="0.99" CC="6040000"/>
						<SP ID="P4_SP01322" HPOS="3563" VPOS="1686" WIDTH="38"/>
						<String ID="P4_ST01536" HPOS="3601" VPOS="1639" WIDTH="107" HEIGHT="48" CONTENT="sich" WC="0.96" CC="7452"/>
						<SP ID="P4_SP01323" HPOS="3708" VPOS="1687" WIDTH="42"/>
						<String ID="P4_ST01537" HPOS="3750" VPOS="1639" WIDTH="107" HEIGHT="49" CONTENT="ihre" WC="0.97" CC="0680"/>
						<SP ID="P4_SP01324" HPOS="3857" VPOS="1688" WIDTH="39"/>
						<String ID="P4_ST01538" HPOS="3896" VPOS="1638" WIDTH="253" HEIGHT="63" CONTENT="Klugheit," WC="0.99" CC="056000004"/>
						<SP ID="P4_SP01325" HPOS="4149" VPOS="1701" WIDTH="42"/>
						<String ID="P4_ST01539" HPOS="4191" VPOS="1640" WIDTH="253" HEIGHT="60" CONTENT="lähmend," WC="0.99" CC="00009404"/>
						<SP ID="P4_SP01326" HPOS="4444" VPOS="1701" WIDTH="40"/>
						<String ID="P4_ST01540" HPOS="4484" VPOS="1639" WIDTH="74" HEIGHT="50" CONTENT="als" WC="0.97" CC="610"/>
						<SP ID="P4_SP01327" HPOS="4558" VPOS="1701" WIDTH="40"/>
						<String ID="P4_ST01541" HPOS="4598" VPOS="1644" WIDTH="136" HEIGHT="44" CONTENT="wäre" WC="0.99" CC="0006"/>
						<SP ID="P4_SP01328" HPOS="4734" VPOS="1701" WIDTH="39"/>
						<String ID="P4_ST01542" HPOS="4773" VPOS="1645" WIDTH="71" HEIGHT="45" CONTENT="sie" WC="0.97" CC="007"/>
					</TextLine>
					<TextLine ID="P4_TL00207" HPOS="3341" VPOS="1707" WIDTH="1502" HEIGHT="65">
						<String ID="P4_ST01543" HPOS="3341" VPOS="1711" WIDTH="113" HEIGHT="45" CONTENT="eine" WC="0.97" CC="0555"/>
						<SP ID="P4_SP01329" HPOS="3454" VPOS="1756" WIDTH="46"/>
						<String ID="P4_ST01544" HPOS="3500" VPOS="1707" WIDTH="199" HEIGHT="51" CONTENT="Schuld." WC="0.98" CC="0706293"/>
						<SP ID="P4_SP01330" HPOS="3699" VPOS="1758" WIDTH="79"/>
						<String ID="P4_ST01545" HPOS="3778" VPOS="1710" WIDTH="81" HEIGHT="47" CONTENT="Sie" WC="0.97" CC="007"/>
						<SP ID="P4_SP01331" HPOS="3859" VPOS="1758" WIDTH="47"/>
						<String ID="P4_ST01546" HPOS="3906" VPOS="1726" WIDTH="107" HEIGHT="31" CONTENT="war" WC="0.98" CC="040"/>
						<SP ID="P4_SP01332" HPOS="4013" VPOS="1758" WIDTH="47"/>
						<String ID="P4_ST01547" HPOS="4060" VPOS="1711" WIDTH="135" HEIGHT="47" CONTENT="nicht" WC="1.00" CC="10000"/>
						<SP ID="P4_SP01333" HPOS="4195" VPOS="1758" WIDTH="45"/>
						<String ID="P4_ST01548" HPOS="4240" VPOS="1713" WIDTH="133" HEIGHT="46" CONTENT="etwa" WC="0.99" CC="6000"/>
						<SP ID="P4_SP01334" HPOS="4373" VPOS="1759" WIDTH="47"/>
						<String ID="P4_ST01549" HPOS="4420" VPOS="1724" WIDTH="97" HEIGHT="33" CONTENT="nur" WC="0.95" CC="750"/>
						<SP ID="P4_SP01335" HPOS="4517" VPOS="1759" WIDTH="43"/>
						<String ID="P4_ST01550" HPOS="4560" VPOS="1711" WIDTH="283" HEIGHT="61" CONTENT="geistreich," WC="0.99" CC="07000000644"/>
					</TextLine>
					<TextLine ID="P4_TL00208" HPOS="3337" VPOS="1777" WIDTH="1507" HEIGHT="64">
						<String ID="P4_ST01551" HPOS="3337" VPOS="1781" WIDTH="76" HEIGHT="46" CONTENT="sie" WC="0.98" CC="600"/>
						<SP ID="P4_SP01336" HPOS="3413" VPOS="1827" WIDTH="29"/>
						<String ID="P4_ST01552" HPOS="3442" VPOS="1794" WIDTH="108" HEIGHT="32" CONTENT="war" WC="1.00" CC="000"/>
						<SP ID="P4_SP01337" HPOS="3550" VPOS="1827" WIDTH="28"/>
						<String ID="P4_ST01553" HPOS="3578" VPOS="1794" WIDTH="60" HEIGHT="33" CONTENT="so" WC="1.00" CC="00"/>
						<SP ID="P4_SP01338" HPOS="3638" VPOS="1827" WIDTH="32"/>
						<String ID="P4_ST01554" HPOS="3670" VPOS="1777" WIDTH="194" HEIGHT="63" CONTENT="logisch" WC="0.98" CC="7000079"/>
						<SP ID="P4_SP01339" HPOS="3864" VPOS="1840" WIDTH="31"/>
						<String ID="P4_ST01555" HPOS="3895" VPOS="1780" WIDTH="136" HEIGHT="61" CONTENT="klug," WC="0.98" CC="04504"/>
						<SP ID="P4_SP01340" HPOS="4031" VPOS="1841" WIDTH="30"/>
						<String ID="P4_ST01556" HPOS="4061" VPOS="1780" WIDTH="101" HEIGHT="47" CONTENT="daß" WC="1.00" CC="000"/>
						<SP ID="P4_SP01341" HPOS="4162" VPOS="1841" WIDTH="35"/>
						<String ID="P4_ST01557" HPOS="4197" VPOS="1781" WIDTH="75" HEIGHT="46" CONTENT="ihr" WC="0.98" CC="140"/>
						<SP ID="P4_SP01342" HPOS="4272" VPOS="1841" WIDTH="26"/>
						<String ID="P4_ST01558" HPOS="4298" VPOS="1782" WIDTH="94" HEIGHT="46" CONTENT="das" WC="1.00" CC="000"/>
						<SP ID="P4_SP01343" HPOS="4392" VPOS="1841" WIDTH="31"/>
						<String ID="P4_ST01559" HPOS="4423" VPOS="1780" WIDTH="421" HEIGHT="48" CONTENT="Gefühlsdenken" WC="0.99" CC="5760231005008"/>
					</TextLine>
					<TextLine ID="P4_TL00209" HPOS="3341" VPOS="1848" WIDTH="1505" HEIGHT="62">
						<String ID="P4_ST01560" HPOS="3341" VPOS="1848" WIDTH="134" HEIGHT="48" CONTENT="nicht" WC="1.00" CC="20000"/>
						<SP ID="P4_SP01344" HPOS="3475" VPOS="1896" WIDTH="35"/>
						<String ID="P4_ST01561" HPOS="3510" VPOS="1851" WIDTH="241" HEIGHT="59" CONTENT="genügte," WC="0.99" CC="03000074"/>
						<SP ID="P4_SP01345" HPOS="3751" VPOS="1910" WIDTH="36"/>
						<String ID="P4_ST01562" HPOS="3787" VPOS="1849" WIDTH="102" HEIGHT="49" CONTENT="daß" WC="0.94" CC="950"/>
						<SP ID="P4_SP01346" HPOS="3889" VPOS="1910" WIDTH="36"/>
						<String ID="P4_ST01563" HPOS="3925" VPOS="1852" WIDTH="74" HEIGHT="46" CONTENT="sie" WC="0.94" CC="637"/>
						<SP ID="P4_SP01347" HPOS="3999" VPOS="1910" WIDTH="39"/>
						<String ID="P4_ST01564" HPOS="4038" VPOS="1850" WIDTH="91" HEIGHT="47" CONTENT="das" WC="1.00" CC="000"/>
						<SP ID="P4_SP01348" HPOS="4129" VPOS="1910" WIDTH="36"/>
						<String ID="P4_ST01565" HPOS="4165" VPOS="1849" WIDTH="402" HEIGHT="51" CONTENT="Glbichnishafte" WC="0.59" CC="85807333001508"/>
						<SP ID="P4_SP01349" HPOS="4567" VPOS="1910" WIDTH="37"/>
						<String ID="P4_ST01566" HPOS="4604" VPOS="1850" WIDTH="123" HEIGHT="49" CONTENT="aller" WC="0.98" CC="01470"/>
						<SP ID="P4_SP01350" HPOS="4727" VPOS="1910" WIDTH="36"/>
						<String ID="P4_ST01567" HPOS="4763" VPOS="1852" WIDTH="56" HEIGHT="46" CONTENT="Er" SUBS_TYPE="HypPart1" SUBS_CONTENT="Erscheinungen" WC="0.96" CC="50"/>
						<HYP HPOS="4819" VPOS="1852" WIDTH="27" CONTENT="-"/>
					</TextLine>
					<TextLine ID="P4_TL00210" HPOS="3338" VPOS="1918" WIDTH="1506" HEIGHT="63">
						<String ID="P4_ST01568" HPOS="3338" VPOS="1918" WIDTH="348" HEIGHT="62" CONTENT="scheinungen" SUBS_TYPE="HypPart2" SUBS_CONTENT="Erscheinungen" WC="0.99" CC="00003572074"/>
						<SP ID="P4_SP01351" HPOS="3686" VPOS="1980" WIDTH="29"/>
						<String ID="P4_ST01569" HPOS="3715" VPOS="1919" WIDTH="255" HEIGHT="61" CONTENT="empfand." WC="0.99" CC="29070304"/>
						<SP ID="P4_SP01352" HPOS="3970" VPOS="1980" WIDTH="61"/>
						<String ID="P4_ST01570" HPOS="4031" VPOS="1921" WIDTH="64" HEIGHT="46" CONTENT="Es" WC="0.67" CC="60"/>
						<SP ID="P4_SP01353" HPOS="4095" VPOS="1980" WIDTH="26"/>
						<String ID="P4_ST01571" HPOS="4121" VPOS="1921" WIDTH="102" HEIGHT="60" CONTENT="gab" WC="1.00" CC="000"/>
						<SP ID="P4_SP01354" HPOS="4223" VPOS="1981" WIDTH="29"/>
						<String ID="P4_ST01572" HPOS="4252" VPOS="1934" WIDTH="59" HEIGHT="33" CONTENT="zu" WC="0.64" CC="07"/>
						<SP ID="P4_SP01355" HPOS="4311" VPOS="1981" WIDTH="26"/>
						<String ID="P4_ST01573" HPOS="4337" VPOS="1920" WIDTH="133" HEIGHT="49" CONTENT="ihrer" WC="0.98" CC="90800"/>
						<SP ID="P4_SP01356" HPOS="4470" VPOS="1981" WIDTH="26"/>
						<String ID="P4_ST01574" HPOS="4496" VPOS="1921" WIDTH="111" HEIGHT="48" CONTENT="Zeit" WC="0.98" CC="0710"/>
						<SP ID="P4_SP01357" HPOS="4607" VPOS="1981" WIDTH="27"/>
						<String ID="P4_ST01575" HPOS="4634" VPOS="1921" WIDTH="210" HEIGHT="60" CONTENT="Frauen," WC="0.99" CC="4003014"/>
					</TextLine>
					<TextLine ID="P4_TL00211" HPOS="3341" VPOS="1988" WIDTH="1506" HEIGHT="62">
						<String ID="P4_ST01576" HPOS="3341" VPOS="1988" WIDTH="81" HEIGHT="49" CONTENT="die" WC="1.00" CC="000"/>
						<SP ID="P4_SP01358" HPOS="3422" VPOS="2037" WIDTH="44"/>
						<String ID="P4_ST01577" HPOS="3466" VPOS="1988" WIDTH="291" HEIGHT="49" CONTENT="Griechisch" WC="0.98" CC="5947906060"/>
						<SP ID="P4_SP01359" HPOS="3757" VPOS="2037" WIDTH="44"/>
						<String ID="P4_ST01578" HPOS="3801" VPOS="1990" WIDTH="105" HEIGHT="47" CONTENT="und" WC="0.97" CC="340"/>
						<SP ID="P4_SP01360" HPOS="3906" VPOS="2037" WIDTH="42"/>
						<String ID="P4_ST01579" HPOS="3948" VPOS="1991" WIDTH="173" HEIGHT="48" CONTENT="Latein" WC="0.98" CC="550048"/>
						<SP ID="P4_SP01361" HPOS="4121" VPOS="2039" WIDTH="43"/>
						<String ID="P4_ST01580" HPOS="4164" VPOS="1990" WIDTH="240" HEIGHT="60" CONTENT="konnten," WC="0.99" CC="00050954"/>
						<SP ID="P4_SP01362" HPOS="4404" VPOS="2050" WIDTH="42"/>
						<String ID="P4_ST01581" HPOS="4446" VPOS="1994" WIDTH="74" HEIGHT="47" CONTENT="sie" WC="1.00" CC="000"/>
						<SP ID="P4_SP01363" HPOS="4520" VPOS="2050" WIDTH="42"/>
						<String ID="P4_ST01582" HPOS="4562" VPOS="2004" WIDTH="109" HEIGHT="34" CONTENT="war" WC="1.00" CC="000"/>
						<SP ID="P4_SP01364" HPOS="4671" VPOS="2050" WIDTH="39"/>
						<String ID="P4_ST01583" HPOS="4710" VPOS="1992" WIDTH="137" HEIGHT="48" CONTENT="nicht" WC="0.98" CC="62400"/>
					</TextLine>
					<TextLine ID="P4_TL00212" HPOS="3338" VPOS="2058" WIDTH="1506" HEIGHT="63">
						<String ID="P4_ST01584" HPOS="3338" VPOS="2058" WIDTH="213" HEIGHT="62" CONTENT="geltehrt," WC="0.64" CC="774330004"/>
						<SP ID="P4_SP01365" HPOS="3551" VPOS="2120" WIDTH="44"/>
						<String ID="P4_ST01585" HPOS="3595" VPOS="2059" WIDTH="258" HEIGHT="61" CONTENT="verlangte" WC="1.00" CC="900000000"/>
						<SP ID="P4_SP01366" HPOS="3853" VPOS="2120" WIDTH="45"/>
						<String ID="P4_ST01586" HPOS="3898" VPOS="2059" WIDTH="128" HEIGHT="50" CONTENT="auch" WC="0.95" CC="0779"/>
						<SP ID="P4_SP01367" HPOS="4026" VPOS="2120" WIDTH="46"/>
						<String ID="P4_ST01587" HPOS="4072" VPOS="2064" WIDTH="227" HEIGHT="57" CONTENT="weniger" WC="0.98" CC="0782070"/>
						<SP ID="P4_SP01368" HPOS="4299" VPOS="2121" WIDTH="40"/>
						<String ID="P4_ST01588" HPOS="4339" VPOS="2060" WIDTH="215" HEIGHT="60" CONTENT="danach," WC="0.99" CC="0030604"/>
						<SP ID="P4_SP01369" HPOS="4554" VPOS="2121" WIDTH="45"/>
						<String ID="P4_ST01589" HPOS="4599" VPOS="2060" WIDTH="73" HEIGHT="49" CONTENT="als" WC="0.95" CC="903"/>
						<SP ID="P4_SP01370" HPOS="4672" VPOS="2121" WIDTH="44"/>
						<String ID="P4_ST01590" HPOS="4716" VPOS="2061" WIDTH="128" HEIGHT="53" CONTENT="jnach" WC="0.56" CC="75080"/>
					</TextLine>
					<TextLine ID="P4_TL00213" HPOS="3337" VPOS="2128" WIDTH="1507" HEIGHT="63">
						<String ID="P4_ST01591" HPOS="3337" VPOS="2128" WIDTH="93" HEIGHT="48" CONTENT="der" WC="0.98" CC="040"/>
						<SP ID="P4_SP01371" HPOS="3430" VPOS="2176" WIDTH="48"/>
						<String ID="P4_ST01592" HPOS="3478" VPOS="2143" WIDTH="132" HEIGHT="46" CONTENT="ganz" WC="1.00" CC="0000"/>
						<SP ID="P4_SP01372" HPOS="3610" VPOS="2189" WIDTH="47"/>
						<String ID="P4_ST01593" HPOS="3657" VPOS="2129" WIDTH="320" HEIGHT="48" CONTENT="besonderen" WC="0.99" CC="0700607000"/>
						<SP ID="P4_SP01373" HPOS="3977" VPOS="2189" WIDTH="52"/>
						<String ID="P4_ST01594" HPOS="4029" VPOS="2130" WIDTH="389" HEIGHT="61" CONTENT="Wissenschaft," WC="0.99" CC="0006750700502"/>
						<SP ID="P4_SP01374" HPOS="4418" VPOS="2191" WIDTH="48"/>
						<String ID="P4_ST01595" HPOS="4466" VPOS="2131" WIDTH="82" HEIGHT="47" CONTENT="die" WC="0.97" CC="061"/>
						<SP ID="P4_SP01375" HPOS="4548" VPOS="2191" WIDTH="50"/>
						<String ID="P4_ST01596" HPOS="4598" VPOS="2130" WIDTH="79" HEIGHT="49" CONTENT="ihr" WC="1.00" CC="000"/>
						<SP ID="P4_SP01376" HPOS="4677" VPOS="2191" WIDTH="46"/>
						<String ID="P4_ST01597" HPOS="4723" VPOS="2131" WIDTH="121" HEIGHT="50" CONTENT="Sinn" WC="0.97" CC="0474"/>
					</TextLine>
					<TextLine ID="P4_TL00214" HPOS="3341" VPOS="2198" WIDTH="1507" HEIGHT="64">
						<String ID="P4_ST01598" HPOS="3341" VPOS="2198" WIDTH="100" HEIGHT="48" CONTENT="und" WC="0.95" CC="680"/>
						<SP ID="P4_SP01377" HPOS="3441" VPOS="2246" WIDTH="36"/>
						<String ID="P4_ST01599" HPOS="3477" VPOS="2199" WIDTH="142" HEIGHT="48" CONTENT="Wert" WC="1.00" CC="0000"/>
						<SP ID="P4_SP01378" HPOS="3619" VPOS="2247" WIDTH="35"/>
						<String ID="P4_ST01600" HPOS="3654" VPOS="2199" WIDTH="130" HEIGHT="48" CONTENT="ihrer" WC="0.98" CC="34070"/>
						<SP ID="P4_SP01379" HPOS="3784" VPOS="2247" WIDTH="35"/>
						<String ID="P4_ST01601" HPOS="3819" VPOS="2198" WIDTH="284" HEIGHT="49" CONTENT="Erlebnisse" WC="0.99" CC="6090054020"/>
						<SP ID="P4_SP01380" HPOS="4103" VPOS="2247" WIDTH="35"/>
						<String ID="P4_ST01602" HPOS="4138" VPOS="2202" WIDTH="191" HEIGHT="59" CONTENT="zeigen," WC="0.99" CC="0420234"/>
						<SP ID="P4_SP01381" HPOS="4329" VPOS="2261" WIDTH="33"/>
						<String ID="P4_ST01603" HPOS="4362" VPOS="2200" WIDTH="111" HEIGHT="50" CONTENT="ihre" WC="0.98" CC="5400"/>
						<SP ID="P4_SP01382" HPOS="4473" VPOS="2261" WIDTH="31"/>
						<String ID="P4_ST01604" HPOS="4504" VPOS="2201" WIDTH="223" HEIGHT="61" CONTENT="Neugier" WC="0.99" CC="0020070"/>
						<SP ID="P4_SP01383" HPOS="4727" VPOS="2262" WIDTH="30"/>
						<String ID="P4_ST01605" HPOS="4757" VPOS="2203" WIDTH="91" HEIGHT="46" CONTENT="mit" WC="0.95" CC="750"/>
					</TextLine>
					<TextLine ID="P4_TL00215" HPOS="3343" VPOS="2268" WIDTH="1500" HEIGHT="64">
						<String ID="P4_ST01606" HPOS="3343" VPOS="2269" WIDTH="147" HEIGHT="47" CONTENT="Ernst" WC="0.98" CC="50204"/>
						<SP ID="P4_SP01384" HPOS="3490" VPOS="2316" WIDTH="38"/>
						<String ID="P4_ST01607" HPOS="3528" VPOS="2268" WIDTH="317" HEIGHT="62" CONTENT="befriedigen" WC="0.99" CC="70002793010"/>
						<SP ID="P4_SP01385" HPOS="3845" VPOS="2330" WIDTH="40"/>
						<String ID="P4_ST01608" HPOS="3885" VPOS="2269" WIDTH="103" HEIGHT="48" CONTENT="und" WC="0.96" CC="640"/>
						<SP ID="P4_SP01386" HPOS="3988" VPOS="2330" WIDTH="42"/>
						<String ID="P4_ST01609" HPOS="4030" VPOS="2269" WIDTH="74" HEIGHT="48" CONTENT="ihr" WC="0.99" CC="200"/>
						<SP ID="P4_SP01387" HPOS="4104" VPOS="2330" WIDTH="38"/>
						<String ID="P4_ST01610" HPOS="4142" VPOS="2270" WIDTH="253" HEIGHT="61" CONTENT="Ordnung" WC="0.99" CC="0101700"/>
						<SP ID="P4_SP01388" HPOS="4395" VPOS="2331" WIDTH="38"/>
						<String ID="P4_ST01611" HPOS="4433" VPOS="2271" WIDTH="166" HEIGHT="61" CONTENT="geben" WC="0.98" CC="00913"/>
						<SP ID="P4_SP01389" HPOS="4599" VPOS="2332" WIDTH="40"/>
						<String ID="P4_ST01612" HPOS="4639" VPOS="2271" WIDTH="204" HEIGHT="48" CONTENT="konnte." WC="0.99" CC="0025023"/>
					</TextLine>
					<TextLine ID="P4_TL00216" HPOS="3342" VPOS="2336" WIDTH="1506" HEIGHT="64">
						<String ID="P4_ST01613" HPOS="3342" VPOS="2338" WIDTH="148" HEIGHT="47" CONTENT="Dann" WC="0.98" CC="7030"/>
						<SP ID="P4_SP01390" HPOS="3490" VPOS="2385" WIDTH="30"/>
						<String ID="P4_ST01614" HPOS="3520" VPOS="2341" WIDTH="138" HEIGHT="48" CONTENT="wäre" WC="0.97" CC="0740"/>
						<SP ID="P4_SP01391" HPOS="3658" VPOS="2389" WIDTH="26"/>
						<String ID="P4_ST01615" HPOS="3684" VPOS="2341" WIDTH="77" HEIGHT="47" CONTENT="sie" WC="0.96" CC="530"/>
						<SP ID="P4_SP01392" HPOS="3761" VPOS="2389" WIDTH="25"/>
						<String ID="P4_ST01616" HPOS="3786" VPOS="2340" WIDTH="91" HEIGHT="47" CONTENT="der" WC="0.97" CC="070"/>
						<SP ID="P4_SP01393" HPOS="3877" VPOS="2389" WIDTH="27"/>
						<String ID="P4_ST01617" HPOS="3904" VPOS="2340" WIDTH="195" HEIGHT="60" CONTENT="großen" WC="0.99" CC="000008"/>
						<SP ID="P4_SP01394" HPOS="4099" VPOS="2400" WIDTH="31"/>
						<String ID="P4_ST01618" HPOS="4130" VPOS="2336" WIDTH="372" HEIGHT="53" CONTENT="Wissenschaft" WC="0.99" CC="005088007000"/>
						<SP ID="P4_SP01395" HPOS="4502" VPOS="2400" WIDTH="27"/>
						<String ID="P4_ST01619" HPOS="4529" VPOS="2340" WIDTH="133" HEIGHT="49" CONTENT="doch" WC="0.99" CC="0300"/>
						<SP ID="P4_SP01396" HPOS="4662" VPOS="2400" WIDTH="29"/>
						<String ID="P4_ST01620" HPOS="4691" VPOS="2341" WIDTH="157" HEIGHT="48" CONTENT="näher" WC="0.99" CC="00015"/>
					</TextLine>
					<TextLine ID="P4_TL00217" HPOS="3340" VPOS="2408" WIDTH="1505" HEIGHT="61">
						<String ID="P4_ST01621" HPOS="3340" VPOS="2408" WIDTH="332" HEIGHT="61" CONTENT="gekommen;" WC="0.99" CC="000090756"/>
						<SP ID="P4_SP01397" HPOS="3672" VPOS="2469" WIDTH="42"/>
						<String ID="P4_ST01622" HPOS="3714" VPOS="2412" WIDTH="65" HEIGHT="46" CONTENT="im" WC="0.94" CC="10"/>
						<SP ID="P4_SP01398" HPOS="3779" VPOS="2469" WIDTH="46"/>
						<String ID="P4_ST01623" HPOS="3825" VPOS="2408" WIDTH="191" HEIGHT="49" CONTENT="Fühlen" WC="0.98" CC="600944"/>
						<SP ID="P4_SP01399" HPOS="4016" VPOS="2469" WIDTH="39"/>
						<String ID="P4_ST01624" HPOS="4055" VPOS="2438" WIDTH="60" HEIGHT="6" CONTENT="—" WC="0.20" CC="8"/>
						<SP ID="P4_SP01400" HPOS="4115" VPOS="2469" WIDTH="38"/>
						<String ID="P4_ST01625" HPOS="4153" VPOS="2411" WIDTH="93" HEIGHT="47" CONTENT="das" WC="0.98" CC="006"/>
						<SP ID="P4_SP01401" HPOS="4246" VPOS="2469" WIDTH="41"/>
						<String ID="P4_ST01626" HPOS="4287" VPOS="2411" WIDTH="173" HEIGHT="47" CONTENT="wußte" WC="1.00" CC="02000"/>
						<SP ID="P4_SP01402" HPOS="4460" VPOS="2469" WIDTH="39"/>
						<String ID="P4_ST01627" HPOS="4499" VPOS="2412" WIDTH="73" HEIGHT="46" CONTENT="sie" WC="0.98" CC="050"/>
						<SP ID="P4_SP01403" HPOS="4572" VPOS="2469" WIDTH="39"/>
						<String ID="P4_ST01628" HPOS="4611" VPOS="2440" WIDTH="62" HEIGHT="5" CONTENT="—" WC="0.20" CC="8"/>
						<SP ID="P4_SP01404" HPOS="4673" VPOS="2469" WIDTH="39"/>
						<String ID="P4_ST01629" HPOS="4712" VPOS="2411" WIDTH="133" HEIGHT="48" CONTENT="kann" WC="0.98" CC="0045"/>
					</TextLine>
					<TextLine ID="P4_TL00218" HPOS="3337" VPOS="2478" WIDTH="1511" HEIGHT="55">
						<String ID="P4_ST01630" HPOS="3337" VPOS="2487" WIDTH="120" HEIGHT="39" CONTENT="man" WC="0.95" CC="902"/>
						<SP ID="P4_SP01405" HPOS="3457" VPOS="2526" WIDTH="44"/>
						<String ID="P4_ST01631" HPOS="3501" VPOS="2493" WIDTH="97" HEIGHT="33" CONTENT="nur" WC="0.96" CC="740"/>
						<SP ID="P4_SP01406" HPOS="3598" VPOS="2526" WIDTH="42"/>
						<String ID="P4_ST01632" HPOS="3640" VPOS="2492" WIDTH="62" HEIGHT="34" CONTENT="zu" WC="0.29" CC="67"/>
						<SP ID="P4_SP01407" HPOS="3702" VPOS="2526" WIDTH="47"/>
						<String ID="P4_ST01633" HPOS="3749" VPOS="2479" WIDTH="176" HEIGHT="49" CONTENT="Zeiten" WC="0.98" CC="000478"/>
						<SP ID="P4_SP01408" HPOS="3925" VPOS="2528" WIDTH="43"/>
						<String ID="P4_ST01634" HPOS="3968" VPOS="2482" WIDTH="52" HEIGHT="46" CONTENT="in" WC="0.34" CC="84"/>
						<SP ID="P4_SP01409" HPOS="4020" VPOS="2528" WIDTH="45"/>
						<String ID="P4_ST01635" HPOS="4065" VPOS="2479" WIDTH="277" HEIGHT="50" CONTENT="Sicherheit" WC="0.99" CC="0410000950"/>
						<SP ID="P4_SP01410" HPOS="4342" VPOS="2529" WIDTH="42"/>
						<String ID="P4_ST01636" HPOS="4384" VPOS="2484" WIDTH="124" HEIGHT="46" CONTENT="sein." WC="0.99" CC="00342"/>
						<SP ID="P4_SP01411" HPOS="4508" VPOS="2530" WIDTH="75"/>
						<String ID="P4_ST01637" HPOS="4583" VPOS="2478" WIDTH="265" HEIGHT="55" CONTENT="Vielleicht" WC="0.99" CC="0372402560"/>
					</TextLine>
					<TextLine ID="P4_TL00219" HPOS="3339" VPOS="2549" WIDTH="1507" HEIGHT="62">
						<String ID="P4_ST01638" HPOS="3339" VPOS="2562" WIDTH="107" HEIGHT="33" CONTENT="war" WC="1.00" CC="000"/>
						<SP ID="P4_SP01412" HPOS="3446" VPOS="2595" WIDTH="36"/>
						<String ID="P4_ST01639" HPOS="3482" VPOS="2563" WIDTH="53" HEIGHT="32" CONTENT="es" WC="0.82" CC="30"/>
						<SP ID="P4_SP01413" HPOS="3535" VPOS="2595" WIDTH="37"/>
						<String ID="P4_ST01640" HPOS="3572" VPOS="2550" WIDTH="265" HEIGHT="46" CONTENT="Leonardo" WC="0.99" CC="00054009"/>
						<SP ID="P4_SP01414" HPOS="3837" VPOS="2596" WIDTH="34"/>
						<String ID="P4_ST01641" HPOS="3871" VPOS="2552" WIDTH="98" HEIGHT="47" CONTENT="wie" WC="0.97" CC="007"/>
						<SP ID="P4_SP01415" HPOS="3969" VPOS="2599" WIDTH="36"/>
						<String ID="P4_ST01642" HPOS="4005" VPOS="2549" WIDTH="461" HEIGHT="62" CONTENT="freundschaftlich," WC="0.99" CC="60077046006405314"/>
						<SP ID="P4_SP01416" HPOS="4466" VPOS="2611" WIDTH="36"/>
						<String ID="P4_ST01643" HPOS="4502" VPOS="2551" WIDTH="101" HEIGHT="49" CONTENT="daß" WC="1.00" CC="000"/>
						<SP ID="P4_SP01417" HPOS="4603" VPOS="2611" WIDTH="38"/>
						<String ID="P4_ST01644" HPOS="4641" VPOS="2552" WIDTH="72" HEIGHT="47" CONTENT="sie" WC="0.95" CC="067"/>
						<SP ID="P4_SP01418" HPOS="4713" VPOS="2611" WIDTH="34"/>
						<String ID="P4_ST01645" HPOS="4747" VPOS="2563" WIDTH="99" HEIGHT="37" CONTENT="von" WC="0.94" CC="906"/>
					</TextLine>
					<TextLine ID="P4_TL00220" HPOS="3337" VPOS="2619" WIDTH="1509" HEIGHT="62">
						<String ID="P4_ST01646" HPOS="3337" VPOS="2621" WIDTH="193" HEIGHT="45" CONTENT="seinem" WC="0.98" CC="004379"/>
						<SP ID="P4_SP01419" HPOS="3530" VPOS="2666" WIDTH="39"/>
						<String ID="P4_ST01647" HPOS="3569" VPOS="2619" WIDTH="578" HEIGHT="62" CONTENT="Beobachtungsposten" WC="1.00" CC="550704900603020020"/>
						<SP ID="P4_SP01420" HPOS="4147" VPOS="2681" WIDTH="37"/>
						<String ID="P4_ST01648" HPOS="4184" VPOS="2634" WIDTH="91" HEIGHT="34" CONTENT="aus" WC="0.96" CC="630"/>
						<SP ID="P4_SP01421" HPOS="4275" VPOS="2681" WIDTH="33"/>
						<String ID="P4_ST01649" HPOS="4308" VPOS="2622" WIDTH="86" HEIGHT="49" CONTENT="ihn" WC="0.97" CC="701"/>
						<SP ID="P4_SP01422" HPOS="4394" VPOS="2681" WIDTH="34"/>
						<String ID="P4_ST01650" HPOS="4428" VPOS="2619" WIDTH="292" HEIGHT="50" CONTENT="manchmal" WC="0.99" CC="04350009"/>
						<SP ID="P4_SP01423" HPOS="4720" VPOS="2681" WIDTH="29"/>
						<String ID="P4_ST01651" HPOS="4749" VPOS="2622" WIDTH="97" HEIGHT="47" CONTENT="wie" WC="0.98" CC="060"/>
					</TextLine>
					<TextLine ID="P4_TL00221" HPOS="3341" VPOS="2686" WIDTH="1503" HEIGHT="65">
						<String ID="P4_ST01652" HPOS="3341" VPOS="2691" WIDTH="145" HEIGHT="46" CONTENT="einen" WC="0.97" CC="55660"/>
						<SP ID="P4_SP01424" HPOS="3486" VPOS="2737" WIDTH="40"/>
						<String ID="P4_ST01653" HPOS="3526" VPOS="2686" WIDTH="243" HEIGHT="65" CONTENT="Jüngling" WC="0.98" CC="00877070"/>
						<SP ID="P4_SP01425" HPOS="3769" VPOS="2751" WIDTH="38"/>
						<String ID="P4_ST01654" HPOS="3807" VPOS="2689" WIDTH="175" HEIGHT="61" CONTENT="ansah," WC="0.98" CC="080504"/>
						<SP ID="P4_SP01426" HPOS="3982" VPOS="2751" WIDTH="38"/>
						<String ID="P4_ST01655" HPOS="4020" VPOS="2692" WIDTH="90" HEIGHT="46" CONTENT="mit" WC="0.97" CC="060"/>
						<SP ID="P4_SP01427" HPOS="4110" VPOS="2751" WIDTH="37"/>
						<String ID="P4_ST01656" HPOS="4147" VPOS="2690" WIDTH="90" HEIGHT="48" CONTENT="der" WC="0.97" CC="070"/>
						<SP ID="P4_SP01428" HPOS="4237" VPOS="2751" WIDTH="34"/>
						<String ID="P4_ST01657" HPOS="4271" VPOS="2701" WIDTH="100" HEIGHT="37" CONTENT="von" WC="0.98" CC="012"/>
						<SP ID="P4_SP01429" HPOS="4371" VPOS="2751" WIDTH="39"/>
						<String ID="P4_ST01658" HPOS="4410" VPOS="2690" WIDTH="102" HEIGHT="50" CONTENT="ihm" WC="0.96" CC="090"/>
						<SP ID="P4_SP01430" HPOS="4512" VPOS="2751" WIDTH="37"/>
						<String ID="P4_ST01659" HPOS="4549" VPOS="2692" WIDTH="143" HEIGHT="46" CONTENT="mehr" WC="0.97" CC="0671"/>
						<SP ID="P4_SP01431" HPOS="4692" VPOS="2751" WIDTH="37"/>
						<String ID="P4_ST01660" HPOS="4729" VPOS="2692" WIDTH="115" HEIGHT="47" CONTENT="dem" WC="1.00" CC="100"/>
					</TextLine>
					<TextLine ID="P4_TL00222" HPOS="3342" VPOS="2757" WIDTH="1504" HEIGHT="64">
						<String ID="P4_ST01661" HPOS="3342" VPOS="2757" WIDTH="286" HEIGHT="50" CONTENT="BesChauer" WC="0.67" CC="300705191"/>
						<SP ID="P4_SP01432" HPOS="3628" VPOS="2807" WIDTH="44"/>
						<String ID="P4_ST01662" HPOS="3672" VPOS="2759" WIDTH="342" HEIGHT="62" CONTENT="zugekehrten" WC="1.00" CC="45000000000"/>
						<SP ID="P4_SP01433" HPOS="4014" VPOS="2821" WIDTH="45"/>
						<String ID="P4_ST01663" HPOS="4059" VPOS="2759" WIDTH="414" HEIGHT="51" CONTENT="Gesichtshälfte." WC="0.99" CC="685173001006014"/>
						<SP ID="P4_SP01434" HPOS="4473" VPOS="2821" WIDTH="78"/>
						<String ID="P4_ST01664" HPOS="4551" VPOS="2760" WIDTH="144" HEIGHT="50" CONTENT="Doch" WC="0.99" CC="0042"/>
						<SP ID="P4_SP01435" HPOS="4695" VPOS="2821" WIDTH="47"/>
						<String ID="P4_ST01665" HPOS="4742" VPOS="2774" WIDTH="104" HEIGHT="36" CONTENT="nun" WC="0.94" CC="751"/>
					</TextLine>
					<TextLine ID="P4_TL00223" HPOS="3338" VPOS="2827" WIDTH="1508" HEIGHT="64">
						<String ID="P4_ST01666" HPOS="3338" VPOS="2828" WIDTH="205" HEIGHT="48" CONTENT="möchte" WC="0.99" CC="009500"/>
						<SP ID="P4_SP01436" HPOS="3543" VPOS="2876" WIDTH="37"/>
						<String ID="P4_ST01667" HPOS="3580" VPOS="2827" WIDTH="76" HEIGHT="50" CONTENT="ich" WC="0.93" CC="845"/>
						<SP ID="P4_SP01437" HPOS="3656" VPOS="2877" WIDTH="37"/>
						<String ID="P4_ST01668" HPOS="3693" VPOS="2830" WIDTH="468" HEIGHT="60" CONTENT="vorwegnehmend" WC="1.00" CC="9000700000900"/>
						<SP ID="P4_SP01438" HPOS="4161" VPOS="2890" WIDTH="36"/>
						<String ID="P4_ST01669" HPOS="4197" VPOS="2831" WIDTH="237" HEIGHT="60" CONTENT="betonen," WC="0.99" CC="39004014"/>
						<SP ID="P4_SP01439" HPOS="4434" VPOS="2891" WIDTH="38"/>
						<String ID="P4_ST01670" HPOS="4472" VPOS="2831" WIDTH="101" HEIGHT="48" CONTENT="daß" WC="1.00" CC="000"/>
						<SP ID="P4_SP01440" HPOS="4573" VPOS="2891" WIDTH="38"/>
						<String ID="P4_ST01671" HPOS="4611" VPOS="2832" WIDTH="83" HEIGHT="47" CONTENT="die" WC="0.95" CC="067"/>
						<SP ID="P4_SP01441" HPOS="4694" VPOS="2891" WIDTH="39"/>
						<String ID="P4_ST01672" HPOS="4733" VPOS="2832" WIDTH="113" HEIGHT="47" CONTENT="Lisa" WC="0.99" CC="0300"/>
					</TextLine>
					<TextLine ID="P4_TL00224" HPOS="3341" VPOS="2898" WIDTH="1504" HEIGHT="63">
						<String ID="P4_ST01673" HPOS="3341" VPOS="2898" WIDTH="126" HEIGHT="49" CONTENT="naCh" WC="0.79" CC="8000"/>
						<SP ID="P4_SP01442" HPOS="3467" VPOS="2947" WIDTH="27"/>
						<String ID="P4_ST01674" HPOS="3494" VPOS="2898" WIDTH="114" HEIGHT="48" CONTENT="dem" WC="0.95" CC="029"/>
						<SP ID="P4_SP01443" HPOS="3608" VPOS="2947" WIDTH="25"/>
						<String ID="P4_ST01675" HPOS="3633" VPOS="2898" WIDTH="173" HEIGHT="50" CONTENT="bisher" WC="0.98" CC="919400"/>
						<SP ID="P4_SP01444" HPOS="3806" VPOS="2948" WIDTH="22"/>
						<String ID="P4_ST01676" HPOS="3828" VPOS="2902" WIDTH="266" HEIGHT="59" CONTENT="gezeigten" WC="0.99" CC="074000005"/>
						<SP ID="P4_SP01445" HPOS="4094" VPOS="2961" WIDTH="27"/>
						<String ID="P4_ST01677" HPOS="4121" VPOS="2903" WIDTH="157" HEIGHT="45" CONTENT="etwas" WC="1.00" CC="00003"/>
						<SP ID="P4_SP01446" HPOS="4278" VPOS="2961" WIDTH="29"/>
						<String ID="P4_ST01678" HPOS="4307" VPOS="2900" WIDTH="360" HEIGHT="50" CONTENT="Katzenhaftes" WC="1.00" CC="000010006000"/>
						<SP ID="P4_SP01447" HPOS="4667" VPOS="2961" WIDTH="25"/>
						<String ID="P4_ST01679" HPOS="4692" VPOS="2900" WIDTH="153" HEIGHT="50" CONTENT="hätte." WC="0.99" CC="020060"/>
					</TextLine>
					<TextLine ID="P4_TL00225" HPOS="3342" VPOS="2968" WIDTH="1504" HEIGHT="64">
						<String ID="P4_ST01680" HPOS="3342" VPOS="2968" WIDTH="121" HEIGHT="48" CONTENT="Dies" WC="0.97" CC="7500"/>
						<SP ID="P4_SP01448" HPOS="3463" VPOS="3016" WIDTH="35"/>
						<String ID="P4_ST01681" HPOS="3498" VPOS="2969" WIDTH="177" HEIGHT="47" CONTENT="würde" WC="0.99" CC="00700"/>
						<SP ID="P4_SP01449" HPOS="3675" VPOS="3016" WIDTH="29"/>
						<String ID="P4_ST01682" HPOS="3704" VPOS="2970" WIDTH="83" HEIGHT="48" CONTENT="bei" WC="0.94" CC="690"/>
						<SP ID="P4_SP01450" HPOS="3787" VPOS="3018" WIDTH="32"/>
						<String ID="P4_ST01683" HPOS="3819" VPOS="2970" WIDTH="253" HEIGHT="61" CONTENT="niedriger" WC="0.99" CC="039002000"/>
						<SP ID="P4_SP01451" HPOS="4072" VPOS="3031" WIDTH="31"/>
						<String ID="P4_ST01684" HPOS="4103" VPOS="2970" WIDTH="130" HEIGHT="50" CONTENT="Stirn" WC="0.99" CC="00004"/>
						<SP ID="P4_SP01452" HPOS="4233" VPOS="3031" WIDTH="33"/>
						<String ID="P4_ST01685" HPOS="4266" VPOS="2970" WIDTH="136" HEIGHT="48" CONTENT="stark" WC="1.00" CC="00000"/>
						<SP ID="P4_SP01453" HPOS="4402" VPOS="3031" WIDTH="34"/>
						<String ID="P4_ST01686" HPOS="4436" VPOS="2971" WIDTH="410" HEIGHT="61" CONTENT="hervorgetreten" WC="0.99" CC="07090007007073"/>
					</TextLine>
					<TextLine ID="P4_TL00226" HPOS="3337" VPOS="3038" WIDTH="1508" HEIGHT="65">
						<String ID="P4_ST01687" HPOS="3337" VPOS="3041" WIDTH="127" HEIGHT="57" CONTENT="sein," WC="0.99" CC="00024"/>
						<SP ID="P4_SP01454" HPOS="3464" VPOS="3098" WIDTH="37"/>
						<String ID="P4_ST01688" HPOS="3501" VPOS="3038" WIDTH="283" HEIGHT="49" CONTENT="besonders" WC="0.99" CC="679000201"/>
						<SP ID="P4_SP01455" HPOS="3784" VPOS="3098" WIDTH="37"/>
						<String ID="P4_ST01689" HPOS="3821" VPOS="3042" WIDTH="90" HEIGHT="45" CONTENT="mit" WC="0.99" CC="010"/>
						<SP ID="P4_SP01456" HPOS="3911" VPOS="3098" WIDTH="36"/>
						<String ID="P4_ST01690" HPOS="3947" VPOS="3040" WIDTH="90" HEIGHT="47" CONTENT="der" WC="0.97" CC="090"/>
						<SP ID="P4_SP01457" HPOS="4037" VPOS="3098" WIDTH="38"/>
						<String ID="P4_ST01691" HPOS="4075" VPOS="3040" WIDTH="411" HEIGHT="63" CONTENT="Breiterstellung" WC="1.00" CC="507002100007030"/>
						<SP ID="P4_SP01458" HPOS="4486" VPOS="3103" WIDTH="36"/>
						<String ID="P4_ST01692" HPOS="4522" VPOS="3042" WIDTH="89" HEIGHT="47" CONTENT="der" WC="1.00" CC="000"/>
						<SP ID="P4_SP01459" HPOS="4611" VPOS="3103" WIDTH="38"/>
						<String ID="P4_ST01693" HPOS="4649" VPOS="3042" WIDTH="196" HEIGHT="61" CONTENT="Augen." WC="0.97" CC="079153"/>
					</TextLine>
					<TextLine ID="P4_TL00227" HPOS="3343" VPOS="3106" WIDTH="1505" HEIGHT="55">
						<String ID="P4_ST01694" HPOS="3343" VPOS="3108" WIDTH="77" HEIGHT="47" CONTENT="Da" WC="1.00" CC="00"/>
						<SP ID="P4_SP01460" HPOS="3420" VPOS="3155" WIDTH="29"/>
						<String ID="P4_ST01695" HPOS="3449" VPOS="3108" WIDTH="115" HEIGHT="47" CONTENT="kam" WC="0.96" CC="009"/>
						<SP ID="P4_SP01461" HPOS="3564" VPOS="3155" WIDTH="29"/>
						<String ID="P4_ST01696" HPOS="3593" VPOS="3109" WIDTH="85" HEIGHT="48" CONTENT="die" WC="0.98" CC="050"/>
						<SP ID="P4_SP01462" HPOS="3678" VPOS="3157" WIDTH="31"/>
						<String ID="P4_ST01697" HPOS="3709" VPOS="3106" WIDTH="311" HEIGHT="51" CONTENT="Florentiner" WC="0.99" CC="59307550870"/>
						<SP ID="P4_SP01463" HPOS="4020" VPOS="3157" WIDTH="28"/>
						<String ID="P4_ST01698" HPOS="4048" VPOS="3110" WIDTH="159" HEIGHT="48" CONTENT="Mode" WC="1.00" CC="0000"/>
						<SP ID="P4_SP01464" HPOS="4207" VPOS="3158" WIDTH="28"/>
						<String ID="P4_ST01699" HPOS="4235" VPOS="3111" WIDTH="90" HEIGHT="47" CONTENT="der" WC="0.96" CC="090"/>
						<SP ID="P4_SP01465" HPOS="4325" VPOS="3158" WIDTH="28"/>
						<String ID="P4_ST01700" HPOS="4353" VPOS="3111" WIDTH="314" HEIGHT="48" CONTENT="künstlichen" WC="1.00" CC="00200229000"/>
						<SP ID="P4_SP01466" HPOS="4667" VPOS="3159" WIDTH="28"/>
						<String ID="P4_ST01701" HPOS="4695" VPOS="3112" WIDTH="128" HEIGHT="49" CONTENT="Stirn" SUBS_TYPE="HypPart1" SUBS_CONTENT="Stirnerhöhung" WC="1.00" CC="00002"/>
						<HYP HPOS="4823" VPOS="3112" WIDTH="25" CONTENT="-"/>
					</TextLine>
					<TextLine ID="P4_TL00228" HPOS="3342" VPOS="3177" WIDTH="1508" HEIGHT="66">
						<String ID="P4_ST01702" HPOS="3342" VPOS="3177" WIDTH="269" HEIGHT="63" CONTENT="erhöhung" SUBS_TYPE="HypPart2" SUBS_CONTENT="Stirnerhöhung" WC="0.99" CC="00000780"/>
						<SP ID="P4_SP01467" HPOS="3611" VPOS="3240" WIDTH="30"/>
						<String ID="P4_ST01703" HPOS="3641" VPOS="3180" WIDTH="292" HEIGHT="48" CONTENT="Leonardos" WC="0.99" CC="070700096"/>
						<SP ID="P4_SP01468" HPOS="3933" VPOS="3240" WIDTH="32"/>
						<String ID="P4_ST01704" HPOS="3965" VPOS="3180" WIDTH="428" HEIGHT="50" CONTENT="umwandelnden" WC="0.99" CC="690060034092"/>
						<SP ID="P4_SP01469" HPOS="4393" VPOS="3240" WIDTH="35"/>
						<String ID="P4_ST01705" HPOS="4428" VPOS="3182" WIDTH="390" HEIGHT="61" CONTENT="Formungsprin" SUBS_TYPE="HypPart1" SUBS_CONTENT="Formungsprinzipien" WC="0.99" CC="403022000446"/>
						<HYP HPOS="4818" VPOS="3182" WIDTH="32" CONTENT="-"/>
					</TextLine>
					<TextLine ID="P4_TL00229" HPOS="3341" VPOS="3249" WIDTH="1507" HEIGHT="63">
						<String ID="P4_ST01706" HPOS="3341" VPOS="3249" WIDTH="162" HEIGHT="60" CONTENT="zipien" SUBS_TYPE="HypPart2" SUBS_CONTENT="Formungsprinzipien" WC="0.99" CC="400004"/>
						<SP ID="P4_SP01470" HPOS="3503" VPOS="3309" WIDTH="46"/>
						<String ID="P4_ST01707" HPOS="3549" VPOS="3252" WIDTH="200" HEIGHT="58" CONTENT="zugute." WC="0.99" CC="0509003"/>
						<SP ID="P4_SP01471" HPOS="3749" VPOS="3310" WIDTH="77"/>
						<String ID="P4_ST01708" HPOS="3826" VPOS="3250" WIDTH="98" HEIGHT="47" CONTENT="Die" WC="0.99" CC="030"/>
						<SP ID="P4_SP01472" HPOS="3924" VPOS="3310" WIDTH="41"/>
						<String ID="P4_ST01709" HPOS="3965" VPOS="3250" WIDTH="188" HEIGHT="49" CONTENT="schöne" WC="0.99" CC="070000"/>
						<SP ID="P4_SP01473" HPOS="4153" VPOS="3310" WIDTH="48"/>
						<String ID="P4_ST01710" HPOS="4201" VPOS="3251" WIDTH="134" HEIGHT="48" CONTENT="hohe" WC="0.99" CC="0007"/>
						<SP ID="P4_SP01474" HPOS="4335" VPOS="3310" WIDTH="44"/>
						<String ID="P4_ST01711" HPOS="4379" VPOS="3252" WIDTH="146" HEIGHT="60" CONTENT="Stirn," WC="0.99" CC="001044"/>
						<SP ID="P4_SP01475" HPOS="4525" VPOS="3312" WIDTH="45"/>
						<String ID="P4_ST01712" HPOS="4570" VPOS="3252" WIDTH="81" HEIGHT="50" CONTENT="die" WC="0.98" CC="006"/>
						<SP ID="P4_SP01476" HPOS="4651" VPOS="3312" WIDTH="43"/>
						<String ID="P4_ST01713" HPOS="4694" VPOS="3256" WIDTH="124" HEIGHT="45" CONTENT="musi" SUBS_TYPE="HypPart1" SUBS_CONTENT="musikalische" WC="0.97" CC="7600"/>
						<HYP HPOS="4818" VPOS="3256" WIDTH="30" CONTENT="-"/>
					</TextLine>
					<TextLine ID="P4_TL00230" HPOS="3340" VPOS="3317" WIDTH="1505" HEIGHT="66">
						<String ID="P4_ST01714" HPOS="3340" VPOS="3317" WIDTH="221" HEIGHT="49" CONTENT="kalische" SUBS_TYPE="HypPart2" SUBS_CONTENT="musikalische" WC="0.99" CC="00038700"/>
						<SP ID="P4_SP01477" HPOS="3561" VPOS="3366" WIDTH="49"/>
						<String ID="P4_ST01715" HPOS="3610" VPOS="3319" WIDTH="131" HEIGHT="48" CONTENT="Stirn" WC="0.99" CC="00306"/>
						<SP ID="P4_SP01478" HPOS="3741" VPOS="3367" WIDTH="49"/>
						<String ID="P4_ST01716" HPOS="3790" VPOS="3319" WIDTH="90" HEIGHT="48" CONTENT="des" WC="0.95" CC="076"/>
						<SP ID="P4_SP01479" HPOS="3880" VPOS="3367" WIDTH="52"/>
						<String ID="P4_ST01717" HPOS="3932" VPOS="3319" WIDTH="224" HEIGHT="49" CONTENT="schönen" WC="0.99" CC="0400308"/>
						<SP ID="P4_SP01480" HPOS="4156" VPOS="3368" WIDTH="49"/>
						<String ID="P4_ST01718" HPOS="4205" VPOS="3321" WIDTH="305" HEIGHT="48" CONTENT="Widerhalls" WC="0.99" CC="0409009420"/>
						<SP ID="P4_SP01481" HPOS="4510" VPOS="3369" WIDTH="49"/>
						<String ID="P4_ST01719" HPOS="4559" VPOS="3323" WIDTH="286" HEIGHT="60" CONTENT="versöhnte," WC="0.99" CC="0904002003"/>
					</TextLine>
					<TextLine ID="P4_TL00231" HPOS="3340" VPOS="3384" WIDTH="1505" HEIGHT="67">
						<String ID="P4_ST01720" HPOS="3340" VPOS="3384" WIDTH="131" HEIGHT="64" CONTENT="glich" WC="0.98" CC="00490"/>
						<SP ID="P4_SP01482" HPOS="3471" VPOS="3448" WIDTH="40"/>
						<String ID="P4_ST01721" HPOS="3511" VPOS="3388" WIDTH="157" HEIGHT="62" CONTENT="völlig" WC="0.98" CC="903830"/>
						<SP ID="P4_SP01483" HPOS="3668" VPOS="3450" WIDTH="40"/>
						<String ID="P4_ST01722" HPOS="3708" VPOS="3404" WIDTH="108" HEIGHT="34" CONTENT="aus." WC="0.98" CC="0304"/>
						<SP ID="P4_SP01484" HPOS="3816" VPOS="3450" WIDTH="74"/>
						<String ID="P4_ST01723" HPOS="3890" VPOS="3390" WIDTH="144" HEIGHT="48" CONTENT="Doch" WC="0.97" CC="0075"/>
						<SP ID="P4_SP01485" HPOS="4034" VPOS="3450" WIDTH="40"/>
						<String ID="P4_ST01724" HPOS="4074" VPOS="3391" WIDTH="170" HEIGHT="48" CONTENT="macht" WC="0.98" CC="00550"/>
						<SP ID="P4_SP01486" HPOS="4244" VPOS="3450" WIDTH="41"/>
						<String ID="P4_ST01725" HPOS="4285" VPOS="3391" WIDTH="130" HEIGHT="48" CONTENT="noch" WC="0.95" CC="3990"/>
						<SP ID="P4_SP01487" HPOS="4415" VPOS="3450" WIDTH="42"/>
						<String ID="P4_ST01726" HPOS="4457" VPOS="3390" WIDTH="166" HEIGHT="61" CONTENT="heute," WC="0.99" CC="007004"/>
						<SP ID="P4_SP01488" HPOS="4623" VPOS="3451" WIDTH="40"/>
						<String ID="P4_ST01727" HPOS="4663" VPOS="3392" WIDTH="182" HEIGHT="51" CONTENT="sobäljd" WC="0.60" CC="0060586"/>
					</TextLine>
					<TextLine ID="P4_TL00232" HPOS="3338" VPOS="3458" WIDTH="1509" HEIGHT="64">
						<String ID="P4_ST01728" HPOS="3338" VPOS="3458" WIDTH="206" HEIGHT="59" CONTENT="jemand" WC="0.99" CC="000060"/>
						<SP ID="P4_SP01489" HPOS="3544" VPOS="3517" WIDTH="50"/>
						<String ID="P4_ST01729" HPOS="3594" VPOS="3459" WIDTH="85" HEIGHT="47" CONTENT="die" WC="0.96" CC="027"/>
						<SP ID="P4_SP01490" HPOS="3679" VPOS="3517" WIDTH="51"/>
						<String ID="P4_ST01730" HPOS="3730" VPOS="3458" WIDTH="130" HEIGHT="48" CONTENT="Stirn" WC="0.98" CC="09401"/>
						<SP ID="P4_SP01491" HPOS="3860" VPOS="3517" WIDTH="52"/>
						<String ID="P4_ST01731" HPOS="3912" VPOS="3458" WIDTH="75" HEIGHT="48" CONTENT="als" WC="0.96" CC="090"/>
						<SP ID="P4_SP01492" HPOS="3987" VPOS="3517" WIDTH="54"/>
						<String ID="P4_ST01732" HPOS="4041" VPOS="3474" WIDTH="94" HEIGHT="45" CONTENT="„zu" WC="0.98" CC="006"/>
						<SP ID="P4_SP01493" HPOS="4135" VPOS="3519" WIDTH="52"/>
						<String ID="P4_ST01733" HPOS="4187" VPOS="3459" WIDTH="168" HEIGHT="51" CONTENT='hoch"' WC="0.97" CC="47604"/>
						<SP ID="P4_SP01494" HPOS="4355" VPOS="3519" WIDTH="56"/>
						<String ID="P4_ST01734" HPOS="4411" VPOS="3460" WIDTH="294" HEIGHT="62" CONTENT="empfindet," WC="0.99" CC="0004289004"/>
						<SP ID="P4_SP01495" HPOS="4705" VPOS="3522" WIDTH="52"/>
						<String ID="P4_ST01735" HPOS="4757" VPOS="3461" WIDTH="90" HEIGHT="48" CONTENT="der" WC="0.95" CC="704"/>
					</TextLine>
					<TextLine ID="P4_TL00233" HPOS="3343" VPOS="3527" WIDTH="1505" HEIGHT="66">
						<String ID="P4_ST01736" HPOS="3343" VPOS="3527" WIDTH="120" HEIGHT="51" CONTENT="Rest" WC="0.98" CC="0470"/>
						<SP ID="P4_SP01496" HPOS="3463" VPOS="3578" WIDTH="43"/>
						<String ID="P4_ST01737" HPOS="3506" VPOS="3528" WIDTH="93" HEIGHT="47" CONTENT="des" WC="0.99" CC="011"/>
						<SP ID="P4_SP01497" HPOS="3599" VPOS="3578" WIDTH="49"/>
						<String ID="P4_ST01738" HPOS="3648" VPOS="3528" WIDTH="235" HEIGHT="49" CONTENT="Gesichts" WC="0.99" CC="60227400"/>
						<SP ID="P4_SP01498" HPOS="3883" VPOS="3578" WIDTH="45"/>
						<String ID="P4_ST01739" HPOS="3928" VPOS="3530" WIDTH="52" HEIGHT="46" CONTENT="in" WC="0.32" CC="85"/>
						<SP ID="P4_SP01499" HPOS="3980" VPOS="3578" WIDTH="48"/>
						<String ID="P4_ST01740" HPOS="4028" VPOS="3529" WIDTH="335" HEIGHT="62" CONTENT="Verbindung" WC="1.00" CC="0000300580"/>
						<SP ID="P4_SP01500" HPOS="4363" VPOS="3591" WIDTH="42"/>
						<String ID="P4_ST01741" HPOS="4405" VPOS="3533" WIDTH="93" HEIGHT="47" CONTENT="mit" WC="0.96" CC="900"/>
						<SP ID="P4_SP01501" HPOS="4498" VPOS="3591" WIDTH="42"/>
						<String ID="P4_ST01742" HPOS="4540" VPOS="3531" WIDTH="117" HEIGHT="47" CONTENT="dem" WC="0.96" CC="090"/>
						<SP ID="P4_SP01502" HPOS="4657" VPOS="3591" WIDTH="46"/>
						<String ID="P4_ST01743" HPOS="4703" VPOS="3545" WIDTH="116" HEIGHT="48" CONTENT="pyra" SUBS_TYPE="HypPart1" SUBS_CONTENT="pyramidalen" WC="0.99" CC="0200"/>
						<HYP HPOS="4819" VPOS="3545" WIDTH="29" CONTENT="-"/>
					</TextLine>
					<TextLine ID="P4_TL00234" HPOS="3340" VPOS="3596" WIDTH="1506" HEIGHT="67">
						<String ID="P4_ST01744" HPOS="3340" VPOS="3597" WIDTH="220" HEIGHT="48" CONTENT="midalen" SUBS_TYPE="HypPart2" SUBS_CONTENT="pyramidalen" WC="0.99" CC="0500402"/>
						<SP ID="P4_SP01503" HPOS="3560" VPOS="3645" WIDTH="43"/>
						<String ID="P4_ST01745" HPOS="3603" VPOS="3596" WIDTH="206" HEIGHT="50" CONTENT="Aufbau" WC="0.97" CC="026917"/>
						<SP ID="P4_SP01504" HPOS="3809" VPOS="3646" WIDTH="40"/>
						<String ID="P4_ST01746" HPOS="3849" VPOS="3599" WIDTH="93" HEIGHT="47" CONTENT="der" WC="0.99" CC="030"/>
						<SP ID="P4_SP01505" HPOS="3942" VPOS="3646" WIDTH="40"/>
						<String ID="P4_ST01747" HPOS="3982" VPOS="3599" WIDTH="198" HEIGHT="48" CONTENT="Gestalt" WC="0.99" CC="7060210"/>
						<SP ID="P4_SP01506" HPOS="4180" VPOS="3647" WIDTH="41"/>
						<String ID="P4_ST01748" HPOS="4221" VPOS="3600" WIDTH="103" HEIGHT="47" CONTENT="und" WC="0.98" CC="600"/>
						<SP ID="P4_SP01507" HPOS="4324" VPOS="3647" WIDTH="40"/>
						<String ID="P4_ST01749" HPOS="4364" VPOS="3602" WIDTH="93" HEIGHT="47" CONTENT="mit" WC="1.00" CC="000"/>
						<SP ID="P4_SP01508" HPOS="4457" VPOS="3649" WIDTH="38"/>
						<String ID="P4_ST01750" HPOS="4495" VPOS="3600" WIDTH="99" HEIGHT="48" CONTENT="den" WC="0.99" CC="003"/>
						<SP ID="P4_SP01509" HPOS="4594" VPOS="3649" WIDTH="44"/>
						<String ID="P4_ST01751" HPOS="4638" VPOS="3600" WIDTH="208" HEIGHT="63" CONTENT="Flügeln" WC="0.98" CC="6300067"/>
					</TextLine>
					<TextLine ID="P4_TL00235" HPOS="3341" VPOS="3666" WIDTH="1505" HEIGHT="64">
						<String ID="P4_ST01752" HPOS="3341" VPOS="3667" WIDTH="89" HEIGHT="48" CONTENT="des" WC="0.97" CC="008"/>
						<SP ID="P4_SP01510" HPOS="3430" VPOS="3715" WIDTH="53"/>
						<String ID="P4_ST01753" HPOS="3483" VPOS="3666" WIDTH="244" HEIGHT="50" CONTENT="Schleiers" WC="0.99" CC="072270300"/>
						<SP ID="P4_SP01511" HPOS="3727" VPOS="3716" WIDTH="51"/>
						<String ID="P4_ST01754" HPOS="3778" VPOS="3683" WIDTH="83" HEIGHT="33" CONTENT="am" WC="1.00" CC="00"/>
						<SP ID="P4_SP01512" HPOS="3861" VPOS="3716" WIDTH="56"/>
						<String ID="P4_ST01755" HPOS="3917" VPOS="3668" WIDTH="152" HEIGHT="62" CONTENT="Kopf," WC="0.98" CC="90003"/>
						<SP ID="P4_SP01513" HPOS="4069" VPOS="3730" WIDTH="52"/>
						<String ID="P4_ST01756" HPOS="4121" VPOS="3670" WIDTH="108" HEIGHT="47" CONTENT="dies" WC="1.00" CC="0000"/>
						<SP ID="P4_SP01514" HPOS="4229" VPOS="3730" WIDTH="54"/>
						<String ID="P4_ST01757" HPOS="4283" VPOS="3669" WIDTH="109" HEIGHT="48" CONTENT="Bild" WC="0.99" CC="0510"/>
						<SP ID="P4_SP01515" HPOS="4392" VPOS="3730" WIDTH="53"/>
						<String ID="P4_ST01758" HPOS="4445" VPOS="3671" WIDTH="98" HEIGHT="47" CONTENT="den" WC="1.00" CC="000"/>
						<SP ID="P4_SP01516" HPOS="4543" VPOS="3730" WIDTH="54"/>
						<String ID="P4_ST01759" HPOS="4597" VPOS="3671" WIDTH="249" HEIGHT="50" CONTENT="Eindruck" WC="0.98" CC="52200369"/>
					</TextLine>
					<TextLine ID="P4_TL00236" HPOS="3342" VPOS="3738" WIDTH="1506" HEIGHT="60">
						<String ID="P4_ST01760" HPOS="3342" VPOS="3739" WIDTH="137" HEIGHT="46" CONTENT="einer" WC="1.00" CC="00200"/>
						<SP ID="P4_SP01517" HPOS="3479" VPOS="3785" WIDTH="43"/>
						<String ID="P4_ST01761" HPOS="3522" VPOS="3738" WIDTH="208" HEIGHT="60" CONTENT="Sphinx." WC="0.99" CC="0002704"/>
						<SP ID="P4_SP01518" HPOS="3730" VPOS="3798" WIDTH="49"/>
						<String ID="P4_ST01762" HPOS="3779" VPOS="3767" WIDTH="59" HEIGHT="5" CONTENT="—" WC="0.20" CC="8"/>
						<SP ID="P4_SP01519" HPOS="3838" VPOS="3798" WIDTH="50"/>
						<String ID="P4_ST01763" HPOS="3888" VPOS="3738" WIDTH="170" HEIGHT="49" CONTENT="Durch" WC="0.98" CC="07406"/>
						<SP ID="P4_SP01520" HPOS="4058" VPOS="3798" WIDTH="44"/>
						<String ID="P4_ST01764" HPOS="4102" VPOS="3739" WIDTH="100" HEIGHT="48" CONTENT="den" WC="0.97" CC="007"/>
						<SP ID="P4_SP01521" HPOS="4202" VPOS="3798" WIDTH="47"/>
						<String ID="P4_ST01765" HPOS="4249" VPOS="3738" WIDTH="223" HEIGHT="49" CONTENT="dunklen" WC="0.98" CC="0310728"/>
						<SP ID="P4_SP01522" HPOS="4472" VPOS="3798" WIDTH="49"/>
						<String ID="P4_ST01766" HPOS="4521" VPOS="3741" WIDTH="103" HEIGHT="47" CONTENT="und" WC="0.96" CC="630"/>
						<SP ID="P4_SP01523" HPOS="4624" VPOS="3798" WIDTH="44"/>
						<String ID="P4_ST01767" HPOS="4668" VPOS="3741" WIDTH="150" HEIGHT="49" CONTENT="durch" SUBS_TYPE="HypPart1" SUBS_CONTENT="durchsichtigen" WC="0.97" CC="44067"/>
						<HYP HPOS="4818" VPOS="3741" WIDTH="30" CONTENT="-"/>
					</TextLine>
					<TextLine ID="P4_TL00237" HPOS="3338" VPOS="3805" WIDTH="1510" HEIGHT="63">
						<String ID="P4_ST01768" HPOS="3338" VPOS="3807" WIDTH="251" HEIGHT="61" CONTENT="sichtigen" SUBS_TYPE="HypPart2" SUBS_CONTENT="durchsichtigen" WC="0.99" CC="509043003"/>
						<SP ID="P4_SP01524" HPOS="3589" VPOS="3868" WIDTH="28"/>
						<String ID="P4_ST01769" HPOS="3617" VPOS="3805" WIDTH="220" HEIGHT="51" CONTENT="Schibier" WC="0.99" CC="07049010"/>
						<SP ID="P4_SP01525" HPOS="3837" VPOS="3868" WIDTH="24"/>
						<String ID="P4_ST01770" HPOS="3861" VPOS="3809" WIDTH="189" HEIGHT="48" CONTENT="konnte" WC="0.99" CC="003260"/>
						<SP ID="P4_SP01526" HPOS="4050" VPOS="3868" WIDTH="30"/>
						<String ID="P4_ST01771" HPOS="4080" VPOS="3809" WIDTH="264" HEIGHT="49" CONTENT="Leonardo" WC="0.99" CC="06020200"/>
						<SP ID="P4_SP01527" HPOS="4344" VPOS="3868" WIDTH="29"/>
						<String ID="P4_ST01772" HPOS="4373" VPOS="3810" WIDTH="138" HEIGHT="49" CONTENT="nicht" WC="0.98" CC="46500"/>
						<SP ID="P4_SP01528" HPOS="4511" VPOS="3868" WIDTH="27"/>
						<String ID="P4_ST01773" HPOS="4538" VPOS="3826" WIDTH="93" HEIGHT="33" CONTENT="nur" WC="0.97" CC="250"/>
						<SP ID="P4_SP01529" HPOS="4631" VPOS="3868" WIDTH="27"/>
						<String ID="P4_ST01774" HPOS="4658" VPOS="3811" WIDTH="190" HEIGHT="51" CONTENT="wieder" WC="0.99" CC="049000"/>
					</TextLine>
					<TextLine ID="P4_TL00238" HPOS="3341" VPOS="3876" WIDTH="1508" HEIGHT="64">
						<String ID="P4_ST01775" HPOS="3341" VPOS="3876" WIDTH="90" HEIGHT="49" CONTENT="das" WC="1.00" CC="000"/>
						<SP ID="P4_SP01530" HPOS="3431" VPOS="3925" WIDTH="46"/>
						<String ID="P4_ST01776" HPOS="3477" VPOS="3876" WIDTH="195" HEIGHT="49" CONTENT="Gefühl" WC="0.98" CC="907000"/>
						<SP ID="P4_SP01531" HPOS="3672" VPOS="3925" WIDTH="41"/>
						<String ID="P4_ST01777" HPOS="3713" VPOS="3876" WIDTH="91" HEIGHT="49" CONTENT="der" WC="0.94" CC="970"/>
						<SP ID="P4_SP01532" HPOS="3804" VPOS="3925" WIDTH="32"/>
						<String ID="P4_ST01778" HPOS="3836" VPOS="3876" WIDTH="170" HEIGHT="50" CONTENT="Terne" WC="0.67" CC="75030"/>
						<SP ID="P4_SP01533" HPOS="4006" VPOS="3926" WIDTH="43"/>
						<String ID="P4_ST01779" HPOS="4049" VPOS="3879" WIDTH="280" HEIGHT="61" CONTENT="erwecken," WC="0.99" CC="010059214"/>
						<SP ID="P4_SP01534" HPOS="4329" VPOS="3940" WIDTH="45"/>
						<String ID="P4_ST01780" HPOS="4374" VPOS="3895" WIDTH="55" HEIGHT="32" CONTENT="er" WC="1.00" CC="00"/>
						<SP ID="P4_SP01535" HPOS="4429" VPOS="3940" WIDTH="42"/>
						<String ID="P4_ST01781" HPOS="4471" VPOS="3881" WIDTH="199" HEIGHT="49" CONTENT="machte" WC="0.98" CC="909007"/>
						<SP ID="P4_SP01536" HPOS="4670" VPOS="3940" WIDTH="42"/>
						<String ID="P4_ST01782" HPOS="4712" VPOS="3882" WIDTH="137" HEIGHT="49" CONTENT="nicht" WC="0.98" CC="90600"/>
					</TextLine>
					<TextLine ID="P4_TL00239" HPOS="3341" VPOS="3947" WIDTH="1506" HEIGHT="64">
						<String ID="P4_ST01783" HPOS="3341" VPOS="3961" WIDTH="94" HEIGHT="33" CONTENT="nur" WC="0.98" CC="140"/>
						<SP ID="P4_SP01537" HPOS="3435" VPOS="3994" WIDTH="45"/>
						<String ID="P4_ST01784" HPOS="3480" VPOS="3947" WIDTH="98" HEIGHT="52" CONTENT="den" WC="0.97" CC="017"/>
						<SP ID="P4_SP01538" HPOS="3578" VPOS="3999" WIDTH="47"/>
						<String ID="P4_ST01785" HPOS="3625" VPOS="3947" WIDTH="218" HEIGHT="50" CONTENT="Scheitel" WC="0.99" CC="07400030"/>
						<SP ID="P4_SP01539" HPOS="3843" VPOS="3999" WIDTH="43"/>
						<String ID="P4_ST01786" HPOS="3886" VPOS="3948" WIDTH="289" HEIGHT="60" CONTENT="deutlicher," WC="0.99" CC="09900560704"/>
						<SP ID="P4_SP01540" HPOS="4175" VPOS="4008" WIDTH="44"/>
						<String ID="P4_ST01787" HPOS="4219" VPOS="3964" WIDTH="56" HEIGHT="33" CONTENT="er" WC="0.63" CC="70"/>
						<SP ID="P4_SP01541" HPOS="4275" VPOS="4008" WIDTH="46"/>
						<String ID="P4_ST01788" HPOS="4321" VPOS="3952" WIDTH="162" HEIGHT="59" CONTENT="zeigte" WC="0.99" CC="601000"/>
						<SP ID="P4_SP01542" HPOS="4483" VPOS="4011" WIDTH="45"/>
						<String ID="P4_ST01789" HPOS="4528" VPOS="3950" WIDTH="142" HEIGHT="50" CONTENT="diese" WC="0.96" CC="54907"/>
						<SP ID="P4_SP01543" HPOS="4670" VPOS="4011" WIDTH="49"/>
						<String ID="P4_ST01790" HPOS="4719" VPOS="3953" WIDTH="128" HEIGHT="46" CONTENT="Frau" WC="0.96" CC="5146"/>
					</TextLine>
					<TextLine ID="P4_TL00240" HPOS="3341" VPOS="4014" WIDTH="1508" HEIGHT="63">
						<String ID="P4_ST01791" HPOS="3341" VPOS="4014" WIDTH="77" HEIGHT="51" CONTENT="als;" WC="0.96" CC="0908"/>
						<SP ID="P4_SP01544" HPOS="3418" VPOS="4065" WIDTH="37"/>
						<String ID="P4_ST01792" HPOS="3455" VPOS="4020" WIDTH="125" HEIGHT="57" CONTENT="eine," WC="0.99" CC="04004"/>
						<SP ID="P4_SP01545" HPOS="3580" VPOS="4077" WIDTH="37"/>
						<String ID="P4_ST01793" HPOS="3617" VPOS="4019" WIDTH="87" HEIGHT="47" CONTENT="die" WC="0.95" CC="092"/>
						<SP ID="P4_SP01546" HPOS="3704" VPOS="4077" WIDTH="35"/>
						<String ID="P4_ST01794" HPOS="3739" VPOS="4017" WIDTH="82" HEIGHT="49" CONTENT="für" WC="0.98" CC="500"/>
						<SP ID="P4_SP01547" HPOS="3821" VPOS="4077" WIDTH="35"/>
						<String ID="P4_ST01795" HPOS="3856" VPOS="4019" WIDTH="139" HEIGHT="47" CONTENT="ihren" WC="0.96" CC="27955"/>
						<SP ID="P4_SP01548" HPOS="3995" VPOS="4077" WIDTH="37"/>
						<String ID="P4_ST01796" HPOS="4032" VPOS="4022" WIDTH="260" HEIGHT="47" CONTENT="einsamen" WC="1.00" CC="00000070"/>
						<SP ID="P4_SP01549" HPOS="4292" VPOS="4077" WIDTH="42"/>
						<String ID="P4_ST01797" HPOS="4334" VPOS="4019" WIDTH="262" HEIGHT="50" CONTENT="HoChmut" WC="0.74" CC="5600050"/>
						<SP ID="P4_SP01550" HPOS="4596" VPOS="4077" WIDTH="33"/>
						<String ID="P4_ST01798" HPOS="4629" VPOS="4021" WIDTH="105" HEIGHT="49" CONTENT="und" WC="1.00" CC="000"/>
						<SP ID="P4_SP01551" HPOS="4734" VPOS="4077" WIDTH="39"/>
						<String ID="P4_ST01799" HPOS="4773" VPOS="4022" WIDTH="76" HEIGHT="52" CONTENT="ihr" WC="0.99" CC="300"/>
					</TextLine>
					<TextLine ID="P4_TL00241" HPOS="3341" VPOS="4086" WIDTH="1508" HEIGHT="55">
						<String ID="P4_ST01800" HPOS="3341" VPOS="4086" WIDTH="331" HEIGHT="49" CONTENT="unrastliches" WC="0.99" CC="544000827000"/>
						<SP ID="P4_SP01552" HPOS="3672" VPOS="4135" WIDTH="42"/>
						<String ID="P4_ST01801" HPOS="3714" VPOS="4089" WIDTH="118" HEIGHT="46" CONTENT="Leid" WC="0.97" CC="0740"/>
						<SP ID="P4_SP01553" HPOS="3832" VPOS="4135" WIDTH="41"/>
						<String ID="P4_ST01802" HPOS="3873" VPOS="4090" WIDTH="48" HEIGHT="46" CONTENT="in" WC="0.91" CC="10"/>
						<SP ID="P4_SP01554" HPOS="3921" VPOS="4136" WIDTH="38"/>
						<String ID="P4_ST01803" HPOS="3959" VPOS="4088" WIDTH="171" HEIGHT="49" CONTENT="Gebet" WC="0.97" CC="02990"/>
						<SP ID="P4_SP01555" HPOS="4130" VPOS="4137" WIDTH="34"/>
						<String ID="P4_ST01804" HPOS="4164" VPOS="4090" WIDTH="107" HEIGHT="47" CONTENT="und" WC="0.94" CC="770"/>
						<SP ID="P4_SP01556" HPOS="4271" VPOS="4137" WIDTH="41"/>
						<String ID="P4_ST01805" HPOS="4312" VPOS="4090" WIDTH="243" HEIGHT="49" CONTENT="frommer" WC="0.99" CC="3000308"/>
						<SP ID="P4_SP01557" HPOS="4555" VPOS="4139" WIDTH="39"/>
						<String ID="P4_ST01806" HPOS="4594" VPOS="4091" WIDTH="219" HEIGHT="50" CONTENT="Anwand" SUBS_TYPE="HypPart1" SUBS_CONTENT="Anwandlung" WC="0.99" CC="000153"/>
						<HYP HPOS="4813" VPOS="4091" WIDTH="36" CONTENT="-"/>
					</TextLine>
					<TextLine ID="P4_TL00242" HPOS="3341" VPOS="4154" WIDTH="1508" HEIGHT="67">
						<String ID="P4_ST01807" HPOS="3341" VPOS="4154" WIDTH="122" HEIGHT="64" CONTENT="lung" SUBS_TYPE="HypPart2" SUBS_CONTENT="Anwandlung" WC="0.97" CC="8400"/>
						<SP ID="P4_SP01558" HPOS="3463" VPOS="4218" WIDTH="32"/>
						<String ID="P4_ST01808" HPOS="3495" VPOS="4157" WIDTH="182" HEIGHT="61" CONTENT="Strafe," WC="0.99" CC="0005614"/>
						<SP ID="P4_SP01559" HPOS="3677" VPOS="4218" WIDTH="37"/>
						<String ID="P4_ST01809" HPOS="3714" VPOS="4157" WIDTH="185" HEIGHT="61" CONTENT="Sühne," WC="0.98" CC="007603"/>
						<SP ID="P4_SP01560" HPOS="3899" VPOS="4218" WIDTH="36"/>
						<String ID="P4_ST01810" HPOS="3935" VPOS="4158" WIDTH="274" HEIGHT="63" CONTENT="Befreiung" WC="0.99" CC="076014700"/>
						<SP ID="P4_SP01561" HPOS="4209" VPOS="4221" WIDTH="30"/>
						<String ID="P4_ST01811" HPOS="4239" VPOS="4160" WIDTH="191" HEIGHT="49" CONTENT="suchte." WC="0.98" CC="7279003"/>
						<SP ID="P4_SP01562" HPOS="4430" VPOS="4221" WIDTH="68"/>
						<String ID="P4_ST01812" HPOS="4498" VPOS="4162" WIDTH="63" HEIGHT="47" CONTENT="Er" WC="0.68" CC="60"/>
						<SP ID="P4_SP01563" HPOS="4561" VPOS="4221" WIDTH="33"/>
						<String ID="P4_ST01813" HPOS="4594" VPOS="4160" WIDTH="99" HEIGHT="49" CONTENT="ließ" WC="0.97" CC="2370"/>
						<SP ID="P4_SP01564" HPOS="4693" VPOS="4221" WIDTH="34"/>
						<String ID="P4_ST01814" HPOS="4727" VPOS="4163" WIDTH="122" HEIGHT="47" CONTENT="aber" WC="0.97" CC="5070"/>
					</TextLine>
					<TextLine ID="P4_TL00243" HPOS="3341" VPOS="4226" WIDTH="1507" HEIGHT="63">
						<String ID="P4_ST01815" HPOS="3341" VPOS="4227" WIDTH="90" HEIGHT="48" CONTENT="das" WC="0.98" CC="006"/>
						<SP ID="P4_SP01565" HPOS="3431" VPOS="4275" WIDTH="45"/>
						<String ID="P4_ST01816" HPOS="3476" VPOS="4226" WIDTH="197" HEIGHT="49" CONTENT="einfaCh" WC="0.61" CC="5405190"/>
						<SP ID="P4_SP01566" HPOS="3673" VPOS="4275" WIDTH="42"/>
						<String ID="P4_ST01817" HPOS="3715" VPOS="4228" WIDTH="326" HEIGHT="61" CONTENT="gescheiterte" WC="0.98" CC="070797390747"/>
						<SP ID="P4_SP01567" HPOS="4041" VPOS="4289" WIDTH="43"/>
						<String ID="P4_ST01818" HPOS="4084" VPOS="4229" WIDTH="140" HEIGHT="48" CONTENT="Haar" WC="0.98" CC="7002"/>
						<SP ID="P4_SP01568" HPOS="4224" VPOS="4289" WIDTH="39"/>
						<String ID="P4_ST01819" HPOS="4263" VPOS="4229" WIDTH="218" HEIGHT="50" CONTENT="wellend" WC="0.99" CC="0734040"/>
						<SP ID="P4_SP01569" HPOS="4481" VPOS="4289" WIDTH="41"/>
						<String ID="P4_ST01820" HPOS="4522" VPOS="4231" WIDTH="127" HEIGHT="48" CONTENT="nach" WC="0.98" CC="5002"/>
						<SP ID="P4_SP01570" HPOS="4649" VPOS="4289" WIDTH="43"/>
						<String ID="P4_ST01821" HPOS="4692" VPOS="4242" WIDTH="156" HEIGHT="38" CONTENT="vorne" WC="0.97" CC="96044"/>
					</TextLine>
					<TextLine ID="P4_TL00244" HPOS="3341" VPOS="4295" WIDTH="1507" HEIGHT="65">
						<String ID="P4_ST01822" HPOS="3341" VPOS="4295" WIDTH="357" HEIGHT="54" CONTENT="niederrieseln" WC="0.99" CC="3005700867076"/>
						<SP ID="P4_SP01571" HPOS="3698" VPOS="4349" WIDTH="36"/>
						<String ID="P4_ST01823" HPOS="3734" VPOS="4297" WIDTH="89" HEIGHT="48" CONTENT="auf" WC="0.99" CC="001"/>
						<SP ID="P4_SP01572" HPOS="3823" VPOS="4349" WIDTH="34"/>
						<String ID="P4_ST01824" HPOS="3857" VPOS="4299" WIDTH="81" HEIGHT="47" CONTENT="die" WC="0.97" CC="007"/>
						<SP ID="P4_SP01573" HPOS="3938" VPOS="4349" WIDTH="34"/>
						<String ID="P4_ST01825" HPOS="3972" VPOS="4299" WIDTH="124" HEIGHT="50" CONTENT="freie" WC="0.98" CC="40700"/>
						<SP ID="P4_SP01574" HPOS="4096" VPOS="4349" WIDTH="38"/>
						<String ID="P4_ST01826" HPOS="4134" VPOS="4300" WIDTH="162" HEIGHT="60" CONTENT="Brust," WC="0.99" CC="106004"/>
						<SP ID="P4_SP01575" HPOS="4296" VPOS="4360" WIDTH="40"/>
						<String ID="P4_ST01827" HPOS="4336" VPOS="4301" WIDTH="352" HEIGHT="51" CONTENT="Liebesfühlen" WC="0.78" CC="080080700001"/>
						<SP ID="P4_SP01576" HPOS="4688" VPOS="4360" WIDTH="37"/>
						<String ID="P4_ST01828" HPOS="4725" VPOS="4301" WIDTH="93" HEIGHT="50" CONTENT="kün" SUBS_TYPE="HypPart1" SUBS_CONTENT="kündend," WC="0.98" CC="003"/>
						<HYP HPOS="4818" VPOS="4301" WIDTH="30" CONTENT="-"/>
					</TextLine>
					<TextLine ID="P4_TL00245" HPOS="3341" VPOS="4365" WIDTH="1507" HEIGHT="62">
						<String ID="P4_ST01829" HPOS="3341" VPOS="4367" WIDTH="150" HEIGHT="60" CONTENT="dend," SUBS_TYPE="HypPart2" SUBS_CONTENT="kündend," WC="0.99" CC="02003"/>
						<SP ID="P4_SP01577" HPOS="3491" VPOS="4427" WIDTH="65"/>
						<String ID="P4_ST01830" HPOS="3556" VPOS="4365" WIDTH="322" HEIGHT="53" CONTENT="Zärtlichkeit" WC="0.99" CC="900080900030"/>
						<SP ID="P4_SP01578" HPOS="3878" VPOS="4427" WIDTH="77"/>
						<String ID="P4_ST01831" HPOS="3955" VPOS="4370" WIDTH="220" HEIGHT="47" CONTENT="atmend." WC="1.00" CC="0000103"/>
						<SP ID="P4_SP01579" HPOS="4175" VPOS="4427" WIDTH="110"/>
						<String ID="P4_ST01832" HPOS="4285" VPOS="4372" WIDTH="234" HEIGHT="46" CONTENT="Fromme" WC="0.98" CC="590007"/>
						<SP ID="P4_SP01580" HPOS="4519" VPOS="4427" WIDTH="64"/>
						<String ID="P4_ST01833" HPOS="4583" VPOS="4372" WIDTH="265" HEIGHT="50" CONTENT="Inbrünste" WC="0.99" CC="507801106"/>
					</TextLine>
					<TextLine ID="P4_TL00246" HPOS="3339" VPOS="4434" WIDTH="1509" HEIGHT="59">
						<String ID="P4_ST01834" HPOS="3339" VPOS="4434" WIDTH="443" HEIGHT="51" CONTENT="mittelalterlicher" WC="1.00" CC="00000803010207070"/>
						<SP ID="P4_SP01581" HPOS="3782" VPOS="4485" WIDTH="50"/>
						<String ID="P4_ST01835" HPOS="3832" VPOS="4439" WIDTH="512" HEIGHT="49" CONTENT="Klosterschwestern" WC="1.00" CC="05009000090000703"/>
						<SP ID="P4_SP01582" HPOS="4344" VPOS="4488" WIDTH="51"/>
						<String ID="P4_ST01836" HPOS="4395" VPOS="4441" WIDTH="137" HEIGHT="52" CONTENT="hätte" WC="0.98" CC="09007"/>
						<SP ID="P4_SP01583" HPOS="4532" VPOS="4493" WIDTH="51"/>
						<String ID="P4_ST01837" HPOS="4583" VPOS="4442" WIDTH="265" HEIGHT="48" CONTENT="Leonardo" WC="0.99" CC="05470005"/>
					</TextLine>
					<TextLine ID="P4_TL00247" HPOS="3338" VPOS="4506" WIDTH="1507" HEIGHT="67">
						<String ID="P4_ST01838" HPOS="3338" VPOS="4506" WIDTH="82" HEIGHT="49" CONTENT="bei" WC="0.98" CC="402"/>
						<SP ID="P4_SP01584" HPOS="3420" VPOS="4555" WIDTH="49"/>
						<String ID="P4_ST01839" HPOS="3469" VPOS="4510" WIDTH="185" HEIGHT="45" CONTENT="zartem" WC="0.98" CC="000079"/>
						<SP ID="P4_SP01585" HPOS="3654" VPOS="4555" WIDTH="51"/>
						<String ID="P4_ST01840" HPOS="3705" VPOS="4507" WIDTH="249" HEIGHT="49" CONTENT="Verstehn" WC="0.93" CC="05000000"/>
						<SP ID="P4_SP01586" HPOS="3954" VPOS="4556" WIDTH="49"/>
						<String ID="P4_ST01841" HPOS="4003" VPOS="4509" WIDTH="134" HEIGHT="47" CONTENT="doch'" WC="0.97" CC="03673"/>
						<SP ID="P4_SP01587" HPOS="4137" VPOS="4556" WIDTH="43"/>
						<String ID="P4_ST01842" HPOS="4180" VPOS="4511" WIDTH="327" HEIGHT="48" CONTENT="entschieden" WC="1.00" CC="00007030054"/>
						<SP ID="P4_SP01588" HPOS="4507" VPOS="4559" WIDTH="49"/>
						<String ID="P4_ST01843" HPOS="4556" VPOS="4510" WIDTH="289" HEIGHT="63" CONTENT="abgelehnt." WC="0.98" CC="9090807462"/>
					</TextLine>
					<TextLine ID="P4_TL00248" HPOS="3343" VPOS="4576" WIDTH="1505" HEIGHT="68">
						<String ID="P4_ST01844" HPOS="3343" VPOS="4576" WIDTH="135" HEIGHT="48" CONTENT="Aber" WC="1.00" CC="0010"/>
						<SP ID="P4_SP01589" HPOS="3478" VPOS="4624" WIDTH="25"/>
						<String ID="P4_ST01845" HPOS="3503" VPOS="4577" WIDTH="142" HEIGHT="49" CONTENT="diese" WC="0.98" CC="00097"/>
						<SP ID="P4_SP01590" HPOS="3645" VPOS="4626" WIDTH="30"/>
						<String ID="P4_ST01846" HPOS="3675" VPOS="4577" WIDTH="277" HEIGHT="62" CONTENT="Mischung" WC="0.99" CC="00400600"/>
						<SP ID="P4_SP01591" HPOS="3952" VPOS="4639" WIDTH="24"/>
						<String ID="P4_ST01847" HPOS="3976" VPOS="4592" WIDTH="101" HEIGHT="35" CONTENT="von" WC="1.00" CC="000"/>
						<SP ID="P4_SP01592" HPOS="4077" VPOS="4639" WIDTH="31"/>
						<String ID="P4_ST01848" HPOS="4108" VPOS="4580" WIDTH="413" HEIGHT="64" CONTENT="Vergangenheit" WC="0.99" CC="0600589083710"/>
						<SP ID="P4_SP01593" HPOS="4521" VPOS="4644" WIDTH="28"/>
						<String ID="P4_ST01849" HPOS="4549" VPOS="4585" WIDTH="66" HEIGHT="47" CONTENT="im" WC="0.78" CC="40"/>
						<SP ID="P4_SP01594" HPOS="4615" VPOS="4644" WIDTH="30"/>
						<String ID="P4_ST01850" HPOS="4645" VPOS="4585" WIDTH="203" HEIGHT="46" CONTENT="ernsten" WC="0.99" CC="9030007"/>
					</TextLine>
					<TextLine ID="P4_TL00249" HPOS="3343" VPOS="4647" WIDTH="1508" HEIGHT="68">
						<String ID="P4_ST01851" HPOS="3343" VPOS="4647" WIDTH="267" HEIGHT="48" CONTENT="Gewände" WC="0.98" CC="6204009"/>
						<SP ID="P4_SP01595" HPOS="3610" VPOS="4695" WIDTH="46"/>
						<String ID="P4_ST01852" HPOS="3656" VPOS="4648" WIDTH="104" HEIGHT="47" CONTENT="und" WC="0.95" CC="290"/>
						<SP ID="P4_SP01596" HPOS="3760" VPOS="4695" WIDTH="48"/>
						<String ID="P4_ST01853" HPOS="3808" VPOS="4647" WIDTH="553" HEIGHT="63" CONTENT="WeiblichreizVollem," WC="0.50" CC="0556840208099943804"/>
						<SP ID="P4_SP01597" HPOS="4361" VPOS="4710" WIDTH="51"/>
						<String ID="P4_ST01854" HPOS="4412" VPOS="4652" WIDTH="408" HEIGHT="63" CONTENT="Neuartiggegen" SUBS_TYPE="HypPart1" SUBS_CONTENT="Neuartiggegenwärtigem" WC="1.00" CC="4070003000064"/>
						<HYP HPOS="4820" VPOS="4652" WIDTH="31" CONTENT="-"/>
					</TextLine>
					<TextLine ID="P4_TL00250" HPOS="3341" VPOS="4718" WIDTH="1509" HEIGHT="63">
						<String ID="P4_ST01855" HPOS="3341" VPOS="4719" WIDTH="263" HEIGHT="59" CONTENT="wärtigem" SUBS_TYPE="HypPart2" SUBS_CONTENT="Neuartiggegenwärtigem" WC="1.00" CC="00001000"/>
						<SP ID="P4_SP01598" HPOS="3604" VPOS="4778" WIDTH="46"/>
						<String ID="P4_ST01856" HPOS="3650" VPOS="4718" WIDTH="266" HEIGHT="48" CONTENT="entzückte" WC="0.99" CC="780507000"/>
						<SP ID="P4_SP01599" HPOS="3916" VPOS="4778" WIDTH="43"/>
						<String ID="P4_ST01857" HPOS="3959" VPOS="4719" WIDTH="103" HEIGHT="48" CONTENT="ihn." WC="0.97" CC="0083"/>
						<SP ID="P4_SP01600" HPOS="4062" VPOS="4778" WIDTH="80"/>
						<String ID="P4_ST01858" HPOS="4142" VPOS="4720" WIDTH="104" HEIGHT="47" CONTENT="Das" WC="0.98" CC="004"/>
						<SP ID="P4_SP01601" HPOS="4246" VPOS="4778" WIDTH="48"/>
						<String ID="P4_ST01859" HPOS="4294" VPOS="4721" WIDTH="101" HEIGHT="60" CONTENT="gab" WC="1.00" CC="000"/>
						<SP ID="P4_SP01602" HPOS="4395" VPOS="4781" WIDTH="46"/>
						<String ID="P4_ST01860" HPOS="4441" VPOS="4737" WIDTH="54" HEIGHT="31" CONTENT="er" WC="0.59" CC="62"/>
						<SP ID="P4_SP01603" HPOS="4495" VPOS="4781" WIDTH="48"/>
						<String ID="P4_ST01861" HPOS="4543" VPOS="4721" WIDTH="75" HEIGHT="49" CONTENT="ihr" WC="0.98" CC="400"/>
						<SP ID="P4_SP01604" HPOS="4618" VPOS="4781" WIDTH="43"/>
						<String ID="P4_ST01862" HPOS="4661" VPOS="4726" WIDTH="50" HEIGHT="48" CONTENT="in" WC="0.44" CC="73"/>
						<SP ID="P4_SP01605" HPOS="4711" VPOS="4781" WIDTH="47"/>
						<String ID="P4_ST01863" HPOS="4758" VPOS="4723" WIDTH="92" HEIGHT="47" CONTENT="der" WC="0.96" CC="900"/>
					</TextLine>
					<TextLine ID="P4_TL00251" HPOS="3341" VPOS="4787" WIDTH="1509" HEIGHT="66">
						<String ID="P4_ST01864" HPOS="3341" VPOS="4787" WIDTH="154" HEIGHT="48" CONTENT="Wahl" WC="0.98" CC="0008"/>
						<SP ID="P4_SP01606" HPOS="3495" VPOS="4835" WIDTH="35"/>
						<String ID="P4_ST01865" HPOS="3530" VPOS="4787" WIDTH="91" HEIGHT="48" CONTENT="der" WC="1.00" CC="000"/>
						<SP ID="P4_SP01607" HPOS="3621" VPOS="4835" WIDTH="40"/>
						<String ID="P4_ST01866" HPOS="3661" VPOS="4787" WIDTH="266" HEIGHT="62" CONTENT="Kleidung," WC="0.99" CC="047407101"/>
						<SP ID="P4_SP01608" HPOS="3927" VPOS="4849" WIDTH="38"/>
						<String ID="P4_ST01867" HPOS="3965" VPOS="4791" WIDTH="51" HEIGHT="46" CONTENT="in" WC="0.57" CC="80"/>
						<SP ID="P4_SP01609" HPOS="4016" VPOS="4849" WIDTH="40"/>
						<String ID="P4_ST01868" HPOS="4056" VPOS="4789" WIDTH="241" HEIGHT="61" CONTENT="schönen," WC="0.98" CC="07007744"/>
						<SP ID="P4_SP01610" HPOS="4297" VPOS="4850" WIDTH="39"/>
						<String ID="P4_ST01869" HPOS="4336" VPOS="4791" WIDTH="82" HEIGHT="48" CONTENT="die" WC="0.96" CC="009"/>
						<SP ID="P4_SP01611" HPOS="4418" VPOS="4850" WIDTH="42"/>
						<String ID="P4_ST01870" HPOS="4460" VPOS="4792" WIDTH="249" HEIGHT="61" CONTENT="Ewigkeit" WC="1.00" CC="60000000"/>
						<SP ID="P4_SP01612" HPOS="4709" VPOS="4853" WIDTH="36"/>
						<String ID="P4_ST01871" HPOS="4745" VPOS="4801" WIDTH="79" HEIGHT="41" CONTENT="Ver" SUBS_TYPE="HypPart1" SUBS_CONTENT="Versinnbildlichenden" WC="0.96" CC="770"/>
						<HYP HPOS="4824" VPOS="4801" WIDTH="26" CONTENT="-"/>
					</TextLine>
					<TextLine ID="P4_TL00252" HPOS="3342" VPOS="4854" WIDTH="1508" HEIGHT="65">
						<String ID="P4_ST01872" HPOS="3342" VPOS="4854" WIDTH="489" HEIGHT="52" CONTENT="sinnbildlichenden" SUBS_TYPE="HypPart2" SUBS_CONTENT="Versinnbildlichenden" WC="0.99" CC="05436180206917075"/>
						<SP ID="P4_SP01613" HPOS="3831" VPOS="4906" WIDTH="45"/>
						<String ID="P4_ST01873" HPOS="3876" VPOS="4859" WIDTH="210" HEIGHT="60" CONTENT="Farben," WC="0.99" CC="5020074"/>
						<SP ID="P4_SP01614" HPOS="4086" VPOS="4919" WIDTH="42"/>
						<String ID="P4_ST01874" HPOS="4128" VPOS="4860" WIDTH="106" HEIGHT="47" CONTENT="und" WC="0.97" CC="600"/>
						<SP ID="P4_SP01615" HPOS="4234" VPOS="4919" WIDTH="38"/>
						<String ID="P4_ST01875" HPOS="4272" VPOS="4859" WIDTH="246" HEIGHT="57" CONTENT="verklärte" WC="0.99" CC="409030007"/>
						<SP ID="P4_SP01616" HPOS="4518" VPOS="4919" WIDTH="41"/>
						<String ID="P4_ST01876" HPOS="4559" VPOS="4861" WIDTH="140" HEIGHT="51" CONTENT="ihren" WC="0.99" CC="00008"/>
						<SP ID="P4_SP01617" HPOS="4699" VPOS="4919" WIDTH="40"/>
						<String ID="P4_ST01877" HPOS="4739" VPOS="4876" WIDTH="84" HEIGHT="35" CONTENT="vor" SUBS_TYPE="HypPart1" SUBS_CONTENT="vornehmen," WC="0.99" CC="001"/>
						<HYP HPOS="4823" VPOS="4876" WIDTH="27" CONTENT="-"/>
					</TextLine>
					<TextLine ID="P4_TL00253" HPOS="3343" VPOS="4927" WIDTH="1505" HEIGHT="64">
						<String ID="P4_ST01878" HPOS="3343" VPOS="4927" WIDTH="233" HEIGHT="60" CONTENT="nehmen," SUBS_TYPE="HypPart2" SUBS_CONTENT="vornehmen," WC="0.99" CC="3070412"/>
						<SP ID="P4_SP01618" HPOS="3576" VPOS="4987" WIDTH="46"/>
						<String ID="P4_ST01879" HPOS="3622" VPOS="4928" WIDTH="79" HEIGHT="47" CONTENT="die" WC="0.97" CC="017"/>
						<SP ID="P4_SP01619" HPOS="3701" VPOS="4987" WIDTH="45"/>
						<String ID="P4_ST01880" HPOS="3746" VPOS="4927" WIDTH="416" HEIGHT="64" CONTENT="Zurückhaltung" WC="0.99" CC="0620690080380"/>
						<SP ID="P4_SP01620" HPOS="4162" VPOS="4991" WIDTH="40"/>
						<String ID="P4_ST01881" HPOS="4202" VPOS="4930" WIDTH="266" HEIGHT="49" CONTENT="liebenden" WC="0.99" CC="500703074"/>
						<SP ID="P4_SP01621" HPOS="4468" VPOS="4991" WIDTH="43"/>
						<String ID="P4_ST01882" HPOS="4511" VPOS="4931" WIDTH="337" HEIGHT="51" CONTENT="Geschmack." WC="0.99" CC="7045000503"/>
					</TextLine>
					<TextLine ID="P4_TL00254" HPOS="3469" VPOS="5024" WIDTH="1379" HEIGHT="65">
						<String ID="P4_ST01883" HPOS="3469" VPOS="5024" WIDTH="103" HEIGHT="49" CONTENT="Der" WC="0.97" CC="170"/>
						<SP ID="P4_SP01622" HPOS="3572" VPOS="5073" WIDTH="37"/>
						<String ID="P4_ST01884" HPOS="3609" VPOS="5024" WIDTH="264" HEIGHT="50" CONTENT="Ausdruck" WC="0.99" CC="06000506"/>
						<SP ID="P4_SP01623" HPOS="3873" VPOS="5074" WIDTH="37"/>
						<String ID="P4_ST01885" HPOS="3910" VPOS="5025" WIDTH="91" HEIGHT="49" CONTENT="des" WC="0.97" CC="070"/>
						<SP ID="P4_SP01624" HPOS="4001" VPOS="5074" WIDTH="39"/>
						<String ID="P4_ST01886" HPOS="4040" VPOS="5024" WIDTH="243" HEIGHT="52" CONTENT="Antlitzes" WC="0.99" CC="060810570"/>
						<SP ID="P4_SP01625" HPOS="4283" VPOS="5076" WIDTH="38"/>
						<String ID="P4_ST01887" HPOS="4321" VPOS="5030" WIDTH="164" HEIGHT="46" CONTENT="seiner" WC="0.97" CC="099700"/>
						<SP ID="P4_SP01626" HPOS="4485" VPOS="5076" WIDTH="36"/>
						<String ID="P4_ST01888" HPOS="4521" VPOS="5030" WIDTH="160" HEIGHT="47" CONTENT="Mona" WC="0.99" CC="0030"/>
						<SP ID="P4_SP01627" HPOS="4681" VPOS="5077" WIDTH="39"/>
						<String ID="P4_ST01889" HPOS="4720" VPOS="5030" WIDTH="128" HEIGHT="59" CONTENT="Lisa," WC="0.99" CC="02004"/>
					</TextLine>
					<TextLine ID="P4_TL00255" HPOS="3343" VPOS="5094" WIDTH="1508" HEIGHT="65">
						<String ID="P4_ST01890" HPOS="3343" VPOS="5095" WIDTH="89" HEIGHT="47" CONTENT="der" WC="0.99" CC="010"/>
						<SP ID="P4_SP01628" HPOS="3432" VPOS="5142" WIDTH="36"/>
						<String ID="P4_ST01891" HPOS="3468" VPOS="5094" WIDTH="284" HEIGHT="62" CONTENT="GioConda," WC="0.74" CC="605030024"/>
						<SP ID="P4_SP01629" HPOS="3752" VPOS="5156" WIDTH="40"/>
						<String ID="P4_ST01892" HPOS="3792" VPOS="5096" WIDTH="99" HEIGHT="48" CONTENT="wie" WC="0.99" CC="020"/>
						<SP ID="P4_SP01630" HPOS="3891" VPOS="5156" WIDTH="32"/>
						<String ID="P4_ST01893" HPOS="3923" VPOS="5112" WIDTH="56" HEIGHT="33" CONTENT="er" WC="0.64" CC="70"/>
						<SP ID="P4_SP01631" HPOS="3979" VPOS="5156" WIDTH="32"/>
						<String ID="P4_ST01894" HPOS="4011" VPOS="5098" WIDTH="75" HEIGHT="47" CONTENT="sie" WC="0.96" CC="009"/>
						<SP ID="P4_SP01632" HPOS="4086" VPOS="5156" WIDTH="36"/>
						<String ID="P4_ST01895" HPOS="4122" VPOS="5097" WIDTH="108" HEIGHT="60" CONTENT="sah," WC="0.99" CC="1004"/>
						<SP ID="P4_SP01633" HPOS="4230" VPOS="5157" WIDTH="38"/>
						<String ID="P4_ST01896" HPOS="4268" VPOS="5096" WIDTH="105" HEIGHT="63" CONTENT="gab" WC="0.96" CC="009"/>
						<SP ID="P4_SP01634" HPOS="4373" VPOS="5159" WIDTH="31"/>
						<String ID="P4_ST01897" HPOS="4404" VPOS="5097" WIDTH="102" HEIGHT="53" CONTENT="ihm" WC="0.99" CC="200"/>
						<SP ID="P4_SP01635" HPOS="4506" VPOS="5159" WIDTH="39"/>
						<String ID="P4_ST01898" HPOS="4545" VPOS="5096" WIDTH="279" HEIGHT="53" CONTENT="SChicksals" SUBS_TYPE="HypPart1" SUBS_CONTENT="SChicksalsstunden." WC="0.80" CC="0050200080"/>
						<HYP HPOS="4824" VPOS="5096" WIDTH="27" CONTENT="-"/>
					</TextLine>
					<TextLine ID="P4_TL00256" HPOS="3339" VPOS="5164" WIDTH="1509" HEIGHT="64">
						<String ID="P4_ST01899" HPOS="3339" VPOS="5164" WIDTH="239" HEIGHT="49" CONTENT="stunden." SUBS_TYPE="HypPart2" SUBS_CONTENT="SChicksalsstunden." WC="0.86" CC="00430002"/>
						<SP ID="P4_SP01636" HPOS="3578" VPOS="5213" WIDTH="79"/>
						<String ID="P4_ST01900" HPOS="3657" VPOS="5165" WIDTH="201" HEIGHT="49" CONTENT="Andere" WC="0.99" CC="070007"/>
						<SP ID="P4_SP01637" HPOS="3858" VPOS="5214" WIDTH="48"/>
						<String ID="P4_ST01901" HPOS="3906" VPOS="5164" WIDTH="76" HEIGHT="50" CONTENT="als" WC="0.97" CC="080"/>
						<SP ID="P4_SP01638" HPOS="3982" VPOS="5214" WIDTH="49"/>
						<String ID="P4_ST01902" HPOS="4031" VPOS="5167" WIDTH="92" HEIGHT="61" CONTENT="ihr," WC="0.97" CC="5104"/>
						<SP ID="P4_SP01639" HPOS="4123" VPOS="5228" WIDTH="52"/>
						<String ID="P4_ST01903" HPOS="4175" VPOS="5168" WIDTH="219" HEIGHT="49" CONTENT="stärkere" WC="0.99" CC="08000090"/>
						<SP ID="P4_SP01640" HPOS="4394" VPOS="5228" WIDTH="48"/>
						<String ID="P4_ST01904" HPOS="4442" VPOS="5168" WIDTH="75" HEIGHT="48" CONTENT="als" WC="1.00" CC="010"/>
						<SP ID="P4_SP01641" HPOS="4517" VPOS="5228" WIDTH="50"/>
						<String ID="P4_ST01905" HPOS="4567" VPOS="5168" WIDTH="81" HEIGHT="49" CONTENT="die" WC="0.97" CC="070"/>
						<SP ID="P4_SP01642" HPOS="4648" VPOS="5228" WIDTH="50"/>
						<String ID="P4_ST01906" HPOS="4698" VPOS="5169" WIDTH="150" HEIGHT="48" CONTENT="Liebe" WC="0.98" CC="00492"/>
					</TextLine>
					<TextLine ID="P4_TL00257" HPOS="3341" VPOS="5231" WIDTH="1507" HEIGHT="65">
						<String ID="P4_ST01907" HPOS="3341" VPOS="5231" WIDTH="151" HEIGHT="53" CONTENT="allein" WC="0.98" CC="039005"/>
						<SP ID="P4_SP01643" HPOS="3492" VPOS="5284" WIDTH="38"/>
						<String ID="P4_ST01908" HPOS="3530" VPOS="5236" WIDTH="78" HEIGHT="48" CONTENT="sie" WC="0.93" CC="990"/>
						<SP ID="P4_SP01644" HPOS="3608" VPOS="5284" WIDTH="38"/>
						<String ID="P4_ST01909" HPOS="3646" VPOS="5235" WIDTH="167" HEIGHT="61" CONTENT="geben" WC="0.99" CC="00090"/>
						<SP ID="P4_SP01645" HPOS="3813" VPOS="5296" WIDTH="40"/>
						<String ID="P4_ST01910" HPOS="3853" VPOS="5236" WIDTH="205" HEIGHT="49" CONTENT="konnte." WC="0.99" CC="0085000"/>
						<SP ID="P4_SP01646" HPOS="4058" VPOS="5296" WIDTH="72"/>
						<String ID="P4_ST01911" HPOS="4130" VPOS="5238" WIDTH="153" HEIGHT="49" CONTENT="Diese" WC="0.98" CC="03710"/>
						<SP ID="P4_SP01647" HPOS="4283" VPOS="5296" WIDTH="41"/>
						<String ID="P4_ST01912" HPOS="4324" VPOS="5237" WIDTH="226" HEIGHT="49" CONTENT="Stunden" WC="0.99" CC="0064024"/>
						<SP ID="P4_SP01648" HPOS="4550" VPOS="5296" WIDTH="43"/>
						<String ID="P4_ST01913" HPOS="4593" VPOS="5238" WIDTH="166" HEIGHT="49" CONTENT="haben" WC="0.99" CC="00008"/>
						<SP ID="P4_SP01649" HPOS="4759" VPOS="5296" WIDTH="40"/>
						<String ID="P4_ST01914" HPOS="4799" VPOS="5243" WIDTH="49" HEIGHT="47" CONTENT="in" WC="0.53" CC="35"/>
					</TextLine>
					<TextLine ID="P4_TL00258" HPOS="3344" VPOS="5303" WIDTH="752" HEIGHT="53">
						<String ID="P4_ST01915" HPOS="3344" VPOS="5305" WIDTH="266" HEIGHT="49" CONTENT="Leonardo" WC="1.00" CC="02020000"/>
						<SP ID="P4_SP01650" HPOS="3610" VPOS="5354" WIDTH="50"/>
						<String ID="P4_ST01916" HPOS="3660" VPOS="5303" WIDTH="100" HEIGHT="52" CONTENT="viel" WC="0.98" CC="0208"/>
						<SP ID="P4_SP01651" HPOS="3760" VPOS="5355" WIDTH="45"/>
						<String ID="P4_ST01917" HPOS="3805" VPOS="5306" WIDTH="291" HEIGHT="50" CONTENT="vernichtet." WC="0.99" CC="00321929002"/>
					</TextLine>
					<TextLine ID="P4_TL00259" HPOS="3471" VPOS="5389" WIDTH="1380" HEIGHT="63">
						<String ID="P4_ST01918" HPOS="3471" VPOS="5389" WIDTH="64" HEIGHT="47" CONTENT="Er" WC="0.69" CC="60"/>
						<SP ID="P4_SP01652" HPOS="3535" VPOS="5436" WIDTH="43"/>
						<String ID="P4_ST01919" HPOS="3578" VPOS="5389" WIDTH="110" HEIGHT="60" CONTENT="sah," WC="0.96" CC="9053"/>
						<SP ID="P4_SP01653" HPOS="3688" VPOS="5449" WIDTH="50"/>
						<String ID="P4_ST01920" HPOS="3738" VPOS="5389" WIDTH="99" HEIGHT="49" CONTENT="daß" WC="1.00" CC="010"/>
						<SP ID="P4_SP01654" HPOS="3837" VPOS="5449" WIDTH="50"/>
						<String ID="P4_ST01921" HPOS="3887" VPOS="5389" WIDTH="94" HEIGHT="49" CONTENT="alle" WC="0.99" CC="0400"/>
						<SP ID="P4_SP01655" HPOS="3981" VPOS="5449" WIDTH="45"/>
						<String ID="P4_ST01922" HPOS="4026" VPOS="5390" WIDTH="415" HEIGHT="62" CONTENT="Empfindungen" WC="0.99" CC="700600001078"/>
						<SP ID="P4_SP01656" HPOS="4441" VPOS="5452" WIDTH="48"/>
						<String ID="P4_ST01923" HPOS="4489" VPOS="5394" WIDTH="50" HEIGHT="47" CONTENT="in" WC="0.55" CC="71"/>
						<SP ID="P4_SP01657" HPOS="4539" VPOS="5452" WIDTH="47"/>
						<String ID="P4_ST01924" HPOS="4586" VPOS="5393" WIDTH="118" HEIGHT="47" CONTENT="dem" WC="0.98" CC="040"/>
						<SP ID="P4_SP01658" HPOS="4704" VPOS="5452" WIDTH="47"/>
						<String ID="P4_ST01925" HPOS="4751" VPOS="5394" WIDTH="67" HEIGHT="48" CONTENT="Ge" SUBS_TYPE="HypPart1" SUBS_CONTENT="Gesicht" WC="0.93" CC="67"/>
						<HYP HPOS="4818" VPOS="5394" WIDTH="33" CONTENT="-"/>
					</TextLine>
					<TextLine ID="P4_TL00260" HPOS="3341" VPOS="5457" WIDTH="1507" HEIGHT="66">
						<String ID="P4_ST01926" HPOS="3341" VPOS="5457" WIDTH="129" HEIGHT="49" CONTENT="sicht" SUBS_TYPE="HypPart2" SUBS_CONTENT="Gesicht" WC="1.00" CC="03000"/>
						<SP ID="P4_SP01659" HPOS="3470" VPOS="5506" WIDTH="40"/>
						<String ID="P4_ST01927" HPOS="3510" VPOS="5459" WIDTH="90" HEIGHT="48" CONTENT="der" WC="1.00" CC="000"/>
						<SP ID="P4_SP01660" HPOS="3600" VPOS="5507" WIDTH="42"/>
						<String ID="P4_ST01928" HPOS="3642" VPOS="5460" WIDTH="130" HEIGHT="47" CONTENT="Frau" WC="0.96" CC="5605"/>
						<SP ID="P4_SP01661" HPOS="3772" VPOS="5507" WIDTH="36"/>
						<String ID="P4_ST01929" HPOS="3808" VPOS="5460" WIDTH="184" HEIGHT="47" CONTENT="kamen" WC="0.98" CC="05070"/>
						<SP ID="P4_SP01662" HPOS="3992" VPOS="5507" WIDTH="39"/>
						<String ID="P4_ST01930" HPOS="4031" VPOS="5461" WIDTH="105" HEIGHT="47" CONTENT="und" WC="0.99" CC="030"/>
						<SP ID="P4_SP01663" HPOS="4136" VPOS="5508" WIDTH="39"/>
						<String ID="P4_ST01931" HPOS="4175" VPOS="5463" WIDTH="207" HEIGHT="60" CONTENT="gingen," WC="0.97" CC="9620774"/>
						<SP ID="P4_SP01664" HPOS="4382" VPOS="5523" WIDTH="44"/>
						<String ID="P4_ST01932" HPOS="4426" VPOS="5460" WIDTH="100" HEIGHT="50" CONTENT="fast" WC="0.97" CC="5450"/>
						<SP ID="P4_SP01665" HPOS="4526" VPOS="5523" WIDTH="35"/>
						<String ID="P4_ST01933" HPOS="4561" VPOS="5462" WIDTH="135" HEIGHT="48" CONTENT="ohne" WC="0.97" CC="9200"/>
						<SP ID="P4_SP01666" HPOS="4696" VPOS="5523" WIDTH="41"/>
						<String ID="P4_ST01934" HPOS="4737" VPOS="5478" WIDTH="111" HEIGHT="33" CONTENT="eine" WC="0.97" CC="5503"/>
					</TextLine>
					<TextLine ID="P4_TL00261" HPOS="3342" VPOS="5527" WIDTH="1509" HEIGHT="65">
						<String ID="P4_ST01935" HPOS="3342" VPOS="5527" WIDTH="131" HEIGHT="61" CONTENT="Spur" WC="0.99" CC="0040"/>
						<SP ID="P4_SP01667" HPOS="3473" VPOS="5588" WIDTH="25"/>
						<String ID="P4_ST01936" HPOS="3498" VPOS="5543" WIDTH="60" HEIGHT="33" CONTENT="zu" WC="0.64" CC="06"/>
						<SP ID="P4_SP01668" HPOS="3558" VPOS="5588" WIDTH="26"/>
						<String ID="P4_ST01937" HPOS="3584" VPOS="5527" WIDTH="353" HEIGHT="63" CONTENT="hinterlassen," WC="0.99" CC="7330008090044"/>
						<SP ID="P4_SP01669" HPOS="3937" VPOS="5590" WIDTH="27"/>
						<String ID="P4_ST01938" HPOS="3964" VPOS="5532" WIDTH="171" HEIGHT="60" CONTENT="geeint" WC="0.99" CC="000070"/>
						<SP ID="P4_SP01670" HPOS="4135" VPOS="5592" WIDTH="23"/>
						<String ID="P4_ST01939" HPOS="4158" VPOS="5530" WIDTH="158" HEIGHT="48" CONTENT="durCh" WC="0.92" CC="00004"/>
						<SP ID="P4_SP01671" HPOS="4316" VPOS="5592" WIDTH="28"/>
						<String ID="P4_ST01940" HPOS="4344" VPOS="5532" WIDTH="288" HEIGHT="50" CONTENT="instinktive" WC="0.99" CC="08000400190"/>
						<SP ID="P4_SP01672" HPOS="4632" VPOS="5592" WIDTH="29"/>
						<String ID="P4_ST01941" HPOS="4661" VPOS="5533" WIDTH="163" HEIGHT="49" CONTENT="Sicher" SUBS_TYPE="HypPart1" SUBS_CONTENT="Sicherheit" WC="0.99" CC="010410"/>
						<HYP HPOS="4824" VPOS="5533" WIDTH="27" CONTENT="-"/>
					</TextLine>
					<TextLine ID="P4_TL00262" HPOS="3344" VPOS="5597" WIDTH="1504" HEIGHT="64">
						<String ID="P4_ST01942" HPOS="3344" VPOS="5597" WIDTH="103" HEIGHT="49" CONTENT="heit" SUBS_TYPE="HypPart2" SUBS_CONTENT="Sicherheit" WC="0.99" CC="0030"/>
						<SP ID="P4_SP01673" HPOS="3447" VPOS="5646" WIDTH="48"/>
						<String ID="P4_ST01943" HPOS="3495" VPOS="5599" WIDTH="103" HEIGHT="47" CONTENT="und" WC="0.97" CC="260"/>
						<SP ID="P4_SP01674" HPOS="3598" VPOS="5646" WIDTH="49"/>
						<String ID="P4_ST01944" HPOS="3647" VPOS="5600" WIDTH="188" HEIGHT="60" CONTENT="geübte" WC="0.99" CC="072500"/>
						<SP ID="P4_SP01675" HPOS="3835" VPOS="5660" WIDTH="52"/>
						<String ID="P4_ST01945" HPOS="3887" VPOS="5599" WIDTH="398" HEIGHT="62" CONTENT="Beherrschung." WC="1.00" CC="4900060000103"/>
						<SP ID="P4_SP01676" HPOS="4285" VPOS="5661" WIDTH="80"/>
						<String ID="P4_ST01946" HPOS="4365" VPOS="5602" WIDTH="109" HEIGHT="47" CONTENT="Nur" WC="0.98" CC="040"/>
						<SP ID="P4_SP01677" HPOS="4474" VPOS="5661" WIDTH="48"/>
						<String ID="P4_ST01947" HPOS="4522" VPOS="5605" WIDTH="160" HEIGHT="46" CONTENT="etwas" WC="0.99" CC="00004"/>
						<SP ID="P4_SP01678" HPOS="4682" VPOS="5661" WIDTH="49"/>
						<String ID="P4_ST01948" HPOS="4731" VPOS="5614" WIDTH="117" HEIGHT="40" CONTENT="vom" WC="0.99" CC="010"/>
					</TextLine>
					<TextLine ID="P4_TL00263" HPOS="3344" VPOS="5665" WIDTH="1507" HEIGHT="66">
						<String ID="P4_ST01949" HPOS="3344" VPOS="5665" WIDTH="230" HEIGHT="63" CONTENT="Lächeln," WC="0.99" CC="90600044"/>
						<SP ID="P4_SP01679" HPOS="3574" VPOS="5728" WIDTH="48"/>
						<String ID="P4_ST01950" HPOS="3622" VPOS="5670" WIDTH="115" HEIGHT="51" CONTENT="dem" WC="0.95" CC="154"/>
						<SP ID="P4_SP01680" HPOS="3737" VPOS="5728" WIDTH="47"/>
						<String ID="P4_ST01951" HPOS="3784" VPOS="5669" WIDTH="529" HEIGHT="62" CONTENT="schicksalsagenden," WC="1.00" CC="700200006004070974"/>
						<SP ID="P4_SP01681" HPOS="4313" VPOS="5731" WIDTH="49"/>
						<String ID="P4_ST01952" HPOS="4362" VPOS="5672" WIDTH="459" HEIGHT="49" CONTENT="unheilverkünden" SUBS_TYPE="HypPart1" SUBS_CONTENT="unheilverkündenden," WC="0.99" CC="070907000087045"/>
						<HYP HPOS="4821" VPOS="5672" WIDTH="30" CONTENT="-"/>
					</TextLine>
					<TextLine ID="P4_TL00264" HPOS="3344" VPOS="5737" WIDTH="1504" HEIGHT="66">
						<String ID="P4_ST01953" HPOS="3344" VPOS="5738" WIDTH="113" HEIGHT="59" CONTENT="den," SUBS_TYPE="HypPart2" SUBS_CONTENT="unheilverkündenden," WC="0.98" CC="0034"/>
						<SP ID="P4_SP01682" HPOS="3457" VPOS="5797" WIDTH="44"/>
						<String ID="P4_ST01954" HPOS="3501" VPOS="5738" WIDTH="112" HEIGHT="48" CONTENT="dem" WC="0.96" CC="009"/>
						<SP ID="P4_SP01683" HPOS="3613" VPOS="5797" WIDTH="41"/>
						<String ID="P4_ST01955" HPOS="3654" VPOS="5741" WIDTH="125" HEIGHT="46" CONTENT="stets" WC="0.99" CC="00090"/>
						<SP ID="P4_SP01684" HPOS="3779" VPOS="5797" WIDTH="40"/>
						<String ID="P4_ST01956" HPOS="3819" VPOS="5737" WIDTH="252" HEIGHT="64" CONTENT="geliebten" WC="0.99" CC="918006062"/>
						<SP ID="P4_SP01685" HPOS="4071" VPOS="5801" WIDTH="39"/>
						<String ID="P4_ST01957" HPOS="4110" VPOS="5741" WIDTH="291" HEIGHT="61" CONTENT="tragischen" WC="0.99" CC="7000003007"/>
						<SP ID="P4_SP01686" HPOS="4401" VPOS="5802" WIDTH="42"/>
						<String ID="P4_ST01958" HPOS="4443" VPOS="5742" WIDTH="230" HEIGHT="61" CONTENT="Lächeln," WC="0.97" CC="90577754"/>
						<SP ID="P4_SP01687" HPOS="4673" VPOS="5803" WIDTH="42"/>
						<String ID="P4_ST01959" HPOS="4715" VPOS="5743" WIDTH="133" HEIGHT="49" CONTENT="blieb" WC="0.98" CC="32600"/>
					</TextLine>
					<TextLine ID="P4_TL00265" HPOS="3341" VPOS="5808" WIDTH="1510" HEIGHT="63">
						<String ID="P4_ST01960" HPOS="3341" VPOS="5823" WIDTH="66" HEIGHT="33" CONTENT="an" WC="0.73" CC="05"/>
						<SP ID="P4_SP01688" HPOS="3407" VPOS="5856" WIDTH="37"/>
						<String ID="P4_ST01961" HPOS="3444" VPOS="5808" WIDTH="89" HEIGHT="49" CONTENT="der" WC="1.00" CC="000"/>
						<SP ID="P4_SP01689" HPOS="3533" VPOS="5857" WIDTH="32"/>
						<String ID="P4_ST01962" HPOS="3565" VPOS="5810" WIDTH="137" HEIGHT="59" CONTENT="ewig" WC="0.99" CC="0040"/>
						<SP ID="P4_SP01690" HPOS="3702" VPOS="5869" WIDTH="32"/>
						<String ID="P4_ST01963" HPOS="3734" VPOS="5809" WIDTH="310" HEIGHT="49" CONTENT="Wartenden" WC="0.99" CC="030026078"/>
						<SP ID="P4_SP01691" HPOS="4044" VPOS="5869" WIDTH="37"/>
						<String ID="P4_ST01964" HPOS="4081" VPOS="5809" WIDTH="188" HEIGHT="62" CONTENT="haften," WC="0.99" CC="4400074"/>
						<SP ID="P4_SP01692" HPOS="4269" VPOS="5871" WIDTH="37"/>
						<String ID="P4_ST01965" HPOS="4306" VPOS="5812" WIDTH="75" HEIGHT="47" CONTENT="als" WC="0.97" CC="080"/>
						<SP ID="P4_SP01693" HPOS="4381" VPOS="5871" WIDTH="35"/>
						<String ID="P4_ST01966" HPOS="4416" VPOS="5812" WIDTH="79" HEIGHT="50" CONTENT="ihr" WC="0.97" CC="700"/>
						<SP ID="P4_SP01694" HPOS="4495" VPOS="5871" WIDTH="32"/>
						<String ID="P4_ST01967" HPOS="4527" VPOS="5814" WIDTH="80" HEIGHT="47" CONTENT="die" WC="0.96" CC="027"/>
						<SP ID="P4_SP01695" HPOS="4607" VPOS="5871" WIDTH="40"/>
						<String ID="P4_ST01968" HPOS="4647" VPOS="5814" WIDTH="175" HEIGHT="50" CONTENT="Erinne" SUBS_TYPE="HypPart1" SUBS_CONTENT="Erinnerung" WC="0.98" CC="144840"/>
						<HYP HPOS="4822" VPOS="5814" WIDTH="29" CONTENT="-"/>
					</TextLine>
					<TextLine ID="P4_TL00266" HPOS="3343" VPOS="5877" WIDTH="1508" HEIGHT="63">
						<String ID="P4_ST01969" HPOS="3343" VPOS="5892" WIDTH="132" HEIGHT="48" CONTENT="rung" SUBS_TYPE="HypPart2" SUBS_CONTENT="Erinnerung" WC="0.99" CC="0050"/>
						<SP ID="P4_SP01696" HPOS="3475" VPOS="5940" WIDTH="43"/>
						<String ID="P4_ST01970" HPOS="3518" VPOS="5893" WIDTH="62" HEIGHT="33" CONTENT="an" WC="0.65" CC="07"/>
						<SP ID="P4_SP01697" HPOS="3580" VPOS="5940" WIDTH="44"/>
						<String ID="P4_ST01971" HPOS="3624" VPOS="5877" WIDTH="125" HEIGHT="50" CONTENT="alles" WC="0.97" CC="92070"/>
						<SP ID="P4_SP01698" HPOS="3749" VPOS="5940" WIDTH="48"/>
						<String ID="P4_ST01972" HPOS="3797" VPOS="5878" WIDTH="283" HEIGHT="49" CONTENT="Gewesene" WC="0.98" CC="57017080"/>
						<SP ID="P4_SP01699" HPOS="4080" VPOS="5940" WIDTH="46"/>
						<String ID="P4_ST01973" HPOS="4126" VPOS="5880" WIDTH="258" HEIGHT="50" CONTENT="schwand." WC="0.99" CC="00500303"/>
						<SP ID="P4_SP01700" HPOS="4384" VPOS="5940" WIDTH="78"/>
						<String ID="P4_ST01974" HPOS="4462" VPOS="5883" WIDTH="105" HEIGHT="48" CONTENT="Das" WC="1.00" CC="000"/>
						<SP ID="P4_SP01701" HPOS="4567" VPOS="5940" WIDTH="46"/>
						<String ID="P4_ST01975" HPOS="4613" VPOS="5897" WIDTH="108" HEIGHT="34" CONTENT="war" WC="1.00" CC="000"/>
						<SP ID="P4_SP01702" HPOS="4721" VPOS="5940" WIDTH="40"/>
						<String ID="P4_ST01976" HPOS="4761" VPOS="5884" WIDTH="90" HEIGHT="47" CONTENT="der" WC="0.96" CC="901"/>
					</TextLine>
					<TextLine ID="P4_TL00267" HPOS="3344" VPOS="5945" WIDTH="1505" HEIGHT="68">
						<String ID="P4_ST01977" HPOS="3344" VPOS="5945" WIDTH="330" HEIGHT="63" CONTENT="Augenblick," WC="0.99" CC="05000781004"/>
						<SP ID="P4_SP01703" HPOS="3674" VPOS="6008" WIDTH="40"/>
						<String ID="P4_ST01978" HPOS="3714" VPOS="5950" WIDTH="52" HEIGHT="46" CONTENT="in" WC="0.14" CC="97"/>
						<SP ID="P4_SP01704" HPOS="3766" VPOS="6008" WIDTH="44"/>
						<String ID="P4_ST01979" HPOS="3810" VPOS="5949" WIDTH="112" HEIGHT="47" CONTENT="dem" WC="1.00" CC="000"/>
						<SP ID="P4_SP01705" HPOS="3922" VPOS="6008" WIDTH="42"/>
						<String ID="P4_ST01980" HPOS="3964" VPOS="5964" WIDTH="56" HEIGHT="33" CONTENT="er" WC="1.00" CC="00"/>
						<SP ID="P4_SP01706" HPOS="4020" VPOS="6008" WIDTH="39"/>
						<String ID="P4_ST01981" HPOS="4059" VPOS="5952" WIDTH="72" HEIGHT="46" CONTENT="sie" WC="0.96" CC="009"/>
						<SP ID="P4_SP01707" HPOS="4131" VPOS="6008" WIDTH="41"/>
						<String ID="P4_ST01982" HPOS="4172" VPOS="5966" WIDTH="133" HEIGHT="47" CONTENT="ganz" WC="0.97" CC="0145"/>
						<SP ID="P4_SP01708" HPOS="4305" VPOS="6013" WIDTH="37"/>
						<String ID="P4_ST01983" HPOS="4342" VPOS="5953" WIDTH="260" HEIGHT="60" CONTENT="erkannte," WC="0.99" CC="000476074"/>
						<SP ID="P4_SP01709" HPOS="4602" VPOS="6013" WIDTH="40"/>
						<String ID="P4_ST01984" HPOS="4642" VPOS="5954" WIDTH="105" HEIGHT="48" CONTENT="und" WC="0.95" CC="740"/>
						<SP ID="P4_SP01710" HPOS="4747" VPOS="6013" WIDTH="42"/>
						<String ID="P4_ST01985" HPOS="4789" VPOS="5969" WIDTH="60" HEIGHT="33" CONTENT="so" WC="1.00" CC="00"/>
					</TextLine>
					<TextLine ID="P4_TL00268" HPOS="3343" VPOS="6015" WIDTH="1505" HEIGHT="58">
						<String ID="P4_ST01986" HPOS="3343" VPOS="6015" WIDTH="171" HEIGHT="51" CONTENT="wollte" WC="0.98" CC="008604"/>
						<SP ID="P4_SP01711" HPOS="3514" VPOS="6066" WIDTH="40"/>
						<String ID="P4_ST01987" HPOS="3554" VPOS="6032" WIDTH="56" HEIGHT="33" CONTENT="er" WC="1.00" CC="00"/>
						<SP ID="P4_SP01712" HPOS="3610" VPOS="6066" WIDTH="38"/>
						<String ID="P4_ST01988" HPOS="3648" VPOS="6020" WIDTH="75" HEIGHT="47" CONTENT="sie" WC="0.97" CC="440"/>
						<SP ID="P4_SP01713" HPOS="3723" VPOS="6067" WIDTH="43"/>
						<String ID="P4_ST01989" HPOS="3766" VPOS="6017" WIDTH="81" HEIGHT="49" CONTENT="für" WC="0.98" CC="400"/>
						<SP ID="P4_SP01714" HPOS="3847" VPOS="6067" WIDTH="41"/>
						<String ID="P4_ST01990" HPOS="3888" VPOS="6020" WIDTH="177" HEIGHT="48" CONTENT="immer" WC="0.99" CC="40010"/>
						<SP ID="P4_SP01715" HPOS="4065" VPOS="6068" WIDTH="38"/>
						<String ID="P4_ST01991" HPOS="4103" VPOS="6022" WIDTH="143" HEIGHT="48" CONTENT="sehn." WC="0.96" CC="59474"/>
						<SP ID="P4_SP01716" HPOS="4246" VPOS="6070" WIDTH="77"/>
						<String ID="P4_ST01992" HPOS="4323" VPOS="6024" WIDTH="63" HEIGHT="45" CONTENT="Er" WC="0.66" CC="50"/>
						<SP ID="P4_SP01717" HPOS="4386" VPOS="6070" WIDTH="39"/>
						<String ID="P4_ST01993" HPOS="4425" VPOS="6023" WIDTH="135" HEIGHT="48" CONTENT="hätte" WC="1.00" CC="03000"/>
						<SP ID="P4_SP01718" HPOS="4560" VPOS="6071" WIDTH="44"/>
						<String ID="P4_ST01994" HPOS="4604" VPOS="6024" WIDTH="76" HEIGHT="48" CONTENT="ihr" WC="1.00" CC="000"/>
						<SP ID="P4_SP01719" HPOS="4680" VPOS="6072" WIDTH="41"/>
						<String ID="P4_ST01995" HPOS="4721" VPOS="6024" WIDTH="127" HEIGHT="49" CONTENT="nach" WC="0.94" CC="8577"/>
					</TextLine>
					<TextLine ID="P4_TL00269" HPOS="3341" VPOS="6087" WIDTH="1510" HEIGHT="68">
						<String ID="P4_ST01996" HPOS="3341" VPOS="6090" WIDTH="192" HEIGHT="46" CONTENT="seinem" WC="0.98" CC="500307"/>
						<SP ID="P4_SP01720" HPOS="3533" VPOS="6136" WIDTH="39"/>
						<String ID="P4_ST01997" HPOS="3572" VPOS="6087" WIDTH="268" HEIGHT="51" CONTENT="Gewissen" WC="0.99" CC="60070007"/>
						<SP ID="P4_SP01721" HPOS="3840" VPOS="6138" WIDTH="36"/>
						<String ID="P4_ST01998" HPOS="3876" VPOS="6090" WIDTH="131" HEIGHT="48" CONTENT="doCh" WC="0.90" CC="0201"/>
						<SP ID="P4_SP01722" HPOS="4007" VPOS="6138" WIDTH="33"/>
						<String ID="P4_ST01999" HPOS="4040" VPOS="6106" WIDTH="97" HEIGHT="33" CONTENT="nur" WC="0.95" CC="760"/>
						<SP ID="P4_SP01723" HPOS="4137" VPOS="6139" WIDTH="33"/>
						<String ID="P4_ST02000" HPOS="4170" VPOS="6091" WIDTH="288" HEIGHT="64" CONTENT="Ahnungen" WC="0.98" CC="04360098"/>
						<SP ID="P4_SP01724" HPOS="4458" VPOS="6155" WIDTH="35"/>
						<String ID="P4_ST02001" HPOS="4493" VPOS="6094" WIDTH="186" HEIGHT="61" CONTENT="bieten," WC="0.99" CC="0070084"/>
						<SP ID="P4_SP01725" HPOS="4679" VPOS="6155" WIDTH="37"/>
						<String ID="P4_ST02002" HPOS="4716" VPOS="6095" WIDTH="135" HEIGHT="49" CONTENT="nicht" WC="0.99" CC="60000"/>
					</TextLine>
					<TextLine ID="P4_TL00270" HPOS="3341" VPOS="6158" WIDTH="1509" HEIGHT="65">
						<String ID="P4_ST02003" HPOS="3341" VPOS="6161" WIDTH="140" HEIGHT="45" CONTENT="seine" WC="0.98" CC="10083"/>
						<SP ID="P4_SP01726" HPOS="3481" VPOS="6206" WIDTH="34"/>
						<String ID="P4_ST02004" HPOS="3515" VPOS="6173" WIDTH="91" HEIGHT="33" CONTENT="aus" WC="0.97" CC="070"/>
						<SP ID="P4_SP01727" HPOS="3606" VPOS="6206" WIDTH="32"/>
						<String ID="P4_ST02005" HPOS="3638" VPOS="6158" WIDTH="117" HEIGHT="48" CONTENT="dem" WC="0.93" CC="990"/>
						<SP ID="P4_SP01728" HPOS="3755" VPOS="6206" WIDTH="37"/>
						<String ID="P4_ST02006" HPOS="3792" VPOS="6161" WIDTH="317" HEIGHT="49" CONTENT="Fundament" WC="0.98" CC="754049060"/>
						<SP ID="P4_SP01729" HPOS="4109" VPOS="6210" WIDTH="32"/>
						<String ID="P4_ST02007" HPOS="4141" VPOS="6161" WIDTH="344" HEIGHT="62" CONTENT="aufgebauten" WC="0.98" CC="06609993075"/>
						<SP ID="P4_SP01730" HPOS="4485" VPOS="6223" WIDTH="32"/>
						<String ID="P4_ST02008" HPOS="4517" VPOS="6164" WIDTH="194" HEIGHT="48" CONTENT="zahllos" WC="0.98" CC="8151901"/>
						<SP ID="P4_SP01731" HPOS="4711" VPOS="6223" WIDTH="35"/>
						<String ID="P4_ST02009" HPOS="4746" VPOS="6165" WIDTH="104" HEIGHT="48" CONTENT="sich" WC="0.98" CC="0090"/>
					</TextLine>
					<TextLine ID="P4_TL00271" HPOS="3346" VPOS="6225" WIDTH="1505" HEIGHT="69">
						<String ID="P4_ST02010" HPOS="3346" VPOS="6225" WIDTH="250" HEIGHT="52" CONTENT="teilenden" WC="0.99" CC="001803005"/>
						<SP ID="P4_SP01732" HPOS="3596" VPOS="6277" WIDTH="30"/>
						<String ID="P4_ST02011" HPOS="3626" VPOS="6228" WIDTH="350" HEIGHT="65" CONTENT="Erfahrungen" WC="0.99" CC="60506838093"/>
						<SP ID="P4_SP01733" HPOS="3976" VPOS="6293" WIDTH="26"/>
						<String ID="P4_ST02012" HPOS="4002" VPOS="6232" WIDTH="167" HEIGHT="62" CONTENT="geben" WC="0.98" CC="00075"/>
						<SP ID="P4_SP01734" HPOS="4169" VPOS="6294" WIDTH="24"/>
						<String ID="P4_ST02013" HPOS="4193" VPOS="6233" WIDTH="222" HEIGHT="50" CONTENT="können." WC="1.00" CC="0000014"/>
						<SP ID="P4_SP01735" HPOS="4415" VPOS="6294" WIDTH="58"/>
						<String ID="P4_ST02014" HPOS="4473" VPOS="6234" WIDTH="63" HEIGHT="48" CONTENT="Er" WC="0.69" CC="60"/>
						<SP ID="P4_SP01736" HPOS="4536" VPOS="6294" WIDTH="25"/>
						<String ID="P4_ST02015" HPOS="4561" VPOS="6235" WIDTH="188" HEIGHT="48" CONTENT="konnte" WC="0.98" CC="028600"/>
						<SP ID="P4_SP01737" HPOS="4749" VPOS="6294" WIDTH="26"/>
						<String ID="P4_ST02016" HPOS="4775" VPOS="6234" WIDTH="76" HEIGHT="49" CONTENT="ihr" WC="0.96" CC="720"/>
					</TextLine>
					<TextLine ID="P4_TL00272" HPOS="3343" VPOS="6298" WIDTH="1508" HEIGHT="65">
						<String ID="P4_ST02017" HPOS="3343" VPOS="6298" WIDTH="160" HEIGHT="50" CONTENT="niChts" WC="0.64" CC="619040"/>
						<SP ID="P4_SP01738" HPOS="3503" VPOS="6348" WIDTH="33"/>
						<String ID="P4_ST02018" HPOS="3536" VPOS="6299" WIDTH="166" HEIGHT="61" CONTENT="geben" WC="0.97" CC="01677"/>
						<SP ID="P4_SP01739" HPOS="3702" VPOS="6360" WIDTH="34"/>
						<String ID="P4_ST02019" HPOS="3736" VPOS="6299" WIDTH="201" HEIGHT="63" CONTENT="wollen," WC="0.98" CC="0029084"/>
						<SP ID="P4_SP01740" HPOS="3937" VPOS="6362" WIDTH="32"/>
						<String ID="P4_ST02020" HPOS="3969" VPOS="6316" WIDTH="108" HEIGHT="33" CONTENT="was" WC="1.00" CC="000"/>
						<SP ID="P4_SP01741" HPOS="4077" VPOS="6362" WIDTH="33"/>
						<String ID="P4_ST02021" HPOS="4110" VPOS="6305" WIDTH="72" HEIGHT="47" CONTENT="sie" WC="0.96" CC="019"/>
						<SP ID="P4_SP01742" HPOS="4182" VPOS="6362" WIDTH="31"/>
						<String ID="P4_ST02022" HPOS="4213" VPOS="6305" WIDTH="280" HEIGHT="58" CONTENT="verändert," WC="0.99" CC="0420607000"/>
						<SP ID="P4_SP01743" HPOS="4493" VPOS="6363" WIDTH="35"/>
						<String ID="P4_ST02023" HPOS="4528" VPOS="6305" WIDTH="127" HEIGHT="48" CONTENT="nach" WC="0.99" CC="5000"/>
						<SP ID="P4_SP01744" HPOS="4655" VPOS="6363" WIDTH="32"/>
						<String ID="P4_ST02024" HPOS="4687" VPOS="6306" WIDTH="164" HEIGHT="47" CONTENT="seiner" WC="0.99" CC="000870"/>
					</TextLine>
					<TextLine ID="P4_TL00273" HPOS="3344" VPOS="6368" WIDTH="1507" HEIGHT="69">
						<String ID="P4_ST02025" HPOS="3344" VPOS="6368" WIDTH="89" HEIGHT="48" CONTENT="Art" WC="1.00" CC="000"/>
						<SP ID="P4_SP01745" HPOS="3433" VPOS="6416" WIDTH="51"/>
						<String ID="P4_ST02026" HPOS="3484" VPOS="6371" WIDTH="388" HEIGHT="60" CONTENT="umgeschaffen" WC="0.99" CC="500407006209"/>
						<SP ID="P4_SP01746" HPOS="3872" VPOS="6431" WIDTH="54"/>
						<String ID="P4_ST02027" HPOS="3926" VPOS="6372" WIDTH="150" HEIGHT="54" CONTENT="hätte." WC="0.98" CC="090093"/>
						<SP ID="P4_SP01747" HPOS="4076" VPOS="6431" WIDTH="71"/>
						<String ID="P4_ST02028" HPOS="4147" VPOS="6372" WIDTH="96" HEIGHT="53" CONTENT="Die" WC="0.94" CC="079"/>
						<SP ID="P4_SP01748" HPOS="4243" VPOS="6431" WIDTH="52"/>
						<String ID="P4_ST02029" HPOS="4295" VPOS="6374" WIDTH="123" HEIGHT="55" CONTENT="Pein" WC="0.93" CC="8977"/>
						<SP ID="P4_SP01749" HPOS="4418" VPOS="6431" WIDTH="49"/>
						<String ID="P4_ST02030" HPOS="4467" VPOS="6375" WIDTH="89" HEIGHT="48" CONTENT="der" WC="0.97" CC="800"/>
						<SP ID="P4_SP01750" HPOS="4556" VPOS="6431" WIDTH="53"/>
						<String ID="P4_ST02031" HPOS="4609" VPOS="6373" WIDTH="242" HEIGHT="64" CONTENT="Klugheit" WC="0.99" CC="04807004"/>
					</TextLine>
					<TextLine ID="P4_TL00274" HPOS="3342" VPOS="6438" WIDTH="1507" HEIGHT="65">
						<String ID="P4_ST02032" HPOS="3342" VPOS="6438" WIDTH="138" HEIGHT="55" CONTENT="hatte" WC="0.97" CC="74291"/>
						<SP ID="P4_SP01751" HPOS="3480" VPOS="6493" WIDTH="31"/>
						<String ID="P4_ST02033" HPOS="3511" VPOS="6454" WIDTH="56" HEIGHT="34" CONTENT="er" WC="0.25" CC="86"/>
						<SP ID="P4_SP01752" HPOS="3567" VPOS="6493" WIDTH="32"/>
						<String ID="P4_ST02034" HPOS="3599" VPOS="6439" WIDTH="75" HEIGHT="50" CONTENT="ihr" WC="0.97" CC="304"/>
						<SP ID="P4_SP01753" HPOS="3674" VPOS="6493" WIDTH="31"/>
						<String ID="P4_ST02035" HPOS="3705" VPOS="6442" WIDTH="343" HEIGHT="61" CONTENT="verscheucht," WC="0.99" CC="061260356000"/>
						<SP ID="P4_SP01754" HPOS="4048" VPOS="6503" WIDTH="34"/>
						<String ID="P4_ST02036" HPOS="4082" VPOS="6443" WIDTH="80" HEIGHT="50" CONTENT="die" WC="0.95" CC="049"/>
						<SP ID="P4_SP01755" HPOS="4162" VPOS="6503" WIDTH="35"/>
						<String ID="P4_ST02037" HPOS="4197" VPOS="6443" WIDTH="270" HEIGHT="52" CONTENT="Phantasie" WC="0.99" CC="700010140"/>
						<SP ID="P4_SP01756" HPOS="4467" VPOS="6503" WIDTH="33"/>
						<String ID="P4_ST02038" HPOS="4500" VPOS="6473" WIDTH="61" HEIGHT="9" CONTENT="—" WC="0.20" CC="8"/>
						<SP ID="P4_SP01757" HPOS="4561" VPOS="6503" WIDTH="29"/>
						<String ID="P4_ST02039" HPOS="4590" VPOS="6460" WIDTH="57" HEIGHT="36" CONTENT="er" WC="0.32" CC="76"/>
						<SP ID="P4_SP01758" HPOS="4647" VPOS="6503" WIDTH="30"/>
						<String ID="P4_ST02040" HPOS="4677" VPOS="6445" WIDTH="172" HEIGHT="50" CONTENT="wußte" WC="0.99" CC="18000"/>
					</TextLine>
				</TextBlock>
			</PrintSpace>
		</Page>
	</Layout>
</alto>
