3617 4460
1834 187 0 0 301

150 293 208 61 schaffte,
389 287 324 54 verschiedene
742 285 170 53 Reisen
943 284 214 71 gemacht
1189 282 94 52 und
1315 282 58 50 im
1406 279 141 53 Jahre
1585 277 150 52 1705

153 380 95 51 sich
291 378 118 52 auch
452 393 83 34 vor
565 373 155 68 König
747 373 201 67 Ludwig
978 373 126 50 XIV.
1153 388 88 33 von
1274 365 281 52 Frankreich
1597 365 146 51 hören

151 465 164 56 lassen,
348 463 83 49 der
459 460 75 50 ihn
565 459 82 51 mit
677 456 473 68 Gunstbezeigungen
1190 451 277 52 überhäufte
1526 450 94 51 und
1649 450 66 51 sei-

151 567 107 33 nem
287 550 314 49 Instrumente
631 544 116 52 nach
771 544 81 51 des
869 541 243 53 Erfinders
1136 539 287 49 Taulnamen
1454 535 87 51 den
1562 538 177 48 Namen

153 633 339 52 Pantaleon
535 630 104 69 gab.

281 738 127 50 Kurz
441 736 113 51 nach
581 733 264 66 Erfindung
875 732 80 50 des
988 728 252 51 Pantaleon
1283 728 102 50 kam
1419 723 201 71 (1717)
1665 724 70 51 ein

162 822 266 52 denkender
456 820 141 68 Kopf,
644 815 280 53 Gotliieb
971 813 307 57 Schröter,
1324 816 157 65 später
1522 809 222 69 Organist

157 928 55 31 zu
243 907 322 56 Nordhausen,
597 903 81 50 auf
705 902 71 50 die
807 901 122 55 Idee,
978 898 70 51 die
1081 898 154 51 Saiten
1268 898 145 50 durch
1446 896 294 67 Anschlagen

157 1013 88 31 von
259 994 273 54 Hämmern,
560 987 94 50 und
680 1002 124 35 zwar
835 1004 108 33 von
973 992 208 50 unten,
1214 983 239 66 erklingen
1485 1000 55 32 zu
1564 981 175 57 lassen;

158 1076 211 53 derselbe
413 1074 89 68 gab
535 1072 117 51 auch
682 1089 82 33 aus
795 1071 102 51 dem
930 1071 206 56 Grunde,
1188 1070 103 51 weil
1324 1086 103 32 man
1460 1065 171 52 mittels
1664 1065 81 49 der

158 1160 346 55 Hämmerchen
536 1157 116 51 über
684 1157 166 53 Stärke
882 1157 96 50 und
1009 1155 255 51 Schwäche
1294 1154 80 50 des
1406 1154 339 49 Instrumentes

158 1249 127 48 Herr
343 1263 112 42 war,
516 1243 264 52 demselben
839 1243 86 50 den
982 1241 178 51 Namen
1221 1240 184 50 Piano
1420 1239 170 49 forte
1634 1235 113 49 oder

160 1330 243 71 eigentlich
446 1329 417 68 Fortepiano,
907 1326 97 51 und
1049 1343 125 33 zwar
1213 1324 145 51 durch
1400 1323 124 50 seine
1569 1321 176 68 eigene,

159 1418 83 51 mit
287 1417 112 50 zwei
444 1415 163 51 Rissen
652 1413 297 51 erschienene
988 1410 193 52 Schrift:
1240 1406 374 63 „Umständliche
1656 1408 60 48 Be-

162 1502 276 67 schreibung
470 1502 123 52 eines
625 1517 90 33 neu
747 1497 286 52 erfundenen
1070 1495 555 57 Clavier-Instrumentes,
1670 1491 74 50 au!

160 1587 224 52 welchem
408 1604 104 33 man
544 1585 43 50 in
619 1583 413 52 unterschiedenen
1051 1582 185 49 Graden
1260 1582 125 50 stark
1411 1578 94 52 und
1532 1577 213 52 schwach

163 1672 180 54 stiietefr
344 1682 8 16 r
353 1665 155 59 WrinV
515 1676 39 35 t<A
840 1659 258 53 oainemdG
1126 1658 144 52 rfaiub
1301 1657 159 66 lUJJIJH
1495 1657 221 50 n'jhiuiJs
1764 1657 1 69 i

506 1745 10 33 f
952 1743 141 53 fyr)'wlotti
1124 1728 256 68 fHtlttruY
1381 1726 6 30 1
1415 1757 99 38 Q9fl<
1636 1757 94 34 I9flt

284 1784 234 53 Nachdem
565 1781 83 51 der
685 1781 146 50 Name
869 1778 264 51 Pianoforte
1180 1776 113 52 oder
1324 1776 280 69 Fortepiano
1651 1775 96 50 sich

164 1872 135 51 lanae
347 1870 72 49 für
465 1867 85 51 alle
595 1864 517 52 Clavier-Instrumente
1156 1860 224 59 erhalten,
1425 1861 79 50 hat
1547 1878 107 31 man
1705 1860 45 49 in

162 1963 221 45 neuester
412 1954 115 57 Zeit,
573 1952 45 49 in
657 1950 147 67 Folge
850 1949 80 49 des
976 1947 316 51 französichen
1319 1945 403 67 Benennungs-Ge-

165 2039 282 57 schmackes,
479 2036 81 52 das
591 2036 183 50 Forte
805 2031 362 70 ausgeschieden
1189 2031 95 51 und
1308 2038 143 43 nennt
1475 2030 62 51 sie
1561 2034 158 47 sämmt-

165 2125 88 52 lieh
282 2142 92 34 nur
402 2123 179 49 Piano
699 2120 70 50 ein
793 2119 162 57 Name,
988 2116 82 52 der
1100 2118 73 50 bei
1204 2116 88 52 den
1308 2116 196 66 Flügeln
1534 2134 47 32 in
1611 2133 110 33 ziem-

167 2205 86 57 lieh
299 2209 189 69 grellem
530 2204 369 70 Widerspruche
944 2204 124 49 steht
1110 2204 82 49 mit
1237 2203 104 50 dem
1387 2201 187 51 starken
1618 2200 131 51 Tone

168 2294 258 59 derselben,
458 2292 86 50 wie
576 2290 80 51 mit
687 2289 82 51 der
794 2288 90 51 Art
906 2286 94 53 und
1024 2286 179 61 Weise,
1235 2286 80 51 auf
1341 2285 176 51 welche
1546 2303 104 32 man
1684 2284 65 51 sie

167 2380 161 68 häufig
357 2377 147 69 spielt,
548 2375 152 52 indem
732 2392 105 33 man
869 2372 71 52 bei
976 2373 104 51 dem
1113 2373 234 67 Vortrage
1377 2372 145 50 selten
1554 2370 82 50 mit
1665 2370 83 50 der

169 2464 305 70 möglichsten
513 2462 136 52 Kraft
691 2460 80 53 des
802 2460 308 50 Instruments
1156 2457 231 50 zufrieden
1430 2457 73 58 ist,
1548 2455 202 51 sondern

170 2551 135 50 meist
343 2549 117 51 nach
499 2547 127 51 darin
654 2544 126 52 nicht
819 2543 131 52 mehr
995 2542 320 52 vorhandener
1358 2542 96 51 und
1499 2540 137 53 somit
1664 2560 57 31 un-

172 2634 315 53 erreichbarer
516 2631 168 53 Stärke
713 2631 178 52 hascht.

296 2739 98 49 Der
426 2744 230 61 genannte
686 2735 296 51 Schröter
1012 2732 171 52 kannte
1216 2732 148 51 seiner
1395 2732 101 50 Zeit
1527 2731 118 51 auch
1677 2728 72 51 die

172 2825 108 49 Idee
311 2822 80 51 des
421 2820 407 67 Hammerschlags
869 2836 89 32 von
1000 2817 137 61 oben,
1178 2817 175 51 welche
1385 2817 91 50 ihm
1508 2814 215 52 unzweck-

172 2907 171 68 mässig
374 2906 169 60 schien,
573 2905 95 51 und
696 2905 70 49 die
798 2906 156 66 später
976 2904 230 58 Mehrere,
1239 2909 137 43 unter
1406 2902 149 50 denen
1588 2900 139 51 beson-

176 2995 104 51 ders
323 2995 42 50 J.
408 2993 55 50 B.
510 2990 232 52 Streicher
797 2990 81 50 mit
921 2989 306 68 ungemeinen
1270 2989 267 66 Vorzügen,
1584 2984 171 53 wieder

177 3078 289 57 aufnahmen.

305 3183 99 48 Der
432 3182 154 56 Erste,
618 3178 199 51 welcher
847 3195 83 31 zur
960 3175 478 67 Vervollkommnung
1470 3174 81 50 der
1585 3173 144 51 Schrö-

179 3267 228 53 ter'schen
436 3264 263 66 Erfindung
729 3263 80 50 des
841 3262 184 66 Flügels
1057 3262 81 49 mit
1169 3261 354 49 Hammerwerk
1552 3277 90 32 von
1673 3277 57 32 un-

178 3362 78 43 ten
303 3351 175 57 schritt,
534 3367 96 32 war
690 3348 81 50 der
814 3346 247 52 berühmte
1106 3344 295 68 Orgelbauer
1447 3343 312 52 Gottfried

182 3436 386 53 Silbermann
600 3433 42 50 in
665 3432 231 67 Freiburg
926 3431 121 70 (geb.
1090 3429 173 60 1684,
1296 3437 115 60 gest.
1454 3428 191 69 1756),
1678 3429 81 50 der

190 3522 152 52 1726
391 3521 80 51 das
516 3526 122 44 erste
667 3518 281 68 Fortepiano
979 3516 116 49 nach
1128 3515 398 52 Schröter'schem
1556 3513 203 52 Modelle

183 3628 89 31 von
303 3603 407 72 ungewöhnlicher
738 3605 161 64 Länge
931 3601 230 68 gefertigt.
1195 3600 328 52 Silbermann's
1556 3598 206 51 Claviere

186 3713 157 33 waren
371 3691 212 52 indessen
626 3706 89 33 nur
756 3706 88 33 von
943 3687 68 51 bis
1043 3705 105 32 zum
1180 3686 419 67 dreigestrichenen
1628 3705 23 32 c
1681 3701 52 51 ge-

186 3780 137 57 baut;
353 3779 44 49 in
432 3777 81 50 der
540 3774 235 68 Folgezeit
804 3772 195 52 wurden
1023 3771 169 67 jedoch
1222 3771 117 51 nach
1369 3771 120 51 oben
1520 3771 93 51 und
1642 3770 116 51 nach

184 3871 144 42 unten
358 3863 120 50 noch
510 3863 129 49 Töne
670 3859 232 68 angefügt,
948 3856 94 52 und
1087 3874 124 33 zwar
1253 3855 121 52 oben
1405 3856 69 51 bis
1507 3874 102 32 zum
1641 3854 95 50 drei-

187 3948 321 68 gestrichenen
586 3945 372 56 fund
719 3951 144 44 unten
903 3943 69 50 bis
1014 3960 105 33 zum
1220 3941 101 69 (der
1352 3939 409 67 Contra-Octave),

186 4049 186 33 woraus
418 4031 71 50 die
535 4049 56 32 zu
639 4031 216 51 Mozart's
898 4028 99 49 Zeit
1042 4025 213 52 üblichen
1298 4025 101 52 fünf
1438 4026 207 50 Octaven
1689 4025 74 48 für

186 4118 189 51 bessere
412 4115 206 51 Claviere
648 4115 286 52 entstanden.
968 4113 291 51 Silbermann
1288 4110 80 52 hat
1399 4111 80 51 das
1503 4110 259 59 Verdienst,

190 4202 124 52 nicht
342 4218 89 34 nur
461 4199 83 52 der
573 4207 125 44 erste
727 4199 310 53 Verbesserer
1068 4198 82 53 der
1173 4197 381 52 Schröter'schen
1570 4197 194 57 Muster,

1839 276 201 53 sondern
2079 275 134 58 auch,
2258 274 154 52 indem
2455 289 52 33 er
2548 271 94 51 dies
2686 289 111 43 war,
2849 270 222 68 gewisser
3099 270 216 52 Maassen
3347 267 80 51 der

1839 362 217 51 Erfinder
2088 361 268 67 desjenigen
2378 356 344 55 Mechanismus
2749 373 214 50 gewesen
2996 374 56 32 zu
3085 355 113 58 sein,
3231 354 83 50 der
3347 370 56 32 un-

1841 455 71 43 ter
1943 448 103 49 dem
2067 449 179 49 Namen
2270 446 82 51 der
2387 441 322 71 englische
2741 440 215 60 bekannt,
2989 440 200 51 welcher
3222 439 96 50 also
3352 455 52 33 ur-

1841 533 266 68 sprünglich
2138 531 242 69 eigentlich
2413 531 71 50 ein
2516 526 253 54 deutscher
2799 525 94 51 und
2924 543 87 32 nur
3034 526 80 50 der
3137 524 296 52 verbesserte

1841 618 419 50 Siibermann'sche
2300 618 71 58 ist,
2409 616 96 51 und
2536 611 218 55 desshalb
2796 629 83 33 zur
2910 610 399 67 Unterscheidung
3339 628 92 32 von

1841 704 104 50 dem
1987 703 222 49 wiener
2255 702 340 50 Mechanismus
2637 699 162 51 besser
2830 696 282 68 geradeweg
3142 714 56 31 zu
3221 695 210 51 Deutsch

1841 785 820 68 Stosszungen-Mechanismus
2691 784 182 50 heissen
2912 782 150 50 sollte.

1970 872 231 50 Gottfried
2233 872 328 50 Silbermann's
2594 870 218 59 Claviere,
2860 868 73 51 die
2976 865 235 52 durchaus
3253 863 43 51 in
3328 864 79 48 Flü-

1842 959 194 68 gelform
2068 957 237 66 verfertigt
2336 973 171 40 waren,
2538 956 159 49 hatten
2724 954 122 51 wohl
2878 953 45 51 in
2939 952 147 68 Folge
3118 950 154 52 seiner
3302 966 109 50 gros-

1842 1062 82 33 sen
1971 1042 352 52 mechanischen
2365 1039 281 54 Kenntnisse
2698 1039 99 50 eine
2841 1038 242 67 allgemein
3128 1034 309 54 bewunderte

1844 1127 421 53 Vollkommenheit
2312 1126 92 50 und
2437 1123 248 60 Stabilität,
2732 1123 132 50 allein
2905 1122 118 51 doch
3053 1129 111 51 erst,
3206 1119 226 54 nachdem

1841 1234 52 31 er
1940 1215 87 52 den
2068 1212 345 69 Rathschlägen
2460 1211 82 51 des
2587 1226 197 51 grossen
2815 1207 124 52 Joh.
2971 1206 129 50 Seb.
3132 1206 174 59 Bach,
3353 1206 83 49 der

1841 1301 123 51 seine
1987 1301 315 49 Instrumente
2326 1298 207 66 Anfangs
2559 1293 221 71 getadelt,
2801 1292 171 52 zuletzt
2989 1291 111 51 aber
3128 1291 309 51 vollkommen

1842 1394 84 61 gut
1956 1385 259 68 geheissen,
2248 1383 174 69 gefolgt
2454 1400 110 33 war.

1968 1470 86 52 Ein
2086 1469 195 50 anderer
2310 1467 280 59 Deutscher,
2634 1464 84 52 mit
2744 1464 180 50 Namen
2953 1464 234 67 Zumpe,
3230 1477 99 35 war
3370 1475 64 43 es,

1843 1556 81 51 der
1955 1555 80 51 das
2068 1554 176 50 Ciavier
2285 1554 44 49 in
2359 1551 212 69 England
2618 1549 244 59 einführte,
2905 1566 95 33 was
3048 1546 249 69 gleichfalls
3344 1563 92 33 von

1843 1641 112 51 zwei
1985 1640 286 57 Deutschen,
2303 1637 90 53 den
2422 1636 215 54 Brüdern
2663 1634 235 52 Erhard
2942 1651 82 33 aus
3056 1631 297 69 Strassburg,
3389 1630 44 52 in

1842 1726 129 50 Paris
1990 1724 218 68 geschah,
2222 1723 175 52 welche
2413 1723 193 49 letztere
2629 1724 158 65 später
2810 1719 146 51 ihrem
2972 1719 179 51 Namen
3180 1716 101 52 eine
3312 1716 96 50 fran-

1846 1811 207 50 zösische
2082 1810 142 50 Form
2255 1808 165 67 gaben.
2464 1805 234 53 Ebenfalls
2730 1805 73 51 ein
2832 1804 280 58 Deutscher,
3142 1800 295 53 Heinrich

1844 1897 42 49 N
1901 1895 11 50 i
1928 1895 42 51 k.
2003 1893 252 58 Gerber,
2299 1890 344 69 Hof-Organist
2685 1908 56 32 zu
2783 1888 400 59 Sondershausen,
3229 1903 97 33 war
3372 1902 65 42 es,

1849 1980 201 51 welcher
2068 1979 80 51 das
2167 1975 434 54 aufrechtstehende
2620 1974 286 61 Clavichord,
2929 1974 46 51 in
2996 1972 297 71 Pyramiden-
3326 1970 113 54 oder

1847 2065 367 51 Giraffen-Form
2247 2059 425 70 (Clavicijtherium)
2704 2059 159 51 erfand
2909 2058 96 52 und
3050 2058 72 51 ein
3165 2057 182 52 solches
3379 2055 60 50 im

1847 2151 143 50 Jahre
2030 2148 153 51 1742
2234 2147 280 67 verfertigte.
2562 2145 166 51 Inder
2769 2145 211 60 „Musica
3009 2143 256 52 mechanica
3295 2159 109 50 orga-

2056 2253 89 32 von
2516 2236 66 49 M.
2272 2232 151 52 Jakob
2454 2232 192 67 Adlung
2675 2229 204 70 (1768)
2920 2229 116 51 lies't
3067 2247 106 32 man
3203 2227 229 52 darüber:

1852 2361 19 19 „
1946 2319 325 68 Clavicytheria
2272 2317 74 52 sind
2917 2318 258 66 Clavicyrnb
3436 2336 10 32 e
2705 2316 45 49 in
2782 2314 72 51 die
2877 2314 140 51 Höhe
3041 2313 87 51 wie
3156 2313 101 50 eine
3273 2312 161 49 Harfe.

1843 2407 67 50 Ist
1950 2406 72 49 ein
2064 2403 310 69 unbeständig
2404 2402 521 70 Aprillen-Instrument
2968 2398 98 52 und
3113 2398 170 51 hocket
3329 2396 105 52 bald

1847 2491 90 61 hie,
1969 2490 105 52 bald
2111 2490 71 50 da.
2197 2499 17 17 u

1970 2577 97 50 Das
2083 2572 381 70 Clavicytherium
2493 2571 155 51 führte
2679 2571 81 49 auf
2783 2570 86 50 alle
2896 2567 235 53 nachmals
3161 2567 273 69 gemachten

1847 2662 150 51 Arten
2020 2657 461 54 aufrechtstehender
2505 2657 207 51 Claviere
2735 2655 95 52 und
2859 2655 164 51 wurde
3046 2652 311 54 vornehmlich
3389 2652 44 50 in

1846 2745 214 70 England
2101 2753 137 43 unter
2281 2744 95 50 drei
2422 2742 357 51 verschiedenen
2811 2741 347 65 Benennungen
3189 2739 43 49 in
3264 2736 145 52 niedri-

1851 2849 158 52 gerem
2032 2831 193 50 Format
2256 2827 227 69 gemacht,
2530 2827 66 51 bis
2639 2844 49 33 es
2731 2825 178 52 endlich
2952 2831 137 43 unter
3119 2824 106 50 dem
3257 2824 181 49 Namen

1851 2916 249 51 Pianino
2131 2914 41 49 in
2197 2913 120 50 noch
2342 2913 130 49 mehr
2495 2911 327 52 verkleinerter
2844 2911 140 50 Form
3018 2928 90 32 von
3138 2906 304 52 Heinrich

1851 3004 155 66 Pape
2036 3018 81 32 aus
2134 2999 213 67 England
2369 2999 42 49 in
2430 2996 279 51 Frankreich
2733 2995 261 67 eingeführt
3017 2994 179 57 wurde,
3218 2993 223 52 worüber

1853 3087 94 52 sich
1976 3088 125 66 Pape
2133 3084 143 51 selbst
2305 3092 139 42 unter
2472 3081 236 53 Anderem
2741 3080 86 51 wie
2858 3079 114 69 folgt
3001 3079 289 69 ausspricht:
3351 3118 17 19 „
3387 3079 59 51 Ce

1849 3177 171 65 format
2049 3173 52 48 de
2133 3172 161 64 piano,
2335 3170 114 49 d'un
2492 3186 141 49 usage
2676 3168 41 51 si
2752 3167 214 66 repandu
3006 3165 323 68 aujourd'hui,
3368 3167 74 66 fut

1855 3261 207 63 Importe,
2084 3272 94 50 par
2208 3255 106 58 moi,
2343 3254 315 66 d'Angleterre
2688 3271 53 33 en
2771 3253 191 56 France,
2992 3269 54 33 en
3086 3249 174 52 1815.
3276 3259 17 18 u

1983 3339 178 52 Schade
2196 3356 97 33 war
2323 3355 47 33 es
2401 3337 229 58 indessen,
2661 3337 104 49 dass
2789 3353 108 32 man
2921 3334 107 51 dem
3057 3334 269 51 erwähnten
3352 3333 64 49 Sil-

1856 3423 382 55 bermann'schen
2282 3422 340 51 Mechanismus
2680 3422 151 49 seiner
2876 3421 102 49 Zeit
3024 3419 43 51 in
3125 3417 314 52 Deutschland

1857 3512 125 51 nicht
2012 3511 70 49 die
2114 3508 232 51 verdiente
2375 3508 276 66 Beachtung
2681 3506 234 58 widmete,
2961 3504 95 51 und
3102 3521 49 33 er
3193 3511 95 42 erst
3337 3520 102 33 vom

1857 3596 236 52 Auslande
2138 3602 138 42 unter
2322 3593 223 50 fremdem
2589 3595 195 57 Namen,
2830 3589 211 53 wiewohl
3081 3588 118 51 auch
3244 3588 170 51 vervoll-

1858 3682 252 56 kommnet,
2140 3677 173 51 wieder
2342 3677 264 67 eingeführt
2646 3676 96 52 und
2787 3694 49 31 so
2868 3692 81 33 zur
2981 3673 202 66 Geltung
3213 3672 225 67 gebracht

1857 3766 189 52 werden
2070 3771 192 52 musste,
2293 3781 80 32 um
2404 3762 77 52 ihn
2512 3763 61 50 im
2599 3760 273 53 Vaterlande
2904 3757 241 67 würdigen
3175 3776 57 32 zu
3264 3758 175 50 lernen.

1982 3851 87 51 Ein
2112 3849 234 68 tüchtiger
2397 3849 193 50 Schüler
2632 3845 340 57 Silbermann's,
3019 3843 83 51 der
3144 3842 298 69 Orgelbauer

1857 3937 126 51 Joh.
2013 3935 280 51 Andreas
2326 3935 174 51 Stein
2540 3932 43 50 in
2614 3929 255 68 Augsburg
2900 3927 109 70 (geb
3048 3929 153 49 1728
3241 3946 56 32 zu
3328 3929 86 49 Hei-

1860 4021 221 51 delsheim
2102 4021 46 50 in
2173 4020 84 51 der
2276 4019 137 58 Pfalz,
2445 4024 114 61 gest.
2591 4012 193 70 1792),
2807 4021 110 61 trug
2945 4012 216 68 übrigens
3192 4012 127 51 nicht
3347 4030 63 33 we-

1861 4108 79 68 nig
1971 4108 117 50 dazu
2120 4105 86 60 bei,
2251 4105 71 50 die
2351 4103 105 50 Idee
2502 4101 146 51 seines
2676 4099 215 52 Meisters
2933 4118 57 30 zu
3020 4097 306 69 verdrängen,
3380 4099 44 49 in-

1863 4193 107 53 dem
2003 4211 50 34 er
2083 4193 71 51 ein
2185 4207 141 37 neues
2350 4186 369 61 Hammerwerk,
2751 4184 150 54 wobei
2930 4184 70 51 die
3022 4184 346 52 Hämmerchen
3400 4183 43 49 in
