3617 4460
1788 137 92 53 300

212 275 164 52 wurde
407 275 115 50 auch
554 274 43 52 in
630 279 217 66 späteren
876 278 190 58 Jahren,
1105 279 278 67 ungeachtet
1412 279 240 51 vielfacher
1679 280 89 51 Ver-

214 362 301 66 änderungen
559 360 157 61 daran,
757 363 75 51 für
862 364 148 51 diesem
1040 367 285 48 Instrument
1354 363 306 61 beibehalten,
1703 364 94 51 und

214 447 161 51 erhielt
396 446 210 52 dasselbe
626 449 276 51 namentlich
922 449 142 51 durch
1086 449 86 50 den
1191 448 280 67 Organisten
1491 449 53 52 G.
1570 451 58 50 A.
1649 451 149 67 Sorge

215 551 56 32 zu
288 532 285 52 Lobenstein
592 533 47 69 (1
658 534 27 49 7
699 534 110 68 60),
824 534 87 51 wie
926 534 143 51 durch
1082 534 121 50 John
1219 534 225 51 Harrison
1463 534 201 72 (1775)
1685 538 85 48 Ver-

214 617 336 69 besserungen,
582 619 174 50 welche
788 637 86 32 von
906 618 81 50 der
1017 626 154 42 ersten
1196 618 307 69 Einrichtung
1533 621 265 51 wesentlich

215 702 256 53 abwichen.
492 707 94 48 Das
606 705 347 67 ursprüngliche
969 706 278 49 Monochord
1259 705 99 68 (der
1368 706 246 68 Einsaiter)
1630 708 170 50 konnte

212 788 222 69 übrigens
465 809 88 31 nur
583 790 62 49 als
675 790 342 66 Rlangmesser,
1049 790 164 66 jedoch
1236 791 124 51 nicht
1386 810 77 33 um
1489 793 210 50 Accorde
1721 810 51 32 an-

219 875 227 68 zugeben,
490 879 237 62 genügen;
788 873 212 51 desshalb
1048 876 157 50 verfiel
1265 894 105 33 man
1430 877 80 51 auf
1562 877 89 51 den
1711 879 58 48 Ge-

216 959 194 58 danken,
441 959 212 48 mehrere
677 957 158 52 Saiten
857 959 152 50 neben
1031 960 219 51 einander
1277 980 54 32 zu
1357 961 172 60 ziehen,
1561 971 239 41 worunter

216 1042 291 52 festsitzende
539 1042 166 60 Hebel,
735 1044 101 50 eine
865 1045 88 49 Art
984 1045 301 61 Holzleisten,
1329 1046 81 50 mit
1440 1047 171 50 Tasten
1645 1047 155 68 gelegt

215 1129 208 59 wurden,
466 1147 57 33 an
568 1129 208 51 Welchen
808 1130 282 51 Metallstifte
1118 1133 303 64 (Tangenten,
1462 1150 88 32 von
1595 1133 106 49 dem
1736 1134 42 48 la-

214 1214 252 51 teinischen
497 1227 197 57 längere,
727 1215 247 67 berühren)
1005 1216 90 49 sich
1116 1215 239 59 befanden,
1381 1216 69 50 die
1477 1215 118 52 beim
1617 1216 151 51 Herab-

215 1299 208 51 drücken
452 1299 82 51 der
564 1300 170 50 Tasten
766 1300 93 50 sich
892 1299 205 49 erhoben
1143 1299 94 49 und
1270 1300 71 50 die
1373 1300 155 50 Saiten
1560 1319 57 32 an
1649 1301 147 51 einem

216 1384 296 51 bestimmten
554 1385 181 49 Punkte
776 1384 233 67 erklingen
1054 1383 179 57 liessen,
1279 1384 67 51 bis
1381 1403 104 32 man
1511 1390 155 64 später
1693 1387 78 49 dar-

215 1470 82 50 auf
338 1470 117 56 kam,
509 1469 73 50 für
614 1469 138 66 jeden
791 1470 101 49 Ton
949 1469 81 50 der
1072 1469 311 52 diatonischen
1426 1470 145 51 Reihe
1611 1472 47 67 je
1698 1472 99 50 eine

212 1553 169 51 andere
413 1553 123 51 Saite
579 1553 93 51 und
722 1553 69 51 die
837 1554 367 66 entsprechende
1231 1555 141 50 Taste
1416 1575 55 30 zu
1504 1555 288 53 bestimmen.

210 1638 87 50 Die
328 1638 297 51 verwandten
657 1638 366 51 chromatischen
1047 1639 129 50 Töne
1209 1641 193 49 wurden
1435 1641 144 50 durch
1614 1644 153 47 stärke-

600 1707 8 9 *
615 1709 27 19 f
913 1712 12 8 ■<>

211 1741 75 33 res
315 1723 231 51 Anhalten
577 1723 81 51 der
690 1724 171 50 Tasten
901 1724 92 50 und
1042 1723 205 52 dadurch
1278 1724 250 52 bewirktes
1560 1727 235 51 stärkeres

433 1793 37 29 II
592 1792 9 23 I
943 1785 29 24 iV
1096 1795 55 18 jf*

214 1809 284 51 Andrücken
530 1808 80 51 der
642 1808 271 69 Tangenten
945 1829 56 30 an
1034 1811 70 51 die
1128 1811 155 49 Saiten
1316 1811 216 68 gebildet,
1564 1813 87 50 wie
1679 1832 37 32 z.
1743 1813 53 50 B.

214 1895 146 50 durch
393 1895 558 66 stärkeres-Anschlagen
984 1896 82 49 der
1097 1896 126 51 Saite
1252 1915 30 33 a
1312 1897 80 50 das
1423 1900 25 48 b
1481 1916 43 32 u.
1557 1915 34 33 s.
1624 1915 75 42 w.,
1729 1898 45 50 in-

215 1980 105 50 dem
347 1980 70 50 die
441 1978 286 52 betreffende
744 1980 124 49 Saite
898 1980 221 50 hiedurch
1143 1981 131 49 mehr
1306 1991 226 59 gespannt
1562 1982 94 51 und
1683 1983 92 67 folg-

214 2063 86 51 lich
332 2063 147 50 höher
509 2065 177 49 wurde.
723 2065 96 49 Das
852 2065 169 57 Ganze,
1054 2083 82 31 aus
1167 2065 206 67 zwanzig
1404 2067 168 50 Tasten
1603 2066 194 66 (Clavis)

212 2147 256 51 bestehend
501 2149 92 49 und
625 2149 80 49 mit
735 2149 148 49 einem
901 2149 283 49 Holzkasten
1210 2149 247 68 umgeben,
1489 2159 170 42 nannte
1677 2169 120 42 man,

212 2232 118 51 eben
361 2232 281 69 wegen'der
676 2232 160 60 Clavis,
884 2234 367 50 Clavichord
1294 2235 94 49 und
1421 2240 170 64 später,
1637 2253 161 33 ausser

214 2319 81 51 der
330 2319 163 67 Orgel,
534 2319 59 49 im
625 2319 221 51 weiteren
878 2319 139 49 Sinne
1057 2319 72 51 ein
1166 2319 131 67 jedes
1329 2320 81 51 mit
1440 2323 172 48 Tasten
1644 2339 128 33 verse-

215 2404 141 49 henes
375 2403 336 50 musicalisches
729 2405 287 48 Instrument
1034 2403 23 69 C
1080 2403 23 69 1
1126 2403 69 69 avi
1212 2422 75 39 er,
1320 2404 85 51 wie
1424 2405 94 51 dies
1538 2406 120 51 noch
1683 2405 117 67 jetzt

217 2488 238 68 geschieht
484 2488 95 50 und
603 2488 240 68 allgemein
866 2488 203 50 bekannt
1100 2489 71 51 ist.
1202 2490 108 50 Man
1341 2491 186 50 möchte
1557 2490 112 52 aber
1701 2509 73 32 ver-

217 2573 135 51 sucht
398 2573 110 59 sein,
569 2573 90 49 den
702 2573 176 51 Namen
939 2573 80 51 des
1066 2573 199 51 Claviers
1321 2575 131 68 (statt
1495 2594 88 32 von

217 2658 252 68 Schlüssel)
506 2676 87 33 von
626 2657 193 61 Clava,
852 2658 82 51 der
956 2658 149 49 Keule
1137 2659 79 50 des
1238 2660 244 60 Hercules,
1514 2660 170 51 diesem
1716 2679 57 32 un-

219 2743 235 67 geheuren
508 2742 464 68 Schlagwerkzeuge,
1035 2743 296 60 herzuleiten,
1392 2763 135 32 wenn
1584 2763 103 33 man
1746 2762 58 33 an

220 2831 80 49 das
338 2828 117 67 jetzt
487 2828 66 51 oft
582 2827 296 52 übertrieben
913 2829 154 50 starke
1097 2829 124 69 Spiel
1270 2829 155 60 denkt,
1471 2831 79 50 das
1598 2831 80 49 mit
1717 2831 88 49 den

224 2914 226 68 Schlägen
506 2913 80 51 der
630 2913 403 51 Hercules-Keule
1077 2914 43 50 in
1165 2913 124 52 nicht
1334 2917 151 49 ferner
1527 2916 247 50 Verwandt-

226 2998 142 50 schaft
399 2998 161 50 stehen
592 2998 164 52 dürfte.

353 3085 66 48 Im
448 3083 216 51 Verlaufe
696 3083 81 51 der
809 3085 99 53 Zeit
951 3085 129 67 fügte
1125 3102 105 33 man
1273 3086 87 49 den
1407 3086 206 67 zwanzig
1642 3087 164 50 Tönen

227 3167 82 52 des
352 3167 389 52 Clavichords
788 3170 119 49 noch
953 3170 172 50 höhere
1172 3171 96 51 und
1297 3171 159 49 tiefere
1487 3172 132 48 Töne
1651 3171 154 61 hinzu,

227 3252 96 51 und
356 3251 141 51 schon
527 3251 43 51 in
602 3252 79 50 der
713 3262 151 41 ersten
898 3255 155 49 Hälfte
1096 3255 79 51 des
1208 3255 330 51 sechszehnten
1570 3255 206 49 Jahrhun-

226 3339 128 50 derts
385 3336 249 67 begleitete
662 3339 179 50 Roland
873 3340 56 49 de
959 3341 160 50 Lattre
1151 3341 227 67 (Orlando
1411 3341 41 50 di
1485 3340 162 68 Lasso)
1682 3341 124 50 seine

226 3422 195 51 meisten
454 3421 374 69 Compositionen
873 3425 80 48 auf
978 3425 102 49 dem
1114 3425 284 51 Clavichord.
1450 3425 229 51 Derselbe
1710 3443 97 31 war

227 3506 351 71 Capellmeister
624 3506 78 51 des
734 3507 278 51 Kurfürsten
1053 3528 88 32 von
1170 3510 165 51 Raiern
1367 3511 42 50 in
1442 3510 245 60 München,
1732 3528 74 32 wo

227 3593 92 50 ihm
362 3593 71 49 ein
464 3590 226 51 Denkmal
723 3591 216 66 geweiht,
983 3593 238 50 derselben
1259 3595 150 56 Stadt,
1454 3613 74 32 wo
1570 3595 71 51 die
1684 3603 123 42 erste

230 3678 220 50 deutsche
1321 3680 112 50 viele
1453 3680 244 50 Tausende
1729 3697 52 33 an-

233 3779 205 51 gezogen
462 3761 93 51 und
575 3761 115 51 auch
710 3761 83 51 auf
817 3761 86 50 den
923 3760 266 52 Ciavierbau
1223 3764 90 50 und
1346 3765 162 50 dessen
1538 3764 272 52 Geschichte

230 3847 124 50 nicht
384 3845 120 52 ohne
532 3847 200 49 Einlluss
766 3845 179 51 bleiben
978 3845 128 52 wird.

357 3932 86 49 Um
478 3932 86 49 den
596 3933 100 49 Ton
725 3951 55 31 zu
812 3932 285 58 verstärken,
1144 3929 89 70 gab
1273 3949 104 32 man
1419 3934 231 51 nachmals
1675 3935 134 67 jeder

235 4017 136 49 Taste
403 4015 110 51 zwei
545 4015 171 59 Saiten,
758 4015 70 51 die
857 4017 59 49 im
949 4015 227 68 Einklang
1205 4015 235 68 gestimmt
1471 4018 207 51 wurden.
1722 4019 88 50 Die

235 4101 163 49 älteste
428 4103 87 50 Art
546 4101 82 53 der
658 4101 171 68 einiger
851 4103 211 48 Maassen
1095 4101 307 68 erträglichen
1435 4101 350 53 Ciavier-Instru-

235 4192 155 43 mente
421 4203 95 33 war
545 4184 217 69 übrigens
793 4186 43 50 in
868 4186 280 67 Flügelform
1181 4184 188 69 gebaut,
1416 4193 137 43 unter
1584 4187 198 51 verschie-

1898 279 149 56 denen
2066 284 347 66 Benennungen
2440 283 242 61 (Cembalo,
2719 287 339 58 Clavicembalo,
3089 288 230 51 Clavessin
3352 288 9 67 j
3376 291 104 50 Cla~

1894 368 124 50 vecin
2021 367 18 70 ]
2082 369 95 51 und
2210 369 43 50 in
2282 368 456 52 aufrechtstehender
2767 371 141 49 Form
2945 373 383 66 Clavicylherium
3358 374 119 68 etc.).

1895 451 98 52 Das
2009 453 257 52 Entstehen
2286 454 146 51 dieser
2450 454 141 51 Form
2610 462 117 42 setzt
2746 472 119 40 man,
2892 456 118 49 ohne
3027 458 166 65 jedoch
3216 457 86 51 den
3324 458 130 51 Erfin-

1895 534 83 52 der
2003 556 56 32 zu
2084 557 196 42 nennen,
2309 539 44 51 in
2384 539 72 51 die
2477 539 100 51 Zeit
2600 539 80 50 des
2717 539 85 51 16.
2825 538 354 64 Jahrhunderts,
3201 542 94 52 und
3316 543 64 51 sie
3404 545 76 49 hat

1892 621 130 52 ihren
2044 625 176 49 Namen
2253 642 88 33 von
2360 626 81 49 der
2460 625 177 52 Gestalt
2653 625 80 50 des
2751 625 213 59 Kastens,
2994 627 174 50 welche
3201 628 69 50 die
3303 630 150 50 stufen-

1892 707 140 51 weise
2058 707 203 52 abwärts
2287 711 160 66 länger
2477 711 279 51 werdenden
2781 711 157 49 Saiten
2958 710 263 68 bedingten,
3248 715 69 49 die
3335 715 145 51 durch

1895 809 56 31 an
1978 792 87 50 den
2085 793 271 68 Tangenten
2388 795 272 52 befindliche
2690 796 268 53 Federkiele
2987 796 254 67 geschnellt
3270 800 210 49 wurden.

1896 875 96 52 Uns
2025 876 175 51 scheint
2224 876 185 69 jedoch,
2458 881 102 50 dass
2606 881 73 51 die
2707 881 262 69 Erfindung
3015 881 79 52 des
3124 881 188 65 Flügels
3355 882 126 52 einer

1898 962 119 51 noch
2050 962 215 51 früheren
2296 964 101 49 Zeit
2437 965 65 51 als
2545 966 83 48 der
2667 966 79 51 des
2779 967 330 51 sechszehnlen
3140 967 340 53 Jahrhunderts

1895 1047 243 68 angehört,
2185 1047 101 51 weil
2333 1049 73 49 die
2437 1050 261 67 Saitenlage
2745 1051 242 51 desselben
3028 1053 70 50 die
3128 1058 353 63 naturgerüisse

1895 1133 94 50 und
2039 1133 162 50 darum
2248 1134 119 49 ohne
2416 1134 186 51 Zweifel
2649 1143 157 42 zuerst
2850 1138 279 64 angewandt
3174 1140 190 50 worden
3409 1139 71 51 ist.

1895 1218 135 49 Auch
2059 1218 79 49 hat
2167 1218 82 49 der
2277 1218 259 59 berühmte,
2562 1237 150 49 gegen
2727 1219 132 51 Ende
2887 1220 80 51 des
2992 1221 332 53 sechszehnten
3343 1224 107 50 Jahr-

1896 1301 229 51 hunderts
2157 1303 301 51 verstorbene
2488 1304 206 51 Musiker
2718 1304 234 69 Giuseppe
2967 1305 184 51 Zarlino
3180 1326 57 31 zu
3270 1310 209 66 Venedig

1896 1387 70 50 die
1998 1387 329 52 Construction
2370 1388 79 52 des
2479 1389 188 69 Flügels
2713 1389 124 52 nicht
2875 1390 239 60 erfunden,
3160 1393 199 49 sondern
3391 1412 88 32 nur

1895 1470 277 61 verbessert,
2214 1473 152 51 indem
2400 1492 53 32 er
2482 1474 82 51 der
2595 1492 212 50 genauen
2836 1474 197 68 Angabe
3065 1474 81 52 der
3176 1477 306 70 Temperatur

1900 1557 81 51 der
2027 1557 95 49 drei
2163 1557 474 68 Klanggeschlechter
2681 1577 166 50 wegen
2892 1561 132 49 einen
3070 1559 254 55 besonders
3369 1581 81 32 con-

1895 1642 220 51 struirten
2145 1642 164 67 Flügel
2339 1643 145 52 durch
2513 1644 257 51 Domenico
2794 1647 222 48 Pesarese
3055 1644 153 54 1548
3244 1647 117 51 nach
3392 1648 64 51 sei-

1892 1745 83 33 ner
2005 1727 191 67 eigenen
2229 1728 259 52 Vorschrift
2520 1728 150 52 bauen
2701 1729 119 53 liess.
2872 1729 190 51 Andere
3091 1731 247 52 berühmte
3371 1733 78 50 Cla-

1892 1812 299 60 viermacher,
2237 1813 174 51 welche
2458 1815 89 50 den
2587 1815 258 69 Flügelbau
2886 1813 336 64 verbesserten,
3270 1818 209 68 gehören

1896 1897 127 51 einer
2054 1916 203 33 neueren
2280 1898 101 51 Zeit
2412 1917 72 44 an,
2516 1900 86 52 wie
2635 1901 121 51 denn
2787 1901 81 51 der
2898 1901 215 69 Flügel
3145 1906 334 66 gegenwärtig,

1894 1982 44 50 in
1969 1981 213 52 besserer
2200 1983 305 69 Würdigung
2535 1985 150 51 seiner
2714 1985 376 68 vorzüglicheren
3107 1987 370 68 Eigenschaften,

1899 2067 65 50 als
2011 2067 80 50 das
2136 2075 123 42 erste
2305 2069 81 50 der
2427 2069 514 52 Clavier-Instrumente
2986 2071 254 51 anerkannt
3284 2074 94 50 und
3423 2093 56 31 zu

1896 2152 160 51 Ehren
2088 2151 80 51 des
2196 2152 220 52 besseren
2446 2155 348 51 musicalischen
2820 2156 308 51 Geschmacks
3160 2157 46 50 in
3236 2157 81 51 der
3348 2163 99 47 mün-

1895 2236 170 50 chener
2094 2236 305 70 Ausstellung
2445 2255 79 33 um
2568 2239 131 51 mehr
2743 2239 64 51 als
2840 2240 80 50 das
2952 2241 231 69 Doppelte
3215 2260 148 50 gegen
3408 2244 69 49 die

1895 2320 203 52 anderen
2131 2321 351 54 Ciavier-Arten
2511 2331 234 44 vertreten
2776 2325 71 51 ist.

2023 2406 97 50 Das
2157 2408 205 50 Cembalo
2398 2408 114 52 oder
2555 2409 83 49 der
2679 2409 163 69 Flügel
2884 2409 44 51 in
2974 2410 328 52 verkleinerter
3339 2414 141 52 Form

1898 2491 120 51 hiess
2049 2491 247 69 Spinett
2615 2494 221 69 (Spinelto,
2837 2494 160 67 hergeleitet
2998 2513 27 33 von
3283 2498 198 60 Stachel,

1900 2575 161 52 womit
2108 2577 70 49 die
2219 2578 273 68 Tangenten
2535 2598 104 32 zum
2671 2580 245 69 Anzupfen
2953 2580 82 51 der
3066 2583 156 51 Saiten
3259 2583 222 51 versehen

1900 2662 191 67 waren).
2121 2660 84 52 Mit
2229 2662 241 53 derselben
2487 2665 288 67 Benennung
2799 2664 296 52 bezeichnete
3126 2686 104 32 man
3260 2667 219 68 übrigens

1908 2745 231 51 nachmals
2187 2748 65 50 oft
2303 2748 115 51 auch
2466 2749 79 50 das
2591 2749 107 50 sehr
2743 2749 347 69 kleingeformte
3138 2752 342 53 Tafel-Clavier.

1904 2831 179 50 Mozart
2113 2831 282 67 gebrauchte
2427 2832 70 51 für
2525 2833 215 69 Flügel
2774 2837 338 66 vorzugsweise
3141 2836 118 52 noch
3293 2837 70 49 die
3392 2838 60 50 Be-

1901 2933 219 50 nennung
2163 2918 277 51 Cembalo.

2027 3001 127 51 Nach
2187 3002 104 51 dem
2767 3005 207 50 Cembalo
2558 3003 161 51 wurde
2751 3005 80 50 das
2855 3006 335 51 Pantaleon
3222 3006 258 68 (Pantalon)

1904 3085 236 59 erfunden,
2201 3087 199 51 welches
2441 3087 169 69 jedoch
2656 3088 44 51 in
2747 3090 146 50 seiner
2938 3091 396 67 ursprünglichen,
3394 3110 88 32 von

1908 3172 330 51 Pantaleon
2270 3172 416 60 Hebenstreit,
2717 3176 148 50 einem
2896 3175 81 51 der
3006 3173 352 54 berühmtesten
3382 3177 78 51 Gei-

1906 3273 83 50 ger
2037 3257 280 50 seinerZeit
2362 3257 216 69 (1690),
2624 3259 43 50 in
2717 3260 216 51 Eisleben
2977 3260 283 52 erfundenen
3306 3262 176 51 Gestalt

1908 3341 119 50 ohne
2059 3341 231 51 Claviatur
2320 3342 239 69 eigentlich
2606 3344 104 50 kein
2740 3345 485 51 Clavier-Instrument
3267 3364 108 33 war.
3420 3347 62 50 Es

1906 3425 176 61 wurde,
2115 3426 143 68 gleich
2290 3427 104 51 dem
2418 3427 262 53 Hackbrett
2959 3431 83 50 der
3063 3431 249 68 Bergleute
3344 3431 141 68 (eines

1908 3510 81 51 der
2032 3511 277 68 dürftigsten
2355 3513 677 71 Metallsaiten-Instrumente),
3072 3515 169 51 mittels
3288 3516 197 68 Klöppel

1908 3595 353 67 angeschlagen,
2295 3595 65 51 bis
2394 3615 104 31 man
2529 3598 43 49 in
2604 3601 209 64 späterer
2842 3600 113 57 Zeit,
2988 3600 224 51 nachdem
3244 3600 71 51 die
3342 3601 108 50 Häm-

1906 3695 99 33 mer
2033 3678 223 52 erfunden
2287 3698 171 42 waren,
2502 3681 81 50 auf
2620 3681 88 51 den
2741 3683 251 52 Gedanken
3033 3684 119 58 kam,
3197 3684 103 51 dem
3331 3684 155 51 früher

1908 3772 119 42 etwa
2052 3764 115 50 zehn
2192 3765 117 50 Fuss
2336 3765 165 68 langen
2526 3767 250 50 Pantaleon
2803 3768 99 51 eine
2933 3769 168 50 andere
3132 3773 189 47 äussere
3345 3769 141 52 Form

1908 3868 56 31 zu
1998 3848 148 68 geben
2190 3850 91 50 und
2322 3849 72 51 bei
2427 3850 267 51 demselben
2738 3859 111 45 statt
2892 3853 80 51 des
3004 3853 480 70 Klöppel-Anschlags

1908 3934 89 52 den
2023 3935 383 69 Hammerschlag
2435 3953 109 33 von
2577 3935 147 51 oben
2756 3938 329 52 anzuwenden.

2036 4018 300 52 Hebenstreit
2378 4021 125 49 hatte
2545 4019 80 51 mit
2671 4021 170 50 seinem
2872 4040 90 31 neu
2994 4024 280 52 erfundenen
3303 4029 154 49 Instru-

1906 4111 169 51 mente,
2108 4106 80 49 auf
2211 4104 104 52 dem
2347 4122 51 33 er
2428 4106 98 50 eine
2557 4123 162 50 grosse
2736 4107 252 68 Fertigkeit
3008 4108 157 54 besass
3190 4113 94 50 und
3301 4115 146 50 Kunst-

1908 4187 222 52 freunden
2173 4189 85 53 wie
2289 4191 360 51 Musikkennern
2680 4192 283 67 angenehme
2995 4192 340 72 Unterhaltung
3381 4215 75 33 ver-
