3454 4335
1667 187 98 47 167

171 322 193 49 samkeit
391 323 225 48 öffentlich
648 322 151 63 zeigen
830 339 52 30 zu
913 320 194 58 können,
1136 339 48 31 so
1214 323 164 48 könnte
1407 324 266 47 einZweifel

172 416 143 47 gegen
358 398 69 48 die
454 398 424 62 Zweckmässigkeit
917 397 80 47 der
1039 416 145 29 neuen
1222 400 272 63 Maassregel
1538 400 134 46 kaum

173 477 98 45 eine
300 493 85 29 nur
407 475 230 64 halbwegs
661 474 218 48 motivirte
901 474 310 65 Begründung
1234 477 161 47 finden.
1428 478 140 46 Unter
1595 477 79 45 der

171 550 185 64 jetzigen
388 552 320 63 quantitativen
739 549 375 65 Einschränkung
1142 550 109 49 aber
1274 553 53 44 ist
1350 568 44 31 es
1418 559 138 40 etwas
1581 553 62 46 An-

171 627 140 46 deres.
355 627 59 45 So
445 627 260 48 erscheinen
748 642 91 29 nun
875 625 136 46 schon
1042 628 81 45 seit
1150 628 106 45 zwei
1284 628 169 47 Jahren
1485 628 189 45 manche

169 703 526 47 Instrumental-Classen
714 701 41 46 in
771 700 84 47 den
872 701 461 50 Solo-Productionen
1357 704 78 46 der
1457 704 217 63 Zöglinge

171 794 81 46 gar
281 778 122 47 nicht
430 778 128 47 mehr
579 784 237 47 vertreten,
839 776 180 47 obwohl
1046 779 134 47 kaum
1206 795 328 47 angenommen
1560 795 84 30 wer-

172 853 85 45 den
281 853 136 54 kann,
446 851 99 47 dass
574 853 91 45 sich
696 859 130 39 unter
846 853 150 62 jenen,
1029 854 166 47 welche
1220 855 119 46 nicht
1361 870 46 31 so
1433 854 241 63 bevorzugt

168 927 114 56 sind,
311 927 84 47 wie
417 927 71 47 die
512 929 258 47 Violinisten
794 929 89 45 und
907 930 343 55 Clariuettisten,
1280 930 121 47 nicht
1429 931 113 46 auch
1574 938 71 39 ent-

169 1002 278 65 sprechende
477 1004 185 47 Talente
690 1004 230 47 vorfinden
949 1005 171 48 sollten.
1157 1005 125 47 Aber
1310 1005 136 47 selbst
1466 1005 104 63 jene
1599 1006 48 46 In-

169 1085 264 50 strumente,
463 1079 69 48 die
560 1080 92 47 sich
684 1079 242 48 besonders
953 1080 275 47 zahlreicher
1255 1081 189 46 Schüler
1474 1080 88 47 und
1593 1081 76 46 mit

168 1156 127 47 ihren
334 1156 206 47 Lehrern
588 1156 275 47 besonderer
903 1156 253 47 Protection
1212 1156 230 56 erfreuen,
1494 1157 175 46 können

168 1231 121 46 nicht
327 1231 84 47 alle
440 1231 95 47 ihre
564 1230 445 63 hervorragenderen
1040 1232 381 63 Repräsentanten
1451 1231 101 47 dem
1580 1234 60 44 Pu-

171 1306 163 47 blicum
364 1306 227 48 öffentlich
626 1307 169 61 zeigen,
839 1305 113 48 eben
983 1307 98 46 weil
1110 1322 45 31 es
1178 1307 106 64 jetzt
1314 1308 113 46 noch
1460 1307 125 47 mehr
1615 1324 55 31 an

169 1383 120 46 Platz
313 1382 122 53 fehlt,
463 1382 63 47 als
553 1382 206 47 ehedem.
789 1382 130 47 Auch
943 1382 179 48 werden
1147 1383 70 47 die
1239 1383 294 64 eigentlichen
1554 1385 87 45 Con-

165 1457 343 64 cert-Vorträge
536 1457 80 47 der
644 1458 188 46 Schüler
860 1458 136 46 selbst
1024 1466 129 39 unter
1183 1458 78 47 der
1284 1460 257 54 Annahme,
1570 1460 100 47 dass

168 1533 79 47 das
276 1533 193 64 mächtig
499 1533 317 47 aufstrebende
832 1535 160 47 Talent
1023 1536 76 46 mit
1126 1536 149 46 seinen
1292 1535 349 47 Zukunfts-Hoff-

169 1626 181 47 nungen
376 1618 129 38 unter
526 1611 113 47 allen
659 1609 274 49 Umständen
958 1611 77 47 das
1057 1611 188 63 innigste
1265 1613 215 46 Interesse
1510 1629 54 30 an
1587 1612 62 47 sei-

169 1702 87 31 nen
285 1686 383 64 Kundgebungen
706 1686 126 47 wach
874 1687 159 56 erhält,
1073 1705 83 30 von
1180 1688 135 64 jenen
1347 1703 182 46 grossen
1560 1688 83 46 Mei-

167 1770 138 48 stern,
347 1763 170 47 welche
559 1762 288 48 unmittelbar
878 1763 77 46 mit
983 1763 132 47 ihnen
1147 1766 61 44 als
1240 1766 132 44 Gäste
1404 1764 268 54 mitwirken,

169 1838 118 47 denn
317 1837 114 48 doch
460 1839 170 61 einiger
658 1839 203 46 Maassen
893 1838 234 62 gedrückt,
1157 1839 70 46 die
1255 1838 417 48 Aufmerksamkeit

168 1914 81 47 auf
271 1913 61 47 sie
361 1914 42 46 in
433 1913 87 47 den
544 1914 211 47 Schatten
780 1914 188 64 gestellt,
999 1914 57 47 da
1084 1913 69 50 die
1176 1916 149 45 Sonne
1349 1916 292 63 wohlbegrün-

168 1989 131 48 deten
333 1990 201 46 Ruhmes
574 1990 44 46 in
648 1989 142 47 dieser
821 1990 255 64 Beziehung
1117 1992 62 45 als
1221 1992 220 45 exclusive
1470 1990 200 64 Egoistin

168 2068 179 46 letztere
375 2083 86 29 nur
489 2067 82 47 auf
606 2067 84 47 den
720 2067 143 45 Einen
893 2067 150 47 Punkt
1082 2084 52 30 zu
1176 2068 306 47 concentriren
1528 2067 141 47 sucht.

168 2143 107 47 Man
303 2142 129 54 sieht,
475 2157 160 32 unsere
662 2140 318 64 Einwendung
1023 2142 172 47 bezieht
1231 2143 89 46 sich
1359 2159 84 30 nur
1482 2143 82 46 auf
1585 2142 84 47 den

168 2218 211 47 nächsten
399 2218 164 47 Zweck
593 2217 79 48 der
696 2218 96 47 Con
797 2233 15 18 v
818 2218 539 47 ervatoriums-Concerte
1387 2218 88 47 und
1508 2219 164 46 könnte

167 2294 133 47 leicht
336 2294 78 46 mit
447 2294 124 47 einer
597 2293 320 65 quantitativen
950 2294 318 64 Vermehrung
1297 2294 232 47 derselben
1560 2311 112 47 ganz

169 2369 89 47 und
295 2385 83 47 gar
411 2385 52 31 zu
493 2369 154 48 Boden
684 2369 268 63 geschlagen
982 2369 196 48 werden.
1214 2370 125 47 Aber
1368 2369 121 47 nicht
1517 2387 84 29 nur
1630 2370 39 46 in

167 2445 271 47 artistischer
451 2445 257 64 Beziehung
732 2448 165 44 müsste
920 2445 96 47 eine
1038 2446 149 46 solche
1216 2445 101 47 dem
1347 2445 201 47 Institute
1571 2462 98 29 zum

167 2526 202 60 grössten
399 2523 231 48 Vortheile
659 2521 256 66 gereichen,
944 2521 192 47 sondern
1169 2523 111 47 auch
1314 2523 40 47 in
1387 2523 281 47 materieller.

778 2596 198 64 (Schluss
1000 2598 138 63 folgt.)

458 2829 179 69 Tages-
667 2829 89 69 und
786 2829 593 69 Unterhaltungs-Blatt.

245 2948 170 38 M.£Slsa.
463 2950 81 34 Wir
571 2949 147 34 werden
747 2948 89 44 hier,
865 2960 105 23 wenn
1000 2948 59 33 die
1088 2946 245 35 Theilnahme
1362 2946 63 34 des
1453 2945 219 34 Publicums

166 3024 40 23 es
223 3010 235 45 ermöglicht,
479 3010 58 33 die
564 3008 331 35 italiänisehe
923 3008 149 44 Opern
1086 3026 13 4 -
1111 3007 31 34 G
1154 3005 215 35 eselisch
1383 3018 20 21 a
1417 3009 37 29 11
1469 3006 63 32 des
1553 3005 120 32 Herrn

166 3071 193 35 Merelli
398 3081 68 23 aus
493 3069 185 44 Venedig,
724 3069 58 33 die
806 3068 96 44 jetzt
928 3069 38 32 in
996 3066 150 35 Brüssel
1177 3067 65 32 mit
1271 3063 400 37 ausserordentlichem

163 3132 132 44 Erfolg
322 3132 123 44 spielt,
474 3130 37 33 in
543 3128 21 37 6
572 3128 69 37 —B
670 3128 288 44 Vorstellungen
988 3127 124 33 hören.
1158 3126 97 34 Herr
1285 3127 62 35 Dr.
1375 3123 185 36 Hanslick
1589 3125 86 42 sagt

163 3191 39 34 in
223 3191 64 33 der
317 3191 133 33 wiener
677 3199 7 22 i
726 3188 92 41 »Die
847 3186 105 34 echte
981 3184 202 35 Schönheit
1210 3184 64 34 der
1300 3182 262 36 italiänischen
1591 3181 56 33 Mu-

164 3250 60 33 sik
253 3250 88 33 fand
369 3254 91 29 stets
497 3261 47 22 an
583 3260 70 22 uns
696 3249 105 32 einen
844 3246 213 34 dankbaren
1086 3245 257 35 Bewunderer.
1400 3245 70 32 Die
1497 3241 178 35 Italiäner

165 3310 199 34 cultiviren
394 3308 158 44 (freilich
583 3307 189 44 einseitig)
815 3306 64 34 das
919 3304 321 47 ursprünglichste
1283 3303 74 34 und
1399 3301 275 35 wesentlichste

163 3370 172 33 Element
363 3368 65 34 der
456 3368 220 34 Tonkunst:
707 3367 80 33 ihre
815 3365 183 35 sinnliche
1019 3363 200 35 Schönheit
1245 3363 76 33 und
1351 3362 104 33 klare
1476 3362 123 33 Form.
1627 3360 47 33 Je

164 3429 105 35 mehr
298 3428 56 34 die
384 3428 178 34 deutsehe
590 3426 128 34 Musik
747 3426 104 33 ihren
880 3426 113 43 Hang
1021 3436 46 21 zu
1096 3424 81 33 dem
1205 3425 374 41 entgegengesetzten
1601 3420 49 32 Ex-

164 3492 125 40 treme,
316 3487 167 35 nämlich
511 3487 81 33 dem
621 3485 378 35 charakteristischen
1027 3482 212 43 Ausdruck,
1275 3481 125 46 pflegt,
1441 3480 103 34 desto
1573 3481 78 32 wün-

164 3548 297 35 schenswerther
486 3558 104 23 muss
618 3558 39 21 es
686 3547 91 39 sein,
817 3545 86 34 dass
932 3544 200 44 zeitweilig
1159 3544 37 32 in
1223 3539 263 36 italienischen
1513 3540 138 33 Muster-

165 3608 149 33 werken
341 3607 59 34 ihr
428 3607 66 34 das
521 3605 189 36 Fehlende
739 3605 173 44 lebendig
942 3606 288 43 entgegentrete.
1286 3602 113 32 Diese
1427 3599 246 38 Erkenntnis?

163 3668 63 43 lag
255 3667 58 34 als
342 3668 119 43 tiefer,
488 3666 179 45 richtiger
693 3665 164 34 Instinct
885 3664 69 33 den
984 3662 290 35 musicalischen
1295 3659 280 35 Römerfahrten
1606 3670 45 21 un-

165 3738 99 23 serer
290 3727 142 33 älteren
459 3725 264 46 Componisten
753 3736 46 22 zu
827 3722 164 37 Grunde.
1045 3723 81 33 Wie
1161 3721 178 45 gewaltig
1377 3718 118 34 dieses
1532 3719 119 43 Ergän-

165 3786 358 46 zungs-Bediirfniss
553 3786 95 33 noch
684 3786 241 44 heutzutage,
967 3783 182 33 nachdem
1180 3782 57 32 die
1264 3779 128 33 Macht
1420 3778 63 33 der
1510 3778 146 33 italiäni-

165 3847 114 35 schen
300 3847 128 33 Musik
458 3857 40 22 so
526 3845 85 34 sehr
639 3846 207 43 gesunken,
879 3845 79 33 sich
989 3854 108 33 regen
1121 3842 133 42 könne,
1275 3840 119 33 haben
1420 3838 58 33 die
1493 3838 180 44 jüngsten

164 3908 152 44 Erfolge
345 3906 62 34 der
435 3905 179 35 Italiäner
640 3906 40 33 in
709 3905 122 33 Berlin
861 3904 87 33 sehr
976 3901 246 35 anschaulich
1250 3898 174 47 gemacht
1463 3898 76 32 Das
1561 3898 91 32 musi-

164 3968 148 34 cirende
339 3967 136 42 Berlin,
505 3965 65 33 das
599 3965 118 33 Jahre
745 3965 89 44 lang
861 3964 108 34 keine
998 3962 164 34 wälsche
1191 3961 99 44 Oper
1318 3969 244 32 vernommen,
1592 3959 62 32 wei-

164 4026 84 35 dete
274 4026 95 43 sich,
411 4037 86 22 man
523 4024 149 33 möchte
702 4035 115 33 sagen
857 4035 47 21 an
947 4023 80 33 dem
1059 4050 15 17 „
1081 4019 192 48 „Anblick*
1274 4021 5 14 4
1286 4017 16 18 u
1332 4018 120 34 dieser
1491 4016 183 47 plastisch

163 4086 175 43 schönen,
379 4087 37 33 in
444 4085 80 36 sich
552 4083 337 46 abgeschlossenen
921 4082 219 35 Mclodieen.
1194 4081 49 33 Es
1272 4090 88 34 war,
1405 4078 54 35 als
1500 4077 176 35 rauschte

1745 321 175 44 plötzlich
1950 324 56 33 ein
2035 324 169 46 lustiger,
2235 324 233 36 silberheller
2488 326 97 34 Buch
2614 327 112 34 durch
2757 326 68 35 den
2856 329 215 45 verständig
3092 330 124 34 trocke-

1745 391 69 22 nen
1842 381 110 35 Sand.
1981 383 39 32 In
2051 383 117 44 Wien,
2205 395 54 23 wo
2286 385 235 33 italiänisehe
2548 385 260 46 Componisten
2838 386 114 33 leider
2981 387 97 33 auch
3105 389 38 32 in
3172 388 62 34 der

1747 438 202 35 deutschen
1977 441 130 34 Saison
2136 443 205 45 bevorzugt
2368 444 156 40 werden,
2561 446 48 31 ist
2636 447 79 32 eine
2744 446 173 34 ähnliche
2946 447 186 43 Wirkung
3155 447 67 33 frei-

1743 496 75 33 lich
1846 500 99 31 nicht
1972 501 182 43 möglich;
2183 503 53 42 (?)
2279 503 110 32 allein
2417 503 90 33 Eine
2535 504 96 33 Seite
2669 505 115 33 bleibt
2822 506 60 33 für
2911 517 67 22 uns
3009 517 71 22 von
3106 505 109 34 kunst-

1744 555 295 45 pädagogischer
2069 559 254 45 Wichtigkeit.
2377 561 77 33 Das
2494 563 49 32 ist
2585 562 56 34 die
2678 564 233 34 italiänisehe
2941 563 296 44 Gesangskunst.

1744 614 211 46 Allerdings
1985 618 78 32 eine
2091 619 212 42 gesunkene
2328 619 145 42 Grösse,
2518 620 96 34 kann
2644 621 75 33 und
2747 622 70 32 soll
2850 623 52 32 sie
2937 622 177 34 trotzdem
3141 622 100 34 ihrer

1745 674 202 34 deutschen
1977 675 206 35 Schwester
2209 678 54 32 als
2291 676 155 36 Vorbild
2476 679 141 36 dienen.
2665 680 103 34 Noch
2803 682 127 33 immer
2970 682 82 33 sind
3080 682 58 33 die
3165 680 56 35 Ita-

1743 733 118 34 liäner
1888 733 57 33 die
1976 733 128 35 besten
2133 736 160 44 Sänger;
2322 736 114 33 damit
2465 739 178 42 sprechen
2674 740 65 32 wir
2766 739 102 33 nicht
2894 740 138 34 sowohl
3060 742 58 32 ein
3146 741 68 33 Prä-

1744 792 148 43 rogativ
1921 792 63 33 des
2013 793 146 34 Landes
2188 806 81 31 aus,
2298 795 55 33 als
2382 797 57 31 ein
2467 796 198 35 Verdienst
2693 798 63 33 der
2784 798 147 34 Schule.
2966 799 70 33 Die
3062 799 177 35 Italiäner

1744 849 121 35 haben
1894 862 71 22 von
1994 851 62 34 der
2076 852 285 44 Gesangskunst
2389 855 104 32 einen
2521 856 73 32 viel
2623 856 221 44 richtigeren
2870 857 142 44 Begriff
3035 858 74 33 und
3136 858 104 35 einen

1744 908 164 35 höheren
1936 910 171 47 Respect,
2136 912 56 33 als
2221 912 57 34 die
2571 926 36 21 u.
2636 926 29 24 s.
2694 927 45 21 w.

1820 1001 36 37 C/
1857 1001 2 50 I
1861 1011 60 27 !*©
2013 1002 49 35 fS.
2091 1002 59 36 27.
2179 1005 117 45 April.
2333 1006 76 33 Das
2436 1007 150 44 heutige
2615 1008 156 33 Concert
2798 1008 64 34 der
2889 1008 237 43 Liedertafel,
3154 1008 66 33 wel-

1742 1060 87 34 ches
1857 1062 50 33 im
1935 1061 109 35 Saale
2073 1063 63 33 des
2164 1064 112 34 Hotel
2305 1064 44 34 de
2376 1065 36 33 la
2439 1065 168 35 Redoute
2649 1067 58 33 bei
2751 1067 84 34 sehr
2862 1067 230 34 zahlreicher
3118 1067 105 33 Theil-

1741 1121 134 33 nähme
1905 1121 63 34 der
1991 1122 166 46 hiesigen
2187 1123 285 35 Musikfreunde
2501 1124 97 35 Statt
2626 1125 100 42 fand,
2766 1126 103 34 hatte
2906 1128 79 33 sich
3013 1128 51 33 im
3091 1128 150 33 Ganzen

1742 1180 99 34 eines
1869 1180 238 35 entschieden
2129 1184 200 43 günstigen
2347 1183 197 34 Verlaufes
2573 1195 46 22 zu
2647 1185 182 34 erfreuen.
2858 1186 49 32 Es
2935 1186 125 34 wurde
3086 1187 66 31 mit
3179 1185 62 34 der

1743 1238 209 35 Ouvertüre
1981 1251 84 23 zum
2093 1242 310 45 „Wasserträger*
2403 1245 8 15 4
2443 1255 71 23 von
2542 1244 203 33 Cherubini
2775 1244 165 42 eröffnet,
2976 1244 138 33 welche
3139 1242 104 35 recht

1741 1300 140 42 präcis,
1910 1300 66 31 mit
1998 1300 201 34 Ausdruck
2228 1302 77 33 und
2620 1303 162 45 gespielt
2810 1303 137 33 wurde.
2975 1302 176 36 Dieselbe
3169 1302 50 34 An-

1742 1357 217 44 erkennung
1986 1359 168 33 verdient
2183 1360 63 34 der
2263 1361 162 45 Vortrag
2444 1362 64 33 der
2528 1364 154 32 zweiten
2702 1362 212 35 Ouvertüre
2940 1363 94 41 »Die

1742 1427 74 22 von
1840 1416 58 36 W.
1919 1416 191 36 Sterndale
2135 1420 166 36 Bennett.
2331 1422 72 33 Die
2432 1422 224 33 Liedertafel
2685 1433 111 34 sang:
2828 1421 36 46 1)
2891 1422 126 33 Psalm
3046 1420 60 43 23,
3135 1421 110 44 „Gott

1742 1476 118 32 meine
2178 1488 73 24 von
2279 1479 200 43 Schubert;
2509 1479 40 45 2)
2581 1481 100 40 »Auf
2705 1481 137 33 offener
2987 1491 70 23 von
3075 1481 41 35 F.
3136 1479 81 34 Möh-

1742 1535 102 42 ring;
1889 1533 39 45 3)
1961 1535 115 41 „Lied
2105 1538 59 33 für
2191 1537 58 34 die
2276 1538 217 34 Deutschen
2523 1540 37 32 in
2589 1540 127 44 Lyon'
2761 1552 71 22 von
2874 1539 282 43 Mendelssohn;
3198 1538 42 45 4)

1744 1594 90 32 zwei
1853 1593 235 36 Volkslieder
2117 1597 74 32 und
2220 1596 39 43 5)
2290 1597 363 45 „Frühlingsnahen''
2685 1609 71 23 von
2771 1599 224 45 Josephson.
3024 1599 40 33 In
3092 1600 126 33 sämmt-

1742 1652 122 33 lichen
1893 1653 207 46 Vorträgen
2145 1655 205 35 offenbarte
2393 1656 62 34 der
2483 1657 132 33 Verein
2644 1657 199 34 wiederum
2872 1658 214 42 Sicherheit,
3128 1657 93 35 wohl-

1744 1710 161 35 thuende
1933 1713 154 34 Frische
2116 1714 64 33 des
2209 1715 122 34 Tones
2359 1715 75 33 und
2463 1714 138 35 schöne
2628 1716 297 45 Klangfärbung.
2973 1717 101 44 „Auf
3107 1716 138 34 offener

1744 1770 86 33 See'
1860 1782 76 22 war
1964 1773 79 32 eine
2074 1773 198 35 besonders
2300 1774 192 44 glücklich
2521 1775 185 43 gewählte
2725 1775 194 42 Nummer;
2949 1786 36 22 es
3013 1776 50 32 ist
3089 1776 58 32 ein
3175 1776 51 33 rei-

1745 1829 144 43 zendes,
1919 1832 66 31 mit
2013 1832 115 33 schön
2156 1833 315 34 instrumentirter
2490 1833 440 46 Orchester-Begleitung
2958 1834 112 33 dahin
3098 1844 122 33 wogen-

1747 1888 63 34 des
1839 1888 264 46 Gesangstück
2131 1892 60 32 für
2220 1891 99 35 Chor
2358 1892 78 33 und
2463 1892 87 44 Soli,
2593 1892 67 34 das
2690 1892 55 34 bis
2775 1904 47 22 zu
2850 1892 81 34 dem
2958 1892 288 45 Schlussgebete

1744 1947 69 35 den
1833 1949 167 33 Zuhörer
2020 1950 176 45 gewaltig
2218 1951 160 44 ergreift.
2408 1953 76 32 Das
2507 1952 122 42 letzte,
3074 1950 91 35 fand
3184 1953 59 32 ein

1742 2007 177 44 getheilte
1938 2008 225 46 Aufnahme,
2193 2009 219 34 keinesfalls
2442 2022 75 22 war
2544 2010 163 34 dieselbe
2735 2022 53 32 so,
2819 2011 68 33 wie
2915 2010 58 34 die
3001 2010 244 46 Ausführung

1743 2067 99 33 wohl
1871 2067 198 37 verdiente.
2124 2069 70 33 Die
2222 2069 252 45 Composition
2502 2070 48 34 ist
2578 2072 80 33 eine
2687 2070 328 44 eigentümliche,
3053 2070 77 34 und
3158 2070 87 34 fällt

1745 2137 37 22 es
1811 2126 81 33 dem
1914 2126 166 35 Zuhörer
2107 2128 170 33 wirklich
2307 2128 153 42 schwer,
2490 2128 80 33 sich
2599 2130 66 31 mit
2693 2128 137 33 diesem
3045 2128 62 34 der
3135 2129 88 33 schö-

1744 2194 70 23 nen
1840 2184 214 34 Jahreszeit
2084 2196 45 22 zu
2159 2185 236 35 befreunden.
2450 2186 85 33 Nun
2563 2186 167 45 erübrigt
2756 2186 107 44 noch,
2891 2188 100 32 eines
3017 2186 228 35 besondereil

1746 2243 189 33 Genusses
1963 2255 46 21 zu
2037 2243 205 44 gedenken,
2274 2243 62 34 der
2363 2255 70 23 uns
2462 2244 119 34 durch
2611 2244 63 34 das
2705 2246 196 32 Auftreten
2928 2246 99 32 eines
3054 2245 173 45 geschätz-

1744 2307 60 30 ten
1834 2303 225 33 heimischen
2087 2303 185 43 Talente«,
2313 2304 126 33 Fräul.
2469 2304 299 45 Büschgens,
2808 2304 206 44 geworden.
3069 2304 61 34 Sie
3156 2316 92 35 sang

1745 2362 58 34 die
1830 2362 88 34 Arie
1945 2373 68 22 aus
2042 2363 128 32 Titus:
2205 2361 116 43 „Ach,
2349 2374 71 22 nur
2448 2363 132 33 einmal
2609 2363 96 33 noch
2734 2364 50 31 im
2811 2363 125 34 Leben
2944 2366 14 14 14
2989 2374 36 22 u.
3048 2375 92 25 s.w.
3168 2367 77 32 Das

1745 2423 200 34 Publicum
1974 2422 111 34 zollte
2114 2421 62 34 der
2203 2421 182 44 Sängerin
2422 2421 259 35 rauschenden
2709 2422 145 43 Beifall,
2896 2424 37 32 in
2962 2423 68 33 den
3058 2424 67 33 wir
3149 2435 96 33 ganz

1745 2483 243 32 einstimmen.
2020 2481 42 33 In
2090 2480 81 33 dem
2198 2481 182 44 Vortrage
2408 2481 62 33 des
2496 2481 274 33 Mozart'schen
2796 2481 170 45 herzigen
2984 2482 132 34 Liedes
3147 2483 97 45 „Das

1744 2541 201 34 Veilchen''
1988 2540 133 34 bewies
2152 2540 66 45 sie,
2262 2540 87 33 dass
2393 2541 52 32 sie
2485 2540 117 33 neben
2630 2540 263 34 Verständniss
2937 2540 63 35 der
3027 2542 128 34 Musik
3189 2542 57 33 die

1745 2601 123 33 Mittel
1886 2600 149 43 besitzt,
2065 2599 64 34 das
2152 2601 138 43 geistig
2310 2599 166 33 Erfasste
2506 2611 45 21 zu
2580 2600 117 33 voller
2719 2600 186 45 Wirkung
2926 2601 315 45 wiederzugeben.

1820 2694 285 45 Sängerfest
2133 2694 45 32 in
2206 2693 132 34 Gent.
2377 2694 74 34 Der
2480 2694 450 45 Männergesang-Verein
2961 2695 136 34 Societe
3122 2695 124 46 roijale

1745 2756 57 32 des
1830 2755 226 39 Melomanes,
2100 2753 165 44 gestiftet
2293 2752 70 34 den
2396 2752 30 37 1.
2456 2753 161 34 October
2648 2752 107 41 JBoB,
2797 2754 91 33 wird
2919 2754 57 33 bei
3005 2754 241 45 Gelegenheit

1747 2815 62 33 der
1849 2813 180 35 nächsten
2072 2812 407 45 Gemeinde-Festtage,
2521 2812 165 47 Sonntag
2717 2813 69 33 den
2815 2811 34 37 8.
2878 2813 93 44 Juli,
3015 2818 108 30 unter
3165 2815 80 33 dem

1745 2875 177 32 Patronat
1944 2872 62 35 der
2025 2872 231 35 städtischen
2277 2872 170 34 Behörde
2476 2873 106 33 einen
2611 2872 28 35 C
2654 2872 20 33 h
2689 2872 557 47 orgesang-Wettstreit

1745 2937 263 31 veransta.ten.
2036 2932 230 44 Eingeladen
2295 2931 82 34 sind
2407 2932 36 45 J)
2473 2932 71 33 alle
2573 2932 155 33 Vereine
2756 2932 171 45 Belgiens
2957 2933 74 33 und
3059 2933 62 33 des
3149 2934 72 34 Aus-

1745 2994 140 45 landes,
1917 2994 66 32 mit
2009 2993 218 33 Ausnahme
2269 2991 224 45 derjenigen,
2539 2991 57 33 die
2632 2992 37 32 in
2700 2991 96 34 Gent
2833 2992 118 34 selbst
2980 2992 195 43 bestehen;
3206 2992 36 46 2)

1745 3053 57 35 die
1818 3053 155 34 Schüler
2001 3052 62 34 der
2081 3050 371 35 Gemeindeschulen,
2484 3051 58 33 die
2571 3062 71 23 von
2671 3051 95 34 Gent
2794 3052 66 32 mit
2888 3051 250 44 einbegriffen.
3174 3052 71 34 Ein

1745 3116 184 33 Nachlass
1961 3126 70 21 von
2060 3113 47 36 50
2127 3114 159 32 Procent
2311 3113 49 33 ist
2387 3112 97 33 allen
2515 3111 298 34 Gesellschaften
2840 3112 69 32 auf
2933 3111 68 33 den
3030 3111 215 45 belgischen

1745 3175 261 34 Eisenbahnen
2034 3173 195 44 bewilligt.
2284 3173 49 33 Es
2371 3172 82 35 sind
2490 3172 263 34 verschiedene
2781 3172 126 33 Preise
2941 3173 60 32 für
3030 3172 56 34 die
3116 3173 112 34 städti-

1746 3237 116 34 schen
1891 3235 75 34 und
1994 3235 61 32 für
2082 3234 58 33 die
2168 3233 320 46 Landgemeinden
2517 3234 226 42 ausgesetzt.
2773 3231 71 35 Für
2872 3231 58 34 die
2959 3233 156 34 Vereine
3143 3245 80 22 aus-

1746 3295 278 35 ländischer
2065 3293 174 34 Städte
2281 3292 145 35 besteht
2471 3292 62 33 der
2577 3295 97 30 erste
2702 3292 102 33 Preis
2847 3293 38 32 in
2925 3292 100 33 einer
3065 3292 182 45 goldenen

1746 3356 243 33 Denkmünze
2027 3353 73 34 und
2129 3354 100 32 einer
2255 3352 148 34 Prämie
2433 3363 72 22 von
2536 3349 72 37 500
2637 3351 117 42 Frcs.,
2801 3350 63 34 der
2903 3352 129 33 zweite
3072 3353 37 33 in
3150 3353 98 33 einer

1745 3416 183 45 goldenen
1955 3412 250 37 Denkmünze.
2259 3412 94 33 Vom
2381 3410 194 34 Auslande
2603 3410 147 33 können
2778 3409 96 34 auch
2910 3421 69 22 nur
3017 3412 115 32 zwei
3160 3410 65 35 Ver-

1745 3477 80 33 eine
1853 3474 256 39 concurriren;
2138 3473 37 31 in
2204 3471 138 33 diesem
2370 3470 106 34 Falle
2505 3469 91 35 wird
2625 3469 87 34 aber
2740 3481 71 22 nur
2839 3469 64 34 der
2930 3474 94 30 erste
3054 3469 101 35 Preis
3184 3482 41 22 zu-

1747 3535 167 34 erkannt.
1959 3534 69 32 Die
2055 3532 99 43 Jury
2183 3531 60 34 für
2270 3530 188 35 dieselben
2495 3530 148 34 besteht
2673 3530 222 44 wenigstens
2924 3541 67 22 aus
3020 3530 85 33 fünf
3126 3530 100 34 Preis-

1746 3595 175 34 richtern.
1975 3593 74 33 Der
2079 3591 97 34 Chor
2216 3602 103 22 muss
2361 3591 229 33 mindestens
2621 3591 45 33 20
2696 3589 213 45 Mitglieder
2936 3589 142 35 zählen.
3132 3589 114 35 Jeder

1747 3655 134 34 Verein
1923 3655 100 42 trägt
2063 3651 94 34 nach
2196 3652 147 43 eigener
2373 3651 110 34 Wahl
2519 3651 92 32 zwei
2640 3649 121 34 Chöre
2790 3649 93 34 ohne
2911 3649 221 45 Begleitung
3159 3661 86 31 vor;

1748 3716 69 33 auf
1842 3714 57 34 die
1929 3713 76 33 Soli
2032 3713 131 32 nimmt
2192 3711 58 33 die
2276 3711 99 45 Jury
2410 3711 108 33 keine
2545 3709 219 35 Rücksicht.
2808 3710 97 32 Kein
2930 3709 102 33 Preis
3067 3709 92 34 wird
3186 3721 42 34 ge-

1747 3774 129 41 theilt;
1905 3774 50 31 im
1984 3770 407 45 Nichteinigungsfalie
2420 3770 147 34 können
2597 3770 58 33 die
2683 3769 150 33 Richter
2861 3768 69 33 den
2960 3768 160 45 Vortrag
3148 3769 99 34 eines

1748 3836 135 33 dritten
1911 3832 158 34 Stückes
2100 3831 214 44 verlangen.

1827 3892 283 43 Anmeldungen
2152 3892 38 31 in
2236 3891 208 34 frankirten
2467 3890 146 34 Briefen
2655 3888 82 34 sind
2773 3899 66 22 vor
2881 3886 82 36 dem
2993 3885 57 39 15.
3080 3888 95 34 Juni
3203 3900 47 23 au

1750 3953 69 33 den
1848 3953 170 33 Secretär
2058 3950 62 33 des
2150 3950 166 45 Vereins,
2359 3951 118 33 Herrn
2514 3949 37 34 J.
2581 3949 160 43 Story,
2786 3947 173 45 Coupure
2988 3948 64 33 Nr.
3082 3946 83 45 161,
3206 3960 47 22 zu

1748 4017 144 33 richten
1934 4015 60 34 Sie
2020 4015 151 32 müssen
2200 4012 58 35 die
2286 4012 98 33 Titel
2413 4010 64 34 der
2496 4010 169 44 Gesänge
2692 4007 75 34 und
2798 4007 57 33 die
2883 4007 141 35 Namen
3055 4008 63 35 der
3145 4007 81 36 Com-

1748 4077 181 45 ponisten,
1958 4085 41 23 so
2026 4074 69 32 wie
2124 4072 58 34 die
2210 4071 147 34 Anzahl
2385 4070 63 35 der
2477 4070 140 44 Sänger
2644 4068 198 34 enthalten.
