3141 4572
934 402 242 51 Heinrich
1207 402 214 51 Mowaß
1442 427 9 12 -
1472 403 101 50 Hie
1604 404 384 49 Sonnenseucße

2507 408 96 49 983

329 617 138 67 stieg
500 624 108 40 aus
642 595 132 64 dem
800 596 254 62 Wasser
1088 593 121 63 und
1242 602 132 71 ging
1405 619 75 38 zu
1507 590 170 68 T'ho,
1714 596 116 62 Die
1855 595 413 63 Pantherkatze
2301 597 303 80 schnappte

330 701 129 65 nach
501 696 209 62 Maräs
754 691 262 62 braunen
1058 689 233 62 Beinen.

405 793 113 66 Als
560 799 106 53 wir
707 788 137 61 nach
887 786 211 61 Hause
1140 784 221 73 kamen,
1407 785 203 62 wurde
1652 781 152 66 Tho
1847 785 436 80 festgebunden,

403 889 178 62 Marä
622 882 174 63 nahm
839 880 119 63 ihre
1000 882 251 61 schwere
1291 879 446 81 Lederpeitsche,

405 983 162 64 Über
608 976 184 66 T'hos
837 977 174 80 Kopf
1044 1001 142 37 rann
1230 974 203 74 dickes,
1474 993 155 46 rotes
1672 978 146 62 Blut,

405 1080 178 62 Marä
608 1075 132 62 kam
765 1098 78 36 zu
870 1081 127 64 mir,-
1028 1080 84 53 sie
1139 1070 174 62 nahm
1339 1080 224 53 meinen
1581 1072 170 80 Kopf
1770 1082 55 52 in
1851 1072 120 62 ihre
1991 1071 217 62 Hände
2235 1070 120 63 und
2381 1080 224 54 weinte.

406 1176 225 62 Marä:
682 1169 207 62 »Alles
932 1166 146 62 wird
1120 1166 134 62 bald
1295 1192 76 36 zu
1413 1166 174 64 Ende
1628 1178 152 64 sein,-
1818 1165 184 66 T'hos
2046 1167 172 80 Kopf
2251 1167 244 63 blutet!«

1375 1340 195 61 XXX.

407 1454 277 68 Tausend
727 1454 206 64 Sterne
975 1454 364 61 schwimmen
1383 1453 142 61 über
1566 1452 130 62 dem
1738 1452 419 63 dunkelblauen
2199 1452 269 62 Himmel.

406 1556 81 62 Ich
523 1553 94 63 bin
651 1575 108 38 vor
795 1550 101 62 der
929 1550 249 62 Realität
1212 1548 103 63 des
1351 1550 157 61 Eros
1553 1559 54 52 in
1643 1548 91 63 die
1776 1550 294 61 nächtliche
2101 1550 191 61 Prärie
2325 1548 279 79 geflohen.

331 1653 164 62 Mein
520 1649 231 78 Körper
778 1646 99 61 hat
904 1645 91 62 die
1544 1645 404 79 Bewegungen
1974 1640 364 67 Tomahawk
2364 1645 206 61 schwin-

331 1745 208 80 gender
580 1743 278 62 Indianer,
904 1740 206 62 Meine
1153 1739 325 62 fiebernden
1521 1739 213 62 Hände
1774 1739 214 79 greifen
2029 1739 340 62 Phantome:
2414 1734 152 82 Trug-

332 1839 218 81 gebilde
584 1847 157 53 eines
777 1835 329 63 weiblichen
1150 1835 278 80 Körpers.

409 1936 123 62 Der
572 1932 259 63 Intellekt
871 1942 188 52 zittert
1101 1932 142 61 über
1285 1932 110 61 den
1440 1931 470 63 Sternenhimmel
1952 1931 240 78 hinweg.

409 2031 81 61 Ich
533 2028 282 63 betrachte
858 2027 104 62 das
1005 2026 230 62 Fühlen
1278 2036 214 52 meiner
1532 2026 177 62 Liebe
1752 2026 120 61 und
1911 2026 145 62 liebe
2098 2049 80 39 es.

410 2125 81 60 Ich
533 2124 282 61 betrachte
859 2121 105 62 das
1007 2121 228 62 Fühlen
1278 2131 215 52 meines
1536 2121 226 61 Hasses
1806 2120 119 62 und
1966 2120 170 62 hasse
2178 2143 78 39 es.

410 2220 82 61 Ich
536 2219 228 80 spreche
806 2243 78 37 zu
927 2216 111 64 den
1084 2216 390 64 Grashalmen
1519 2216 119 61 und
1679 2241 161 53 sage:
1886 2216 127 61 Du!

409 2314 81 61 Ich
533 2314 229 79 spreche
804 2337 135 37 zum
984 2312 255 62 Himmel
1282 2312 122 62 und
1445 2336 161 54 sage;
1653 2312 128 61 Du!

409 2408 166 61 Mein
618 2408 318 62 fieberndes
980 2407 249 63 Denken
1272 2408 203 61 brennt
1516 2406 136 62 nach
1695 2404 130 64 dem
1866 2406 194 78 Krieg.

410 2503 166 61 Mein
627 2503 248 63 Denken
927 2514 71 52 ist
1047 2512 91 54 ein
1188 2502 202 62 wildes
1440 2497 137 67 Tier
1625 2500 330 80 geworden,
2014 2500 101 62 das
2175 2500 106 62 sich
2339 2500 112 62 auf
2493 2500 118 61 dich

337 2609 226 52 stürzen
607 2600 132 62 will.

411 2688 272 68 Trunken
726 2694 260 80 schleppe
1030 2695 76 60 ich
1150 2694 137 61 midi
1331 2702 214 53 weiter.

411 2788 81 61 Ich
534 2790 170 72 weiß,
748 2799 54 52 in
856 2789 111 62 den
1012 2790 265 61 nächsten
1320 2788 148 63 zehn
1510 2788 269 61 Minuten
1821 2785 145 63 wird
2007 2785 100 61 der
2147 2785 222 63 Rausch
2411 2784 203 62 vorbei

335 2891 137 63 sein,
514 2884 119 63 und
675 2886 78 61 ich
796 2886 198 62 werde
1037 2884 300 80 irgendwo
1379 2883 231 62 kraftlos
1654 2881 408 63 niedersinken.

1365 3059 219 61 XXXI.

411 3168 125 62 Der
575 3165 422 86 Tropenkoller
1037 3180 247 55 zerstört
1324 3171 154 63 midi.

411 3262 178 64 Marä
631 3276 72 53 ist
744 3277 105 52 mir
891 3267 310 78 nachgeeilt
1252 3265 119 63 und
1423 3264 139 64 fand
1602 3265 135 61 midi
1780 3272 56 53 in
1878 3262 100 62 der
2019 3262 189 61 Prärie
2250 3260 198 79 liegen.
2500 3259 118 62 Als

336 3364 80 54 sie
457 3361 134 61 midi
636 3362 279 72 erblickte,
957 3363 174 62 schrie
1173 3372 100 53 sie.

414 3453 95 63 Sie
551 3456 104 62 lief
688 3461 226 60 zurück.
961 3460 127 61 Der
1131 3458 259 63 Gärtner
1432 3457 280 80 schleppte
1752 3455 136 62 midi
1931 3462 55 54 in
2029 3452 91 62 die
2161 3451 175 63 Villa.

417 3547 461 69 Fieberdelirien.

412 3638 151 69 Idio
607 3648 108 62 soll
757 3674 77 37 zu
876 3658 105 53 mir
1022 3649 296 63 kommen!
1364 3650 83 61 Ich
1483 3646 114 65 will
1632 3643 152 66 Tho
1820 3644 304 65 streicheln,
2169 3644 198 70 Marä,
2411 3664 211 40 unsere

336 3733 173 67 Liebe
551 3743 145 61 wird
737 3744 144 61 nicht
922 3744 250 74 sterben,
1216 3742 55 64 T
1273 3747 17 20 7
1294 3744 77 64 ho
1414 3745 118 63 läßt
1573 3743 108 63 sich
1722 3766 119 38 von
1883 3748 103 53 mir
2027 3738 304 63 streicheln.

412 3833 178 64 Marä
631 3847 242 66 weinte,*
922 3841 78 59 ich
1050 3839 293 64 bemerkte
1394 3865 83 48 es,
1527 3837 237 65 obwohl
1807 3845 81 54 sie
1930 3834 119 64 ihre
2089 3832 235 63 Tränen
2364 3856 111 38 vor
2519 3841 105 53 mir

337 3949 73 38 zu
450 3932 315 79 verbergen
809 3936 209 62 suchte.
