<?xml version="1.0" encoding="UTF-8"?>
<alto xmlns:xsi="http://www.w3.org/2001/XMLSchema-instance" xmlns="http://www.loc.gov/standards/alto/ns-v2#" xsi:schemaLocation="http://www.loc.gov/standards/alto/ns-v2# http://www.loc.gov/standards/alto/v2/alto-2-0.xsd" xmlns:xlink="http://www.w3.org/1999/xlink">
	<Description>
		<MeasurementUnit>mm10</MeasurementUnit>
		<sourceImageInformation>
			<fileName>./bmtnabr_1915-08_01_0007.jp2</fileName>
		</sourceImageInformation>
		<OCRProcessing ID="OCRPROCESSING_1">
			<preProcessingStep>
				<processingSoftware>
					<softwareCreator>CCS Content Conversion Specialists GmbH, Germany</softwareCreator>
					<softwareName>CCS docWorks</softwareName>
					<softwareVersion>6.8-1.27</softwareVersion>
				</processingSoftware>
			</preProcessingStep>
			<ocrProcessingStep>
				<processingSoftware>
					<softwareCreator>ABBYY (BIT Software), Russia</softwareCreator>
					<softwareName>FineReader</softwareName>
					<softwareVersion>11.0</softwareVersion>
				</processingSoftware>
			</ocrProcessingStep>
			<postProcessingStep>
				<processingSoftware>
					<softwareCreator>CCS Content Conversion Specialists GmbH, Germany</softwareCreator>
					<softwareName>CCS docWorks</softwareName>
					<softwareVersion>6.8-1.27</softwareVersion>
					<applicationDescription>docWorks: Text modified manually, or automatically replaced</applicationDescription>
				</processingSoftware>
			</postProcessingStep>
		</OCRProcessing>
	</Description>
	<Styles>
		<TextStyle ID="TXT_0" FONTSIZE="29" FONTFAMILY="Times New Roman"/>
		<TextStyle ID="TXT_1" FONTSIZE="19" FONTFAMILY="Times New Roman" FONTSTYLE="italics"/>
		<TextStyle ID="TXT_2" FONTSIZE="27" FONTFAMILY="Times New Roman"/>
		<TextStyle ID="TXT_3" FONTSIZE="21" FONTFAMILY="Times New Roman"/>
		<ParagraphStyle ID="PAR_RIGHT" ALIGN="Right"/>
		<ParagraphStyle ID="PAR_LEFT" ALIGN="Left"/>
		<ParagraphStyle ID="PAR_BLOCK" ALIGN="Block"/>
	</Styles>
	<Layout>
		<Page ID="P7" PHYSICAL_IMG_NR="7" HEIGHT="4572" WIDTH="3118" PRINTED_IMG_NR="949" PC="0.967">
			<TopMargin ID="P7_TM00001" HPOS="0" VPOS="0" WIDTH="3118" HEIGHT="528">
				<TextBlock ID="P7_TB00001" HPOS="2442" VPOS="458" WIDTH="96" HEIGHT="49" STYLEREFS="TXT_0 PAR_RIGHT">
					<TextLine ID="P7_TL00001" HPOS="2442" VPOS="458" WIDTH="96" HEIGHT="49">
						<String ID="P7_ST00001" HPOS="2442" VPOS="458" WIDTH="96" HEIGHT="49" CONTENT="949" WC="1.00" CC="000"/>
					</TextLine>
				</TextBlock>
				<TextBlock ID="P7_TB00002" HPOS="919" VPOS="463" WIDTH="961" HEIGHT="63" STYLEREFS="TXT_1 PAR_LEFT">
					<TextLine ID="P7_TL00002" HPOS="919" VPOS="463" WIDTH="961" HEIGHT="63">
						<String ID="P7_ST00002" HPOS="919" VPOS="464" WIDTH="200" HEIGHT="51" CONTENT="Otoüar" WC="0.70" CC="603700"/>
						<SP ID="P7_SP00001" HPOS="1119" VPOS="515" WIDTH="27"/>
						<String ID="P7_ST00003" HPOS="1146" VPOS="464" WIDTH="222" HEIGHT="49" CONTENT="Brezina" WC="0.98" CC="3061534"/>
						<SP ID="P7_SP00002" HPOS="1368" VPOS="515" WIDTH="23"/>
						<String ID="P7_ST00004" HPOS="1391" VPOS="488" WIDTH="9" HEIGHT="10" CONTENT="•" WC="0.59" CC="4" STYLEREFS="TXT_2"/>
						<SP ID="P7_SP00003" HPOS="1400" VPOS="515" WIDTH="19"/>
						<String ID="P7_ST00005" HPOS="1419" VPOS="463" WIDTH="104" HEIGHT="50" CONTENT="Die" WC="0.92" CC="649"/>
						<SP ID="P7_SP00004" HPOS="1523" VPOS="515" WIDTH="37"/>
						<String ID="P7_ST00006" HPOS="1560" VPOS="463" WIDTH="320" HEIGHT="63" CONTENT="Gegenwart" WC="0.99" CC="090923300"/>
						<SP ID="P7_SP00005" HPOS="1880" VPOS="526" WIDTH="0"/>
					</TextLine>
				</TextBlock>
			</TopMargin>
			<LeftMargin ID="P7_LM00001" HPOS="0" VPOS="528" WIDTH="264" HEIGHT="3558"/>
			<RightMargin ID="P7_RM00001" HPOS="2538" VPOS="528" WIDTH="580" HEIGHT="3558"/>
			<BottomMargin ID="P7_BM00001" HPOS="0" VPOS="4086" WIDTH="3118" HEIGHT="486"/>
			<PrintSpace ID="P7_PS00001" HPOS="264" VPOS="528" WIDTH="2274" HEIGHT="3558">
				<TextBlock ID="P7_TB00003" HPOS="264" VPOS="646" WIDTH="2274" HEIGHT="2649" STYLEREFS="TXT_3 PAR_BLOCK">
					<TextLine ID="P7_TL00003" HPOS="266" VPOS="647" WIDTH="2272" HEIGHT="85">
						<String ID="P7_ST00007" HPOS="266" VPOS="666" WIDTH="178" HEIGHT="61" CONTENT="dieser" WC="0.97" CC="706166"/>
						<SP ID="P7_SP00006" HPOS="444" VPOS="727" WIDTH="31"/>
						<String ID="P7_ST00008" HPOS="475" VPOS="654" WIDTH="184" HEIGHT="74" CONTENT="Kraft," WC="0.98" CC="064334"/>
						<SP ID="P7_SP00007" HPOS="659" VPOS="728" WIDTH="45"/>
						<String ID="P7_ST00009" HPOS="704" VPOS="654" WIDTH="91" HEIGHT="61" CONTENT="die" WC="0.93" CC="756"/>
						<SP ID="P7_SP00008" HPOS="795" VPOS="728" WIDTH="41"/>
						<String ID="P7_ST00010" HPOS="836" VPOS="663" WIDTH="111" HEIGHT="52" CONTENT="wie" WC="0.96" CC="640"/>
						<SP ID="P7_SP00009" HPOS="947" VPOS="728" WIDTH="34"/>
						<String ID="P7_ST00011" HPOS="981" VPOS="663" WIDTH="89" HEIGHT="52" CONTENT="ein" WC="0.96" CC="612"/>
						<SP ID="P7_SP00010" HPOS="1070" VPOS="728" WIDTH="35"/>
						<String ID="P7_ST00012" HPOS="1105" VPOS="652" WIDTH="283" HEIGHT="62" CONTENT="Katarakt" WC="0.98" CC="02454643"/>
						<SP ID="P7_SP00011" HPOS="1388" VPOS="728" WIDTH="40"/>
						<String ID="P7_ST00013" HPOS="1428" VPOS="662" WIDTH="100" HEIGHT="52" CONTENT="mit" WC="0.95" CC="066"/>
						<SP ID="P7_SP00012" HPOS="1528" VPOS="728" WIDTH="33"/>
						<String ID="P7_ST00014" HPOS="1561" VPOS="653" WIDTH="352" HEIGHT="79" CONTENT="ungeahnter" WC="0.98" CC="6770461506"/>
						<SP ID="P7_SP00013" HPOS="1913" VPOS="732" WIDTH="33"/>
						<String ID="P7_ST00015" HPOS="1946" VPOS="649" WIDTH="387" HEIGHT="79" CONTENT="Schnelligkeit" WC="0.99" CC="6470677052660"/>
						<SP ID="P7_SP00014" HPOS="2333" VPOS="732" WIDTH="40"/>
						<String ID="P7_ST00016" HPOS="2373" VPOS="647" WIDTH="165" HEIGHT="72" CONTENT="fließt," WC="0.99" CC="0050204"/>
					</TextLine>
					<TextLine ID="P7_TL00004" HPOS="271" VPOS="741" WIDTH="2267" HEIGHT="81">
						<String ID="P7_ST00017" HPOS="271" VPOS="767" WIDTH="80" HEIGHT="54" CONTENT="ein" WC="0.94" CC="554"/>
						<SP ID="P7_SP00015" HPOS="351" VPOS="821" WIDTH="43"/>
						<String ID="P7_ST00018" HPOS="394" VPOS="753" WIDTH="208" HEIGHT="69" CONTENT="Strom," WC="0.97" CC="356094"/>
						<SP ID="P7_SP00016" HPOS="602" VPOS="822" WIDTH="44"/>
						<String ID="P7_ST00019" HPOS="646" VPOS="750" WIDTH="100" HEIGHT="59" CONTENT="der" WC="0.92" CC="946"/>
						<SP ID="P7_SP00017" HPOS="746" VPOS="822" WIDTH="40"/>
						<String ID="P7_ST00020" HPOS="786" VPOS="748" WIDTH="167" HEIGHT="61" CONTENT="durch" WC="0.98" CC="00407"/>
						<SP ID="P7_SP00018" HPOS="953" VPOS="822" WIDTH="43"/>
						<String ID="P7_ST00021" HPOS="996" VPOS="747" WIDTH="218" HEIGHT="62" CONTENT="Äonen" WC="0.98" CC="04460"/>
						<SP ID="P7_SP00019" HPOS="1214" VPOS="822" WIDTH="44"/>
						<String ID="P7_ST00022" HPOS="1258" VPOS="756" WIDTH="377" HEIGHT="53" CONTENT="vereinsamte" WC="1.00" CC="00050300040"/>
						<SP ID="P7_SP00020" HPOS="1635" VPOS="822" WIDTH="34"/>
						<String ID="P7_ST00023" HPOS="1669" VPOS="747" WIDTH="302" HEIGHT="61" CONTENT="Nationen" WC="0.99" CC="40035206"/>
						<SP ID="P7_SP00021" HPOS="1971" VPOS="822" WIDTH="45"/>
						<String ID="P7_ST00024" HPOS="2016" VPOS="745" WIDTH="242" HEIGHT="71" CONTENT="erreicht," WC="0.98" CC="367057704"/>
						<SP ID="P7_SP00022" HPOS="2258" VPOS="822" WIDTH="42"/>
						<String ID="P7_ST00025" HPOS="2300" VPOS="741" WIDTH="238" HEIGHT="63" CONTENT="Fesseln" WC="0.99" CC="3000070"/>
					</TextLine>
					<TextLine ID="P7_TL00005" HPOS="267" VPOS="839" WIDTH="2271" HEIGHT="86">
						<String ID="P7_ST00026" HPOS="267" VPOS="847" WIDTH="296" HEIGHT="78" CONTENT="zerschlägt" WC="0.99" CC="7660677000"/>
						<SP ID="P7_SP00023" HPOS="563" VPOS="925" WIDTH="56"/>
						<String ID="P7_ST00027" HPOS="619" VPOS="844" WIDTH="119" HEIGHT="62" CONTENT="und" WC="0.94" CC="609"/>
						<SP ID="P7_SP00024" HPOS="738" VPOS="925" WIDTH="56"/>
						<String ID="P7_ST00028" HPOS="794" VPOS="868" WIDTH="168" HEIGHT="48" CONTENT="neue," WC="0.98" CC="05054"/>
						<SP ID="P7_SP00025" HPOS="962" VPOS="925" WIDTH="58"/>
						<String ID="P7_ST00029" HPOS="1020" VPOS="851" WIDTH="294" HEIGHT="71" CONTENT="geistigere" WC="0.99" CC="0600260056"/>
						<SP ID="P7_SP00026" HPOS="1314" VPOS="925" WIDTH="58"/>
						<String ID="P7_ST00030" HPOS="1372" VPOS="842" WIDTH="221" HEIGHT="79" CONTENT="knüpft," WC="0.99" CC="0006114"/>
						<SP ID="P7_SP00027" HPOS="1593" VPOS="925" WIDTH="67"/>
						<String ID="P7_ST00031" HPOS="1660" VPOS="841" WIDTH="89" HEIGHT="62" CONTENT="für" WC="0.98" CC="500"/>
						<SP ID="P7_SP00028" HPOS="1749" VPOS="925" WIDTH="57"/>
						<String ID="P7_ST00032" HPOS="1806" VPOS="865" WIDTH="148" HEIGHT="37" CONTENT="neue" WC="0.97" CC="0645"/>
						<SP ID="P7_SP00029" HPOS="1954" VPOS="925" WIDTH="52"/>
						<String ID="P7_ST00033" HPOS="2006" VPOS="839" WIDTH="325" HEIGHT="64" CONTENT="Gedanken" WC="0.98" CC="34904050"/>
						<SP ID="P7_SP00030" HPOS="2331" VPOS="925" WIDTH="60"/>
						<String ID="P7_ST00034" HPOS="2391" VPOS="860" WIDTH="147" HEIGHT="38" CONTENT="neue" WC="0.97" CC="0606"/>
					</TextLine>
					<TextLine ID="P7_TL00006" HPOS="270" VPOS="931" WIDTH="2268" HEIGHT="92">
						<String ID="P7_ST00035" HPOS="270" VPOS="948" WIDTH="219" HEIGHT="75" CONTENT="Körper" WC="0.98" CC="007066"/>
						<SP ID="P7_SP00031" HPOS="489" VPOS="1023" WIDTH="49"/>
						<String ID="P7_ST00036" HPOS="538" VPOS="940" WIDTH="215" HEIGHT="71" CONTENT="knetet," WC="0.99" CC="0001214"/>
						<SP ID="P7_SP00032" HPOS="753" VPOS="1023" WIDTH="51"/>
						<String ID="P7_ST00037" HPOS="804" VPOS="939" WIDTH="140" HEIGHT="60" CONTENT="über" WC="0.97" CC="0706"/>
						<SP ID="P7_SP00033" HPOS="944" VPOS="1023" WIDTH="50"/>
						<String ID="P7_ST00038" HPOS="994" VPOS="938" WIDTH="302" HEIGHT="61" CONTENT="Millionen" WC="0.99" CC="436700200"/>
						<SP ID="P7_SP00034" HPOS="1296" VPOS="1023" WIDTH="51"/>
						<String ID="P7_ST00039" HPOS="1347" VPOS="936" WIDTH="223" HEIGHT="63" CONTENT="Wesen" WC="0.98" CC="70005"/>
						<SP ID="P7_SP00035" HPOS="1570" VPOS="1023" WIDTH="57"/>
						<String ID="P7_ST00040" HPOS="1627" VPOS="945" WIDTH="383" HEIGHT="70" CONTENT="gemeinsame" WC="1.00" CC="0500540200"/>
						<SP ID="P7_SP00036" HPOS="2010" VPOS="1023" WIDTH="50"/>
						<String ID="P7_ST00041" HPOS="2060" VPOS="934" WIDTH="303" HEIGHT="77" CONTENT="Hoffnung" WC="0.99" CC="50220500"/>
						<SP ID="P7_SP00037" HPOS="2363" VPOS="1023" WIDTH="57"/>
						<String ID="P7_ST00042" HPOS="2420" VPOS="931" WIDTH="118" HEIGHT="63" CONTENT="und" WC="1.00" CC="000"/>
					</TextLine>
					<TextLine ID="P7_TL00007" HPOS="270" VPOS="1029" WIDTH="2268" HEIGHT="78">
						<String ID="P7_ST00043" HPOS="270" VPOS="1042" WIDTH="251" HEIGHT="62" CONTENT="Schmerz" WC="0.99" CC="0070047"/>
						<SP ID="P7_SP00038" HPOS="521" VPOS="1104" WIDTH="39"/>
						<String ID="P7_ST00044" HPOS="560" VPOS="1034" WIDTH="216" HEIGHT="61" CONTENT="breitet." WC="0.98" CC="75666014"/>
						<SP ID="P7_SP00039" HPOS="776" VPOS="1104" WIDTH="45"/>
						<String ID="P7_ST00045" HPOS="821" VPOS="1033" WIDTH="147" HEIGHT="61" CONTENT="Was" WC="0.96" CC="900"/>
						<SP ID="P7_SP00040" HPOS="968" VPOS="1104" WIDTH="42"/>
						<String ID="P7_ST00046" HPOS="1010" VPOS="1042" WIDTH="70" HEIGHT="52" CONTENT="ist" WC="0.96" CC="603"/>
						<SP ID="P7_SP00041" HPOS="1080" VPOS="1104" WIDTH="42"/>
						<String ID="P7_ST00047" HPOS="1122" VPOS="1032" WIDTH="90" HEIGHT="61" CONTENT="für" WC="0.95" CC="606"/>
						<SP ID="P7_SP00042" HPOS="1212" VPOS="1104" WIDTH="42"/>
						<String ID="P7_ST00048" HPOS="1254" VPOS="1030" WIDTH="109" HEIGHT="63" CONTENT="den" WC="0.96" CC="900"/>
						<SP ID="P7_SP00043" HPOS="1363" VPOS="1104" WIDTH="45"/>
						<String ID="P7_ST00049" HPOS="1408" VPOS="1030" WIDTH="167" HEIGHT="64" CONTENT="Geist" WC="0.99" CC="05005"/>
						<SP ID="P7_SP00044" HPOS="1575" VPOS="1104" WIDTH="42"/>
						<String ID="P7_ST00050" HPOS="1617" VPOS="1040" WIDTH="125" HEIGHT="53" CONTENT="eine" WC="0.99" CC="0020"/>
						<SP ID="P7_SP00045" HPOS="1742" VPOS="1104" WIDTH="41"/>
						<String ID="P7_ST00051" HPOS="1783" VPOS="1029" WIDTH="590" HEIGHT="78" CONTENT="Naturkatastrophe," WC="1.00" CC="50005003004730754"/>
						<SP ID="P7_SP00046" HPOS="2373" VPOS="1107" WIDTH="43"/>
						<String ID="P7_ST00052" HPOS="2416" VPOS="1035" WIDTH="122" HEIGHT="52" CONTENT="eine" WC="0.98" CC="0406"/>
					</TextLine>
					<TextLine ID="P7_TL00008" HPOS="270" VPOS="1122" WIDTH="2268" HEIGHT="85">
						<String ID="P7_ST00053" HPOS="270" VPOS="1132" WIDTH="298" HEIGHT="66" CONTENT="kosmische" WC="0.99" CC="030000076"/>
						<SP ID="P7_SP00047" HPOS="568" VPOS="1198" WIDTH="25"/>
						<String ID="P7_ST00054" HPOS="593" VPOS="1128" WIDTH="441" HEIGHT="79" CONTENT="Veränderung," WC="1.00" CC="000000060004"/>
						<SP ID="P7_SP00048" HPOS="1034" VPOS="1207" WIDTH="37"/>
						<String ID="P7_ST00055" HPOS="1071" VPOS="1137" WIDTH="88" HEIGHT="52" CONTENT="ein" WC="0.97" CC="052"/>
						<SP ID="P7_SP00049" HPOS="1159" VPOS="1207" WIDTH="30"/>
						<String ID="P7_ST00056" HPOS="1189" VPOS="1127" WIDTH="272" HEIGHT="62" CONTENT="Erkalten" WC="0.98" CC="66027302"/>
						<SP ID="P7_SP00050" HPOS="1461" VPOS="1207" WIDTH="35"/>
						<String ID="P7_ST00057" HPOS="1496" VPOS="1128" WIDTH="99" HEIGHT="61" CONTENT="der" WC="0.96" CC="036"/>
						<SP ID="P7_SP00051" HPOS="1595" VPOS="1207" WIDTH="34"/>
						<String ID="P7_ST00058" HPOS="1629" VPOS="1127" WIDTH="198" HEIGHT="62" CONTENT="Sonne" WC="0.98" CC="42330"/>
						<SP ID="P7_SP00052" HPOS="1827" VPOS="1207" WIDTH="33"/>
						<String ID="P7_ST00059" HPOS="1860" VPOS="1127" WIDTH="119" HEIGHT="61" CONTENT="und" WC="0.96" CC="009"/>
						<SP ID="P7_SP00053" HPOS="1979" VPOS="1207" WIDTH="34"/>
						<String ID="P7_ST00060" HPOS="2013" VPOS="1126" WIDTH="195" HEIGHT="62" CONTENT="Erde?" WC="0.95" CC="66946"/>
						<SP ID="P7_SP00054" HPOS="2208" VPOS="1207" WIDTH="42"/>
						<String ID="P7_ST00061" HPOS="2250" VPOS="1124" WIDTH="127" HEIGHT="61" CONTENT="Das" WC="0.96" CC="550"/>
						<SP ID="P7_SP00055" HPOS="2377" VPOS="1207" WIDTH="25"/>
						<String ID="P7_ST00062" HPOS="2402" VPOS="1122" WIDTH="136" HEIGHT="62" CONTENT="Um*" WC="0.94" CC="527"/>
					</TextLine>
					<TextLine ID="P7_TL00009" HPOS="270" VPOS="1217" WIDTH="2268" HEIGHT="89">
						<String ID="P7_ST00063" HPOS="270" VPOS="1227" WIDTH="275" HEIGHT="79" CONTENT="mögliche," WC="0.99" CC="519550004"/>
						<SP ID="P7_SP00056" HPOS="545" VPOS="1306" WIDTH="28"/>
						<String ID="P7_ST00064" HPOS="573" VPOS="1223" WIDTH="427" HEIGHT="78" CONTENT="Unglaubliche," WC="0.99" CC="6005067730004"/>
						<SP ID="P7_SP00057" HPOS="1000" VPOS="1306" WIDTH="27"/>
						<String ID="P7_ST00065" HPOS="1027" VPOS="1222" WIDTH="419" HEIGHT="78" CONTENT="Wahnsinnige" WC="1.00" CC="00750000600"/>
						<SP ID="P7_SP00058" HPOS="1446" VPOS="1306" WIDTH="26"/>
						<String ID="P7_ST00066" HPOS="1472" VPOS="1222" WIDTH="203" HEIGHT="61" CONTENT="scheint" WC="0.99" CC="0000504"/>
						<SP ID="P7_SP00059" HPOS="1675" VPOS="1306" WIDTH="26"/>
						<String ID="P7_ST00067" HPOS="1701" VPOS="1232" WIDTH="53" HEIGHT="51" CONTENT="in" WC="0.82" CC="30"/>
						<SP ID="P7_SP00060" HPOS="1754" VPOS="1306" WIDTH="27"/>
						<String ID="P7_ST00068" HPOS="1781" VPOS="1231" WIDTH="193" HEIGHT="52" CONTENT="seinen" WC="0.99" CC="005100"/>
						<SP ID="P7_SP00061" HPOS="1974" VPOS="1306" WIDTH="29"/>
						<String ID="P7_ST00069" HPOS="2003" VPOS="1220" WIDTH="286" HEIGHT="63" CONTENT="Gebieten" WC="0.98" CC="66726245"/>
						<SP ID="P7_SP00062" HPOS="2289" VPOS="1306" WIDTH="28"/>
						<String ID="P7_ST00070" HPOS="2317" VPOS="1217" WIDTH="221" HEIGHT="77" CONTENT="freudig" WC="0.99" CC="5001050"/>
					</TextLine>
					<TextLine ID="P7_TL00010" HPOS="271" VPOS="1312" WIDTH="2267" HEIGHT="83">
						<String ID="P7_ST00071" HPOS="271" VPOS="1325" WIDTH="164" HEIGHT="69" CONTENT="leicht," WC="0.99" CC="7000704"/>
						<SP ID="P7_SP00063" HPOS="435" VPOS="1394" WIDTH="42"/>
						<String ID="P7_ST00072" HPOS="477" VPOS="1320" WIDTH="104" HEIGHT="62" CONTENT="süß" WC="0.98" CC="005"/>
						<SP ID="P7_SP00064" HPOS="581" VPOS="1394" WIDTH="40"/>
						<String ID="P7_ST00073" HPOS="621" VPOS="1317" WIDTH="562" HEIGHT="71" CONTENT="selbstverständlich," WC="1.00" CC="0047000060200066004"/>
						<SP ID="P7_SP00065" HPOS="1183" VPOS="1394" WIDTH="43"/>
						<String ID="P7_ST00074" HPOS="1226" VPOS="1317" WIDTH="140" HEIGHT="61" CONTENT="über" WC="0.97" CC="0706"/>
						<SP ID="P7_SP00066" HPOS="1366" VPOS="1394" WIDTH="43"/>
						<String ID="P7_ST00075" HPOS="1409" VPOS="1317" WIDTH="133" HEIGHT="61" CONTENT="alles" WC="0.98" CC="04600"/>
						<SP ID="P7_SP00067" HPOS="1542" VPOS="1394" WIDTH="36"/>
						<String ID="P7_ST00076" HPOS="1578" VPOS="1317" WIDTH="307" HEIGHT="61" CONTENT="Ermessen" WC="0.99" CC="65000000"/>
						<SP ID="P7_SP00068" HPOS="1885" VPOS="1394" WIDTH="34"/>
						<String ID="P7_ST00077" HPOS="1919" VPOS="1325" WIDTH="153" HEIGHT="70" CONTENT="innig" WC="0.99" CC="50040"/>
						<SP ID="P7_SP00069" HPOS="2072" VPOS="1395" WIDTH="34"/>
						<String ID="P7_ST00078" HPOS="2106" VPOS="1312" WIDTH="331" HEIGHT="79" CONTENT="vernünftig." WC="1.00" CC="00450011403"/>
						<SP ID="P7_SP00070" HPOS="2437" VPOS="1395" WIDTH="44"/>
						<String ID="P7_ST00079" HPOS="2481" VPOS="1312" WIDTH="57" HEIGHT="78" CONTENT="Je" WC="0.70" CC="50"/>
					</TextLine>
					<TextLine ID="P7_TL00011" HPOS="271" VPOS="1408" WIDTH="2263" HEIGHT="91">
						<String ID="P7_ST00080" HPOS="271" VPOS="1415" WIDTH="347" HEIGHT="84" CONTENT="gefährlicher" WC="0.99" CC="906066500706"/>
						<SP ID="P7_SP00071" HPOS="618" VPOS="1499" WIDTH="40"/>
						<String ID="P7_ST00081" HPOS="658" VPOS="1414" WIDTH="99" HEIGHT="61" CONTENT="der" WC="0.97" CC="006"/>
						<SP ID="P7_SP00072" HPOS="757" VPOS="1499" WIDTH="41"/>
						<String ID="P7_ST00082" HPOS="798" VPOS="1421" WIDTH="416" HEIGHT="70" CONTENT="gegenwärtige" WC="1.00" CC="000009056300"/>
						<SP ID="P7_SP00073" HPOS="1214" VPOS="1499" WIDTH="36"/>
						<String ID="P7_ST00083" HPOS="1250" VPOS="1413" WIDTH="367" HEIGHT="77" CONTENT="Augenblick," WC="0.99" CC="65000770074"/>
						<SP ID="P7_SP00074" HPOS="1617" VPOS="1499" WIDTH="46"/>
						<String ID="P7_ST00084" HPOS="1663" VPOS="1435" WIDTH="96" HEIGHT="37" CONTENT="um" WC="0.71" CC="50"/>
						<SP ID="P7_SP00075" HPOS="1759" VPOS="1499" WIDTH="43"/>
						<String ID="P7_ST00085" HPOS="1802" VPOS="1435" WIDTH="67" HEIGHT="37" CONTENT="so" WC="0.83" CC="03"/>
						<SP ID="P7_SP00076" HPOS="1869" VPOS="1499" WIDTH="44"/>
						<String ID="P7_ST00086" HPOS="1913" VPOS="1410" WIDTH="177" HEIGHT="62" CONTENT="näher" WC="0.99" CC="00700"/>
						<SP ID="P7_SP00077" HPOS="2090" VPOS="1499" WIDTH="41"/>
						<String ID="P7_ST00087" HPOS="2131" VPOS="1409" WIDTH="207" HEIGHT="62" CONTENT="scheint" WC="0.99" CC="0070004"/>
						<SP ID="P7_SP00078" HPOS="2338" VPOS="1499" WIDTH="33"/>
						<String ID="P7_ST00088" HPOS="2371" VPOS="1408" WIDTH="123" HEIGHT="60" CONTENT="Auf" SUBS_TYPE="HypPart1" SUBS_CONTENT="Auflösung" WC="0.96" CC="507"/>
						<HYP HPOS="2494" VPOS="1408" WIDTH="40" CONTENT="-"/>
					</TextLine>
					<TextLine ID="P7_TL00012" HPOS="272" VPOS="1504" WIDTH="2265" HEIGHT="85">
						<String ID="P7_ST00089" HPOS="272" VPOS="1515" WIDTH="196" HEIGHT="74" CONTENT="lösung" SUBS_TYPE="HypPart2" SUBS_CONTENT="Auflösung" WC="0.98" CC="200739"/>
						<SP ID="P7_SP00079" HPOS="468" VPOS="1589" WIDTH="49"/>
						<String ID="P7_ST00090" HPOS="517" VPOS="1510" WIDTH="121" HEIGHT="61" CONTENT="und" WC="0.98" CC="050"/>
						<SP ID="P7_SP00080" HPOS="638" VPOS="1589" WIDTH="39"/>
						<String ID="P7_ST00091" HPOS="677" VPOS="1504" WIDTH="163" HEIGHT="75" CONTENT="Tod," WC="0.97" CC="6504"/>
						<SP ID="P7_SP00081" HPOS="840" VPOS="1589" WIDTH="51"/>
						<String ID="P7_ST00092" HPOS="891" VPOS="1532" WIDTH="99" HEIGHT="37" CONTENT="um" WC="0.87" CC="20"/>
						<SP ID="P7_SP00082" HPOS="990" VPOS="1589" WIDTH="48"/>
						<String ID="P7_ST00093" HPOS="1038" VPOS="1532" WIDTH="69" HEIGHT="38" CONTENT="so" WC="0.83" CC="03"/>
						<SP ID="P7_SP00083" HPOS="1107" VPOS="1589" WIDTH="49"/>
						<String ID="P7_ST00094" HPOS="1156" VPOS="1509" WIDTH="217" HEIGHT="60" CONTENT="rascher" WC="0.99" CC="6000006"/>
						<SP ID="P7_SP00084" HPOS="1373" VPOS="1589" WIDTH="40"/>
						<String ID="P7_ST00095" HPOS="1413" VPOS="1508" WIDTH="118" HEIGHT="61" CONTENT="und" WC="0.97" CC="600"/>
						<SP ID="P7_SP00085" HPOS="1531" VPOS="1589" WIDTH="42"/>
						<String ID="P7_ST00096" HPOS="1573" VPOS="1507" WIDTH="349" HEIGHT="62" CONTENT="fieberhafter" WC="0.99" CC="004747001107"/>
						<SP ID="P7_SP00086" HPOS="1922" VPOS="1589" WIDTH="41"/>
						<String ID="P7_ST00097" HPOS="1963" VPOS="1514" WIDTH="71" HEIGHT="52" CONTENT="ist" WC="0.96" CC="604"/>
						<SP ID="P7_SP00087" HPOS="2034" VPOS="1589" WIDTH="40"/>
						<String ID="P7_ST00098" HPOS="2074" VPOS="1505" WIDTH="92" HEIGHT="61" CONTENT="die" WC="0.99" CC="003"/>
						<SP ID="P7_SP00088" HPOS="2166" VPOS="1589" WIDTH="40"/>
						<String ID="P7_ST00099" HPOS="2206" VPOS="1505" WIDTH="331" HEIGHT="75" CONTENT="Bewegung" WC="1.00" CC="00000250"/>
					</TextLine>
					<TextLine ID="P7_TL00013" HPOS="273" VPOS="1597" WIDTH="2264" HEIGHT="73">
						<String ID="P7_ST00100" HPOS="273" VPOS="1609" WIDTH="93" HEIGHT="60" CONTENT="der" WC="0.95" CC="066"/>
						<SP ID="P7_SP00089" HPOS="366" VPOS="1669" WIDTH="41"/>
						<String ID="P7_ST00101" HPOS="407" VPOS="1604" WIDTH="322" HEIGHT="64" CONTENT="Gedanken" WC="1.00" CC="06010000"/>
						<SP ID="P7_SP00090" HPOS="729" VPOS="1669" WIDTH="51"/>
						<String ID="P7_ST00102" HPOS="780" VPOS="1603" WIDTH="120" HEIGHT="61" CONTENT="und" WC="0.97" CC="600"/>
						<SP ID="P7_SP00091" HPOS="900" VPOS="1669" WIDTH="40"/>
						<String ID="P7_ST00103" HPOS="940" VPOS="1603" WIDTH="259" HEIGHT="67" CONTENT="Herzen," WC="0.98" CC="3556154"/>
						<SP ID="P7_SP00092" HPOS="1199" VPOS="1670" WIDTH="52"/>
						<String ID="P7_ST00104" HPOS="1251" VPOS="1602" WIDTH="461" HEIGHT="62" CONTENT="verführerischer" WC="0.99" CC="005400507000765"/>
						<SP ID="P7_SP00093" HPOS="1712" VPOS="1670" WIDTH="42"/>
						<String ID="P7_ST00105" HPOS="1754" VPOS="1602" WIDTH="89" HEIGHT="61" CONTENT="die" WC="0.98" CC="050"/>
						<SP ID="P7_SP00094" HPOS="1843" VPOS="1670" WIDTH="41"/>
						<String ID="P7_ST00106" HPOS="1884" VPOS="1601" WIDTH="194" HEIGHT="62" CONTENT="Kunst" WC="0.99" CC="02005"/>
						<SP ID="P7_SP00095" HPOS="2078" VPOS="1670" WIDTH="41"/>
						<String ID="P7_ST00107" HPOS="2119" VPOS="1599" WIDTH="100" HEIGHT="61" CONTENT="der" WC="0.98" CC="006"/>
						<SP ID="P7_SP00096" HPOS="2219" VPOS="1670" WIDTH="38"/>
						<String ID="P7_ST00108" HPOS="2257" VPOS="1597" WIDTH="280" HEIGHT="70" CONTENT="Wollust," WC="0.99" CC="05500064"/>
					</TextLine>
					<TextLine ID="P7_TL00014" HPOS="272" VPOS="1693" WIDTH="2261" HEIGHT="88">
						<String ID="P7_ST00109" HPOS="272" VPOS="1701" WIDTH="320" HEIGHT="80" CONTENT="freigebiger" WC="0.99" CC="47400074066"/>
						<SP ID="P7_SP00097" HPOS="592" VPOS="1781" WIDTH="50"/>
						<String ID="P7_ST00110" HPOS="642" VPOS="1700" WIDTH="90" HEIGHT="62" CONTENT="die" WC="0.99" CC="020"/>
						<SP ID="P7_SP00098" HPOS="732" VPOS="1781" WIDTH="42"/>
						<String ID="P7_ST00111" HPOS="774" VPOS="1698" WIDTH="156" HEIGHT="63" CONTENT="Hilfe" WC="0.99" CC="00700"/>
						<SP ID="P7_SP00099" HPOS="930" VPOS="1781" WIDTH="51"/>
						<String ID="P7_ST00112" HPOS="981" VPOS="1722" WIDTH="104" HEIGHT="37" CONTENT="aus" WC="1.00" CC="000"/>
						<SP ID="P7_SP00100" HPOS="1085" VPOS="1781" WIDTH="42"/>
						<String ID="P7_ST00113" HPOS="1127" VPOS="1698" WIDTH="110" HEIGHT="63" CONTENT="den" WC="0.97" CC="043"/>
						<SP ID="P7_SP00101" HPOS="1237" VPOS="1781" WIDTH="42"/>
						<String ID="P7_ST00114" HPOS="1279" VPOS="1697" WIDTH="498" HEIGHT="80" CONTENT="geheimnisvollen" WC="1.00" CC="047020000053600"/>
						<SP ID="P7_SP00102" HPOS="1777" VPOS="1781" WIDTH="46"/>
						<String ID="P7_ST00115" HPOS="1823" VPOS="1697" WIDTH="270" HEIGHT="61" CONTENT="Schätzen" WC="0.99" CC="00701700"/>
						<SP ID="P7_SP00103" HPOS="2093" VPOS="1781" WIDTH="51"/>
						<String ID="P7_ST00116" HPOS="2144" VPOS="1696" WIDTH="99" HEIGHT="60" CONTENT="der" WC="0.95" CC="074"/>
						<SP ID="P7_SP00104" HPOS="2243" VPOS="1781" WIDTH="48"/>
						<String ID="P7_ST00117" HPOS="2291" VPOS="1693" WIDTH="212" HEIGHT="61" CONTENT="unsicht" SUBS_TYPE="HypPart1" SUBS_CONTENT="unsichtbaren" WC="0.98" CC="5406072"/>
						<HYP HPOS="2503" VPOS="1693" WIDTH="30" CONTENT="-"/>
					</TextLine>
					<TextLine ID="P7_TL00015" HPOS="272" VPOS="1787" WIDTH="2265" HEIGHT="87">
						<String ID="P7_ST00118" HPOS="272" VPOS="1799" WIDTH="165" HEIGHT="59" CONTENT="baren" SUBS_TYPE="HypPart2" SUBS_CONTENT="unsichtbaren" WC="0.96" CC="76376"/>
						<SP ID="P7_SP00105" HPOS="437" VPOS="1858" WIDTH="42"/>
						<String ID="P7_ST00119" HPOS="479" VPOS="1795" WIDTH="192" HEIGHT="72" CONTENT="Welt,-" WC="0.98" CC="006444"/>
						<SP ID="P7_SP00106" HPOS="671" VPOS="1867" WIDTH="52"/>
						<String ID="P7_ST00120" HPOS="723" VPOS="1804" WIDTH="53" HEIGHT="68" CONTENT="je" WC="0.52" CC="72"/>
						<SP ID="P7_SP00107" HPOS="776" VPOS="1872" WIDTH="50"/>
						<String ID="P7_ST00121" HPOS="826" VPOS="1804" WIDTH="192" HEIGHT="70" CONTENT="später" WC="0.99" CC="000006"/>
						<SP ID="P7_SP00108" HPOS="1018" VPOS="1874" WIDTH="48"/>
						<String ID="P7_ST00122" HPOS="1066" VPOS="1794" WIDTH="103" HEIGHT="61" CONTENT="das" WC="1.00" CC="000"/>
						<SP ID="P7_SP00109" HPOS="1169" VPOS="1874" WIDTH="49"/>
						<String ID="P7_ST00123" HPOS="1218" VPOS="1794" WIDTH="341" HEIGHT="61" CONTENT="Instrument" WC="0.99" CC="3400660003"/>
						<SP ID="P7_SP00110" HPOS="1559" VPOS="1874" WIDTH="58"/>
						<String ID="P7_ST00124" HPOS="1617" VPOS="1792" WIDTH="99" HEIGHT="63" CONTENT="des" WC="1.00" CC="000"/>
						<SP ID="P7_SP00111" HPOS="1716" VPOS="1874" WIDTH="51"/>
						<String ID="P7_ST00125" HPOS="1767" VPOS="1791" WIDTH="222" HEIGHT="62" CONTENT="Lebens" WC="1.00" CC="000000"/>
						<SP ID="P7_SP00112" HPOS="1989" VPOS="1874" WIDTH="57"/>
						<String ID="P7_ST00126" HPOS="2046" VPOS="1790" WIDTH="120" HEIGHT="62" CONTENT="und" WC="0.95" CC="409"/>
						<SP ID="P7_SP00113" HPOS="2166" VPOS="1874" WIDTH="48"/>
						<String ID="P7_ST00127" HPOS="2214" VPOS="1787" WIDTH="323" HEIGHT="62" CONTENT="wertvoller" WC="0.99" CC="0060007766"/>
					</TextLine>
					<TextLine ID="P7_TL00016" HPOS="273" VPOS="1883" WIDTH="2261" HEIGHT="85">
						<String ID="P7_ST00128" HPOS="273" VPOS="1900" WIDTH="145" HEIGHT="54" CONTENT="seine" WC="0.99" CC="00405"/>
						<SP ID="P7_SP00114" HPOS="418" VPOS="1954" WIDTH="27"/>
						<String ID="P7_ST00129" HPOS="445" VPOS="1890" WIDTH="339" HEIGHT="78" CONTENT="Erhaltung," WC="0.99" CC="7564605003"/>
						<SP ID="P7_SP00115" HPOS="784" VPOS="1968" WIDTH="37"/>
						<String ID="P7_ST00130" HPOS="821" VPOS="1913" WIDTH="98" HEIGHT="37" CONTENT="um" WC="1.00" CC="00"/>
						<SP ID="P7_SP00116" HPOS="919" VPOS="1968" WIDTH="35"/>
						<String ID="P7_ST00131" HPOS="954" VPOS="1912" WIDTH="67" HEIGHT="38" CONTENT="so" WC="0.69" CC="06"/>
						<SP ID="P7_SP00117" HPOS="1021" VPOS="1968" WIDTH="35"/>
						<String ID="P7_ST00132" HPOS="1056" VPOS="1888" WIDTH="280" HEIGHT="62" CONTENT="reizbarer" WC="0.99" CC="005670605"/>
						<SP ID="P7_SP00118" HPOS="1336" VPOS="1968" WIDTH="33"/>
						<String ID="P7_ST00133" HPOS="1369" VPOS="1888" WIDTH="89" HEIGHT="61" CONTENT="die" WC="1.00" CC="000"/>
						<SP ID="P7_SP00119" HPOS="1458" VPOS="1968" WIDTH="27"/>
						<String ID="P7_ST00134" HPOS="1485" VPOS="1885" WIDTH="479" HEIGHT="80" CONTENT="Empfindlichkeit" WC="0.99" CC="600525073070012"/>
						<SP ID="P7_SP00120" HPOS="1964" VPOS="1968" WIDTH="34"/>
						<String ID="P7_ST00135" HPOS="1998" VPOS="1884" WIDTH="89" HEIGHT="62" CONTENT="für" WC="0.95" CC="607"/>
						<SP ID="P7_SP00121" HPOS="2087" VPOS="1968" WIDTH="33"/>
						<String ID="P7_ST00136" HPOS="2120" VPOS="1884" WIDTH="109" HEIGHT="61" CONTENT="den" WC="1.00" CC="000"/>
						<SP ID="P7_SP00122" HPOS="2229" VPOS="1968" WIDTH="28"/>
						<String ID="P7_ST00137" HPOS="2257" VPOS="1883" WIDTH="277" HEIGHT="69" CONTENT="Schmerz," WC="0.99" CC="09000574"/>
					</TextLine>
					<TextLine ID="P7_TL00017" HPOS="275" VPOS="1979" WIDTH="2262" HEIGHT="75">
						<String ID="P7_ST00138" HPOS="275" VPOS="1987" WIDTH="103" HEIGHT="61" CONTENT="den" WC="0.96" CC="053"/>
						<SP ID="P7_SP00123" HPOS="378" VPOS="2048" WIDTH="39"/>
						<String ID="P7_ST00139" HPOS="417" VPOS="1985" WIDTH="213" HEIGHT="63" CONTENT="Lehrer" WC="0.98" CC="026406"/>
						<SP ID="P7_SP00124" HPOS="630" VPOS="2048" WIDTH="43"/>
						<String ID="P7_ST00140" HPOS="673" VPOS="1985" WIDTH="102" HEIGHT="61" CONTENT="des" WC="0.98" CC="050"/>
						<SP ID="P7_SP00125" HPOS="775" VPOS="2048" WIDTH="45"/>
						<String ID="P7_ST00141" HPOS="820" VPOS="1984" WIDTH="303" HEIGHT="70" CONTENT="Gesetzes," WC="0.99" CC="100006604"/>
						<SP ID="P7_SP00126" HPOS="1123" VPOS="2054" WIDTH="51"/>
						<String ID="P7_ST00142" HPOS="1174" VPOS="1984" WIDTH="110" HEIGHT="61" CONTENT="den" WC="1.00" CC="000"/>
						<SP ID="P7_SP00127" HPOS="1284" VPOS="2054" WIDTH="44"/>
						<String ID="P7_ST00143" HPOS="1328" VPOS="1983" WIDTH="187" HEIGHT="61" CONTENT="Hüter" WC="0.98" CC="60005"/>
						<SP ID="P7_SP00128" HPOS="1515" VPOS="2054" WIDTH="44"/>
						<String ID="P7_ST00144" HPOS="1559" VPOS="1982" WIDTH="97" HEIGHT="62" CONTENT="der" WC="0.94" CC="905"/>
						<SP ID="P7_SP00129" HPOS="1656" VPOS="2054" WIDTH="42"/>
						<String ID="P7_ST00145" HPOS="1698" VPOS="1980" WIDTH="314" HEIGHT="64" CONTENT="Schönheit." WC="0.99" CC="5000006044"/>
						<SP ID="P7_SP00130" HPOS="2012" VPOS="2054" WIDTH="52"/>
						<String ID="P7_ST00146" HPOS="2064" VPOS="1979" WIDTH="191" HEIGHT="62" CONTENT="Wenn" WC="1.00" CC="0000"/>
						<SP ID="P7_SP00131" HPOS="2255" VPOS="2054" WIDTH="44"/>
						<String ID="P7_ST00147" HPOS="2299" VPOS="2002" WIDTH="60" HEIGHT="37" CONTENT="es" WC="1.00" CC="00"/>
						<SP ID="P7_SP00132" HPOS="2359" VPOS="2054" WIDTH="43"/>
						<String ID="P7_ST00148" HPOS="2402" VPOS="1994" WIDTH="135" HEIGHT="43" CONTENT="not*" WC="0.98" CC="0054"/>
					</TextLine>
					<TextLine ID="P7_TL00018" HPOS="273" VPOS="2072" WIDTH="2262" HEIGHT="86">
						<String ID="P7_ST00149" HPOS="273" VPOS="2081" WIDTH="220" HEIGHT="77" CONTENT="wendig" WC="0.99" CC="902000"/>
						<SP ID="P7_SP00133" HPOS="493" VPOS="2158" WIDTH="39"/>
						<String ID="P7_ST00150" HPOS="532" VPOS="2090" WIDTH="88" HEIGHT="62" CONTENT="ist," WC="0.97" CC="2524"/>
						<SP ID="P7_SP00134" HPOS="620" VPOS="2158" WIDTH="43"/>
						<String ID="P7_ST00151" HPOS="663" VPOS="2103" WIDTH="68" HEIGHT="37" CONTENT="so" WC="0.72" CC="05"/>
						<SP ID="P7_SP00135" HPOS="731" VPOS="2158" WIDTH="43"/>
						<String ID="P7_ST00152" HPOS="774" VPOS="2079" WIDTH="110" HEIGHT="61" CONTENT="ruft" WC="0.96" CC="7533"/>
						<SP ID="P7_SP00136" HPOS="884" VPOS="2158" WIDTH="43"/>
						<String ID="P7_ST00153" HPOS="927" VPOS="2078" WIDTH="103" HEIGHT="62" CONTENT="das" WC="1.00" CC="000"/>
						<SP ID="P7_SP00137" HPOS="1030" VPOS="2158" WIDTH="42"/>
						<String ID="P7_ST00154" HPOS="1072" VPOS="2078" WIDTH="219" HEIGHT="71" CONTENT="Leben," WC="0.98" CC="037024"/>
						<SP ID="P7_SP00138" HPOS="1291" VPOS="2158" WIDTH="42"/>
						<String ID="P7_ST00155" HPOS="1333" VPOS="2086" WIDTH="196" HEIGHT="52" CONTENT="immer" WC="0.98" CC="60006"/>
						<SP ID="P7_SP00139" HPOS="1529" VPOS="2158" WIDTH="42"/>
						<String ID="P7_ST00156" HPOS="1571" VPOS="2076" WIDTH="275" HEIGHT="78" CONTENT="siegreich," WC="0.99" CC="0600500074"/>
						<SP ID="P7_SP00140" HPOS="1846" VPOS="2158" WIDTH="42"/>
						<String ID="P7_ST00157" HPOS="1888" VPOS="2083" WIDTH="171" HEIGHT="52" CONTENT="weise" WC="0.99" CC="06000"/>
						<SP ID="P7_SP00141" HPOS="2059" VPOS="2158" WIDTH="34"/>
						<String ID="P7_ST00158" HPOS="2093" VPOS="2073" WIDTH="165" HEIGHT="61" CONTENT="durch" WC="0.98" CC="05600"/>
						<SP ID="P7_SP00142" HPOS="2258" VPOS="2158" WIDTH="35"/>
						<String ID="P7_ST00159" HPOS="2293" VPOS="2072" WIDTH="90" HEIGHT="61" CONTENT="die" WC="0.99" CC="010"/>
						<SP ID="P7_SP00143" HPOS="2383" VPOS="2158" WIDTH="33"/>
						<String ID="P7_ST00160" HPOS="2416" VPOS="2072" WIDTH="119" HEIGHT="61" CONTENT="Er*" WC="0.93" CC="774"/>
					</TextLine>
					<TextLine ID="P7_TL00019" HPOS="276" VPOS="2167" WIDTH="2261" HEIGHT="86">
						<String ID="P7_ST00161" HPOS="276" VPOS="2173" WIDTH="303" HEIGHT="80" CONTENT="fahrungen" WC="0.52" CC="737065056"/>
						<SP ID="P7_SP00144" HPOS="579" VPOS="2253" WIDTH="45"/>
						<String ID="P7_ST00162" HPOS="624" VPOS="2175" WIDTH="133" HEIGHT="61" CONTENT="aller" WC="0.96" CC="47706"/>
						<SP ID="P7_SP00145" HPOS="757" VPOS="2253" WIDTH="33"/>
						<String ID="P7_ST00163" HPOS="790" VPOS="2175" WIDTH="248" HEIGHT="69" CONTENT="Welten," WC="0.99" CC="0005034"/>
						<SP ID="P7_SP00146" HPOS="1038" VPOS="2253" WIDTH="44"/>
						<String ID="P7_ST00164" HPOS="1082" VPOS="2173" WIDTH="91" HEIGHT="61" CONTENT="die" WC="0.98" CC="050"/>
						<SP ID="P7_SP00147" HPOS="1173" VPOS="2253" WIDTH="41"/>
						<String ID="P7_ST00165" HPOS="1214" VPOS="2172" WIDTH="154" HEIGHT="62" CONTENT="diese" WC="1.00" CC="00400"/>
						<SP ID="P7_SP00148" HPOS="1368" VPOS="2253" WIDTH="41"/>
						<String ID="P7_ST00166" HPOS="1409" VPOS="2172" WIDTH="162" HEIGHT="62" CONTENT="Welt" WC="1.00" CC="0000"/>
						<SP ID="P7_SP00149" HPOS="1571" VPOS="2253" WIDTH="41"/>
						<String ID="P7_ST00167" HPOS="1612" VPOS="2171" WIDTH="320" HEIGHT="71" CONTENT="bereiteten," WC="0.99" CC="70643200054"/>
						<SP ID="P7_SP00150" HPOS="1932" VPOS="2253" WIDTH="42"/>
						<String ID="P7_ST00168" HPOS="1974" VPOS="2167" WIDTH="386" HEIGHT="63" CONTENT="Krankheiten" WC="0.99" CC="07040601235"/>
						<SP ID="P7_SP00151" HPOS="2360" VPOS="2253" WIDTH="43"/>
						<String ID="P7_ST00169" HPOS="2403" VPOS="2167" WIDTH="134" HEIGHT="61" CONTENT="her*" WC="0.97" CC="0474"/>
					</TextLine>
					<TextLine ID="P7_TL00020" HPOS="272" VPOS="2261" WIDTH="2265" HEIGHT="79">
						<String ID="P7_ST00170" HPOS="272" VPOS="2294" WIDTH="128" HEIGHT="46" CONTENT="vor," WC="0.98" CC="0304"/>
						<SP ID="P7_SP00152" HPOS="400" VPOS="2340" WIDTH="58"/>
						<String ID="P7_ST00171" HPOS="458" VPOS="2270" WIDTH="88" HEIGHT="62" CONTENT="die" WC="0.98" CC="050"/>
						<SP ID="P7_SP00153" HPOS="546" VPOS="2340" WIDTH="58"/>
						<String ID="P7_ST00172" HPOS="604" VPOS="2270" WIDTH="106" HEIGHT="62" CONTENT="auf" WC="0.98" CC="006"/>
						<SP ID="P7_SP00154" HPOS="710" VPOS="2340" WIDTH="52"/>
						<String ID="P7_ST00173" HPOS="762" VPOS="2270" WIDTH="212" HEIGHT="61" CONTENT="höhere" WC="0.99" CC="000640"/>
						<SP ID="P7_SP00155" HPOS="974" VPOS="2340" WIDTH="53"/>
						<String ID="P7_ST00174" HPOS="1027" VPOS="2269" WIDTH="363" HEIGHT="63" CONTENT="Gesundheit" WC="0.99" CC="0000400565"/>
						<SP ID="P7_SP00156" HPOS="1390" VPOS="2340" WIDTH="57"/>
						<String ID="P7_ST00175" HPOS="1447" VPOS="2267" WIDTH="278" HEIGHT="71" CONTENT="abzielen," WC="0.99" CC="076017334"/>
						<SP ID="P7_SP00157" HPOS="1725" VPOS="2340" WIDTH="57"/>
						<String ID="P7_ST00176" HPOS="1782" VPOS="2265" WIDTH="192" HEIGHT="62" CONTENT="schafft" WC="0.99" CC="0070116"/>
						<SP ID="P7_SP00158" HPOS="1974" VPOS="2340" WIDTH="49"/>
						<String ID="P7_ST00177" HPOS="2023" VPOS="2272" WIDTH="163" HEIGHT="52" CONTENT="einen" WC="0.98" CC="06070"/>
						<SP ID="P7_SP00159" HPOS="2186" VPOS="2340" WIDTH="51"/>
						<String ID="P7_ST00178" HPOS="2237" VPOS="2262" WIDTH="142" HEIGHT="61" CONTENT="Kult" WC="0.98" CC="0063"/>
						<SP ID="P7_SP00160" HPOS="2379" VPOS="2340" WIDTH="57"/>
						<String ID="P7_ST00179" HPOS="2436" VPOS="2261" WIDTH="101" HEIGHT="61" CONTENT="der" WC="0.94" CC="906"/>
					</TextLine>
					<TextLine ID="P7_TL00021" HPOS="275" VPOS="2355" WIDTH="2260" HEIGHT="82">
						<String ID="P7_ST00180" HPOS="275" VPOS="2363" WIDTH="275" HEIGHT="73" CONTENT="Reinheit," WC="0.99" CC="550460324"/>
						<SP ID="P7_SP00161" HPOS="550" VPOS="2436" WIDTH="43"/>
						<String ID="P7_ST00181" HPOS="593" VPOS="2366" WIDTH="100" HEIGHT="60" CONTENT="der" WC="0.94" CC="806"/>
						<SP ID="P7_SP00162" HPOS="693" VPOS="2436" WIDTH="40"/>
						<String ID="P7_ST00182" HPOS="733" VPOS="2364" WIDTH="319" HEIGHT="73" CONTENT="Vernunft," WC="0.99" CC="206403114"/>
						<SP ID="P7_SP00163" HPOS="1052" VPOS="2437" WIDTH="52"/>
						<String ID="P7_ST00183" HPOS="1104" VPOS="2363" WIDTH="99" HEIGHT="62" CONTENT="der" WC="0.98" CC="005"/>
						<SP ID="P7_SP00164" HPOS="1203" VPOS="2437" WIDTH="43"/>
						<String ID="P7_ST00184" HPOS="1246" VPOS="2361" WIDTH="421" HEIGHT="71" CONTENT="Gefühlskälte," WC="0.99" CC="2660060007004"/>
						<SP ID="P7_SP00165" HPOS="1667" VPOS="2437" WIDTH="42"/>
						<String ID="P7_ST00185" HPOS="1709" VPOS="2383" WIDTH="168" HEIGHT="38" CONTENT="wenn" WC="1.00" CC="0000"/>
						<SP ID="P7_SP00166" HPOS="1877" VPOS="2437" WIDTH="42"/>
						<String ID="P7_ST00186" HPOS="1919" VPOS="2357" WIDTH="248" HEIGHT="63" CONTENT="Wollust" WC="0.99" CC="0003602"/>
						<SP ID="P7_SP00167" HPOS="2167" VPOS="2437" WIDTH="48"/>
						<String ID="P7_ST00187" HPOS="2215" VPOS="2355" WIDTH="120" HEIGHT="62" CONTENT="und" WC="0.98" CC="600"/>
						<SP ID="P7_SP00168" HPOS="2335" VPOS="2437" WIDTH="42"/>
						<String ID="P7_ST00188" HPOS="2377" VPOS="2355" WIDTH="158" HEIGHT="62" CONTENT="Gifte" WC="0.98" CC="32330"/>
					</TextLine>
					<TextLine ID="P7_TL00022" HPOS="272" VPOS="2450" WIDTH="2263" HEIGHT="81">
						<String ID="P7_ST00189" HPOS="272" VPOS="2458" WIDTH="100" HEIGHT="61" CONTENT="das" WC="1.00" CC="000"/>
						<SP ID="P7_SP00169" HPOS="372" VPOS="2519" WIDTH="42"/>
						<String ID="P7_ST00190" HPOS="414" VPOS="2459" WIDTH="324" HEIGHT="62" CONTENT="Geschlecht" WC="1.00" CC="5000070004"/>
						<SP ID="P7_SP00170" HPOS="738" VPOS="2521" WIDTH="41"/>
						<String ID="P7_ST00191" HPOS="779" VPOS="2459" WIDTH="310" HEIGHT="72" CONTENT="bedrohen," WC="0.99" CC="700540444"/>
						<SP ID="P7_SP00171" HPOS="1089" VPOS="2531" WIDTH="53"/>
						<String ID="P7_ST00192" HPOS="1142" VPOS="2459" WIDTH="118" HEIGHT="60" CONTENT="und" WC="0.99" CC="030"/>
						<SP ID="P7_SP00172" HPOS="1260" VPOS="2531" WIDTH="43"/>
						<String ID="P7_ST00193" HPOS="1303" VPOS="2458" WIDTH="101" HEIGHT="61" CONTENT="der" WC="0.96" CC="036"/>
						<SP ID="P7_SP00173" HPOS="1404" VPOS="2531" WIDTH="40"/>
						<String ID="P7_ST00194" HPOS="1444" VPOS="2451" WIDTH="134" HEIGHT="67" CONTENT="Tod" WC="0.97" CC="600"/>
						<SP ID="P7_SP00174" HPOS="1578" VPOS="2531" WIDTH="40"/>
						<String ID="P7_ST00195" HPOS="1618" VPOS="2464" WIDTH="70" HEIGHT="52" CONTENT="ist" WC="0.96" CC="603"/>
						<SP ID="P7_SP00175" HPOS="1688" VPOS="2531" WIDTH="41"/>
						<String ID="P7_ST00196" HPOS="1729" VPOS="2464" WIDTH="54" HEIGHT="52" CONTENT="in" WC="0.47" CC="54"/>
						<SP ID="P7_SP00176" HPOS="1783" VPOS="2531" WIDTH="42"/>
						<String ID="P7_ST00197" HPOS="1825" VPOS="2462" WIDTH="211" HEIGHT="53" CONTENT="seinem" WC="0.99" CC="035300"/>
						<SP ID="P7_SP00177" HPOS="2036" VPOS="2531" WIDTH="42"/>
						<String ID="P7_ST00198" HPOS="2078" VPOS="2450" WIDTH="163" HEIGHT="73" CONTENT="Park," WC="0.98" CC="00704"/>
						<SP ID="P7_SP00178" HPOS="2241" VPOS="2531" WIDTH="50"/>
						<String ID="P7_ST00199" HPOS="2291" VPOS="2459" WIDTH="112" HEIGHT="52" CONTENT="wie" WC="1.00" CC="000"/>
						<SP ID="P7_SP00179" HPOS="2403" VPOS="2531" WIDTH="43"/>
						<String ID="P7_ST00200" HPOS="2446" VPOS="2459" WIDTH="89" HEIGHT="52" CONTENT="ein" WC="0.98" CC="050"/>
					</TextLine>
					<TextLine ID="P7_TL00023" HPOS="276" VPOS="2544" WIDTH="2261" HEIGHT="88">
						<String ID="P7_ST00201" HPOS="276" VPOS="2552" WIDTH="269" HEIGHT="75" CONTENT="Gärtner," WC="0.99" CC="10400664"/>
						<SP ID="P7_SP00180" HPOS="545" VPOS="2627" WIDTH="52"/>
						<String ID="P7_ST00202" HPOS="597" VPOS="2554" WIDTH="101" HEIGHT="61" CONTENT="der" WC="0.98" CC="006"/>
						<SP ID="P7_SP00181" HPOS="698" VPOS="2627" WIDTH="39"/>
						<String ID="P7_ST00203" HPOS="737" VPOS="2554" WIDTH="166" HEIGHT="78" CONTENT="jeden" WC="0.99" CC="70030"/>
						<SP ID="P7_SP00182" HPOS="903" VPOS="2632" WIDTH="44"/>
						<String ID="P7_ST00204" HPOS="947" VPOS="2553" WIDTH="251" HEIGHT="79" CONTENT="Setzling" WC="0.99" CC="50005540"/>
						<SP ID="P7_SP00183" HPOS="1198" VPOS="2632" WIDTH="52"/>
						<String ID="P7_ST00205" HPOS="1250" VPOS="2552" WIDTH="108" HEIGHT="61" CONTENT="auf" WC="0.98" CC="060"/>
						<SP ID="P7_SP00184" HPOS="1358" VPOS="2632" WIDTH="41"/>
						<String ID="P7_ST00206" HPOS="1399" VPOS="2559" WIDTH="119" HEIGHT="54" CONTENT="sein" WC="0.96" CC="0465"/>
						<SP ID="P7_SP00185" HPOS="1518" VPOS="2632" WIDTH="43"/>
						<String ID="P7_ST00207" HPOS="1561" VPOS="2551" WIDTH="140" HEIGHT="60" CONTENT="Beet" WC="0.99" CC="0031"/>
						<SP ID="P7_SP00186" HPOS="1701" VPOS="2632" WIDTH="47"/>
						<String ID="P7_ST00208" HPOS="1748" VPOS="2548" WIDTH="231" HEIGHT="80" CONTENT="pflanzt," WC="0.99" CC="03303714"/>
						<SP ID="P7_SP00187" HPOS="1979" VPOS="2632" WIDTH="60"/>
						<String ID="P7_ST00209" HPOS="2039" VPOS="2570" WIDTH="104" HEIGHT="38" CONTENT="aus" WC="0.98" CC="060"/>
						<SP ID="P7_SP00188" HPOS="2143" VPOS="2632" WIDTH="42"/>
						<String ID="P7_ST00210" HPOS="2185" VPOS="2547" WIDTH="128" HEIGHT="59" CONTENT="dem" WC="0.97" CC="900"/>
						<SP ID="P7_SP00189" HPOS="2313" VPOS="2632" WIDTH="43"/>
						<String ID="P7_ST00211" HPOS="2356" VPOS="2544" WIDTH="181" HEIGHT="64" CONTENT="Sicht*" WC="0.98" CC="540724"/>
					</TextLine>
					<TextLine ID="P7_TL00024" HPOS="273" VPOS="2646" WIDTH="726" HEIGHT="66">
						<String ID="P7_ST00212" HPOS="273" VPOS="2646" WIDTH="167" HEIGHT="62" CONTENT="baren" WC="0.97" CC="71744"/>
						<SP ID="P7_SP00190" HPOS="440" VPOS="2708" WIDTH="42"/>
						<String ID="P7_ST00213" HPOS="482" VPOS="2657" WIDTH="85" HEIGHT="54" CONTENT="ins" WC="0.98" CC="230"/>
						<SP ID="P7_SP00191" HPOS="567" VPOS="2711" WIDTH="40"/>
						<String ID="P7_ST00214" HPOS="607" VPOS="2650" WIDTH="392" HEIGHT="62" CONTENT="Unsichtbare." WC="1.00" CC="600107000003"/>
					</TextLine>
					<TextLine ID="P7_TL00025" HPOS="350" VPOS="2735" WIDTH="2187" HEIGHT="81">
						<String ID="P7_ST00215" HPOS="350" VPOS="2742" WIDTH="124" HEIGHT="64" CONTENT="Das" WC="0.97" CC="420"/>
						<SP ID="P7_SP00192" HPOS="474" VPOS="2806" WIDTH="33"/>
						<String ID="P7_ST00216" HPOS="507" VPOS="2745" WIDTH="198" HEIGHT="62" CONTENT="Leben" WC="0.99" CC="10020"/>
						<SP ID="P7_SP00193" HPOS="705" VPOS="2807" WIDTH="43"/>
						<String ID="P7_ST00217" HPOS="748" VPOS="2746" WIDTH="108" HEIGHT="61" CONTENT="auf" WC="0.97" CC="006"/>
						<SP ID="P7_SP00194" HPOS="856" VPOS="2807" WIDTH="26"/>
						<String ID="P7_ST00218" HPOS="882" VPOS="2744" WIDTH="199" HEIGHT="62" CONTENT="Erden" WC="0.98" CC="05006"/>
						<SP ID="P7_SP00195" HPOS="1081" VPOS="2807" WIDTH="37"/>
						<String ID="P7_ST00219" HPOS="1118" VPOS="2752" WIDTH="69" HEIGHT="54" CONTENT="ist" WC="0.98" CC="005"/>
						<SP ID="P7_SP00196" HPOS="1187" VPOS="2807" WIDTH="40"/>
						<String ID="P7_ST00220" HPOS="1227" VPOS="2744" WIDTH="142" HEIGHT="61" CONTENT="nicht" WC="0.97" CC="63073"/>
						<SP ID="P7_SP00197" HPOS="1369" VPOS="2807" WIDTH="42"/>
						<String ID="P7_ST00221" HPOS="1411" VPOS="2741" WIDTH="305" HEIGHT="62" CONTENT="entkräftet." WC="0.99" CC="00106044052"/>
						<SP ID="P7_SP00198" HPOS="1716" VPOS="2807" WIDTH="34"/>
						<String ID="P7_ST00222" HPOS="1750" VPOS="2737" WIDTH="254" HEIGHT="79" CONTENT="Heftiger" WC="0.99" CC="60007066"/>
						<SP ID="P7_SP00199" HPOS="2004" VPOS="2816" WIDTH="42"/>
						<String ID="P7_ST00223" HPOS="2046" VPOS="2735" WIDTH="150" HEIGHT="62" CONTENT="denn" WC="0.99" CC="0500"/>
						<SP ID="P7_SP00200" HPOS="2196" VPOS="2816" WIDTH="42"/>
						<String ID="P7_ST00224" HPOS="2238" VPOS="2744" WIDTH="52" HEIGHT="68" CONTENT="je" WC="1.00" CC="00"/>
						<SP ID="P7_SP00201" HPOS="2290" VPOS="2816" WIDTH="41"/>
						<String ID="P7_ST00225" HPOS="2331" VPOS="2735" WIDTH="206" HEIGHT="61" CONTENT="scheint" WC="1.00" CC="0000004"/>
					</TextLine>
					<TextLine ID="P7_TL00026" HPOS="272" VPOS="2829" WIDTH="2265" HEIGHT="89">
						<String ID="P7_ST00226" HPOS="272" VPOS="2834" WIDTH="102" HEIGHT="63" CONTENT="das" WC="0.99" CC="020"/>
						<SP ID="P7_SP00202" HPOS="374" VPOS="2897" WIDTH="56"/>
						<String ID="P7_ST00227" HPOS="430" VPOS="2839" WIDTH="163" HEIGHT="61" CONTENT="durch" WC="0.99" CC="00700"/>
						<SP ID="P7_SP00203" HPOS="593" VPOS="2900" WIDTH="60"/>
						<String ID="P7_ST00228" HPOS="653" VPOS="2839" WIDTH="90" HEIGHT="62" CONTENT="die" WC="0.94" CC="950"/>
						<SP ID="P7_SP00204" HPOS="743" VPOS="2901" WIDTH="49"/>
						<String ID="P7_ST00229" HPOS="792" VPOS="2838" WIDTH="407" HEIGHT="80" CONTENT="Jahrtausende" WC="1.00" CC="406630000002"/>
						<SP ID="P7_SP00205" HPOS="1199" VPOS="2918" WIDTH="59"/>
						<String ID="P7_ST00230" HPOS="1258" VPOS="2836" WIDTH="271" HEIGHT="79" CONTENT="fliegende" WC="1.00" CC="332000400"/>
						<SP ID="P7_SP00206" HPOS="1529" VPOS="2918" WIDTH="58"/>
						<String ID="P7_ST00231" HPOS="1587" VPOS="2831" WIDTH="457" HEIGHT="81" CONTENT="geheimnisvolle" WC="0.99" CC="00755030000706"/>
						<SP ID="P7_SP00207" HPOS="2044" VPOS="2918" WIDTH="52"/>
						<String ID="P7_ST00232" HPOS="2096" VPOS="2830" WIDTH="282" HEIGHT="77" CONTENT="Gespann" WC="0.99" CC="6600020"/>
						<SP ID="P7_SP00208" HPOS="2378" VPOS="2918" WIDTH="59"/>
						<String ID="P7_ST00233" HPOS="2437" VPOS="2829" WIDTH="100" HEIGHT="61" CONTENT="der" WC="0.94" CC="906"/>
					</TextLine>
					<TextLine ID="P7_TL00027" HPOS="276" VPOS="2923" WIDTH="2262" HEIGHT="86">
						<String ID="P7_ST00234" HPOS="276" VPOS="2928" WIDTH="226" HEIGHT="66" CONTENT="Sonnen" WC="0.99" CC="521000"/>
						<SP ID="P7_SP00209" HPOS="502" VPOS="2994" WIDTH="43"/>
						<String ID="P7_ST00235" HPOS="545" VPOS="2935" WIDTH="118" HEIGHT="61" CONTENT="und" WC="0.95" CC="049"/>
						<SP ID="P7_SP00210" HPOS="663" VPOS="2996" WIDTH="26"/>
						<String ID="P7_ST00236" HPOS="689" VPOS="2935" WIDTH="227" HEIGHT="63" CONTENT="Welten" WC="0.99" CC="000035"/>
						<SP ID="P7_SP00211" HPOS="916" VPOS="2998" WIDTH="42"/>
						<String ID="P7_ST00237" HPOS="958" VPOS="2958" WIDTH="75" HEIGHT="37" CONTENT="zu" WC="1.00" CC="00"/>
						<SP ID="P7_SP00212" HPOS="1033" VPOS="2998" WIDTH="42"/>
						<String ID="P7_ST00238" HPOS="1075" VPOS="2933" WIDTH="273" HEIGHT="62" CONTENT="dröhnen." WC="1.00" CC="04000001"/>
						<SP ID="P7_SP00213" HPOS="1348" VPOS="2998" WIDTH="44"/>
						<String ID="P7_ST00239" HPOS="1392" VPOS="2930" WIDTH="337" HEIGHT="79" CONTENT="Magischer," WC="0.99" CC="4506000064"/>
						<SP ID="P7_SP00214" HPOS="1729" VPOS="3009" WIDTH="43"/>
						<String ID="P7_ST00240" HPOS="1772" VPOS="2926" WIDTH="340" HEIGHT="80" CONTENT="gewaltiger," WC="0.99" CC="00036260064"/>
						<SP ID="P7_SP00215" HPOS="2112" VPOS="3009" WIDTH="44"/>
						<String ID="P7_ST00241" HPOS="2156" VPOS="2948" WIDTH="115" HEIGHT="38" CONTENT="von" WC="0.98" CC="004"/>
						<SP ID="P7_SP00216" HPOS="2271" VPOS="3009" WIDTH="36"/>
						<String ID="P7_ST00242" HPOS="2307" VPOS="2923" WIDTH="231" HEIGHT="62" CONTENT="süßerer" WC="0.99" CC="0040606"/>
					</TextLine>
					<TextLine ID="P7_TL00028" HPOS="276" VPOS="3018" WIDTH="2261" HEIGHT="80">
						<String ID="P7_ST00243" HPOS="276" VPOS="3022" WIDTH="526" HEIGHT="70" CONTENT="Selbstbewußtheit" WC="0.99" CC="6567017506000544"/>
						<SP ID="P7_SP00217" HPOS="802" VPOS="3092" WIDTH="42"/>
						<String ID="P7_ST00244" HPOS="844" VPOS="3038" WIDTH="69" HEIGHT="54" CONTENT="ist" WC="0.98" CC="600"/>
						<SP ID="P7_SP00218" HPOS="913" VPOS="3092" WIDTH="42"/>
						<String ID="P7_ST00245" HPOS="955" VPOS="3029" WIDTH="98" HEIGHT="61" CONTENT="der" WC="0.95" CC="067"/>
						<SP ID="P7_SP00219" HPOS="1053" VPOS="3092" WIDTH="33"/>
						<String ID="P7_ST00246" HPOS="1086" VPOS="3027" WIDTH="146" HEIGHT="62" CONTENT="Blick" WC="0.98" CC="03660"/>
						<SP ID="P7_SP00220" HPOS="1232" VPOS="3092" WIDTH="35"/>
						<String ID="P7_ST00247" HPOS="1267" VPOS="3027" WIDTH="99" HEIGHT="59" CONTENT="der" WC="0.95" CC="076"/>
						<SP ID="P7_SP00221" HPOS="1366" VPOS="3092" WIDTH="33"/>
						<String ID="P7_ST00248" HPOS="1399" VPOS="3026" WIDTH="249" HEIGHT="69" CONTENT="Frauen," WC="0.98" CC="5606044"/>
						<SP ID="P7_SP00222" HPOS="1648" VPOS="3095" WIDTH="43"/>
						<String ID="P7_ST00249" HPOS="1691" VPOS="3023" WIDTH="118" HEIGHT="61" CONTENT="und" WC="0.94" CC="608"/>
						<SP ID="P7_SP00223" HPOS="1809" VPOS="3095" WIDTH="34"/>
						<String ID="P7_ST00250" HPOS="1843" VPOS="3022" WIDTH="89" HEIGHT="61" CONTENT="die" WC="1.00" CC="000"/>
						<SP ID="P7_SP00224" HPOS="1932" VPOS="3095" WIDTH="31"/>
						<String ID="P7_ST00251" HPOS="1963" VPOS="3020" WIDTH="269" HEIGHT="78" CONTENT="Achtung" WC="0.99" CC="5070000"/>
						<SP ID="P7_SP00225" HPOS="2232" VPOS="3098" WIDTH="33"/>
						<String ID="P7_ST00252" HPOS="2265" VPOS="3042" WIDTH="108" HEIGHT="38" CONTENT="vor" WC="0.97" CC="026"/>
						<SP ID="P7_SP00226" HPOS="2373" VPOS="3098" WIDTH="33"/>
						<String ID="P7_ST00253" HPOS="2406" VPOS="3018" WIDTH="131" HEIGHT="61" CONTENT="dem" WC="0.96" CC="900"/>
					</TextLine>
					<TextLine ID="P7_TL00029" HPOS="276" VPOS="3113" WIDTH="2262" HEIGHT="83">
						<String ID="P7_ST00254" HPOS="276" VPOS="3117" WIDTH="203" HEIGHT="79" CONTENT="Kinde," WC="0.98" CC="060054"/>
						<SP ID="P7_SP00227" HPOS="479" VPOS="3196" WIDTH="41"/>
						<String ID="P7_ST00255" HPOS="520" VPOS="3125" WIDTH="128" HEIGHT="61" CONTENT="dem" WC="0.98" CC="060"/>
						<SP ID="P7_SP00228" HPOS="648" VPOS="3196" WIDTH="43"/>
						<String ID="P7_ST00256" HPOS="691" VPOS="3125" WIDTH="198" HEIGHT="62" CONTENT="Erben" WC="0.96" CC="67760"/>
						<SP ID="P7_SP00229" HPOS="889" VPOS="3196" WIDTH="44"/>
						<String ID="P7_ST00257" HPOS="933" VPOS="3125" WIDTH="118" HEIGHT="62" CONTENT="und" WC="0.94" CC="059"/>
						<SP ID="P7_SP00230" HPOS="1051" VPOS="3196" WIDTH="24"/>
						<String ID="P7_ST00258" HPOS="1075" VPOS="3122" WIDTH="372" HEIGHT="64" CONTENT="Vorbereiter" WC="0.99" CC="00706763357"/>
						<SP ID="P7_SP00231" HPOS="1447" VPOS="3196" WIDTH="41"/>
						<String ID="P7_ST00259" HPOS="1488" VPOS="3121" WIDTH="97" HEIGHT="59" CONTENT="der" WC="0.98" CC="006"/>
						<SP ID="P7_SP00232" HPOS="1585" VPOS="3196" WIDTH="41"/>
						<String ID="P7_ST00260" HPOS="1626" VPOS="3141" WIDTH="185" HEIGHT="38" CONTENT="neuen" WC="0.97" CC="06670"/>
						<SP ID="P7_SP00233" HPOS="1811" VPOS="3196" WIDTH="44"/>
						<String ID="P7_ST00261" HPOS="1855" VPOS="3116" WIDTH="177" HEIGHT="71" CONTENT="Erde," WC="0.98" CC="66004"/>
						<SP ID="P7_SP00234" HPOS="2032" VPOS="3196" WIDTH="44"/>
						<String ID="P7_ST00262" HPOS="2076" VPOS="3125" WIDTH="69" HEIGHT="52" CONTENT="ist" WC="0.96" CC="405"/>
						<SP ID="P7_SP00235" HPOS="2145" VPOS="3196" WIDTH="41"/>
						<String ID="P7_ST00263" HPOS="2186" VPOS="3123" WIDTH="75" HEIGHT="52" CONTENT="im" WC="1.00" CC="00"/>
						<SP ID="P7_SP00236" HPOS="2261" VPOS="3196" WIDTH="25"/>
						<String ID="P7_ST00264" HPOS="2286" VPOS="3113" WIDTH="252" HEIGHT="62" CONTENT="Wachs*" WC="0.99" CC="000704"/>
					</TextLine>
					<TextLine ID="P7_TL00030" HPOS="275" VPOS="3216" WIDTH="438" HEIGHT="79">
						<String ID="P7_ST00265" HPOS="275" VPOS="3227" WIDTH="115" HEIGHT="47" CONTENT="tum" WC="0.97" CC="700"/>
						<SP ID="P7_SP00237" HPOS="390" VPOS="3274" WIDTH="41"/>
						<String ID="P7_ST00266" HPOS="431" VPOS="3216" WIDTH="282" HEIGHT="79" CONTENT="begriffen." WC="0.99" CC="7606011063"/>
					</TextLine>
				</TextBlock>
			</PrintSpace>
		</Page>
	</Layout>
</alto>
