3154 4572
880 472 138 49 Max
1046 472 123 50 Sde
1170 474 76 48 Cer
1268 499 9 11 *
1295 475 156 50 Ließe
1484 480 118 46 und
1620 478 315 53 Erkenntnis

2426 489 124 48 1009

282 665 113 66 und
436 660 283 81 spezifisch
762 663 444 77 augustinisdier
1239 658 395 80 Traditionen,
1675 677 55 52 in
1766 668 186 64 denen
1988 671 185 63 dieser
2209 674 339 67 Grundsatz

282 774 69 51 im
393 757 369 78 allgemeinen
813 756 376 78 festgehalten
1240 767 90 63 ist,
1381 759 98 62 hat
1527 764 107 59 sich
1678 762 90 64 die
1810 789 123 55 sog.
1983 767 331 64 »christliche
2354 771 194 64 Philo»

281 853 227 81 sophie«
555 850 278 62 durchaus
886 851 130 61 dem
1065 855 363 75 griechischen
1468 851 207 85 Typus
1728 861 450 78 angeschlossen.
2232 865 313 65 Hierdurch

281 967 296 60 entsprang
602 944 93 61 die
720 954 195 52 innere
947 945 487 66 Disharmonie
1460 953 297 62 zwischem
1783 954 130 62 dem
1947 957 303 78 religiösen
2267 959 281 65 Bewußt»

278 1053 115 54 sein
435 1039 118 62 und
595 1039 100 61 der
736 1048 100 52 mit
875 1039 115 62 ihm
1032 1041 372 81 verknüpften
1447 1044 439 68 Weltweisheit,
1940 1051 307 63 Während
2288 1079 49 38 z,
2382 1056 63 62 B,
2491 1067 56 52 in

280 1138 104 61 den
432 1135 357 77 tiefsinnigen
839 1135 227 62 Bildern
1126 1136 101 63 des
1279 1138 277 64 frommen
1608 1141 304 66 Glaubens
1971 1146 92 62 die
2121 1157 55 52 in
2225 1148 178 64 Liehe
2453 1176 94 39 er»

277 1228 314 83 glühenden
626 1227 300 80 Seraphim
969 1239 55 52 in
1067 1230 102 62 der
1208 1231 429 66 hierarchischen
1672 1236 170 64 Schar
1884 1239 100 63 der
2016 1241 190 79 Engel
2251 1244 141 62 über
2434 1246 110 63 den

277 1322 389 67 erkennenden
710 1322 319 63 Cherubim
1070 1350 75 36 zu
1185 1326 206 63 Füßen
1437 1328 208 64 Gottes
1688 1333 197 62 stehen
1938 1335 149 69 <a!so
2139 1338 100 61 der
2283 1338 262 66 Gottheit

277 1420 212 70 näher),
532 1418 91 61 die
657 1418 197 80 Spitze
896 1419 136 62 aller
1063 1420 191 80 Engel
1296 1422 137 63 aber
1465 1424 197 62 Maria
1695 1427 191 72 bildet,
1922 1430 90 63 die
2044 1456 148 54 ganz
2225 1458 110 38 nur
2366 1437 177 63 Liebe

276 1526 69 50 ist
491 1512 235 62 werden
767 1537 119 37 von
920 1509 260 69 Thomas
1214 1517 270 79 Aquinas
1527 1518 93 62 die
1659 1523 363 75 griechischen
2055 1528 484 81 Bestimmungen,

277 1609 106 61 daß
414 1607 174 62 Liebe
621 1632 77 37 zu
733 1617 184 52 einem
954 1608 414 80 Gegenstände
1402 1613 346 64 Erkenntnis
1785 1617 100 62 des
1922 1618 442 80 Gegenstandes
2398 1651 144 37 vor»

276 1720 278 52 aussetze,
597 1702 112 61 daß
751 1712 75 51 im
869 1703 312 64 Ontischen
1226 1706 137 62 aber
1405 1707 91 63 die
1537 1707 210 65 Werte
1786 1711 367 66 Funktionen
2196 1717 102 61 der
2340 1719 200 63 Seins»

275 1796 495 62 Vollkommenheit
811 1808 156 53 seien
1001 1809 238 61 <»omne
1281 1825 100 38 ens
1425 1822 88 43 est
1552 1805 303 75 bonum«),
1899 1808 109 62 daß
2041 1810 176 64 Liebe
2257 1813 127 62 kein
2418 1817 121 60 eie»

275 1908 273 44 mentarer
599 1890 311 64 Grundakt
959 1894 101 62 des
1113 1895 255 73 Geistes,
1420 1898 250 63 sondern
1729 1926 108 37 nur
1886 1912 125 53 eine
2060 1904 479 84 Sondertätigkeit

276 1985 94 63 des
419 1985 340 63 strebenden
809 1988 120 62 und
978 1990 325 63 wollenden
1354 1988 654 88 Tätigkeitsvermögens
2068 1998 99 64 der
2219 2002 168 63 Seele
2435 2015 102 61 sei,

276 2078 378 79 festgehalten.
700 2082 361 79 Demgemäß
1104 2084 234 63 erkennt
1371 2082 258 69 Thomas
1663 2090 268 77 Aquinas
1971 2116 108 38 nur
2111 2105 146 52 zwei
2291 2096 247 65 Grund»

272 2173 169 63 kräfte
483 2175 99 61 der
616 2176 168 62 Seele
826 2203 98 36 an:
971 2178 91 63 die
1101 2190 88 52 vis
1225 2191 310 70 appetitiva
1569 2184 119 62 und
1720 2195 86 52 vis
1842 2187 341 64 intellectiva
2217 2190 100 62 der
2349 2191 186 74 Seele,

272 2269 200 62 welche
520 2269 165 63 beide
736 2272 216 63 wieder
1001 2284 55 51 in
1105 2284 90 52 ein
1250 2275 318 65 »höheres«
1631 2279 118 62 und
1810 2281 410 80 »niedrigeres«
2272 2281 265 69 Teilver»

273 2370 199 70 mögen
520 2365 300 74 zerfallen,-
869 2366 90 63 die
1009 2385 150 45 erste
1212 2379 51 52 in
1316 2370 104 62 das
1462 2371 493 82 Konkupiszibile,
2007 2377 103 62 das
2159 2389 197 69 passiv
2401 2406 134 38 rea»

271 2458 258 75 gierende
569 2460 262 63 sinnliche
872 2463 293 77 Begehren
1208 2467 135 59 nach
1386 2465 230 74 Etwas,
1668 2469 118 61 und
1828 2469 104 63 das
1975 2472 154 62 aktiv
2167 2477 367 76 reagierende

272 2552 315 72 irraszibile,
632 2556 102 61 das
771 2557 438 63 Widerstreben
1251 2584 181 55 gegen
1476 2562 292 63 drohende
1805 2565 354 81 Schädigung
2192 2568 101 63 des
2327 2570 206 63 Leibes

272 2645 78 59 als
394 2664 325 57 »unteres«,
761 2660 55 52 in
860 2651 104 62 das
1006 2655 529 77 vernunftgeleitete
1576 2657 242 62 Wollen
1869 2660 195 70 <velle>
2114 2661 82 62 als
2251 2664 278 63 »oberes«

271 2737 339 83 Vermögen,
638 2745 192 62 wobei
858 2746 91 62 die
983 2750 416 77 ursprüngliche
1423 2750 274 80 Richtung
1722 2752 102 63 des
1851 2754 297 63 Letzteren
2183 2756 103 63 das
2313 2758 218 63 bonum

271 2840 66 52 Lt
375 2862 76 24 =
491 2860 101 40 ens
635 2849 164 62 entis,
844 2843 103 61 das
991 2843 136 61 Sein
1170 2853 56 52 in
1267 2844 186 77 jedem
1496 2846 305 74 Seienden,
1851 2852 528 67 (»omniavolumus
2422 2855 111 61 sub

271 2939 184 66 specie
496 2930 223 78 boni«),-
759 2937 91 61 die
891 2946 87 53 vis
1021 2938 346 63 intellectiva
1415 2940 139 63 aber
1602 2943 218 61 zerfällt
1867 2953 55 52 in
1965 2944 103 62 das
2111 2947 259 62 sinnliche
2411 2948 123 62 Er»

270 3018 562 90 kenntnisvermögen
877 3031 100 62 der
1019 3031 503 82 Wahrnehmung,
1573 3034 129 63 dem
1745 3038 209 61 ontisch
1997 3038 90 62 die
2128 3050 223 68 species
2394 3066 139 38 sen»

270 3114 177 65 sibiles
492 3122 118 61 und
653 3133 55 51 in
752 3125 103 62 das
898 3127 356 79 vernünftige
1287 3128 678 82 Erkenntnisvermögen,
2008 3132 130 62 dem
2181 3135 91 62 die
2305 3147 225 68 species

270 3212 354 79 intelligibiles
668 3227 55 53 in
766 3219 111 63 den
921 3221 215 62 Sachen
1188 3225 376 77 entsprechen.
1617 3225 163 79 Jeder
1820 3222 281 83 Tätigkeit
2149 3229 101 62 des
2294 3230 237 64 Strebe»

268 3318 332 69 Vermögens
652 3314 138 62 aber
839 3316 137 61 muß
1025 3318 136 61 nach
1212 3314 260 67 Thomas
1523 3329 125 53 eine
1697 3318 283 82 Tätigkeit
2029 3323 101 62 des
2173 3325 356 65 Verstandes

268 3399 414 82 vorhergehen,-
723 3409 100 61 der
854 3410 242 79 Regung
1140 3412 100 62 der
1272 3413 274 76 Begierde
1589 3414 89 62 die
1714 3414 356 80 Gegenwart
2111 3428 154 52 einer
2304 3431 224 70 species

268 3495 267 65 sensibilis
578 3509 55 54 in
676 3502 102 62 der
811 3504 682 83 Sinneswahrnehmung,
1536 3508 128 62 dem
1698 3509 238 63 Wollen
1979 3511 137 62 aber
2157 3522 90 53 ein
2280 3514 127 64 Akt
2440 3526 90 52 in»

268 3595 328 60 tentionaler
628 3597 369 74 Erkenntnis,
1040 3610 55 52 in
1138 3601 131 62 dem
1312 3602 104 62 das
1458 3605 337 77 begriffliche
1830 3606 225 62 Wesen
2091 3607 100 62 der
2224 3610 177 62 Sache
2436 3635 94 38 er»

270 3676 110 65 faßt
419 3694 84 54 ist.
548 3690 175 63 Liebe
766 3694 120 61 und
917 3695 157 70 Haß,
1115 3705 186 53 sowie
1343 3697 91 63 die
1475 3716 254 60 gesamte
1766 3699 390 64 Gefühlswelt
2187 3704 197 62 stellen
2420 3709 108 59 sich

268 3793 157 45 unter
474 3781 184 66 dieser
708 3788 374 80 Auffassung
1133 3815 108 37 nur
1291 3793 84 62 als
1427 3794 477 63 Modifikationen
1964 3796 100 63 des
2115 3799 414 65 strebenden

267 3862 540 97 Seelenvermögens
867 3883 116 62 dar.
1046 3885 134 61 Daß
1239 3894 55 54 in
1353 3887 215 63 diesem
1625 3889 598 66 intellektualistischen
2281 3897 248 77 psycho»

266 3956 269 83 logischen
569 3973 235 80 System
847 3978 101 61 der
980 3978 175 64 Liebe
1197 4003 108 40 nur
1347 3992 125 52 eine
1512 4007 148 55 ganz
1702 3986 475 77 untergeordnete
2211 3988 174 64 Stelle
2418 4016 111 37 zu»
