3148 4572
935 1186 190 73 DIE
1179 1174 736 85 GEGENWART

1103 1025 272 75 Otokar
1417 1025 317 71 Březina

1023 1343 334 58 (Geschrieben
1390 1348 64 43 im
1486 1340 133 64 Jahre
1656 1339 157 53 1908.)

301 1506 270 174 DAS
614 1505 196 62 Leben
863 1501 105 61 auf
1003 1499 197 63 Erden
1244 1506 69 54 ist
1354 1496 141 61 nicht
1535 1494 314 68 entkräftet,
1898 1499 111 53 wie
2051 1490 89 61 die
2183 1487 145 61 allzu
2368 1486 187 61 Matt*

480 1599 381 83 gewordenen
904 1611 164 45 unter
1110 1617 106 38 uns
1258 1599 342 55 vermeinen.
1644 1588 136 62 Alle
1816 1585 201 64 Größe
2058 1584 98 61 der
2174 1581 382 79 Vergangen*

303 1706 108 61 heit
452 1697 118 65 und
611 1692 259 65 Zukunft
909 1692 132 76 liegt
1082 1697 54 52 in
1177 1688 102 60 der
1321 1686 354 77 Gegenwart
1714 1680 336 78 verborgen,
2091 1694 135 45 stets
2268 1675 189 71 bereit,
2500 1683 55 52 in

305 1795 294 66 Schönheit
648 1814 73 38 zu
763 1786 272 63 erlodern.
1088 1783 80 61 Im
1211 1782 190 60 Feuer
1449 1779 152 77 jeder
1643 1799 230 39 unserer
1915 1772 302 63 Sekunden
2268 1769 288 78 begegnen

306 1891 100 64 sich
442 1891 90 59 die
564 1886 241 79 gleichen
841 1881 219 70 Kräfte,
1095 1879 205 61 welche
1335 1876 90 61 die
1459 1873 300 63 Millionen
1793 1871 235 61 Sonnen
2072 1867 98 61 der
2202 1863 358 64 Milchstraße

308 1984 248 70 entfacht,
602 1979 106 62 auf
741 1979 364 74 Lichtwogen
1157 1974 89 59 die
1289 1970 141 62 Saat
1472 1969 98 59 des
1611 1966 226 62 Lebens
1881 1988 115 37 von
2042 1961 231 65 Gestirn
2316 1983 73 37 zu
2431 1957 130 63 Ge*

308 2089 130 54 stirn
472 2075 240 80 gewälzt
747 2073 201 70 haben,
985 2069 118 62 und
1129 2089 204 40 unsere
1360 2064 243 62 Ozeane
1637 2060 315 62 erschüttert
1977 2058 103 59 das
2107 2055 199 79 gleiche
2332 2063 232 50 mütter*

310 2174 125 61 liehe
477 2169 268 64 Erbeben
796 2174 112 54 wie
957 2163 247 70 damals,
1256 2159 80 61 als
1385 2167 80 53 sie
1509 2166 54 52 in
1614 2157 155 59 ihren
1811 2149 203 64 Tiefen
2065 2150 90 60 die
2197 2148 367 76 Schwanger*

313 2268 163 61 schalt
532 2274 100 52 mit
688 2285 186 39 neuen
924 2258 215 63 Wesen
1199 2265 351 68 verspürten.
1610 2248 186 62 Leicht
1855 2256 109 52 wie
2023 2253 88 52 ein
2169 2242 166 62 süßer
2382 2238 184 63 Wind

311 2362 367 61 durchströmt
735 2357 90 61 die
874 2370 251 65 gesamte
1177 2348 326 80 Schöpfung
1562 2343 253 64 derselbe
1863 2341 228 71 Hauch,
2151 2338 99 61 der
2299 2337 90 61 die
2437 2359 131 38 ver*

315 2455 306 62 schollenen
672 2453 424 77 Vegetationen
1156 2446 97 60 der
1309 2440 334 65 Tertiärzeit
1699 2439 286 76 bewegte,
2052 2432 297 78 unzählige
2405 2425 167 64 Tier*

317 2550 352 78 geschlechter
726 2544 272 64 erweckte
1056 2541 119 61 und
1232 2548 78 53 sie
1371 2538 82 61 als
1510 2535 131 62 Vor
1646 2533 123 62 trab
1836 2533 99 59 des
1998 2529 229 62 Geistes
2293 2549 103 37 aus
2462 2522 108 61 den

319 2668 247 37 warmen
609 2641 346 63 Urwäldern
1007 2638 100 61 des
1149 2634 302 76 Frühlings
1495 2630 99 63 der
1634 2630 235 61 Vorzeit
1919 2623 311 63 entsandte.
2276 2620 298 61 Ununter*

320 2738 232 63 brochen
595 2738 249 61 arbeiten
889 2735 90 60 die
1018 2732 240 80 gleichen
1294 2727 217 72 Kräfte,
1549 2724 164 63 durch
1747 2722 89 61 die
1872 2721 89 61 die
1995 2717 278 81 Sprachen
2315 2713 259 80 geformt,

324 2834 85 59 die
449 2834 300 61 Nationen
801 2837 332 70 organisiert
1182 2823 268 70 wurden,
1502 2821 118 61 und
1661 2816 274 65 während
1976 2822 103 53 wir
2119 2821 284 60 träumen,
2445 2831 132 38 ver*

326 2928 192 61 ändert
574 2926 107 63 sich
740 2925 165 61 durch
956 2924 90 59 die
1095 2921 412 74 Anstrengung
1566 2938 117 37 von
1733 2910 300 62 Millionen
2091 2906 89 61 die
2231 2902 173 62 Erde.
2465 2902 114 60 Die

326 3020 154 73 Luft,
523 3022 205 61 welche
769 3029 105 52 wir
915 3034 216 52 atmen,
1183 3015 97 60 hat
1322 3014 89 60 die
1453 3009 200 80 gleiche
1693 3001 457 84 geheimnisvolle
2191 2999 389 62 Zusammen*

329 3132 230 62 Setzung
592 3124 109 52 wie
735 3116 98 59 der
860 3109 421 80 Gebirgswind,
1317 3117 54 52 in
1408 3108 130 58 dem
1571 3104 104 61 sich
1703 3102 90 61 die
1817 3096 365 64 Riesenbrust
2213 3095 99 60 der
2337 3090 245 71 Helden,

330 3208 314 79 Propheten
677 3210 118 60 und
827 3206 325 63 Liebenden
1194 3203 223 62 wölbte.
1463 3198 193 64 Gleich
1690 3193 308 65 schrecklich
2033 3199 69 52 ist
2136 3189 166 61 heute
2335 3196 111 52 wie
2478 3208 106 38 vor

330 3300 212 66 Äonen
576 3306 91 60 die
691 3303 194 61 Kunst
918 3305 99 58 der
1044 3301 315 62 Gewässer
1390 3295 120 62 und
1543 3293 98 61 der
1667 3291 212 70 Sonne,
1916 3287 99 60 der
2051 3282 329 65 formenden
2408 3279 178 73 Erde,

333 3396 208 62 ebenso
592 3397 232 79 giervoll
875 3397 103 60 das
1021 3395 195 61 Leben
1271 3392 98 60 der
1410 3386 265 65 Kristalle
1724 3382 119 62 und
1883 3378 266 72 Metalle,
2199 3377 211 60 ebenso
2453 3373 135 61 har*

335 3493 240 61 monisch
626 3493 98 61 der
764 3493 352 76 Rhythmus,
1168 3484 297 65 donnernd
1516 3493 55 52 in
1614 3481 108 61 den
1764 3476 394 64 Werkstätten
2211 3471 98 61 des
2359 3469 230 72 Stoffes,

336 3584 87 61 die
456 3587 259 78 Sonntag
750 3588 117 60 und
899 3585 281 61 Ruhezeit
1220 3582 141 62 nicht
1396 3580 236 61 kennen.
1677 3574 157 62 Saite
1868 3596 96 36 um
1998 3569 154 62 Saite
2185 3568 135 61 birst
2354 3588 72 38 an
2461 3563 131 62 dem

336 3679 493 75 geheimnisvollen
856 3682 357 67 Instrument,
1252 3676 104 62 auf
1384 3676 130 59 dem
1550 3672 101 61 das
1684 3668 193 62 Leben
1911 3673 118 53 sein
2064 3662 143 63 Lied
2240 3660 98 61 der
2362 3658 234 62 Wonne

339 3773 115 59 und
503 3773 134 63 Pein
696 3775 324 76 unzähliger
1070 3772 224 61 Wiesen
1356 3767 184 81 spielt,
1594 3764 134 63 aber
1778 3762 89 61 die
1916 3754 432 66 verbleibenden
2400 3751 196 63 Saiten

340 3865 380 65 übernehmen
772 3870 104 60 das
917 3884 254 62 gesamte
1211 3864 397 62 Vermächtnis
1658 3858 99 61 der
1797 3855 373 80 geborstenen
2215 3848 221 71 Saiten,
2486 3846 112 62 den

339 3982 218 52 ganzen
584 3963 260 78 Umfang
877 3963 145 61 ihrer
1046 3960 313 70 Intervalle,
1387 3956 119 62 und
1539 3965 196 51 immer
1768 3969 360 58 verwegener
2163 3944 118 62 und
2312 3942 290 71 schwerer.
