3490 4572
1577 444 137 48 Max
1742 439 198 52 Scßefer
1962 463 10 11 •
1991 438 156 49 Ließe
2181 438 118 49 und
2317 434 315 52 Erkenntnis

964 447 126 50 1006

966 639 261 62 Weisheit
1268 662 74 37 an
1385 635 91 61 die
1503 633 165 63 Welt
1701 630 204 78 erfolgt
1938 628 169 62 durch
2144 626 273 64 Christus
2462 635 94 60 <so
2599 634 113 52 wie
2755 623 122 63 dies
2911 648 47 37 z.
2985 624 63 61 B,
3087 624 165 66 durch

963 733 269 71 Buddha,
1277 732 110 61 den
1429 729 216 79 großen
1692 724 309 70 »Lehrer«,
2044 722 169 62 durch
2255 720 203 63 Platon
2510 744 145 37 usw.
2698 718 259 80 geschah,
3001 718 143 63 oder
3184 746 66 39 so

966 838 113 52 wie
1115 828 147 62 Gott
1298 836 129 52 »in«
1463 824 211 61 Moses
1710 818 120 64 und
1863 828 197 52 seinen
2093 817 324 80 Propheten
2450 816 197 61 redete
2683 813 120 62 und
2831 813 261 64 Gesetze
3123 817 129 77 gah,

963 926 142 61 auch
1156 924 142 60 nicht
1348 930 126 53 eine
1514 916 361 77 Mitteilung,
1933 915 177 61 deren
2159 912 225 62 Inhalt
2441 936 108 37 nur
2608 911 91 61 die
2756 910 285 62 Existenz
3099 920 153 57 eines

966 1019 299 65 liebenden
1293 1016 118 64 und
1444 1012 282 82 gnädigen
1756 1011 210 62 Gottes
1994 1020 184 51 wäre;
2217 1009 268 62 Sondern
2511 1007 338 63 allerneuer

964 1114 192 81 gehalt
1189 1113 144 62 über
1367 1110 145 62 Gott
1545 1118 71 52 ist
1651 1106 169 61 durch
1866 1105 91 62 die
1990 1104 295 62 Liebestat
2327 1113 188 53 seines
2561 1101 597 64 Selbsterscheinens
3201 1114 52 53 in

968 1211 240 63 Christo
1251 1209 84 60 als
1378 1230 118 38 von
1540 1203 180 62 ihrem
1763 1202 447 78 schöpferischen
2256 1198 216 65 Grund
2520 1216 290 61 getragen.
2854 1197 254 63 Vorbild
3158 1199 96 64 der

969 1305 418 76 »Nachfolge«,
1437 1299 216 64 Lehrer
1703 1298 122 62 und
1869 1296 402 80 Gesetzgeber
2322 1306 72 52 ist
2443 1294 179 63 daher
2665 1293 274 64 Christus
2994 1318 109 37 nur
3151 1296 68 61 ab-

962 1402 289 79 geleiteter
1268 1398 199 63 Weise
1502 1395 121 62 und
1656 1419 108 37 nur
1799 1393 213 79 infolge
2046 1402 188 52 seiner
2260 1391 235 62 Würde
2529 1391 84 62 als
2650 1390 330 71 Erlöser,
3015 1390 50 62 d.
3093 1388 52 64 h,
3175 1392 80 62 als

964 1494 304 84 personale
1326 1491 121 62 und
1504 1489 540 80 fleischgewordene
2097 1487 238 63 Gestalt
2387 1486 211 62 Gottes
2656 1486 179 62 selbst
2892 1485 122 62 und
3071 1495 184 53 seines

962 1592 206 62 Liebes
1174 1589 237 62 willens.
1457 1585 168 64 Über
1668 1585 91 62 die
1794 1585 306 80 personale
2135 1583 235 63 Gestalt
2402 1583 207 62 hinaus
2646 1581 118 79 gibt
2798 1606 62 38 es
2896 1581 135 61 nach
3067 1580 190 64 früher

964 1687 120 62 und
1126 1683 444 65 echtchristlicher
1609 1683 403 77 Anschauung
2053 1679 264 62 keinerlei
2365 1678 230 72 »Idee«,
2636 1678 265 62 keinerlei
2939 1675 318 74 »Gesetz«,

963 1782 265 62 keinerlei
1265 1779 388 70 »Sachwert«,
1687 1777 268 62 keinerlei
1993 1776 390 71 »Vernunft«,
2426 1799 75 36 an
2537 1774 101 63 der
2672 1783 84 52 sie
2791 1772 179 63 selbst
3003 1773 139 61 noch
3186 1797 71 37 zu

964 1901 229 39 messen
1236 1886 160 51 wäre
1439 1873 145 64 oder
1625 1882 101 52 mit
1770 1872 101 62 der
1913 1881 111 62 sie,
2068 1896 99 36 um
2209 1871 84 62 als
2341 1870 240 78 »heilig«
2637 1868 319 63 erkennbar
2998 1893 75 36 zu
3116 1877 138 63 sein,

962 1973 315 80 irgendwie
1320 1973 584 60 übereinzustimmen
1949 1967 165 63 hätte,
2167 1966 276 62 Christus
2491 1965 170 62 »hat«
2717 1966 142 61 nicht
2909 1965 91 62 die
3043 1962 214 64 Wahr*

966 2069 132 71 heit,
1126 2092 61 38 er
1217 2077 159 52 »ist«
1408 2075 101 63 sie,
1537 2064 122 62 und
1692 2088 161 38 zwar
1886 2073 56 52 in
1978 2072 186 53 seiner
2198 2061 194 63 vollen
2427 2060 414 73 Konkretheit,-
2873 2060 140 61 aber
3047 2056 211 64 Äuße*

962 2188 250 55 rungen,
1255 2163 229 72 Reden,
1526 2159 395 80 Handlungen
1963 2159 189 79 gelten
2195 2159 83 60 als
2321 2157 190 72 wahr,
2562 2157 194 78 heilig,
2799 2173 131 62 gut,
2981 2154 132 62 weil
3156 2155 102 70 Er,

964 2270 137 52 weit
1136 2258 275 64 Christus
1447 2281 62 38 es
1554 2266 91 61 ist,
1679 2280 108 37 aus
1832 2254 132 63 dem
2007 2263 83 52 sie
2131 2253 220 64 fließen.
2397 2253 174 61 Eben
2608 2252 204 61 darum
2846 2261 73 53 ist
2953 2252 139 61 auch
3127 2249 133 63 aller

967 2355 239 62 Glaube
1264 2379 74 37 an
1400 2352 112 62 den
1570 2351 184 62 Inhalt
1813 2361 188 52 seiner
2050 2350 391 70 Botschaften,
2491 2359 57 67 ja
2598 2347 104 61 der
2754 2346 239 63 Glaube
3043 2370 75 38 an
3169 2345 90 62 ihn

964 2451 181 63 selbst
1187 2450 85 62 als
1320 2449 317 62 »Erlöser«
1684 2446 120 62 und
1851 2446 326 62 »Heiland«
2233 2445 252 62 fundiert
2535 2445 121 62 und
2706 2442 308 82 gebunden
3057 2467 75 38 an
3174 2442 88 61 die

964 2544 478 80 vorhergehende
1479 2543 439 80 Gegenliebe
1951 2567 76 37 zu
2072 2552 188 52 seiner
2302 2540 110 62 auf
2445 2540 174 80 Jeden
2653 2539 375 62 abzielenden
3071 2538 192 71 Liebe,

967 2651 57 53 in
1076 2641 175 62 deren
1293 2639 264 64 Verlauf
1599 2638 122 62 und
1771 2638 221 62 Prozeß
2044 2655 117 44 erst
2210 2637 106 62 das
2366 2635 155 63 volle
2563 2635 127 63 Bild
2740 2644 188 54 seiner
2975 2634 288 79 göttlichen

969 2738 303 70 Existenz,
1293 2737 92 61 die
1405 2733 385 82 Gegenstand
1817 2733 101 62 des
1942 2733 306 62 Glaubens
2270 2742 89 62 ist,
2385 2733 299 79 gleichsam
2703 2755 109 38 vor
2838 2731 130 62 dem
2995 2740 269 69 geistigen

967 2834 185 78 Auge
1195 2832 337 63 aufwächst.
1576 2831 178 62 Nicht
1800 2830 212 62 »Alle«
2059 2829 182 62 sahen
2284 2829 123 71 ihn,
2459 2829 83 62 als
2596 2851 61 38 er
2706 2826 415 62 auferstehend
3169 2835 97 52 mit

971 2928 363 80 Magdalena
1383 2928 214 78 sprach.
1651 2925 413 79 Magdalena's
2115 2925 178 61 Liebe
2344 2924 106 62 sah
2493 2924 94 62 ihn
2631 2940 226 56 zuerst,-
2906 2931 183 70 einige
3131 2921 136 62 aber

968 3025 184 63 sahen
1188 3024 96 62 ihn
1319 3025 160 71 nicht,
1523 3022 76 63 da
1645 3022 187 63 »Gott
1872 3022 171 62 ihnen
2078 3020 92 63 die
2200 3020 224 79 Augen
2449 3020 249 63 verhüllt
2732 3022 203 61 hatte.«
2981 3019 144 62 Nur
3159 3016 108 63 den

972 3119 337 64 Liebenden
1342 3143 200 39 waren
1578 3118 91 62 die
1703 3119 223 78 Augen
1961 3117 466 79 aufgeschlossen
2573 3126 56 52 in
2674 3116 132 62 dem
2840 3116 187 62 Maße
3061 3114 84 62 als
3188 3122 80 53 sie

971 3216 230 62 liebten.
1239 3215 148 63 Und
1428 3225 114 52 wie
1585 3215 93 61 die
1719 3215 218 61 Person
1974 3212 240 72 Christi,
2258 3213 144 60 nicht
2434 3212 139 62 aber
2615 3222 129 52 eine
2780 3212 232 71 »Idee«,
3055 3236 73 36 an
3172 3210 97 60 der

973 3312 160 63 diese
1150 3312 218 61 Person
1387 3328 117 44 erst
1529 3335 77 37 zu
1632 3333 231 38 messen
1890 3319 179 61 wäre,
2091 3307 101 63 der
2219 3325 183 46 erste
2418 3307 267 79 religiöse
2703 3302 566 84 Liebesgegenstand

974 3417 92 60 ist,
1108 3430 70 39 so
1221 3417 71 52 ist
1334 3406 138 61 auch
1524 3405 103 62 der
1668 3404 508 80 Ausgangspunkt
2225 3403 103 62 der
2369 3404 469 61 Liebesemotion
2890 3413 127 52 eine
3060 3401 208 63 ontisdi

974 3503 157 62 reale
1171 3504 239 70 Person,
1455 3502 91 62 die
1587 3502 219 62 Person
1852 3500 229 63 Gottes,
2128 3500 116 63 Die
2286 3499 439 62 Existenzform
2768 3499 103 62 der
2902 3500 218 61 Person
3163 3497 109 62 löst

966 3599 122 61 •sich
1131 3599 143 61 nicht
1315 3607 57 53 in
1408 3597 111 63 den
1546 3597 215 62 Fluten
1796 3597 103 62 der
1924 3596 180 62 Liebe
2234 3606 113 52 wie
2382 3596 91 62 bei
2500 3596 204 61 Indern
2741 3594 119 63 und
2888 3594 282 64 Griechen

980 3693 133 73 auf,-
1154 3693 120 61 hier
1315 3692 147 62 wird
1503 3692 193 62 keines
1733 3716 91 56 og,
1866 3691 492 80 »metaphysische
2383 3691 386 79 Nichtigkeit«
2819 3691 101 62 der
2960 3691 218 61 Person
3220 3696 53 52 in

983 3789 102 61 der
1108 3790 471 61 Liebesemotion
1602 3789 383 63 durchschaut.
2021 3787 305 64 Vielmehr
2360 3787 136 63 hebt
2529 3789 109 61 sich
2674 3789 139 59 auch
2850 3796 75 52 im
2958 3785 315 63 Menschen

985 3883 91 62 die
1117 3884 217 62 Person
1386 3893 56 53 in
1491 3884 102 61 der
1645 3884 363 62 Gottesliebe
2059 3893 201 52 immer
2308 3893 187 52 reiner
2543 3908 109 37 aus
2704 3883 113 62 den
2867 3881 207 63 trüben
3117 3879 159 63 Ver*

983 4002 366 55 mengungen
1399 3988 101 52 mit
1557 3978 160 72 dem,
1777 3978 120 62 ihre
1947 3978 238 62 Einheit
2236 3988 55 52 in
2342 3988 127 52 eine
2520 3979 249 61 zeitliche
2811 3973 465 84 Vorgangsreihe
