3451 4572
968 410 93 48 998

1578 411 136 49 Max
1910 410 56 49 Scßefer
1967 434 41 11 •
2009 411 134 49 Ließe
2312 410 314 50 Erkenntnis

967 601 296 79 gleichsam
1306 601 104 62 das
1452 602 236 79 Apriori
1730 600 169 61 aller
1941 601 406 78 europäischen
2382 600 260 79 Religion
2687 601 120 61 und
2849 602 389 79 Spekulation.

964 696 60 79 Je
1065 698 204 59 reicher
1311 696 118 61 und
1470 705 363 69 gesteigerter
1875 694 104 62 das
2024 694 135 62 Sein
2203 694 83 62 als
2326 694 382 80 Gegenstand
2751 696 102 63 der
2894 698 349 71 Erkenntnis

966 800 71 51 ist
1093 790 116 69 <die
1265 790 134 61 Idee
1457 790 100 61 der
1610 788 619 78 »Steigerungsgrade«
2293 789 101 62 des
2449 789 166 62 Seins
2678 799 72 54 ist
2807 800 90 53 ein
2957 797 279 76 spezifisch

963 887 352 76 griechischer
1366 884 307 71 Gedanke)
1723 886 165 59 desto
1938 884 296 61 absoluter
2285 886 118 61 und
2454 894 184 54 reiner
2688 896 71 52 ist
2808 888 139 60 auch
2991 889 90 63 die
3122 891 75 63 Er-

944 981 296 61 kenntnis,
1283 978 297 62 Absolute
1615 978 350 61 Erkenntnis
2001 987 71 52 ist
2106 978 205 62 darum
2345 980 350 63 Erkenntnis
2732 980 145 63 eben
2914 982 101 62 des
3052 1007 186 51 ovxcog

966 1071 86 66 bV.
1112 1075 115 61 Die
1283 1084 281 70 positiven
1616 1074 198 60 Werte
1874 1074 100 60 der
2032 1075 271 62 seienden
2365 1076 193 79 Dinge
2615 1076 130 62 sind
2803 1077 212 63 hierbei
3073 1081 163 65 bloße

961 1169 364 62 Funktionen
1368 1169 99 61 der
1508 1178 55 52 in
1606 1167 170 63 ihnen
1819 1178 367 53 investierten
2229 1170 329 74 Seinsfülle,
2603 1195 283 56 wogegen
2929 1173 92 62 die
3062 1199 177 56 nega*

961 1273 152 52 tiven
1140 1264 196 61 Werte
1373 1264 280 70 »Böses«,
1683 1261 250 74 »Übel«,
1966 1265 378 61 »Häßliches«
2375 1291 146 37 usw.
2553 1277 75 51 im
2664 1268 307 62 äußersten
3000 1269 238 80 Gegen=

959 1374 123 45 satz
1113 1382 133 37 zum
1279 1357 389 62 Buddhismus
1815 1359 111 61 auf
1960 1359 414 79 Seinsmangel,
2417 1362 111 61 auf
2563 1362 103 61 das
2702 1386 77 53 [if]
2923 1364 119 61 und
3083 1376 151 54 seine

957 1453 388 78 Beimischung
1394 1453 439 79 zurückgeführt
1875 1455 161 62 wird.
2091 1456 115 62 Die
2250 1456 210 62 Werte
2510 1457 190 62 bilden
2753 1458 120 61 hier
2924 1460 126 62 also
3099 1465 137 59 nicht

957 1557 87 52 ein
1088 1557 191 69 eigens
1323 1548 447 79 ursprüngliches
1811 1550 225 61 Bereich
2081 1574 117 38 von
2243 1551 300 62 fühlbaren
2589 1552 355 73 Qualitäten,
2999 1555 236 81 Analog

955 1642 195 61 hierzu
1201 1653 71 50 ist
1312 1644 138 61 auch
1494 1644 91 61 die
1627 1644 177 62 Liebe
1846 1644 339 78 {subjektiv)
2236 1656 127 53 eine
2413 1656 243 70 primäre
2699 1650 417 79 Hinwendung
3163 1678 75 37 zu

954 1747 182 52 einem
1163 1747 283 69 positiven
1465 1738 194 71 Wert,
1687 1739 53 61 d,
1771 1739 52 63 h.
1853 1764 77 36 zu
1958 1749 153 52 einer
2138 1740 377 80 Seinsgestalt
2542 1753 155 51 einer
2721 1754 289 68 gewissen
3038 1745 160 64 Seins-

954 1832 164 73 fülle/
1159 1842 81 52 sie
1282 1842 71 53 ist
1394 1834 142 60 nicht
1578 1834 419 79 ursprüngliche
2039 1836 401 81 Abwendung
2481 1862 119 37 von
2646 1848 156 52 einer
2844 1839 243 65 solchen.
3140 1842 93 62 Sie

953 1936 71 52 ist
1074 1927 600 80 Seinsbemächtigung
1733 1938 54 52 in
1847 1929 102 63 der
1998 1931 371 73 Erkenntnis,
2427 1933 126 63 also
2605 1936 141 60 nicht
2797 1935 437 81 Seinserlösung

953 2031 110 53 wie
1104 2023 90 61 bei
1237 2023 112 63 den
1391 2025 222 61 Indern.
1668 2025 278 77 Objektiv
1997 2026 138 62 aber
2179 2027 119 61 und
2340 2030 82 61 als
2467 2029 343 63 kosmisches
2853 2031 207 79 Agens
3103 2056 131 39 ver=

952 2116 260 73 standen,
1263 2119 82 61 als
1399 2119 103 62 das
1554 2129 82 52 sie
1687 2121 170 60 schon
1909 2130 108 52 seit
2067 2121 100 62 des
2222 2123 395 80 Empedokles
2661 2125 191 62 Lehre
2901 2150 120 37 von
3062 2128 169 62 Liebe

952 2211 119 61 und
1112 2213 136 62 Haß
1291 2214 84 61 als
1419 2214 102 62 der
1561 2224 148 52 zwei
1751 2215 546 80 Bewegungskräfte
2349 2218 100 62 der
2499 2229 121 51 vier
2666 2220 379 63 »Elemente«
3098 2224 132 60 auch

949 2331 118 37 von
1110 2307 111 62 den
1267 2308 304 79 folgenden
1616 2310 274 61 Denkern
1944 2321 198 52 immer
2184 2314 450 61 mitverstanden
2678 2316 165 71 wird,
2895 2326 71 52 ist
3014 2326 83 53 sie
3146 2327 85 52 ein

949 2402 219 80 Prinzip
1202 2403 101 61 der
1336 2404 293 79 Zeugung
1663 2404 119 63 und
1817 2407 518 80 Hervorbringung
2369 2418 198 53 immer
2601 2434 179 38 neuer
2815 2411 120 61 und
2967 2413 267 61 reicherer

950 2498 464 79 Seinsgestalten,
1477 2501 100 62 Sie
1635 2511 72 52 ist
1874 2511 113 52 wie
2044 2502 202 62 Platon
2307 2514 75 50 im
2441 2505 356 80 Symposion
2857 2525 129 61 sagt
3145 2517 88 51 ein

952 2594 279 78 »Zeugen
1258 2604 75 52 im
1368 2595 297 62 Schönen«
1814 2605 90 52 ein
1937 2598 229 77 Begriff,
2201 2598 102 62 der
2335 2623 119 37 von
2488 2599 102 62 der
2622 2603 289 59 tierischen
2946 2601 285 79 Zeugung

948 2689 85 61 bis
1084 2714 104 37 zur
1236 2699 273 70 geistigen
1560 2691 371 80 Konzeption
1984 2691 102 63 des
2138 2693 409 81 Philosophen,
2599 2695 101 63 des
2754 2697 327 71 Künstlers,
3131 2698 100 61 des

949 2784 434 64 Staatsmannes
1436 2785 119 61 und
1597 2785 316 63 Feldherrn
1965 2797 127 52 eine
2143 2788 334 79 ungeheure
2528 2791 114 61 fein
2685 2791 320 78 abgestufte
3046 2793 187 61 Leiter

947 2905 116 37 von
1096 2881 442 78 Zeugensarten
1575 2882 120 61 und
1729 2882 507 80 Zeugungszielen
2271 2909 362 56 umspannen
2676 2888 234 61 möchte.
2957 2888 84 61 So
3084 2888 149 61 fließt

945 2999 137 37 vom
1117 2975 241 63 ältesten
1787 2977 117 62 und
1933 2979 280 60 Eroskult
2238 2979 87 62 bis
2351 3005 75 36 zu
2463 2980 110 62 den
2608 2990 329 70 geistigsten
2963 2984 225 61 Hervor-

945 3069 353 80 bringungen
1334 3071 102 62 des
1462 3071 203 62 Platon
1701 3072 121 61 und
1847 3072 352 64 Aristoteles
2236 3084 125 52 eine
2396 3076 138 60 noch
2571 3075 262 64 fühlbare
2866 3078 363 62 Kontinuität

947 3165 99 61 der
1063 3166 373 80 Konzeption
1463 3168 101 61 der
1580 3168 178 62 Liebe
1785 3169 84 61 als
1889 3178 155 53 eines
2064 3170 207 78 Agens
2300 3180 286 70 positiven
2605 3172 621 81 Schöpfungsdranges.

945 3260 125 61 Der
1103 3263 286 60 ontischen
1424 3262 371 63 Stufenleiter
1828 3287 118 38 von
1982 3264 522 80 Schöpfungsarten
2540 3269 298 78 entspricht
2872 3268 90 61 die
2990 3269 201 63 Stufen-

944 3356 177 72 leiter,
1156 3366 55 52 in
1246 3357 102 62 der
1382 3358 102 61 der
1512 3358 175 62 Geist
1710 3384 118 36 von
1864 3360 100 60 der
1989 3360 177 62 Liebe
2194 3386 75 36 zu
2297 3371 196 52 immer
2519 3373 375 69 gesteigerten
2923 3363 302 64 Gestalten

945 3451 120 61 und
1098 3451 254 62 Formen
1389 3453 101 61 der
1524 3453 167 63 Welt
1725 3455 393 78 fortgezogen,
2153 3457 108 60 sich
2297 3457 299 61 schließlich
2641 3459 112 61 den
2798 3459 270 72 »Ideen«,
3109 3457 117 64 und

944 3561 165 46 unter
1142 3546 168 62 ihnen
1345 3546 101 64 der
1479 3549 133 61 Idee
1646 3549 101 62 der
1780 3549 191 71 Ideen,
2007 3550 100 61 der
2133 3550 133 62 Idee
2293 3551 101 63 des
2424 3551 363 80 Schönguten
2814 3554 176 62 selbst
3014 3554 83 61 als
3126 3553 98 61 des

947 3662 190 47 ovrcoq
1173 3663 71 37 ov
1278 3641 361 80 bemächtigt,-
1672 3644 324 79 beginnend
2020 3645 91 61 bei
2147 3647 110 60 den
2292 3648 243 61 schönen
2570 3648 242 62 Pferden
2848 3649 141 61 über
3022 3649 203 62 schöne

943 3734 203 62 Leiber
1188 3737 100 62 der
1328 3738 293 79 Jünglinge
1664 3739 120 61 und
1825 3741 272 71 Knaben,
2149 3741 144 62 über
2333 3743 206 61 schöne
2582 3743 178 62 Sitten
2805 3744 120 63 und

943 3845 212 62 tungen
1198 3832 227 79 hinweg
1466 3857 104 37 zur
1611 3857 183 56 puren
1827 3833 133 62 Idee
2003 3836 102 61 des
2140 3836 259 62 Schönen
2444 3837 194 72 selbst,
2680 3862 118 39 von
2843 3840 174 61 deren
3061 3855 128 46 exta-

943 3926 195 60 tischer
1179 3926 184 62 Schau
1405 3927 260 62 Diotima
1709 3928 130 63 dem
1881 3930 468 63 aufhorchenden
2393 3932 273 64 Sokrates
2712 3934 230 62 erzählt.
