3465 4572
1553 429 267 51 Hermann
1853 424 191 51 Kesser
2066 447 8 11 •
2094 423 104 49 Die
2237 419 400 62 ‘Früßjaßrsreise

970 434 122 51 1036

969 627 245 62 dehnten
1247 625 106 62 sich
1388 623 123 71 hin,-
1553 619 286 64 Schlösser
1872 614 284 63 erzählten
2199 613 107 61 sich
2349 621 98 51 mit
2480 606 255 66 Türmen
2771 611 119 59 und
2931 613 298 69 zierlichem

971 717 484 71 Schnörkelwerk/
1487 715 108 62 auf
1618 713 250 77 rußigem
1894 707 407 80 Arheitsgefild
2335 705 292 80 dampften
2664 706 277 72 Kamine/
2982 708 247 68 sehnend

970 818 189 61 hohen
1192 815 107 62 sich
1333 811 236 62 Kirchen
1605 830 226 56 empor,-
1863 814 54 52 in
1943 804 412 61 Prozessionen
2388 801 229 62 wallten
2650 801 259 70 Priester,
2938 801 290 79 Soldaten,

971 913 292 67 Arbeiter,
1305 907 107 62 alle
1452 914 101 52 mit
1592 903 155 61 ihren
1781 910 234 68 eigenen
2049 898 243 62 Fahnen
2328 896 120 63 und
2480 896 260 63 Liedern,
2787 896 145 61 Und
2966 922 97 37 um
3096 901 132 64 alles

970 1006 121 61 dies
1134 1003 146 62 lebte
1314 1025 130 38 man
1487 999 112 70 hin,
1640 995 287 63 scheinbar
1960 993 111 61 auf
2103 993 170 61 nichts
2308 990 370 71 achthabend,
2721 999 99 54 mit
2861 990 367 80 beweglichen

971 1101 285 77 Körpern,
1306 1105 98 52 mit
1458 1105 208 66 jungen
1718 1088 118 62 und
1893 1088 150 61 alten
2093 1088 288 79 Körpern,
2439 1096 101 52 mit
2587 1087 226 77 glattem
2860 1087 118 60 und
3030 1089 198 64 selbst*

971 1192 457 64 verständlichem
1472 1187 245 62 Gesicht,
1761 1185 88 61 Es
1893 1182 216 62 wühlte
2152 1192 55 51 in
2249 1183 239 61 Martin,

1050 1288 85 60 Er
1169 1285 156 61 füllte
1357 1284 107 61 sich
1499 1281 91 61 die
1623 1276 255 65 Taschen
1912 1288 99 52 mit
2043 1279 348 77 Zigaretten,
2435 1300 61 38 er
2529 1276 169 62 stand
2731 1286 101 52 mit
2865 1276 129 62 dem
3021 1277 208 65 Weirn*

967 1381 121 79 glas
1131 1390 54 51 in
1228 1379 99 61 der
1366 1376 196 70 Hand,
1604 1374 311 62 kümmerte
1957 1374 108 62 sich
2108 1397 98 37 um
2247 1371 163 63 keine
2444 1371 134 63 Zeit
2618 1371 159 63 mehr
2819 1371 119 63 und
2979 1373 107 62 ließ
3128 1379 100 60 sich

970 1484 96 52 mit
1107 1483 179 53 einem
1327 1472 186 61 leeren
1554 1467 357 81 Ausspähen
1955 1465 336 64 umkreisen.
2352 1465 378 80 Irgendwann
2772 1467 121 61 und
2941 1469 287 76 irgendwo

967 1571 192 61 mußte
1201 1592 60 37 es
1303 1568 241 61 stocken.

1045 1662 169 80 Jeden
1256 1662 252 76 Morgen
1549 1681 211 57 sprang
1802 1681 61 38 er
1912 1657 165 79 lange
2119 1681 109 38 vor
2270 1657 122 62 Still
2435 1667 55 52 in
2535 1666 154 53 einer
2730 1681 189 38 neuen
2963 1658 120 61 und
3124 1685 106 37 un**

967 1757 417 64 bezähmbaren
1433 1752 435 80 Begehrlichkeit
1908 1776 110 39 aus
2070 1752 128 63 dem
2249 1752 124 63 Bett
2423 1754 119 61 und
2590 1752 140 63 trieb
2773 1754 216 61 wieder
3031 1754 196 64 hinein,

1050 1853 201 62 »Aber
1308 1851 90 61 die
1447 1849 440 62 Kaiserstraßen
1947 1848 128 62 sind
2133 1848 217 62 überall
2408 1848 224 78 gleich,«
2695 1865 160 61 sagte
2914 1872 60 38 er
3032 1851 197 61 einmal

969 1958 191 53 mitten
1210 1956 53 52 in
1315 1954 181 54 einem
1538 1943 288 62 Schwarm
1877 1942 398 80 spazierender
2315 1943 316 61 Menschen
2682 1968 75 36 zu
2808 1942 130 62 dem
2980 1943 249 73 Freund,

967 2043 118 62 und
1134 2052 128 69 ging
1310 2050 216 60 weiter,
1583 2048 56 52 in
1689 2047 153 53 einer
1892 2037 436 62 unerklärlichen
2385 2038 213 62 müden
2649 2039 438 79 Umschattung,
3147 2041 85 62 die

967 2140 94 62 ihn
1102 2163 74 36 an
1218 2137 212 61 diesem
1472 2131 162 82 Tage
1676 2135 141 61 nicht
1856 2132 159 64 mehr
2054 2133 229 63 verließ.

1045 2234 133 62 Vor
1234 2231 130 62 dem
1412 2231 217 61 Antritt
1686 2229 99 61 der
1841 2227 494 80 Fußwanderung
2391 2229 304 62 besuchten
2754 2239 82 52 sie
2886 2239 88 52 ein
3032 2231 198 78 großes

966 2330 282 61 Museum
1281 2337 99 50 mit
1412 2326 150 61 alten
1596 2325 301 61 Meistern.
1943 2325 89 61 Es
2066 2324 237 79 geschah
2340 2325 109 61 auf
2476 2325 104 62 das
2615 2326 276 78 Drängen
2918 2326 312 63 Emmerich

969 2424 171 70 Stills,
1182 2422 99 61 der
1314 2420 497 78 Kunstgeschichte
1845 2419 291 62 studieren
2170 2419 218 62 wollte:
2437 2420 151 61 »Die
2623 2420 256 63 Museen
2914 2420 187 63 haben
3134 2431 99 52 wir

965 2544 148 54 ganz
1153 2540 321 54 vergessen.
1515 2516 158 61 Zum
1717 2516 203 62 Schluß
1966 2524 346 69 wenigstens
2357 2514 251 63 dieses!«

1046 2615 123 61 Der
1209 2607 415 84 Teppichstaub
1668 2626 164 46 unter
1874 2610 156 63 ihren
2074 2610 259 63 Schuhen
2376 2610 114 78 flog
2540 2620 53 52 in
2637 2611 111 62 den
2791 2611 442 62 menschenöden

969 2706 344 64 Bildersälen
1346 2706 119 71 auf,
1507 2706 433 61 verschossener
1981 2723 155 44 roter
2170 2706 222 62 Sammt
2433 2706 133 78 hing
2601 2705 275 63 düsternd
2910 2732 98 36 um
3043 2702 190 65 Türen

969 2801 119 63 und
1129 2801 255 61 Fenster,
1433 2800 177 62 »Wie
1652 2809 74 52 im
1762 2800 167 62 Grab
1971 2810 71 52 ist
2084 2825 62 37 es
2189 2800 182 62 hier!«
2418 2820 160 60 sagte
2618 2801 242 71 Martin,
2903 2801 119 63 und
3064 2803 173 61 schritt

970 2897 253 78 langsam
1263 2921 118 37 von
1423 2895 125 61 Bild
1596 2921 75 35 zu
1713 2895 141 64 Bild,
1916 2895 98 64 Sie
2056 2895 189 63 hatten
2296 2897 166 62 beide
2503 2898 138 60 noch
2684 2907 92 52 nie
2818 2897 278 62 ähnliches

967 2991 187 62 sehen.

1050 3086 119 62 Still
1211 3110 123 37 war
1366 3086 198 62 beredt
1597 3086 120 61 und
1751 3088 276 70 entzückt,
2071 3111 58 37 er
2162 3086 84 62 las
2274 3087 414 79 schwelgerisch
2714 3088 262 71 Namen,
3009 3087 227 62 Farben

967 3180 121 62 und
1121 3181 198 61 Linien
1362 3180 73 62 ab
1479 3181 120 61 und
1640 3181 234 62 dichtete
1917 3191 55 52 in
2015 3181 92 62 die
2142 3181 290 64 Gemälde
2474 3193 125 52 eine
2641 3184 139 61 Flut
2820 3208 120 38 von
2975 3184 261 63 Stilarten

970 3275 119 61 und
1131 3275 360 62 historischen
1535 3276 286 79 Begriffen
1865 3276 203 63 hinein.

1050 3369 86 61 Es
1196 3393 196 38 waren
1458 3370 443 79 Heiligenbilder
1966 3396 108 38 aus
2140 3372 429 80 zerschlagenen
2627 3373 268 72 Altären,
2963 3373 274 62 Bildnisse

972 3487 106 38 aus
1129 3464 183 68 edlen,
1361 3464 406 79 geplünderten
1817 3466 283 72 Palästen,
2150 3467 536 63 Schlachtenszenen
2744 3494 107 36 aus
2913 3469 149 61 alten
3111 3491 93 38 zer-

971 3567 216 54 störten
1231 3560 625 80 Geschlechterburgen,
1911 3562 62 61 In
2016 3562 99 62 der
2156 3562 189 64 kalten
2388 3563 426 79 Umleuchtung
2855 3566 382 62 schimmerten

970 3661 84 52 sie
1088 3664 98 50 mit
1218 3654 100 62 der
1358 3655 206 61 letzten
1607 3656 468 62 unverblichenen
2109 3657 173 63 Kraft
2315 3657 89 63 die
2438 3659 198 61 Macht
2677 3659 119 62 und
2829 3659 234 62 Einheit
3096 3659 143 61 ihrer

976 3746 450 78 abgestorbenen
1460 3749 165 62 Welt
1667 3774 106 38 aus
1817 3750 119 61 und
1978 3775 195 39 waren
2216 3753 128 61 trüb
2387 3753 276 62 behaucht
2705 3754 119 61 und
2865 3763 212 68 traurig
3112 3777 83 37 um-

976 3840 245 62 schleiert
1245 3853 111 52 wie
1392 3844 194 77 große,
1628 3868 119 38 von
1773 3845 137 63 Not
1943 3847 120 61 und
2089 3847 134 61 Zeit
2247 3848 428 79 vergewaltigte
2709 3849 119 61 und
2861 3873 104 37 zur

976 3935 457 79 gefangenschaft
1456 3939 353 63 verdammte
1835 3941 329 63 Menschen,
2206 3943 141 61 Nur
2371 3943 221 62 Martin
2620 3943 171 64 ahnte
2818 3961 181 46 etwas
3029 3943 208 61 davon.
