<?xml version="1.0" encoding="UTF-8"?>
<alto xmlns:xsi="http://www.w3.org/2001/XMLSchema-instance" xmlns="http://www.loc.gov/standards/alto/ns-v2#" xsi:schemaLocation="http://www.loc.gov/standards/alto/ns-v2# http://www.loc.gov/standards/alto/v2/alto-2-0.xsd" xmlns:xlink="http://www.w3.org/1999/xlink">
	<Description>
		<MeasurementUnit>mm10</MeasurementUnit>
		<sourceImageInformation>
			<fileName>./bmtnabr_1915-08_01_0080.jp2</fileName>
		</sourceImageInformation>
		<OCRProcessing ID="OCRPROCESSING_1">
			<preProcessingStep>
				<processingSoftware>
					<softwareCreator>CCS Content Conversion Specialists GmbH, Germany</softwareCreator>
					<softwareName>CCS docWorks</softwareName>
					<softwareVersion>6.8-1.27</softwareVersion>
				</processingSoftware>
			</preProcessingStep>
			<ocrProcessingStep>
				<processingSoftware>
					<softwareCreator>ABBYY (BIT Software), Russia</softwareCreator>
					<softwareName>FineReader</softwareName>
					<softwareVersion>11.0</softwareVersion>
				</processingSoftware>
			</ocrProcessingStep>
			<postProcessingStep>
				<processingSoftware>
					<softwareCreator>CCS Content Conversion Specialists GmbH, Germany</softwareCreator>
					<softwareName>CCS docWorks</softwareName>
					<softwareVersion>6.8-1.27</softwareVersion>
					<applicationDescription>docWorks: Text modified manually, or automatically replaced</applicationDescription>
				</processingSoftware>
			</postProcessingStep>
		</OCRProcessing>
	</Description>
	<Styles>
		<TextStyle ID="TXT_0" FONTSIZE="19" FONTFAMILY="Times New Roman" FONTSTYLE="italics"/>
		<TextStyle ID="TXT_1" FONTSIZE="29" FONTFAMILY="Times New Roman"/>
		<TextStyle ID="TXT_2" FONTSIZE="30" FONTFAMILY="Times New Roman"/>
		<TextStyle ID="TXT_3" FONTSIZE="26" FONTFAMILY="Times New Roman" FONTSTYLE="italics"/>
		<TextStyle ID="TXT_4" FONTSIZE="21" FONTFAMILY="Times New Roman"/>
		<ParagraphStyle ID="PAR_RIGHT" ALIGN="Right"/>
		<ParagraphStyle ID="PAR_LEFT" ALIGN="Left"/>
		<ParagraphStyle ID="PAR_CENTER" ALIGN="Center"/>
	</Styles>
	<Layout>
		<Page ID="P80" PHYSICAL_IMG_NR="80" HEIGHT="4572" WIDTH="3469" PRINTED_IMG_NR="1022" PC="0.959">
			<TopMargin ID="P80_TM00001" HPOS="0" VPOS="0" WIDTH="3469" HEIGHT="518">
				<TextBlock ID="P80_TB00001" HPOS="1721" VPOS="439" WIDTH="814" HEIGHT="77" STYLEREFS="TXT_0 PAR_RIGHT">
					<TextLine ID="P80_TL00001" HPOS="1721" VPOS="440" WIDTH="814" HEIGHT="76">
						<String ID="P80_ST00001" HPOS="1721" VPOS="452" WIDTH="217" HEIGHT="64" CONTENT="Johann" WC="0.97" CC="428564"/>
						<SP ID="P80_SP00001" HPOS="1938" VPOS="516" WIDTH="42"/>
						<String ID="P80_ST00002" HPOS="1980" VPOS="445" WIDTH="245" HEIGHT="53" CONTENT="‘Friedrich" WC="0.98" CC="8905970428"/>
						<SP ID="P80_SP00002" HPOS="2225" VPOS="516" WIDTH="21"/>
						<String ID="P80_ST00003" HPOS="2246" VPOS="471" WIDTH="11" HEIGHT="10" CONTENT="•" WC="0.20" CC="8"/>
						<SP ID="P80_SP00003" HPOS="2257" VPOS="516" WIDTH="24"/>
						<String ID="P80_ST00004" HPOS="2281" VPOS="443" WIDTH="52" HEIGHT="51" CONTENT="O" WC="1.00" CC="0"/>
						<SP ID="P80_SP00004" HPOS="2333" VPOS="516" WIDTH="31"/>
						<String ID="P80_ST00005" HPOS="2364" VPOS="440" WIDTH="171" HEIGHT="52" CONTENT="Lehen" WC="0.97" CC="09095"/>
					</TextLine>
				</TextBlock>
				<TextBlock ID="P80_TB00002" HPOS="1004" VPOS="463" WIDTH="124" HEIGHT="51" STYLEREFS="TXT_1 PAR_LEFT">
					<TextLine ID="P80_TL00002" HPOS="1004" VPOS="463" WIDTH="124" HEIGHT="51">
						<String ID="P80_ST00006" HPOS="1004" VPOS="463" WIDTH="124" HEIGHT="51" CONTENT="1022" WC="1.00" CC="0000"/>
					</TextLine>
				</TextBlock>
			</TopMargin>
			<LeftMargin ID="P80_LM00001" HPOS="0" VPOS="518" WIDTH="1004" HEIGHT="3495"/>
			<RightMargin ID="P80_RM00001" HPOS="3298" VPOS="518" WIDTH="171" HEIGHT="3495"/>
			<BottomMargin ID="P80_BM00001" HPOS="0" VPOS="4013" WIDTH="3469" HEIGHT="559"/>
			<PrintSpace ID="P80_PS00001" HPOS="1004" VPOS="518" WIDTH="2294" HEIGHT="3495">
				<TextBlock ID="P80_TB00003" HPOS="1862" VPOS="1198" WIDTH="569" HEIGHT="79" STYLEREFS="TXT_2 PAR_CENTER">
					<TextLine ID="P80_TL00003" HPOS="1862" VPOS="1198" WIDTH="569" HEIGHT="79">
						<String ID="P80_ST00007" HPOS="1862" VPOS="1203" WIDTH="76" HEIGHT="74" CONTENT="O" WC="1.00" CC="0"/>
						<SP ID="P80_SP00005" HPOS="1938" VPOS="1277" WIDTH="54"/>
						<String ID="P80_ST00008" HPOS="1992" VPOS="1198" WIDTH="439" HEIGHT="76" CONTENT="LEBEN!" WC="0.98" CC="340491"/>
					</TextLine>
				</TextBlock>
				<TextBlock ID="P80_TB00004" HPOS="1785" VPOS="1024" WIDTH="704" HEIGHT="102" STYLEREFS="TXT_3 PAR_CENTER">
					<TextLine ID="P80_TL00004" HPOS="1785" VPOS="1024" WIDTH="704" HEIGHT="76">
						<String ID="P80_ST00009" HPOS="1785" VPOS="1024" WIDTH="302" HEIGHT="76" CONTENT="Johann" WC="1.00" CC="000000"/>
						<SP ID="P80_SP00006" HPOS="2087" VPOS="1100" WIDTH="50"/>
						<String ID="P80_ST00010" HPOS="2137" VPOS="1024" WIDTH="352" HEIGHT="76" CONTENT="Friedrich" WC="1.00" CC="674985428"/>
					</TextLine>
				</TextBlock>
				<TextBlock ID="P80_TB00005" HPOS="1168" VPOS="1382" WIDTH="2130" HEIGHT="2631" STYLEREFS="TXT_4 PAR_LEFT">
					<TextLine ID="P80_TL00005" HPOS="1169" VPOS="1383" WIDTH="1686" HEIGHT="90">
						<String ID="P80_ST00011" HPOS="1169" VPOS="1404" WIDTH="189" HEIGHT="60" CONTENT="Unter" WC="0.96" CC="85576"/>
						<SP ID="P80_SP00007" HPOS="1358" VPOS="1464" WIDTH="42"/>
						<String ID="P80_ST00012" HPOS="1400" VPOS="1399" WIDTH="100" HEIGHT="61" CONTENT="der" WC="0.91" CC="877"/>
						<SP ID="P80_SP00008" HPOS="1500" VPOS="1464" WIDTH="42"/>
						<String ID="P80_ST00013" HPOS="1542" VPOS="1397" WIDTH="163" HEIGHT="63" CONTENT="Erde" WC="0.96" CC="3790"/>
						<SP ID="P80_SP00009" HPOS="1705" VPOS="1464" WIDTH="42"/>
						<String ID="P80_ST00014" HPOS="1747" VPOS="1395" WIDTH="181" HEIGHT="78" CONTENT="liegen" WC="0.97" CC="760606"/>
						<SP ID="P80_SP00010" HPOS="1928" VPOS="1473" WIDTH="43"/>
						<String ID="P80_ST00015" HPOS="1971" VPOS="1392" WIDTH="307" HEIGHT="62" CONTENT="Millionen" WC="0.99" CC="436734000"/>
						<SP ID="P80_SP00011" HPOS="2278" VPOS="1473" WIDTH="41"/>
						<String ID="P80_ST00016" HPOS="2319" VPOS="1389" WIDTH="206" HEIGHT="61" CONTENT="bunter" WC="0.98" CC="750306"/>
						<SP ID="P80_SP00012" HPOS="2525" VPOS="1473" WIDTH="42"/>
						<String ID="P80_ST00017" HPOS="2567" VPOS="1383" WIDTH="288" HEIGHT="70" CONTENT="Kristalle," WC="0.99" CC="4600750004"/>
					</TextLine>
					<TextLine ID="P80_TL00006" HPOS="1170" VPOS="1479" WIDTH="1649" HEIGHT="87">
						<String ID="P80_ST00018" HPOS="1170" VPOS="1497" WIDTH="140" HEIGHT="62" CONTENT="Auf" WC="0.94" CC="366"/>
						<SP ID="P80_SP00013" HPOS="1310" VPOS="1559" WIDTH="35"/>
						<String ID="P80_ST00019" HPOS="1345" VPOS="1495" WIDTH="101" HEIGHT="62" CONTENT="der" WC="0.98" CC="004"/>
						<SP ID="P80_SP00014" HPOS="1446" VPOS="1559" WIDTH="40"/>
						<String ID="P80_ST00020" HPOS="1486" VPOS="1492" WIDTH="163" HEIGHT="62" CONTENT="Erde" WC="0.97" CC="7600"/>
						<SP ID="P80_SP00015" HPOS="1649" VPOS="1559" WIDTH="40"/>
						<String ID="P80_ST00021" HPOS="1689" VPOS="1489" WIDTH="177" HEIGHT="63" CONTENT="blühn" WC="0.41" CC="96066"/>
						<SP ID="P80_SP00016" HPOS="1866" VPOS="1559" WIDTH="42"/>
						<String ID="P80_ST00022" HPOS="1908" VPOS="1486" WIDTH="319" HEIGHT="80" CONTENT="Myriaden" WC="0.99" CC="07550004"/>
						<SP ID="P80_SP00017" HPOS="2227" VPOS="1566" WIDTH="44"/>
						<String ID="P80_ST00023" HPOS="2271" VPOS="1482" WIDTH="244" HEIGHT="79" CONTENT="farbiger" WC="0.99" CC="60403702"/>
						<SP ID="P80_SP00018" HPOS="2515" VPOS="1566" WIDTH="39"/>
						<String ID="P80_ST00024" HPOS="2554" VPOS="1479" WIDTH="265" HEIGHT="69" CONTENT="Blumen," WC="1.00" CC="0000004"/>
					</TextLine>
					<TextLine ID="P80_TL00007" HPOS="1169" VPOS="1571" WIDTH="1728" HEIGHT="86">
						<String ID="P80_ST00025" HPOS="1169" VPOS="1591" WIDTH="164" HEIGHT="62" CONTENT="Über" WC="0.98" CC="2004"/>
						<SP ID="P80_SP00019" HPOS="1333" VPOS="1653" WIDTH="42"/>
						<String ID="P80_ST00026" HPOS="1375" VPOS="1589" WIDTH="101" HEIGHT="60" CONTENT="der" WC="0.98" CC="006"/>
						<SP ID="P80_SP00020" HPOS="1476" VPOS="1653" WIDTH="40"/>
						<String ID="P80_ST00027" HPOS="1516" VPOS="1586" WIDTH="161" HEIGHT="62" CONTENT="Erde" WC="0.99" CC="0600"/>
						<SP ID="P80_SP00021" HPOS="1677" VPOS="1653" WIDTH="42"/>
						<String ID="P80_ST00028" HPOS="1719" VPOS="1583" WIDTH="165" HEIGHT="64" CONTENT="ziehn" WC="0.68" CC="72060"/>
						<SP ID="P80_SP00022" HPOS="1884" VPOS="1653" WIDTH="43"/>
						<String ID="P80_ST00029" HPOS="1927" VPOS="1582" WIDTH="91" HEIGHT="61" CONTENT="die" WC="1.00" CC="000"/>
						<SP ID="P80_SP00023" HPOS="2018" VPOS="1653" WIDTH="42"/>
						<String ID="P80_ST00030" HPOS="2060" VPOS="1576" WIDTH="513" HEIGHT="81" CONTENT="unerschöpflichen" WC="0.99" CC="0006064105757400"/>
						<SP ID="P80_SP00024" HPOS="2573" VPOS="1657" WIDTH="41"/>
						<String ID="P80_ST00031" HPOS="2614" VPOS="1571" WIDTH="283" HEIGHT="65" CONTENT="Wolken:" WC="0.99" CC="4302006"/>
					</TextLine>
					<TextLine ID="P80_TL00008" HPOS="1772" VPOS="1676" WIDTH="326" HEIGHT="64">
						<String ID="P80_ST00032" HPOS="1772" VPOS="1679" WIDTH="62" HEIGHT="61" CONTENT="O" WC="1.00" CC="0"/>
						<SP ID="P80_SP00025" HPOS="1834" VPOS="1740" WIDTH="43"/>
						<String ID="P80_ST00033" HPOS="1877" VPOS="1676" WIDTH="221" HEIGHT="62" CONTENT="Leben!" WC="0.99" CC="007000"/>
					</TextLine>
					<TextLine ID="P80_TL00009" HPOS="1171" VPOS="1764" WIDTH="1453" HEIGHT="84">
						<String ID="P80_ST00034" HPOS="1171" VPOS="1776" WIDTH="347" HEIGHT="72" CONTENT="Manchmal," WC="0.99" CC="000070074"/>
						<SP ID="P80_SP00026" HPOS="1518" VPOS="1848" WIDTH="42"/>
						<String ID="P80_ST00035" HPOS="1560" VPOS="1798" WIDTH="171" HEIGHT="38" CONTENT="wenn" WC="0.98" CC="7000"/>
						<SP ID="P80_SP00027" HPOS="1731" VPOS="1848" WIDTH="45"/>
						<String ID="P80_ST00036" HPOS="1776" VPOS="1774" WIDTH="75" HEIGHT="60" CONTENT="ich" WC="0.95" CC="490"/>
						<SP ID="P80_SP00028" HPOS="1851" VPOS="1848" WIDTH="43"/>
						<String ID="P80_ST00037" HPOS="1894" VPOS="1796" WIDTH="67" HEIGHT="38" CONTENT="so" WC="0.79" CC="04"/>
						<SP ID="P80_SP00029" HPOS="1961" VPOS="1848" WIDTH="43"/>
						<String ID="P80_ST00038" HPOS="2004" VPOS="1771" WIDTH="322" HEIGHT="74" CONTENT="übermütig" WC="0.99" CC="070700540"/>
						<SP ID="P80_SP00030" HPOS="2326" VPOS="1848" WIDTH="40"/>
						<String ID="P80_ST00039" HPOS="2366" VPOS="1764" WIDTH="258" HEIGHT="71" CONTENT="wandre," WC="0.62" CC="9070503"/>
					</TextLine>
					<TextLine ID="P80_TL00010" HPOS="1175" VPOS="1855" WIDTH="2030" HEIGHT="83">
						<String ID="P80_ST00040" HPOS="1175" VPOS="1876" WIDTH="268" HEIGHT="62" CONTENT="Glänzen" WC="0.99" CC="0700600"/>
						<SP ID="P80_SP00031" HPOS="1443" VPOS="1938" WIDTH="36"/>
						<String ID="P80_ST00041" HPOS="1479" VPOS="1872" WIDTH="90" HEIGHT="61" CONTENT="die" WC="1.00" CC="000"/>
						<SP ID="P80_SP00032" HPOS="1569" VPOS="1938" WIDTH="35"/>
						<String ID="P80_ST00042" HPOS="1604" VPOS="1870" WIDTH="195" HEIGHT="63" CONTENT="Steine" WC="1.00" CC="100000"/>
						<SP ID="P80_SP00033" HPOS="1799" VPOS="1938" WIDTH="34"/>
						<String ID="P80_ST00043" HPOS="1833" VPOS="1892" WIDTH="107" HEIGHT="37" CONTENT="aus" WC="1.00" CC="000"/>
						<SP ID="P80_SP00034" HPOS="1940" VPOS="1938" WIDTH="35"/>
						<String ID="P80_ST00044" HPOS="1975" VPOS="1864" WIDTH="236" HEIGHT="64" CONTENT="dunkler" WC="0.98" CC="0054606"/>
						<SP ID="P80_SP00035" HPOS="2211" VPOS="1938" WIDTH="26"/>
						<String ID="P80_ST00045" HPOS="2237" VPOS="1862" WIDTH="237" HEIGHT="71" CONTENT="Scholle," WC="0.98" CC="30707604"/>
						<SP ID="P80_SP00036" HPOS="2474" VPOS="1938" WIDTH="36"/>
						<String ID="P80_ST00046" HPOS="2510" VPOS="1859" WIDTH="288" HEIGHT="62" CONTENT="umlachen" WC="0.99" CC="40700006"/>
						<SP ID="P80_SP00037" HPOS="2798" VPOS="1938" WIDTH="27"/>
						<String ID="P80_ST00047" HPOS="2825" VPOS="1857" WIDTH="136" HEIGHT="60" CONTENT="mich" WC="1.00" CC="0200"/>
						<SP ID="P80_SP00038" HPOS="2961" VPOS="1938" WIDTH="24"/>
						<String ID="P80_ST00048" HPOS="2985" VPOS="1855" WIDTH="220" HEIGHT="71" CONTENT="Blüten," WC="0.99" CC="4705003"/>
					</TextLine>
					<TextLine ID="P80_TL00011" HPOS="1175" VPOS="1949" WIDTH="2033" HEIGHT="83">
						<String ID="P80_ST00049" HPOS="1175" VPOS="1968" WIDTH="262" HEIGHT="64" CONTENT="Schillern" WC="0.99" CC="000076060"/>
						<SP ID="P80_SP00039" HPOS="1437" VPOS="2032" WIDTH="34"/>
						<String ID="P80_ST00050" HPOS="1471" VPOS="1966" WIDTH="91" HEIGHT="62" CONTENT="die" WC="1.00" CC="000"/>
						<SP ID="P80_SP00040" HPOS="1562" VPOS="2032" WIDTH="26"/>
						<String ID="P80_ST00051" HPOS="1588" VPOS="1963" WIDTH="259" HEIGHT="64" CONTENT="Wolken" WC="0.98" CC="056006"/>
						<SP ID="P80_SP00041" HPOS="1847" VPOS="2032" WIDTH="34"/>
						<String ID="P80_ST00052" HPOS="1881" VPOS="1961" WIDTH="139" HEIGHT="61" CONTENT="hoch" WC="0.97" CC="0390"/>
						<SP ID="P80_SP00042" HPOS="2020" VPOS="2032" WIDTH="35"/>
						<String ID="P80_ST00053" HPOS="2055" VPOS="1958" WIDTH="142" HEIGHT="62" CONTENT="über" WC="0.97" CC="0704"/>
						<SP ID="P80_SP00043" HPOS="2197" VPOS="2032" WIDTH="34"/>
						<String ID="P80_ST00054" HPOS="2231" VPOS="1966" WIDTH="121" HEIGHT="62" CONTENT="mir," WC="0.98" CC="0064"/>
						<SP ID="P80_SP00044" HPOS="2352" VPOS="2032" WIDTH="36"/>
						<String ID="P80_ST00055" HPOS="2388" VPOS="1980" WIDTH="69" HEIGHT="38" CONTENT="so" WC="0.92" CC="01"/>
						<SP ID="P80_SP00045" HPOS="2457" VPOS="2032" WIDTH="34"/>
						<String ID="P80_ST00056" HPOS="2491" VPOS="1952" WIDTH="273" HEIGHT="65" CONTENT="schleudr'" WC="0.64" CC="097000068"/>
						<SP ID="P80_SP00046" HPOS="2764" VPOS="2032" WIDTH="28"/>
						<String ID="P80_ST00057" HPOS="2792" VPOS="1952" WIDTH="76" HEIGHT="61" CONTENT="ich" WC="0.97" CC="007"/>
						<SP ID="P80_SP00047" HPOS="2868" VPOS="2032" WIDTH="37"/>
						<String ID="P80_ST00058" HPOS="2905" VPOS="1949" WIDTH="90" HEIGHT="62" CONTENT="die" WC="0.98" CC="040"/>
						<SP ID="P80_SP00048" HPOS="2995" VPOS="2032" WIDTH="25"/>
						<String ID="P80_ST00059" HPOS="3020" VPOS="1949" WIDTH="188" HEIGHT="78" CONTENT="Dinge" WC="1.00" CC="00000"/>
					</TextLine>
					<TextLine ID="P80_TL00012" HPOS="1773" VPOS="2051" WIDTH="609" HEIGHT="71">
						<String ID="P80_ST00060" HPOS="1773" VPOS="2057" WIDTH="103" HEIGHT="62" CONTENT="All" WC="0.94" CC="267"/>
						<SP ID="P80_SP00049" HPOS="1876" VPOS="2119" WIDTH="43"/>
						<String ID="P80_ST00061" HPOS="1919" VPOS="2051" WIDTH="463" HEIGHT="71" CONTENT="durcheinander," WC="1.00" CC="00690050000064"/>
					</TextLine>
					<TextLine ID="P80_TL00013" HPOS="1175" VPOS="2138" WIDTH="2108" HEIGHT="94">
						<String ID="P80_ST00062" HPOS="1175" VPOS="2157" WIDTH="198" HEIGHT="64" CONTENT="Werf" WC="0.71" CC="0047"/>
						<SP ID="P80_SP00050" HPOS="1373" VPOS="2221" WIDTH="42"/>
						<String ID="P80_ST00063" HPOS="1415" VPOS="2157" WIDTH="78" HEIGHT="60" CONTENT="ich" WC="0.98" CC="400"/>
						<SP ID="P80_SP00051" HPOS="1493" VPOS="2221" WIDTH="42"/>
						<String ID="P80_ST00064" HPOS="1535" VPOS="2154" WIDTH="92" HEIGHT="62" CONTENT="die" WC="1.00" CC="000"/>
						<SP ID="P80_SP00052" HPOS="1627" VPOS="2221" WIDTH="41"/>
						<String ID="P80_ST00065" HPOS="1668" VPOS="2150" WIDTH="366" HEIGHT="82" CONTENT="spiegelnden" WC="1.00" CC="00000076000"/>
						<SP ID="P80_SP00053" HPOS="2034" VPOS="2232" WIDTH="42"/>
						<String ID="P80_ST00066" HPOS="2076" VPOS="2147" WIDTH="160" HEIGHT="63" CONTENT="Bälle" WC="1.00" CC="00000"/>
						<SP ID="P80_SP00054" HPOS="2236" VPOS="2232" WIDTH="43"/>
						<String ID="P80_ST00067" HPOS="2279" VPOS="2146" WIDTH="100" HEIGHT="61" CONTENT="der" WC="0.96" CC="036"/>
						<SP ID="P80_SP00055" HPOS="2379" VPOS="2232" WIDTH="42"/>
						<String ID="P80_ST00068" HPOS="2421" VPOS="2154" WIDTH="149" HEIGHT="68" CONTENT="ewig" WC="0.97" CC="0920"/>
						<SP ID="P80_SP00056" HPOS="2570" VPOS="2232" WIDTH="42"/>
						<String ID="P80_ST00069" HPOS="2612" VPOS="2142" WIDTH="318" HEIGHT="78" CONTENT="unfertigen" WC="0.99" CC="6040640000"/>
						<SP ID="P80_SP00057" HPOS="2930" VPOS="2232" WIDTH="36"/>
						<String ID="P80_ST00070" HPOS="2966" VPOS="2138" WIDTH="317" HEIGHT="79" CONTENT="Schöpfung" WC="0.99" CC="000305569"/>
					</TextLine>
					<TextLine ID="P80_TL00014" HPOS="1175" VPOS="2231" WIDTH="2107" HEIGHT="89">
						<String ID="P80_ST00071" HPOS="1175" VPOS="2253" WIDTH="142" HEIGHT="62" CONTENT="Wie" WC="0.98" CC="050"/>
						<SP ID="P80_SP00058" HPOS="1317" VPOS="2315" WIDTH="27"/>
						<String ID="P80_ST00072" HPOS="1344" VPOS="2260" WIDTH="91" HEIGHT="54" CONTENT="ein" WC="0.98" CC="005"/>
						<SP ID="P80_SP00059" HPOS="1435" VPOS="2315" WIDTH="26"/>
						<String ID="P80_ST00073" HPOS="1461" VPOS="2248" WIDTH="178" HEIGHT="72" CONTENT="Kind," WC="0.99" CC="01004"/>
						<SP ID="P80_SP00060" HPOS="1639" VPOS="2320" WIDTH="25"/>
						<String ID="P80_ST00074" HPOS="1664" VPOS="2257" WIDTH="113" HEIGHT="52" CONTENT="wie" WC="1.00" CC="000"/>
						<SP ID="P80_SP00061" HPOS="1777" VPOS="2320" WIDTH="27"/>
						<String ID="P80_ST00075" HPOS="1804" VPOS="2255" WIDTH="90" HEIGHT="52" CONTENT="ein" WC="1.00" CC="000"/>
						<SP ID="P80_SP00062" HPOS="1894" VPOS="2320" WIDTH="28"/>
						<String ID="P80_ST00076" HPOS="1922" VPOS="2244" WIDTH="169" HEIGHT="71" CONTENT="Gott," WC="0.98" CC="32504"/>
						<SP ID="P80_SP00063" HPOS="2091" VPOS="2320" WIDTH="26"/>
						<String ID="P80_ST00077" HPOS="2117" VPOS="2251" WIDTH="114" HEIGHT="53" CONTENT="wie" WC="0.98" CC="040"/>
						<SP ID="P80_SP00064" HPOS="2231" VPOS="2320" WIDTH="34"/>
						<String ID="P80_ST00078" HPOS="2265" VPOS="2250" WIDTH="90" HEIGHT="52" CONTENT="ein" WC="0.99" CC="003"/>
						<SP ID="P80_SP00065" HPOS="2355" VPOS="2320" WIDTH="27"/>
						<String ID="P80_ST00079" HPOS="2382" VPOS="2240" WIDTH="228" HEIGHT="61" CONTENT="Dichter" WC="0.99" CC="2500300"/>
						<SP ID="P80_SP00066" HPOS="2610" VPOS="2320" WIDTH="26"/>
						<String ID="P80_ST00080" HPOS="2636" VPOS="2246" WIDTH="83" HEIGHT="52" CONTENT="ins" WC="0.99" CC="300"/>
						<SP ID="P80_SP00067" HPOS="2719" VPOS="2320" WIDTH="28"/>
						<String ID="P80_ST00081" HPOS="2747" VPOS="2234" WIDTH="313" HEIGHT="63" CONTENT="wirbelnde" WC="0.99" CC="005707000"/>
						<SP ID="P80_SP00068" HPOS="3060" VPOS="2320" WIDTH="26"/>
						<String ID="P80_ST00082" HPOS="3086" VPOS="2231" WIDTH="196" HEIGHT="64" CONTENT="Chaos" WC="0.97" CC="07750"/>
					</TextLine>
					<TextLine ID="P80_TL00015" HPOS="1176" VPOS="2334" WIDTH="1766" HEIGHT="81">
						<String ID="P80_ST00083" HPOS="1176" VPOS="2347" WIDTH="261" HEIGHT="63" CONTENT="Fröhlich" WC="0.99" CC="77007500"/>
						<SP ID="P80_SP00069" HPOS="1437" VPOS="2410" WIDTH="42"/>
						<String ID="P80_ST00084" HPOS="1479" VPOS="2345" WIDTH="226" HEIGHT="70" CONTENT="zurück," WC="0.98" CC="7670074"/>
						<SP ID="P80_SP00070" HPOS="1705" VPOS="2415" WIDTH="43"/>
						<String ID="P80_ST00085" HPOS="1748" VPOS="2342" WIDTH="176" HEIGHT="61" CONTENT="damit" WC="1.00" CC="00004"/>
						<SP ID="P80_SP00071" HPOS="1924" VPOS="2415" WIDTH="40"/>
						<String ID="P80_ST00086" HPOS="1964" VPOS="2349" WIDTH="82" HEIGHT="54" CONTENT="sie" WC="1.00" CC="000"/>
						<SP ID="P80_SP00072" HPOS="2046" VPOS="2415" WIDTH="41"/>
						<String ID="P80_ST00087" HPOS="2087" VPOS="2339" WIDTH="108" HEIGHT="61" CONTENT="sich" WC="0.98" CC="0190"/>
						<SP ID="P80_SP00073" HPOS="2195" VPOS="2415" WIDTH="43"/>
						<String ID="P80_ST00088" HPOS="2238" VPOS="2334" WIDTH="292" HEIGHT="65" CONTENT="strahlend" WC="0.99" CC="045270050"/>
						<SP ID="P80_SP00074" HPOS="2530" VPOS="2415" WIDTH="41"/>
						<String ID="P80_ST00089" HPOS="2571" VPOS="2357" WIDTH="118" HEIGHT="38" CONTENT="von" WC="1.00" CC="000"/>
						<SP ID="P80_SP00075" HPOS="2689" VPOS="2415" WIDTH="43"/>
						<String ID="P80_ST00090" HPOS="2732" VPOS="2354" WIDTH="210" HEIGHT="40" CONTENT="neuem" WC="0.99" CC="60000"/>
					</TextLine>
					<TextLine ID="P80_TL00016" HPOS="1778" VPOS="2433" WIDTH="555" HEIGHT="79">
						<String ID="P80_ST00091" HPOS="1778" VPOS="2434" WIDTH="247" HEIGHT="64" CONTENT="Wieder" WC="0.99" CC="020004"/>
						<SP ID="P80_SP00076" HPOS="2025" VPOS="2498" WIDTH="40"/>
						<String ID="P80_ST00092" HPOS="2065" VPOS="2433" WIDTH="268" HEIGHT="79" CONTENT="gebären." WC="0.99" CC="00705004"/>
					</TextLine>
					<TextLine ID="P80_TL00017" HPOS="1180" VPOS="2516" WIDTH="2106" HEIGHT="91">
						<String ID="P80_ST00093" HPOS="1180" VPOS="2536" WIDTH="191" HEIGHT="71" CONTENT="Siehe," WC="0.98" CC="160701"/>
						<SP ID="P80_SP00077" HPOS="1371" VPOS="2607" WIDTH="34"/>
						<String ID="P80_ST00094" HPOS="1405" VPOS="2535" WIDTH="152" HEIGHT="61" CONTENT="dann" WC="0.99" CC="0050"/>
						<SP ID="P80_SP00078" HPOS="1557" VPOS="2607" WIDTH="36"/>
						<String ID="P80_ST00095" HPOS="1593" VPOS="2531" WIDTH="298" HEIGHT="63" CONTENT="schweben" WC="0.99" CC="00000740"/>
						<SP ID="P80_SP00079" HPOS="1891" VPOS="2607" WIDTH="35"/>
						<String ID="P80_ST00096" HPOS="1926" VPOS="2528" WIDTH="138" HEIGHT="61" CONTENT="hoch" WC="0.97" CC="7107"/>
						<SP ID="P80_SP00080" HPOS="2064" VPOS="2607" WIDTH="36"/>
						<String ID="P80_ST00097" HPOS="2100" VPOS="2527" WIDTH="142" HEIGHT="61" CONTENT="über" WC="0.97" CC="0706"/>
						<SP ID="P80_SP00081" HPOS="2242" VPOS="2607" WIDTH="32"/>
						<String ID="P80_ST00098" HPOS="2274" VPOS="2535" WIDTH="104" HEIGHT="52" CONTENT="mir" WC="0.98" CC="006"/>
						<SP ID="P80_SP00082" HPOS="2378" VPOS="2607" WIDTH="32"/>
						<String ID="P80_ST00099" HPOS="2410" VPOS="2523" WIDTH="379" HEIGHT="76" CONTENT="verflüchtigte" WC="0.99" CC="0017700756006"/>
						<SP ID="P80_SP00083" HPOS="2789" VPOS="2607" WIDTH="32"/>
						<String ID="P80_ST00100" HPOS="2821" VPOS="2516" WIDTH="465" HEIGHT="68" CONTENT="Riesenkristalle," WC="0.99" CC="3400040600647404"/>
					</TextLine>
					<TextLine ID="P80_TL00018" HPOS="1181" VPOS="2610" WIDTH="2107" HEIGHT="92">
						<String ID="P80_ST00101" HPOS="1181" VPOS="2631" WIDTH="192" HEIGHT="71" CONTENT="Siehe," WC="0.99" CC="200004"/>
						<SP ID="P80_SP00084" HPOS="1373" VPOS="2702" WIDTH="43"/>
						<String ID="P80_ST00102" HPOS="1416" VPOS="2630" WIDTH="153" HEIGHT="61" CONTENT="dann" WC="0.99" CC="0040"/>
						<SP ID="P80_SP00085" HPOS="1569" VPOS="2702" WIDTH="34"/>
						<String ID="P80_ST00103" HPOS="1603" VPOS="2626" WIDTH="160" HEIGHT="64" CONTENT="blüht" WC="0.99" CC="70003"/>
						<SP ID="P80_SP00086" HPOS="1763" VPOS="2702" WIDTH="33"/>
						<String ID="P80_ST00104" HPOS="1796" VPOS="2625" WIDTH="109" HEIGHT="62" CONTENT="auf" WC="0.98" CC="006"/>
						<SP ID="P80_SP00087" HPOS="1905" VPOS="2702" WIDTH="27"/>
						<String ID="P80_ST00105" HPOS="1932" VPOS="2624" WIDTH="109" HEIGHT="62" CONTENT="den" WC="1.00" CC="000"/>
						<SP ID="P80_SP00088" HPOS="2041" VPOS="2702" WIDTH="33"/>
						<String ID="P80_ST00106" HPOS="2074" VPOS="2622" WIDTH="248" HEIGHT="61" CONTENT="Wiesen" WC="1.00" CC="040000"/>
						<SP ID="P80_SP00089" HPOS="2322" VPOS="2702" WIDTH="34"/>
						<String ID="P80_ST00107" HPOS="2356" VPOS="2617" WIDTH="357" HEIGHT="65" CONTENT="zerstäubtes" WC="0.99" CC="60600057000"/>
						<SP ID="P80_SP00090" HPOS="2713" VPOS="2702" WIDTH="36"/>
						<String ID="P80_ST00108" HPOS="2749" VPOS="2616" WIDTH="205" HEIGHT="61" CONTENT="buntes" WC="1.00" CC="003000"/>
						<SP ID="P80_SP00091" HPOS="2954" VPOS="2702" WIDTH="37"/>
						<String ID="P80_ST00109" HPOS="2991" VPOS="2610" WIDTH="297" HEIGHT="71" CONTENT="Gewölke," WC="0.79" CC="50005014"/>
					</TextLine>
					<TextLine ID="P80_TL00019" HPOS="1184" VPOS="2706" WIDTH="2102" HEIGHT="95">
						<String ID="P80_ST00110" HPOS="1184" VPOS="2725" WIDTH="192" HEIGHT="71" CONTENT="Siehe," WC="0.98" CC="060604"/>
						<SP ID="P80_SP00092" HPOS="1376" VPOS="2796" WIDTH="28"/>
						<String ID="P80_ST00111" HPOS="1404" VPOS="2724" WIDTH="152" HEIGHT="62" CONTENT="dann" WC="1.00" CC="0000"/>
						<SP ID="P80_SP00093" HPOS="1556" VPOS="2796" WIDTH="26"/>
						<String ID="P80_ST00112" HPOS="1582" VPOS="2724" WIDTH="163" HEIGHT="77" CONTENT="guckt" WC="0.99" CC="00072"/>
						<SP ID="P80_SP00094" HPOS="1745" VPOS="2801" WIDTH="25"/>
						<String ID="P80_ST00113" HPOS="1770" VPOS="2744" WIDTH="107" HEIGHT="37" CONTENT="aus" WC="1.00" CC="000"/>
						<SP ID="P80_SP00095" HPOS="1877" VPOS="2801" WIDTH="28"/>
						<String ID="P80_ST00114" HPOS="1905" VPOS="2719" WIDTH="101" HEIGHT="61" CONTENT="der" WC="0.98" CC="005"/>
						<SP ID="P80_SP00096" HPOS="2006" VPOS="2801" WIDTH="25"/>
						<String ID="P80_ST00115" HPOS="2031" VPOS="2716" WIDTH="161" HEIGHT="63" CONTENT="Erde" WC="0.97" CC="5700"/>
						<SP ID="P80_SP00097" HPOS="2192" VPOS="2801" WIDTH="28"/>
						<String ID="P80_ST00116" HPOS="2220" VPOS="2715" WIDTH="103" HEIGHT="61" CONTENT="das" WC="1.00" CC="000"/>
						<SP ID="P80_SP00098" HPOS="2323" VPOS="2801" WIDTH="28"/>
						<String ID="P80_ST00117" HPOS="2351" VPOS="2714" WIDTH="283" HEIGHT="62" CONTENT="Leuchten" WC="0.99" CC="00207002"/>
						<SP ID="P80_SP00099" HPOS="2634" VPOS="2801" WIDTH="26"/>
						<String ID="P80_ST00118" HPOS="2660" VPOS="2710" WIDTH="382" HEIGHT="80" CONTENT="glasflüssiger" WC="1.00" CC="0700220005006"/>
						<SP ID="P80_SP00100" HPOS="3042" VPOS="2801" WIDTH="24"/>
						<String ID="P80_ST00119" HPOS="3066" VPOS="2706" WIDTH="220" HEIGHT="62" CONTENT="Blüten;" WC="0.99" CC="0700444"/>
					</TextLine>
					<TextLine ID="P80_TL00020" HPOS="1785" VPOS="2813" WIDTH="327" HEIGHT="65">
						<String ID="P80_ST00120" HPOS="1785" VPOS="2815" WIDTH="63" HEIGHT="63" CONTENT="O" WC="1.00" CC="0"/>
						<SP ID="P80_SP00101" HPOS="1848" VPOS="2878" WIDTH="43"/>
						<String ID="P80_ST00121" HPOS="1891" VPOS="2813" WIDTH="221" HEIGHT="63" CONTENT="Leben!" WC="0.99" CC="007000"/>
					</TextLine>
					<TextLine ID="P80_TL00021" HPOS="1184" VPOS="2898" WIDTH="1952" HEIGHT="80">
						<String ID="P80_ST00122" HPOS="1184" VPOS="2917" WIDTH="83" HEIGHT="61" CONTENT="Ich" WC="0.95" CC="507"/>
						<SP ID="P80_SP00102" HPOS="1267" VPOS="2978" WIDTH="44"/>
						<String ID="P80_ST00123" HPOS="1311" VPOS="2914" WIDTH="137" HEIGHT="61" CONTENT="aber" WC="0.97" CC="0705"/>
						<SP ID="P80_SP00103" HPOS="1448" VPOS="2978" WIDTH="42"/>
						<String ID="P80_ST00124" HPOS="1490" VPOS="2912" WIDTH="149" HEIGHT="62" CONTENT="habe" WC="0.98" CC="7000"/>
						<SP ID="P80_SP00104" HPOS="1639" VPOS="2978" WIDTH="42"/>
						<String ID="P80_ST00125" HPOS="1681" VPOS="2921" WIDTH="55" HEIGHT="52" CONTENT="in" WC="0.68" CC="60"/>
						<SP ID="P80_SP00105" HPOS="1736" VPOS="2978" WIDTH="42"/>
						<String ID="P80_ST00126" HPOS="1778" VPOS="2919" WIDTH="105" HEIGHT="53" CONTENT="mir" WC="0.98" CC="006"/>
						<SP ID="P80_SP00106" HPOS="1883" VPOS="2978" WIDTH="40"/>
						<String ID="P80_ST00127" HPOS="1923" VPOS="2908" WIDTH="92" HEIGHT="61" CONTENT="die" WC="1.00" CC="010"/>
						<SP ID="P80_SP00107" HPOS="2015" VPOS="2978" WIDTH="40"/>
						<String ID="P80_ST00128" HPOS="2055" VPOS="2907" WIDTH="235" HEIGHT="62" CONTENT="Wonne" WC="1.00" CC="04000"/>
						<SP ID="P80_SP00108" HPOS="2290" VPOS="2978" WIDTH="41"/>
						<String ID="P80_ST00129" HPOS="2331" VPOS="2904" WIDTH="100" HEIGHT="61" CONTENT="der" WC="0.98" CC="005"/>
						<SP ID="P80_SP00109" HPOS="2431" VPOS="2978" WIDTH="42"/>
						<String ID="P80_ST00130" HPOS="2473" VPOS="2900" WIDTH="375" HEIGHT="64" CONTENT="wachsenden" WC="1.00" CC="0007000006"/>
						<SP ID="P80_SP00110" HPOS="2848" VPOS="2978" WIDTH="42"/>
						<String ID="P80_ST00131" HPOS="2890" VPOS="2898" WIDTH="246" HEIGHT="68" CONTENT="Pflanze," WC="0.99" CC="03300604"/>
					</TextLine>
					<TextLine ID="P80_TL00022" HPOS="1185" VPOS="2992" WIDTH="2107" HEIGHT="98">
						<String ID="P80_ST00132" HPOS="1185" VPOS="3008" WIDTH="258" HEIGHT="82" CONTENT="WipfeU" WC="0.65" CC="060607"/>
						<SP ID="P80_SP00111" HPOS="1443" VPOS="3090" WIDTH="18"/>
						<String ID="P80_ST00133" HPOS="1461" VPOS="3007" WIDTH="121" HEIGHT="62" CONTENT="und" WC="0.98" CC="600"/>
						<SP ID="P80_SP00112" HPOS="1582" VPOS="3090" WIDTH="17"/>
						<String ID="P80_ST00134" HPOS="1599" VPOS="3005" WIDTH="393" HEIGHT="63" CONTENT="Wurzelkraft" WC="0.99" CC="00760606700"/>
						<SP ID="P80_SP00113" HPOS="1992" VPOS="3090" WIDTH="25"/>
						<String ID="P80_ST00135" HPOS="2017" VPOS="3001" WIDTH="121" HEIGHT="63" CONTENT="und" WC="0.95" CC="750"/>
						<SP ID="P80_SP00114" HPOS="2138" VPOS="3090" WIDTH="16"/>
						<String ID="P80_ST00136" HPOS="2154" VPOS="3000" WIDTH="276" HEIGHT="80" CONTENT="Begierde" WC="0.99" CC="00044600"/>
						<SP ID="P80_SP00115" HPOS="2430" VPOS="3090" WIDTH="24"/>
						<String ID="P80_ST00137" HPOS="2454" VPOS="3022" WIDTH="119" HEIGHT="38" CONTENT="von" WC="0.98" CC="040"/>
						<SP ID="P80_SP00116" HPOS="2573" VPOS="3090" WIDTH="18"/>
						<String ID="P80_ST00138" HPOS="2591" VPOS="2997" WIDTH="253" HEIGHT="61" CONTENT="Blättern" WC="0.99" CC="07004050"/>
						<SP ID="P80_SP00117" HPOS="2844" VPOS="3090" WIDTH="20"/>
						<String ID="P80_ST00139" HPOS="2864" VPOS="2993" WIDTH="118" HEIGHT="62" CONTENT="und" WC="0.98" CC="600"/>
						<SP ID="P80_SP00118" HPOS="2982" VPOS="3090" WIDTH="18"/>
						<String ID="P80_ST00140" HPOS="3000" VPOS="2992" WIDTH="292" HEIGHT="77" CONTENT="Knospen," WC="0.99" CC="07300504"/>
					</TextLine>
					<TextLine ID="P80_TL00023" HPOS="1190" VPOS="3088" WIDTH="1879" HEIGHT="94">
						<String ID="P80_ST00141" HPOS="1190" VPOS="3104" WIDTH="267" HEIGHT="78" CONTENT="Seligkeit" WC="1.00" CC="006000005"/>
						<SP ID="P80_SP00119" HPOS="1457" VPOS="3182" WIDTH="41"/>
						<String ID="P80_ST00142" HPOS="1498" VPOS="3100" WIDTH="283" HEIGHT="65" CONTENT="reifender" WC="1.00" CC="600000006"/>
						<SP ID="P80_SP00120" HPOS="1781" VPOS="3182" WIDTH="41"/>
						<String ID="P80_ST00143" HPOS="1822" VPOS="3099" WIDTH="243" HEIGHT="61" CONTENT="Früchte" WC="0.99" CC="4600060"/>
						<SP ID="P80_SP00121" HPOS="2065" VPOS="3182" WIDTH="160"/>
						<String ID="P80_ST00144" HPOS="2225" VPOS="3093" WIDTH="120" HEIGHT="64" CONTENT="und" WC="0.96" CC="560"/>
						<SP ID="P80_SP00122" HPOS="2345" VPOS="3182" WIDTH="43"/>
						<String ID="P80_ST00145" HPOS="2388" VPOS="3091" WIDTH="376" HEIGHT="65" CONTENT="schauerndes" WC="1.00" CC="09000460000"/>
						<SP ID="P80_SP00123" HPOS="2764" VPOS="3182" WIDTH="44"/>
						<String ID="P80_ST00146" HPOS="2808" VPOS="3088" WIDTH="261" HEIGHT="64" CONTENT="Staunen" WC="0.99" CC="4200400"/>
					</TextLine>
					<TextLine ID="P80_TL00024" HPOS="1787" VPOS="3187" WIDTH="872" HEIGHT="69">
						<String ID="P80_ST00147" HPOS="1787" VPOS="3195" WIDTH="154" HEIGHT="61" CONTENT="Faßt" WC="0.97" CC="3035"/>
						<SP ID="P80_SP00124" HPOS="1941" VPOS="3256" WIDTH="39"/>
						<String ID="P80_ST00148" HPOS="1980" VPOS="3193" WIDTH="136" HEIGHT="61" CONTENT="mich" WC="0.98" CC="0700"/>
						<SP ID="P80_SP00125" HPOS="2116" VPOS="3256" WIDTH="43"/>
						<String ID="P80_ST00149" HPOS="2159" VPOS="3200" WIDTH="75" HEIGHT="52" CONTENT="im" WC="0.77" CC="40"/>
						<SP ID="P80_SP00126" HPOS="2234" VPOS="3256" WIDTH="42"/>
						<String ID="P80_ST00150" HPOS="2276" VPOS="3187" WIDTH="383" HEIGHT="64" CONTENT="Windhauch." WC="0.99" CC="0600006004"/>
					</TextLine>
					<TextLine ID="P80_TL00025" HPOS="1189" VPOS="3274" WIDTH="2108" HEIGHT="82">
						<String ID="P80_ST00151" HPOS="1189" VPOS="3295" WIDTH="175" HEIGHT="61" CONTENT="Habe" WC="0.97" CC="6070"/>
						<SP ID="P80_SP00127" HPOS="1364" VPOS="3356" WIDTH="42"/>
						<String ID="P80_ST00152" HPOS="1406" VPOS="3293" WIDTH="90" HEIGHT="62" CONTENT="die" WC="0.98" CC="050"/>
						<SP ID="P80_SP00128" HPOS="1496" VPOS="3356" WIDTH="42"/>
						<String ID="P80_ST00153" HPOS="1538" VPOS="3292" WIDTH="243" HEIGHT="62" CONTENT="Wonne" WC="0.99" CC="00440"/>
						<SP ID="P80_SP00129" HPOS="1781" VPOS="3356" WIDTH="42"/>
						<String ID="P80_ST00154" HPOS="1823" VPOS="3289" WIDTH="100" HEIGHT="61" CONTENT="der" WC="0.98" CC="006"/>
						<SP ID="P80_SP00130" HPOS="1923" VPOS="3356" WIDTH="41"/>
						<String ID="P80_ST00155" HPOS="1964" VPOS="3287" WIDTH="167" HEIGHT="62" CONTENT="land*" WC="0.65" CC="70009"/>
						<SP ID="P80_SP00131" HPOS="2131" VPOS="3356" WIDTH="35"/>
						<String ID="P80_ST00156" HPOS="2166" VPOS="3284" WIDTH="119" HEIGHT="62" CONTENT="und" WC="1.00" CC="000"/>
						<SP ID="P80_SP00132" HPOS="2285" VPOS="3356" WIDTH="41"/>
						<String ID="P80_ST00157" HPOS="2326" VPOS="3278" WIDTH="670" HEIGHT="67" CONTENT="meerumschwebenden" WC="1.00" CC="10063000700000000"/>
						<SP ID="P80_SP00133" HPOS="2996" VPOS="3356" WIDTH="33"/>
						<String ID="P80_ST00158" HPOS="3029" VPOS="3274" WIDTH="268" HEIGHT="67" CONTENT="Wolken," WC="0.99" CC="0370014"/>
					</TextLine>
					<TextLine ID="P80_TL00026" HPOS="1189" VPOS="3369" WIDTH="2109" HEIGHT="94">
						<String ID="P80_ST00159" HPOS="1189" VPOS="3389" WIDTH="236" HEIGHT="61" CONTENT="Möchte" WC="0.99" CC="000720"/>
						<SP ID="P80_SP00134" HPOS="1425" VPOS="3450" WIDTH="46"/>
						<String ID="P80_ST00160" HPOS="1471" VPOS="3387" WIDTH="90" HEIGHT="61" CONTENT="die" WC="0.99" CC="030"/>
						<SP ID="P80_SP00135" HPOS="1561" VPOS="3450" WIDTH="41"/>
						<String ID="P80_ST00161" HPOS="1602" VPOS="3386" WIDTH="317" HEIGHT="77" CONTENT="blaugrüne" WC="0.99" CC="700007000"/>
						<SP ID="P80_SP00136" HPOS="1919" VPOS="3463" WIDTH="41"/>
						<String ID="P80_ST00162" HPOS="1960" VPOS="3381" WIDTH="193" HEIGHT="78" CONTENT="Kugel" WC="0.98" CC="05057"/>
						<SP ID="P80_SP00137" HPOS="2153" VPOS="3463" WIDTH="43"/>
						<String ID="P80_ST00163" HPOS="2196" VPOS="3379" WIDTH="300" HEIGHT="78" CONTENT="umfliegen" WC="0.99" CC="003340003"/>
						<SP ID="P80_SP00138" HPOS="2496" VPOS="3463" WIDTH="43"/>
						<String ID="P80_ST00164" HPOS="2539" VPOS="3375" WIDTH="120" HEIGHT="63" CONTENT="und" WC="0.98" CC="400"/>
						<SP ID="P80_SP00139" HPOS="2659" VPOS="3463" WIDTH="40"/>
						<String ID="P80_ST00165" HPOS="2699" VPOS="3383" WIDTH="137" HEIGHT="52" CONTENT="weit" WC="0.99" CC="0004"/>
						<SP ID="P80_SP00140" HPOS="2836" VPOS="3463" WIDTH="41"/>
						<String ID="P80_ST00166" HPOS="2877" VPOS="3382" WIDTH="56" HEIGHT="52" CONTENT="in" WC="0.73" CC="50"/>
						<SP ID="P80_SP00141" HPOS="2933" VPOS="3463" WIDTH="43"/>
						<String ID="P80_ST00167" HPOS="2976" VPOS="3372" WIDTH="100" HEIGHT="61" CONTENT="der" WC="0.98" CC="006"/>
						<SP ID="P80_SP00142" HPOS="3076" VPOS="3463" WIDTH="33"/>
						<String ID="P80_ST00168" HPOS="3109" VPOS="3369" WIDTH="189" HEIGHT="62" CONTENT="Sonne" WC="0.98" CC="30066"/>
					</TextLine>
					<TextLine ID="P80_TL00027" HPOS="1193" VPOS="3467" WIDTH="1947" HEIGHT="84">
						<String ID="P80_ST00169" HPOS="1193" VPOS="3481" WIDTH="488" HEIGHT="65" CONTENT="Allteilnehmend" WC="1.00" CC="66600060070000"/>
						<SP ID="P80_SP00143" HPOS="1681" VPOS="3546" WIDTH="40"/>
						<String ID="P80_ST00170" HPOS="1721" VPOS="3480" WIDTH="135" HEIGHT="62" CONTENT="mich" WC="0.99" CC="0300"/>
						<SP ID="P80_SP00144" HPOS="1856" VPOS="3546" WIDTH="44"/>
						<String ID="P80_ST00171" HPOS="1900" VPOS="3477" WIDTH="225" HEIGHT="62" CONTENT="dehnen" WC="1.00" CC="000000"/>
						<SP ID="P80_SP00145" HPOS="2125" VPOS="3546" WIDTH="43"/>
						<String ID="P80_ST00172" HPOS="2168" VPOS="3476" WIDTH="143" HEIGHT="61" CONTENT="über" WC="0.97" CC="0705"/>
						<SP ID="P80_SP00146" HPOS="2311" VPOS="3546" WIDTH="41"/>
						<String ID="P80_ST00173" HPOS="2352" VPOS="3473" WIDTH="111" HEIGHT="62" CONTENT="den" WC="0.98" CC="004"/>
						<SP ID="P80_SP00147" HPOS="2463" VPOS="3546" WIDTH="42"/>
						<String ID="P80_ST00174" HPOS="2505" VPOS="3467" WIDTH="236" HEIGHT="84" CONTENT="Tropen" WC="0.98" CC="660005"/>
						<SP ID="P80_SP00148" HPOS="2741" VPOS="3551" WIDTH="43"/>
						<String ID="P80_ST00175" HPOS="2784" VPOS="3468" WIDTH="120" HEIGHT="62" CONTENT="und" WC="0.98" CC="400"/>
						<SP ID="P80_SP00149" HPOS="2904" VPOS="3551" WIDTH="39"/>
						<String ID="P80_ST00176" HPOS="2943" VPOS="3467" WIDTH="197" HEIGHT="68" CONTENT="Polen," WC="0.98" CC="007054"/>
					</TextLine>
					<TextLine ID="P80_TL00028" HPOS="1795" VPOS="3572" WIDTH="328" HEIGHT="63">
						<String ID="P80_ST00177" HPOS="1795" VPOS="3574" WIDTH="62" HEIGHT="61" CONTENT="O" WC="1.00" CC="0"/>
						<SP ID="P80_SP00150" HPOS="1857" VPOS="3635" WIDTH="45"/>
						<String ID="P80_ST00178" HPOS="1902" VPOS="3572" WIDTH="221" HEIGHT="61" CONTENT="Leben!" WC="1.00" CC="000001"/>
					</TextLine>
					<TextLine ID="P80_TL00029" HPOS="1194" VPOS="3660" WIDTH="1644" HEIGHT="90">
						<String ID="P80_ST00179" HPOS="1194" VPOS="3673" WIDTH="226" HEIGHT="62" CONTENT="Wollte" WC="0.99" CC="007710"/>
						<SP ID="P80_SP00151" HPOS="1420" VPOS="3735" WIDTH="42"/>
						<String ID="P80_ST00180" HPOS="1462" VPOS="3695" WIDTH="146" HEIGHT="55" CONTENT="ganz" WC="0.99" CC="0006"/>
						<SP ID="P80_SP00152" HPOS="1608" VPOS="3750" WIDTH="42"/>
						<String ID="P80_ST00181" HPOS="1650" VPOS="3670" WIDTH="120" HEIGHT="61" CONTENT="klar" WC="0.97" CC="0706"/>
						<SP ID="P80_SP00153" HPOS="1770" VPOS="3750" WIDTH="41"/>
						<String ID="P80_ST00182" HPOS="1811" VPOS="3668" WIDTH="120" HEIGHT="62" CONTENT="und" WC="1.00" CC="000"/>
						<SP ID="P80_SP00154" HPOS="1931" VPOS="3750" WIDTH="42"/>
						<String ID="P80_ST00183" HPOS="1973" VPOS="3662" WIDTH="478" HEIGHT="66" CONTENT="unüberwindlich" WC="1.00" CC="00000501007207"/>
						<SP ID="P80_SP00155" HPOS="2451" VPOS="3750" WIDTH="45"/>
						<String ID="P80_ST00184" HPOS="2496" VPOS="3660" WIDTH="119" HEIGHT="62" CONTENT="und" WC="0.98" CC="500"/>
						<SP ID="P80_SP00156" HPOS="2615" VPOS="3750" WIDTH="41"/>
						<String ID="P80_ST00185" HPOS="2656" VPOS="3668" WIDTH="182" HEIGHT="68" CONTENT="einzig" WC="0.99" CC="000660"/>
					</TextLine>
					<TextLine ID="P80_TL00030" HPOS="1198" VPOS="3750" WIDTH="1867" HEIGHT="79">
						<String ID="P80_ST00186" HPOS="1198" VPOS="3768" WIDTH="136" HEIGHT="61" CONTENT="Sein" WC="0.98" CC="0700"/>
						<SP ID="P80_SP00157" HPOS="1334" VPOS="3829" WIDTH="41"/>
						<String ID="P80_ST00187" HPOS="1375" VPOS="3775" WIDTH="111" HEIGHT="53" CONTENT="wie" WC="1.00" CC="000"/>
						<SP ID="P80_SP00158" HPOS="1486" VPOS="3829" WIDTH="43"/>
						<String ID="P80_ST00188" HPOS="1529" VPOS="3765" WIDTH="101" HEIGHT="61" CONTENT="der" WC="0.97" CC="006"/>
						<SP ID="P80_SP00159" HPOS="1630" VPOS="3829" WIDTH="40"/>
						<String ID="P80_ST00189" HPOS="1670" VPOS="3764" WIDTH="277" HEIGHT="61" CONTENT="Diamant" WC="0.99" CC="0200605"/>
						<SP ID="P80_SP00160" HPOS="1947" VPOS="3829" WIDTH="41"/>
						<String ID="P80_ST00190" HPOS="1988" VPOS="3759" WIDTH="119" HEIGHT="62" CONTENT="und" WC="0.95" CC="660"/>
						<SP ID="P80_SP00161" HPOS="2107" VPOS="3829" WIDTH="42"/>
						<String ID="P80_ST00191" HPOS="2149" VPOS="3768" WIDTH="75" HEIGHT="52" CONTENT="im" WC="1.00" CC="00"/>
						<SP ID="P80_SP00162" HPOS="2224" VPOS="3829" WIDTH="41"/>
						<String ID="P80_ST00192" HPOS="2265" VPOS="3756" WIDTH="174" HEIGHT="63" CONTENT="tiefen" WC="0.98" CC="040607"/>
						<SP ID="P80_SP00163" HPOS="2439" VPOS="3829" WIDTH="43"/>
						<String ID="P80_ST00193" HPOS="2482" VPOS="3754" WIDTH="218" HEIGHT="63" CONTENT="Schoße" WC="0.99" CC="090010"/>
						<SP ID="P80_SP00164" HPOS="2700" VPOS="3829" WIDTH="42"/>
						<String ID="P80_ST00194" HPOS="2742" VPOS="3753" WIDTH="102" HEIGHT="62" CONTENT="der" WC="0.95" CC="077"/>
						<SP ID="P80_SP00165" HPOS="2844" VPOS="3829" WIDTH="39"/>
						<String ID="P80_ST00195" HPOS="2883" VPOS="3750" WIDTH="182" HEIGHT="70" CONTENT="Erde," WC="0.97" CC="76004"/>
					</TextLine>
					<TextLine ID="P80_TL00031" HPOS="1199" VPOS="3847" WIDTH="1889" HEIGHT="85">
						<String ID="P80_ST00196" HPOS="1199" VPOS="3863" WIDTH="63" HEIGHT="60" CONTENT="In" WC="0.86" CC="20"/>
						<SP ID="P80_SP00166" HPOS="1262" VPOS="3923" WIDTH="41"/>
						<String ID="P80_ST00197" HPOS="1303" VPOS="3861" WIDTH="105" HEIGHT="62" CONTENT="das" WC="1.00" CC="000"/>
						<SP ID="P80_SP00167" HPOS="1408" VPOS="3923" WIDTH="43"/>
						<String ID="P80_ST00198" HPOS="1451" VPOS="3859" WIDTH="296" HEIGHT="63" CONTENT="dunkelste" WC="1.00" CC="000000030"/>
						<SP ID="P80_SP00168" HPOS="1747" VPOS="3923" WIDTH="40"/>
						<String ID="P80_ST00199" HPOS="1787" VPOS="3855" WIDTH="233" HEIGHT="64" CONTENT="Dunkel" WC="1.00" CC="060000"/>
						<SP ID="P80_SP00169" HPOS="2020" VPOS="3923" WIDTH="42"/>
						<String ID="P80_ST00200" HPOS="2062" VPOS="3854" WIDTH="339" HEIGHT="78" CONTENT="verborgen," WC="0.99" CC="0067350004"/>
						<SP ID="P80_SP00170" HPOS="2401" VPOS="3932" WIDTH="42"/>
						<String ID="P80_ST00201" HPOS="2443" VPOS="3861" WIDTH="102" HEIGHT="52" CONTENT="mir" WC="0.95" CC="066"/>
						<SP ID="P80_SP00171" HPOS="2545" VPOS="3932" WIDTH="41"/>
						<String ID="P80_ST00202" HPOS="2586" VPOS="3849" WIDTH="186" HEIGHT="62" CONTENT="selber" WC="0.99" CC="007006"/>
						<SP ID="P80_SP00172" HPOS="2772" VPOS="3932" WIDTH="40"/>
						<String ID="P80_ST00203" HPOS="2812" VPOS="3847" WIDTH="276" HEIGHT="80" CONTENT="gehören:" WC="0.99" CC="00705065"/>
					</TextLine>
					<TextLine ID="P80_TL00032" HPOS="1803" VPOS="3949" WIDTH="328" HEIGHT="64">
						<String ID="P80_ST00204" HPOS="1803" VPOS="3951" WIDTH="62" HEIGHT="62" CONTENT="O" WC="0.89" CC="1"/>
						<SP ID="P80_SP00173" HPOS="1865" VPOS="4013" WIDTH="43"/>
						<String ID="P80_ST00205" HPOS="1908" VPOS="3949" WIDTH="223" HEIGHT="63" CONTENT="Leben!" WC="0.99" CC="007003"/>
					</TextLine>
				</TextBlock>
			</PrintSpace>
		</Page>
	</Layout>
</alto>
