<?xml version="1.0" encoding="UTF-8"?>
<alto xmlns:xsi="http://www.w3.org/2001/XMLSchema-instance" xmlns="http://www.loc.gov/standards/alto/ns-v2#" xsi:schemaLocation="http://www.loc.gov/standards/alto/ns-v2# http://www.loc.gov/standards/alto/v2/alto-2-0.xsd" xmlns:xlink="http://www.w3.org/1999/xlink">
	<Description>
		<MeasurementUnit>mm10</MeasurementUnit>
		<sourceImageInformation>
			<fileName>./bmtnabr_1915-08_01_0046.jp2</fileName>
		</sourceImageInformation>
		<OCRProcessing ID="OCRPROCESSING_1">
			<preProcessingStep>
				<processingSoftware>
					<softwareCreator>CCS Content Conversion Specialists GmbH, Germany</softwareCreator>
					<softwareName>CCS docWorks</softwareName>
					<softwareVersion>6.8-1.27</softwareVersion>
				</processingSoftware>
			</preProcessingStep>
			<ocrProcessingStep>
				<processingSoftware>
					<softwareCreator>ABBYY (BIT Software), Russia</softwareCreator>
					<softwareName>FineReader</softwareName>
					<softwareVersion>11.0</softwareVersion>
				</processingSoftware>
			</ocrProcessingStep>
			<postProcessingStep>
				<processingSoftware>
					<softwareCreator>CCS Content Conversion Specialists GmbH, Germany</softwareCreator>
					<softwareName>CCS docWorks</softwareName>
					<softwareVersion>6.8-1.27</softwareVersion>
					<applicationDescription>docWorks: Text modified manually, or automatically replaced</applicationDescription>
				</processingSoftware>
			</postProcessingStep>
		</OCRProcessing>
	</Description>
	<Styles>
		<TextStyle ID="TXT_0" FONTSIZE="29" FONTFAMILY="Times New Roman"/>
		<TextStyle ID="TXT_1" FONTSIZE="18" FONTFAMILY="Times New Roman" FONTSTYLE="bold italics"/>
		<TextStyle ID="TXT_2" FONTSIZE="21" FONTFAMILY="Times New Roman"/>
		<ParagraphStyle ID="PAR_LEFT" ALIGN="Left"/>
		<ParagraphStyle ID="PAR_RIGHT" ALIGN="Right"/>
		<ParagraphStyle ID="PAR_CENTER" ALIGN="Center"/>
	</Styles>
	<Layout>
		<Page ID="P46" PHYSICAL_IMG_NR="46" HEIGHT="4572" WIDTH="3430" PRINTED_IMG_NR="988" PC="0.925">
			<TopMargin ID="P46_TM00001" HPOS="0" VPOS="0" WIDTH="3430" HEIGHT="496">
				<TextBlock ID="P46_TB00001" HPOS="1022" VPOS="411" WIDTH="95" HEIGHT="51" STYLEREFS="TXT_0 PAR_LEFT">
					<TextLine ID="P46_TL00001" HPOS="1022" VPOS="411" WIDTH="95" HEIGHT="51">
						<String ID="P46_ST00001" HPOS="1022" VPOS="411" WIDTH="95" HEIGHT="51" CONTENT="988" WC="1.00" CC="000"/>
					</TextLine>
				</TextBlock>
				<TextBlock ID="P46_TB00002" HPOS="1633" VPOS="427" WIDTH="1056" HEIGHT="66" STYLEREFS="TXT_1 PAR_RIGHT">
					<TextLine ID="P46_TL00002" HPOS="1633" VPOS="427" WIDTH="1056" HEIGHT="65">
						<String ID="P46_ST00002" HPOS="1633" VPOS="427" WIDTH="243" HEIGHT="50" CONTENT="Heinrieß" WC="0.98" CC="26650657"/>
						<SP ID="P46_SP00001" HPOS="1876" VPOS="477" WIDTH="29"/>
						<String ID="P46_ST00003" HPOS="1905" VPOS="430" WIDTH="213" HEIGHT="51" CONTENT="Nowall" WC="0.98" CC="000259"/>
						<SP ID="P46_SP00002" HPOS="2118" VPOS="481" WIDTH="22"/>
						<String ID="P46_ST00004" HPOS="2140" VPOS="458" WIDTH="8" HEIGHT="11" CONTENT="*" WC="1.00" CC="0"/>
						<SP ID="P46_SP00003" HPOS="2148" VPOS="481" WIDTH="20"/>
						<String ID="P46_ST00005" HPOS="2168" VPOS="435" WIDTH="105" HEIGHT="50" CONTENT="Die" WC="0.94" CC="960"/>
						<SP ID="P46_SP00004" HPOS="2273" VPOS="485" WIDTH="31"/>
						<String ID="P46_ST00006" HPOS="2304" VPOS="438" WIDTH="385" HEIGHT="54" CONTENT="Sonnenseucße" WC="0.59" CC="706909204160"/>
					</TextLine>
				</TextBlock>
			</TopMargin>
			<LeftMargin ID="P46_LM00001" HPOS="0" VPOS="496" WIDTH="949" HEIGHT="3341"/>
			<RightMargin ID="P46_RM00001" HPOS="3295" VPOS="496" WIDTH="135" HEIGHT="3341"/>
			<BottomMargin ID="P46_BM00001" HPOS="0" VPOS="3837" WIDTH="3430" HEIGHT="735"/>
			<PrintSpace ID="P46_PS00001" HPOS="949" VPOS="496" WIDTH="2346" HEIGHT="3341">
				<TextBlock ID="P46_TB00003" HPOS="988" VPOS="602" WIDTH="2307" HEIGHT="1306" STYLEREFS="TXT_2 PAR_LEFT">
					<TextLine ID="P46_TL00003" HPOS="1098" VPOS="603" WIDTH="2197" HEIGHT="113">
						<String ID="P46_ST00007" HPOS="1098" VPOS="603" WIDTH="116" HEIGHT="63" CONTENT="Die" WC="0.97" CC="250"/>
						<SP ID="P46_SP00005" HPOS="1214" VPOS="666" WIDTH="49"/>
						<String ID="P46_ST00008" HPOS="1263" VPOS="607" WIDTH="345" HEIGHT="78" CONTENT="Sykomore," WC="0.68" CC="670004604"/>
						<SP ID="P46_SP00006" HPOS="1608" VPOS="685" WIDTH="50"/>
						<String ID="P46_ST00009" HPOS="1658" VPOS="640" WIDTH="73" HEIGHT="36" CONTENT="an" WC="1.00" CC="00"/>
						<SP ID="P46_SP00007" HPOS="1731" VPOS="685" WIDTH="52"/>
						<String ID="P46_ST00010" HPOS="1783" VPOS="615" WIDTH="91" HEIGHT="63" CONTENT="die" WC="1.00" CC="000"/>
						<SP ID="P46_SP00008" HPOS="1874" VPOS="685" WIDTH="49"/>
						<String ID="P46_ST00011" HPOS="1923" VPOS="629" WIDTH="149" HEIGHT="53" CONTENT="mein" WC="0.97" CC="0065"/>
						<SP ID="P46_SP00009" HPOS="2072" VPOS="685" WIDTH="49"/>
						<String ID="P46_ST00012" HPOS="2121" VPOS="623" WIDTH="214" HEIGHT="65" CONTENT="Kanoe" WC="0.92" CC="00400"/>
						<SP ID="P46_SP00010" HPOS="2335" VPOS="688" WIDTH="56"/>
						<String ID="P46_ST00013" HPOS="2391" VPOS="629" WIDTH="308" HEIGHT="78" CONTENT="gebunden" WC="0.99" CC="00705005"/>
						<SP ID="P46_SP00011" HPOS="2699" VPOS="707" WIDTH="50"/>
						<String ID="P46_ST00014" HPOS="2749" VPOS="646" WIDTH="89" HEIGHT="63" CONTENT="ist," WC="0.97" CC="4054"/>
						<SP ID="P46_SP00012" HPOS="2838" VPOS="709" WIDTH="57"/>
						<String ID="P46_ST00015" HPOS="2895" VPOS="640" WIDTH="223" HEIGHT="76" CONTENT="brennt," WC="0.99" CC="0000054"/>
						<SP ID="P46_SP00013" HPOS="3118" VPOS="716" WIDTH="58"/>
						<String ID="P46_ST00016" HPOS="3176" VPOS="664" WIDTH="119" HEIGHT="52" CONTENT="eine" WC="0.97" CC="0617"/>
					</TextLine>
					<TextLine ID="P46_TL00004" HPOS="1016" VPOS="683" WIDTH="2279" HEIGHT="87">
						<String ID="P46_ST00017" HPOS="1016" VPOS="696" WIDTH="208" HEIGHT="64" CONTENT="Fackel" WC="0.99" CC="200700"/>
						<SP ID="P46_SP00014" HPOS="1224" VPOS="760" WIDTH="41"/>
						<String ID="P46_ST00018" HPOS="1265" VPOS="711" WIDTH="73" HEIGHT="52" CONTENT="im" WC="0.69" CC="60"/>
						<SP ID="P46_SP00015" HPOS="1338" VPOS="763" WIDTH="41"/>
						<String ID="P46_ST00019" HPOS="1379" VPOS="703" WIDTH="395" HEIGHT="67" CONTENT="Feuerschein." WC="0.99" CC="400003070604"/>
						<SP ID="P46_SP00016" HPOS="1774" VPOS="770" WIDTH="1492"/>
						<String ID="P46_ST00020" HPOS="3266" VPOS="683" WIDTH="29" HEIGHT="38" CONTENT="6" STYLE="superscript" WC="0.24" CC="7"/>
					</TextLine>
					<TextLine ID="P46_TL00005" HPOS="1095" VPOS="792" WIDTH="2179" HEIGHT="117">
						<String ID="P46_ST00021" HPOS="1095" VPOS="792" WIDTH="125" HEIGHT="62" CONTENT="Der" WC="0.96" CC="506"/>
						<SP ID="P46_SP00017" HPOS="1220" VPOS="854" WIDTH="42"/>
						<String ID="P46_ST00022" HPOS="1262" VPOS="796" WIDTH="329" HEIGHT="82" CONTENT="Seespiegel" WC="1.00" CC="6000100000"/>
						<SP ID="P46_SP00018" HPOS="1591" VPOS="878" WIDTH="41"/>
						<String ID="P46_ST00023" HPOS="1632" VPOS="802" WIDTH="240" HEIGHT="66" CONTENT="leuchtet" WC="1.00" CC="00000603"/>
						<SP ID="P46_SP00019" HPOS="1872" VPOS="878" WIDTH="39"/>
						<String ID="P46_ST00024" HPOS="1911" VPOS="810" WIDTH="245" HEIGHT="76" CONTENT="grellrot." WC="0.99" CC="050006554"/>
						<SP ID="P46_SP00020" HPOS="2156" VPOS="886" WIDTH="46"/>
						<String ID="P46_ST00025" HPOS="2202" VPOS="814" WIDTH="84" HEIGHT="62" CONTENT="Ich" WC="0.96" CC="090"/>
						<SP ID="P46_SP00021" HPOS="2286" VPOS="886" WIDTH="44"/>
						<String ID="P46_ST00026" HPOS="2330" VPOS="817" WIDTH="160" HEIGHT="65" CONTENT="fahre" WC="0.97" CC="60760"/>
						<SP ID="P46_SP00022" HPOS="2490" VPOS="886" WIDTH="43"/>
						<String ID="P46_ST00027" HPOS="2533" VPOS="821" WIDTH="168" HEIGHT="65" CONTENT="durch" WC="0.99" CC="00600"/>
						<SP ID="P46_SP00023" HPOS="2701" VPOS="886" WIDTH="42"/>
						<String ID="P46_ST00028" HPOS="2743" VPOS="826" WIDTH="244" HEIGHT="83" CONTENT="blutiges" WC="0.99" CC="76046000"/>
						<SP ID="P46_SP00024" HPOS="2987" VPOS="909" WIDTH="43"/>
						<String ID="P46_ST00029" HPOS="3030" VPOS="834" WIDTH="244" HEIGHT="74" CONTENT="Wasser" WC="1.00" CC="000030"/>
					</TextLine>
					<TextLine ID="P46_TL00006" HPOS="1012" VPOS="885" WIDTH="2276" HEIGHT="128">
						<String ID="P46_ST00030" HPOS="1012" VPOS="885" WIDTH="81" HEIGHT="61" CONTENT="Ich" WC="0.96" CC="307"/>
						<SP ID="P46_SP00025" HPOS="1093" VPOS="946" WIDTH="27"/>
						<String ID="P46_ST00031" HPOS="1120" VPOS="890" WIDTH="208" HEIGHT="62" CONTENT="rudere" WC="0.99" CC="700000"/>
						<SP ID="P46_SP00026" HPOS="1328" VPOS="952" WIDTH="26"/>
						<String ID="P46_ST00032" HPOS="1354" VPOS="895" WIDTH="133" HEIGHT="60" CONTENT="mich" WC="0.99" CC="0600"/>
						<SP ID="P46_SP00027" HPOS="1487" VPOS="955" WIDTH="28"/>
						<String ID="P46_ST00033" HPOS="1515" VPOS="919" WIDTH="107" HEIGHT="38" CONTENT="aus" WC="0.95" CC="650"/>
						<SP ID="P46_SP00028" HPOS="1622" VPOS="957" WIDTH="28"/>
						<String ID="P46_ST00034" HPOS="1650" VPOS="897" WIDTH="129" HEIGHT="64" CONTENT="dem" WC="1.00" CC="000"/>
						<SP ID="P46_SP00029" HPOS="1779" VPOS="961" WIDTH="27"/>
						<String ID="P46_ST00035" HPOS="1806" VPOS="901" WIDTH="193" HEIGHT="65" CONTENT="Brand" WC="0.99" CC="25000"/>
						<SP ID="P46_SP00030" HPOS="1999" VPOS="966" WIDTH="26"/>
						<String ID="P46_ST00036" HPOS="2025" VPOS="905" WIDTH="102" HEIGHT="64" CONTENT="der" WC="0.99" CC="003"/>
						<SP ID="P46_SP00031" HPOS="2127" VPOS="969" WIDTH="25"/>
						<String ID="P46_ST00037" HPOS="2152" VPOS="908" WIDTH="249" HEIGHT="67" CONTENT="Wälder" WC="0.99" CC="007005"/>
						<SP ID="P46_SP00032" HPOS="2401" VPOS="975" WIDTH="35"/>
						<String ID="P46_ST00038" HPOS="2436" VPOS="924" WIDTH="54" HEIGHT="53" CONTENT="in" WC="0.67" CC="60"/>
						<SP ID="P46_SP00033" HPOS="2490" VPOS="977" WIDTH="37"/>
						<String ID="P46_ST00039" HPOS="2527" VPOS="916" WIDTH="90" HEIGHT="64" CONTENT="die" WC="0.98" CC="040"/>
						<SP ID="P46_SP00034" HPOS="2617" VPOS="980" WIDTH="24"/>
						<String ID="P46_ST00040" HPOS="2641" VPOS="920" WIDTH="251" HEIGHT="84" CONTENT="Rettung" WC="0.99" CC="4007050"/>
						<SP ID="P46_SP00035" HPOS="2892" VPOS="1004" WIDTH="33"/>
						<String ID="P46_ST00041" HPOS="2925" VPOS="927" WIDTH="101" HEIGHT="64" CONTENT="des" WC="1.00" CC="000"/>
						<SP ID="P46_SP00036" HPOS="3026" VPOS="1004" WIDTH="27"/>
						<String ID="P46_ST00042" HPOS="3053" VPOS="897" WIDTH="235" HEIGHT="116" CONTENT="Regens’" WC="0.99" CC="0000308"/>
					</TextLine>
					<TextLine ID="P46_TL00007" HPOS="1088" VPOS="983" WIDTH="2199" HEIGHT="113">
						<String ID="P46_ST00043" HPOS="1088" VPOS="983" WIDTH="82" HEIGHT="60" CONTENT="Ich" WC="0.96" CC="090"/>
						<SP ID="P46_SP00037" HPOS="1170" VPOS="1043" WIDTH="36"/>
						<String ID="P46_ST00044" HPOS="1206" VPOS="988" WIDTH="195" HEIGHT="61" CONTENT="werde" WC="1.00" CC="00000"/>
						<SP ID="P46_SP00038" HPOS="1401" VPOS="1049" WIDTH="34"/>
						<String ID="P46_ST00045" HPOS="1435" VPOS="991" WIDTH="213" HEIGHT="61" CONTENT="wieder" WC="0.99" CC="060006"/>
						<SP ID="P46_SP00039" HPOS="1648" VPOS="1052" WIDTH="40"/>
						<String ID="P46_ST00046" HPOS="1688" VPOS="993" WIDTH="122" HEIGHT="63" CONTENT="klar" WC="0.97" CC="0066"/>
						<SP ID="P46_SP00040" HPOS="1810" VPOS="1056" WIDTH="40"/>
						<String ID="P46_ST00047" HPOS="1850" VPOS="998" WIDTH="222" HEIGHT="65" CONTENT="denken" WC="1.00" CC="000005"/>
						<SP ID="P46_SP00041" HPOS="2072" VPOS="1063" WIDTH="42"/>
						<String ID="P46_ST00048" HPOS="2114" VPOS="1004" WIDTH="247" HEIGHT="66" CONTENT="können," WC="1.00" CC="0002013"/>
						<SP ID="P46_SP00042" HPOS="2361" VPOS="1070" WIDTH="45"/>
						<String ID="P46_ST00049" HPOS="2406" VPOS="1010" WIDTH="194" HEIGHT="77" CONTENT="Marä," WC="0.50" CC="25474"/>
						<SP ID="P46_SP00043" HPOS="2600" VPOS="1087" WIDTH="45"/>
						<String ID="P46_ST00050" HPOS="2645" VPOS="1018" WIDTH="78" HEIGHT="60" CONTENT="ich" WC="0.94" CC="590"/>
						<SP ID="P46_SP00044" HPOS="2723" VPOS="1087" WIDTH="35"/>
						<String ID="P46_ST00051" HPOS="2758" VPOS="1022" WIDTH="197" HEIGHT="62" CONTENT="werde" WC="0.99" CC="00600"/>
						<SP ID="P46_SP00045" HPOS="2955" VPOS="1087" WIDTH="34"/>
						<String ID="P46_ST00052" HPOS="2989" VPOS="1024" WIDTH="116" HEIGHT="64" CONTENT="dich" WC="0.99" CC="0600"/>
						<SP ID="P46_SP00046" HPOS="3105" VPOS="1088" WIDTH="37"/>
						<String ID="P46_ST00053" HPOS="3142" VPOS="1032" WIDTH="145" HEIGHT="64" CONTENT="ohne" WC="0.97" CC="0706"/>
					</TextLine>
					<TextLine ID="P46_TL00008" HPOS="1009" VPOS="1074" WIDTH="685" HEIGHT="75">
						<String ID="P46_ST00054" HPOS="1009" VPOS="1074" WIDTH="163" HEIGHT="74" CONTENT="Qual" WC="0.98" CC="0017"/>
						<SP ID="P46_SP00047" HPOS="1172" VPOS="1148" WIDTH="42"/>
						<String ID="P46_ST00055" HPOS="1214" VPOS="1079" WIDTH="180" HEIGHT="64" CONTENT="lieben" WC="0.98" CC="065700"/>
						<SP ID="P46_SP00048" HPOS="1394" VPOS="1148" WIDTH="42"/>
						<String ID="P46_ST00056" HPOS="1436" VPOS="1083" WIDTH="258" HEIGHT="66" CONTENT="können!" WC="1.00" CC="0002002"/>
					</TextLine>
					<TextLine ID="P46_TL00009" HPOS="1083" VPOS="1172" WIDTH="2185" HEIGHT="115">
						<String ID="P46_ST00057" HPOS="1083" VPOS="1172" WIDTH="114" HEIGHT="62" CONTENT="Die" WC="0.96" CC="064"/>
						<SP ID="P46_SP00049" HPOS="1197" VPOS="1234" WIDTH="56"/>
						<String ID="P46_ST00058" HPOS="1253" VPOS="1174" WIDTH="198" HEIGHT="64" CONTENT="Ruder" WC="0.98" CC="06004"/>
						<SP ID="P46_SP00050" HPOS="1451" VPOS="1238" WIDTH="68"/>
						<String ID="P46_ST00059" HPOS="1519" VPOS="1188" WIDTH="54" HEIGHT="52" CONTENT="in" WC="0.40" CC="65"/>
						<SP ID="P46_SP00051" HPOS="1573" VPOS="1240" WIDTH="61"/>
						<String ID="P46_ST00060" HPOS="1634" VPOS="1193" WIDTH="226" HEIGHT="55" CONTENT="meinen" WC="0.99" CC="505000"/>
						<SP ID="P46_SP00052" HPOS="1860" VPOS="1248" WIDTH="59"/>
						<String ID="P46_ST00061" HPOS="1919" VPOS="1188" WIDTH="254" HEIGHT="68" CONTENT="Händen" WC="1.00" CC="600000"/>
						<SP ID="P46_SP00053" HPOS="2173" VPOS="1256" WIDTH="70"/>
						<String ID="P46_ST00062" HPOS="2243" VPOS="1200" WIDTH="235" HEIGHT="63" CONTENT="werden" WC="0.99" CC="007000"/>
						<SP ID="P46_SP00054" HPOS="2478" VPOS="1263" WIDTH="68"/>
						<String ID="P46_ST00063" HPOS="2546" VPOS="1205" WIDTH="215" HEIGHT="65" CONTENT="schwer" WC="0.98" CC="097007"/>
						<SP ID="P46_SP00055" HPOS="2761" VPOS="1270" WIDTH="58"/>
						<String ID="P46_ST00064" HPOS="2819" VPOS="1212" WIDTH="120" HEIGHT="63" CONTENT="und" WC="1.00" CC="000"/>
						<SP ID="P46_SP00056" HPOS="2939" VPOS="1275" WIDTH="57"/>
						<String ID="P46_ST00065" HPOS="2996" VPOS="1217" WIDTH="272" HEIGHT="70" CONTENT="schwerer" WC="0.99" CC="00000606"/>
					</TextLine>
					<TextLine ID="P46_TL00010" HPOS="1008" VPOS="1270" WIDTH="1336" HEIGHT="87">
						<String ID="P46_ST00066" HPOS="1008" VPOS="1270" WIDTH="192" HEIGHT="58" CONTENT="Wenn" WC="0.72" CC="9055"/>
						<SP ID="P46_SP00057" HPOS="1200" VPOS="1328" WIDTH="43"/>
						<String ID="P46_ST00067" HPOS="1243" VPOS="1271" WIDTH="75" HEIGHT="60" CONTENT="ich" WC="0.97" CC="600"/>
						<SP ID="P46_SP00058" HPOS="1318" VPOS="1331" WIDTH="43"/>
						<String ID="P46_ST00068" HPOS="1361" VPOS="1295" WIDTH="109" HEIGHT="39" CONTENT="nur" WC="0.99" CC="003"/>
						<SP ID="P46_SP00059" HPOS="1470" VPOS="1334" WIDTH="40"/>
						<String ID="P46_ST00069" HPOS="1510" VPOS="1276" WIDTH="171" HEIGHT="63" CONTENT="schon" WC="0.99" CC="00016"/>
						<SP ID="P46_SP00060" HPOS="1681" VPOS="1339" WIDTH="43"/>
						<String ID="P46_ST00070" HPOS="1724" VPOS="1304" WIDTH="93" HEIGHT="38" CONTENT="am" WC="1.00" CC="00"/>
						<SP ID="P46_SP00061" HPOS="1817" VPOS="1342" WIDTH="45"/>
						<String ID="P46_ST00071" HPOS="1862" VPOS="1282" WIDTH="152" HEIGHT="65" CONTENT="Ufer" WC="0.96" CC="7605"/>
						<SP ID="P46_SP00062" HPOS="2014" VPOS="1347" WIDTH="41"/>
						<String ID="P46_ST00072" HPOS="2055" VPOS="1292" WIDTH="289" HEIGHT="65" CONTENT="wäre!.,." WC="0.99" CC="00502344"/>
					</TextLine>
					<TextLine ID="P46_TL00011" HPOS="1078" VPOS="1360" WIDTH="297" HEIGHT="68">
						<String ID="P46_ST00073" HPOS="1078" VPOS="1360" WIDTH="297" HEIGHT="68" CONTENT="Müde,.." WC="0.99" CC="0000144"/>
					</TextLine>
					<TextLine ID="P46_TL00012" HPOS="1074" VPOS="1454" WIDTH="372" HEIGHT="84">
						<String ID="P46_ST00074" HPOS="1074" VPOS="1454" WIDTH="372" HEIGHT="84" CONTENT="Schläfrig,,." WC="0.99" CC="500000660444"/>
					</TextLine>
					<TextLine ID="P46_TL00013" HPOS="1070" VPOS="1546" WIDTH="1750" HEIGHT="112">
						<String ID="P46_ST00075" HPOS="1070" VPOS="1546" WIDTH="81" HEIGHT="63" CONTENT="14" WC="0.31" CC="39"/>
						<SP ID="P46_SP00063" HPOS="1151" VPOS="1609" WIDTH="46"/>
						<String ID="P46_ST00076" HPOS="1197" VPOS="1556" WIDTH="218" HEIGHT="61" CONTENT="mö4te" WC="0.74" CC="07004"/>
						<SP ID="P46_SP00064" HPOS="1415" VPOS="1617" WIDTH="41"/>
						<String ID="P46_ST00077" HPOS="1456" VPOS="1558" WIDTH="274" HEIGHT="77" CONTENT="s4(afen,." WC="0.75" CC="204003344"/>
						<SP ID="P46_SP00065" HPOS="1730" VPOS="1635" WIDTH="41"/>
						<String ID="P46_ST00078" HPOS="1771" VPOS="1566" WIDTH="119" HEIGHT="71" CONTENT="tief," WC="0.98" CC="45304"/>
						<SP ID="P46_SP00066" HPOS="1890" VPOS="1637" WIDTH="43"/>
						<String ID="P46_ST00079" HPOS="1933" VPOS="1566" WIDTH="112" HEIGHT="66" CONTENT="fest" WC="0.96" CC="6452"/>
						<SP ID="P46_SP00067" HPOS="2045" VPOS="1637" WIDTH="41"/>
						<String ID="P46_ST00080" HPOS="2086" VPOS="1574" WIDTH="119" HEIGHT="63" CONTENT="und" WC="0.96" CC="307"/>
						<SP ID="P46_SP00068" HPOS="2205" VPOS="1637" WIDTH="41"/>
						<String ID="P46_ST00081" HPOS="2246" VPOS="1576" WIDTH="193" HEIGHT="82" CONTENT="ruhig!" WC="0.98" CC="057500"/>
						<SP ID="P46_SP00069" HPOS="2439" VPOS="1658" WIDTH="43"/>
						<String ID="P46_ST00082" HPOS="2482" VPOS="1576" WIDTH="338" HEIGHT="74" CONTENT="Traumlos!" WC="0.99" CC="461307333"/>
					</TextLine>
					<TextLine ID="P46_TL00014" HPOS="1083" VPOS="1642" WIDTH="2192" HEIGHT="120">
						<String ID="P46_ST00083" HPOS="1083" VPOS="1642" WIDTH="205" HEIGHT="69" CONTENT="Meine" WC="0.98" CC="60406"/>
						<SP ID="P46_SP00070" HPOS="1288" VPOS="1711" WIDTH="43"/>
						<String ID="P46_ST00084" HPOS="1331" VPOS="1650" WIDTH="298" HEIGHT="68" CONTENT="Wüns4e" WC="0.64" CC="703406"/>
						<SP ID="P46_SP00071" HPOS="1629" VPOS="1718" WIDTH="50"/>
						<String ID="P46_ST00085" HPOS="1679" VPOS="1660" WIDTH="127" HEIGHT="61" CONTENT="sind" WC="0.95" CC="7339"/>
						<SP ID="P46_SP00072" HPOS="1806" VPOS="1721" WIDTH="51"/>
						<String ID="P46_ST00086" HPOS="1857" VPOS="1663" WIDTH="214" HEIGHT="66" CONTENT="erfüllt:" WC="0.98" CC="54503704"/>
						<SP ID="P46_SP00073" HPOS="2071" VPOS="1729" WIDTH="61"/>
						<String ID="P46_ST00087" HPOS="2132" VPOS="1693" WIDTH="60" HEIGHT="38" CONTENT="es" WC="0.44" CC="55"/>
						<SP ID="P46_SP00074" HPOS="2192" VPOS="1731" WIDTH="51"/>
						<String ID="P46_ST00088" HPOS="2243" VPOS="1675" WIDTH="145" HEIGHT="61" CONTENT="wird" WC="0.97" CC="7150"/>
						<SP ID="P46_SP00075" HPOS="2388" VPOS="1736" WIDTH="51"/>
						<String ID="P46_ST00089" HPOS="2439" VPOS="1701" WIDTH="228" HEIGHT="56" CONTENT="regnen." WC="0.99" CC="4000470"/>
						<SP ID="P46_SP00076" HPOS="2667" VPOS="1757" WIDTH="54"/>
						<String ID="P46_ST00090" HPOS="2721" VPOS="1683" WIDTH="84" HEIGHT="63" CONTENT="14" WC="1.00" CC="00"/>
						<SP ID="P46_SP00077" HPOS="2805" VPOS="1757" WIDTH="53"/>
						<String ID="P46_ST00091" HPOS="2858" VPOS="1688" WIDTH="196" HEIGHT="66" CONTENT="werde" WC="0.96" CC="96405"/>
						<SP ID="P46_SP00078" HPOS="3054" VPOS="1757" WIDTH="50"/>
						<String ID="P46_ST00092" HPOS="3104" VPOS="1693" WIDTH="171" HEIGHT="69" CONTENT="Marä" WC="0.47" CC="9037"/>
					</TextLine>
					<TextLine ID="P46_TL00015" HPOS="988" VPOS="1745" WIDTH="877" HEIGHT="74">
						<String ID="P46_ST00093" HPOS="988" VPOS="1745" WIDTH="154" HEIGHT="57" CONTENT="ohne" WC="0.98" CC="4060"/>
						<SP ID="P46_SP00079" HPOS="1142" VPOS="1802" WIDTH="43"/>
						<String ID="P46_ST00094" HPOS="1185" VPOS="1745" WIDTH="162" HEIGHT="71" CONTENT="Qual" WC="0.98" CC="2600"/>
						<SP ID="P46_SP00080" HPOS="1347" VPOS="1816" WIDTH="43"/>
						<String ID="P46_ST00095" HPOS="1390" VPOS="1746" WIDTH="186" HEIGHT="66" CONTENT="lieben" WC="0.98" CC="060703"/>
						<SP ID="P46_SP00081" HPOS="1576" VPOS="1816" WIDTH="42"/>
						<String ID="P46_ST00096" HPOS="1618" VPOS="1751" WIDTH="247" HEIGHT="68" CONTENT="können." WC="0.99" CC="0006004"/>
					</TextLine>
					<TextLine ID="P46_TL00016" HPOS="1063" VPOS="1835" WIDTH="372" HEIGHT="73">
						<String ID="P46_ST00097" HPOS="1063" VPOS="1835" WIDTH="123" HEIGHT="73" CONTENT="Ah," WC="0.94" CC="474"/>
						<SP ID="P46_SP00082" HPOS="1186" VPOS="1908" WIDTH="44"/>
						<String ID="P46_ST00098" HPOS="1230" VPOS="1839" WIDTH="205" HEIGHT="64" CONTENT="Marä!" WC="0.67" CC="00096"/>
					</TextLine>
				</TextBlock>
				<TextBlock ID="P46_TB00004" HPOS="1961" VPOS="2045" WIDTH="322" HEIGHT="69" STYLEREFS="TXT_2 PAR_CENTER">
					<TextLine ID="P46_TL00017" HPOS="1962" VPOS="2045" WIDTH="321" HEIGHT="69">
						<String ID="P46_ST00099" HPOS="1962" VPOS="2045" WIDTH="321" HEIGHT="69" CONTENT="XXXVII." WC="0.84" CC="2020014"/>
					</TextLine>
				</TextBlock>
				<TextBlock ID="P46_TB00005" HPOS="949" VPOS="2151" WIDTH="2313" HEIGHT="1686" STYLEREFS="TXT_2 PAR_LEFT">
					<TextLine ID="P46_TL00018" HPOS="1057" VPOS="2151" WIDTH="2205" HEIGHT="114">
						<String ID="P46_ST00100" HPOS="1057" VPOS="2151" WIDTH="168" HEIGHT="65" CONTENT="Mein" WC="0.96" CC="5643"/>
						<SP ID="P46_SP00083" HPOS="1225" VPOS="2216" WIDTH="43"/>
						<String ID="P46_ST00101" HPOS="1268" VPOS="2155" WIDTH="211" HEIGHT="66" CONTENT="Kanoe" WC="0.53" CC="45066"/>
						<SP ID="P46_SP00084" HPOS="1479" VPOS="2221" WIDTH="40"/>
						<String ID="P46_ST00102" HPOS="1519" VPOS="2166" WIDTH="158" HEIGHT="63" CONTENT="stößt" WC="0.97" CC="03664"/>
						<SP ID="P46_SP00085" HPOS="1677" VPOS="2229" WIDTH="41"/>
						<String ID="P46_ST00103" HPOS="1718" VPOS="2191" WIDTH="104" HEIGHT="41" CONTENT="ans" WC="0.95" CC="750"/>
						<SP ID="P46_SP00086" HPOS="1822" VPOS="2232" WIDTH="45"/>
						<String ID="P46_ST00104" HPOS="1867" VPOS="2171" WIDTH="163" HEIGHT="66" CONTENT="Ufer." WC="0.98" CC="60550"/>
						<SP ID="P46_SP00087" HPOS="2030" VPOS="2237" WIDTH="51"/>
						<String ID="P46_ST00105" HPOS="2081" VPOS="2176" WIDTH="84" HEIGHT="63" CONTENT="14" WC="0.56" CC="17"/>
						<SP ID="P46_SP00088" HPOS="2165" VPOS="2239" WIDTH="53"/>
						<String ID="P46_ST00106" HPOS="2218" VPOS="2178" WIDTH="140" HEIGHT="66" CONTENT="höre" WC="0.95" CC="6646"/>
						<SP ID="P46_SP00089" HPOS="2358" VPOS="2244" WIDTH="50"/>
						<String ID="P46_ST00107" HPOS="2408" VPOS="2183" WIDTH="112" HEIGHT="64" CONTENT="den" WC="0.96" CC="702"/>
						<SP ID="P46_SP00090" HPOS="2520" VPOS="2247" WIDTH="43"/>
						<String ID="P46_ST00108" HPOS="2563" VPOS="2186" WIDTH="132" HEIGHT="63" CONTENT="Kiel" WC="0.97" CC="0327"/>
						<SP ID="P46_SP00091" HPOS="2695" VPOS="2249" WIDTH="51"/>
						<String ID="P46_ST00109" HPOS="2746" VPOS="2191" WIDTH="112" HEIGHT="63" CONTENT="auf" WC="0.95" CC="453"/>
						<SP ID="P46_SP00092" HPOS="2858" VPOS="2254" WIDTH="41"/>
						<String ID="P46_ST00110" HPOS="2899" VPOS="2193" WIDTH="132" HEIGHT="67" CONTENT="dem" WC="0.95" CC="940"/>
						<SP ID="P46_SP00093" HPOS="3031" VPOS="2260" WIDTH="43"/>
						<String ID="P46_ST00111" HPOS="3074" VPOS="2199" WIDTH="188" HEIGHT="66" CONTENT="Sande" WC="0.97" CC="04590"/>
					</TextLine>
					<TextLine ID="P46_TL00019" HPOS="975" VPOS="2250" WIDTH="304" HEIGHT="65">
						<String ID="P46_ST00112" HPOS="975" VPOS="2250" WIDTH="304" HEIGHT="65" CONTENT="knirschen," WC="0.99" CC="6606046223"/>
					</TextLine>
					<TextLine ID="P46_TL00020" HPOS="1051" VPOS="2343" WIDTH="2209" HEIGHT="117">
						<String ID="P46_ST00113" HPOS="1051" VPOS="2343" WIDTH="242" HEIGHT="76" CONTENT="Abend," WC="0.98" CC="670004"/>
						<SP ID="P46_SP00094" HPOS="1293" VPOS="2419" WIDTH="50"/>
						<String ID="P46_ST00114" HPOS="1343" VPOS="2350" WIDTH="92" HEIGHT="63" CONTENT="die" WC="0.92" CC="966"/>
						<SP ID="P46_SP00095" HPOS="1435" VPOS="2419" WIDTH="49"/>
						<String ID="P46_ST00115" HPOS="1484" VPOS="2353" WIDTH="200" HEIGHT="66" CONTENT="Sonne" WC="0.99" CC="60030"/>
						<SP ID="P46_SP00096" HPOS="1684" VPOS="2419" WIDTH="48"/>
						<String ID="P46_ST00116" HPOS="1732" VPOS="2359" WIDTH="136" HEIGHT="78" CONTENT="geht" WC="0.96" CC="7075"/>
						<SP ID="P46_SP00097" HPOS="1868" VPOS="2437" WIDTH="48"/>
						<String ID="P46_ST00117" HPOS="1916" VPOS="2381" WIDTH="182" HEIGHT="47" CONTENT="unter." WC="0.98" CC="504054"/>
						<SP ID="P46_SP00098" HPOS="2098" VPOS="2437" WIDTH="62"/>
						<String ID="P46_ST00118" HPOS="2160" VPOS="2367" WIDTH="84" HEIGHT="62" CONTENT="Idi" WC="0.41" CC="097"/>
						<SP ID="P46_SP00099" HPOS="2244" VPOS="2437" WIDTH="52"/>
						<String ID="P46_ST00119" HPOS="2296" VPOS="2369" WIDTH="149" HEIGHT="65" CONTENT="habe" WC="0.97" CC="0075"/>
						<SP ID="P46_SP00100" HPOS="2445" VPOS="2437" WIDTH="50"/>
						<String ID="P46_ST00120" HPOS="2495" VPOS="2385" WIDTH="91" HEIGHT="53" CONTENT="ein" WC="0.98" CC="050"/>
						<SP ID="P46_SP00101" HPOS="2586" VPOS="2438" WIDTH="50"/>
						<String ID="P46_ST00121" HPOS="2636" VPOS="2390" WIDTH="190" HEIGHT="70" CONTENT="träges" WC="0.98" CC="440700"/>
						<SP ID="P46_SP00102" HPOS="2826" VPOS="2460" WIDTH="55"/>
						<String ID="P46_ST00122" HPOS="2881" VPOS="2383" WIDTH="223" HEIGHT="66" CONTENT="Gefühl" WC="0.98" CC="506007"/>
						<SP ID="P46_SP00103" HPOS="3104" VPOS="2460" WIDTH="49"/>
						<String ID="P46_ST00123" HPOS="3153" VPOS="2401" WIDTH="107" HEIGHT="53" CONTENT="wie" WC="0.97" CC="241"/>
					</TextLine>
					<TextLine ID="P46_TL00021" HPOS="970" VPOS="2440" WIDTH="2289" HEIGHT="110">
						<String ID="P46_ST00124" HPOS="970" VPOS="2440" WIDTH="150" HEIGHT="60" CONTENT="beim" WC="0.96" CC="7460"/>
						<SP ID="P46_SP00104" HPOS="1120" VPOS="2500" WIDTH="27"/>
						<String ID="P46_ST00125" HPOS="1147" VPOS="2442" WIDTH="321" HEIGHT="67" CONTENT="Erwachen" WC="0.98" CC="66906800"/>
						<SP ID="P46_SP00105" HPOS="1468" VPOS="2509" WIDTH="36"/>
						<String ID="P46_ST00126" HPOS="1504" VPOS="2474" WIDTH="106" HEIGHT="39" CONTENT="aus" WC="0.98" CC="050"/>
						<SP ID="P46_SP00106" HPOS="1610" VPOS="2513" WIDTH="29"/>
						<String ID="P46_ST00127" HPOS="1639" VPOS="2462" WIDTH="185" HEIGHT="55" CONTENT="einem" WC="0.99" CC="00405"/>
						<SP ID="P46_SP00107" HPOS="1824" VPOS="2517" WIDTH="26"/>
						<String ID="P46_ST00128" HPOS="1850" VPOS="2461" WIDTH="287" HEIGHT="62" CONTENT="schweren" WC="0.99" CC="06700605"/>
						<SP ID="P46_SP00108" HPOS="2137" VPOS="2523" WIDTH="28"/>
						<String ID="P46_ST00129" HPOS="2165" VPOS="2463" WIDTH="238" HEIGHT="69" CONTENT="Schlafe." WC="0.99" CC="50070604"/>
						<SP ID="P46_SP00109" HPOS="2403" VPOS="2532" WIDTH="37"/>
						<String ID="P46_ST00130" HPOS="2440" VPOS="2470" WIDTH="82" HEIGHT="62" CONTENT="Ich" WC="0.96" CC="190"/>
						<SP ID="P46_SP00110" HPOS="2522" VPOS="2532" WIDTH="36"/>
						<String ID="P46_ST00131" HPOS="2558" VPOS="2475" WIDTH="165" HEIGHT="62" CONTENT="richte" WC="0.99" CC="361040"/>
						<SP ID="P46_SP00111" HPOS="2723" VPOS="2537" WIDTH="26"/>
						<String ID="P46_ST00132" HPOS="2749" VPOS="2480" WIDTH="135" HEIGHT="61" CONTENT="mich" WC="0.99" CC="0400"/>
						<SP ID="P46_SP00112" HPOS="2884" VPOS="2541" WIDTH="28"/>
						<String ID="P46_ST00133" HPOS="2912" VPOS="2505" WIDTH="108" HEIGHT="40" CONTENT="aus" WC="1.00" CC="000"/>
						<SP ID="P46_SP00113" HPOS="3020" VPOS="2545" WIDTH="28"/>
						<String ID="P46_ST00134" HPOS="3048" VPOS="2495" WIDTH="211" HEIGHT="55" CONTENT="meiner" WC="0.99" CC="000325"/>
					</TextLine>
					<TextLine ID="P46_TL00022" HPOS="969" VPOS="2537" WIDTH="2286" HEIGHT="107">
						<String ID="P46_ST00135" HPOS="969" VPOS="2537" WIDTH="296" HEIGHT="75" CONTENT="liegenden" WC="0.99" CC="644000000"/>
						<SP ID="P46_SP00114" HPOS="1265" VPOS="2612" WIDTH="38"/>
						<String ID="P46_ST00136" HPOS="1303" VPOS="2540" WIDTH="261" HEIGHT="83" CONTENT="Stellung" WC="0.99" CC="44007000"/>
						<SP ID="P46_SP00115" HPOS="1564" VPOS="2623" WIDTH="41"/>
						<String ID="P46_ST00137" HPOS="1605" VPOS="2548" WIDTH="111" HEIGHT="61" CONTENT="auf" WC="1.00" CC="000"/>
						<SP ID="P46_SP00116" HPOS="1716" VPOS="2623" WIDTH="34"/>
						<String ID="P46_ST00138" HPOS="1750" VPOS="2551" WIDTH="118" HEIGHT="62" CONTENT="und" WC="0.98" CC="050"/>
						<SP ID="P46_SP00117" HPOS="1868" VPOS="2623" WIDTH="43"/>
						<String ID="P46_ST00139" HPOS="1911" VPOS="2565" WIDTH="193" HEIGHT="69" CONTENT="spüre," WC="0.99" CC="030004"/>
						<SP ID="P46_SP00118" HPOS="2104" VPOS="2634" WIDTH="45"/>
						<String ID="P46_ST00140" HPOS="2149" VPOS="2557" WIDTH="111" HEIGHT="65" CONTENT="daß" WC="0.98" CC="005"/>
						<SP ID="P46_SP00119" HPOS="2260" VPOS="2634" WIDTH="44"/>
						<String ID="P46_ST00141" HPOS="2304" VPOS="2573" WIDTH="186" HEIGHT="53" CONTENT="meine" WC="0.99" CC="00600"/>
						<SP ID="P46_SP00120" HPOS="2490" VPOS="2634" WIDTH="33"/>
						<String ID="P46_ST00142" HPOS="2523" VPOS="2566" WIDTH="238" HEIGHT="66" CONTENT="Kleider" WC="0.99" CC="1006004"/>
						<SP ID="P46_SP00121" HPOS="2761" VPOS="2634" WIDTH="42"/>
						<String ID="P46_ST00143" HPOS="2803" VPOS="2576" WIDTH="138" HEIGHT="60" CONTENT="noch" WC="0.98" CC="5300"/>
						<SP ID="P46_SP00122" HPOS="2941" VPOS="2636" WIDTH="43"/>
						<String ID="P46_ST00144" HPOS="2984" VPOS="2579" WIDTH="271" HEIGHT="65" CONTENT="teilweise" WC="1.00" CC="404000000"/>
					</TextLine>
					<TextLine ID="P46_TL00023" HPOS="970" VPOS="2631" WIDTH="370" HEIGHT="66">
						<String ID="P46_ST00145" HPOS="970" VPOS="2631" WIDTH="184" HEIGHT="61" CONTENT="feucht" WC="0.99" CC="500006"/>
						<SP ID="P46_SP00123" HPOS="1154" VPOS="2692" WIDTH="41"/>
						<String ID="P46_ST00146" HPOS="1195" VPOS="2635" WIDTH="145" HEIGHT="62" CONTENT="sind." WC="0.98" CC="05504"/>
					</TextLine>
					<TextLine ID="P46_TL00024" HPOS="1044" VPOS="2724" WIDTH="2208" HEIGHT="110">
						<String ID="P46_ST00147" HPOS="1044" VPOS="2724" WIDTH="127" HEIGHT="71" CONTENT="Ah," WC="0.93" CC="494"/>
						<SP ID="P46_SP00124" HPOS="1171" VPOS="2795" WIDTH="33"/>
						<String ID="P46_ST00148" HPOS="1204" VPOS="2724" WIDTH="29" HEIGHT="110" CONTENT="i" WC="0.47" CC="0"/>
						<SP ID="P46_SP00125" HPOS="1233" VPOS="2834" WIDTH="29"/>
						<String ID="P46_ST00149" HPOS="1262" VPOS="2724" WIDTH="29" HEIGHT="110" CONTENT="4" WC="1.00" CC="0"/>
						<SP ID="P46_SP00126" HPOS="1291" VPOS="2834" WIDTH="29"/>
						<String ID="P46_ST00150" HPOS="1320" VPOS="2724" WIDTH="88" HEIGHT="110" CONTENT="bin" WC="0.93" CC="765"/>
						<SP ID="P46_SP00127" HPOS="1408" VPOS="2834" WIDTH="30"/>
						<String ID="P46_ST00151" HPOS="1438" VPOS="2732" WIDTH="358" HEIGHT="86" CONTENT="ohnmä4tig" WC="0.71" CC="670000650"/>
						<SP ID="P46_SP00128" HPOS="1796" VPOS="2834" WIDTH="23"/>
						<String ID="P46_ST00152" HPOS="1819" VPOS="2750" WIDTH="76" HEIGHT="53" CONTENT="im" WC="0.97" CC="00"/>
						<SP ID="P46_SP00129" HPOS="1895" VPOS="2834" WIDTH="26"/>
						<String ID="P46_ST00153" HPOS="1921" VPOS="2742" WIDTH="190" HEIGHT="66" CONTENT="Boote" WC="0.97" CC="15541"/>
						<SP ID="P46_SP00130" HPOS="2111" VPOS="2834" WIDTH="23"/>
						<String ID="P46_ST00154" HPOS="2134" VPOS="2747" WIDTH="257" HEIGHT="81" CONTENT="gelegen," WC="0.98" CC="72557304"/>
						<SP ID="P46_SP00131" HPOS="2391" VPOS="2834" WIDTH="35"/>
						<String ID="P46_ST00155" HPOS="2426" VPOS="2755" WIDTH="120" HEIGHT="63" CONTENT="und" WC="0.96" CC="540"/>
						<SP ID="P46_SP00132" HPOS="2546" VPOS="2834" WIDTH="33"/>
						<String ID="P46_ST00156" HPOS="2579" VPOS="2760" WIDTH="111" HEIGHT="61" CONTENT="auf" WC="0.99" CC="020"/>
						<SP ID="P46_SP00133" HPOS="2690" VPOS="2834" WIDTH="26"/>
						<String ID="P46_ST00157" HPOS="2716" VPOS="2760" WIDTH="132" HEIGHT="66" CONTENT="dem" WC="0.95" CC="940"/>
						<SP ID="P46_SP00134" HPOS="2848" VPOS="2834" WIDTH="25"/>
						<String ID="P46_ST00158" HPOS="2873" VPOS="2765" WIDTH="115" HEIGHT="63" CONTENT="See" WC="0.97" CC="043"/>
						<SP ID="P46_SP00135" HPOS="2988" VPOS="2834" WIDTH="35"/>
						<String ID="P46_ST00159" HPOS="3023" VPOS="2768" WIDTH="191" HEIGHT="66" CONTENT="herum" SUBS_TYPE="HypPart1" SUBS_CONTENT="herumgetrieben" WC="0.97" CC="71650"/>
						<HYP HPOS="3214" VPOS="2768" WIDTH="38" CONTENT="-"/>
					</TextLine>
					<TextLine ID="P46_TL00025" HPOS="963" VPOS="2821" WIDTH="2289" HEIGHT="122">
						<String ID="P46_ST00160" HPOS="963" VPOS="2821" WIDTH="290" HEIGHT="76" CONTENT="getrieben" SUBS_TYPE="HypPart2" SUBS_CONTENT="herumgetrieben" WC="0.99" CC="900303735"/>
						<SP ID="P46_SP00136" HPOS="1253" VPOS="2897" WIDTH="58"/>
						<String ID="P46_ST00161" HPOS="1311" VPOS="2828" WIDTH="259" HEIGHT="67" CONTENT="worden." WC="0.98" CC="7630650"/>
						<SP ID="P46_SP00137" HPOS="1570" VPOS="2897" WIDTH="71"/>
						<String ID="P46_ST00162" HPOS="1641" VPOS="2834" WIDTH="115" HEIGHT="63" CONTENT="Die" WC="0.98" CC="004"/>
						<SP ID="P46_SP00138" HPOS="1756" VPOS="2897" WIDTH="48"/>
						<String ID="P46_ST00163" HPOS="1804" VPOS="2836" WIDTH="201" HEIGHT="66" CONTENT="Ruder" WC="0.98" CC="25062"/>
						<SP ID="P46_SP00139" HPOS="2005" VPOS="2902" WIDTH="48"/>
						<String ID="P46_ST00164" HPOS="2053" VPOS="2844" WIDTH="129" HEIGHT="63" CONTENT="sind" WC="0.98" CC="3030"/>
						<SP ID="P46_SP00140" HPOS="2182" VPOS="2907" WIDTH="46"/>
						<String ID="P46_ST00165" HPOS="2228" VPOS="2849" WIDTH="287" HEIGHT="73" CONTENT="verloren," WC="0.98" CC="541664474"/>
						<SP ID="P46_SP00141" HPOS="2515" VPOS="2922" WIDTH="51"/>
						<String ID="P46_ST00166" HPOS="2566" VPOS="2854" WIDTH="119" HEIGHT="63" CONTENT="und" WC="0.97" CC="240"/>
						<SP ID="P46_SP00142" HPOS="2685" VPOS="2922" WIDTH="59"/>
						<String ID="P46_ST00167" HPOS="2744" VPOS="2856" WIDTH="101" HEIGHT="64" CONTENT="der" WC="0.96" CC="073"/>
						<SP ID="P46_SP00143" HPOS="2845" VPOS="2922" WIDTH="49"/>
						<String ID="P46_ST00168" HPOS="2894" VPOS="2861" WIDTH="129" HEIGHT="82" CONTENT="Bug" WC="0.94" CC="349"/>
						<SP ID="P46_SP00144" HPOS="3023" VPOS="2943" WIDTH="48"/>
						<String ID="P46_ST00169" HPOS="3071" VPOS="2889" WIDTH="181" HEIGHT="39" CONTENT="vorne" WC="0.96" CC="66636"/>
					</TextLine>
					<TextLine ID="P46_TL00026" HPOS="961" VPOS="2921" WIDTH="814" HEIGHT="87">
						<String ID="P46_ST00170" HPOS="961" VPOS="2922" WIDTH="73" HEIGHT="53" CONTENT="ist" WC="0.95" CC="605"/>
						<SP ID="P46_SP00145" HPOS="1034" VPOS="2975" WIDTH="40"/>
						<String ID="P46_ST00171" HPOS="1074" VPOS="2941" WIDTH="139" HEIGHT="39" CONTENT="vom" WC="1.00" CC="000"/>
						<SP ID="P46_SP00146" HPOS="1213" VPOS="2980" WIDTH="42"/>
						<String ID="P46_ST00172" HPOS="1255" VPOS="2921" WIDTH="195" HEIGHT="64" CONTENT="Feuer" WC="0.98" CC="50605"/>
						<SP ID="P46_SP00147" HPOS="1450" VPOS="2985" WIDTH="41"/>
						<String ID="P46_ST00173" HPOS="1491" VPOS="2948" WIDTH="284" HEIGHT="60" CONTENT="versengt," WC="0.99" CC="004000053"/>
					</TextLine>
					<TextLine ID="P46_TL00027" HPOS="1039" VPOS="3012" WIDTH="2206" HEIGHT="118">
						<String ID="P46_ST00174" HPOS="1039" VPOS="3012" WIDTH="143" HEIGHT="63" CONTENT="Wie" WC="0.95" CC="760"/>
						<SP ID="P46_SP00148" HPOS="1182" VPOS="3075" WIDTH="41"/>
						<String ID="P46_ST00175" HPOS="1223" VPOS="3017" WIDTH="148" HEIGHT="62" CONTENT="viele" WC="0.99" CC="06000"/>
						<SP ID="P46_SP00149" HPOS="1371" VPOS="3079" WIDTH="35"/>
						<String ID="P46_ST00176" HPOS="1406" VPOS="3020" WIDTH="263" HEIGHT="66" CONTENT="Stunden" WC="1.00" CC="5000001"/>
						<SP ID="P46_SP00150" HPOS="1669" VPOS="3086" WIDTH="43"/>
						<String ID="P46_ST00177" HPOS="1712" VPOS="3035" WIDTH="209" HEIGHT="71" CONTENT="mögen" WC="1.00" CC="00000"/>
						<SP ID="P46_SP00151" HPOS="1921" VPOS="3106" WIDTH="42"/>
						<String ID="P46_ST00178" HPOS="1963" VPOS="3040" WIDTH="109" HEIGHT="53" CONTENT="seit" WC="0.97" CC="0075"/>
						<SP ID="P46_SP00152" HPOS="2072" VPOS="3106" WIDTH="41"/>
						<String ID="P46_ST00179" HPOS="2113" VPOS="3034" WIDTH="130" HEIGHT="63" CONTENT="dem" WC="0.99" CC="030"/>
						<SP ID="P46_SP00153" HPOS="2243" VPOS="3106" WIDTH="35"/>
						<String ID="P46_ST00180" HPOS="2278" VPOS="3036" WIDTH="404" HEIGHT="71" CONTENT="Waldbrande" WC="0.99" CC="7300740000"/>
						<SP ID="P46_SP00154" HPOS="2682" VPOS="3107" WIDTH="42"/>
						<String ID="P46_ST00181" HPOS="2724" VPOS="3070" WIDTH="328" HEIGHT="60" CONTENT="vergangen" WC="0.99" CC="005006005"/>
						<SP ID="P46_SP00155" HPOS="3052" VPOS="3130" WIDTH="43"/>
						<String ID="P46_ST00182" HPOS="3095" VPOS="3058" WIDTH="150" HEIGHT="59" CONTENT="sein?" WC="0.98" CC="00606"/>
					</TextLine>
					<TextLine ID="P46_TL00028" HPOS="1036" VPOS="3106" WIDTH="2207" HEIGHT="112">
						<String ID="P46_ST00183" HPOS="1036" VPOS="3106" WIDTH="83" HEIGHT="62" CONTENT="Ich" WC="0.96" CC="407"/>
						<SP ID="P46_SP00156" HPOS="1119" VPOS="3168" WIDTH="52"/>
						<String ID="P46_ST00184" HPOS="1171" VPOS="3109" WIDTH="172" HEIGHT="66" CONTENT="blicke" WC="0.98" CC="705070"/>
						<SP ID="P46_SP00157" HPOS="1343" VPOS="3175" WIDTH="49"/>
						<String ID="P46_ST00185" HPOS="1392" VPOS="3117" WIDTH="136" HEIGHT="60" CONTENT="mich" WC="0.98" CC="0207"/>
						<SP ID="P46_SP00158" HPOS="1528" VPOS="3177" WIDTH="52"/>
						<String ID="P46_ST00186" HPOS="1580" VPOS="3120" WIDTH="134" HEIGHT="61" CONTENT="nach" WC="1.00" CC="0000"/>
						<SP ID="P46_SP00159" HPOS="1714" VPOS="3181" WIDTH="54"/>
						<String ID="P46_ST00187" HPOS="1768" VPOS="3145" WIDTH="237" HEIGHT="41" CONTENT="unserer" WC="0.99" CC="0000606"/>
						<SP ID="P46_SP00160" HPOS="2005" VPOS="3186" WIDTH="41"/>
						<String ID="P46_ST00188" HPOS="2046" VPOS="3126" WIDTH="160" HEIGHT="65" CONTENT="Villa" WC="0.98" CC="05700"/>
						<SP ID="P46_SP00161" HPOS="2206" VPOS="3191" WIDTH="42"/>
						<String ID="P46_ST00189" HPOS="2248" VPOS="3155" WIDTH="128" HEIGHT="51" CONTENT="um,," WC="0.98" CC="0024"/>
						<SP ID="P46_SP00162" HPOS="2376" VPOS="3206" WIDTH="47"/>
						<String ID="P46_ST00190" HPOS="2423" VPOS="3145" WIDTH="85" HEIGHT="54" CONTENT="sie" WC="0.98" CC="050"/>
						<SP ID="P46_SP00163" HPOS="2508" VPOS="3206" WIDTH="41"/>
						<String ID="P46_ST00191" HPOS="2549" VPOS="3138" WIDTH="151" HEIGHT="80" CONTENT="liegt," WC="0.99" CC="040064"/>
						<SP ID="P46_SP00164" HPOS="2700" VPOS="3218" WIDTH="42"/>
						<String ID="P46_ST00192" HPOS="2742" VPOS="3167" WIDTH="119" HEIGHT="38" CONTENT="von" WC="0.99" CC="030"/>
						<SP ID="P46_SP00165" HPOS="2861" VPOS="3218" WIDTH="43"/>
						<String ID="P46_ST00193" HPOS="2904" VPOS="3145" WIDTH="102" HEIGHT="64" CONTENT="der" WC="0.97" CC="007"/>
						<SP ID="P46_SP00166" HPOS="3006" VPOS="3218" WIDTH="42"/>
						<String ID="P46_ST00194" HPOS="3048" VPOS="3167" WIDTH="163" HEIGHT="46" CONTENT="unter" SUBS_TYPE="HypPart1" SUBS_CONTENT="untergehenden" WC="0.98" CC="05405"/>
						<HYP HPOS="3211" VPOS="3167" WIDTH="32" CONTENT="-"/>
					</TextLine>
					<TextLine ID="P46_TL00029" HPOS="954" VPOS="3200" WIDTH="1921" HEIGHT="102">
						<String ID="P46_ST00195" HPOS="954" VPOS="3200" WIDTH="299" HEIGHT="77" CONTENT="gehenden" SUBS_TYPE="HypPart2" SUBS_CONTENT="untergehenden" WC="1.00" CC="00700000"/>
						<SP ID="P46_SP00167" HPOS="1253" VPOS="3277" WIDTH="45"/>
						<String ID="P46_ST00196" HPOS="1298" VPOS="3208" WIDTH="200" HEIGHT="64" CONTENT="Sonne" WC="0.98" CC="60530"/>
						<SP ID="P46_SP00168" HPOS="1498" VPOS="3277" WIDTH="41"/>
						<String ID="P46_ST00197" HPOS="1539" VPOS="3223" WIDTH="241" HEIGHT="68" CONTENT="gerötet," WC="0.99" CC="00421054"/>
						<SP ID="P46_SP00169" HPOS="1780" VPOS="3291" WIDTH="42"/>
						<String ID="P46_ST00198" HPOS="1822" VPOS="3220" WIDTH="245" HEIGHT="62" CONTENT="ziemlich" WC="0.98" CC="70070590"/>
						<SP ID="P46_SP00170" HPOS="2067" VPOS="3291" WIDTH="45"/>
						<String ID="P46_ST00199" HPOS="2112" VPOS="3234" WIDTH="137" HEIGHT="52" CONTENT="weit" WC="0.98" CC="0033"/>
						<SP ID="P46_SP00171" HPOS="2249" VPOS="3291" WIDTH="41"/>
						<String ID="P46_ST00200" HPOS="2290" VPOS="3252" WIDTH="118" HEIGHT="38" CONTENT="von" WC="0.98" CC="005"/>
						<SP ID="P46_SP00172" HPOS="2408" VPOS="3291" WIDTH="44"/>
						<String ID="P46_ST00201" HPOS="2452" VPOS="3230" WIDTH="121" HEIGHT="64" CONTENT="hier" WC="0.98" CC="0306"/>
						<SP ID="P46_SP00173" HPOS="2573" VPOS="3294" WIDTH="42"/>
						<String ID="P46_ST00202" HPOS="2615" VPOS="3237" WIDTH="260" HEIGHT="65" CONTENT="entfernt." WC="0.99" CC="006506624"/>
					</TextLine>
					<TextLine ID="P46_TL00030" HPOS="1034" VPOS="3298" WIDTH="2206" HEIGHT="109">
						<String ID="P46_ST00203" HPOS="1034" VPOS="3298" WIDTH="118" HEIGHT="62" CONTENT="Mit" WC="0.95" CC="245"/>
						<SP ID="P46_SP00174" HPOS="1152" VPOS="3360" WIDTH="49"/>
						<String ID="P46_ST00204" HPOS="1201" VPOS="3302" WIDTH="130" HEIGHT="62" CONTENT="dem" WC="0.98" CC="040"/>
						<SP ID="P46_SP00175" HPOS="1331" VPOS="3364" WIDTH="42"/>
						<String ID="P46_ST00205" HPOS="1373" VPOS="3304" WIDTH="372" HEIGHT="69" CONTENT="Bootshaken" WC="0.99" CC="4003000405"/>
						<SP ID="P46_SP00176" HPOS="1745" VPOS="3373" WIDTH="51"/>
						<String ID="P46_ST00206" HPOS="1796" VPOS="3318" WIDTH="273" HEIGHT="61" CONTENT="versuche" WC="1.00" CC="00500000"/>
						<SP ID="P46_SP00177" HPOS="2069" VPOS="3379" WIDTH="48"/>
						<String ID="P46_ST00207" HPOS="2117" VPOS="3321" WIDTH="77" HEIGHT="61" CONTENT="ich" WC="0.98" CC="600"/>
						<SP ID="P46_SP00178" HPOS="2194" VPOS="3382" WIDTH="51"/>
						<String ID="P46_ST00208" HPOS="2245" VPOS="3326" WIDTH="137" HEIGHT="59" CONTENT="mich" WC="0.97" CC="0690"/>
						<SP ID="P46_SP00179" HPOS="2382" VPOS="3385" WIDTH="54"/>
						<String ID="P46_ST00209" HPOS="2436" VPOS="3326" WIDTH="416" HEIGHT="81" CONTENT="fortzustoßen," WC="0.99" CC="0651700425064"/>
						<SP ID="P46_SP00180" HPOS="2852" VPOS="3407" WIDTH="51"/>
						<String ID="P46_ST00210" HPOS="2903" VPOS="3361" WIDTH="98" HEIGHT="38" CONTENT="um" WC="0.77" CC="40"/>
						<SP ID="P46_SP00181" HPOS="3001" VPOS="3407" WIDTH="51"/>
						<String ID="P46_ST00211" HPOS="3052" VPOS="3350" WIDTH="56" HEIGHT="52" CONTENT="in" WC="0.67" CC="60"/>
						<SP ID="P46_SP00182" HPOS="3108" VPOS="3407" WIDTH="41"/>
						<String ID="P46_ST00212" HPOS="3149" VPOS="3341" WIDTH="91" HEIGHT="61" CONTENT="die" WC="0.99" CC="020"/>
					</TextLine>
					<TextLine ID="P46_TL00031" HPOS="954" VPOS="3390" WIDTH="1052" HEIGHT="83">
						<String ID="P46_ST00213" HPOS="954" VPOS="3390" WIDTH="180" HEIGHT="65" CONTENT="Nähe" WC="0.99" CC="4100"/>
						<SP ID="P46_SP00183" HPOS="1134" VPOS="3455" WIDTH="43"/>
						<String ID="P46_ST00214" HPOS="1177" VPOS="3396" WIDTH="102" HEIGHT="63" CONTENT="des" WC="0.99" CC="030"/>
						<SP ID="P46_SP00184" HPOS="1279" VPOS="3459" WIDTH="43"/>
						<String ID="P46_ST00215" HPOS="1322" VPOS="3398" WIDTH="240" HEIGHT="66" CONTENT="Hauses" WC="0.99" CC="524000"/>
						<SP ID="P46_SP00185" HPOS="1562" VPOS="3464" WIDTH="42"/>
						<String ID="P46_ST00216" HPOS="1604" VPOS="3429" WIDTH="76" HEIGHT="38" CONTENT="zu" WC="0.65" CC="60"/>
						<SP ID="P46_SP00186" HPOS="1680" VPOS="3467" WIDTH="42"/>
						<String ID="P46_ST00217" HPOS="1722" VPOS="3407" WIDTH="284" HEIGHT="66" CONTENT="kommen," WC="0.99" CC="5500053"/>
					</TextLine>
					<TextLine ID="P46_TL00032" HPOS="1030" VPOS="3487" WIDTH="1680" HEIGHT="110">
						<String ID="P46_ST00218" HPOS="1030" VPOS="3487" WIDTH="203" HEIGHT="66" CONTENT="Meine" WC="0.97" CC="90870"/>
						<SP ID="P46_SP00187" HPOS="1233" VPOS="3553" WIDTH="42"/>
						<String ID="P46_ST00219" HPOS="1275" VPOS="3493" WIDTH="237" HEIGHT="65" CONTENT="Kleider" WC="0.99" CC="9006000"/>
						<SP ID="P46_SP00188" HPOS="1512" VPOS="3558" WIDTH="41"/>
						<String ID="P46_ST00220" HPOS="1553" VPOS="3500" WIDTH="128" HEIGHT="61" CONTENT="sind" WC="1.00" CC="0000"/>
						<SP ID="P46_SP00189" HPOS="1681" VPOS="3561" WIDTH="43"/>
						<String ID="P46_ST00221" HPOS="1724" VPOS="3501" WIDTH="210" HEIGHT="66" CONTENT="feucht!" WC="0.99" CC="5060030"/>
						<SP ID="P46_SP00190" HPOS="1934" VPOS="3567" WIDTH="44"/>
						<String ID="P46_ST00222" HPOS="1978" VPOS="3506" WIDTH="89" HEIGHT="64" CONTENT="Es" WC="0.62" CC="70"/>
						<SP ID="P46_SP00191" HPOS="2067" VPOS="3570" WIDTH="45"/>
						<String ID="P46_ST00223" HPOS="2112" VPOS="3509" WIDTH="100" HEIGHT="63" CONTENT="hat" WC="0.95" CC="075"/>
						<SP ID="P46_SP00192" HPOS="2212" VPOS="3572" WIDTH="40"/>
						<String ID="P46_ST00224" HPOS="2252" VPOS="3514" WIDTH="123" HEIGHT="62" CONTENT="also" WC="1.00" CC="0000"/>
						<SP ID="P46_SP00193" HPOS="2375" VPOS="3576" WIDTH="42"/>
						<String ID="P46_ST00225" HPOS="2417" VPOS="3523" WIDTH="293" HEIGHT="74" CONTENT="geregnet!" WC="0.99" CC="005007050"/>
					</TextLine>
					<TextLine ID="P46_TL00033" HPOS="1027" VPOS="3582" WIDTH="2209" HEIGHT="115">
						<String ID="P46_ST00226" HPOS="1027" VPOS="3582" WIDTH="154" HEIGHT="65" CONTENT="Eine" WC="0.97" CC="6060"/>
						<SP ID="P46_SP00194" HPOS="1181" VPOS="3647" WIDTH="48"/>
						<String ID="P46_ST00227" HPOS="1229" VPOS="3587" WIDTH="193" HEIGHT="66" CONTENT="leichte" WC="0.99" CC="7140012"/>
						<SP ID="P46_SP00195" HPOS="1422" VPOS="3653" WIDTH="47"/>
						<String ID="P46_ST00228" HPOS="1469" VPOS="3592" WIDTH="388" HEIGHT="69" CONTENT="Rauchwolke" WC="1.00" CC="3000000700"/>
						<SP ID="P46_SP00196" HPOS="1857" VPOS="3661" WIDTH="58"/>
						<String ID="P46_ST00229" HPOS="1915" VPOS="3614" WIDTH="168" HEIGHT="67" CONTENT="steigt" WC="0.99" CC="060500"/>
						<SP ID="P46_SP00197" HPOS="2083" VPOS="3681" WIDTH="56"/>
						<String ID="P46_ST00230" HPOS="2139" VPOS="3605" WIDTH="184" HEIGHT="66" CONTENT="hinter" WC="0.99" CC="045006"/>
						<SP ID="P46_SP00198" HPOS="2323" VPOS="3681" WIDTH="49"/>
						<String ID="P46_ST00231" HPOS="2372" VPOS="3611" WIDTH="111" HEIGHT="63" CONTENT="den" WC="1.00" CC="000"/>
						<SP ID="P46_SP00199" HPOS="2483" VPOS="3681" WIDTH="52"/>
						<String ID="P46_ST00232" HPOS="2535" VPOS="3614" WIDTH="221" HEIGHT="81" CONTENT="Bergen" WC="0.99" CC="306000"/>
						<SP ID="P46_SP00200" HPOS="2756" VPOS="3695" WIDTH="53"/>
						<String ID="P46_ST00233" HPOS="2809" VPOS="3619" WIDTH="239" HEIGHT="78" CONTENT="hervor,-" WC="0.99" CC="00004544"/>
						<SP ID="P46_SP00201" HPOS="3048" VPOS="3697" WIDTH="57"/>
						<String ID="P46_ST00234" HPOS="3105" VPOS="3623" WIDTH="131" HEIGHT="62" CONTENT="dort" WC="0.98" CC="0505"/>
					</TextLine>
					<TextLine ID="P46_TL00034" HPOS="950" VPOS="3675" WIDTH="1232" HEIGHT="89">
						<String ID="P46_ST00235" HPOS="950" VPOS="3675" WIDTH="202" HEIGHT="66" CONTENT="brennt" WC="0.98" CC="760005"/>
						<SP ID="P46_SP00202" HPOS="1152" VPOS="3741" WIDTH="42"/>
						<String ID="P46_ST00236" HPOS="1194" VPOS="3705" WIDTH="61" HEIGHT="40" CONTENT="es" WC="0.81" CC="03"/>
						<SP ID="P46_SP00203" HPOS="1255" VPOS="3745" WIDTH="44"/>
						<String ID="P46_ST00237" HPOS="1299" VPOS="3685" WIDTH="448" HEIGHT="69" CONTENT="wahrscheinlich" WC="0.99" CC="00730070607507"/>
						<SP ID="P46_SP00204" HPOS="1747" VPOS="3754" WIDTH="44"/>
						<String ID="P46_ST00238" HPOS="1791" VPOS="3697" WIDTH="137" HEIGHT="59" CONTENT="noch" WC="1.00" CC="0000"/>
						<SP ID="P46_SP00205" HPOS="1928" VPOS="3756" WIDTH="44"/>
						<String ID="P46_ST00239" HPOS="1972" VPOS="3707" WIDTH="210" HEIGHT="57" CONTENT="immer," WC="0.99" CC="300023"/>
					</TextLine>
					<TextLine ID="P46_TL00035" HPOS="1026" VPOS="3773" WIDTH="277" HEIGHT="64">
						<String ID="P46_ST00240" HPOS="1026" VPOS="3773" WIDTH="277" HEIGHT="64" CONTENT="Marä..." WC="0.56" CC="3247434"/>
					</TextLine>
				</TextBlock>
			</PrintSpace>
		</Page>
	</Layout>
</alto>
