3463 4572
1586 470 240 52 Hemricß
1854 468 213 53 Nowak
2091 494 8 11 •
2117 469 106 50 Die
2253 465 385 53 Sonnenseucfje

966 476 95 49 978

1047 666 261 63 Diesmal
1351 666 138 62 noch
1530 672 132 70 ging
1704 662 91 61 die
1837 660 447 63 Sonnenseuche
2327 682 74 37 an
2444 666 106 53 mir
2590 656 218 63 vorbei.

1045 764 152 61 Eine
1238 761 330 78 Autohupe
1609 757 99 61 hat
1747 764 150 53 mein
1941 754 247 62 Denken
2231 762 56 53 in
2330 754 259 61 normale
2623 752 187 79 Wege
2853 751 243 80 geleitet.
3143 752 114 65 Die

965 856 292 63 lärmende
1298 854 248 63 Realität
1587 851 98 63 hat
1727 859 127 53 eine
1896 849 397 79 wahnsinnige
2335 848 217 63 Vision
2595 856 261 54 zerstört.

2043 1089 133 61 XX.

1042 1175 89 61 Es
1174 1183 73 52 ist
1287 1173 225 61 finstere
1552 1169 210 62 Nacht,

1041 1269 179 61 Mara
1261 1265 120 64 und
1422 1267 77 61 ich
1541 1264 214 62 wollen
1797 1263 264 63 schlafen.
2106 1263 210 62 Maräs
2352 1263 251 62 brauner
2636 1263 234 80 Körper
2903 1263 132 79 liegt
3069 1262 186 63 neben

961 1375 118 53 mir.
1120 1364 100 61 Zu
1264 1385 249 39 unseren
1555 1361 209 62 Füßen
1807 1359 206 64 kauert
2053 1356 173 66 T'ho.

1038 1460 116 61 Ich:
1204 1457 234 71 »Mara,
1482 1455 92 80 gib
1618 1451 154 66 T'ho
1818 1456 116 61 fort
1974 1479 108 38 aus
2127 1453 220 64 diesem
2387 1455 323 62 Zimmer!«

1037 1555 227 62 Mara:
1315 1552 121 63 »Ich
1478 1552 152 61 kann
1675 1551 155 62 ohne
1870 1547 156 65 T'ho
2071 1551 143 61 nicht
2255 1550 313 63 schlafen!«

1037 1651 99 64 Sie
1178 1649 277 63 streichelt
1494 1645 174 65 T'ho.

1035 1747 116 61 Ich:
1201 1744 235 71 »Mara,
1478 1743 94 80 gib
1614 1738 155 66 T'ho
1813 1742 116 62 fort
1969 1766 108 38 aus
2123 1740 220 64 diesem
2385 1742 325 62 Zimmer!«

1035 1842 228 62 Mara:
1314 1841 119 61 »Ich
1477 1839 152 63 kann
1672 1838 155 62 ohne
1869 1834 155 66 T'ho
2068 1839 144 61 nicht
2254 1837 312 63 schlafen!«

1035 1932 198 66 Tiefes
1276 1935 350 78 Schweigen,
1775 1933 173 63 Zwei
1990 1933 222 79 Augen
2255 1932 213 62 blicken
2512 1933 136 61 mich
2691 1932 330 79 kriegerisch
3064 1956 92 38 an.

1035 2034 116 61 Ich:
1201 2032 119 63 »Ich
1365 2031 134 71 will,
1543 2030 113 62 daß
1698 2026 154 66 T'ho
1896 2039 76 53 im
2013 2029 461 63 Nebenzimmer
2515 2039 351 70 eingesperrt
2907 2030 209 61 wird!«

1035 2129 227 61 Mara:
1313 2126 216 61 »Dann
1572 2125 162 62 mußt
1776 2124 80 62 du
1898 2125 140 61 auch
2072 2125 181 60 Mara
2294 2133 360 72 einsperren,•
2695 2125 179 60 Mara
2915 2124 153 62 kann
3102 2123 153 63 ohne

956 2219 152 66 T'ho
1153 2223 142 61 nicht
1336 2220 311 64 schlafen!«

1036 2318 98 64 Sie
1176 2317 207 62 lächelt.

1035 2415 116 61 Ich:
1201 2408 192 66 »T'ho
1436 2412 137 62 muß
1616 2436 108 38 aus
1770 2411 132 62 dem
1944 2412 324 61 Zimmer!«

1033 2510 229 61 Mara:
1311 2507 121 63 »Ich
1474 2507 152 63 kann
1670 2507 116 61 dich
1831 2506 154 64 ohne
2026 2502 155 66 T'ho
2225 2507 143 61 nicht
2409 2506 250 62 lieben!«

1035 2605 83 61 Ich
1153 2603 164 63 stehe
1351 2603 123 72 auf,
1499 2605 173 78 packe
1715 2603 93 62 die
1841 2603 357 80 pfauchende
2231 2599 154 66 T'ho
2420 2628 95 37 am
2551 2603 221 63 Genick
2815 2604 121 62 und
2969 2628 161 39 zerre
3171 2614 82 53 sie

955 2711 86 52 ins
1084 2699 475 64 Nebenzimmer,

1033 2797 210 61 Hinter
1284 2803 105 54 mir
1430 2794 251 63 schleicht
1720 2794 210 73 Mara,-
1971 2803 83 52 sie
2095 2793 135 80 geht
2270 2820 77 35 zu
2388 2789 155 68 T'ho
2587 2803 55 54 in
2686 2794 94 64 die
2822 2794 177 74 Ecke,
3051 2796 201 63 kauert

951 2894 113 60 sich
1107 2891 95 62 hin
1245 2890 122 63 und
1408 2890 277 63 streichelt
1727 2890 105 62 das
1874 2886 154 66 Tier.

1033 2988 117 62 Ich:
1200 2986 277 71 »Komm,
1518 2986 199 71 Mara,
1761 2986 78 61 ich
1883 2986 239 62 schließe
2164 2985 120 63 hier
2326 2986 132 61 ab.«

1027 3084 234 61 Mara:
1310 3083 216 61 »Mara
1568 3081 175 63 bleibt
1784 3081 93 63 bei
1919 3078 214 66 T'ho!«

1033 3179 84 61 Ich
1151 3178 116 62 will
1301 3178 93 62 die
1428 3174 160 66 Türe
1621 3178 295 62 schließen.
1962 3178 62 61 In
2060 3178 217 62 diesem
2311 3178 363 79 Augenblick
2707 3179 221 64 bohren
2962 3182 110 61 sich
3106 3189 145 54 zwei

953 3273 221 80 Augen
1226 3282 56 53 in
1333 3282 202 53 meine.
1585 3273 180 62 Mara
1816 3272 199 63 erhebt
2065 3275 129 69 sich,
2245 3276 179 70 nackt,
2475 3275 184 62 braun
2703 3275 120 62 und
2866 3275 243 63 liebend.
3154 3276 97 63 Sie

952 3370 205 62 breitet
1197 3369 121 63 ihre
1358 3370 191 61 Arme
1591 3370 137 61 nach
1771 3379 106 52 mir
1917 3394 123 38 aus.

1033 3466 117 61 Die
1191 3461 160 66 Türe
1393 3465 139 62 aber
1573 3465 147 62 wird
1760 3466 410 61 verschlossen.

2021 3688 161 62 XXL

1035 3813 83 61 Ich
1163 3814 212 61 fürchte
1417 3813 93 62 die
1552 3813 462 64 Sonnenseuche.

1036 3908 84 62 Ich
1146 3908 198 64 werde
1370 3918 56 52 in
1452 3910 93 62 die
1563 3910 171 63 Stadt
1759 3935 76 37 zu
1863 3920 184 53 einem
2075 3910 339 64 berühmten
2432 3912 323 80 Psychiater
2773 3912 201 64 fahren
2993 3924 251 52 müssen.

955 4002 87 62 Ich
1084 4006 184 60 steche
1309 4014 56 68 ja
1405 4004 449 62 wahrscheinlich
1898 4030 109 36 nur
2049 4014 56 53 in
2150 4015 153 53 einer
2345 4006 134 64 sehr
2519 4031 176 54 argen
2736 4007 303 63 Neurose.
