<?xml version="1.0" encoding="UTF-8"?>
<alto xmlns:xsi="http://www.w3.org/2001/XMLSchema-instance" xmlns="http://www.loc.gov/standards/alto/ns-v2#" xsi:schemaLocation="http://www.loc.gov/standards/alto/ns-v2# http://www.loc.gov/standards/alto/v2/alto-2-0.xsd" xmlns:xlink="http://www.w3.org/1999/xlink">
	<Description>
		<MeasurementUnit>mm10</MeasurementUnit>
		<sourceImageInformation>
			<fileName>./bmtnabr_1915-08_01_0034.jp2</fileName>
		</sourceImageInformation>
		<OCRProcessing ID="OCRPROCESSING_1">
			<preProcessingStep>
				<processingSoftware>
					<softwareCreator>CCS Content Conversion Specialists GmbH, Germany</softwareCreator>
					<softwareName>CCS docWorks</softwareName>
					<softwareVersion>6.8-1.27</softwareVersion>
				</processingSoftware>
			</preProcessingStep>
			<ocrProcessingStep>
				<processingSoftware>
					<softwareCreator>ABBYY (BIT Software), Russia</softwareCreator>
					<softwareName>FineReader</softwareName>
					<softwareVersion>11.0</softwareVersion>
				</processingSoftware>
			</ocrProcessingStep>
			<postProcessingStep>
				<processingSoftware>
					<softwareCreator>CCS Content Conversion Specialists GmbH, Germany</softwareCreator>
					<softwareName>CCS docWorks</softwareName>
					<softwareVersion>6.8-1.27</softwareVersion>
					<applicationDescription>docWorks: Text modified manually, or automatically replaced</applicationDescription>
				</processingSoftware>
			</postProcessingStep>
		</OCRProcessing>
	</Description>
	<Styles>
		<TextStyle ID="TXT_0" FONTSIZE="29" FONTFAMILY="Times New Roman"/>
		<TextStyle ID="TXT_1" FONTSIZE="19" FONTFAMILY="Times New Roman" FONTSTYLE="italics"/>
		<TextStyle ID="TXT_2" FONTSIZE="21" FONTFAMILY="Times New Roman"/>
		<ParagraphStyle ID="PAR_LEFT" ALIGN="Left"/>
		<ParagraphStyle ID="PAR_RIGHT" ALIGN="Right"/>
		<ParagraphStyle ID="PAR_CENTER" ALIGN="Center"/>
	</Styles>
	<Layout>
		<Page ID="P34" PHYSICAL_IMG_NR="34" HEIGHT="4572" WIDTH="3464" PRINTED_IMG_NR="976" PC="0.946">
			<TopMargin ID="P34_TM00001" HPOS="0" VPOS="0" WIDTH="3464" HEIGHT="502">
				<TextBlock ID="P34_TB00001" HPOS="996" VPOS="448" WIDTH="94" HEIGHT="48" STYLEREFS="TXT_0 PAR_LEFT">
					<TextLine ID="P34_TL00001" HPOS="996" VPOS="448" WIDTH="94" HEIGHT="48">
						<String ID="P34_ST00001" HPOS="996" VPOS="448" WIDTH="94" HEIGHT="48" CONTENT="976" WC="1.00" CC="000"/>
					</TextLine>
				</TextBlock>
				<TextBlock ID="P34_TB00002" HPOS="1613" VPOS="448" WIDTH="1052" HEIGHT="52" STYLEREFS="TXT_1 PAR_RIGHT">
					<TextLine ID="P34_TL00002" HPOS="1620" VPOS="450" WIDTH="1045" HEIGHT="50">
						<String ID="P34_ST00002" HPOS="1620" VPOS="450" WIDTH="238" HEIGHT="50" CONTENT="Heinrich" WC="0.98" CC="49620558"/>
						<SP ID="P34_SP00001" HPOS="1858" VPOS="500" WIDTH="298"/>
						<String ID="P34_ST00003" HPOS="2156" VPOS="450" WIDTH="214" HEIGHT="49" CONTENT="Nowaß" WC="0.60" CC="23274"/>
						<SP ID="P34_SP00002" HPOS="2370" VPOS="500" WIDTH="-254"/>
						<String ID="P34_ST00004" HPOS="2116" VPOS="475" WIDTH="9" HEIGHT="10" CONTENT="•" WC="0.20" CC="8"/>
						<SP ID="P34_SP00003" HPOS="2370" VPOS="500" WIDTH="-226"/>
						<String ID="P34_ST00005" HPOS="2144" VPOS="451" WIDTH="106" HEIGHT="49" CONTENT="Die" WC="0.94" CC="446"/>
						<SP ID="P34_SP00004" HPOS="2370" VPOS="500" WIDTH="-89"/>
						<String ID="P34_ST00006" HPOS="2281" VPOS="452" WIDTH="384" HEIGHT="48" CONTENT="Sonnenseucße" WC="0.45" CC="905096553576"/>
					</TextLine>
				</TextBlock>
			</TopMargin>
			<LeftMargin ID="P34_LM00001" HPOS="0" VPOS="502" WIDTH="974" HEIGHT="3528"/>
			<RightMargin ID="P34_RM00001" HPOS="3280" VPOS="502" WIDTH="184" HEIGHT="3528"/>
			<BottomMargin ID="P34_BM00001" HPOS="0" VPOS="4030" WIDTH="3464" HEIGHT="542"/>
			<PrintSpace ID="P34_PS00001" HPOS="974" VPOS="502" WIDTH="2306" HEIGHT="3528">
				<TextBlock ID="P34_TB00003" HPOS="1072" VPOS="632" WIDTH="1227" HEIGHT="256" STYLEREFS="TXT_2 PAR_LEFT">
					<TextLine ID="P34_TL00003" HPOS="1076" VPOS="632" WIDTH="1223" HEIGHT="77">
						<String ID="P34_ST00007" HPOS="1076" VPOS="638" WIDTH="183" HEIGHT="71" CONTENT="Nein," WC="1.00" CC="00004"/>
						<SP ID="P34_SP00005" HPOS="1259" VPOS="709" WIDTH="43"/>
						<String ID="P34_ST00008" HPOS="1302" VPOS="639" WIDTH="319" HEIGHT="61" CONTENT="erschießen" WC="0.99" CC="0500750004"/>
						<SP ID="P34_SP00006" HPOS="1621" VPOS="709" WIDTH="44"/>
						<String ID="P34_ST00009" HPOS="1665" VPOS="637" WIDTH="135" HEIGHT="61" CONTENT="darf" WC="0.99" CC="0006"/>
						<SP ID="P34_SP00007" HPOS="1800" VPOS="709" WIDTH="32"/>
						<String ID="P34_ST00010" HPOS="1832" VPOS="638" WIDTH="76" HEIGHT="60" CONTENT="ich" WC="0.95" CC="580"/>
						<SP ID="P34_SP00008" HPOS="1908" VPOS="709" WIDTH="43"/>
						<String ID="P34_ST00011" HPOS="1951" VPOS="632" WIDTH="153" HEIGHT="67" CONTENT="Tho" WC="0.74" CC="700"/>
						<SP ID="P34_SP00009" HPOS="2104" VPOS="709" WIDTH="43"/>
						<String ID="P34_ST00012" HPOS="2147" VPOS="638" WIDTH="152" HEIGHT="62" CONTENT="nicht." WC="0.99" CC="000042"/>
					</TextLine>
					<TextLine ID="P34_TL00004" HPOS="1076" VPOS="733" WIDTH="880" HEIGHT="61">
						<String ID="P34_ST00013" HPOS="1076" VPOS="733" WIDTH="118" HEIGHT="61" CONTENT="Ein" WC="0.96" CC="540"/>
						<SP ID="P34_SP00010" HPOS="1194" VPOS="794" WIDTH="43"/>
						<String ID="P34_ST00014" HPOS="1237" VPOS="733" WIDTH="199" HEIGHT="61" CONTENT="Zufall" WC="0.97" CC="706577"/>
						<SP ID="P34_SP00011" HPOS="1436" VPOS="794" WIDTH="43"/>
						<String ID="P34_ST00015" HPOS="1479" VPOS="733" WIDTH="134" HEIGHT="61" CONTENT="muß" WC="1.00" CC="000"/>
						<SP ID="P34_SP00012" HPOS="1613" VPOS="794" WIDTH="42"/>
						<String ID="P34_ST00016" HPOS="1655" VPOS="741" WIDTH="83" HEIGHT="53" CONTENT="sie" WC="0.99" CC="020"/>
						<SP ID="P34_SP00013" HPOS="1738" VPOS="794" WIDTH="42"/>
						<String ID="P34_ST00017" HPOS="1780" VPOS="739" WIDTH="176" HEIGHT="55" CONTENT="töten." WC="0.99" CC="104002"/>
					</TextLine>
					<TextLine ID="P34_TL00005" HPOS="1074" VPOS="822" WIDTH="867" HEIGHT="66">
						<String ID="P34_ST00018" HPOS="1074" VPOS="827" WIDTH="170" HEIGHT="61" CONTENT="Aber" WC="0.96" CC="5705"/>
						<SP ID="P34_SP00014" HPOS="1244" VPOS="888" WIDTH="42"/>
						<String ID="P34_ST00019" HPOS="1286" VPOS="827" WIDTH="226" HEIGHT="61" CONTENT="sterben" WC="1.00" CC="0105000"/>
						<SP ID="P34_SP00015" HPOS="1512" VPOS="888" WIDTH="43"/>
						<String ID="P34_ST00020" HPOS="1555" VPOS="826" WIDTH="135" HEIGHT="62" CONTENT="muß" WC="1.00" CC="000"/>
						<SP ID="P34_SP00016" HPOS="1690" VPOS="888" WIDTH="43"/>
						<String ID="P34_ST00021" HPOS="1733" VPOS="822" WIDTH="208" HEIGHT="65" CONTENT="Tho!!" WC="0.75" CC="07004"/>
					</TextLine>
				</TextBlock>
				<TextBlock ID="P34_TB00004" HPOS="2050" VPOS="1031" WIDTH="167" HEIGHT="64" STYLEREFS="TXT_2 PAR_CENTER">
					<TextLine ID="P34_TL00006" HPOS="2051" VPOS="1033" WIDTH="166" HEIGHT="62">
						<String ID="P34_ST00022" HPOS="2051" VPOS="1033" WIDTH="166" HEIGHT="62" CONTENT="XVI." WC="0.83" CC="0204"/>
					</TextLine>
				</TextBlock>
				<TextBlock ID="P34_TB00005" HPOS="984" VPOS="1111" WIDTH="2289" HEIGHT="1793" STYLEREFS="TXT_2 PAR_LEFT">
					<TextLine ID="P34_TL00007" HPOS="1071" VPOS="1111" WIDTH="226" HEIGHT="78">
						<String ID="P34_ST00023" HPOS="1071" VPOS="1111" WIDTH="226" HEIGHT="78" CONTENT="Mittag." WC="0.99" CC="0400004"/>
					</TextLine>
					<TextLine ID="P34_TL00008" HPOS="1070" VPOS="1204" WIDTH="2201" HEIGHT="82">
						<String ID="P34_ST00024" HPOS="1070" VPOS="1206" WIDTH="62" HEIGHT="61" CONTENT="In" WC="0.79" CC="40"/>
						<SP ID="P34_SP00017" HPOS="1132" VPOS="1267" WIDTH="34"/>
						<String ID="P34_ST00025" HPOS="1166" VPOS="1206" WIDTH="146" HEIGHT="61" CONTENT="zehn" WC="0.99" CC="6000"/>
						<SP ID="P34_SP00018" HPOS="1312" VPOS="1267" WIDTH="33"/>
						<String ID="P34_ST00026" HPOS="1345" VPOS="1204" WIDTH="273" HEIGHT="63" CONTENT="Minuten" WC="0.99" CC="0450600"/>
						<SP ID="P34_SP00019" HPOS="1618" VPOS="1267" WIDTH="35"/>
						<String ID="P34_ST00027" HPOS="1653" VPOS="1204" WIDTH="147" HEIGHT="63" CONTENT="wird" WC="0.97" CC="0650"/>
						<SP ID="P34_SP00020" HPOS="1800" VPOS="1267" WIDTH="34"/>
						<String ID="P34_ST00028" HPOS="1834" VPOS="1206" WIDTH="104" HEIGHT="62" CONTENT="das" WC="1.00" CC="000"/>
						<SP ID="P34_SP00021" HPOS="1938" VPOS="1268" WIDTH="35"/>
						<String ID="P34_ST00029" HPOS="1973" VPOS="1207" WIDTH="197" HEIGHT="79" CONTENT="große," WC="0.99" CC="030102"/>
						<SP ID="P34_SP00022" HPOS="2170" VPOS="1286" WIDTH="29"/>
						<String ID="P34_ST00030" HPOS="2199" VPOS="1207" WIDTH="388" HEIGHT="65" CONTENT="dunkelblaue" WC="0.99" CC="04000676000"/>
						<SP ID="P34_SP00023" HPOS="2587" VPOS="1286" WIDTH="25"/>
						<String ID="P34_ST00031" HPOS="2612" VPOS="1209" WIDTH="351" HEIGHT="64" CONTENT="Automobil" WC="0.99" CC="204502717"/>
						<SP ID="P34_SP00024" HPOS="2963" VPOS="1286" WIDTH="27"/>
						<String ID="P34_ST00032" HPOS="2990" VPOS="1211" WIDTH="281" HEIGHT="68" CONTENT="kommen." WC="0.99" CC="0000044"/>
					</TextLine>
					<TextLine ID="P34_TL00009" HPOS="1069" VPOS="1298" WIDTH="1503" HEIGHT="83">
						<String ID="P34_ST00033" HPOS="1069" VPOS="1300" WIDTH="115" HEIGHT="61" CONTENT="Die" WC="0.98" CC="400"/>
						<SP ID="P34_SP00025" HPOS="1184" VPOS="1361" WIDTH="41"/>
						<String ID="P34_ST00034" HPOS="1225" VPOS="1300" WIDTH="175" HEIGHT="61" CONTENT="Hitze" WC="0.99" CC="01430"/>
						<SP ID="P34_SP00026" HPOS="1400" VPOS="1361" WIDTH="43"/>
						<String ID="P34_ST00035" HPOS="1443" VPOS="1298" WIDTH="192" HEIGHT="64" CONTENT="drückt" WC="0.98" CC="060072"/>
						<SP ID="P34_SP00027" HPOS="1635" VPOS="1362" WIDTH="41"/>
						<String ID="P34_ST00036" HPOS="1676" VPOS="1298" WIDTH="105" HEIGHT="64" CONTENT="das" WC="1.00" CC="000"/>
						<SP ID="P34_SP00028" HPOS="1781" VPOS="1362" WIDTH="42"/>
						<String ID="P34_ST00037" HPOS="1823" VPOS="1300" WIDTH="197" HEIGHT="62" CONTENT="Leben" WC="0.98" CC="00705"/>
						<SP ID="P34_SP00029" HPOS="2020" VPOS="1362" WIDTH="43"/>
						<String ID="P34_ST00038" HPOS="2063" VPOS="1301" WIDTH="141" HEIGHT="80" CONTENT="platt" WC="0.98" CC="07031"/>
						<SP ID="P34_SP00030" HPOS="2204" VPOS="1381" WIDTH="41"/>
						<String ID="P34_ST00039" HPOS="2245" VPOS="1326" WIDTH="106" HEIGHT="37" CONTENT="zur" WC="0.94" CC="655"/>
						<SP ID="P34_SP00031" HPOS="2351" VPOS="1381" WIDTH="42"/>
						<String ID="P34_ST00040" HPOS="2393" VPOS="1302" WIDTH="179" HEIGHT="64" CONTENT="Erde." WC="0.98" CC="65003"/>
					</TextLine>
					<TextLine ID="P34_TL00010" HPOS="1069" VPOS="1394" WIDTH="363" HEIGHT="80">
						<String ID="P34_ST00041" HPOS="1069" VPOS="1394" WIDTH="363" HEIGHT="80" CONTENT="Schläfrig..." WC="0.99" CC="407706650404"/>
					</TextLine>
					<TextLine ID="P34_TL00011" HPOS="1066" VPOS="1490" WIDTH="295" HEIGHT="64">
						<String ID="P34_ST00042" HPOS="1066" VPOS="1490" WIDTH="295" HEIGHT="64" CONTENT="Müde..." WC="1.00" CC="0000322"/>
					</TextLine>
					<TextLine ID="P34_TL00012" HPOS="1063" VPOS="1584" WIDTH="1796" HEIGHT="86">
						<String ID="P34_ST00043" HPOS="1063" VPOS="1585" WIDTH="205" HEIGHT="63" CONTENT="Meine" WC="0.99" CC="00250"/>
						<SP ID="P34_SP00032" HPOS="1268" VPOS="1648" WIDTH="42"/>
						<String ID="P34_ST00044" HPOS="1310" VPOS="1584" WIDTH="217" HEIGHT="62" CONTENT="Hände" WC="0.99" CC="60300"/>
						<SP ID="P34_SP00033" HPOS="1527" VPOS="1648" WIDTH="41"/>
						<String ID="P34_ST00045" HPOS="1568" VPOS="1585" WIDTH="216" HEIGHT="80" CONTENT="spielen" WC="0.99" CC="0050700"/>
						<SP ID="P34_SP00034" HPOS="1784" VPOS="1665" WIDTH="43"/>
						<String ID="P34_ST00046" HPOS="1827" VPOS="1588" WIDTH="343" HEIGHT="62" CONTENT="mechanisch" WC="1.00" CC="0000001000"/>
						<SP ID="P34_SP00035" HPOS="2170" VPOS="1665" WIDTH="42"/>
						<String ID="P34_ST00047" HPOS="2212" VPOS="1597" WIDTH="101" HEIGHT="53" CONTENT="mit" WC="0.98" CC="013"/>
						<SP ID="P34_SP00036" HPOS="2313" VPOS="1665" WIDTH="42"/>
						<String ID="P34_ST00048" HPOS="2355" VPOS="1589" WIDTH="131" HEIGHT="62" CONTENT="dem" WC="1.00" CC="000"/>
						<SP ID="P34_SP00037" HPOS="2486" VPOS="1665" WIDTH="43"/>
						<String ID="P34_ST00049" HPOS="2529" VPOS="1590" WIDTH="330" HEIGHT="80" CONTENT="Browning," WC="1.00" CC="056000000"/>
					</TextLine>
					<TextLine ID="P34_TL00013" HPOS="1065" VPOS="1677" WIDTH="1332" HEIGHT="70">
						<String ID="P34_ST00050" HPOS="1065" VPOS="1681" WIDTH="177" HEIGHT="61" CONTENT="Marä" WC="0.75" CC="0009"/>
						<SP ID="P34_SP00038" HPOS="1242" VPOS="1742" WIDTH="44"/>
						<String ID="P34_ST00051" HPOS="1286" VPOS="1681" WIDTH="119" HEIGHT="61" CONTENT="und" WC="0.98" CC="400"/>
						<SP ID="P34_SP00039" HPOS="1405" VPOS="1742" WIDTH="41"/>
						<String ID="P34_ST00052" HPOS="1446" VPOS="1677" WIDTH="153" HEIGHT="66" CONTENT="Tho" WC="0.96" CC="001"/>
						<SP ID="P34_SP00040" HPOS="1599" VPOS="1743" WIDTH="44"/>
						<String ID="P34_ST00053" HPOS="1643" VPOS="1681" WIDTH="128" HEIGHT="62" CONTENT="sind" WC="0.99" CC="0400"/>
						<SP ID="P34_SP00041" HPOS="1771" VPOS="1743" WIDTH="40"/>
						<String ID="P34_ST00054" HPOS="1811" VPOS="1691" WIDTH="77" HEIGHT="52" CONTENT="im" WC="1.00" CC="00"/>
						<SP ID="P34_SP00042" HPOS="1888" VPOS="1743" WIDTH="40"/>
						<String ID="P34_ST00055" HPOS="1928" VPOS="1682" WIDTH="469" HEIGHT="65" CONTENT="Nebenzimmer," WC="0.99" CC="607066000050"/>
					</TextLine>
					<TextLine ID="P34_TL00014" HPOS="1063" VPOS="1776" WIDTH="2210" HEIGHT="86">
						<String ID="P34_ST00056" HPOS="1063" VPOS="1776" WIDTH="201" HEIGHT="62" CONTENT="Wenn" WC="0.98" CC="7000"/>
						<SP ID="P34_SP00043" HPOS="1264" VPOS="1838" WIDTH="45"/>
						<String ID="P34_ST00057" HPOS="1309" VPOS="1778" WIDTH="76" HEIGHT="60" CONTENT="ich" WC="1.00" CC="000"/>
						<SP ID="P34_SP00044" HPOS="1385" VPOS="1838" WIDTH="43"/>
						<String ID="P34_ST00058" HPOS="1428" VPOS="1786" WIDTH="105" HEIGHT="52" CONTENT="mir" WC="0.97" CC="025"/>
						<SP ID="P34_SP00045" HPOS="1533" VPOS="1838" WIDTH="40"/>
						<String ID="P34_ST00059" HPOS="1573" VPOS="1787" WIDTH="137" HEIGHT="68" CONTENT="jetzt" WC="0.98" CC="70063"/>
						<SP ID="P34_SP00046" HPOS="1710" VPOS="1855" WIDTH="42"/>
						<String ID="P34_ST00060" HPOS="1752" VPOS="1786" WIDTH="127" HEIGHT="53" CONTENT="eine" WC="0.99" CC="0600"/>
						<SP ID="P34_SP00047" HPOS="1879" VPOS="1855" WIDTH="34"/>
						<String ID="P34_ST00061" HPOS="1913" VPOS="1778" WIDTH="192" HEIGHT="79" CONTENT="Kugel" WC="0.99" CC="00017"/>
						<SP ID="P34_SP00048" HPOS="2105" VPOS="1857" WIDTH="35"/>
						<String ID="P34_ST00062" HPOS="2140" VPOS="1804" WIDTH="110" HEIGHT="37" CONTENT="vor" WC="0.98" CC="006"/>
						<SP ID="P34_SP00049" HPOS="2250" VPOS="1857" WIDTH="34"/>
						<String ID="P34_ST00063" HPOS="2284" VPOS="1780" WIDTH="110" HEIGHT="62" CONTENT="den" WC="1.00" CC="000"/>
						<SP ID="P34_SP00050" HPOS="2394" VPOS="1857" WIDTH="36"/>
						<String ID="P34_ST00064" HPOS="2430" VPOS="1781" WIDTH="173" HEIGHT="81" CONTENT="Kopf" WC="0.99" CC="0500"/>
						<SP ID="P34_SP00051" HPOS="2603" VPOS="1862" WIDTH="33"/>
						<String ID="P34_ST00065" HPOS="2636" VPOS="1782" WIDTH="237" HEIGHT="73" CONTENT="schieße," WC="1.00" CC="00040104"/>
						<SP ID="P34_SP00052" HPOS="2873" VPOS="1862" WIDTH="43"/>
						<String ID="P34_ST00066" HPOS="2916" VPOS="1782" WIDTH="148" HEIGHT="62" CONTENT="wird" WC="0.99" CC="0040"/>
						<SP ID="P34_SP00053" HPOS="3064" VPOS="1862" WIDTH="31"/>
						<String ID="P34_ST00067" HPOS="3095" VPOS="1785" WIDTH="178" HEIGHT="63" CONTENT="Marä" WC="0.60" CC="0059"/>
					</TextLine>
					<TextLine ID="P34_TL00015" HPOS="985" VPOS="1867" WIDTH="1712" HEIGHT="87">
						<String ID="P34_ST00068" HPOS="985" VPOS="1871" WIDTH="372" HEIGHT="72" CONTENT="erschrecken," WC="0.99" CC="060002007044"/>
						<SP ID="P34_SP00054" HPOS="1357" VPOS="1943" WIDTH="44"/>
						<String ID="P34_ST00069" HPOS="1401" VPOS="1871" WIDTH="121" HEIGHT="62" CONTENT="und" WC="1.00" CC="000"/>
						<SP ID="P34_SP00055" HPOS="1522" VPOS="1943" WIDTH="42"/>
						<String ID="P34_ST00070" HPOS="1564" VPOS="1881" WIDTH="100" HEIGHT="52" CONTENT="mit" WC="0.99" CC="003"/>
						<SP ID="P34_SP00056" HPOS="1664" VPOS="1943" WIDTH="40"/>
						<String ID="P34_ST00071" HPOS="1704" VPOS="1867" WIDTH="154" HEIGHT="68" CONTENT="Tho" WC="0.28" CC="974"/>
						<SP ID="P34_SP00057" HPOS="1858" VPOS="1943" WIDTH="44"/>
						<String ID="P34_ST00072" HPOS="1902" VPOS="1872" WIDTH="466" HEIGHT="82" CONTENT="herbeigelaufen" WC="1.00" CC="00570300700000"/>
						<SP ID="P34_SP00058" HPOS="2368" VPOS="1954" WIDTH="43"/>
						<String ID="P34_ST00073" HPOS="2411" VPOS="1875" WIDTH="286" HEIGHT="65" CONTENT="kommen." WC="0.99" CC="0200054"/>
					</TextLine>
					<TextLine ID="P34_TL00016" HPOS="1062" VPOS="1966" WIDTH="1097" HEIGHT="66">
						<String ID="P34_ST00074" HPOS="1062" VPOS="1966" WIDTH="299" HEIGHT="63" CONTENT="Vielleicht" WC="0.99" CC="0407700070"/>
						<SP ID="P34_SP00059" HPOS="1361" VPOS="2029" WIDTH="42"/>
						<String ID="P34_ST00075" HPOS="1403" VPOS="1966" WIDTH="144" HEIGHT="63" CONTENT="wird" WC="0.98" CC="0330"/>
						<SP ID="P34_SP00060" HPOS="1547" VPOS="2029" WIDTH="42"/>
						<String ID="P34_ST00076" HPOS="1589" VPOS="1976" WIDTH="84" HEIGHT="53" CONTENT="sie" WC="0.99" CC="020"/>
						<SP ID="P34_SP00061" HPOS="1673" VPOS="2029" WIDTH="42"/>
						<String ID="P34_ST00077" HPOS="1715" VPOS="1969" WIDTH="140" HEIGHT="61" CONTENT="auch" WC="0.99" CC="0400"/>
						<SP ID="P34_SP00062" HPOS="1855" VPOS="2030" WIDTH="43"/>
						<String ID="P34_ST00078" HPOS="1898" VPOS="1969" WIDTH="261" HEIGHT="63" CONTENT="schreien." WC="0.99" CC="000404050"/>
					</TextLine>
					<TextLine ID="P34_TL00017" HPOS="1062" VPOS="2060" WIDTH="1577" HEIGHT="68">
						<String ID="P34_ST00079" HPOS="1062" VPOS="2060" WIDTH="300" HEIGHT="63" CONTENT="Vielleicht" WC="0.99" CC="1046703000"/>
						<SP ID="P34_SP00063" HPOS="1362" VPOS="2123" WIDTH="41"/>
						<String ID="P34_ST00080" HPOS="1403" VPOS="2062" WIDTH="203" HEIGHT="62" CONTENT="würde" WC="0.99" CC="00500"/>
						<SP ID="P34_SP00064" HPOS="1606" VPOS="2124" WIDTH="43"/>
						<String ID="P34_ST00081" HPOS="1649" VPOS="2072" WIDTH="82" HEIGHT="52" CONTENT="sie" WC="0.99" CC="030"/>
						<SP ID="P34_SP00065" HPOS="1731" VPOS="2124" WIDTH="42"/>
						<String ID="P34_ST00082" HPOS="1773" VPOS="2087" WIDTH="75" HEIGHT="37" CONTENT="an" WC="1.00" CC="00"/>
						<SP ID="P34_SP00066" HPOS="1848" VPOS="2124" WIDTH="42"/>
						<String ID="P34_ST00083" HPOS="1890" VPOS="2073" WIDTH="216" HEIGHT="52" CONTENT="meiner" WC="0.99" CC="014007"/>
						<SP ID="P34_SP00067" HPOS="2106" VPOS="2125" WIDTH="39"/>
						<String ID="P34_ST00084" HPOS="2145" VPOS="2064" WIDTH="200" HEIGHT="62" CONTENT="Leiche" WC="1.00" CC="002000"/>
						<SP ID="P34_SP00068" HPOS="2345" VPOS="2126" WIDTH="43"/>
						<String ID="P34_ST00085" HPOS="2388" VPOS="2067" WIDTH="251" HEIGHT="61" CONTENT="weinen!" WC="1.00" CC="0000000"/>
					</TextLine>
					<TextLine ID="P34_TL00018" HPOS="1061" VPOS="2150" WIDTH="1639" HEIGHT="74">
						<String ID="P34_ST00086" HPOS="1061" VPOS="2150" WIDTH="161" HEIGHT="68" CONTENT="Tho" WC="0.30" CC="776"/>
						<SP ID="P34_SP00069" HPOS="1222" VPOS="2218" WIDTH="43"/>
						<String ID="P34_ST00087" HPOS="1265" VPOS="2157" WIDTH="234" HEIGHT="62" CONTENT="würde" WC="0.99" CC="00400"/>
						<SP ID="P34_SP00070" HPOS="1499" VPOS="2219" WIDTH="42"/>
						<String ID="P34_ST00088" HPOS="1541" VPOS="2158" WIDTH="326" HEIGHT="62" CONTENT="sicherlich" WC="1.00" CC="0000077000"/>
						<SP ID="P34_SP00071" HPOS="1867" VPOS="2220" WIDTH="44"/>
						<String ID="P34_ST00089" HPOS="1911" VPOS="2168" WIDTH="175" HEIGHT="52" CONTENT="mein" WC="1.00" CC="0020"/>
						<SP ID="P34_SP00072" HPOS="2086" VPOS="2220" WIDTH="42"/>
						<String ID="P34_ST00090" HPOS="2128" VPOS="2159" WIDTH="157" HEIGHT="63" CONTENT="Blut" WC="0.96" CC="1771"/>
						<SP ID="P34_SP00073" HPOS="2285" VPOS="2222" WIDTH="42"/>
						<String ID="P34_ST00091" HPOS="2327" VPOS="2161" WIDTH="373" HEIGHT="63" CONTENT="auflecken!" WC="1.00" CC="0336000000"/>
					</TextLine>
					<TextLine ID="P34_TL00019" HPOS="1061" VPOS="2347" WIDTH="1770" HEIGHT="83">
						<String ID="P34_ST00092" HPOS="1061" VPOS="2347" WIDTH="84" HEIGHT="61" CONTENT="Ich" WC="1.00" CC="000"/>
						<SP ID="P34_SP00074" HPOS="1145" VPOS="2408" WIDTH="43"/>
						<String ID="P34_ST00093" HPOS="1188" VPOS="2365" WIDTH="183" HEIGHT="45" CONTENT="setzte" WC="0.99" CC="000640"/>
						<SP ID="P34_SP00075" HPOS="1371" VPOS="2410" WIDTH="42"/>
						<String ID="P34_ST00094" HPOS="1413" VPOS="2349" WIDTH="110" HEIGHT="61" CONTENT="den" WC="1.00" CC="000"/>
						<SP ID="P34_SP00076" HPOS="1523" VPOS="2410" WIDTH="34"/>
						<String ID="P34_ST00095" HPOS="1557" VPOS="2349" WIDTH="160" HEIGHT="62" CONTENT="Lauf" WC="0.99" CC="0005"/>
						<SP ID="P34_SP00077" HPOS="1717" VPOS="2411" WIDTH="36"/>
						<String ID="P34_ST00096" HPOS="1753" VPOS="2350" WIDTH="102" HEIGHT="62" CONTENT="des" WC="1.00" CC="000"/>
						<SP ID="P34_SP00078" HPOS="1855" VPOS="2412" WIDTH="43"/>
						<String ID="P34_ST00097" HPOS="1898" VPOS="2350" WIDTH="341" HEIGHT="80" CONTENT="Brownings" WC="1.00" CC="050000600"/>
						<SP ID="P34_SP00079" HPOS="2239" VPOS="2430" WIDTH="45"/>
						<String ID="P34_ST00098" HPOS="2284" VPOS="2375" WIDTH="74" HEIGHT="37" CONTENT="an" WC="1.00" CC="00"/>
						<SP ID="P34_SP00080" HPOS="2358" VPOS="2430" WIDTH="43"/>
						<String ID="P34_ST00099" HPOS="2401" VPOS="2361" WIDTH="186" HEIGHT="52" CONTENT="meine" WC="1.00" CC="00100"/>
						<SP ID="P34_SP00081" HPOS="2587" VPOS="2430" WIDTH="42"/>
						<String ID="P34_ST00100" HPOS="2629" VPOS="2352" WIDTH="202" HEIGHT="64" CONTENT="Stirne," WC="0.99" CC="6004002"/>
					</TextLine>
					<TextLine ID="P34_TL00020" HPOS="1061" VPOS="2443" WIDTH="1620" HEIGHT="83">
						<String ID="P34_ST00101" HPOS="1061" VPOS="2443" WIDTH="81" HEIGHT="61" CONTENT="Im" WC="0.72" CC="50"/>
						<SP ID="P34_SP00082" HPOS="1142" VPOS="2504" WIDTH="42"/>
						<String ID="P34_ST00102" HPOS="1184" VPOS="2443" WIDTH="455" HEIGHT="62" CONTENT="Nebenzimmer" WC="1.00" CC="30000000005"/>
						<SP ID="P34_SP00083" HPOS="1639" VPOS="2505" WIDTH="42"/>
						<String ID="P34_ST00103" HPOS="1681" VPOS="2453" WIDTH="147" HEIGHT="71" CONTENT="singt" WC="0.98" CC="06306"/>
						<SP ID="P34_SP00084" HPOS="1828" VPOS="2524" WIDTH="41"/>
						<String ID="P34_ST00104" HPOS="1869" VPOS="2445" WIDTH="179" HEIGHT="62" CONTENT="Marä" WC="0.86" CC="0050"/>
						<SP ID="P34_SP00085" HPOS="2048" VPOS="2524" WIDTH="42"/>
						<String ID="P34_ST00105" HPOS="2090" VPOS="2446" WIDTH="157" HEIGHT="63" CONTENT="ihren" WC="0.98" CC="37200"/>
						<SP ID="P34_SP00086" HPOS="2247" VPOS="2524" WIDTH="42"/>
						<String ID="P34_ST00106" HPOS="2289" VPOS="2446" WIDTH="392" HEIGHT="80" CONTENT="Niggersong," WC="1.00" CC="03000500002"/>
					</TextLine>
					<TextLine ID="P34_TL00021" HPOS="1060" VPOS="2538" WIDTH="1910" HEIGHT="85">
						<String ID="P34_ST00107" HPOS="1060" VPOS="2538" WIDTH="118" HEIGHT="61" CONTENT="Ein" WC="0.98" CC="050"/>
						<SP ID="P34_SP00087" HPOS="1178" VPOS="2599" WIDTH="43"/>
						<String ID="P34_ST00108" HPOS="1221" VPOS="2538" WIDTH="188" HEIGHT="62" CONTENT="Schrei" WC="0.99" CC="007500"/>
						<SP ID="P34_SP00088" HPOS="1409" VPOS="2600" WIDTH="41"/>
						<String ID="P34_ST00109" HPOS="1450" VPOS="2548" WIDTH="130" HEIGHT="53" CONTENT="sitzt" WC="0.97" CC="03465"/>
						<SP ID="P34_SP00089" HPOS="1580" VPOS="2601" WIDTH="41"/>
						<String ID="P34_ST00110" HPOS="1621" VPOS="2549" WIDTH="55" HEIGHT="52" CONTENT="in" WC="0.87" CC="20"/>
						<SP ID="P34_SP00090" HPOS="1676" VPOS="2601" WIDTH="44"/>
						<String ID="P34_ST00111" HPOS="1720" VPOS="2549" WIDTH="216" HEIGHT="54" CONTENT="meiner" WC="0.99" CC="001005"/>
						<SP ID="P34_SP00091" HPOS="1936" VPOS="2603" WIDTH="41"/>
						<String ID="P34_ST00112" HPOS="1977" VPOS="2540" WIDTH="214" HEIGHT="63" CONTENT="Kehle:" WC="0.99" CC="000704"/>
						<SP ID="P34_SP00092" HPOS="2191" VPOS="2603" WIDTH="46"/>
						<String ID="P34_ST00113" HPOS="2237" VPOS="2542" WIDTH="76" HEIGHT="62" CONTENT="ich" WC="0.96" CC="090"/>
						<SP ID="P34_SP00093" HPOS="2313" VPOS="2604" WIDTH="45"/>
						<String ID="P34_ST00114" HPOS="2358" VPOS="2542" WIDTH="95" HEIGHT="62" CONTENT="bin" WC="0.96" CC="704"/>
						<SP ID="P34_SP00094" HPOS="2453" VPOS="2604" WIDTH="42"/>
						<String ID="P34_ST00115" HPOS="2495" VPOS="2552" WIDTH="57" HEIGHT="68" CONTENT="ja" WC="0.62" CC="70"/>
						<SP ID="P34_SP00095" HPOS="2552" VPOS="2620" WIDTH="41"/>
						<String ID="P34_ST00116" HPOS="2593" VPOS="2542" WIDTH="377" HEIGHT="81" CONTENT="wahnsinnig." WC="1.00" CC="00760120003"/>
					</TextLine>
					<TextLine ID="P34_TL00022" HPOS="1058" VPOS="2633" WIDTH="1112" HEIGHT="66">
						<String ID="P34_ST00117" HPOS="1058" VPOS="2633" WIDTH="257" HEIGHT="62" CONTENT="Warum" WC="0.98" CC="90600"/>
						<SP ID="P34_SP00096" HPOS="1315" VPOS="2695" WIDTH="43"/>
						<String ID="P34_ST00118" HPOS="1358" VPOS="2634" WIDTH="113" HEIGHT="61" CONTENT="will" WC="0.96" CC="0467"/>
						<SP ID="P34_SP00097" HPOS="1471" VPOS="2695" WIDTH="43"/>
						<String ID="P34_ST00119" HPOS="1514" VPOS="2636" WIDTH="79" HEIGHT="61" CONTENT="ich" WC="0.97" CC="007"/>
						<SP ID="P34_SP00098" HPOS="1593" VPOS="2697" WIDTH="43"/>
						<String ID="P34_ST00120" HPOS="1636" VPOS="2636" WIDTH="137" HEIGHT="61" CONTENT="midi" WC="0.97" CC="0096"/>
						<SP ID="P34_SP00099" HPOS="1773" VPOS="2697" WIDTH="44"/>
						<String ID="P34_ST00121" HPOS="1817" VPOS="2636" WIDTH="353" HEIGHT="63" CONTENT="erschießen?" WC="1.00" CC="00090000006"/>
					</TextLine>
					<TextLine ID="P34_TL00023" HPOS="1058" VPOS="2824" WIDTH="1334" HEIGHT="80">
						<String ID="P34_ST00122" HPOS="1058" VPOS="2824" WIDTH="129" HEIGHT="62" CONTENT="Das" WC="0.97" CC="250"/>
						<SP ID="P34_SP00100" HPOS="1187" VPOS="2886" WIDTH="43"/>
						<String ID="P34_ST00123" HPOS="1230" VPOS="2825" WIDTH="197" HEIGHT="79" CONTENT="große," WC="0.99" CC="045004"/>
						<SP ID="P34_SP00101" HPOS="1427" VPOS="2904" WIDTH="42"/>
						<String ID="P34_ST00124" HPOS="1469" VPOS="2825" WIDTH="172" HEIGHT="63" CONTENT="blaue" WC="0.99" CC="70000"/>
						<SP ID="P34_SP00102" HPOS="1641" VPOS="2904" WIDTH="41"/>
						<String ID="P34_ST00125" HPOS="1682" VPOS="2826" WIDTH="352" HEIGHT="66" CONTENT="Automobil" WC="0.99" CC="506203000"/>
						<SP ID="P34_SP00103" HPOS="2034" VPOS="2904" WIDTH="44"/>
						<String ID="P34_ST00126" HPOS="2078" VPOS="2827" WIDTH="149" HEIGHT="63" CONTENT="fährt" WC="0.98" CC="50600"/>
						<SP ID="P34_SP00104" HPOS="2227" VPOS="2904" WIDTH="40"/>
						<String ID="P34_ST00127" HPOS="2267" VPOS="2853" WIDTH="125" HEIGHT="38" CONTENT="vor." WC="0.98" CC="0053"/>
					</TextLine>
				</TextBlock>
				<TextBlock ID="P34_TB00006" HPOS="2022" VPOS="3081" WIDTH="199" HEIGHT="62" STYLEREFS="TXT_2 PAR_CENTER">
					<TextLine ID="P34_TL00024" HPOS="2024" VPOS="3081" WIDTH="197" HEIGHT="62">
						<String ID="P34_ST00128" HPOS="2024" VPOS="3081" WIDTH="197" HEIGHT="62" CONTENT="XVII." WC="0.91" CC="00004"/>
					</TextLine>
				</TextBlock>
				<TextBlock ID="P34_TB00007" HPOS="974" VPOS="3205" WIDTH="2288" HEIGHT="825" STYLEREFS="TXT_2 PAR_LEFT">
					<TextLine ID="P34_TL00025" HPOS="1056" VPOS="3206" WIDTH="2085" HEIGHT="81">
						<String ID="P34_ST00129" HPOS="1056" VPOS="3206" WIDTH="84" HEIGHT="61" CONTENT="Ich" WC="0.93" CC="467"/>
						<SP ID="P34_SP00105" HPOS="1140" VPOS="3267" WIDTH="43"/>
						<String ID="P34_ST00130" HPOS="1183" VPOS="3216" WIDTH="141" HEIGHT="52" CONTENT="sitze" WC="0.97" CC="04564"/>
						<SP ID="P34_SP00106" HPOS="1324" VPOS="3268" WIDTH="42"/>
						<String ID="P34_ST00131" HPOS="1366" VPOS="3215" WIDTH="54" HEIGHT="53" CONTENT="in" WC="0.57" CC="52"/>
						<SP ID="P34_SP00107" HPOS="1420" VPOS="3268" WIDTH="45"/>
						<String ID="P34_ST00132" HPOS="1465" VPOS="3216" WIDTH="185" HEIGHT="53" CONTENT="einem" WC="0.97" CC="32345"/>
						<SP ID="P34_SP00108" HPOS="1650" VPOS="3269" WIDTH="43"/>
						<String ID="P34_ST00133" HPOS="1693" VPOS="3207" WIDTH="115" HEIGHT="62" CONTENT="fast" WC="0.97" CC="6205"/>
						<SP ID="P34_SP00109" HPOS="1808" VPOS="3269" WIDTH="40"/>
						<String ID="P34_ST00134" HPOS="1848" VPOS="3208" WIDTH="484" HEIGHT="79" CONTENT="unzugänglichen" WC="0.99" CC="60667007810700"/>
						<SP ID="P34_SP00110" HPOS="2332" VPOS="3287" WIDTH="43"/>
						<String ID="P34_ST00135" HPOS="2375" VPOS="3210" WIDTH="245" HEIGHT="62" CONTENT="Dickicht" WC="0.97" CC="70564796"/>
						<SP ID="P34_SP00111" HPOS="2620" VPOS="3287" WIDTH="42"/>
						<String ID="P34_ST00136" HPOS="2662" VPOS="3211" WIDTH="102" HEIGHT="62" CONTENT="des" WC="0.96" CC="730"/>
						<SP ID="P34_SP00112" HPOS="2764" VPOS="3287" WIDTH="44"/>
						<String ID="P34_ST00137" HPOS="2808" VPOS="3212" WIDTH="333" HEIGHT="64" CONTENT="Urwaldes." WC="0.98" CC="756079094"/>
					</TextLine>
					<TextLine ID="P34_TL00026" HPOS="1055" VPOS="3301" WIDTH="1461" HEIGHT="81">
						<String ID="P34_ST00138" HPOS="1055" VPOS="3301" WIDTH="168" HEIGHT="64" CONTENT="Mein" WC="0.98" CC="4230"/>
						<SP ID="P34_SP00113" HPOS="1223" VPOS="3365" WIDTH="42"/>
						<String ID="P34_ST00139" HPOS="1265" VPOS="3302" WIDTH="162" HEIGHT="61" CONTENT="Herz" WC="0.98" CC="4060"/>
						<SP ID="P34_SP00114" HPOS="1427" VPOS="3365" WIDTH="42"/>
						<String ID="P34_ST00140" HPOS="1469" VPOS="3312" WIDTH="72" HEIGHT="53" CONTENT="ist" WC="0.98" CC="203"/>
						<SP ID="P34_SP00115" HPOS="1541" VPOS="3365" WIDTH="39"/>
						<String ID="P34_ST00141" HPOS="1580" VPOS="3302" WIDTH="380" HEIGHT="80" CONTENT="kriegslustig:" WC="0.99" CC="5630007203301"/>
						<SP ID="P34_SP00116" HPOS="1960" VPOS="3382" WIDTH="47"/>
						<String ID="P34_ST00142" HPOS="2007" VPOS="3306" WIDTH="76" HEIGHT="60" CONTENT="ich" WC="0.96" CC="470"/>
						<SP ID="P34_SP00117" HPOS="2083" VPOS="3382" WIDTH="43"/>
						<String ID="P34_ST00143" HPOS="2126" VPOS="3305" WIDTH="145" HEIGHT="62" CONTENT="liehe" WC="0.98" CC="70070"/>
						<SP ID="P34_SP00118" HPOS="2271" VPOS="3382" WIDTH="41"/>
						<String ID="P34_ST00144" HPOS="2312" VPOS="3305" WIDTH="204" HEIGHT="62" CONTENT="Marä!" WC="0.58" CC="13671"/>
					</TextLine>
					<TextLine ID="P34_TL00027" HPOS="1055" VPOS="3396" WIDTH="2207" HEIGHT="69">
						<String ID="P34_ST00145" HPOS="1055" VPOS="3396" WIDTH="83" HEIGHT="63" CONTENT="Ich" WC="0.99" CC="200"/>
						<SP ID="P34_SP00119" HPOS="1138" VPOS="3459" WIDTH="44"/>
						<String ID="P34_ST00146" HPOS="1182" VPOS="3396" WIDTH="148" HEIGHT="63" CONTENT="habe" WC="0.97" CC="6070"/>
						<SP ID="P34_SP00120" HPOS="1330" VPOS="3459" WIDTH="41"/>
						<String ID="P34_ST00147" HPOS="1371" VPOS="3406" WIDTH="105" HEIGHT="53" CONTENT="mir" WC="0.95" CC="416"/>
						<SP ID="P34_SP00121" HPOS="1476" VPOS="3459" WIDTH="41"/>
						<String ID="P34_ST00148" HPOS="1517" VPOS="3422" WIDTH="106" HEIGHT="38" CONTENT="aus" WC="0.98" CC="050"/>
						<SP ID="P34_SP00122" HPOS="1623" VPOS="3460" WIDTH="46"/>
						<String ID="P34_ST00149" HPOS="1669" VPOS="3408" WIDTH="154" HEIGHT="53" CONTENT="einer" WC="0.99" CC="03004"/>
						<SP ID="P34_SP00123" HPOS="1823" VPOS="3461" WIDTH="41"/>
						<String ID="P34_ST00150" HPOS="1864" VPOS="3423" WIDTH="138" HEIGHT="38" CONTENT="vom" WC="1.00" CC="000"/>
						<SP ID="P34_SP00124" HPOS="2002" VPOS="3461" WIDTH="44"/>
						<String ID="P34_ST00151" HPOS="2046" VPOS="3400" WIDTH="356" HEIGHT="64" CONTENT="Sturmwind" WC="0.99" CC="500609560"/>
						<SP ID="P34_SP00125" HPOS="2402" VPOS="3464" WIDTH="51"/>
						<String ID="P34_ST00152" HPOS="2453" VPOS="3403" WIDTH="413" HEIGHT="62" CONTENT="entwurzelten" WC="0.99" CC="005003607400"/>
						<SP ID="P34_SP00126" HPOS="2866" VPOS="3465" WIDTH="41"/>
						<String ID="P34_ST00153" HPOS="2907" VPOS="3403" WIDTH="188" HEIGHT="62" CONTENT="Esche" WC="0.97" CC="70570"/>
						<SP ID="P34_SP00127" HPOS="3095" VPOS="3465" WIDTH="42"/>
						<String ID="P34_ST00154" HPOS="3137" VPOS="3410" WIDTH="125" HEIGHT="55" CONTENT="eine" WC="0.97" CC="0614"/>
					</TextLine>
					<TextLine ID="P34_TL00028" HPOS="976" VPOS="3490" WIDTH="551" HEIGHT="80">
						<String ID="P34_ST00155" HPOS="976" VPOS="3490" WIDTH="190" HEIGHT="64" CONTENT="Keule" WC="0.99" CC="03070"/>
						<SP ID="P34_SP00128" HPOS="1166" VPOS="3554" WIDTH="41"/>
						<String ID="P34_ST00156" HPOS="1207" VPOS="3493" WIDTH="320" HEIGHT="77" CONTENT="geschnitzt." WC="0.99" CC="00069405622"/>
					</TextLine>
					<TextLine ID="P34_TL00029" HPOS="1053" VPOS="3588" WIDTH="1039" HEIGHT="81">
						<String ID="P34_ST00157" HPOS="1053" VPOS="3588" WIDTH="168" HEIGHT="61" CONTENT="Mein" WC="0.98" CC="0024"/>
						<SP ID="P34_SP00129" HPOS="1221" VPOS="3649" WIDTH="43"/>
						<String ID="P34_ST00158" HPOS="1264" VPOS="3588" WIDTH="160" HEIGHT="61" CONTENT="Herz" WC="0.96" CC="6066"/>
						<SP ID="P34_SP00130" HPOS="1424" VPOS="3649" WIDTH="45"/>
						<String ID="P34_ST00159" HPOS="1469" VPOS="3588" WIDTH="228" HEIGHT="62" CONTENT="ersehnt" WC="0.99" CC="0400005"/>
						<SP ID="P34_SP00131" HPOS="1697" VPOS="3650" WIDTH="42"/>
						<String ID="P34_ST00160" HPOS="1739" VPOS="3591" WIDTH="108" HEIGHT="61" CONTENT="sich" WC="0.98" CC="0080"/>
						<SP ID="P34_SP00132" HPOS="1847" VPOS="3652" WIDTH="42"/>
						<String ID="P34_ST00161" HPOS="1889" VPOS="3589" WIDTH="203" HEIGHT="80" CONTENT="Krieg!" WC="0.99" CC="064000"/>
					</TextLine>
					<TextLine ID="P34_TL00030" HPOS="1053" VPOS="3682" WIDTH="790" HEIGHT="65">
						<String ID="P34_ST00162" HPOS="1053" VPOS="3682" WIDTH="168" HEIGHT="62" CONTENT="Mein" WC="1.00" CC="0000"/>
						<SP ID="P34_SP00133" HPOS="1221" VPOS="3744" WIDTH="42"/>
						<String ID="P34_ST00163" HPOS="1263" VPOS="3683" WIDTH="161" HEIGHT="61" CONTENT="Herz" WC="0.96" CC="5066"/>
						<SP ID="P34_SP00134" HPOS="1424" VPOS="3744" WIDTH="42"/>
						<String ID="P34_ST00164" HPOS="1466" VPOS="3683" WIDTH="135" HEIGHT="63" CONTENT="liebt" WC="0.97" CC="70074"/>
						<SP ID="P34_SP00135" HPOS="1601" VPOS="3746" WIDTH="39"/>
						<String ID="P34_ST00165" HPOS="1640" VPOS="3685" WIDTH="203" HEIGHT="62" CONTENT="Marä!" WC="0.74" CC="00470"/>
					</TextLine>
					<TextLine ID="P34_TL00031" HPOS="1055" VPOS="3776" WIDTH="1503" HEIGHT="84">
						<String ID="P34_ST00166" HPOS="1055" VPOS="3776" WIDTH="82" HEIGHT="61" CONTENT="Ich" WC="0.96" CC="307"/>
						<SP ID="P34_SP00136" HPOS="1137" VPOS="3837" WIDTH="43"/>
						<String ID="P34_ST00167" HPOS="1180" VPOS="3779" WIDTH="281" HEIGHT="77" CONTENT="schwinge" WC="1.00" CC="00000000"/>
						<SP ID="P34_SP00137" HPOS="1461" VPOS="3856" WIDTH="42"/>
						<String ID="P34_ST00168" HPOS="1503" VPOS="3779" WIDTH="93" HEIGHT="62" CONTENT="die" WC="0.98" CC="040"/>
						<SP ID="P34_SP00138" HPOS="1596" VPOS="3856" WIDTH="40"/>
						<String ID="P34_ST00169" HPOS="1636" VPOS="3780" WIDTH="192" HEIGHT="62" CONTENT="Keule" WC="0.99" CC="00070"/>
						<SP ID="P34_SP00139" HPOS="1828" VPOS="3856" WIDTH="43"/>
						<String ID="P34_ST00170" HPOS="1871" VPOS="3780" WIDTH="168" HEIGHT="62" CONTENT="durch" WC="0.99" CC="04400"/>
						<SP ID="P34_SP00140" HPOS="2039" VPOS="3856" WIDTH="42"/>
						<String ID="P34_ST00171" HPOS="2081" VPOS="3781" WIDTH="287" HEIGHT="79" CONTENT="glühende" WC="0.99" CC="07070000"/>
						<SP ID="P34_SP00141" HPOS="2368" VPOS="3860" WIDTH="40"/>
						<String ID="P34_ST00172" HPOS="2408" VPOS="3782" WIDTH="150" HEIGHT="63" CONTENT="Luft." WC="0.99" CC="00114"/>
					</TextLine>
					<TextLine ID="P34_TL00032" HPOS="1057" VPOS="3871" WIDTH="2205" HEIGHT="89">
						<String ID="P34_ST00173" HPOS="1057" VPOS="3871" WIDTH="201" HEIGHT="64" CONTENT="Meine" WC="1.00" CC="02000"/>
						<SP ID="P34_SP00142" HPOS="1258" VPOS="3935" WIDTH="25"/>
						<String ID="P34_ST00174" HPOS="1283" VPOS="3871" WIDTH="277" HEIGHT="64" CONTENT="Muskeln" WC="0.99" CC="0102063"/>
						<SP ID="P34_SP00143" HPOS="1560" VPOS="3935" WIDTH="36"/>
						<String ID="P34_ST00175" HPOS="1596" VPOS="3898" WIDTH="257" HEIGHT="56" CONTENT="spannen" WC="1.00" CC="0200000"/>
						<SP ID="P34_SP00144" HPOS="1853" VPOS="3954" WIDTH="36"/>
						<String ID="P34_ST00176" HPOS="1889" VPOS="3878" WIDTH="126" HEIGHT="61" CONTENT="sich." WC="1.00" CC="00003"/>
						<SP ID="P34_SP00145" HPOS="2015" VPOS="3954" WIDTH="36"/>
						<String ID="P34_ST00177" HPOS="2051" VPOS="3876" WIDTH="168" HEIGHT="63" CONTENT="Mein" WC="1.00" CC="0020"/>
						<SP ID="P34_SP00146" HPOS="2219" VPOS="3954" WIDTH="28"/>
						<String ID="P34_ST00178" HPOS="2247" VPOS="3878" WIDTH="231" HEIGHT="80" CONTENT="Körper" WC="0.99" CC="004005"/>
						<SP ID="P34_SP00147" HPOS="2478" VPOS="3958" WIDTH="26"/>
						<String ID="P34_ST00179" HPOS="2504" VPOS="3879" WIDTH="153" HEIGHT="81" CONTENT="biegt" WC="0.98" CC="70004"/>
						<SP ID="P34_SP00148" HPOS="2657" VPOS="3960" WIDTH="24"/>
						<String ID="P34_ST00180" HPOS="2681" VPOS="3881" WIDTH="134" HEIGHT="61" CONTENT="sich;" WC="0.97" CC="54670"/>
						<SP ID="P34_SP00149" HPOS="2815" VPOS="3960" WIDTH="38"/>
						<String ID="P34_ST00181" HPOS="2853" VPOS="3889" WIDTH="150" HEIGHT="53" CONTENT="mein" WC="0.98" CC="0070"/>
						<SP ID="P34_SP00150" HPOS="3003" VPOS="3960" WIDTH="26"/>
						<String ID="P34_ST00182" HPOS="3029" VPOS="3880" WIDTH="233" HEIGHT="79" CONTENT="Körper" WC="0.98" CC="045007"/>
					</TextLine>
					<TextLine ID="P34_TL00033" HPOS="977" VPOS="3965" WIDTH="735" HEIGHT="65">
						<String ID="P34_ST00183" HPOS="977" VPOS="3965" WIDTH="168" HEIGHT="63" CONTENT="sehnt" WC="0.99" CC="00700"/>
						<SP ID="P34_SP00151" HPOS="1145" VPOS="4028" WIDTH="39"/>
						<String ID="P34_ST00184" HPOS="1184" VPOS="3968" WIDTH="108" HEIGHT="61" CONTENT="sich" WC="1.00" CC="0000"/>
						<SP ID="P34_SP00152" HPOS="1292" VPOS="4029" WIDTH="42"/>
						<String ID="P34_ST00185" HPOS="1334" VPOS="3969" WIDTH="135" HEIGHT="61" CONTENT="nach" WC="0.99" CC="5000"/>
						<SP ID="P34_SP00153" HPOS="1469" VPOS="4030" WIDTH="41"/>
						<String ID="P34_ST00186" HPOS="1510" VPOS="3969" WIDTH="202" HEIGHT="61" CONTENT="Marä!" WC="0.69" CC="00590"/>
					</TextLine>
				</TextBlock>
			</PrintSpace>
		</Page>
	</Layout>
</alto>
