3443 4572
996 399 96 49 982

1608 402 238 51 Heinricß
1876 404 213 50 Mowaß
2111 429 8 11 •
2139 406 106 49 Die
2276 407 383 50 Sonnenseucße

2005 596 260 61 XXVIL

1075 669 182 63 Neue
1300 671 258 63 Scharen,

1074 765 117 61 Mit
1230 765 263 78 Prügeln,
1535 766 243 62 Stöcken
1822 767 120 61 und
1982 769 342 81 Brownings
2367 795 183 55 gegen
2594 772 92 64 die
2729 774 306 64 Soldaten!

1073 859 179 78 Krieg
1293 870 53 51 in
1389 860 367 62 Littehotaü!

1073 954 243 62 Schüsse
1458 957 294 76 Bajonette
1787 965 54 52 in
1876 957 113 63 den
2023 957 420 82 Hingeweiden
2574 964 183 62 Einer
2790 976 217 69 springt
3039 979 110 52 wie
3185 983 85 54 ein

993 1050 477 77 angeschossener
1510 1050 167 63 Hase
1721 1061 54 52 in
1818 1050 93 64 die
1953 1053 146 64 Luft,
2144 1054 375 83 Überschlägt
2563 1061 108 59 sich
2713 1062 280 62 zweimal,

1068 1142 201 62 Flucht
1309 1143 100 62 der
1449 1143 305 64 Soldaten!

1067 1237 313 62 Kanonen!

1067 1332 320 64 Stürzende
1436 1335 240 63 Häuser
1839 1339 263 63 Schreien
2281 1343 195 63 Brand
2638 1346 179 79 Krieg
2977 1349 179 80 Krieg

985 1423 352 83 Trompeten
1483 1430 245 66 Schüsse
1873 1435 185 63 Mord

1064 1522 161 62 Volk
1266 1524 248 81 schleppt
1554 1529 239 78 singend
1835 1539 126 54 eine
2003 1532 295 63 erbeutete
2340 1534 268 64 Kanone,

1063 1617 98 62 Sie
1201 1621 205 62 richten
1449 1632 84 52 sie
1572 1647 183 55 gegen
1799 1626 92 62 die
1925 1626 461 66 Sonnenscheibe
2428 1631 121 62 und
2591 1632 257 65 schießen
2883 1645 56 52 in
2974 1636 92 62 die
3099 1637 132 65 bren-

983 1712 186 62 nende
1214 1713 164 64 Glut.

1060 1807 332 65 Manahota
1434 1820 71 53 ist
1545 1821 56 54 in
1643 1824 149 52 zwei
1834 1811 202 83 Tagen
2078 1826 127 54 eine
2245 1819 189 63 Ruine
2475 1823 331 77 geworden.

1059 1904 288 80 Littequar
1388 1908 152 62 steht
1581 1919 55 51 in
1681 1910 322 65 Flammen.

1056 1999 286 64 Littehota
1384 2002 156 62 starb
1583 2028 74 38 an
1700 2004 102 64 der
1845 2006 461 66 Sonnenseuche,

1976 2231 295 63 XXVIII.

1056 2351 84 62 Ich
1175 2351 196 65 kehrte
1403 2379 76 37 zu
1506 2355 179 62 Marä
1718 2360 225 61 zurück.
1981 2359 118 62 Ein
2135 2360 120 61 und
2291 2370 165 53 einen
2492 2361 207 64 halben
2726 2359 129 85 Tag
2880 2390 126 37 war
3031 2367 76 60 ich
3137 2367 125 64 fort.

1055 2447 84 61 Ich
1190 2447 209 65 rudere
1448 2450 144 62 über
1642 2451 112 64 den
1797 2454 133 71 See,
1982 2454 101 63 der
2133 2479 211 40 unsere
2385 2456 161 64 Villa
2596 2483 119 37 von
2768 2460 111 62 den
2925 2461 339 80 Grotaqua*

975 2543 258 62 Wäldern
1276 2561 203 47 trennt.
1534 2547 117 63 Die
1695 2548 200 63 Sonne
1935 2549 206 64 brennt
2189 2552 112 61 auf
2342 2563 224 52 meinen
2608 2554 181 80 Kopf,
2843 2557 130 62 Das
3016 2558 249 62 Wasser

978 2637 104 63 des
1126 2639 145 62 Sees
1316 2648 72 55 ist
1430 2641 300 64 lauwarm.

1054 2735 209 62 Mitten
1314 2736 112 62 auf
1469 2737 131 62 dem
1652 2738 116 63 See
1825 2741 166 61 richte
2042 2742 77 61 ich
2171 2743 136 61 mich
2361 2752 54 52 in
2459 2754 245 53 meinem
2746 2746 213 63 Kanoe
3002 2748 111 61 auf
3147 2747 115 62 und

974 2831 211 62 schreie
1228 2841 56 52 in
1327 2832 91 63 die
1460 2832 169 64 Welt
1670 2835 212 62 hinein:
1931 2837 280 63 »Marä!«

1056 2925 207 64 »Zwei
1304 2929 403 62 verschiedene
1746 2930 226 62 Rassen
2017 2931 205 64 führen
2268 2934 194 79 Krieg,
2509 2935 247 62 Wärest
2798 2936 80 63 du
2920 2948 91 52 ein
3053 2939 207 70 Mann,

973 3044 67 38 so
1083 3022 206 63 würde
1331 3024 77 61 ich
1451 3024 117 62 dich
1611 3036 160 53 töten
1815 3038 255 61 müssen,
2113 3029 132 61 weil
2281 3029 78 62 du
2395 3041 90 50 ein
2522 3030 180 63 Weib
2737 3033 130 72 bist,
2909 3058 70 37 so
3013 3036 138 60 muß
3185 3036 74 59 ich

971 3117 117 61 dich
1130 3118 199 62 lieben.
1374 3119 234 64 Unsere
1641 3122 177 62 Liebe
1860 3132 71 52 ist
1966 3123 90 62 die
2089 3124 180 63 Liebe
2305 3126 119 62 und
2459 3126 101 62 der
2592 3128 138 61 Haß
2765 3138 212 52 zweier
3011 3128 246 64 Rassen!

970 3207 154 67 Tho
1167 3222 72 54 ist
1281 3239 174 38 unser
1497 3216 337 63 Schicksal!«

2003 3425 221 63 XXIX,

1048 3547 125 63 Der
1206 3547 228 82 Kampf
1465 3549 135 80 geht
1642 3575 98 37 um
1774 3546 168 69 Tho.
1985 3552 373 80 Schweigend
2400 3554 119 62 und
2563 3555 142 63 hart.
2751 3556 83 62 Ich
2870 3556 204 64 füttere
3106 3552 152 66 Tho

969 3640 247 65 heimlich
1258 3644 168 77 jeden
1468 3641 129 84 Tag
1638 3655 100 52 mit
1779 3645 292 81 blutigem,
2113 3673 277 38 warmem
2431 3649 236 63 Fleisch,

1048 3733 152 67 Tho
1235 3738 134 63 darf
1394 3740 141 61 nicht
1568 3740 162 64 mehr
1764 3742 103 62 frei
1900 3742 432 75 herumlaufen/
2372 3754 83 52 sie
2489 3754 72 54 ist
2593 3756 137 68 jetzt
2762 3756 201 53 immer
2996 3772 73 37 an
3105 3756 153 53 einer

971 3839 259 55 eisernen
1272 3834 177 63 Kette
1493 3836 436 78 festgehunden.

1049 3927 133 62 Wir
1215 3928 248 64 badeten
1497 3931 174 63 heute
1704 3941 76 53 im
1813 3932 131 64 See.
1982 3930 154 66 Tho
2169 3935 94 78 lag
2296 3960 94 37 am
2417 3936 153 62 Ufer
2605 3936 438 79 festgebunden.
3080 3937 176 62 Marä
