3502 4389
1653 171 108 50 235

150 309 87 47 und
281 305 303 64 geschraubte
627 304 362 57 Modulationen,
1036 310 155 64 eckige
1236 313 174 53 Linien,
1459 314 206 61 gemeine

150 384 89 49 und
293 383 292 62 schwülstige
641 381 276 50 italiänische
960 385 229 56 Floskeln,
1244 388 72 45 die
1371 388 86 47 den
1517 389 153 47 besten

150 459 198 52 Stücken
380 459 248 48 ankleben:
1173 458 206 49 assuitur
1393 475 206 51 pannus.
1112 464 61 46 Es
1203 464 53 47 ist
1285 464 98 47 eine
1416 466 225 47 unaufhör-

152 539 111 48 liche
311 536 194 55 Mosaik,
555 535 90 47 und
689 538 133 47 dabei
867 554 93 31 was
1011 540 75 46 für
1126 541 399 47 Reminiscenzen!
1576 545 98 45 Alle

154 613 313 64 Augenblicke
499 614 226 63 begegnet
757 632 103 30 man
888 615 264 50 Bekannten
1182 634 81 32 aus
1587 620 85 47 den

575 691 102 47 dem

268 766 147 66 [Nach
463 767 102 47 dem
611 773 310 60 Ausspruche,
968 771 100 46 dass
1116 771 446 55 „Vollkommenheit
1600 775 76 47 des

155 845 331 51 dramatischen
513 846 328 47 Kunstwerkes
874 865 85 29 nur
987 850 85 44 den
1100 849 207 48 Werken
1338 851 124 46 einer
1486 851 192 47 Periode

155 926 127 61 eigen
314 922 69 55 ist,
413 939 52 29 zu
495 921 80 48 der
601 924 269 63 Meyerbeer
894 925 122 47 nicht
1040 926 128 46 mehr
1443 929 127 45 weist
1598 929 80 47 der

157 1001 233 48 Verfasser
419 1000 114 47 nach
566 1000 144 48 ihrem
743 1002 212 47 relativen
989 1004 197 47 VVerthe
1217 1004 80 47 der

156 1080 94 47 ihre
274 1077 139 47 Stelle
444 1079 113 45 nach
590 1079 87 47 den
1102 1081 88 46 und
1500 1099 54 30 an
1587 1084 91 47 und

159 1155 257 49 bezeichnet
465 1155 83 47 den
987 1157 85 47 den
1477 1161 87 46 und
1609 1161 71 47 die

167 1232 282 59 „Wallfahrt
488 1235 113 44 nach
931 1236 63 47 als
1035 1236 121 53 „drei
1187 1236 158 47 Stufen
1385 1236 82 48 der
1509 1237 142 49 abneh-

157 1310 192 49 menden
382 1310 192 48 Periode
604 1311 78 47 des
1054 1314 170 47 Hieran
1255 1314 200 48 schliesst
1484 1331 49 31 er
1562 1316 119 47 dann

159 1387 238 66 folgenden
434 1387 205 68 Epilog:]

277 1466 193 48 Werfen
510 1467 82 46 wir
631 1468 128 46 einen
801 1467 316 50 umfassenden
1152 1470 120 47 Blick
1313 1471 83 46 auf
1432 1470 72 48 die
1539 1488 142 47 ganze

155 1545 494 47 Künstler-Laufbahn
675 1546 321 65 Meyerbeer's,
1026 1562 48 32 so
1105 1547 194 48 sondern
1331 1548 90 47 sich
1454 1550 133 45 leicht
1611 1550 70 47 die

156 1622 91 47 drei
273 1622 221 47 Perioden
526 1622 263 50 derselben:
819 1623 70 47 die
919 1632 132 45 erste,
1083 1641 71 31 wo
1186 1642 48 30 er
1262 1625 92 48 sich
1385 1626 42 47 in
1453 1625 87 49 den
1570 1627 82 46 For-

157 1716 99 32 men
282 1698 79 49 des
385 1701 94 47 rein
501 1700 266 58 deutschen,
790 1702 376 62 schulgerechten
1182 1703 104 47 Stils
1309 1705 226 54 versucht,
1559 1703 121 49 dann

155 1777 70 48 die
253 1777 295 57 italiänische,
578 1795 72 30 wo
681 1796 49 31 er
755 1778 79 49 das
863 1780 205 47 schwere
1091 1781 181 65 Gepäck
1298 1781 81 47 der
1402 1782 166 47 Schule
1600 1781 53 48 ab-

154 1856 135 54 wirft,
330 1857 93 46 sich
466 1856 71 48 die
568 1858 302 47 Rossini'sche
903 1858 159 47 Weise
1102 1861 130 46 mehr
1269 1860 309 63 geschmeidig
1617 1861 63 47 als

154 1933 228 64 geschickt
409 1935 214 63 aneignet
659 1935 89 47 und
782 1935 70 47 die
882 1936 120 47 ohne
1032 1936 139 47 Mühe
1209 1937 235 64 erlangten
1474 1937 206 65 Erfolge,

152 2011 121 48 ohne
303 2011 202 48 darüber
536 2030 52 30 zu
618 2013 235 55 erröthen,
884 2013 254 49 hinnimmt.

268 2091 49 47 In
349 2090 83 48 der
461 2090 164 48 dritten
656 2093 159 63 geräth
848 2109 65 36 er,
942 2091 56 48 da
1022 2092 71 47 die
1115 2092 275 48 italiänische
1415 2093 138 47 Form
1584 2093 91 47 sich

152 2166 212 49 überlebt
404 2167 92 56 hat,
540 2170 122 45 nicht
703 2170 82 47 auf
823 2170 98 45 eine
956 2168 382 66 Verschmelzung
1366 2170 82 48 der
1490 2171 168 47 italiäni-

151 2246 136 45 schen
312 2246 90 45 und
428 2247 247 47 deutschen
702 2250 84 44 Art
810 2247 89 47 und
929 2247 176 56 Weise,
1124 2264 82 30 von
1230 2248 215 55 welcher,
1467 2265 133 30 wenn
1632 2265 49 32 er

151 2323 146 47 davon
336 2322 376 65 durchdrungen,
754 2341 48 30 er
839 2323 137 48 selbst
1023 2324 242 64 geblieben
1304 2330 139 50 wäre,
1484 2324 196 49 sondern

151 2399 83 49 auf
258 2399 86 49 den
369 2401 252 48 Gedanken
645 2402 123 47 einer
795 2401 301 64 Verbindung
1126 2402 157 48 beider
1305 2403 223 65 Systeme,
1558 2403 125 47 einer

155 2477 301 65 Verbindung
485 2478 80 48 der
594 2482 214 46 äusseren
838 2479 196 49 Melodie
1063 2479 77 49 des
1180 2481 129 47 einen
1342 2481 79 47 mit
1449 2481 82 47 der
1562 2482 90 47 Har-

152 2557 150 47 monie
333 2557 90 48 und
456 2558 414 64 Instrumentirung
899 2558 91 47 und
1030 2558 100 48 dem
1163 2558 277 48 innerlichen
1474 2559 177 49 Charak-

151 2642 69 39 ter
269 2634 78 47 des
397 2636 219 54 anderen,
665 2636 82 48 auf
797 2637 69 47 ein
908 2637 275 63 Amalgama
1230 2652 84 33 von
1363 2637 179 48 Rossini
1590 2636 93 48 und

155 2712 180 48 Weber
369 2713 44 48 in
444 2713 102 48 dem
578 2716 209 47 Rahmen
819 2714 81 49 der
933 2714 290 49 bestimmten
1260 2714 91 50 und
1398 2716 80 48 fest
1519 2732 135 47 ausge-

152 2794 189 61 prägten
374 2793 196 47 Formen
602 2792 81 48 der
712 2793 329 48 französischen
1073 2793 142 65 Oper.

268 2869 48 47 In
347 2868 147 50 dieser
523 2869 192 49 Periode
747 2871 114 47 wird
899 2869 269 66 Meyerbeer
1213 2871 211 47 förmlich
1455 2872 228 46 Franzose

152 2962 54 30 an
237 2947 224 65 Sprache,
499 2949 141 56 Geist,
677 2949 383 52 Gewohnheiten,
1098 2949 281 64 gefälligem,
1410 2949 240 47 zuvorkom-

154 3024 208 50 mendem
394 3026 194 55 Wesen,
631 3027 140 47 feiner
811 3027 89 47 und
947 3028 78 46 mit
1054 3027 207 47 Anstand
1304 3027 89 47 und
1435 3027 248 48 Rücksicht

151 3103 317 50 verbundener
519 3104 341 49 Conversation.
914 3106 66 47 Er
1027 3104 191 49 studirte
1266 3104 85 49 den
1397 3106 282 48 Geschmack

151 3180 89 47 und
272 3183 71 47 die
371 3183 350 48 verschiedenen
752 3184 273 62 Neigungen
1056 3183 77 47 des
1164 3183 279 57 Publicums,
1482 3183 197 47 übersah

152 3260 87 46 und
270 3260 261 49 verachtete
562 3262 130 47 keine
724 3260 90 49 und
843 3262 159 47 suchte
1031 3260 258 65 unablässig
1319 3263 113 46 nach
1465 3260 86 49 den
1576 3262 77 45 Mit-

150 3338 86 46 teln
268 3354 150 32 semer
447 3339 168 55 Kunst,
645 3338 220 48 wodurch
898 3354 48 32 er
976 3339 101 47 Alle
1107 3339 297 64 befriedigen,
1440 3339 116 47 allen
1589 3339 66 47 Bil-

148 3414 322 66 dungsclassen
494 3418 212 65 gefallen,
730 3417 246 64 gleichsam
1002 3418 42 47 in
1068 3417 86 48 den
1180 3418 160 47 Salons
1365 3418 109 47 aller
1497 3418 178 61 Etagen

150 3493 308 49 willkommen
479 3497 92 45 sein
597 3495 183 47 könnte.
814 3494 194 48 Wieder
1031 3494 187 48 deutsch
1250 3494 247 65 geworden
1523 3494 39 47 in
1590 3494 85 47 den

148 3572 200 64 Dingen,
392 3574 173 47 welche
606 3574 81 47 auf
712 3574 245 47 Menschen
997 3589 84 32 von
1120 3573 182 48 tieferer
1341 3573 337 48 musicalischer

147 3648 197 67 Bildung
374 3652 192 54 wirken,
606 3650 120 49 blieb
769 3668 50 31 er
847 3652 212 47 Italiäner
1097 3650 42 47 in
1170 3652 132 47 allem
1336 3650 230 54 Anderen,
1598 3649 78 47 das

148 3727 84 48 den
256 3730 348 60 gewöhnlichen
630 3729 274 65 Neigungen
936 3729 77 48 des
1044 3746 184 47 grossen
1257 3730 202 47 Haufens
1483 3729 162 48 schmei-

148 3805 133 50 chelt.
338 3808 72 47 Ich
442 3815 143 56 sagte,
617 3824 48 30 er
693 3808 60 47 sei
790 3809 223 46 Franzose
1044 3808 265 61 geworden,
1350 3808 89 47 und
1472 3824 47 30 er
1549 3807 51 45 ist
1631 3823 44 29 es

148 3884 219 48 vielleicht
388 3903 51 29 zu
466 3885 104 47 sehr
593 3884 267 65 geworden,
891 3885 84 47 wie
999 3887 41 44 in
1068 3887 154 45 Italien
1247 3903 51 29 zu
1323 3887 104 47 sehr
1451 3885 223 47 Italiäner.

148 3961 131 49 Seine
324 3964 484 47 bewundernswerthe
846 3964 302 62 Leichtigkeit
1189 3963 41 47 in
1275 3963 81 48 der
1399 3964 276 62 Aneignung

150 4038 195 50 fremder
371 4042 232 64 Sprachen
631 4045 296 43 unterstützte
957 4042 75 45 ihn
1068 4042 67 46 bei
1166 4042 152 46 seinen
1346 4042 293 48 Umwandlun-

148 4134 102 46 gen,
294 4122 111 45 aber
451 4120 76 49 hat
556 4120 92 47 ihm
682 4138 70 29 am
785 4119 129 48 Ende
955 4120 128 47 einen
1123 4120 257 47 schlechten
1413 4122 155 45 Dienst
1598 4135 50 45 ge-

1771 312 158 48 leistet.
1990 313 67 46 Da
2106 328 48 31 er
2199 329 51 30 zu
2299 314 203 52 deutsch,
2539 331 50 29 zu
2627 314 265 56 italiänisch,
2931 331 52 30 zu
3015 314 268 50 französisch

1771 389 176 55 wurde,
1976 405 48 31 so
2055 388 134 48 leidet
2216 389 90 47 sein
2339 390 173 46 endlich
2539 390 181 64 fertiger
2742 392 79 47 Stil
2846 409 56 30 an
2925 390 86 50 den
3036 392 249 48 Extremen

1774 466 109 46 aller
1912 466 144 46 dieser
2089 466 301 61 Bichtungen.
2447 466 81 46 Mit
2558 468 263 48 Ausnahme
2857 469 172 62 einiger
3058 469 230 47 Momente

1773 559 81 31 von
1888 543 257 47 wirklicher
2173 544 286 62 Eingebung,
2490 559 71 32 wo
2588 545 94 47 sein
2713 546 331 47 musicalischer
3069 545 219 48 Gedanke

1773 619 90 47 sich
1896 619 161 47 erhebt
2088 620 87 46 und
2207 620 119 46 seine
2358 620 135 47 Form
2523 620 92 47 sich
2647 623 177 62 reinigt,
2864 623 109 45 wird
3003 624 92 46 sein
3127 623 165 47 Talent

1774 698 163 45 immer
1975 696 78 49 das
2090 698 338 63 unvertilgbare
2457 698 88 47 Mal
2584 699 144 47 seines
2762 700 239 62 doppelten
3035 701 258 63 Ursprungs

1777 781 189 55 tragen;
2006 774 93 47 sein
2133 775 145 47 Name
2316 774 89 47 und
2451 774 122 47 seine
2611 775 216 64 Signatur
2871 776 176 47 bleiben
3096 776 197 65 doppelt.

1777 850 174 47 Rossini
1984 851 133 47 heisst
2146 847 272 53 Gioacchino
2443 847 204 63 Rossini,
2690 851 178 49 Weber
2897 853 110 45 Karl
3039 853 143 47 Maria
3212 869 83 31 von

1779 927 196 55 Weber,
2006 929 256 47 Beethoven
2293 929 194 62 Ludwig
2516 944 82 32 van
2631 929 273 53 Beethoven,
2940 930 171 47 Mozart
3144 930 120 48 Wolf-

1779 1020 121 47 gang
1932 1004 254 56 Amadeus;
2230 1006 267 65 Meyerbeer
2526 1006 134 47 heisst
2937 1006 358 65 Meyerbeer:

1779 1081 81 47 der
1892 1082 230 47 Vorname
2159 1099 48 30 so
2246 1084 263 54 italiänisch,
2550 1082 80 49 der
2657 1085 205 47 Zuname
2897 1101 47 30 so
2984 1085 182 47 deutsch
3209 1086 83 46 wie

1782 1160 210 62 möglich.

1897 1237 84 47 Ein
2025 1236 324 55 einheitliches,
2391 1236 148 57 festes,
2582 1237 420 49 unveränderliches
3044 1239 173 63 System
3257 1240 42 46 in

1780 1314 146 48 seiner
1957 1315 147 47 Kunst
2135 1314 104 47 darf
2263 1330 104 32 man
2399 1314 68 48 bei
2499 1315 266 65 Meyerbeer
2795 1316 119 46 nicht
2944 1316 181 47 suchen.
3166 1316 135 47 Seine

1780 1408 140 45 ganze
1959 1391 407 48 Geschicklichkeit
2412 1392 176 47 besteht
2616 1392 146 55 darin,
2799 1392 69 47 die
2911 1394 260 63 Bewegung
3204 1394 89 47 und

1782 1468 70 49 die
1883 1470 230 63 Richtung
2150 1468 80 47 der
2269 1468 193 56 Geister,
2494 1468 66 65 ja,
2594 1470 139 47 selbst
2771 1470 70 45 die
2880 1471 150 56 Mode,
3069 1471 113 46 nach
3214 1471 84 46 den

1782 1546 346 48 verschiedenen
2152 1546 153 47 Zeiten
2332 1547 88 46 und
2447 1546 210 48 Ländern
2681 1564 51 29 zu
2756 1546 200 47 studiren
2989 1547 88 46 und
3110 1547 83 46 wie
3223 1547 78 46 der

1779 1625 305 47 Steuermann
2117 1625 70 47 die
2220 1625 227 64 Richtung
2478 1623 76 49 des
2589 1623 192 49 Windes
2809 1641 51 29 zu
2894 1623 296 49 beobachten.
3242 1625 62 47 Er

1782 1702 169 47 modelt
1980 1703 120 46 seine
2132 1702 356 48 künstlerischen
2520 1702 279 48 Grundsätze
2837 1702 111 47 nach
2973 1701 150 65 jedem
3155 1719 146 30 neuen

1780 1780 381 64 Gesichtspunkte
2192 1796 91 29 um.

1896 1858 85 47 Die
2010 1857 203 48 Ursache
2243 1856 146 48 dieser
2419 1857 396 62 Umwandlungen
2854 1857 53 46 ist
2945 1856 109 47 aber
3096 1856 69 47 bei
3204 1857 90 47 ihm

1782 1933 103 49 weit
1926 1936 204 62 weniger
2172 1935 71 45 die
2285 1933 301 56 allmähliche,
2626 1933 287 47 stufenweise
2956 1933 89 46 und
3080 1941 183 55 nalurge-

1782 2016 142 43 mässe
1961 2012 325 65 Entwicklung
2324 2012 76 47 des
2431 2012 237 47 Künstlers
2710 2011 62 48 als
2813 2011 119 47 eines
2961 2011 200 54 solchen,
3199 2027 77 32 son-

1779 2090 109 48 dern
1912 2091 216 47 vielmehr
2150 2090 306 64 Berechnung
2479 2088 76 49 des
2575 2088 290 56 Verstandes,
2892 2088 89 47 und
3006 2088 70 47 die
3100 2088 199 49 Ursache

1779 2167 145 47 dieser
1947 2168 303 62 Berechnung
2332 2183 45 31 es
2401 2166 111 48 wird
2536 2166 177 48 endlich
2737 2167 113 55 Zeit,
2874 2181 44 30 es
2941 2164 170 64 gerade
3137 2166 162 47 heraus

1779 2262 51 29 zu
1863 2261 140 47 sagen
2123 2246 52 45 ist
2210 2246 68 45 ein
2321 2244 342 47 unersättlicher
2692 2244 142 46 Durst
2871 2244 111 46 nach
3017 2243 172 64 Erfolg,
3231 2244 71 46 ein

1782 2322 184 63 hitziges
1998 2322 341 56 Beifallsfieber,
2381 2322 99 48 eine
2509 2322 144 47 Sucht
2694 2321 113 49 nach
2847 2319 456 64 augenblicklichem,

1782 2401 386 56 unmittelbarem,
2210 2399 313 65 egoistischem
2555 2399 201 64 Erfolge.
2823 2397 185 63 „Erfolg
3053 2415 74 29 um
3165 2397 136 65 jeden

1999 2496 94 30 war
2121 2479 120 47 seine
2271 2479 199 63 Losung.
2521 2478 123 47 Alles
2673 2477 159 48 wurde
2862 2477 167 47 diesem
3059 2476 136 54 Ziele,
3224 2476 79 47 das

1780 2554 143 49 durch
1965 2557 83 47 alle
2088 2573 85 31 nur
2217 2556 256 64 möglichen
2504 2556 141 47 Mittel
2677 2554 194 47 erreicht
2902 2553 181 47 werden
3115 2561 182 47 musste,

1780 2633 220 65 geopfert.
2060 2636 90 45 Des
2172 2633 210 64 Erfolges
2406 2650 159 45 wegen
2594 2633 223 64 schmiegt
2846 2648 48 31 er
2922 2631 90 47 sich
3044 2631 41 47 in
3116 2629 69 51 die
3218 2631 60 48 ita-

1780 2713 211 47 liänische
2023 2713 180 47 Weise:
2235 2712 89 47 und
2357 2712 193 47 welches
2584 2712 206 62 Erfolges
2822 2711 189 62 wegen?
3054 2709 136 47 Nicht
3221 2726 74 30 um

1773 2789 137 65 jenen
1942 2789 151 49 Ruhm
2125 2791 53 45 ist
2207 2806 45 30 es
2282 2789 91 47 ihm
2404 2806 51 30 zu
2488 2788 128 53 thun,
2660 2789 81 47 der
2770 2789 311 61 naturgemäss
3111 2802 79 30 aus
3221 2785 81 49 der

1780 2867 312 48 anerkannten
2123 2868 249 47 Schönheit
2413 2867 120 48 eines
2574 2865 324 49 Kunstwerkes
2940 2864 101 47 dem
3082 2863 222 63 Schöpfer

1780 2945 232 49 desselben
2043 2963 51 31 zu
2126 2947 128 47 Theil
2288 2945 129 58 wird,
2450 2945 118 54 nein,
2597 2962 50 30 er
2677 2945 84 46 will
2794 2944 129 47 einen
2956 2942 348 54 vorbereiteten,

1778 3023 239 55 studirten,
2036 3024 130 64 lange
2186 3023 90 48 und
2296 3024 103 46 weit
2418 3023 77 46 her
2514 3022 248 64 gesuchten
2784 3020 172 64 Erfolg,
2974 3020 130 46 einen
3130 3019 171 64 Erfolg,

1778 3100 80 49 der
1900 3102 122 47 seine
2066 3102 197 47 falschen
2309 3100 339 65 prismatischen
2688 3099 183 48 Lichter
2914 3098 81 47 auf
3031 3097 79 47 das
3156 3097 146 47 Werk

1780 3179 135 55 wirft,
1945 3178 79 48 der
2053 3179 70 47 ein
2152 3178 495 63 Vergrösserungsglas
2669 3177 220 48 zwischen
2917 3174 145 50 Werk
3095 3174 86 47 und
3210 3175 57 45 Pu-

1778 3258 165 47 blicum
1977 3258 197 47 hinstellt
2205 3258 87 47 und
2325 3257 141 47 durch
2498 3257 71 47 die
2593 3255 370 63 Uebertreibung
2986 3253 78 47 der
3091 3253 207 62 Vorzüge

1778 3335 76 47 des
1883 3335 197 47 Werkes
2113 3337 130 45 allein
2274 3337 138 45 schon
2445 3335 128 46 einen
2607 3333 245 48 hässlichen
2879 3332 213 48 Schatten
3124 3333 72 44 aul
3229 3330 70 47 die

1782 3413 175 48 Werke
1989 3414 209 46 Anderer
2243 3414 133 55 wirft,
2420 3413 70 47 die
2521 3412 79 48 das
2633 3410 204 65 Unglück
2871 3409 165 53 haben,
3081 3408 79 47 mit
3198 3407 104 48 dem

1774 3492 201 61 seinigen
2010 3493 183 62 parallel
2225 3509 49 30 zu
2307 3490 164 49 laufen.
2504 3489 267 66 Meyerbeer
2800 3487 206 48 verstand
3038 3485 71 47 die
3142 3487 162 54 Kunst,

1775 3569 71 47 die
1876 3569 172 47 Werke
2074 3570 208 47 Anderer
2311 3568 141 48 durch
2485 3567 85 48 den
2605 3567 331 64 umgekehrten
2967 3564 336 65 Operngucker

1778 3647 264 47 betrachten
2085 3664 52 30 zu
2183 3649 140 46 lassen
2366 3645 90 49 und
2492 3644 78 48 das
2602 3643 495 66 Vergrösserungsglas
3129 3641 75 46 für
3233 3640 69 47 die

1771 3724 202 65 seinigen
2006 3724 362 48 vorzubehalten.
2405 3724 198 47 Niemals
2635 3723 76 48 hat
2742 3723 68 47 ein
2837 3721 184 47 Mensch
3054 3719 69 47 die
3153 3718 148 48 Lehre

1774 3821 98 30 vom
1907 3804 185 62 Erfolge
2133 3804 79 46 mit
2252 3803 176 47 solcher
2462 3801 383 65 Ueberlegenheit
2889 3796 224 68 praktisch
3158 3812 108 47 ange-

1775 3880 176 47 wandt!
1995 3881 199 46 Niemals
2226 3880 76 47 hat
2344 3880 69 47 ein
2448 3879 183 48 Mensch
2664 3879 70 47 die
2767 3880 146 46 Kunst
2954 3878 221 49 besessen,
3219 3874 71 46 aul

1771 3960 93 46 sein
1896 3959 312 47 Jahrhundert
2250 3960 76 46 mit
2358 3959 102 46 dem
2493 3974 171 46 ganzen
2697 3956 233 49 Gewichte
2959 3954 121 47 eines
3111 3967 186 48 grossen

1777 4039 152 48 Rufes,
1962 4038 123 45 einer
2117 4038 146 47 hohen
2295 4038 208 61 Stellung
2545 4035 89 48 und
2674 4035 119 47 eines
2823 4031 250 50 kolossalen
3108 4030 161 47 Vermö-

1773 4132 109 46 gens
1911 4130 48 32 so
1991 4115 83 47 wie
2104 4132 48 30 er
2180 4133 53 29 zu
2264 4114 226 48 drücken!
2526 4113 137 48 Wohl
2691 4113 121 47 hatte
2840 4110 180 47 Weber
3053 4108 160 52 Recht,
3238 4106 63 49 als

3003 4183 61 66 n
