2418 4346
825 262 169 32 REVUE
1032 263 64 30 DE
1135 265 59 30 LA
1232 263 274 39 QUINZAINE

2100 269 76 30 121

206 467 200 45 Concert
424 468 395 56 Galeotti-Capet.
917 474 133 43 Tous
1077 489 119 29 ceux
1218 476 81 57 qui
1318 486 84 35 ont
1424 479 106 57 déjà
1548 480 211 42 entendu
1779 479 174 43 Cesare
1977 477 207 45 Galeotti

150 531 313 43 connaissent
489 545 52 29 ce
575 533 203 43 toucher
804 538 376 45 extraordinaire
1204 555 86 42 par
1316 541 158 58 lequel
1510 543 67 42 les
1605 552 136 35 notes
1770 542 239 43 semblent
2033 543 151 42 naître

147 607 111 30 sans
298 592 389 47 l'intermédiaire
733 598 63 43 du
842 599 165 56 piano.
1036 603 128 43 Dans
1205 604 45 42 la
1275 606 175 43 Sonate
1488 620 60 29 en
1572 607 72 42 sol
1681 607 183 56 majeur
1902 608 96 55 (op.
2024 606 74 55 96)
2126 606 57 43 de

151 656 278 45 Beethoven
455 658 68 43 les
551 659 127 43 deux
703 661 280 46 exécutants
1007 675 83 33 ont
1114 681 67 27 un
1208 669 243 43 ensemble
1484 678 47 34 et
1553 684 94 30 une
1675 669 282 45 délicatesse
2003 668 82 58 qui
2112 678 72 36 est

148 735 206 43 presque
382 722 57 42 de
467 722 125 45 rêve.
642 726 162 52 Quant
830 728 25 41 à
880 729 44 42 la
965 740 168 33 sonate
1159 731 58 42 de
1266 733 205 52 Franck,
1498 748 63 28 on
1581 734 222 43 voudrait
1827 748 59 29 ne
1911 734 108 57 plus
2062 734 97 43 l'en-

148 785 167 43 tendre
343 783 137 59 après
528 795 122 35 cette
677 790 270 47 exécution.
994 792 103 43 Elle
1142 796 73 39 n'a
1241 794 166 55 jamais
1448 796 72 42 été
1547 797 179 42 rendue
1754 811 111 30 avec
1911 811 94 28 une
2053 790 130 51 aussi

148 849 145 42 noble
315 848 145 57 piété,
481 865 97 29 une
606 852 130 43 aussi
759 855 273 58 ésotérique
1056 857 214 56 passion.
1299 860 130 40 Dans
1453 858 42 44 le
1520 861 207 54 premier
1751 871 325 44 mouvement,
2116 875 66 29 un

148 912 261 44 sentiment
434 914 40 43 si
498 915 213 56 profond
739 927 44 34 et
809 917 38 44 si
874 919 109 42 ému
1011 919 114 56 qu'il
1150 921 223 43 semblait
1393 936 91 42 que
1511 922 70 43 les
1606 923 124 43 deux
1755 923 187 45 artistes
1970 924 214 55 jouaient

148 989 125 42 pour
298 989 93 31 eux
411 978 129 43 seuls
568 979 118 43 dans
712 994 96 28 une
832 994 207 43 presque
1064 982 333 44 inconsciente
1424 993 44 33 et
1500 984 340 45 harmonieuse
1864 988 169 43 union.
2062 987 96 43 L'al-

151 1040 131 56 legro
325 1041 197 43 exécuté
559 1056 111 30 avec
696 1056 95 30 une
814 1042 179 59 fougue
1018 1045 273 57 magistrale
1335 1046 80 56 qui
1441 1048 256 43 n'excluait
1719 1063 86 42 pas
1843 1050 45 42 la
1912 1050 268 43 musicalité

151 1102 183 45 intime.
371 1105 67 42 La
463 1105 173 43 séance
662 1119 49 29 se
733 1105 245 44 terminait
997 1121 87 42 par
1101 1121 94 29 une
1218 1117 169 35 sonate
1406 1110 57 42 de
1491 1110 333 46 Saint-Saëns.

207 1167 65 43 Le
294 1164 168 46 succès
486 1167 65 43 du
578 1177 195 36 concert
797 1183 26 30 a
849 1169 73 44 été
950 1171 212 43 énorme.

1769 1238 184 45 NEZEU.

310 1593 43 48 A
394 1592 90 48 LA
523 1592 458 49 NATIONALE.

159 1723 165 44 Miroirs,
350 1723 82 43 cinq
448 1723 118 43 pièces
587 1735 88 32 pour
692 1725 105 42 piano
814 1736 63 32 par
894 1724 51 35 M.
965 1726 125 34 Ravel.

208 1858 154 60 Après
387 1862 46 43 la
451 1860 237 59 première
709 1860 219 44 audition
951 1860 57 42 de
1032 1874 91 28 son
1148 1862 212 53 Quatuor
1380 1864 27 38 à
1424 1860 160 42 cordes
1610 1860 26 42 à
1660 1859 44 43 la
1722 1859 194 53 Schola,
1935 1859 33 42 il
1981 1874 32 42 y
2025 1874 27 28 a
2067 1860 108 56 plus

155 1925 145 43 d'une
328 1925 171 55 année,
526 1924 232 58 j'écrivais
785 1925 119 42 dans
1719 1924 44 42 \e
1779 1925 229 42 Mercure
2024 1924 57 42 de
1529 1940 9 27 :
1568 1938 22 26 «
1617 1923 38 41 Il
1674 1924 100 42 faut
1792 1923 176 43 retenir
1986 1924 43 43 le
2062 1938 116 29 nom

156 1989 57 43 de
241 1989 216 43 Maurice
499 1987 145 45 Ravel
672 2001 10 30 :
711 1989 116 42 c'est
866 1986 126 45 celui
1017 1987 113 42 d'un
1177 1987 84 42 des
1302 1987 195 42 maîtres
1545 1987 58 42 de
1631 1986 207 45 demain.
1864 2001 22 28 »
1916 1986 198 57 Depuis,
2144 1986 33 43 il

155 2051 126 44 avait
302 2052 85 43 fait
405 2053 116 42 Asie
545 2061 45 33 et
616 2052 242 56 remporté
896 2065 60 29 au
982 2064 240 29 concours
1247 2050 330 57 préparatoire
1604 2051 63 40 du
1700 2050 112 41 Prix
1838 2051 57 42 de
1938 2052 152 41 Rome
2133 2050 44 43 le

155 2116 170 43 succès
353 2118 113 42 d'un
491 2114 310 45 retentissant
823 2114 147 45 échec
988 2113 82 57 qui
1096 2114 43 42 le
1164 2113 157 45 rendit
1349 2113 205 43 soudain
1578 2113 108 57 plus
1727 2112 188 44 célèbre
1953 2127 92 43 que
2069 2122 110 34 tout

156 2193 53 29 ce
237 2179 115 57 qu'il
396 2179 125 45 avait
557 2178 165 58 publié
764 2178 306 57 jusqu'alors.
1101 2179 67 41 La
1192 2187 131 34 veste
1370 2179 23 39 à
1431 2177 66 43 lui
1524 2177 216 43 destinée
1784 2191 50 29 se
1859 2185 172 35 trouva
2055 2177 115 43 aller

155 2257 188 29 comme
372 2258 66 28 un
466 2253 113 48 gant
604 2243 26 42 à
656 2241 126 45 celui
809 2241 82 58 qui
916 2241 45 42 la
985 2241 68 42 lui
1079 2240 125 43 avait
1227 2240 245 56 préparée,
1495 2240 392 56 soigneusement
1910 2240 159 42 taillée
2094 2254 80 28 sur

152 2320 207 39 mesure,
390 2315 47 34 et
482 2305 83 57 qui
590 2306 87 42 dut
720 2305 46 42 la
811 2305 173 56 garder
1008 2318 125 41 pour
1168 2302 250 43 soi-même
1463 2312 46 33 et
1547 2302 283 46 l'endosser.
1858 2304 65 40 Le
1948 2302 225 43 scandale

151 2370 119 43 dont
307 2370 215 43 Maurice
571 2368 146 44 Ravel
743 2368 72 42 fut
862 2366 390 57 l'irresponsable
1297 2366 228 43 occasion
1563 2375 46 34 et
1647 2366 44 43 la
1714 2365 193 45 victime
1952 2375 80 33 eut
2069 2375 106 33 tout

147 2433 203 43 d'abord
374 2434 42 42 le
443 2433 201 43 résultat
668 2432 260 56 d'imposer
954 2432 44 40 la
1023 2431 303 41 nomination
1350 2431 56 41 de
1437 2432 63 39 M.
1529 2429 196 43 Gabriel
1751 2429 169 49 Fauré,
1948 2443 89 28 son
2060 2443 85 42 pro-

150 2495 186 45 fesseur
357 2497 340 56 précisément,
725 2508 60 29 au
804 2503 139 47 poste
970 2494 59 42 de
1056 2493 252 42 Directeur
1332 2493 57 42 de
1417 2500 135 35 notre
1573 2492 390 53 Conservatoire,
1989 2506 124 41 pour
2130 2492 44 43 la

150 2560 292 56 sauvegarde
468 2568 46 34 et
541 2559 255 42 l'honneur
816 2558 59 41 de
899 2565 137 34 notre
1064 2556 222 56 musique
1312 2555 259 44 nationale.
1599 2555 148 43 Outre
1770 2569 54 29 ce
1848 2554 199 44 bienfait
2071 2569 78 29 cer-

147 2624 118 54 tain,
292 2624 33 42 il
350 2622 220 59 apparaît
609 2622 113 44 bien
757 2636 91 41 que
874 2620 191 44 celle-ci
1098 2620 165 57 puisse
1303 2620 216 42 attendre
1552 2620 65 42 du
1650 2617 290 45 blackboulé
1967 2619 206 55 quelque

147 2687 150 43 tribut
320 2686 109 57 plus
455 2685 276 57 personnel,
759 2685 144 43 sinon
928 2682 158 43 moins
1105 2682 335 53 involontaire,
1462 2691 44 33 et
1520 2681 81 57 qui
1624 2681 261 43 ressemble
1910 2681 110 53 fort,
2050 2681 120 57 déjà,

148 2752 28 42 à
203 2765 52 29 ce
282 2752 147 55 qu'on
474 2749 186 58 appelle
695 2749 57 42 de
792 2748 46 42 la
862 2747 151 57 gloire
1048 2761 58 29 en
1145 2746 249 57 véridique
1432 2754 45 35 et
1521 2746 97 41 bon
1655 2743 223 57 français.
1909 2744 38 42 Il
1972 2752 71 35 est
2069 2758 103 29 rare

151 2813 182 44 d'avoir
366 2814 25 42 à
416 2822 246 33 constater
692 2812 117 43 chez
848 2824 66 28 un
951 2810 141 55 jeune
1142 2808 162 43 artiste
1342 2822 95 29 une
1484 2807 251 44 évolution
1775 2807 130 43 aussi
1938 2807 165 57 rapide
2128 2817 46 33 et

150 2876 131 44 aussi
324 2875 350 56 remarquable.
724 2875 193 42 Venant
963 2871 134 57 après
1143 2871 43 42 le
1233 2871 298 56 pittoresque
1586 2871 83 42 des
2127 2871 46 42 la

150 2941 139 55 grâce
312 2937 305 56 romantique
642 2937 68 42 du
1351 2937 213 54 Quatuor
985 2944 45 33 et
1056 2934 266 43 l'exotisme
1349 2932 260 43 étincelant
1853 2946 77 29 ces

150 3002 106 43 font
288 3016 66 28 un
392 3002 112 43 effet
526 3000 97 44 très
650 3000 236 55 analogue
914 3000 26 40 à
960 2998 46 42 la
1026 2998 211 55 brusque
1262 2996 266 43 révélation
1562 2997 84 41 des
2051 2996 118 42 dans

151 3066 198 44 l'œuvre
383 3066 58 41 de
470 3064 294 43 Schumann.
801 3062 76 43 On
903 3061 209 58 procède
1136 3061 223 54 toujours
1387 3059 57 42 de
1468 3058 279 56 quelqu'un,
1782 3066 47 34 et
1853 3058 42 42 le
1920 3058 137 56 génie
2084 3057 65 43 lui-

151 3132 154 40 même
333 3128 264 57 n'échappe
617 3141 85 41 pas
729 3127 25 41 à
780 3125 298 43 l'ascendant
1100 3124 57 42 de
1183 3121 281 45 devanciers
1505 3120 228 43 lointains
1774 3134 62 29 ou
1858 3120 204 57 proches
2090 3135 12 39 ;
2125 3120 45 43 la

152 3191 262 45 formation
441 3191 58 43 de
526 3190 45 42 la
593 3188 329 59 personnalité
959 3196 71 33 est
1069 3186 146 43 chose
1239 3198 132 30 assez
1399 3184 317 57 mystérieuse
1742 3191 45 35 et
1830 3184 268 56 complexe,
2142 3184 27 42 à

151 3256 117 57 quoi
291 3255 311 44 contribuent
625 3254 109 57 plus
758 3268 64 27 ou
847 3251 157 43 moins
1030 3250 259 43 fortement
1316 3251 82 41 des
1421 3256 194 50 apports
1643 3256 205 34 souvent
1869 3247 97 43 très
1991 3247 175 43 divers.

155 3318 325 46 L'éventuelle
514 3316 338 52 assimilation,
899 3315 77 52 ici,
1018 3323 72 35 est
1115 3312 303 44 décidément
1455 3311 285 57 accomplie.
1783 3311 213 42 Maurice
2024 3309 144 44 Ravel

154 3382 124 44 aime
302 3382 281 43 Schumann
622 3388 46 34 et
700 3379 97 42 s'en
824 3377 305 58 prévaudrait
1150 3374 263 46 volontiers
1429 3388 10 40 ;
1484 3374 119 42 mais
1636 3387 52 29 ce
1731 3374 119 41 n'est
1893 3372 145 57 guère
2075 3386 91 43 que

152 3448 120 43 dans
300 3445 271 43 Noctuelles
593 3444 145 57 qu'on
762 3442 214 57 pourrait
1007 3439 251 44 découvrir
1284 3439 235 57 quelques
1544 3436 183 45 indices
1751 3438 59 42 de
1835 3436 43 42 la
1904 3435 186 45 ferveur
2108 3436 58 42 de

154 3523 88 30 son
261 3509 144 42 culte.
427 3509 130 40 Tout
575 3506 43 43 le
641 3515 123 33 reste
791 3514 71 34 est
884 3505 141 42 d'une
1041 3502 287 58 inspiration
1347 3501 233 57 originale
1596 3509 46 33 et
1661 3511 152 30 neuve
1835 3497 81 58 qui
1932 3499 233 57 n'évoque

155 3572 109 59 plus
291 3585 156 29 aucun
482 3569 243 44 souvenir.
754 3569 75 43 On
857 3569 246 52 m'assura,
1133 3580 110 29 sans
1267 3579 93 43 que
1385 3565 105 56 j'aie
1535 3577 64 42 pu
1641 3561 190 44 vérifier
1862 3562 303 45 l'exactitude

154 3637 66 43 du
244 3635 85 44 fait
355 3650 63 28 ou
439 3635 45 43 la
509 3632 334 53 coïncidence,
871 3632 145 56 qu'au
1041 3638 217 35 moment
1288 3628 235 57 probable
1549 3627 57 42 de
1633 3627 103 42 leur
1766 3626 256 57 gestation,
2048 3627 93 43 l'au-

151 3708 108 34 teur
284 3701 57 40 de
594 3698 70 43 Miroirs
665 3697 113 43 était
779 3697 23 42 de
822 3709 90 28 son
937 3707 175 44 propre
1140 3707 118 29 aveu
1279 3692 175 57 plongé
1476 3689 393 57 passionnément
1909 3690 116 42 dans
2052 3692 86 40 Bee-

154 3762 198 53 thoven,
378 3760 126 43 celui
526 3760 58 43 de
602 3760 47 43 la
673 3759 85 55 fin,
786 3759 57 43 de
870 3758 44 43 la
940 3772 24 29 «
985 3756 220 45 dernière
1230 3755 210 43 manière
1467 3769 40 29 ».
1538 3753 49 43 Si
1609 3751 273 45 l'influence
1906 3753 70 42 fut
2001 3753 162 53 réelle,

152 3825 45 43 le
240 3824 237 43 musicien
521 3823 82 55 qui
648 3823 246 57 l'éprouva
932 3820 114 43 était
1078 3820 57 42 de
1175 3819 133 43 taille
1347 3820 24 41 à
1398 3817 47 42 la
1469 3824 256 48 supporter
1750 3829 109 29 sans
1893 3815 268 57 dommage.

155 3890 190 43 Encore
371 3900 92 46 que
486 3900 99 29 non
615 3900 88 43 pas
728 3886 243 56 peut-être
997 3883 278 44 fatalement
1294 3880 361 58 indispensable
1680 3892 93 31 aux
1797 3878 240 55 résultats,
2072 3878 91 45 elle
