2418 4346
817 257 58 31 LE
908 249 240 37 MERCURE
1182 244 220 34 MUSICAL
1538 221 175 47 T-ÎI-OÔ

373 302 0 0 100

287 478 241 58 dormait
561 478 175 51 latent
774 485 132 38 sous
945 465 370 71 l'apparence.
1354 452 104 69 Or,
1491 450 137 53 c'est
1658 445 51 53 là
1742 460 61 35 ce
1851 455 112 53 que:
1999 450 147 38 nous
2192 431 78 52 fai-

287 574 150 43 sons,
472 554 168 53 noble
678 546 112 56 ami
833 559 53 38 et
922 541 274 64 confrère,
1242 551 71 38 en
1361 529 330 55 combinant
1737 523 48 49 le
1834 516 182 56 melos
2062 511 69 53 de
2189 523 107 39 nos

288 639 259 61 hymnes,
680 644 92 36 car
806 625 48 51 le
882 639 104 37 son
1013 620 144 51 n'est
1199 615 160 71 point
1389 611 109 53 vile
1526 620 52 38 et
1620 603 184 54 inerte
1840 609 259 48 matière,
2127 605 169 47 mais,

289 719 310 61 provenant
631 706 96 51 des
769 701 181 52 Dieux
989 713 102 53 par
1136 692 240 70 origine,
1412 687 37 54 il
1483 685 102 59 vit,
1633 694 53 38 et
1719 678 35 51 d
1774 692 110 36 une
1926 689 88 34 vie
2060 669 206 51 doréna-

285 800 131 41 vant
449 796 305 42 autonome
773 795 70 36 en
866 793 107 35 son
997 770 212 56 éternel
1234 763 266 61 Devenir,
1525 761 320 52 détermine
1867 766 102 55 par
1991 748 80 51 les
2095 756 198 42 vertus

287 860 365 57 incoercibles
684 854 137 71 qu'il
859 851 280 53 renferme
1166 865 69 34 en
1262 843 296 72 puissance
1586 850 52 38 et
1671 832 142 52 tient
1848 829 67 51 de
1945 842 107 36 son
2081 833 186 41 extrac-

288 940 121 52 tion
437 932 379 69 primordiale.
856 929 73 54 Sa
960 927 151 52 foule
1145 922 220 54 animée
1393 911 329 75 s'organise,
1752 926 24 33 s
1797 918 185 51 attire,
2009 920 56 33 se
2095 903 200 48 heurte

289 1034 74 36 ou
397 1011 306 69 s'accouple
738 1009 160 52 selon
924 1000 377 58 l'inéluctable
1328 996 74 54 loi
1428 988 296 59 d'affinités
1771 998 52 40 et
1864 983 69 52 de
1968 978 329 72 repulsions

288 1089 419 68 mystérieuses.
730 1087 179 51 Notre
942 1099 122 35 race
1097 1076 246 71 inspirée
1371 1073 233 70 pénètre
1623 1082 90 36 ces
1742 1072 208 43 secrets
1978 1057 214 68 jaloux,
2227 1068 71 35 en

291 1169 199 54 devine
509 1180 53 39 et
593 1164 265 69 divulgue
892 1161 51 52 la
975 1157 168 53 féerie
1177 1150 339 57 d'irréalisés
1543 1142 299 75 prestiges,
1869 1151 74 52 et,
1980 1151 134 37 sous
2142 1137 154 47 leurs

291 1245 227 70 regards
556 1240 262 62 fascinés,
844 1237 134 52 c'est
1009 1249 145 54 pour
1186 1227 156 55 avoir
1378 1223 202 55 vaincu
1608 1222 48 51 le
1685 1214 223 74 Sphinx
1944 1226 208 38 sonore
2187 1223 110 55 que

293 1324 79 50 les
409 1317 323 55 Immortels
765 1331 147 36 nous
943 1310 314 53 chérissent
1289 1317 54 40 et
1370 1313 198 60 parent
1600 1315 105 35 nos
1729 1296 183 52 fronts
1940 1292 69 51 de
2035 1289 261 52 lauriers.

292 1396 192 65 Aussi,
505 1411 69 34 ne
605 1409 199 53 croyez
828 1407 100 52 pas
953 1404 110 54 que
1111 1382 255 70 l'unique
1400 1376 185 73 prière
1615 1372 98 72 qui
1747 1368 177 74 plaise
1972 1384 108 35 aux
2116 1363 182 53 Dieux

294 1473 110 54 soit
434 1472 135 53 celle
603 1487 108 54 que
745 1481 160 39 notre
936 1463 219 54 bouche
1192 1458 250 71 exprime
1477 1471 131 37 avec
1637 1453 47 51 le
1724 1464 231 37 secours
1997 1445 98 53 des
2136 1458 130 55 paio-

293 1551 98 52 les.
423 1547 146 56 Sous
602 1547 49 51 le
678 1545 105 53 toit
815 1545 67 50 de
905 1539 225 55 marbre
1172 1538 68 51 de
1281 1552 106 34 nos
1420 1529 261 71 temples,
1710 1525 257 72 pendant
2000 1522 15 52 1
2041 1533 118 39 acte
2194 1519 101 51 des

293 1625 267 54 libations
605 1622 290 53 conforme
938 1636 70 34 au
1044 1616 102 54 rite
1181 1611 254 55 solennel
1489 1609 99 51 des
1633 1604 300 61 sacrifices,
1969 1600 51 51 la
2053 1599 136 52 flûte
2231 1595 67 52 de

294 1703 219 52 Taulète
541 1698 280 70 Olympos
863 1689 350 59 retentissait
1256 1687 153 53 seule
1463 1685 142 51 dans
1646 1682 50 50 le
1745 1679 232 65 silence,
2006 1689 75 54 et,
2119 1673 177 63 seule,

294 1776 277 56 modulait
612 1772 358 54 l'invocation
1023 1763 416 76 propitiatoire.
1468 1762 76 52 Et
1577 1763 301 67 peut-être,
1921 1773 70 34 en
2038 1765 86 40 cet
2151 1749 147 55 idéal

294 1854 273 70 impollué
589 1853 75 52 du
685 1851 191 64 verbe,
890 1849 48 51 le
961 1847 180 52 mélos
1168 1839 271 75 parle-t-il
1467 1840 52 51 la
1543 1835 152 55 vraie
1722 1837 204 68 langue
1961 1833 97 52 des
2094 1829 203 65 Dieux,

297 1931 187 53 idoine
528 1942 164 41 avant
727 1939 157 40 toute
928 1937 158 41 autre
1119 1926 29 48 à
1180 1924 274 50 résonner
1478 1917 206 50 devant
1723 1913 154 51 leurs
1925 1906 373 65 sanctuaires,

297 2025 110 53 pur
449 2006 211 54 idiome
705 2004 118 52 issu
871 2003 182 63 d'eux,
1088 1995 318 65 immédiat,
1442 1995 141 51 dans
1643 1992 51 50 la
1737 1988 316 71 palpitante
2108 1984 162 70 splen-

298 2086 140 52 deur
470 2083 67 52 de
556 2099 60 35 sa
647 2080 298 53 substance
971 2077 360 53 éthéréenne.
1361 2068 325 72 Epiphanie
1713 2068 76 51 du
1817 2064 255 53 Nombre
2100 2060 164 53 imma-

298 2160 177 63 tériel,
513 2176 103 35 son
651 2173 182 37 canon
872 2168 84 39 est
997 2153 147 71 réglé
1178 2168 97 36 sur
1310 2152 49 49 le
1402 2146 165 72 pouls
1601 2146 76 51 du
1712 2141 246 55 Cosmos
1991 2155 53 38 et
2085 2136 218 56 traduit

298 2234 332 56 l'harmonie
663 2235 97 51 des
792 2233 233 68 sphères
1080 2242 54 39 et
1182 2229 98 51 des
1317 2239 195 40 astres.
1572 2221 142 54 Bien
1768 2219 297 54 différente
2121 2229 83 39 est
2251 2215 54 53 la

299 2324 200 41 nature
532 2312 73 50 du
635 2309 166 53 chant
830 2307 98 71 qui
962 2323 160 53 passe
1155 2320 103 54 par
1281 2320 106 35 nos
1423 2301 245 52 lèvres...

369 2388 361 52 PALESTRINA.
899 2384 87 52 Ne
1019 2381 176 53 fut-ce
1257 2378 163 72 point
1463 2378 48 50 le
1563 2374 250 72 premier
1873 2374 98 52 des
2013 2373 288 68 langages,

299 2480 310 36 amoureux
641 2461 196 53 effluve
861 2461 73 53 du
976 2474 177 50 cœur,
1181 2455 266 70 musique
1475 2451 167 54 innée
1668 2469 130 53 que,
1828 2450 238 53 d'abord
2102 2461 52 41 et
2176 2461 98 40 tou-

299 2540 177 69 jours,
515 2552 163 57 porta
706 2538 263 69 jusqu'au
1014 2539 162 49 trône
1220 2533 67 53 de
1320 2531 147 54 Dieu
1507 2531 52 52 la
1596 2529 130 54 voix
1765 2526 292 62 humaine,
2085 2543 215 54 organe

301 2618 89 52 élu
435 2618 66 52 de
538 2616 52 52 la
627 2615 182 70 prière
835 2615 21 51 ?

369 2694 346 52 TERPANDRE.
848 2689 334 54 Dites-vous
1220 2689 117 52 cela
1366 2685 432 63 sérieusement,
1827 2682 135 54 cher
1996 2681 268 73 seigneur
2286 2680 20 52 ?

303 2769 210 68 Quand
533 2787 141 34 vous
706 2771 223 50 vécûtes
953 2766 185 70 parmi
1163 2766 79 51 les
1275 2765 283 62 hommes,
1588 2761 235 65 ceux-ci,
1854 2759 47 68 je
1930 2761 48 51 le
2001 2760 125 52 vois
2150 2757 155 66 bien,

304 2845 322 71 profitaient
679 2863 128 35 avec
847 2861 141 35 vous
1013 2844 136 52 d'un
1181 2845 164 67 passé
1367 2841 140 52 dont
1533 2839 68 53 ils
1628 2837 321 73 ignoraient
1990 2837 80 52 les
2094 2835 186 72 patien-

304 2936 84 39 tes
414 2926 326 65 conquêtes,
767 2934 52 39 et
851 2917 515 55 méconnaissaient
1398 2917 80 52 les
1519 2915 259 54 services.
1816 2917 153 61 Non,
2001 2915 80 51 les
2113 2914 88 52 fils
2241 2914 68 52 de

306 2999 52 50 la
387 3011 145 40 terre
557 2997 160 52 n'ont
754 3015 100 52 pas
894 2997 203 52 chanté
1130 2995 282 67 toujours.
1441 2994 307 54 Comment
1789 2990 398 54 l'auraient-ils
2215 3008 88 49 su,

304 3089 166 39 avant
503 3093 106 53 que
644 3076 121 52 leur
811 3075 195 53 oreille
1049 3075 254 52 entendît
1331 3074 97 52 des
1464 3089 131 35 sons
1633 3070 302 53 véritables
1962 3071 19 50 ?
2015 3069 95 55 Où
2155 3081 126 40 trou-

303 3170 98 34 ver
433 3152 48 51 le
513 3152 223 52 modèle
765 3152 69 52 de
861 3151 475 53 l'enchaînement
1369 3151 75 51 du
1477 3149 202 66 mélos,
1698 3149 68 52 de
1801 3164 104 35 son
1939 3147 370 52 ordonnance

304 3229 219 68 obligée
590 3245 145 52 pour
805 3229 315 52 constituer
1171 3227 78 52 les
1303 3225 330 53 harmonies
1684 3225 274 66 diverses,
2018 3235 292 41 comment

306 3303 335 72 l'imaginer,
678 3321 129 35 sans
851 3305 80 52 les
976 3303 341 54 révélations
1355 3303 99 53 des
1486 3301 373 71 proportions
1905 3301 355 71 symphones
2293 3300 21 52 ?

307 3380 77 56 Ce
405 3394 128 39 sont
551 3382 79 51 les
649 3394 212 57 tuyaux
882 3395 54 39 et
961 3382 79 51 les
1064 3381 198 52 cordes
1284 3377 99 71 qui
1407 3377 321 55 fournirent
1747 3380 79 52 les
1854 3378 216 72 primes
2104 3377 208 53 assises

304 3457 69 52 de
411 3457 123 53 l'art
594 3457 279 70 hégémon
937 3460 75 50 du
1073 3458 281 51 Parnasse
1397 3469 53 40 et
1497 3458 187 51 trésor
1722 3472 275 37 commun
2034 3457 101 51 des
2176 3453 141 55 neuf

306 3533 211 68 Muses,
553 3551 144 53 pour
748 3547 142 40 cette
939 3552 164 36 cause
1139 3533 197 73 appelé
1392 3535 50 50 la
1494 3533 287 71 Musique.
1808 3533 47 52 Il
1907 3533 80 55 lui
2020 3532 165 55 fallut
2234 3550 77 35 un

308 3610 132 71 long
465 3610 444 72 apprentissage,
937 3613 110 52 afin
1079 3630 109 52 que
1224 3612 52 52 la
1299 3610 131 54 voix
1460 3612 208 52 réussît
1695 3615 31 48 à
1748 3627 72 36 en
1845 3610 193 54 imiter
2080 3611 81 53 les
2185 3626 97 37 con-

310 3700 209 40 certs...

379 3762 362 56 PALESTRINA.
872 3770 167 49 Votre
1064 3767 259 53 discours
1355 3784 90 36 me
1467 3763 229 74 remplit
1723 3766 70 52 de
1818 3764 272 73 surprise.
2126 3762 155 56 Préci-

312 3841 216 50 sément
557 3839 131 55 chez
712 3856 155 41 votre
895 3844 202 70 peuple
1124 3844 240 68 hellène,
1403 3844 51 53 la
1481 3842 265 72 musique
1784 3861 71 36 ne
1889 3844 221 54 fut-elle
2149 3842 161 74 point
