2418 4346
838 218 58 30 LE
932 213 242 34 MERCURE
1210 208 222 36 MUSICAL
1574 192 175 44 I-11-OÔ

305 224 86 44 130

357 428 125 41 C'est
504 421 240 61 pourquoi
770 421 42 42 le
838 418 261 57 répertoire
1123 426 72 34 est
1237 416 130 42 riche
1401 428 59 29 en
1492 414 212 52 Wagner
1745 418 45 33 et
1830 419 59 30 en
1913 403 162 45 vieille
2103 402 223 56 musique

299 490 249 55 française,
575 486 305 43 Saint-Saëns
903 482 173 42 inclus.
1184 481 35 42 Il
1243 494 72 28 me
1343 477 182 45 semble
1553 487 92 44 que
1672 473 97 41 l'on
1789 470 118 57 perd
1933 468 121 42 ainsi
2087 480 95 29 une
2202 465 128 43 belle

299 553 224 44 occasion
567 550 219 42 d'abuser
826 547 82 41 des
953 554 192 33 auteurs
1194 557 253 29 nouveaux
1474 543 8 40 !
1528 538 122 43 Mais
1677 535 104 44 cela
1827 533 200 43 viendra
2051 529 237 59 peut-être
2317 542 9 28 :

299 618 63 41 M.
392 617 241 39 Broussan
660 611 191 43 devient
877 608 117 44 actif
1011 609 24 41 à
1060 609 253 40 l'annonce
1360 606 57 43 de
1459 618 89 29 son
1571 602 182 55 départ.
1795 599 119 41 Très
1955 595 101 44 loin
2079 596 247 49 àArmor,

296 679 188 43 Siberia
531 686 45 33 et
623 674 235 57 Tiphaine
884 687 49 28 se
957 670 288 56 précipitent
1272 684 59 28 en
1358 668 156 43 moins
1551 667 141 41 d'une
1734 661 232 45 semaine.
2006 661 59 40 Et
2092 659 107 54 déjà
2230 671 75 29 sur-

295 741 241 49 viennent,
570 752 58 29 en
668 738 82 42 des
798 750 107 28 sens
944 733 264 50 différents,
1253 734 173 56 Riquet
1433 766 9 19 ,
1479 729 146 44 ballet
1673 727 106 56 (!...)
1807 727 58 40 de
1895 725 85 42 Ph.
2012 724 123 42 Flon
2162 731 45 33 et
2232 733 94 30 une

295 801 178 56 reprise
506 799 258 57 prochaine
792 799 57 41 de
879 797 192 42 Tristan
1104 806 44 33 et
1171 797 154 42 Isolde
1332 830 10 21 ,
1368 809 108 29 sans
1508 793 158 57 parler
1693 792 57 41 de
1776 789 207 45 Fideho.

353 865 74 42 On
454 863 89 43 sait
565 862 127 43 aussi
718 876 91 41 que
836 861 67 42 les
929 861 212 42 bureaux
1167 861 57 42 de
1244 859 165 43 l'hôtel
1434 860 57 42 de
1513 856 109 44 ville
1643 856 283 54 s'occupent
1952 853 57 41 de
2032 852 43 42 la
2101 851 228 50 transfor_

294 927 181 42 mation
508 927 57 41 de
591 927 44 41 la
661 925 125 56 régie
813 924 178 42 directe
1019 938 56 29 en
1103 924 125 56 régie
1252 924 161 41 mixte.
1433 924 87 40 Les
1549 919 174 43 maires
1752 927 165 34 seront
1942 915 160 42 moins
2130 927 201 43 respon_

295 990 154 42 sables
472 990 81 42 des
588 988 231 57 aphonies
846 988 81 42 des
960 987 273 44 chanteurs.
1263 986 236 54 Question
1526 983 194 51 sociale,
1750 996 64 28 ou
1848 979 228 57 question
2101 976 202 45 adminis-

293 1053 166 42 trative
486 1053 18 43 ?
526 1054 51 41 Je
609 1066 74 28 me
710 1051 42 43 le
780 1053 252 41 demande.
1059 1053 66 41 M.
1157 1051 211 49 Herriot,
1397 1047 268 44 normalien
1694 1055 44 33 et
1764 1044 147 43 maire
1940 1046 58 40 de
2027 1044 154 50 Lyon,
2209 1041 90 42 mal-

294 1117 79 55 gré
398 1130 94 29 une
513 1114 233 57 probable
773 1115 304 57 intelligence
1105 1115 81 41 des
1216 1127 186 39 causes,
1438 1112 171 55 adopte
1644 1124 93 28 une
1767 1107 216 44 solution
2004 1107 217 53 bâtarde,
2267 1119 60 29 en

295 1178 283 43 conformité
605 1192 111 29 avec
742 1178 44 42 la
805 1187 166 33 nature
995 1178 212 42 indécise
1231 1178 58 40 de
1318 1189 88 29 son
1423 1173 256 44 caractère.
1705 1172 201 43 Maisun
1926 1169 402 44 littérateurn'est

292 1255 85 41 pas
396 1241 130 42 forcé
562 1242 56 40 de
640 1241 248 42 connaître
915 1241 68 41 les
1010 1239 262 44 nécessités
1310 1240 64 41 du
1409 1239 237 43 théâtre...
1754 1236 36 41 Il
1829 1250 30 42 y
1900 1249 24 28 a
1973 1235 210 55 quelque
2213 1233 114 42 bien

294 1307 24 39 à
345 1317 201 42 augurer
570 1305 58 40 de
648 1304 43 41 la
717 1304 224 42 nouvelle
967 1304 236 42 direction
1231 1315 11 27 :
1270 1304 66 40 M.
1373 1302 121 41 Flon
1518 1315 58 28 en
1604 1313 191 29 assume
1819 1300 42 42 le
1887 1300 105 41 côté
2033 1297 253 57 artistique

294 1381 50 28 sa
369 1369 309 53 compétence
703 1367 339 55 wagnérienne
1087 1376 70 32 est
1182 1364 339 44 indiscutable.
1553 1364 36 42 Il
1622 1365 78 55 n'y
1727 1363 153 43 aurait
1927 1362 273 56 cependant
2241 1375 87 41 pas

292 1429 94 42 lieu
412 1430 57 42 de
498 1430 239 41 s'étonner
762 1429 38 42 si
826 1430 44 41 la
886 1430 263 56 prochaine
1177 1430 162 42 saison
1365 1442 120 28 nous
1505 1427 229 43 réservait
1760 1427 83 42 des
1872 1425 304 56 déceptions.
2198 1425 131 41 Tout

295 1502 70 33 est
396 1506 173 29 encore
596 1493 25 42 à
649 1492 114 43 faire
788 1493 77 43 ici.

349 1556 90 41 Sur
467 1569 65 28 un
556 1556 138 55 point
718 1556 260 55 important
1005 1569 8 27 :
1044 1569 62 28 on
1137 1556 131 55 prête
1292 1556 25 41 à
1339 1552 423 45 l'administration
1790 1554 64 41 du
1880 1552 183 42 théâtre
2092 1552 41 41 le
2168 1551 163 57 projet

292 1618 270 55 d'agrandir
584 1619 298 45 l'orchestre.
918 1620 102 50 Que
1046 1632 59 29 ne
1126 1619 354 41 l'abaisse-t-on
1518 1630 113 28 sous
1673 1614 364 53 l'avant-scène,
2082 1615 123 43 ainsi
2233 1629 92 43 que

290 1681 103 42 cela
417 1695 24 28 a
467 1682 72 41 été
561 1681 169 42 réalisé
757 1682 24 41 à
804 1681 222 42 Munich?
1054 1683 87 40 Les
1169 1682 201 41 dessous
1389 1695 57 27 ne
1476 1679 196 42 doivent
1696 1693 85 42 pas
1809 1679 97 42 être
1941 1679 289 42 encombrés
2265 1679 66 42 de:

287 1743 337 51 machineries,
652 1743 38 42 si
714 1745 89 53 j'en
826 1743 125 43 crois
978 1744 45 41 la
1046 1743 222 56 puérilité
1296 1745 82 41 des
1402 1754 130 31 trucs
1579 1742 270 43 à!Armide.
1987 1743 76 42 On
2091 1756 59 29 en
2176 1743 128 56 profi-

285 1807 138 42 terait
445 1821 124 42 pour
595 1806 220 44 modifier
839 1821 66 27 un
931 1806 205 57 système
1153 1807 282 56 d'éclairage
1460 1806 95 43 très
1579 1806 305 44 défectueux.
1913 1809 67 40 La
2007 1806 318 57 suppression

287 1872 56 40 de
369 1870 44 41 la
452 1883 160 43 rampe
639 1870 224 56 s'impose
909 1871 118 41 dans
1076 1870 236 43 certaines
1339 1884 192 29 œuvres
1574 1870 274 55 modernes,
1899 1884 63 28 ou
1997 1871 64 42 du
2087 1870 160 43 moins
2275 1885 51 29 sa

289 1932 365 43 neutralisation
675 1947 85 42 par
783 1947 66 28 un
875 1932 205 57 système
1111 1935 56 41 de
1202 1934 163 42 herses
1407 1933 203 42 doubles
1632 1947 9 28 :
1683 1948 63 28 on
1774 1933 314 44 diminuerait
2120 1934 124 43 ainsi
2271 1949 54 28 ce

287 1995 245 53 faux-jour
555 1996 56 41 de
654 1995 134 57 neige
830 1996 81 56 qui
937 1998 75 40 n'a
1050 1996 103 43 rien
1181 1997 24 41 à
1237 1997 104 43 voir
1364 2010 114 29 avec
1504 1996 45 42 la
1575 1996 119 43 mise
1734 2011 58 28 en
1819 1997 165 43 valeur
2009 1999 85 41 des
2131 1998 191 43 décors.

286 2058 58 40 Et
368 2057 253 55 j'aimerais
645 2058 104 42 voir
763 2058 321 56 réapparaître
1104 2059 42 43 le
1171 2059 167 43 rideau
1361 2060 25 41 à
1404 2059 279 54 l'italienne,
1713 2074 60 28 au
1794 2060 159 43 moins
1978 2075 126 42 pour
2127 2062 200 43 Tristan

284 2129 44 32 et
352 2120 43 41 la
428 2121 275 57 Tétralogie
710 2154 9 9 .
752 2121 37 41 Il
817 2131 69 32 est
911 2123 132 41 triste
1068 2123 57 41 de
1155 2123 170 56 garder
1369 2123 118 42 dans
1515 2123 68 43 les
1625 2137 126 43 yeux
1775 2124 45 42 la
1844 2123 162 44 vision
2048 2124 244 58 imperson-

283 2182 124 42 nelle
431 2183 56 42 de
513 2192 101 33 tant
634 2184 57 42 de
722 2184 209 45 mollets.

1291 2298 17 16 *

1273 2337 16 15 ★
1310 2337 17 15 *

339 2439 102 42 j\lmc
465 2441 268 44 Kutcherra
758 2455 126 30 nous
916 2444 118 42 rend
1066 2443 138 44 visite
1231 2445 118 43 dans
1683 2458 46 34 et
1754 2450 119 42 dans
2267 2454 60 43 Je

283 2502 126 42 crois
436 2518 91 40 que
556 2504 102 41 Mme
678 2506 207 42 Janssen
910 2516 69 33 est
1005 2521 175 30 encore
1214 2509 364 58 incomparable
1604 2512 120 44 dans
1745 2528 79 29 ces
1851 2515 128 42 deux
2003 2516 145 45 rôles.
2173 2519 116 42 D'au-

282 2573 69 33 tre
371 2575 104 45 part
516 2567 74 55 j'ai
616 2567 252 57 beaucoup
912 2570 57 43 de
1007 2571 141 54 peine
1178 2573 25 41 à
1242 2572 187 57 digérer
1472 2575 43 43 la
1555 2576 312 58 philosophie
1894 2580 232 43 musicale
2154 2581 57 43 de
2239 2596 78 29 ces

283 2639 204 31 œuvres.
504 2629 74 42 On
603 2631 110 41 s'est
736 2632 185 56 trompé
949 2646 58 29 en
1031 2647 124 28 nous
1172 2634 279 55 présentant
1462 2637 46 42 la
1529 2637 188 44 célèbre
1741 2639 163 44 artiste
1927 2641 255 45 viennoise
2204 2659 115 29 sous

286 2704 63 28 un
382 2692 107 54 jour
508 2692 306 44 défavorable
833 2708 9 25 :
889 2695 90 44 elle
1026 2697 69 42 fut
1141 2698 320 44 intéressante
1485 2702 118 42 dans
1650 2703 293 58 Lohengrin,
1966 2707 161 42 moins
2155 2708 162 44 bonne

289 2752 118 42 dans
601 2754 311 44 Tannhàuser.
913 2758 98 43 J'ose
1053 2759 192 56 espérer
1270 2775 95 42 que
1641 2765 67 42 lui
1735 2777 260 45 permettra
2039 2783 96 30 une
2176 2770 139 45 facile

289 2816 250 53 revanche,
567 2817 25 42 à
617 2819 157 41 moins
793 2820 63 42 du
1487 2820 289 56 Crépuscule
1197 2822 71 44 s'il
1293 2825 103 42 doit
1421 2826 187 43 bientôt
1630 2830 315 55 reparaître...
1992 2832 97 55 (On
2112 2848 60 29 ne
2199 2849 89 29 con-

290 2877 98 42 naît
412 2878 101 42 rien
540 2879 57 42 de
620 2881 194 43 l'avenir
838 2882 61 43 ici
927 2883 9 42 !
964 2883 120 43 Mais
1108 2899 105 29 vers
1237 2887 83 56 qui
1348 2887 298 46 irions-nous
1669 2892 210 56 dolents,
1906 2905 135 33 entre
2061 2911 68 28 un
2160 2897 130 45 direc-

286 2951 103 31 teur
421 2942 81 54 qui
529 2956 24 28 a
574 2943 43 42 la
644 2944 236 43 modestie
908 2947 57 42 de
993 2961 49 29 se
1064 2948 215 45 déclarer
1299 2949 329 60 incompétent
1647 2965 46 33 et
1727 2970 65 28 un
1816 2957 148 44 maire
1992 2961 83 54 qui
2116 2961 201 44 n'aurait

287 3017 82 42 pas
395 3004 42 42 la
455 3006 265 55 prétention
748 3009 56 42 de
823 3009 43 43 le
894 3010 234 45 démentir
1150 3013 33 56 ?)

344 3067 309 45 Assurément
677 3073 46 40 M
732 3084 51 22 me
830 3074 265 44 Kutcherra
1136 3090 58 30 ne
1241 3079 206 54 possède
1490 3095 86 42 pas
1618 3083 46 43 la
1707 3085 166 55 pureté
1901 3088 334 57 d'expression
2257 3092 60 41 de

290 3130 103 39 M'"û
413 3131 218 44 Janssen.
657 3133 103 44 Elle
784 3144 71 34 est
878 3136 106 56 plus
1005 3136 189 53 femme,
1223 3150 46 32 et
1285 3155 59 28 en
1367 3144 101 42 cela
1492 3146 244 55 peut-être
1757 3147 108 56 plus
1887 3150 111 56 près
2018 3153 57 41 de
2102 3153 43 43 la
2168 3154 144 43 vérité

606 3196 58 42 Et
689 3196 31 42 il
746 3212 29 41 y
797 3211 25 28 a
846 3211 84 43 par
951 3200 192 44 ailleurs
1171 3203 120 42 dans
1316 3205 44 42 la
1374 3207 153 53 partie
1548 3210 167 42 vocale
1744 3212 58 42 de
1829 3226 89 29 son
1943 3213 367 59 interprétation

290 3255 56 41 de
372 3258 173 52 grands
572 3257 200 45 instants
799 3262 57 42 de
883 3260 241 56 faiblesse,
1150 3280 66 27 un
1250 3281 206 44 manque
1482 3272 57 42 de
1565 3273 258 45 transition
1849 3278 212 45 sensible
2073 3258 14 15 4
2107 3282 64 42 du
2215 3283 65 42 mé-

290 3316 129 42 dium
446 3332 58 28 au
530 3334 138 41 gtave
691 3333 45 30 et
762 3338 24 25 a
812 3324 11 41 1
845 3324 124 57 aigu.
992 3328 53 40 Je
1072 3328 93 42 sais
1189 3330 112 55 qu'il
1335 3330 100 45 faut
1475 3334 96 43 être
1598 3339 368 46 reconnaissant
1990 3343 26 42 à
2059 3344 107 42 Mme
2192 3347 89 42 Kut-

291 3379 164 43 cherra
478 3381 80 42 des
576 3385 174 53 grands
776 3395 43 32 et
845 3386 176 57 loyaux
1043 3389 207 45 services
1278 3394 118 43 dont
1420 3395 92 43 elle
1556 3412 24 28 a
1612 3398 187 45 honoré
1830 3403 104 43 l'art
1967 3405 246 45 allemand
2232 3422 9 9 -
2270 3408 38 53 je

291 3442 123 42 crois
441 3457 90 42 que
559 3460 23 28 c
602 3456 70 33 est
694 3461 94 29 une
810 3451 261 43 excellente
1092 3454 178 44 artiste.
1301 3457 76 42 On
1402 3462 394 52 pourraadmirer
1820 3481 89 28 son
1931 3467 308 60 intelligence
2254 3473 54 41 de

325 3514 158 34 action
506 3508 312 60 dramatique,
846 3513 183 45 sincère
1056 3526 44 33 et
1124 3520 262 44 touchante
1410 3539 10 26 :
1447 3523 78 55 jeu
1552 3523 95 45 très
1669 3530 314 57 germanique
2009 3532 8 43 !
2047 3535 47 42 M
2102 3546 33 22 m
2139 3545 19 24 e
2199 3536 83 42 Kut-

294 3568 163 42 cherra
470 3579 70 33 est
565 3570 110 45 bien
700 3574 149 45 servie
879 3591 85 43 par
988 3592 51 29 sa
1057 3579 240 60 plastique
1326 3593 46 33 et
1393 3598 87 43 par
1503 3601 66 28 un
1608 3591 117 54 goût
1760 3597 334 55 remarquable
2122 3598 120 42 dans
2265 3597 42 42 la

295 3636 232 49 draperie.
625 3636 36 40 Il
683 3636 101 44 faut
799 3638 135 44 louer
955 3654 60 29 en
1040 3655 185 32 somme
1245 3645 44 43 le
1315 3648 144 44 noble
1504 3664 207 46 courage
1758 3655 275 47 d'affronter
2058 3669 108 46 trop
2206 3661 109 44 tard'

295 3705 91 30 une
413 3708 138 30 scene
584 3699 248 56 française,
851 3704 118 42 dans
983 3714 136 35 notre
1134 3708 190 58 langue,
1345 3725 114 31 avec
1479 3728 67 29 un
1571 3728 169 33 accent
1779 3719 340 49 dix-huitième
2167 3724 137 46 siècle

297 3770 79 40 qui
409 3762 247 52 surprend,
680 3764 118 43 mais
823 3779 94 29 une
942 3769 260 45 excellente
1222 3777 394 52 prononciation.

355 3819 295 49 L'orchestre
692 3835 71 34 est
807 3828 217 57 toujours
1067 3835 389 49 consciencieux.
1496 3841 36 43 Il
1557 3857 75 30 me
1670 3847 183 45 semble
1899 3854 273 54 cependant
2216 3862 99 47 que,
