3002 4389
1239 295 248 42 BRUNO'S
1533 293 237 44 WEEKLY

93 308 106 39 1010

89 412 17 40 I
136 417 116 35 want
279 422 83 40 you
390 415 42 35 to
461 410 101 51 help
591 421 70 28 me
690 408 52 41 do
774 408 43 41 it.
873 407 77 40 We
978 415 116 31 were
1123 409 42 36 at
1194 415 24 28 a
1248 400 219 52 reception

88 469 197 52 to-night.
348 469 14 39 I
395 468 111 41 bade
539 468 143 39 father
713 466 84 43 and
827 464 170 40 mother
1028 460 264 55 goodj-night.
1352 457 118 54 They

88 529 182 50 thought
295 529 14 39 I
336 537 89 31 was
450 526 130 52 going
604 525 186 51 upstairs
816 529 42 35 to
884 521 144 42 retire.
1081 521 181 49 Nobody
1287 531 89 29 saw
1399 530 71 28 me

89 587 83 55 slip
201 593 75 36 out
303 587 48 39 of
378 587 72 42 the
477 586 151 39 house.
685 584 14 40 I
731 582 133 42 didn't
893 582 103 40 dare
1025 588 42 34 to
1096 592 53 39 go
1179 586 42 34 to
1250 591 70 39 my
1349 588 120 29 room

88 653 45 36 to
157 647 166 49 change
348 657 72 39 my
444 644 165 41 clothes
635 643 69 40 for
729 642 96 40 fear
850 642 47 39 of
921 639 131 52 being
1077 636 210 42 detected.
1343 636 15 40 1
1385 635 86 41 had

88 705 168 52 packed
273 716 70 40 my
362 704 164 40 satchel
545 703 43 40 in
609 703 71 40 the
701 701 228 41 afternoon
952 700 82 39 and
1055 697 152 52 placed
1227 697 32 41 it
1274 695 197 51 securely

88 765 140 42 under
256 763 72 41 the
357 763 87 40 hall
475 769 105 34 tree.

458 821 15 39 I
502 826 114 35 want
641 831 83 40 you
751 824 42 35 to
821 818 112 51 keep
961 828 68 29 me
1056 814 141 52 safely
1225 816 42 40 in
1296 826 25 28 a
1348 813 122 51 place

88 882 146 44 where
256 882 14 39 I
293 893 77 28 can
390 879 99 42 hide
511 879 69 41 for
599 879 129 42 about
747 876 118 53 eight
884 876 116 51 days,
1023 874 153 51 during
1194 870 137 45 which
1353 870 117 50 time,

91 940 16 41 I
138 940 87 42 will
254 939 234 42 transform
519 937 160 53 myself
709 937 88 41 into
830 948 23 28 a
883 934 194 52 working
1108 932 79 52 girl
1217 932 95 41 who
1344 929 130 43 won't

89 1000 55 40 be
172 1010 82 39 any
282 997 205 41 different
516 996 111 41 from
656 1007 81 40 any
765 993 124 42 other
915 992 79 52 girl
1022 992 90 41 that
1138 1001 129 30 earns
1291 990 80 40 her
1395 987 57 43 liv-

92 1058 86 51 ing.
238 1057 14 39 I
282 1056 88 41 will
398 1061 72 45 get
498 1067 23 28 a
550 1053 198 52 position,
780 1053 83 39 and
892 1052 15 40 I
938 1052 110 40 have
1079 1050 89 42 also
1197 1061 71 39 my
1297 1048 175 41 definite

91 1118 125 51 plans
251 1117 130 39 about
413 1127 71 39 my
521 1114 144 39 future
698 1110 212 42 vocation.
972 1109 69 42 All
1076 1109 14 39 I
1128 1120 67 28 am
1230 1106 242 42 concerned

91 1175 132 42 about
248 1180 42 34 at
317 1180 175 44 present
517 1172 36 41 is
580 1179 41 34 to
649 1170 125 42 avoid
801 1169 129 52 being
957 1167 197 42 detected
1182 1167 83 41 and
1291 1165 184 51 brought

91 1235 110 42 back
234 1240 42 34 to
310 1246 70 38 my
412 1233 143 40 home.
614 1230 94 41 You
740 1228 86 42 will
859 1227 264 42 understand
1157 1224 135 54 easily
1324 1224 96 53 why
1455 1223 16 42 I

91 1292 118 42 don't
235 1298 115 34 want
375 1303 84 40 you
484 1296 42 34 to
554 1301 76 30 see
657 1301 71 39 my
756 1288 97 41 face
881 1299 48 28 or
953 1285 127 41 know
1107 1297 69 39 my
1203 1296 142 29 name.
1400 1283 74 51 My

92 1351 340 51 disappearance
473 1349 110 41 from
623 1359 78 41 my,
729 1348 129 39 home
895 1345 87 42 will
1019 1345 55 42 be
1110 1344 173 40 noticed
1319 1341 43 41 in
1400 1341 72 41 the

92 1410 213 51 morning.
369 1409 54 40 At
459 1409 91 40 first
583 1409 99 50 they
718 1406 85 41 will
840 1411 65 46 try
939 1411 42 33 to
1015 1405 141 39 locate
1189 1415 71 28 me
1296 1401 176 52 quietly.

91 1468 119 54 They
239 1468 214 51 naturally
480 1466 87 42 will
596 1472 76 34 not
700 1465 196 41 succeed.
955 1462 58 42 So
1043 1463 102 51 they
1171 1462 88 41 will
1287 1461 113 40 have
1430 1466 42 34 to

91 1534 97 36 turn
216 1534 42 35 to
286 1528 71 39 the
384 1525 140 53 police
552 1525 83 41 and
662 1524 32 41 it
718 1523 130 42 won't
870 1523 56 41 be
953 1523 103 51 long
1080 1519 109 42 until
1217 1520 72 41 the
1317 1531 157 40 papers

89 1586 90 42 will
205 1586 53 41 be
287 1585 117 42 filled
431 1585 100 41 with
562 1584 72 39 the
662 1580 257 53 mysterious
948 1579 338 52 disappearance
1315 1578 48 40 of
1391 1588 83 29 one

91 1646 49 42 of
163 1646 105 41 New
289 1644 152 41 York's
463 1642 231 42 heiresses.
745 1641 39 41 If
804 1652 84 41 you
910 1651 134 31 never
1066 1650 86 30 saw
1175 1650 70 39 my
1269 1637 98 42 face
1391 1636 84 42 and

87 1705 21 40 1
134 1702 133 43 didn't
289 1703 75 41 tell
387 1715 83 39 you
493 1713 70 40 my
586 1712 141 37 name,
751 1711 84 41 you
858 1710 78 30 can
961 1710 134 29 never
1117 1697 54 41 be
1194 1696 173 42 blamed
1391 1694 84 41 and

88 1776 81 29 can
199 1774 107 31 even
337 1762 170 40 declare
534 1772 54 28 on
615 1759 99 41 oath
741 1759 93 41 that
858 1769 82 41 you
968 1755 135 42 didn't
1127 1755 126 41 know
1278 1767 84 37 me,
1391 1753 84 40 and

91 1835 137 30 never
256 1834 87 28 saw
373 1833 82 28 me.
515 1820 105 41 Now
651 1819 75 40 tell
756 1830 70 28 me
856 1816 127 52 again
1014 1816 91 40 that
1132 1826 85 41 you
1246 1812 87 44 will
1361 1814 113 40 have

91 1881 73 42 the
188 1892 186 40 courage
398 1885 42 34 to
465 1879 101 52 help
591 1890 83 28 me.
724 1876 94 41 You
842 1873 117 42 don't
982 1880 114 35 want
1119 1885 70 29 me
1215 1879 41 35 to
1281 1871 193 42 mention

89 1952 159 40 money
277 1941 76 39 but
383 1939 15 40 I
428 1938 111 41 have
571 1937 57 41 all
656 1948 71 40 my
756 1934 180 54 jewelry
964 1933 101 42 with
1096 1945 70 29 me
1197 1931 137 42 which
1366 1931 35 42 is
1433 1936 43 37 at

89 2000 113 41 least
233 1998 261 52 twenty-five
526 1994 216 43 thousand
774 1994 159 41 dollars
963 1992 150 49 worth,
1146 1990 85 42 and
1263 1990 15 41 I
1311 1989 102 42 took
1442 1989 34 42 it

93 2059 112 41 from
234 2058 130 39 home
394 2055 92 52 just
516 2055 69 39 for
614 2054 72 40 the
718 2064 83 30 one
831 2063 201 40 purpose,
1065 2056 42 35 to
1137 2049 98 53 give
1267 2049 31 40 it
1329 2054 42 35 to
1403 2047 72 41 the

89 2129 101 29 man
215 2117 95 40 who
336 2115 38 40 is
398 2115 128 52 going
550 2120 42 35 to
616 2113 101 51 help
743 2125 70 28 me
840 2117 142 36 create
1009 2122 70 40 my
1104 2122 97 28 new
1225 2107 94 42 life.
1375 2107 100 42 Will

89 2188 85 41 you
201 2177 56 41 be
284 2173 86 43 this

150 2234 16 41 I
193 2233 230 42 reassured
445 2233 79 40 her
545 2230 85 41 and
652 2230 102 41 then
781 2229 16 41 I
821 2228 108 49 said,
1024 2225 86 43 will
1135 2227 111 40 have
1272 2237 24 29 a
1321 2237 82 39 cup
1429 2223 47 42 of

89 2294 145 42 coffee
263 2293 84 41 and
376 2291 102 41 then
508 2291 16 40 I
555 2301 69 30 am
653 2289 131 53 going
812 2294 42 34 to
884 2289 125 39 leave
1035 2298 100 40 you.
1192 2284 141 43 You'll
1362 2285 113 41 have

89 2359 44 35 to
160 2352 129 41 make
317 2350 195 53 yourself
539 2347 284 43 comfortable
853 2360 47 29 as
928 2346 97 41 well
1053 2357 49 28 as
1128 2356 85 41 you
1240 2355 95 30 can.
1391 2343 84 41 Did

83 2423 90 41 you
205 2411 124 42 leave
361 2421 24 28 a
416 2420 199 39 message
649 2407 69 40 for
746 2417 108 41 your
884 2403 210 53 parents?
1154 2400 116 54 They
1301 2402 89 40 will
1420 2402 55 40 be

89 2470 178 51 terribly
300 2468 248 52 frightened
580 2467 41 40 in
656 2467 71 40 the
757 2464 201 52 morning
987 2463 127 42 when
1146 2461 100 53 they
1279 2459 197 43 discover

83 2541 114 41 your
228 2529 198 40 absence.
487 2525 82 42 Did
600 2538 84 40 you
715 2522 124 44 think
869 2524 47 39 of

149 2585 89 44 She
262 2585 93 43 said
379 2586 79 39 she
480 2583 87 42 had
592 2583 82 41 left
699 2595 23 29 a
747 2587 102 36 note
875 2578 249 54 explaining
1147 2580 116 40 what
1287 2578 77 42 she
1390 2577 86 42 had

87 2647 209 42 intended
332 2652 42 34 to
409 2646 52 40 do
498 2644 84 41 and
616 2643 18 41 I
671 2639 170 45 believe
877 2641 78 40 she
990 2651 89 30 was
1113 2638 168 42 sincere
1317 2638 44 42 in
1395 2637 80 42 her

86 2712 149 47 regret
267 2712 43 34 to
343 2715 132 31 cause
506 2714 71 31 me
611 2701 57 42 all
703 2701 91 41 that
826 2700 182 41 trouble.
1068 2699 86 41 But
1184 2698 79 42 she
1296 2695 179 43 seemed

84 2764 202 52 mightily
317 2761 193 43 relieved
540 2766 42 36 to
614 2760 126 41 know
771 2759 92 42 that
893 2759 15 39 I
941 2756 143 42 would
1114 2756 126 42 leave
1270 2756 80 41 her
1381 2754 93 43 sole

88 2823 197 42 mistress
305 2822 47 41 of
373 2822 72 42 the
467 2825 242 47 apartment
731 2818 68 41 for
818 2818 74 41 the
911 2816 246 42 remainder
1178 2816 49 40 of
1245 2815 72 41 the
1339 2813 136 52 night.

91 2882 17 42 I
143 2882 137 42 drank
312 2892 24 29 a
367 2892 80 39 cup
483 2879 48 40 of
562 2878 156 50 coffee,
751 2877 177 42 showed
955 2875 82 41 her
1067 2879 42 36 to
1142 2874 81 41 her
1253 2873 219 49 bedroom,

86 2940 242 43 instructed
359 2939 80 41 her
468 2944 42 36 to
543 2938 59 40 let
633 2938 72 40 the
736 2940 136 37 water
901 2945 80 30 run
1015 2934 70 41 for
1114 2944 24 29 a
1169 2931 128 44 while
1328 2933 38 40 if
1394 2931 80 42 she

87 3000 174 42 wanted
290 3011 24 28 a
345 2997 96 42 cold
470 2995 137 51 drink,
639 2995 85 40 and
752 2994 127 40 made
910 2992 160 52 myself
1099 2992 132 51 ready
1260 2996 43 36 to
1333 2990 141 42 leave.

323 3058 38 44 if
381 3056 131 53 you'll
536 3055 97 52 give
654 3067 72 28 me
748 3052 262 52 twenty-five
1033 3057 133 45 cents,
1192 3051 15 40 I
1232 3051 112 42 shall
1366 3048 109 43 send

86 3131 87 40 you
205 3129 57 40 up
296 3128 121 31 some
451 3114 225 42 breakfast
708 3118 246 36 to-morrow
986 3109 212 53 morning.
1262 3109 15 41 I
1312 3109 108 42 wish
1456 3108 16 42 I

88 3176 130 42 could
251 3175 157 42 extend
441 3174 92 41 real
566 3169 248 54 hospitality
848 3176 43 35 to
924 3180 84 42 you
1039 3169 78 40 but
1150 3168 16 41 I
1201 3168 91 40 told
1322 3178 98 42 you,
1456 3165 16 42 I

83 3235 182 43 haven't
291 3240 73 47 got
390 3249 24 29 a
441 3245 144 42 penny
611 3239 43 34 to
680 3244 71 40 my
778 3241 142 38 name,
949 3229 85 41 and
1058 3240 49 29 so
1133 3227 131 54 you'll
1291 3227 112 41 have
1430 3232 44 35 to

86 3307 86 41 pay
201 3305 108 42 your
340 3305 93 29 own

146 3354 79 41 We
251 3352 137 42 shook
412 3350 151 49 hands,
591 3349 15 41 I
635 3348 83 42 left
742 3348 72 41 the
841 3349 254 50 apartment.

149 3413 15 40 I
192 3413 85 40 had
301 3410 91 46 lied
416 3410 125 42 when
569 3410 17 40 I
614 3409 95 42 said
736 3408 15 40 I
780 3406 142 42 would
948 3410 77 47 put
1051 3416 56 41 up
1135 3404 100 42 with
1264 3415 24 29 a
1316 3403 156 41 friend.

89 3472 17 41 I
126 3471 87 42 had
234 3484 24 29 a
277 3471 61 41 lot
359 3470 48 40 of
427 3467 334 54 acquaintances
781 3467 75 41 but
878 3477 88 30 was
986 3470 75 37 not
1084 3462 194 43 intimate
1302 3462 172 51 enough

88 3530 103 43 with
219 3530 195 52 anybody
441 3533 42 36 to
511 3526 126 52 bring
660 3524 88 42 him
776 3530 74 35 out
878 3524 48 40 of
952 3523 82 42 bed
1062 3528 43 36 at
1131 3528 81 35 two
1239 3521 165 42 o'clock
1429 3519 43 42 in

88 3590 75 42 the
193 3588 201 52 morning
425 3587 83 42 and
540 3587 78 40 ask
652 3585 69 41 for
752 3599 23 28 a
807 3583 157 52 night's
996 3583 188 51 lodging.
1246 3580 98 42 And
1375 3593 48 28 so
1456 3580 15 40 I

87 3648 179 42 strolled
293 3646 121 42 down
442 3644 185 42 towards
651 3640 282 53 Washington
961 3640 181 52 Square,
1169 3637 155 55 picked
1350 3645 75 36 out
1449 3650 26 29 a

88 3707 138 42 bench
253 3706 67 41 far
345 3716 118 41 away
487 3705 110 39 from
623 3704 72 39 the
719 3698 174 46 electric
916 3700 119 52 light,
1061 3700 43 40 in
1129 3711 25 29 a
1180 3698 104 41 dark
1307 3710 167 38 corner,

89 3767 85 42 and
205 3766 157 43 settled
394 3763 160 52 myself
585 3761 284 52 comfortably
902 3759 69 41 for
1001 3759 73 42 the
1105 3758 136 52 night.

146 3824 91 43 The
262 3836 105 40 poor
389 3822 142 52 thing!
573 3822 15 40 I
615 3820 193 51 thought.
860 3818 109 42 How
994 3818 156 52 plucky
1175 3817 78 41 she
1277 3815 51 42 is.
1378 3815 97 42 And

86 3885 101 41 how
214 3895 138 40 crazy.
412 3881 99 40 And
540 3880 15 41 I
588 3880 158 51 always
776 3876 182 52 thought
987 3876 50 41 of
1063 3876 80 41 her
1171 3875 139 42 hands
1342 3875 83 41 and
1457 3875 15 39 I

88 3944 232 41 wondered
342 3942 37 41 if
399 3941 76 41 she
497 3952 88 30 was
606 3940 148 51 asleep
779 3950 47 29 or
846 3935 240 54 pondering
1108 3947 104 30 over
1232 3935 73 42 the
1329 3935 146 40 future

89 4002 220 53 problems
337 4001 48 40 of
412 4001 80 39 her
517 3998 93 42 life.
667 3997 15 41 I
713 3994 201 44 believed
941 3996 79 40 she
1048 4007 90 29 was
1168 3994 160 50 asleep.
1387 3992 89 42 She

88 4076 89 29 was
206 4059 226 43 conscious
463 4059 48 41 of
539 4057 129 51 doing
696 4057 73 40 the
799 4057 115 50 right
941 4054 135 51 thing.
1137 4053 89 43 She
1256 4051 219 53 evidently

1540 413 89 28 was
1650 412 100 30 sure
1771 400 77 40 she
1867 400 86 39 had
1973 399 149 40 solved
2142 399 72 40 the
2235 398 194 51 problem
2451 398 48 40 of
2517 398 79 39 her
2618 396 100 41 life:
2744 395 179 51 earning

1542 459 111 40 their
1674 470 92 28 own
1788 457 154 51 living!
1980 458 95 50 just
2095 463 42 34 to
2160 457 121 40 think
2303 456 37 41 if
2360 456 100 52 they
2482 455 126 41 could
2629 454 159 41 realize
2811 452 112 43 their

1543 518 171 40 dreams
1734 530 48 27 as
1803 516 172 52 quickly
1997 516 82 40 and
2100 515 175 52 happily
2297 527 48 28 as
2366 515 92 41 that
2478 514 108 42 little
2611 514 88 41 fool
2723 513 90 41 that
2833 524 90 30 was

1542 575 197 52 sleeping
1766 576 42 40 in
1839 588 70 38 my
1937 575 95 40 bed.

1600 635 126 41 Little
1758 633 110 41 fool!
1916 634 14 39 I
1963 632 202 51 despised
2194 632 159 51 myself
2384 632 67 39 for
2478 630 161 52 having
2668 629 180 51 thought
2876 628 45 41 in

1543 692 83 42 this
1657 706 92 38 way
1780 693 47 39 of
1855 693 91 39 her.
2005 692 37 40 It
2069 703 89 29 was
2187 690 165 53 getting
2381 690 95 40 cold
2507 690 83 41 and
2621 690 15 39 I
2670 687 179 42 decided
2878 694 43 35 to

1541 752 112 41 walk
1677 753 68 38 for
1769 764 23 28 a
1815 749 140 43 while.
2011 751 14 39 I
2051 751 181 50 thought
2255 750 47 39 of
2324 749 172 51 myself.
2548 749 15 39 I
2590 748 180 50 thought
2793 747 48 41 of
2866 746 56 41 all

1542 812 92 40 that
1659 812 84 39 had
1770 811 228 50 happened
2025 809 119 41 since
2174 809 14 40 I
2218 809 80 40 left
2326 809 72 40 the
2426 808 109 41 club.
2592 807 127 40 What
2746 805 71 42 did
2844 806 77 40 she

1542 870 110 51 say?
1673 870 77 40 We
1771 869 84 40 had
1876 880 24 29 a
1921 868 113 51 right
2053 873 42 35 to
2118 868 136 50 spend
2276 878 78 30 our
2374 877 156 41 money
2552 866 91 40 that
2664 878 64 30 we
2751 864 172 41 receive

1542 928 43 41 in
1613 927 82 41 fair
1722 928 219 50 exchange
1969 928 68 39 for
2062 938 78 28 our
2165 925 151 42 work?

1600 987 108 51 Why
1732 986 84 40 had
1841 986 14 40 I
1883 985 179 41 refused
2086 985 91 41 that
2200 984 147 40 offer?
2384 981 116 54 Why
2524 983 85 40 had
2635 983 15 40 I
2678 981 179 42 refused
2880 987 41 34 to

1544 1051 179 35 execute
1749 1045 71 40 the
1846 1045 99 40 arch
1971 1045 47 39 of
2042 1044 72 40 the
2139 1042 184 52 bridge?
2364 1043 195 40 Because
2584 1044 33 40 it
2641 1052 88 30 was
2756 1039 169 52 against

1542 1117 71 39 my
1641 1103 120 52 pride
1789 1110 42 34 to
1861 1101 341 43 commercialize
2231 1114 69 39 my
2330 1107 76 35 art.
2467 1097 357 45 Commercialize
2852 1111 71 39 my

1544 1162 98 42 art?
1690 1163 13 39 I
1724 1162 179 51 thought
1923 1162 47 40 of
1988 1162 72 40 the
2078 1160 188 42 millions
2285 1160 92 40 that
2395 1160 187 51 perhaps
2600 1158 142 42 would
2763 1157 162 52 delight

1545 1228 42 34 to
1615 1222 100 40 look
1744 1227 43 37 at
1813 1222 44 48 it,
1889 1221 83 40 and
2001 1221 15 39 I
2046 1220 181 50 thought
2255 1219 48 41 of
2330 1219 73 40 the
2431 1230 99 28 man
2559 1217 147 41 whose
2734 1228 128 29 name
2891 1219 34 40 it

1543 1281 142 41 would
1710 1281 105 40 bear
1840 1280 84 40 and
1950 1285 41 35 to
2018 1279 145 41 whose
2190 1290 193 39 memory
2409 1277 32 41 it
2464 1289 90 29 was
2579 1282 41 34 to
2646 1277 54 39 be
2728 1275 193 41 erected:

1545 1341 84 39 and
1649 1339 100 51 they
1768 1339 87 40 told
1875 1351 69 28 me
1964 1338 89 41 that
2071 1338 121 41 there
2211 1348 88 30 was
2321 1349 23 28 a
2365 1336 59 40 lot
2444 1336 48 40 of
2509 1347 120 29 more
2649 1334 118 42 work
2788 1334 42 40 in
2852 1334 73 42 the

1546 1399 145 39 future
1712 1404 40 33 to
1774 1398 53 39 be
1849 1397 110 41 done
1982 1397 68 40 for
2069 1397 72 40 the
2161 1395 144 52 public
2326 1395 84 40 and
2430 1400 42 35 to
2493 1394 54 40 be
2568 1393 99 52 paid
2692 1394 67 40 for
2777 1393 55 51 by
2853 1392 72 41 the

1543 1456 157 54 public.
1754 1456 61 40 Of
1834 1467 165 38 course,
2024 1456 15 39 I
2062 1455 86 41 had
2169 1455 123 40 other
2312 1454 124 51 plans
2460 1454 68 39 for
2549 1454 71 40 the
2645 1453 158 39 future.
2841 1451 86 41 But

1544 1528 88 29 was
1665 1516 14 39 I
1712 1514 193 52 justified
1935 1520 42 35 to
2010 1515 85 40 live
2128 1526 23 28 a
2183 1513 79 42 life
2293 1513 104 40 such
2431 1524 47 28 as
2510 1512 15 39 I
2556 1512 86 40 had
2674 1511 110 40 done
2815 1510 110 41 until

1542 1574 131 40 now?
1714 1574 95 51 Just
1834 1572 193 52 working
2055 1578 42 34 at
2122 1572 114 41 what
2263 1572 15 39 I
2307 1571 179 51 pleased
2512 1576 42 35 to
2584 1570 83 41 and
2693 1570 233 40 whenever

1547 1634 14 39 I
1594 1633 177 51 pleased
1801 1638 55 34 to.
1914 1630 183 53 Finding
2126 1643 23 27 a
2180 1632 235 39 Macaenas
2445 1640 107 30 once
2583 1629 43 41 in
2658 1628 154 41 awhile
2843 1627 84 42 and

1545 1691 134 52 living
1705 1691 216 52 regularly
1949 1702 53 29 on
2032 1690 147 41 credit.
2236 1688 164 42 Wasn't
2427 1701 70 39 my
2525 1687 78 42 life
2631 1699 104 40 very
2763 1685 165 42 similar

1545 1757 42 34 to
1618 1752 72 40 the
1723 1750 78 41 life
1832 1750 84 40 this
1947 1755 172 45 strange
2152 1748 80 52 girl
2262 1748 85 40 had
2377 1748 164 41 thrown
2573 1746 240 41 overboard
2845 1744 62 42 dis-

1545 1810 197 51 gustedly
1778 1808 201 51 tonight?
2029 1807 127 41 After
2207 1807 69 49 all,
2328 1818 89 29 was
2469 1805 33 41 it
2550 1803 236 43 cowardice
2836 1804 92 40 that

1545 1868 237 52 prevented
1808 1880 70 28 me
1907 1868 110 39 from
2045 1866 168 52 putting
2239 1878 70 39 my
2335 1865 137 41 talent
2498 1864 85 41 and
2607 1876 71 40 my
2706 1861 147 54 ability
2880 1863 48 40 of

1548 1925 225 44 execution
1796 1932 43 35 at
1858 1927 72 40 the
1952 1926 188 50 disposal
2163 1926 46 39 of
2229 1925 73 41 the
2323 1923 143 55 public
2488 1936 48 28 as
2556 1936 24 28 a
2603 1922 84 42 fair
2709 1922 219 51 exchange

1547 1987 69 39 for
1642 1999 70 39 my
1742 1985 135 52 living
1905 1983 247 52 expenses?

1606 2046 14 39 I
1653 2051 115 35 must
1797 2045 112 40 have
1941 2043 169 41 walked
2141 2041 138 42 miles.
2327 2042 15 40 I
2378 2041 136 41 found
2559 2040 160 52 myself
2765 2039 43 42 in
2855 2039 72 42 the

1544 2103 326 52 neighborhood
1898 2103 47 40 of
1973 2115 70 39 my
2072 2091 131 53 club/
2245 2101 15 40 I
2293 2100 190 52 dropped
2514 2099 57 43 in.
2629 2099 181 52 Nobody
2838 2110 90 31 was

1546 2162 43 42 in
1625 2164 72 39 the
1733 2160 171 54 library.
1969 2159 201 54 Walking
2202 2160 85 40 had
2321 2160 127 40 made
2483 2171 70 29 me
2587 2158 167 52 hungry
2791 2157 83 42 and
2910 2158 16 40 I

1547 2221 182 41 ordered
1758 2233 24 28 a
1813 2221 73 51 big
1913 2220 239 41 breakfast.
2209 2220 16 39 I
2257 2230 89 30 was
2375 2217 148 52 sitting
2552 2217 104 51 long
2684 2219 44 41 in
2759 2229 25 29 a
2815 2228 84 30 com-

1547 2280 183 42 fortable
1754 2279 129 51 chair,
1905 2278 200 51 thinking
2126 2279 84 41 and
2231 2276 167 53 dozing.
2450 2277 36 42 It
2505 2289 89 29 was
2618 2277 155 40 almost
2793 2287 134 30 seven

1545 2339 163 41 o'clock
1730 2350 48 30 as
1799 2339 15 39 I
1837 2339 82 40 left
1938 2338 72 41 the
2030 2337 196 51 building
2246 2342 42 35 to
2311 2348 52 40 go
2384 2336 111 42 back
2515 2341 41 35 to
2579 2347 71 40 my
2671 2338 255 47 apartment.

1548 2399 15 40 I
1596 2399 80 40 felt
1702 2399 142 50 happy
1874 2398 83 40 and
1986 2409 80 39 gay
2096 2408 47 28 as
2173 2396 16 39 I
2218 2394 149 42 hadn't
2396 2395 80 40 felt
2505 2394 69 41 for
2602 2406 26 28 a
2656 2394 103 52 long
2784 2392 143 43 while.

1548 2458 15 41 I
1599 2457 183 51 stopped
1816 2456 42 40 in
1894 2461 43 35 at
1972 2468 24 28 a
2030 2454 109 42 little
2175 2454 128 42 lunch
2340 2465 119 29 room
2497 2465 54 29 on
2589 2452 121 42 Sixth
2746 2451 181 43 Avenue

1545 2526 143 31 wiiere
1714 2516 15 39 I
1753 2527 88 28 was
1864 2515 154 40 known
2044 2514 84 41 and
2148 2514 86 40 had
2255 2514 117 40 them
2396 2517 76 47 put
2495 2525 24 28 a
2544 2512 262 50 twenty-five
2830 2516 100 36 cent

1547 2574 224 42 breakfast
1803 2585 54 29 on
1891 2588 25 29 a
1947 2578 104 47 tray,
2084 2583 129 30 cover
2243 2571 33 41 it
2306 2583 57 40 up
2396 2569 100 43 with
2529 2583 27 28 a
2585 2569 174 52 napkin,
2793 2570 85 42 and
2910 2570 16 41 I

1545 2634 167 41 carried
1734 2633 32 41 it
1787 2631 187 53 upstairs
1995 2638 43 35 to
2061 2643 70 40 my
2156 2635 252 47 apartment.
2460 2630 15 40 I
2500 2641 108 40 rang
2628 2642 71 39 my
2723 2641 94 29 own
2840 2628 87 41 bell

1547 2693 83 41 and
1663 2705 71 40 my
1770 2697 125 46 guest
1928 2690 183 52 opened.
2177 2689 87 42 She
2297 2700 116 30 wore
2448 2700 83 29 one
2567 2688 48 40 of
2648 2700 70 40 my
2752 2687 176 53 pajama

1545 2752 121 48 suits,
1693 2764 70 38 my
1789 2750 206 41 bathrobe
2022 2750 84 40 and
2131 2761 24 28 a
2180 2748 126 42 black
2330 2746 87 43 veil
2443 2759 104 29 over
2570 2748 79 42 her
2675 2747 111 41 face.
2840 2745 88 43 She

1546 2810 272 42 assured-me
1844 2809 78 41 she
1945 2809 85 40 had
2053 2809 115 50 slept
2191 2820 47 28 as
2263 2807 85 41 fine
2373 2819 48 29 as
2444 2818 135 29 never
2603 2806 153 41 before
2782 2807 44 42 in
2851 2806 79 40 her

1544 2870 79 42 life
1652 2869 83 42 and
1759 2881 89 28 was
1873 2881 117 38 very,
2017 2880 104 39 very
2147 2867 179 50 hungry.

1604 2929 15 40 I
1642 2926 199 53 repaired
1860 2932 42 35 to
1924 2927 72 41 the
2017 2926 222 41 bathroom
2262 2925 85 41 and
2366 2924 214 52 proposed
2601 2929 42 36 to
2664 2924 80 40 her
2764 2929 42 35 to
2828 2922 100 43 take

1545 2987 224 42 breakfast
1806 2986 127 41 while
1973 2985 16 40 I
2029 2997 88 29 was
2155 2984 149 51 taking
2344 2995 23 28 a
2406 2982 200 53 morning
2642 2983 162 51 plunge
2844 2983 85 40 and

1545 3045 216 52 changing
1786 3057 71 40 my
1885 3044 179 41 clothes.

1604 3105 87 41 She
1714 3104 135 52 really
1871 3104 85 41 had
1978 3109 126 35 eaten
2128 3102 57 41 all
2208 3102 90 41 that
2319 3112 90 30 was
2431 3113 54 29 on
2507 3100 73 42 the
2603 3101 153 53 plates.
2807 3100 15 41 I
2849 3100 81 42 felt

1545 3163 212 52 splendid.
1780 3162 89 42 The
1891 3174 79 29 sun
1993 3173 89 31 was
2104 3160 174 53 shining
2298 3160 184 51 through
2506 3160 73 41 the
2599 3159 102 52 high
2724 3157 205 44 windows

1547 3223 83 42 and
1662 3223 72 40 the
1766 3233 119 31 room
1917 3220 100 42 with
2050 3220 54 42 its
2137 3219 323 43 old-fashioned
2493 3217 213 43 furniture
2740 3218 84 41 and
2855 3218 73 41 the

1547 3283 201 50 fireplace
1773 3281 42 41 in
1841 3281 116 40 front
1981 3281 48 40 of
2049 3292 53 29 us
2124 3279 157 41 looked
2304 3278 92 41 real
2419 3289 102 41 cozy
2545 3284 42 35 to
2610 3289 85 29 me.

1675 3364 88 29 was
1785 3358 76 34 not
1885 3364 47 28 as
2211 3350 78 40 she
2314 3347 106 50 said,
2546 3359 86 41 you
2656 3347 137 52 might
2816 3349 112 40 have

1547 3411 207 52 expected
1776 3423 69 29 me
1869 3416 41 35 to
1933 3410 66 41 be.
2052 3410 15 39 I
2091 3408 123 43 woke
2237 3420 56 38 up
2319 3408 117 51 early
2459 3408 43 41 in
2526 3408 73 42 the
2620 3407 202 51 morning
2845 3406 85 42 and

1545 3471 161 50 having
1735 3469 182 52 nothing
1945 3474 41 35 to
2018 3468 120 41 dress
2169 3467 56 49 in,
2258 3467 15 40 I
2304 3466 142 52 poked
2476 3467 130 40 about
2634 3477 108 41 your
2770 3463 158 54 things.

1547 3531 15 40 I
1590 3531 127 40 know
1742 3529 94 41 who
1863 3540 86 40 you
1975 3539 73 29 are
2076 3526 83 42 and
2185 3538 84 40 you
2297 3537 73 29 are
2398 3531 74 36 not
2499 3537 24 29 a
2547 3530 199 46 stranger
2773 3530 42 35 to
2843 3536 85 30 me.

1546 3590 15 40 I
1593 3589 126 40 know
1745 3599 85 40 you
1860 3587 111 40 from
2001 3586 91 41 that
2121 3585 164 40 marble
2314 3589 141 36 statue
2486 3596 84 40 you
2600 3582 218 43 exhibited
2846 3584 85 41 last

1545 3660 117 40 year.
1720 3646 36 41 A
1789 3646 143 40 friend
1964 3646 47 40 of
2039 3657 71 39 my
2143 3642 150 54 family
2323 3643 94 41 who
2450 3643 150 40 knows
2628 3654 97 40 you,
2758 3643 88 41 told
2878 3654 51 29 us

1545 3709 131 39 about
1699 3718 106 40 your
1832 3702 325 45 eccentricities.
2214 3703 39 40 Is
2280 3704 32 40 it
2337 3708 94 35 true
2458 3702 92 40 that
2572 3714 85 40 you
2681 3701 181 41 refused
2886 3707 42 35 to

1545 3771 179 37 execute
1749 3764 118 42 work
1891 3763 91 41 that
2004 3763 142 40 would
2169 3762 111 40 have
2304 3761 184 51 brought
2511 3771 85 41 you
2620 3761 237 40 thousands
2883 3759 48 42 of

1545 3825 160 42 dollars
1737 3825 187 40 because
1956 3833 86 41 you
2074 3819 205 43 wouldn't
2313 3818 342 42 commercialize
2690 3831 107 40 your
2831 3818 98 43 art?

1604 3884 15 40 I
1649 3883 80 40 felt
1755 3894 23 28 a
1804 3882 63 41 bit
1891 3893 164 39 uneasy
2081 3879 85 42 and
2192 3879 72 41 did
2288 3884 75 36 not
2389 3879 133 51 reply.
2575 3876 90 43 The
2690 3878 127 41 black
2841 3877 87 43 veil

1544 3956 54 28 on
1620 3944 78 40 her
1719 3942 96 40 face
1836 3939 192 43 irritated
2046 3952 70 28 me
2138 3939 68 39 for
2225 3938 73 43 the
2318 3938 92 40 first
2429 3937 104 41 time
2556 3937 83 43 and
2660 3938 15 40 I
2697 3937 232 41 wondered

1543 4003 114 41 what
1685 4002 117 41 color
1827 4001 79 40 her
1934 4011 102 40 eyes
2063 3998 137 52 might
2227 3998 66 41 be.

2349 4053 72 43 (To
2456 4053 49 37 be
2539 4052 230 44 continued)
