3002 4389
1226 194 249 44 BRUNO'S
1520 196 240 43 WEEKLY

2805 208 108 40 1005

78 1884 107 34 THE
207 1884 265 35 VAMPIRE;
495 1885 38 34 A
554 1885 184 34 Nocturn
758 1887 42 32 in
820 1886 129 34 Black
1072 1886 60 41 By
1152 1885 136 42 Djuno
1308 1886 154 35 Barnes

79 1977 145 61 The
252 1977 312 62 Princess
593 1979 77 59 of
696 1977 114 62 the
839 1979 245 60 Looms

77 2061 61 40 By
162 2060 148 35 Lillian
335 2060 163 41 George

80 2117 215 96 ONCE
321 2128 105 33 upon
454 2130 21 24 a
500 2119 92 36 time
617 2119 111 36 there
753 2130 82 25 was
862 2130 22 25 a
912 2119 196 45 Princess,
1134 2120 86 36 who
1248 2120 101 37 lived
1377 2121 39 34 in
1443 2131 21 25 a

220 2181 121 32 tower
364 2178 90 42 high
481 2178 123 36 above
627 2178 65 37 the
715 2178 88 44 city.
853 2178 82 37 The
957 2179 141 43 people
1122 2179 126 36 called
1271 2179 67 36 the
1361 2184 103 31 crest

79 2246 106 32 upon
214 2236 125 35 which
369 2238 68 34 her
467 2238 123 35 castle
621 2238 130 34 rested
780 2238 66 34 the
875 2242 160 39 strange
1063 2239 83 44 hill,
1176 2239 68 35 but
1273 2239 65 35 the
1368 2238 95 37 wise

79 2304 88 26 men
195 2295 87 35 who
311 2295 100 35 lived
441 2296 38 34 in
507 2297 64 35 the
599 2297 227 35 mountains
855 2298 76 34 and
959 2307 103 26 were
1091 2299 163 41 reputed
1282 2302 38 31 to
1349 2298 114 36 know

79 2354 51 34 all
159 2354 144 43 things,
333 2355 125 35 called
488 2356 27 33 it
542 2356 65 34 the
773 2356 44 34 of

129 2412 80 35 The
240 2413 184 35 Princess
454 2424 81 24 was
565 2424 93 33 very
691 2415 75 34 fair
795 2415 140 35 indeed
968 2415 73 35 and
1072 2420 103 31 most
1206 2415 257 37 industrious.

80 2471 84 43 Day
192 2472 103 35 after
322 2473 76 41 day
427 2473 69 35 she
523 2483 108 26 wove
659 2473 211 36 wondrous
897 2474 231 43 tapestries;
1160 2474 125 44 prints
1314 2476 43 34 of
1387 2475 76 35 fair

79 2530 125 36 ladies
228 2532 75 34 and
326 2532 119 34 brave
468 2532 178 43 knights;
674 2532 101 35 vivid
800 2533 74 35 and
899 2533 216 42 changeful
1138 2544 142 26 scenes
1304 2535 44 35 of
1371 2533 92 37 hills

79 2589 74 35 and
187 2590 130 44 dales;
353 2590 123 36 rivers
523 2593 76 33 and
645 2596 189 38 streams;
884 2592 117 45 flying
1046 2593 172 35 banners
1265 2593 75 35 and
1387 2603 76 33 gay

79 2648 273 44 processions;
395 2650 75 34 and
510 2660 90 25 ever
639 2650 157 43 leading
834 2651 66 35 the
938 2651 153 36 retinue
1129 2662 82 24 was
1248 2653 66 35 the
1352 2662 111 26 same

77 2707 151 42 picture
258 2707 43 35 of
331 2718 20 24 a
382 2708 76 35 fair
487 2718 132 34 young
651 2709 137 37 Prince
818 2709 39 35 in
889 2710 74 35 full
996 2720 168 33 armour,
1195 2712 185 35 mounted
1413 2721 49 25 on

78 2776 20 25 a
131 2777 109 24 snow
273 2767 117 35 white
421 2768 177 42 charger.

127 2826 127 35 These
277 2827 71 35 she
370 2836 108 26 wove
501 2827 39 34 in
562 2827 65 35 the
651 2827 75 43 day
748 2828 121 34 hours
892 2828 113 36 when
1027 2829 66 35 the
1117 2839 75 25 sun
1215 2839 81 25 was
1320 2829 142 44 bright,

75 2885 68 35 but
172 2888 38 31 at
237 2885 109 42 night
373 2885 113 36 when
512 2886 66 34 the
607 2895 116 26 moon
750 2887 138 34 shown
916 2887 119 36 silver
1064 2888 75 35 and
1168 2888 86 35 cool
1284 2887 79 37 into
1390 2889 72 36 her

199 2944 177 43 window,
401 2945 71 35 she
496 2944 105 35 drew
625 2945 65 35 the
715 2945 120 36 silver
857 2946 82 34 bolt
963 2956 136 26 across
1123 2947 66 35 the
1214 2947 127 36 oaken
1366 2947 96 36 door

76 3002 74 35 and
178 3003 92 35 took
300 3003 101 35 from
429 3004 71 34 her
525 3013 142 26 carven
695 3004 111 36 chest
835 3003 43 37 of
905 3005 121 45 ivory,
1055 3016 22 25 a
1104 3005 116 43 jewel
1248 3006 136 37 casket
1384 3016 78 25 —a

74 3061 136 36 casket
236 3066 102 31 most
366 3061 208 44 delicately
601 3064 178 42 wrought
807 3063 39 36 in
873 3064 160 35 curious
1060 3064 174 43 designs.
1287 3065 174 44 Turning

74 3121 66 34 the
171 3120 142 43 golden
344 3121 87 35 lock
461 3121 93 35 with
586 3132 22 24 a
638 3121 120 36 silver
787 3122 87 43 key,
907 3123 71 36 she
1009 3124 105 35 drew
1145 3124 106 36 forth
1282 3125 178 36 between

73 3179 70 36 her
167 3180 248 35 snow-white
440 3180 146 43 fingers
611 3191 22 25 a
657 3190 93 33 rope
774 3181 44 35 of
841 3182 132 42 pearls
998 3182 227 44 measuring
1251 3184 49 35 its
1326 3184 135 43 length

72 3238 124 36 thrice
228 3240 148 34 around
408 3240 69 35 her
508 3238 160 38 slender
697 3240 141 36 throat.

482 3298 71 35 she
601 3298 99 44 said,
710 3329 22 6 _
883 3299 198 36 beautiful
1115 3301 166 44 thought
1314 3302 146 45 pearls,

73 3360 139 39 strung
242 3356 38 35 in
308 3357 66 35 the
403 3357 212 36 shadowed
646 3358 170 37 solitude
846 3359 43 34 of
918 3358 121 45 night,
1070 3360 14 35 I
1116 3360 102 36 shall
1247 3371 107 25 wear
1381 3372 77 33 you

75 3415 61 35 for
164 3415 93 44 him,
285 3426 63 32 my
378 3415 151 45 Prince,
558 3417 113 35 when
699 3418 49 35 he
776 3427 146 27 comes.
977 3418 112 36 None
1119 3419 111 36 other
1260 3421 103 35 shall
1391 3421 44 36 be-

71 3474 91 35 hold

122 3533 116 43 Next,
265 3533 173 44 lovingly
462 3534 72 35 she
558 3534 105 36 drew
689 3546 21 24 a
735 3535 98 44 ruby
858 3535 97 44 ring,
980 3536 84 36 that
1088 3537 149 37 flashed
1263 3538 50 36 its
1337 3539 96 36 burn-

71 3592 66 43 ing
168 3593 164 35 warmth
364 3593 80 35 into
475 3594 67 35 the
575 3594 183 35 moon-lit
790 3603 120 28 room.

246 3651 149 36 heart's
627 3654 71 35 she
730 3653 98 45 said,
933 3654 103 36 shall
1066 3665 105 27 wear
1201 3666 78 33 you
1311 3667 50 25 on
1392 3668 65 33 my

69 3709 182 44 wedding
276 3710 110 43 night
411 3711 114 36 when
550 3712 51 36 he
627 3712 33 35 is
687 3712 107 44 here,
821 3723 65 33 my
914 3713 150 38 Prince.
1117 3714 84 36 You
1229 3715 103 36 shall
1359 3716 98 45 light

70 3768 67 44 joy
163 3769 81 35 into
272 3769 61 35 his
361 3780 107 34 eyes,
497 3771 76 35 and
601 3779 103 28 none
732 3772 111 36 other
870 3772 103 35 shall
1001 3773 142 36 behold
1172 3784 79 33 you
1277 3774 59 36 till
1363 3775 93 44 they

68 3828 101 36 have
195 3828 131 36 rested
352 3838 52 26 on
430 3839 99 33 your

119 3886 91 36 Two
244 3887 117 36 white
395 3887 221 47 diamonds,
650 3889 199 45 gleaming
884 3900 45 25 as
963 3890 92 37 twin
1090 3896 116 40 stars,
1244 3892 211 38 fashioned

68 3945 39 36 in
136 3955 22 26 a
187 3956 129 25 crown
344 3946 44 36 of
415 3948 232 43 amethysts,
675 3949 70 35 she
774 3948 138 44 placed
941 3959 107 34 upon
1076 3951 70 37 her
1173 3950 155 46 flowing
1356 3953 98 37 hair.

299 4005 102 44 glow
427 4006 45 36 of
825 4009 72 36 she
923 4009 100 44 said,
1116 4010 105 37 shall
1246 4021 107 28 wear
1375 4021 79 36 you

69 4064 64 36 for
157 4064 94 37 him.
304 4064 85 38 You
418 4066 103 36 shall
548 4066 101 37 burn
679 4066 80 37 into
788 4066 62 37 his
879 4068 89 36 soul
996 4068 66 37 the
1091 4068 98 45 light
1218 4070 44 36 of
1291 4070 162 45 fidelity,

1527 301 74 35 and
1628 311 102 27 none
1756 303 109 37 other
1891 305 102 35 shall
2019 305 142 37 behold
2187 316 90 34 you.
2331 308 147 37 Dearer
2502 309 95 36 than
2623 310 52 36 all
2700 320 79 34 you
2805 312 107 36 shall

1526 360 49 35 be
1601 364 39 31 to
1666 371 74 33 me,
1770 362 62 35 for
1857 373 99 26 even
1983 364 39 36 in
2049 364 117 37 death
2192 376 79 33 you
2299 366 102 37 shall
2430 371 81 33 rest
2537 378 107 34 upon
2671 379 65 34 my
2762 369 151 38 brow.'*

1581 418 85 44 Day
1700 420 104 36 after
1836 421 76 44 day
1945 423 72 36 she
2050 433 109 27 wove
2191 425 68 35 the
2290 429 177 41 tapestry
2502 427 44 36 of
2578 437 118 35 many
2728 438 181 36 weaves;

1526 477 110 43 night
1665 477 105 37 after
1797 479 110 43 night
1935 481 71 36 she
2034 481 141 37 looked
2205 493 106 33 upon
2339 484 66 37 the
2434 485 135 37 dream
2598 486 139 44 jewels
2766 487 45 36 of
2838 488 76 36 her

1526 536 148 44 casket,
1698 537 69 36 but
1791 539 66 35 the
1881 538 139 38 Prince
2045 541 64 36 did
2135 546 68 31 not
2227 552 158 34 appear.
2438 544 130 37 Never
2592 556 107 34 upon
2722 548 66 37 the
2813 548 97 37 road

1527 595 63 35 did
1617 596 73 36 she
1716 597 95 36 hear
1836 598 66 36 the
1931 599 159 36 footfall
2118 601 44 34 of
2187 601 65 36 the
2279 602 117 38 white
2425 604 176 44 charger,
2629 615 120 27 never
2776 606 39 36 in
2842 608 72 36 the

1526 653 141 36 breeze
1694 655 44 34 of
1763 665 111 26 morn
1903 667 43 26 or
1971 668 73 33 eye
2069 659 143 37 behold
2238 661 66 36 the
2332 671 76 34 gay
2436 662 155 38 feather
2617 664 159 46 floating
2806 667 107 36 from

1526 712 61 35 his
1611 713 165 44 helmet;
1801 714 59 36 till
1885 724 49 26 on
1959 726 22 26 a
2005 716 88 46 day,
2117 717 66 38 the
2209 718 184 39 Princess
2417 721 174 45 growing
2616 733 131 36 weary
2772 725 45 36 of
2838 726 77 37 her

1526 771 178 44 weaving
1731 773 75 35 and
1831 774 73 36 her
1929 775 171 45 waiting,
2127 781 102 32 went
2256 778 113 36 down
2395 780 67 36 the
2488 780 92 45 long
2606 781 98 38 stair
2730 787 111 40 steps
2865 784 50 36 of

1526 830 66 36 the
1623 835 121 32 tower
1775 832 79 36 into
1884 834 67 35 the
1982 834 210 44 fragrance
2224 837 43 35 of
2297 838 70 35 her
2398 839 183 45 gardens,
2613 841 147 45 hoping
2789 846 41 33 to
2860 843 51 37 be

1527 889 206 37 refreshed
1761 891 110 37 there
1897 892 51 43 by
1975 893 64 35 the
2068 893 210 44 fragrance
2303 896 48 35 of
2375 897 66 36 the
2468 897 85 38 first
2580 899 137 45 spring
2744 900 168 47 flowers,

1526 951 38 31 to
1587 948 90 35 look
1700 948 79 36 into
1799 950 68 35 the
1890 950 235 39 untroubled
2148 953 91 36 blue
2264 955 43 35 of
2328 955 66 37 the
2417 956 188 47 heavens,
2629 959 76 36 and
2728 963 40 32 to
2792 959 120 37 listen

1526 1010 40 31 to
1610 1007 67 36 the
1721 1008 132 43 happy
1884 1009 252 44 thoughtless
2181 1011 109 37 birds
2336 1013 157 48 singing
2539 1015 39 36 in
2624 1017 66 37 the
2733 1018 179 45 budding

1526 1065 207 37 branches.
1782 1067 125 37 There
1930 1068 40 35 in
1991 1069 73 36 her
2085 1072 149 42 garden
2258 1072 72 37 she
2353 1073 137 44 espied
2516 1085 22 25 a
2561 1085 132 35 young
2718 1077 195 44 gardener

1527 1124 158 44 turning
1713 1125 65 36 the
1806 1125 117 38 moist
1951 1129 110 35 earth
2089 1128 91 36 with
2211 1140 21 25 a
2259 1131 128 44 heavy
2415 1134 135 41 spade.

1747 1185 49 35 do
1824 1196 77 32 you
1930 1187 121 43 plant,
2077 1197 132 35 young
2518 1192 72 37 she
2617 1194 99 45 said,
2744 1195 76 36 and
2848 1196 68 44 he*

1528 1241 158 44 looking
1711 1253 52 33 up
1790 1243 38 35 in
1855 1251 245 31 amazement
2124 1251 39 32 to
2189 1246 141 38 behold
2357 1250 65 37 the
2448 1251 90 42 pale
2566 1251 184 38 Princess
2777 1255 114 35 stand-

1528 1300 64 43 ing
1616 1301 136 35 beside
1777 1302 92 45 him,
1895 1305 217 44 answered,
2233 1307 109 43 plant
2367 1308 116 46 lilies,
2507 1310 106 37 Your
2636 1311 141 45 Grace,
2803 1314 111 43 early

1580 1418 126 36 When
1739 1420 50 35 he
1823 1420 139 37 looked
1997 1432 52 33 up
2083 1427 39 31 at
2156 1424 69 36 her
2259 1425 91 35 with
2384 1432 111 37 great
2529 1427 109 45 large
2673 1430 97 35 dark
2804 1441 114 35 eyes,,

1530 1476 106 36 filled
1674 1477 92 36 with
1805 1489 49 25 an
1893 1480 216 44 eloquence
2148 1483 44 34 of
2229 1483 217 38 innocence
2484 1487 74 36 and
2598 1489 134 44 youth,
2771 1489 145 45 simple

1530 1535 120 43 living
1684 1537 75 35 and
1794 1539 300 42 unpretentious
2127 1541 166 45 bravery
2330 1545 75 35 and
2440 1546 228 37 undaunted
2704 1549 212 45 manhood,

1530 1595 69 35 her
1627 1604 87 26 own
1744 1607 94 32 eyes
1869 1597 106 37 filled
2006 1599 195 45 suddenly
2231 1601 92 36 with
2352 1607 119 41 tears,
2502 1605 69 36 her
2601 1604 77 45 lips
2708 1607 208 45 trembled*

1530 1653 69 35 her
1627 1655 144 35 cheeks
1798 1657 140 34 turned
1966 1658 138 35 whiter
2130 1660 94 35 than
2250 1661 65 36 the
2344 1662 68 43 lily
2438 1663 144 45 bloom,
2612 1664 64 37 for
2702 1665 72 37 she
2802 1666 116 38 knew

1531 1712 198 37 him—the
1764 1714 88 37 face
1886 1716 70 36 she
1989 1717 75 35 had
2098 1728 150 35 woven,
2279 1720 66 36 the
2380 1720 89 37 face
2502 1723 72 36 she
2605 1723 76 36 had
2716 1724 202 47 dreamed,

1530 1771 70 35 her
1624 1771 137 37 Prince
1783 1773 38 35 in
1844 1774 65 36 the
1933 1775 89 36 face
2045 1777 43 34 of
2109 1787 21 25 a
2154 1778 203 42 gardener.
2406 1780 72 36 Yet
2500 1782 73 35 she
2595 1782 122 43 spoke
2740 1784 178 45 bravely,

1531 1832 329 45 commandingly,
1889 1843 44 26 as
1963 1844 21 25 a
2013 1844 126 34 queen
2168 1837 155 36 should.

1773 1901 132 34 young
1942 1895 193 41 gardener
2173 1899 38 31 to
2250 1907 61 25 me
2349 1897 39 35 in
2427 1909 63 33 my
2528 1903 122 33 tower
2687 1902 153 44 tonight
2878 1908 43 32 at

1585 2006 98 37 That
1716 2008 109 43 night
1858 2010 65 36 the
1956 2021 133 34 young
2122 2014 205 43 gardener,
2363 2025 47 26 as
2440 2017 48 34 he
2522 2028 83 25 was
2637 2018 77 45 bid,
2749 2020 169 38 climbed

1534 2065 269 45 wonderingly
1841 2069 66 35 the
1946 2074 121 32 tower
2106 2071 131 38 stairs.
2303 2073 132 38 Green
2473 2085 109 27 moss
2622 2077 118 46 clung
2776 2083 40 32 to
2855 2080 65 36 his

1534 2130 213 39 garments,
1778 2126 120 44 drops
1930 2128 43 35 of
2003 2129 65 36 the
2100 2132 132 41 gentle
2263 2132 85 36 dew
2379 2133 45 35 of
2453 2135 167 44 evening
2652 2137 195 43 glistened
2878 2139 42 36 in

1535 2182 61 36 his
1633 2184 97 35 dark
1766 2185 98 37 hair.
1927 2186 124 37 There
2090 2189 39 35 in
2165 2190 68 35 the
2268 2192 218 44 moonlight
2525 2198 38 32 at
2600 2195 66 36 the
2704 2201 216 41 casement,

1535 2242 184 45 standing
1750 2246 164 42 arrayed
1945 2246 38 35 in
2013 2246 52 36 all
2095 2248 70 36 her
2192 2249 211 37 beautious
2432 2252 134 36 dream
2594 2253 151 46 jewels,
2774 2256 50 37 he
2852 2257 46 36 be-

1540 2300 89 36 held
1653 2302 66 36 the
1745 2302 196 38 Princess.
1992 2305 81 37 The
2098 2316 133 35 young
2256 2309 193 42 gardener
2474 2311 72 37 fell
2570 2322 106 34 upon
2700 2314 63 36 his
2789 2314 138 44 knees,

1539 2359 178 44 thinking
1742 2361 140 37 indeed
1909 2373 21 25 a
1954 2363 110 37 Saint
2088 2366 75 35 had
2191 2366 125 37 fallen
2342 2368 103 37 from
2468 2370 165 45 heaven,
2659 2382 43 26 so
2728 2373 202 39 beautiful

1537 2429 81 24 was
1644 2419 83 45 she,
1751 2420 91 35 with
1867 2423 99 34 such
1991 2434 21 25 a
2036 2428 160 39 strange
2221 2426 97 43 light
2341 2428 135 35 within
2500 2430 70 36 her
2594 2441 107 35 eyes,
2728 2432 75 36 and
2831 2443 97 27 over

1536 2477 70 36 her
1627 2478 66 36 the
1717 2479 255 37 moonbeems
1997 2483 179 42 gleamed
2201 2495 44 24 as
2269 2495 105 33 upon
2399 2497 21 25 a
2445 2487 146 39 shrine.

1721 2542 103 31 most
1856 2539 128 45 lovely
2015 2551 86 35 one,
2132 2547 103 32 most
2266 2545 176 42 glorious
2474 2556 86 35 one,
2593 2558 77 33 you
2701 2549 125 38 honor
2857 2563 68 33 my

1535 2594 258 39 humbleness
1820 2608 45 25 so
1891 2602 39 31 to
1957 2599 110 37 bless
2093 2611 65 33 my
2184 2601 141 38 vision.
2377 2604 69 44 My
2473 2606 177 38 children
2676 2609 104 36 shall
2807 2610 116 38 know
2923 2617 5 13 112

1536 2653 43 35 of
1605 2654 91 45 this,
1724 2656 75 35 and
1829 2667 64 33 my
1922 2658 211 37 childrens'
2163 2661 189 45 children,
2382 2664 76 36 and
2490 2665 14 35 I
2533 2666 103 35 shall
2664 2667 49 37 be
2742 2674 110 39 great
2881 2671 46 36 in

1534 2713 67 35 the
1631 2723 93 33 eyes
1755 2714 43 36 of
1825 2716 106 35 them
1959 2718 84 35 that
2072 2728 110 27 come
2212 2720 104 36 after
2345 2732 61 27 me
2438 2723 62 36 for
2527 2725 66 36 the
2623 2726 96 37 sake
2747 2728 47 35 of
2821 2739 106 33 your

1984 2836 85 35 said
2097 2837 66 36 the
2191 2837 196 47 Princess,
2415 2841 75 35 and
2519 2843 71 36 she
2617 2843 137 44 sighed
2782 2856 23 26 a
2833 2846 88 44 sigh

1532 2890 83 35 that
1643 2892 179 35 sounded
1850 2892 77 36 like
1956 2894 132 44 diying
2116 2895 126 37 winds
2271 2898 43 35 of
2342 2899 64 35 the
2434 2900 118 36 bleak
2579 2902 186 47 Autumn,
2793 2906 130 36 winds

1531 2949 84 35 that
1641 2949 87 44 sing
1756 2954 37 32 at
1818 2952 65 35 the
1909 2956 89 39 tops
2025 2954 44 35 of
2093 2954 91 44 pine
2210 2960 116 33 trees.

1867 3011 85 36 said
2001 3012 66 36 the
2117 3015 204 44 gardener,
2371 3019 117 35 much
2527 3021 276 38 embarrassed
2841 3026 79 35 and

1533 3067 187 45 abashed,
1863 3069 104 37 Your
1991 3071 214 45 Highness,
2228 3074 13 35 I
2264 3085 130 34 marry
2415 3077 38 34 in
2474 3078 103 43 June
2600 3089 20 25 a
2643 3080 98 37 little
2762 3083 159 36 maiden

1531 3135 40 25 in
1596 3135 100 33 your
1721 3127 163 45 service,
1911 3139 22 25 a
1959 3129 98 38 little
2084 3132 156 36 maiden

1839 3187 85 36 said
1961 3189 66 36 the
2065 3189 359 48 Princess,'"Give
2461 3196 78 36 this
2575 3201 38 32 to
2650 3208 99 33 your
2786 3200 134 45 happy

1531 3243 109 37 bride
1666 3244 102 36 from
1941 3247 87 37 And
2054 3249 71 36 she
2148 3250 93 36 took
2267 3250 102 37 from
2393 3254 70 36 her
2486 3255 126 44 finger
2636 3257 66 37 the
2726 3260 68 35 red
2820 3261 101 43 ruby

1531 3302 44 35 of
1606 3303 71 36 her
1709 3304 146 36 heart's
1889 3305 142 39 desire.

1585 3361 84 44 Day
1692 3362 50 43 by
1766 3363 75 44 day
1864 3365 65 36 the
1954 3365 183 37 Princess
2159 3379 157 26 weaves
2339 3371 70 36 her
2431 3374 231 45 tapestries;
2690 3386 77 34 gay
2791 3377 130 38 ladies

1531 3421 75 34 and
1645 3421 119 37 brave
1804 3423 243 45 gentlemen;
2090 3426 144 37 brooks
2275 3430 75 34 and
2392 3435 188 41 streams;
2624 3435 176 44 sunlight
2841 3439 78 36 and

1532 3483 123 40 stars;
1688 3480 70 36 but
1788 3492 119 26 never
1937 3488 38 31 at
2004 3485 65 35 the
2100 3487 101 36 head
2232 3487 44 36 of
2304 3488 66 36 the
2399 3492 232 40 procession
2660 3494 35 35 is
2725 3504 96 27 seen
2850 3496 71 37 the

1531 3539 164 42 portrait
1728 3541 43 34 of
1802 3541 67 36 the
1900 3552 132 34 young
2067 3543 139 39 Prince
2241 3556 48 26 on
2322 3548 66 36 the
2420 3549 117 37 wihte
2570 3551 167 45 charger
2767 3553 39 36 in
2840 3556 80 36 full

1531 3607 169 28 armour.
1759 3600 82 44 Yet,
1874 3611 98 25 even
2006 3612 44 26 as
2081 3603 67 37 the
2180 3605 176 44 sunlight
2389 3607 174 45 changes
2595 3610 80 37 into
2708 3612 104 37 dusk
2845 3614 75 38 she

1530 3667 155 26 weaves
1712 3658 38 35 in
1776 3659 66 36 the
1867 3661 91 42 gold
1985 3662 44 35 of
2054 3662 50 35 its
2132 3663 76 36 last
2236 3662 137 47 fading
2401 3677 70 34 ray
2497 3668 65 36 the
2589 3671 163 42 portrait
2779 3673 45 35 of
2848 3673 69 37 the

1529 3726 132 34 young
1698 3718 194 42 gardener
1926 3720 172 45 bending
2135 3733 92 26 over
2264 3734 22 24 a
2323 3725 75 37 bed
2438 3727 43 35 of
2517 3737 132 38 young
2685 3729 116 40 lilies.
2864 3732 53 37 At

1530 3774 109 44 night
1671 3777 114 35 when
1818 3778 65 36 the
1916 3789 117 27 moon
2067 3781 33 35 is
2133 3781 159 45 shining
2325 3783 80 36 into
2437 3786 66 36 the
2537 3794 202 32 casement
2772 3791 45 35 of
2847 3791 71 38 the

1526 3838 133 40 tower,
1686 3835 28 35 it
1740 3837 166 36 touches
1934 3849 22 24 a
1983 3838 97 37 little
2108 3840 119 36 silver
2253 3842 75 43 key
2356 3845 150 36 around
2533 3847 66 36 the
2625 3847 110 37 thoat
2761 3850 47 35 of
2832 3849 84 38 The

1528 3892 197 47 Princess,
1751 3896 108 43 hung
1885 3897 110 37 there
2020 3898 51 43 by
2098 3910 22 25 a
2147 3900 143 43 golden
2318 3901 128 38 chain.
2498 3904 81 37 The
2606 3915 143 29 carven
2776 3909 140 37 casket

1527 3952 44 35 of
1596 3952 139 44 jewels
1763 3954 34 36 is
1825 3956 222 46 unopened,
2075 3958 66 37 the
2171 3958 88 37 lock
2286 3960 34 36 is
2349 3963 148 45 rusted,
2527 3965 76 35 and
2631 3966 67 37 the
2727 3966 188 39 Princess

1525 4010 158 38 dreams
1706 4023 92 27 over
1822 4015 74 35 and
1920 4025 93 27 over
2036 4017 91 44 only
2151 4018 45 35 of
2215 4019 66 37 the
2304 4021 195 43 gardener
2521 4024 75 36 and
2619 4025 66 37 the
2708 4026 210 44 gardner's

1524 4070 189 38 children.
