3073 4465
2718 285 81 43 947

1074 294 264 42 BRUNO'S
1398 294 267 42 WEEKLY

57 397 92 40 here
171 408 68 27 are
259 393 156 42 several
435 392 143 43 letters
599 392 68 43 for
686 392 86 43 him
794 393 41 42 in
858 393 69 42 the
949 393 156 42 Garret
1126 393 136 42 which
1284 392 90 42 will

57 452 3 42 :
87 453 59 40 his
176 452 66 40 for
272 468 22 26 a
322 452 93 41 call.

70 511 131 42 Oscar
229 510 175 41 Caesare
431 511 79 40 and
538 510 61 41 his
625 510 127 48 bride,
780 510 94 41 who
900 525 86 26 was
1013 510 110 40 Miss
1151 509 222 50 Margaret

58 579 99 33 )rter
185 569 80 41 and
291 569 95 41 who
415 569 149 49 aspires
592 579 41 30 to
662 569 48 40 be
739 569 109 40 Miss
877 567 56 42 O.
965 568 160 50 Henry,
1155 567 145 41 looked
1330 567 40 40 in

58 630 45 40 in
134 626 78 42 last
242 628 114 40 week
387 627 67 41 for
483 643 76 25 one
590 627 43 41 of
666 627 67 41 the
765 627 202 40 romantic
998 626 147 40 abodes
1176 625 90 41 that
1296 641 76 25 one

56 702 38 27 as
122 686 199 49 supposed
354 696 41 30 to
427 685 87 41 find
546 685 67 41 for
644 685 123 50 cheap
799 701 146 34 money
976 685 42 40 in
1050 699 77 26 our
1157 683 192 51 neighbor-

56 744 60 41 ed
162 744 64 50 (so
263 744 116 40 often
416 744 236 40 mentioned
692 744 80 40 and
809 744 119 40 made
966 743 209 40 immortal
1212 743 51 50 by
1300 741 73 41 her

57 803 100 49 ther,
183 801 56 43 O.
266 802 185 50 Henry.)
510 801 97 42 The
632 802 84 41 real
740 811 125 31 estate
889 801 122 41 shark
1035 802 31 40 is
1091 798 68 44 the
1182 800 68 51 big
1272 799 101 42 wall

81 859 248 43 Greenwich
360 859 166 52 Village
558 860 184 41 between
775 859 68 41 the
876 875 189 25 romance
1096 858 44 41 of
1174 875 22 24 a
1228 859 143 49 quaint

54 935 72 26 >me
159 920 40 39 in
234 934 51 26 an
317 919 82 41 odd
431 918 124 42 house
589 919 79 40 and
700 918 110 40 one's
843 917 264 50 pocketbook.
1170 916 117 51 Only
1320 931 51 26 an

30 972 134 46 Ristic
183 993 95 34 soap
300 977 314 41 manufacturer
634 993 93 34 may
748 976 115 41 build
888 992 21 25 a
931 976 142 50 bridge
1094 991 98 25 over
1215 976 31 40 it
1268 975 103 41 with

56 1053 12 24 s
98 1051 158 35 money.
316 1035 97 41 The
446 1035 193 41 Caesares
670 1034 153 41 believe
855 1035 40 40 in
928 1050 22 25 a
980 1033 82 41 fair
1091 1033 207 51 exchange
1326 1032 45 41 of

56 1095 90 41 lues
185 1094 80 40 and
307 1093 205 42 therefore
552 1093 95 51 they
685 1092 90 42 will
815 1092 79 41 live
933 1092 249 41 somewhere
1222 1092 41 39 in
1304 1091 67 41 the

58 1152 133 42 burbs.
261 1152 176 41 Caesare
475 1152 71 40 has
584 1152 108 40 lived
732 1152 41 40 in
813 1150 249 42 Greenwich
1100 1150 166 50 Village
1305 1150 67 40 for

55 1221 99 32 most
178 1221 67 30 ten
267 1226 116 35 years
406 1211 79 40 and
508 1210 50 41 he
580 1210 143 41 knows
747 1209 68 41 the
839 1209 84 40 real
947 1218 125 31 estate
1096 1208 122 41 shark
1241 1209 131 40 better

60 1269 118 50 rhaps
209 1269 100 41 than
341 1270 95 39 does
468 1268 187 51 anybody
687 1267 91 41 else.
842 1267 40 40 If
914 1266 61 41 his
1006 1267 253 49 experiences
1290 1266 80 41 had

53 1338 27 31 )t
107 1327 97 41 been
232 1343 43 25 so
304 1327 142 51 tragic,
477 1326 94 51 they
597 1326 143 41 would
769 1326 48 40 be
846 1325 127 51 really
1001 1325 146 51 funny.

63 1398 40 41 A
140 1397 154 41 certain
334 1396 91 51 girl,
465 1395 94 42 who
599 1395 138 42 thinks
774 1395 72 41 life
886 1395 31 40 is
955 1404 72 31 not
1065 1394 136 41 worth
1241 1393 130 52 living

52 1456 131 41 ithout
217 1471 50 25 an
301 1454 262 49 automobile,
598 1454 80 41 and
710 1453 138 42 whose
880 1453 187 41 husband
1100 1453 72 41 has
1204 1453 111 49 quite
1349 1468 22 25 a

55 1526 142 40 ntrary
232 1513 254 51 conception,
526 1512 168 43 decided
731 1527 110 35 upon
879 1527 24 26 a
938 1512 152 49 unique
1127 1527 140 25 course
1305 1511 66 41 for

51 1574 120 49 aking
192 1573 84 40 him
298 1573 108 50 yield
430 1582 41 31 to
495 1571 73 41 her
590 1571 208 41 demands.
854 1569 77 42 She
956 1571 163 40 devotes
1144 1580 43 30 at
1208 1579 163 40 present

50 1633 11 40 1
88 1632 73 40 her
188 1632 100 41 time
314 1640 43 32 to
385 1630 70 42 the
480 1629 123 52 study
630 1628 45 42 of
703 1628 69 42 the
801 1639 64 31 art
892 1628 44 41 of
966 1628 182 50 running
1175 1643 51 25 an
1256 1638 92 30 auto-

51 1689 102 43 obile
183 1690 82 41 and
294 1689 69 41 she
394 1688 99 41 feels
522 1704 93 25 sure
646 1687 89 41 that
766 1687 72 40 her
869 1686 185 41 husband
1086 1687 32 40 is
1148 1696 67 31 too
1246 1686 122 41 much

71 1764 50 26 an
145 1748 174 42 efficient
343 1748 179 40 business
545 1762 96 25 man
667 1757 41 30 to
733 1745 56 42 let
814 1745 72 41 her
911 1745 191 49 acquired
1127 1744 243 50 knowledge

49 1824 9 25 ;
87 1806 81 43 idle
201 1807 109 40 after
341 1806 68 41 she
441 1805 106 41 shall
578 1805 103 41 have
715 1804 190 49 acquired
938 1804 73 40 her
1043 1802 248 42 chauffeur's
1323 1802 32 41 li-

51 1881 79 26 nse.
192 1866 85 41 But
308 1865 114 41 there
455 1880 67 25 are
553 1872 203 32 moments
787 1863 41 40 in
859 1861 135 42 which
1026 1861 69 41 she
1127 1861 99 41 feels
1257 1861 112 49 quite

47 1941 60 34 izy
132 1924 125 42 about
281 1923 70 41 the
373 1933 189 31 outcome
585 1921 45 41 of
655 1921 73 41 her
754 1921 238 41 adventure.

62 1983 126 42 Edith
209 1983 148 50 Unger
376 1981 133 42 closed
529 1996 54 34 up
603 1980 72 40 her
695 1979 110 41 Mad
828 1978 190 42 Hatter's
1037 1978 98 50 shop
1157 1979 80 41 and
1257 1988 113 32 went

52 2058 19 25 r
101 2058 23 25 a
156 2041 190 41 fourteen
380 2039 109 51 days'
522 2039 189 41 vacation
745 2048 41 31 to
820 2037 68 42 the
919 2047 188 40 country.
1170 2036 79 42 She
1279 2036 91 42 will

1439 408 163 34 re-open
1641 392 68 40 the
1749 391 186 41 Rabbit's
1975 390 111 40 Hole
2125 389 208 41 sometime
2373 387 108 41 after
2520 386 68 41 the
2626 385 90 41 first
2753 384 47 42 of

1439 450 249 51 September.

1493 522 145 40 Anton
1683 520 214 48 Hellman,
1942 518 198 51 longtime
2184 517 177 40 resident
2402 515 45 40 of
2491 514 69 41 the
2603 513 198 41 Benedict

1436 581 283 49 Apartments,
1738 577 89 43 will
1845 593 104 34 open
1968 577 61 40 his
2048 576 171 41 interior
2238 574 237 49 decorating
2494 571 309 42 establishment

1436 654 53 25 on
1514 637 153 51 Eighth
1692 637 146 41 Street.
1892 636 69 40 He
1983 635 70 40 has
2077 632 132 43 leased
2233 632 67 41 the
2325 632 101 41 floor
2450 630 110 51 right
2583 630 126 41 above
2732 628 69 42 the

1439 696 265 42 Candlestick
1729 694 96 45 Tea
1849 694 146 41 Room.

1521 800 42 42 A
1590 816 98 35 very
1718 798 241 51 interesting
1990 796 135 42 Oscar
2153 795 146 42 Wilde
2329 795 98 39 item
2458 793 31 40 is
2518 790 156 43 offered
2705 791 42 40 in
2777 805 24 26 a

1438 869 139 32 recent
1605 858 161 50 catalog
1795 857 44 41 of
1871 857 74 41 W.
1979 854 150 42 Heifer
2159 854 37 42 &
2229 852 113 48 Sons,
2375 849 268 49 Booksellers,
2677 848 95 43 Cam-

1437 918 156 51 bridge,
1629 915 207 52 England.
1901 915 41 40 It
1975 914 32 41 is
2040 929 24 26 a
2095 913 115 50 large
2242 925 124 36 paper
2398 924 101 36 copy
2530 908 45 41 of
2610 907 68 42 the
2709 905 92 42 first

1437 976 154 42 edition
1610 975 44 41 of
1674 974 61 42 his
1754 974 158 51 picture
1931 972 44 41 of
2391 966 214 52 published
2627 966 41 40 in
2694 964 104 42 1891

1437 1036 41 39 in
1509 1050 22 26 a
1561 1033 158 42 limited
1751 1032 153 42 edition
1933 1030 45 42 of
2009 1040 84 43 twp
2123 1028 190 42 hundred
2345 1026 81 42 and
2455 1025 96 51 fifty
2580 1024 144 50 copies,
2755 1021 46 42 of

1435 1092 136 42 which
1610 1091 97 42 each
1746 1106 85 26 was
1871 1088 224 43 numbered
2136 1087 81 41 and
2257 1085 141 51 signed
2438 1084 52 51 by
2529 1082 69 42 the
2638 1080 164 43 author.

1439 1151 135 42 Inlaid
1604 1152 31 40 is
1664 1165 50 26 an
1744 1148 273 51 unpublished
2046 1146 122 41 letter
2197 1145 109 41 from
2335 1143 68 42 the
2433 1141 149 42 author
2610 1153 169 28 concern-

1437 1211 70 49 ing
1533 1209 69 42 the
1629 1209 230 41 characters
1885 1207 41 40 in
1954 1205 68 42 the
2047 1204 118 41 book.

1492 1279 97 41 The
1615 1277 229 52 autograph
1871 1275 123 42 letter
2020 1274 140 52 signed
2188 1273 41 41 in
2257 1271 94 50 full,
2380 1272 32 40 is
2438 1270 170 42 written
2636 1278 42 31 to
2706 1266 94 42 Mr.

1436 1338 136 50 Ralph
1604 1338 150 50 Payne,
1785 1334 103 43 with
1918 1333 216 43 addressed
2165 1329 205 52 envelope,
2402 1327 183 44 undated
2622 1326 156 52 (Febru-

1436 1412 71 35 ary
1533 1395 110 50 12th,
1671 1394 150 50 1894),
1845 1393 26 41 4
1893 1408 66 35 pp.
1981 1407 45 26 cr
2047 1392 92 41 Bvo.

1491 1466 232 42 Whatever
1761 1464 200 41 influence
2433 1456 69 42 the
2539 1454 264 50 masterpiece

1434 1526 44 40 of
1512 1524 135 42 Oscar
1678 1522 160 49 Wilde,
1871 1536 92 36 may
1985 1552 11 20 7
1996 1520 173 41 exercise
2200 1533 53 26 on
2286 1517 70 41 the
2389 1515 155 48 reader,
2579 1513 115 42 there
2725 1527 76 26 can

1434 1583 49 42 be
1504 1598 52 26 no
1580 1581 129 42 doubt
1732 1581 90 41 that
1845 1590 41 31 to
1908 1594 110 26 some
2041 1586 151 39 extent,
2219 1575 134 43 Oscar
2375 1573 147 43 Wilde
2545 1583 42 31 at
2610 1571 69 42 the
2702 1571 101 40 time

1434 1642 43 40 of
1501 1641 171 50 writing
1694 1655 85 26 was
1802 1638 240 51 portraying
2066 1634 177 50 himself,
2269 1634 80 41 and
2374 1633 81 41 this
2478 1631 122 42 letter
2623 1628 180 52 supplies

1436 1700 68 41 the
1528 1700 74 50 key
1628 1708 41 32 to
1695 1698 69 42 the
1789 1695 201 43 Author's
2015 1694 129 48 mind,
2172 1709 42 25 as
2238 1708 93 36 may
2356 1691 49 42 be
2429 1705 92 27 seen
2548 1689 53 51 by
2626 1688 69 41 the
2723 1686 60 42 fol-

1435 1759 156 50 lowing
1618 1757 114 41 short
1759 1765 159 32 extract
1945 1753 110 42 from
2085 1753 68 41 the
2180 1752 144 41 letter:

1774 1847 225 42 Hallward
2026 1847 33 41 is
2083 1846 116 41 what
2224 1846 19 40 I
2271 1844 118 42 think
2417 1844 19 40 I
2465 1859 124 25 am-

1606 1909 113 41 Lord
1747 1908 148 49 Henry
1919 1906 114 42 what
2059 1905 67 42 the
2150 1903 135 43 world
2311 1902 138 42 thinks
2450 1916 122 27 me

1750 2011 8 8 .
1819 1980 114 38 what
1954 1976 26 40 I
2001 1976 143 41 would
2168 1976 79 40 like
2273 1983 39 31 to
2338 1974 148 40 bein
2511 1973 118 40 other
2649 1986 154 34 ages

1775 2035 214 51 perhaps/'

40 4019 237 43 Postcards
303 4022 146 40 drawn
478 4023 48 48 by
552 4021 157 43 Artists
735 4023 40 40 in
804 4024 68 39 the
902 4021 184 43 German
1116 4021 210 41 Trenches
