3073 4465
196 293 81 41 936

1285 305 264 43 BRUNO'S
1610 307 266 42 WEEKLY

188 392 169 41 Walter
388 393 59 42 H.
481 395 109 50 Page
628 396 120 50 (then
780 398 157 51 editing
967 399 68 41 the
1063 402 202 50 Forum),
1298 403 80 41 and
1410 419 22 25 a
1461 403 92 42 host

188 466 42 23 ox
260 451 118 41 other
406 453 152 41 editors
588 456 80 38 and
697 455 239 49 publishers.
997 458 91 41 Mr.
1121 459 184 52 Munsey
1334 477 85 25 was
1448 461 105 42 close

188 508 62 50 by,
282 519 42 31 at
360 510 71 40 111
468 512 117 40 Fifth
614 513 186 50 Avenue,
833 515 67 41 the
929 517 157 40 Forum
1118 519 124 50 going
1272 528 42 31 to
1346 519 68 41 the
1443 534 109 27 same

188 566 187 52 building
409 569 108 40 from
553 571 141 40 Union
730 571 166 51 Square,
930 574 139 41 where
1101 574 68 42 for
1199 592 124 35 many
1352 593 115 35 years
1501 581 51 39 its

186 625 92 41 title
305 626 40 40 in
373 627 182 50 gigantic
581 628 137 51 gilded
748 630 140 42 letters
916 634 191 40 crowned
1137 649 22 25 a
1188 634 188 52 building
1404 635 148 42 almost

185 694 98 30 next
307 685 100 40 door
432 695 40 31 to
498 686 67 41 the
592 687 198 51 Century.

244 743 17 38 I
289 758 99 25 once
412 745 94 47 paid
533 760 22 25 a
578 746 95 40 visit
699 757 41 29 to
768 747 106 41 Hall
900 748 142 49 Caine,
1072 750 67 41 the
1165 752 210 40 notorious
1403 753 149 40 author

182 799 45 40 of
390 800 279 53 Manxman/'
1107 819 89 37 etc.,
1218 819 42 30 at
1279 810 67 41 the
1367 811 182 45 Everett,

185 858 137 41 where
352 860 48 40 he
430 876 85 25 was
547 877 20 24 a
597 873 117 39 guest
745 864 152 51 during
926 865 61 41 his
1016 866 222 42 American
1269 867 155 43 lecture
1455 879 96 31 tour

183 918 133 39 under
341 918 67 40 the
434 919 198 41 direction
658 921 43 39 of
728 921 67 41 the
820 922 229 43 celebrated
1077 924 150 51 Major
1255 927 130 47 Pond,
1413 927 137 42 whose

184 975 113 41 office
319 991 85 26 was
427 978 41 39 in
493 978 68 40 the
586 979 181 42 Everett.
824 981 17 40 I
869 981 131 42 found
1025 982 84 41 him
1133 984 103 41 with
1262 984 60 41 his
1345 985 99 42 wife
1469 987 81 40 and

185 1033 108 41 little
323 1050 72 25 son
924 1056 41 25 as
995 1040 61 41 his
1088 1041 137 41 father
1256 1042 131 42 called
1419 1044 130 50 him),

185 1093 80 39 and
301 1092 61 41 his
399 1095 204 48 reception
639 1096 44 40 of
719 1112 64 25 me
818 1114 85 24 was
938 1109 108 30 most
1079 1110 230 32 courteous.
1376 1101 174 43 Charles

185 1150 180 41 Dickens
388 1154 138 48 stayed
553 1163 41 30 at
620 1154 78 40 this
723 1154 191 52 hostelry,
942 1157 83 40 also
1051 1157 66 41 the
1143 1169 115 40 great
1283 1160 175 41 African
1485 1177 44 25 ex-

182 1208 149 49 plorer,
358 1210 58 40 H.
443 1211 68 40 M.
538 1211 178 52 Stanley,
741 1213 151 49 whom,
919 1215 50 50 by
993 1216 68 40 the
1084 1233 105 34 way,
1216 1218 18 40 I
1260 1228 83 31 met
1367 1234 53 26 on
1445 1219 84 50 ship-

183 1267 139 48 board,
348 1268 40 40 in
413 1268 67 41 the
503 1270 182 50 nineties,
711 1271 121 41 when
856 1274 181 50 crossing
1060 1274 68 41 the
1149 1275 191 42 Atlantic
1361 1277 104 41 with
1490 1277 60 42 his

183 1324 126 49 bride,
345 1326 67 41 the
446 1327 203 44 beautiful
683 1329 193 52 Dorothy
908 1330 214 44 Tennant.
1184 1334 42 40 A
1256 1350 96 35 year
1385 1350 47 25 or
1465 1345 84 31 two

184 1382 116 50 later,
336 1384 125 41 while
496 1387 118 49 again
650 1387 41 40 in
728 1388 207 51 England,
972 1390 207 52 curiously
1213 1393 174 50 enough,
1427 1394 17 40 I
1481 1409 46 26 en-

182 1444 222 40 countered
439 1444 90 41 Mr.
564 1446 80 40 and
679 1446 109 41 Mrs.
825 1447 167 52 Stanley
1023 1464 77 25 one
1131 1451 122 51 misty
1283 1452 194 51 morning
1507 1453 41 40 in

181 1501 220 41 Waterloo
430 1502 134 41 Place.
621 1504 116 41 How
761 1505 121 42 small
908 1506 68 41 the
1000 1507 135 43 world
1163 1508 51 41 is!

239 1559 142 41 About
416 1561 78 40 this
527 1562 153 49 period,
718 1564 17 38 I
771 1574 84 30 met
889 1580 22 25 a
945 1565 184 49 pleasant
1163 1566 132 42 talker
1328 1569 81 40 and
1443 1580 106 30 most

181 1618 336 49 companionable
536 1635 96 25 man
654 1622 39 38 in
719 1622 104 40 Paul
845 1623 55 40 du
923 1623 183 50 Chaillu,
1129 1625 68 41 the
1218 1625 160 42 famous
1401 1627 149 41 author

181 1675 44 40 of
406 1677 120 41 Land
553 1678 44 40 of
626 1679 68 40 the
722 1680 223 51 Midnight
1132 1693 74 31 etc.
1263 1684 98 41 And
1391 1701 22 24 a
1441 1684 108 43 little

181 1733 104 41 later
313 1736 196 40 occurred
538 1752 68 35 my
634 1736 90 42 first
754 1750 215 30 rencontre
999 1740 101 42 with
1131 1741 68 41 the
1228 1742 142 41 future
1400 1743 150 42 author

182 1792 45 40 of
471 1794 134 42 Game
857 1797 125 42 Then
1002 1815 75 25 one
1096 1801 193 50 morning
1309 1802 181 49 dropped
1510 1804 42 39 in

184 1866 109 34 upon
314 1867 64 24 me
400 1852 67 41 the
489 1853 160 42 famous
671 1856 133 40 editor
823 1856 44 41 of
888 1858 61 40 Le
971 1858 142 42 Revue
1135 1862 69 39 des
1223 1862 109 39 deux
1351 1862 200 48 Mondes,

185 1911 285 48 accompanied
496 1911 51 51 by
571 1912 60 41 his
654 1913 187 42 brilliant
866 1917 79 39 and
973 1916 295 50 accomplished
1293 1919 260 41 contributor

185 1968 79 39 and
288 1969 229 49 coadjutor,
545 1970 135 42 Mme.
707 1971 238 43 Blanc-Ben
950 1985 110 37 tzon,
1084 1975 95 41 who
1202 1976 72 41 has
1296 1992 42 25 so
1361 1977 123 41 much
1509 1988 42 30 to

185 2025 246 42 familiarize
462 2027 68 42 the
561 2029 159 41 French
751 2032 170 50 reading
951 2033 79 40 and
1062 2032 191 52 thinking
1281 2034 139 50 public
1448 2036 104 41 with

183 2083 221 42 American
434 2086 179 42 authors.
671 2088 97 41 The
797 2090 202 41 Brevoort
1028 2091 143 50 Hotel,
1202 2108 98 25 near
1326 2093 198 52 Washing-

185 2151 70 30 ton
289 2142 126 48 Arch,
452 2146 256 41 entertained
744 2147 69 41 M.
851 2149 235 41 Ferdinand
1122 2150 243 42 Brunetiere
1401 2152 151 51 during

185 2199 42 40 th
233 2200 30 39 is
283 2200 221 43 American
526 2204 107 40 visit.

240 2258 220 43 Countless
483 2260 119 42 other
625 2262 225 43 celebrities
874 2264 130 41 either
1028 2265 107 42 lived
1161 2283 47 24 or
1230 2268 147 41 visited
1403 2269 41 40 in
1470 2268 80 42 this

182 2317 160 40 district
366 2318 43 40 of
438 2319 272 51 Manhattan,
738 2321 110 42 from
880 2323 96 41 18th
1005 2323 145 50 Street,
1179 2326 123 41 down
1330 2337 41 30 to
1396 2326 124 42 Wash-

181 2375 143 50 ington
347 2375 154 50 Square
522 2377 141 51 South,
686 2379 66 41 for
769 2396 124 35 many
910 2397 114 35 years
1044 2382 68 42 the
1131 2384 127 41 abode
1277 2400 48 25 or
1342 2385 208 51 workship

181 2433 44 40 of
249 2450 92 24 men
367 2436 80 40 and
471 2451 162 26 women
656 2437 45 41 of
726 2437 142 43 talent.
926 2440 40 40 It
991 2441 31 40 is
1047 2457 22 25 a
1093 2440 169 53 literary
1288 2444 80 40 and
1394 2444 157 41 artistic

181 2507 115 33 zone,
341 2494 80 40 and
466 2496 193 47 promises
703 2506 41 31 to
788 2498 155 40 remain
985 2514 43 25 so
1071 2499 67 41 for
1178 2516 115 35 years
1338 2512 40 30 to
1422 2518 125 26 come.

180 2550 194 42 William
404 2551 153 42 Cullen
589 2554 171 51 Bryant,
791 2556 68 40 the
888 2567 94 39 poet
1011 2558 80 41 and
1121 2559 194 41 one-time
1344 2560 133 41 editor
1503 2561 46 40 of

181 2608 68 41 the
280 2610 60 40 N.
376 2611 51 40 Y.
460 2612 189 50 Evening
681 2613 114 47 Postj
828 2630 100 26 once
961 2615 108 42 lived
1103 2627 41 30 at
1176 2617 374 43 Vice-Chancellor

182 2667 264 50 McCown's,
486 2685 99 26 near
622 2671 68 41 the
727 2672 190 50 junction
954 2674 45 40 of
1035 2675 184 41 Warren
1257 2677 81 41 and
1378 2677 170 42 Church

181 2725 165 43 Streets.
398 2726 96 43 One
514 2728 44 41 of
578 2729 61 41 his
658 2744 233 36 successors,
914 2732 68 41 the
1002 2732 82 42 late
1105 2733 91 42 Mr.
1221 2735 47 40 E.
1291 2735 49 41 L.
1363 2735 184 49 Godkin,

180 2784 138 41 whose
350 2786 211 41 editorials
596 2788 41 39 in
673 2788 67 41 the
774 2790 100 41 Post
907 2806 109 26 were
1049 2792 60 40 sui
1144 2794 170 49 generis,
1351 2793 109 43 lived
1493 2810 54 26 on

177 2843 96 40 10th
295 2843 156 50 Street;
470 2846 80 40 and
571 2846 69 41 the
659 2846 82 42 late
761 2848 78 41 Dr.
860 2848 162 51 Gilder,
1043 2850 133 42 editor
1194 2850 45 42 of
1258 2852 68 41 the
1348 2852 201 50 Ceutury,

179 2900 80 42 had
295 2918 22 24 a
351 2904 81 49 city
468 2905 204 41 residence
705 2921 52 25 on
794 2907 71 40 Bth
901 2907 145 49 Street,
1082 2919 73 32 not
1190 2909 66 42 far
1289 2911 110 41 from
1435 2912 111 42 Mrs.

181 2959 197 52 Schuyler
407 2978 80 25 van
522 2963 286 51 Rensselaer's,
842 2965 68 41 the
942 2966 135 42 friend
1110 2969 80 40 and
1221 2971 252 41 entertainer
1503 2971 44 41 of

180 3019 157 41 Robert
366 3020 126 41 Louis
522 3020 224 43 Stevenson
775 3023 121 41 when
926 3026 40 39 in
997 3026 110 41 New
1134 3027 118 41 York
1281 3044 48 25 en
1360 3039 117 31 route
1505 3040 43 31 to

180 3076 169 50 Samoa;
371 3079 124 41 while
518 3081 39 39 in
583 3080 172 41 Clinton
781 3081 121 43 Place
925 3083 107 42 lived
1056 3084 67 42 the
1145 3085 82 41 late
1248 3086 111 51 John
1383 3086 166 43 Gilmer

180 3135 140 50 Speed,
348 3153 21 24 a
394 3139 325 49 grand-nephew
741 3140 44 40 of
811 3141 67 41 the
902 3153 106 38 poet,
1034 3143 111 50 John
1171 3144 140 50 Keats,
1338 3161 22 25 a
1384 3146 165 50 copious

178 3195 144 40 writer
361 3195 67 41 for
467 3196 67 42 the
574 3198 253 50 periodicals,
868 3201 80 40 and
987 3217 100 25 once
1126 3203 132 40 editor
1296 3203 45 42 of
1379 3205 168 41 Leslie's

181 3253 186 51 Weekly.
422 3255 41 40 A
490 3255 83 42 few
597 3256 44 40 of
668 3257 68 41 the
761 3257 69 42 old
857 3258 142 42 houses
1024 3270 67 41 yet
1119 3262 228 51 remaining
1373 3263 40 40 in
1441 3264 81 42 Uni-

176 3313 153 49 versity
371 3313 121 41 Place
533 3314 101 41 have
674 3315 215 50 sheltered,
932 3333 48 25 or
1019 3320 255 41 entertained
1316 3337 41 24 as
1397 3332 149 40 guests,

178 3369 179 51 Captain
393 3372 204 51 Boynton,
633 3373 137 42 whose
803 3375 159 51 daring,
998 3376 32 41 if
1063 3387 73 31 not
1169 3379 221 50 desperate,
1427 3380 120 42 deeds

177 3444 67 25 are
265 3445 43 24 so
329 3431 255 51 graphically
605 3433 208 41 described
1047 3436 111 41 War
1409 3438 138 51 James

178 3487 186 50 Hopper,
402 3489 68 41 the
506 3500 112 41 story
653 3492 165 49 writer;
856 3491 157 43 Robert
1051 3494 179 51 Edgren,
1270 3497 80 40 and
1386 3497 160 50 others;

176 3546 125 41 while
335 3546 105 42 close
476 3548 51 50 by
562 3548 99 42 lives
697 3549 68 42 the
801 3551 131 49 artist,
971 3551 176 50 Gibran,
1186 3554 171 42 Rodin's
1394 3555 150 43 friend.

174 3604 139 41 Alban
344 3606 146 50 Jasper
521 3607 179 50 Conant,
731 3608 95 42 who
857 3610 92 42 died
982 3611 191 51 recently,
1206 3626 101 38 agea
1338 3614 66 48 93,
1437 3613 108 43 lived

178 3679 51 25 on
260 3665 73 41 W.
369 3666 96 40 10th
496 3666 58 42 St.
616 3668 68 41 He
712 3685 85 25 was
826 3686 22 25 a
876 3681 93 40 poet
999 3673 80 40 and
1109 3674 130 48 artist,
1271 3674 80 42 and
1380 3676 167 49 painted

178 3721 210 44 Lincoln's
412 3727 175 47 portrait
611 3727 139 41 before
774 3730 80 39 and
880 3729 107 41 after
1011 3730 49 41 he
1084 3731 161 42 became
1269 3734 219 48 president.

236 3783 48 40 In
318 3784 282 50 Washington
636 3786 166 49 Square,
838 3788 147 41 almost
1016 3789 148 41 within
1200 3791 67 40 the
1300 3791 169 42 shadow
1501 3793 44 40 of

177 3841 110 41 New
317 3842 118 40 York
468 3843 253 52 University,
757 3846 156 41 Robert
942 3848 74 40 V/.
1051 3847 228 43 Chambers
1310 3850 120 49 lived,
1466 3852 79 40 and

175 3900 94 41 here
293 3916 123 33 came,
444 3902 109 40 fresh
578 3902 118 42 home
721 3904 197 50 Europe's
942 3907 250 51 sanguinary
1215 3908 129 48 strife,
1372 3909 68 41 the
1464 3909 83 42 late

176 3958 182 42 Richard
407 3960 200 51 Harding
652 3961 142 51 Davis,
842 3963 174 42 another
1060 3965 44 40 of
1150 3982 68 35 my
1263 3977 176 31 steamer
1484 3984 42 26 ac-

173 4019 277 49 quaintances.
513 4021 49 39 In
594 4021 259 51 Macdougal
882 4022 136 52 Alley,
1051 4040 150 35 among
1228 4026 119 40 other
1376 4028 168 47 studios,

1620 421 82 25 was
1732 405 90 41 that
1850 407 44 40 of
1926 407 110 42 Mrs.
2067 409 205 50 Whitney
2309 409 237 51 (Gertrude
2575 411 293 51 Vanderbilt),
2902 413 80 41 and

1618 463 210 49 Gaudens,
1854 465 68 41 the
1945 466 187 51 designer
2153 467 44 41 of
2220 467 68 41 the
2313 468 166 42 Buffalo
2504 469 145 42 nickel.
2704 470 111 41 Mrs.
2840 470 114 42 Whit-

1618 522 110 50 ney's
1747 523 136 41 studio
1905 524 30 40 is
1957 539 96 27 now
2072 540 53 25 on
2146 526 123 41 West
2290 526 73 41 Bth
2387 526 146 42 Street.
2587 529 49 40 In
2660 528 79 41 this
2760 544 114 32 zone,
2899 538 80 38 too,

1618 580 48 40 de
1691 579 250 53 Thulstrup,
1970 582 68 41 the
2065 584 129 48 artist,
2224 585 79 40 and
2332 585 67 40 the
2425 585 194 50 sculptor,
2646 586 195 42 William
2869 586 85 42 Ord-

1616 654 92 34 way
1737 639 217 51 Partridge
1982 640 79 41 had
2090 641 106 41 their
2223 643 167 41 studios.
2447 644 60 40 At
2535 660 23 24 a
2586 645 203 49 reception
2818 654 42 32 at
2887 644 92 42 Mr.

1618 696 252 51 Partridge's
1905 698 69 41 old
2011 699 160 41 Fourth
2205 700 174 41 Avenue
2413 702 148 48 studio,
2599 703 18 39 I
2654 718 99 25 once
2787 713 84 30 met
2904 719 77 25 one

1615 754 43 41 of
1683 770 76 25 our
1782 766 177 40 greatest
1984 767 201 40 actresses,
2210 758 115 49 Julia
2351 759 212 41 Marlowe
2596 760 136 51 (Mrs.
2760 760 219 51 Sothern),

1616 813 138 40 whom
1787 814 17 40 I
1837 814 79 40 had
1948 814 89 42 first
2067 831 91 25 seen
2189 817 40 39 in
2261 816 68 41 the
2358 818 123 40 West
2510 818 122 41 when
2662 818 68 41 she
2760 819 118 41 made
2908 819 75 41 her

1617 871 125 41 debut
1777 872 41 40 in
2079 875 79 40 and

1676 930 17 39 I
1722 945 86 26 was
1834 946 100 25 once
1961 931 111 50 John
2103 932 165 41 Gilmer
2297 933 161 50 Speed's
2486 944 117 40 guest
2632 944 42 30 at
2702 934 68 41 the
2800 935 182 51 Player's

1617 987 122 48 Club,
1769 989 41 39 in
1837 988 230 52 Gramercy
2095 991 122 48 Park,
2245 991 150 49 where,
2424 1007 149 35 among
2598 992 119 42 other
2743 994 236 49 curiosities,

1617 1046 17 40 I
1660 1061 85 26 saw
1768 1047 150 40 Edwin
1944 1048 168 41 Booth's
2136 1049 206 49 bedroom,
2368 1049 134 44 which
2528 1051 30 40 is
2584 1051 212 49 preserved
2822 1051 159 51 exactly

1617 1119 40 25 as
1688 1105 31 39 it
1749 1121 84 25 was
1863 1105 121 42 when
2017 1107 68 40 the
2116 1118 115 39 great
2264 1108 302 49 Shakspearean
2598 1110 245 49 interpreter
2874 1110 105 41 died.

1614 1162 156 42 Which
1795 1164 178 41 reminds
1996 1181 64 24 me
2082 1165 44 41 of
2150 1166 68 40 the
2241 1166 89 41 first
2354 1167 98 41 time
2477 1167 18 41 I
2519 1183 86 25 saw
2629 1167 146 41 Booth.
2833 1168 40 40 It
2895 1184 85 25 was

1616 1231 41 30 at
1680 1221 159 41 Kansas
1863 1221 109 52 City,
1999 1223 108 49 Mo.,
2133 1234 41 30 at
2198 1224 67 41 the
2288 1225 184 41 Warder
2497 1225 149 42 Grand
2671 1225 142 50 Opera
2838 1227 143 40 House

1614 1279 199 42 before
1852 1280 68 41 the
1961 1281 157 41 theatre
2157 1282 78 41 had
2276 1282 98 41 been
2414 1283 241 50 completed.
2725 1284 135 41 Booth
2900 1285 80 41 and

1617 1338 167 40 Barrett
1806 1354 109 26 were
1939 1339 68 41 the
2030 1350 103 30 stars
2158 1341 40 39 in
2502 1343 32 39 it
2558 1357 84 26 was
2666 1357 95 26 zero
2785 1343 194 48 weather,

1617 1397 80 39 and
1732 1396 67 41 the
1834 1397 90 40 roof
1958 1397 43 41 of
2037 1398 67 41 the
2138 1414 122 34 opera
2294 1399 123 41 house
2450 1399 81 42 had
2565 1410 73 31 not
2671 1401 99 40 been
2805 1411 75 39 put
2912 1416 67 26 on.

1615 1453 141 42 There
1776 1470 110 26 were
1907 1455 84 41 few
2011 1472 47 24 or
2080 1472 52 24 no
2153 1467 112 40 stage
2286 1458 235 49 properties,
2547 1460 80 39 and
2651 1458 68 42 the
2741 1474 100 34 poor
2863 1458 119 52 ghost

1617 1512 69 41 did
1718 1512 67 41 the
1816 1513 86 41 best
1931 1514 49 40 he
2010 1514 120 41 could
2162 1515 41 39 in
2234 1531 22 24 a
2286 1515 122 41 sheet.
2467 1515 97 42 The
2593 1517 225 41 somewhat
2848 1533 133 34 sparse

1617 1571 193 41 audience
1830 1573 216 40 witnessed
2069 1573 68 40 the
2157 1573 105 50 play,
2286 1573 67 41 the
2373 1573 124 42 while
2518 1576 246 48 enwrapped
2787 1576 40 39 in
2850 1585 111 41 great-

1617 1639 109 31 coats
1768 1630 80 40 and
1890 1630 89 41 furs
2020 1631 80 40 and
2141 1632 194 50 standing
2377 1634 158 40 around
2577 1643 141 31 stoves-
2718 1633 119 44 the
2878 1644 104 31 stars

1617 1687 222 51 twinkling
1865 1688 224 41 overhead!

1677 1747 17 38 I
1726 1762 84 25 was
1839 1762 99 25 once
1968 1763 21 24 a
2019 1757 116 40 guest
2166 1747 67 41 for
2262 1764 23 25 a
2314 1748 84 41 few
2427 1749 96 50 days
2553 1759 41 31 at
2624 1749 68 41 the
2721 1749 162 41 famous
2911 1750 70 41 old

1619 1803 116 41 Fifth
1759 1804 174 42 Avenue
1961 1805 143 41 Hotel.
2163 1806 18 40 I
2209 1821 86 26 was
2320 1807 144 50 sitting
2488 1808 42 40 in
2555 1807 136 41 Amen
2720 1807 162 42 Corner
2907 1823 77 26 one

1617 1863 205 50 morning,
1855 1863 87 50 just
1975 1863 124 41 about
2132 1874 40 30 to
2206 1863 112 42 leave
2351 1864 68 41 the
2452 1865 112 41 hotel
2598 1865 67 41 for
2696 1882 68 34 my
2796 1876 185 40 steamer,

1617 1919 120 42 when
1760 1936 22 25 a
1804 1921 75 40 tall
1900 1921 248 50 gentleman,
2172 1923 41 39 in
2236 1938 22 25 a
2281 1923 146 41 Prince
2448 1923 150 41 Albert
2621 1934 91 30 coat
2735 1925 80 40 and
2839 1924 145 41 beaver

1617 1978 82 50 hat,
1726 1994 111 26 came
1863 1980 86 40 into
1975 1979 68 41 the
2070 1981 178 40 rotunda
2274 1980 109 42 from
2410 1981 68 41 the
2502 1992 136 31 street.
2695 1983 19 40 I
2742 1983 242 50 recognized

1618 2036 84 41 him
1734 2037 198 51 instantly
1964 2053 41 26 as
2038 2037 151 52 Major
2222 2039 247 51 McKiniey.
2530 2040 97 50 Just
2658 2055 41 26 as
2731 2040 49 41 he
2813 2041 171 42 reached

1618 2095 67 40 the
1712 2095 108 49 desk,
1848 2096 172 41 another
2045 2097 248 50 gentleman,
2319 2097 200 52 similarly
2545 2099 164 49 attired,
2736 2100 166 49 stepped
2929 2115 55 35 up

1617 2163 42 31 to
1687 2153 97 50 him,
1814 2154 162 51 saying:
2508 2157 81 41 and
2618 2157 182 51 engaged
2828 2157 86 42 him
2942 2157 42 42 in

1617 2213 296 47 conversation,
1951 2213 97 51 only
2085 2229 22 25 a
2144 2213 83 42 few
2263 2214 82 41 feet
2381 2230 116 35 away
2533 2215 110 41 from
2678 2215 137 42 where
2853 2217 17 39 I
2908 2226 74 31 sat.

1615 2269 126 41 Then
1768 2270 68 41 the
1862 2270 289 42 ex-Governor
2177 2272 171 50 glanced
2375 2274 171 47 around,
2576 2274 80 40 and
2683 2274 136 50 seeing
2845 2274 90 41 that
2964 2274 18 41 I

1617 2344 85 26 was
1730 2328 68 42 the
1826 2328 83 42 sole
1936 2340 202 39 occupant
2165 2330 45 41 of
2236 2330 136 41 Amen
2403 2330 172 51 Corner,
2607 2341 62 31 sat
2697 2332 123 41 down
2850 2332 134 41 beside

1617 2402 76 33 me,
1721 2387 67 40 the
1812 2387 124 42 while
1959 2388 186 51 chatting
2168 2388 104 42 with
2296 2389 61 41 his
2380 2389 91 41 host
2493 2389 96 42 who
2615 2391 207 40 remained
2847 2391 115 42 stand-

1615 2445 82 50 ing.
1733 2445 42 40 A
1797 2445 83 41 few
1900 2446 178 41 minutes
2098 2446 105 41 later
2225 2446 95 52 they
2342 2447 170 41 strolled
2536 2449 161 41 toward
2721 2448 70 42 the
2814 2450 170 49 reading

1618 2519 114 25 room
1759 2505 80 39 and
1865 2504 85 41 bar.
1991 2504 96 41 The
2114 2505 150 50 Major
2290 2521 84 25 was
2401 2505 306 52 immaculately
2732 2507 164 47 attired,
2924 2507 61 40 his

1617 2561 274 50 buttoned-up
1924 2563 79 40 and
2036 2562 148 51 closely
2214 2563 141 51 fitting
2387 2564 147 41 Prince
2563 2564 151 41 Albert
2743 2566 152 50 setting
2924 2564 60 42 off

1616 2619 61 41 his
1709 2619 190 43 stalwart
1931 2620 131 51 figure
2096 2631 41 31 to
2172 2621 68 41 the
2273 2622 86 41 best
2392 2623 242 50 advantage,
2669 2624 142 50 giving
2843 2623 85 41 him
2961 2639 23 25 a

1615 2688 107 31 most
1747 2679 234 49 impressive
2006 2695 200 34 presence.
2260 2679 110 42 This
2393 2697 86 25 was
2504 2681 68 42 the
2597 2680 98 52 only
2719 2682 185 41 occasion
2930 2697 54 26 on

1615 2735 136 42 which
1780 2737 17 40 I
1823 2752 86 26 saw
1933 2737 68 41 the
2026 2738 296 51 distinguished
2348 2754 96 26 man
2469 2738 94 42 who
2591 2739 104 41 later
2721 2739 161 42 became
2908 2756 77 25 our

1618 2796 225 47 President,
1874 2796 80 40 and
1981 2796 107 49 who,
2115 2812 116 35 years
2259 2797 239 48 afterward,
2530 2799 40 39 in
2600 2798 67 40 the
2697 2798 81 41 full
2807 2798 104 41 flush
2938 2799 44 40 of

1615 2853 219 49 manhood,
1867 2864 84 31 met
1982 2854 60 41 his
2073 2855 122 41 death
2227 2865 41 31 at
2299 2855 68 42 the
2397 2856 131 41 hands
2558 2856 44 41 of
2634 2872 51 26 an
2716 2857 181 41 assassin.
2961 2857 19 41 I

1614 2928 86 25 was
1726 2912 98 51 only
1851 2913 40 39 in
1920 2912 68 42 the
2015 2914 188 40 twenties
2229 2914 120 42 when
2380 2914 79 41 this
2488 2925 215 31 rencontre
2732 2916 96 40 took
2856 2915 126 50 place,

1615 2970 73 42 but
1713 2971 32 40 it
1770 2972 174 40 remains
1967 2972 157 50 vividly
2149 2973 40 39 in
2214 2988 67 35 my
2304 2989 196 35 memory.

1674 3029 19 40 I
1730 3029 102 41 have
1866 3031 236 40 mentioned
2138 3031 282 50 Washington
2458 3032 177 50 Irving's
2669 3032 70 41 old
2775 3032 119 42 home
2929 3048 53 25 on

1617 3088 146 51 Irving
1797 3088 134 41 Place.
1998 3089 17 39 I
2051 3104 100 25 once
2184 3105 95 34 saw,
2316 3100 42 30 at
2390 3106 77 24 one
2499 3090 44 41 of
2578 3090 68 41 the
2678 3090 130 41 Astor
2841 3092 142 40 Estate

1613 3146 145 48 offices,
1785 3146 68 41 the
1878 3146 159 52 ledgers
2062 3147 49 41 he
2135 3148 97 41 used
2257 3158 42 31 to
2323 3148 111 50 keep,
2460 3149 87 50 just
2572 3149 139 41 before
2738 3149 92 41 Mr.
2855 3149 129 41 Astor

1614 3214 90 31 sent
1736 3204 84 42 him
1853 3205 104 41 with
1991 3221 22 25 a
2046 3204 81 42 full
2160 3221 119 34 purse
2312 3216 42 31 to
2389 3207 177 50 Europe,
2599 3207 138 41 where
2770 3207 50 41 he
2851 3217 133 32 wrote

1613 3263 61 41 his
2109 3264 209 51 Through
2342 3265 68 41 the
2432 3266 201 40 influence
2655 3266 44 40 of
2726 3266 65 41 Sir
2813 3266 171 41 Walter

1616 3321 114 42 Scott
1763 3322 48 41 he
1844 3322 131 41 found
2010 3339 22 24 a
2064 3323 209 49 publisher
2306 3324 41 39 in
2382 3323 207 51 England,
2624 3325 93 48 and,
2751 3324 43 41 of
2827 3340 153 33 course,

1615 3380 68 41 the
1711 3380 97 51 only
1837 3391 92 31 true
1958 3380 92 42 first
2078 3382 153 40 edition
2260 3382 44 40 of
2333 3382 68 41 the
2828 3384 31 40 is
2889 3383 91 49 this,

1614 3438 68 42 the
1712 3438 172 52 English
1913 3455 89 25 one.
2064 3440 279 41 Fitz-Greene
2375 3440 191 49 Halleck,
2599 3441 68 41 the
2696 3451 105 40 poet,
2834 3443 31 39 it
2894 3441 90 42 will

1613 3497 47 41 be
1686 3497 289 49 remembered,
2001 3514 87 25 was
2113 3514 22 25 a
2160 3499 339 50 superintendent
2524 3499 44 41 of
2594 3499 68 41 the
2686 3499 129 41 Astor
2842 3499 142 41 Estate

1612 3571 53 25 on
1697 3556 102 41 26th
1832 3555 147 43 Street.

1670 3613 135 51 Thus,
1834 3615 41 40 in
1903 3615 68 41 the
1997 3631 140 25 course
2163 3615 45 41 of
2234 3632 23 24 a
2283 3626 167 40 quarter
2477 3617 205 50 century's
2710 3617 204 41 residence
2942 3617 40 40 in

1615 3674 79 40 and
1723 3673 125 41 about
1876 3673 68 41 the
1971 3673 117 41 heart
2114 3674 44 40 of
2187 3674 111 42 New
2323 3674 119 41 York
2470 3674 110 51 City,
2611 3676 31 39 it
2668 3691 86 25 was
2782 3692 67 33 my
2877 3676 106 50 good

1619 3732 163 40 fortune
1803 3742 41 30 to
1865 3742 106 31 meet
1991 3748 52 24 no
2065 3732 74 41 less
2161 3733 99 41 than
2282 3743 83 31 two
2386 3749 93 25 men
2500 3734 44 40 of
2566 3734 118 40 mark
2705 3734 95 41 who
2822 3734 162 41 became

1615 3790 123 41 Chief
1773 3791 273 50 Magistrates
2076 3791 43 40 of
2154 3791 67 41 the
2255 3792 171 48 Nation,
2461 3808 123 34 many
2617 3792 179 49 authors,
2832 3793 150 49 artists,

1613 3848 213 50 sculptors,
1858 3849 242 50 journalists
2132 3850 80 40 and
2245 3860 132 31 actors
2408 3850 166 51 already
2604 3850 175 50 famous,
2811 3867 48 25 or
2888 3851 95 41 who

1613 3907 164 51 quickly
1805 3908 140 50 joined
1975 3908 68 40 the
2074 3908 250 49 Immortals,
2355 3909 80 40 and
2467 3925 21 24 a
2518 3909 215 51 glittering
2762 3909 148 51 galaxy
2939 3910 43 40 of

1613 3966 297 50 distinguished
1932 3982 92 25 men
2048 3967 79 40 and
2149 3982 161 26 women
2334 3967 109 41 from
2466 3967 55 41 all
2543 3978 112 38 parts
2676 3968 44 40 of
2744 3968 68 41 the
2833 3968 149 42 world.

2173 4025 154 50 Alfred
2354 4026 151 40 Ernest
2532 4026 108 40 Keet
