3073 4465
1133 73 262 43 BRUNO'S
1457 77 266 40 WEEKLY

2778 83 80 41 943

75 163 129 40 direct
229 163 246 52 obligations
502 175 41 31 to
571 166 67 41 the
667 167 232 41 Hibernian
927 168 149 42 school.
1136 170 301 50 Nevertheless,

73 222 153 49 during
258 222 68 41 the
358 224 237 40 nineteenth
628 236 170 40 century
830 227 80 40 and
944 227 68 40 for
1042 227 98 50 long
1171 229 123 48 prior,
1329 229 107 41 little

73 279 81 41 fine
182 281 186 50 printing
394 297 85 26 was
508 283 104 40 done
641 284 41 39 in
714 283 189 50 Ireland;
934 286 79 40 and
1043 286 68 40 the
1140 286 135 43 Cuala
1306 288 128 47 Press,

73 338 80 40 like
179 354 124 35 many
332 340 221 51 analogous
581 352 204 37 ventures,
815 344 117 40 owed
962 344 51 40 its
1041 345 203 49 inception
1274 346 41 39 in
1344 361 70 25 con-

73 396 198 42 siderable
298 398 145 50 degree
470 409 41 30 to
539 399 193 41 William
762 401 174 41 Morris.
993 402 124 41 With
1146 402 60 42 his
1233 404 205 50 magnetic

71 455 261 51 personality,
396 457 163 41 Morris
619 458 193 50 gathered
876 460 133 40 round
1069 460 85 41 him
1217 476 220 27 numerous

72 513 196 49 disciples,
295 514 252 52 inculcating
571 516 40 40 in
638 516 110 41 them
774 517 59 41 his
858 518 192 40 devotion
1076 528 41 31 to
1143 518 69 42 old
1238 521 196 49 printing,

71 587 150 35 among
248 572 113 41 those
388 573 94 42 who
511 574 111 50 early
650 591 111 24 came
789 577 133 39 under
949 576 60 41 his
1037 577 101 49 spell
1167 578 40 39 in
1237 578 79 40 this
1343 594 93 38 way

71 631 121 50 being
221 631 92 41 Mr.
347 632 150 51 Emery
525 632 190 49 Walker,
747 635 220 50 nowadays
996 635 153 41 known
1181 652 40 24 as
1238 631 81 54 .the
1350 636 85 41 best

71 689 141 41 maker
245 690 44 40 of
325 690 315 49 process-blocks
676 692 40 40 in
755 692 187 41 London.
1009 693 98 41 And
1144 695 32 40 it
1211 710 85 25 was
1331 695 103 40 with

69 747 122 41 much
220 749 214 40 assistance
462 749 109 40 from
600 750 92 41 Mr.
719 750 189 50 Walker,
938 751 32 40 if
998 761 72 31 not
1098 752 179 50 actually
1306 763 40 30 at
1374 753 61 41 his

70 1905 248 50 suggestion,
347 1904 91 42 that
466 1906 110 40 Miss
605 1905 217 41 Elizabeth
849 1906 140 49 Yeats,
1021 1922 21 24 a
1069 1906 117 41 sister
1212 1906 45 41 of
1284 1906 75 42 W.
1389 1907 48 40 B.

69 1962 141 48 Yeats,
241 1965 155 39 started
427 1963 317 52 hand-printing
773 1975 42 30 at
844 1964 68 41 the
941 1964 150 50 village
1120 1965 44 40 of
1196 1965 240 48 Dundrum,

72 2036 99 26 near
203 2021 175 49 Dublin,
412 2021 271 52 marshalling
715 2022 100 51 girls
847 2023 43 40 of
924 2022 68 42 the
1025 2022 337 51 neighbourhood
1397 2033 41 31 to

73 2080 66 41 aid
162 2080 73 41 her
258 2081 41 39 in
323 2081 266 51 type-setting
612 2082 80 40 and
716 2081 70 41 the
809 2081 92 41 like.
956 2081 241 51 Originally
1221 2082 153 41 known
1399 2097 42 25 as

61 2137 79 52 'the
165 2138 102 42 Dun
292 2139 137 49 Emer,
454 2139 68 41 the
544 2155 109 34 press
676 2140 131 41 issued
831 2141 51 39 its
904 2139 90 42 first
1017 2140 105 41 book
1145 2141 41 43 in
1216 2140 118 49 1903,
1362 2140 79 41 this

72 2198 136 50 virgin
238 2196 125 42 effort
392 2198 122 50 being
543 2214 23 24 a
596 2197 215 42 collection
842 2198 44 40 of
916 2213 137 34 poems
1082 2198 45 41 of
1159 2198 92 41 Mr.
1282 2199 75 41 W.
1390 2199 48 41 B.

71 2256 140 47 Yeats,
240 2256 50 40 In
315 2256 68 41 the
408 2256 129 41 Seven
561 2257 185 47 Woods;
772 2257 80 40 and
876 2257 107 40 since
1008 2257 97 40 then
1132 2257 125 40 about
1283 2273 22 24 a
1330 2273 111 24 score

71 2313 44 42 of
139 2313 186 42 volumes
349 2314 103 41 have
476 2315 99 40 been
601 2315 214 49 published
841 2325 42 30 at
909 2315 241 48 Dundrum,
1178 2315 69 41 the
1273 2315 168 41 authors

73 2374 257 48 represented
359 2373 121 51 being
505 2373 141 51 nearly
674 2373 55 41 all
758 2374 118 40 Irish.
921 2372 228 42 Katherine
1175 2372 155 52 Tynan
1360 2374 80 41 and

73 2431 33 40 I.
132 2431 68 41 M.
224 2430 146 52 Synge,
393 2431 194 42 William
609 2431 257 51 Allingham,
892 2431 190 51 Douglas
1106 2432 136 50 Hyde,
1268 2433 81 40 and
1373 2431 67 42 the

70 3314 197 48 exquisite
300 3324 106 40 poet,
728 3315 124 41 books
885 3316 50 50 by
970 3315 56 42 all
1061 3316 109 41 these
1203 3316 102 41 have
1340 3317 98 41 been

71 3372 163 49 printed
266 3372 51 51 by
348 3373 110 41 Miss
488 3374 140 48 Yeats,
661 3374 95 41 who
788 3374 71 41 has
890 3385 72 30 not
993 3374 188 42 confined
1213 3374 151 42 herself
1397 3385 42 31 to

69 3431 80 41 this
169 3431 153 41 branch
343 3431 44 41 of
408 3432 211 48 activities,
643 3432 202 41 however.
899 3433 83 40 For
1002 3433 255 52 throughout
1279 3450 22 25 a
1322 3449 89 26 num-

69 3489 72 41 ber
163 3489 45 41 of
232 3506 115 34 years
371 3490 69 41 she
465 3491 131 41 issued
622 3507 23 24 a
668 3490 133 49 small,
829 3491 233 42 illustrated
1088 3493 228 50 magazine,
1342 3491 98 42 The

71 3548 264 51 Broadsheet,
361 3550 51 40 its
433 3565 120 25 name
575 3549 289 51 subsequently
887 3550 183 51 changed
1096 3561 41 30 to
1162 3550 97 42 The
1283 3551 131 41 Broad-

67 3607 85 40 side
166 3622 8 34 ;
196 3607 125 41 while
344 3607 69 42 she
437 3607 83 42 also
544 3606 143 52 prints'
699 3608 253 50 book-plates
976 3609 260 51 extensively,
1263 3610 81 41 and
1368 3609 71 42 has

69 3666 99 40 been
208 3665 229 52 singularly
477 3666 214 42 fortunate
730 3668 42 39 in
812 3667 219 51 gathering
1071 3668 133 41 round
1245 3668 73 41 her
1358 3668 81 42 fine

69 3726 138 40 artists
233 3735 41 31 to
300 3725 94 53 help
419 3725 102 42 with
548 3726 110 40 these
683 3726 280 49 departments
988 3726 43 41 of
1057 3726 73 41 her
1155 3727 130 41 work.
1343 3726 96 42 One

67 3784 44 40 of
135 3783 68 42 the
226 3793 105 32 most
354 3784 249 41 memorable
627 3783 135 42 Cuala
786 3784 254 50 book-plates
1061 3800 86 26 was
1170 3786 192 50 designed
1388 3787 50 50 by

69 3842 111 42 Miss
207 3842 167 42 Pamela
398 3842 349 50 Colman-Smith,
772 3843 173 41 another
969 3854 141 38 expert
1136 3844 40 40 in
1202 3844 215 42 black-and-

1503 173 126 41 white
1660 174 94 41 who
1786 175 71 41 has
1888 177 141 40 served
2062 176 67 41 the
2161 193 108 34 press
2299 178 98 41 well
2428 178 120 51 being
2581 180 108 40 Miss
2722 180 141 40 Eileen

1504 231 143 51 Greig.
1710 233 96 49 But,
1837 234 44 40 of
1913 234 55 40 all
1999 234 112 42 those
2143 237 218 40 associated
2392 237 102 41 with
2526 237 110 41 Miss
2664 237 129 41 Yeats
2822 239 41 39 in

1503 289 80 41 this
1613 307 33 24 w
1647 307 7 8 r
1657 306 60 36 ay,
1750 291 44 40 of
1826 291 56 42 all
1915 292 111 41 those
2058 293 94 42 who
2185 294 101 41 have
2319 293 259 44 contributed
2612 291 251 46 illustration

1504 358 40 30 to
1576 348 71 41 her
1677 351 214 49 magazine
1922 351 213 48 aforesaid,
2169 368 104 24 none
2305 354 30 39 is
2366 363 40 30 to
2438 353 47 41 be
2515 354 215 49 compared
2761 354 103 42 with

1503 405 71 42 her
1600 406 178 49 brother,
1804 408 104 50 Jack
1931 409 140 41 Yeats.
2126 410 111 48 And,
2265 410 80 41 had
2371 411 68 40 she
2464 412 103 40 done
2593 412 174 50 nothing
2791 412 73 41 but

1503 464 92 50 help
1619 475 40 30 to
1682 466 117 40 make
1820 466 60 41 his
1903 467 116 41 work
2040 468 150 50 widely
2212 469 164 48 known,
2401 469 68 41 she
2491 469 141 42 would
2655 466 85 45 still
2762 470 102 42 have

1503 522 189 42 achieved
1722 525 230 50 something
1979 536 129 40 great.

1499 582 98 33 Jack
1615 582 117 35 Yeats

1559 639 96 41 The
1685 651 182 31 contrast
1899 642 182 41 between
2113 643 67 41 the
2212 644 185 41 brothers
2427 645 129 42 Yeats
2587 646 30 40 is
2649 661 22 25 a
2702 646 162 40 curious

1503 699 79 39 and
1613 699 175 51 striking
1817 715 88 26 one.
1966 699 96 43 The
2091 712 105 38 poet,
2228 701 94 42 who
2354 703 31 40 is
2416 703 170 49 perhaps
2617 703 67 41 the
2716 704 127 41 better-

1501 757 152 40 known
1689 757 44 40 of
1770 757 68 42 the
1874 768 96 38 two,
2009 760 31 40 is
2075 759 231 52 essentially
2342 776 50 24 an
2430 762 157 40 artistic
2620 762 174 49 worker,
2832 767 32 35 it

1503 814 120 51 being
1654 815 108 41 clear
1794 816 89 41 that
1914 816 49 41 he
1992 818 155 51 weighs
2178 818 60 40 his
2269 834 120 35 every
2420 819 145 52 phras3
2594 820 271 51 elaborately;

1502 873 124 41 while
1663 873 113 42 there
1813 890 67 25 are
1915 890 196 36 passages,
2150 877 41 39 in
2228 876 60 41 his
2324 878 182 49 writing,
2544 878 226 51 signifying
2804 879 62 40 his

1501 933 220 48 possession
1746 932 44 41 of
1816 948 42 25 as
1883 933 99 41 keen
2009 949 22 25 a
2055 933 90 41 love
2170 934 44 40 of
2240 934 80 42 fine
2347 935 226 50 technique,
2601 936 66 40 for
2693 937 50 40 its
2768 952 95 26 own

1500 990 106 48 sake,
1636 1006 41 24 as
1703 1006 86 25 was
1814 991 246 42 manifested
2088 992 51 51 by
2166 992 139 50 Keats,
2333 992 227 52 Tennyson
2588 1009 47 26 or
2663 995 201 48 Rossetti;

1502 1047 246 42 Swinburne
1791 1049 138 51 Vrigil
1973 1065 47 25 or
2065 1049 207 43 Catullus.
2347 1051 125 50 Now,
2518 1052 199 51 although
2761 1053 104 50 Jack

1502 1106 128 41 Yeats
1651 1107 31 40 is
1703 1122 21 25 a
1746 1107 296 50 draughtsman
2065 1108 43 40 of
2130 1109 145 50 superb
2298 1110 158 50 vigour,
2481 1112 107 48 fully
2610 1113 257 47 comparable

1504 1165 39 39 in
1578 1164 80 41 this
1691 1165 173 41 relation
1898 1176 41 30 to
1974 1166 108 41 Hals
2113 1182 46 25 or
2192 1167 167 41 Rubens
2390 1184 47 24 or
2469 1169 196 49 Kokusai,
2700 1169 167 51 looking

1503 1232 40 30 at
1572 1222 60 41 his
1659 1223 117 40 work
1804 1224 31 39 it
1863 1224 31 40 is
1922 1224 77 41 felt
2027 1224 90 41 that
2145 1225 49 41 he
2222 1225 137 41 thinks
2387 1226 108 41 little
2524 1227 123 41 about
2677 1228 190 50 drawing

1503 1281 80 40 and
1613 1282 139 49 design
1782 1281 252 42 themselves.
2095 1284 17 39 I
2143 1299 99 25 once
2270 1284 166 41 showed
2466 1284 164 51 George
2661 1286 153 40 Moore
2844 1302 23 25 a

1506 1339 232 49 book-plate
1769 1340 51 50 by
1849 1340 104 50 Jack
1982 1341 140 49 Yeats,
2155 1341 181 42 wherein
2368 1359 85 24 was
2484 1343 160 51 figured
2677 1359 51 25 an
2762 1343 106 42 Irish

1503 1408 173 40 cottage,
1711 1399 51 40 its
1794 1414 142 25 owner
1968 1414 41 25 in
2044 1399 67 41 the
2145 1410 64 30 act
2241 1400 44 41 of
2318 1402 125 49 going
2474 1411 85 38 out,
2594 1402 74 40 but
2700 1401 169 52 looking

1505 1456 239 40 backwards
1767 1472 98 35 very
1889 1456 146 51 fondjy
2060 1458 85 40 into
2171 1458 60 40 his
2257 1474 126 25 room.
2533 1461 110 49 gives
2668 1475 22 25 a
2716 1460 132 41 beauti-

1505 1514 64 41 ful
1599 1529 111 26 sense
1739 1514 44 41 of
2007 1517 86 40 said
2125 1516 166 48 Moore,
2323 1517 137 41 whose
2491 1519 192 40 criticism
2714 1519 44 40 of
2789 1519 61 50 pic-

1504 1583 122 37 tures,
1661 1588 41 25 as
1732 1573 44 40 of
1809 1573 226 50 literature,
2068 1575 31 40 is
2130 1574 116 41 often
2279 1575 123 51 finely
2435 1575 303 52 illuminating;
2771 1578 94 46 and,

1505 1632 40 38 in
1585 1630 113 42 those
1737 1632 150 49 words,
1931 1632 18 40 I
1992 1632 118 41 think
2148 1632 50 42 he
2239 1634 181 40 attained
2462 1639 229 47 something
2731 1638 44 37 of
2816 1651 52 25 an

1504 1689 175 49 epitome
1714 1689 43 40 of
1793 1689 103 51 Jack
1929 1689 141 42 Yeats'
2108 1691 154 50 genius.
2329 1692 82 40 For
2446 1692 80 41 this
2562 1693 119 40 artist
2714 1694 31 40 is
2780 1709 66 34 pre-

1503 1748 193 49 occupied
1734 1747 164 51 always,
1935 1764 47 25 or
2018 1748 141 51 nearly
2195 1748 164 52 always,
2398 1761 71 29 not
2504 1750 103 41 with
2644 1767 22 24 a
2702 1751 167 41 definite

1505 1806 129 41 desire
1669 1816 43 31 to
1747 1816 134 32 create
1915 1806 160 51 beauty,
2114 1807 75 41 but
2221 1808 104 41 with
2361 1809 233 51 expressing
2629 1809 68 41 the
2733 1810 137 41 actual

1547 1865 177 40 ntiment
1748 1863 134 51 of,his
1907 1865 120 51 topic,
2054 1865 53 42 its
2131 1865 118 42 inner
2274 1865 281 52 significance;
2583 1869 79 40 and
2690 1869 40 40 in
2757 1868 114 41 what

1506 1922 157 41 endless
1690 1924 199 40 instances
1915 1923 61 41 his
2002 1924 159 50 subject
2186 1924 216 51 has-given
2430 1940 54 35 up
2511 1926 50 40 its
2587 1926 90 41 soul
2703 1936 42 30 to
2772 1926 98 49 him,

1506 1997 41 25 as
1571 1982 31 40 it
1624 1996 121 26 were.
1799 1982 129 47 Look,
1954 1981 66 41 for
2043 1982 194 49 instance,
2263 1992 42 31 at
2329 1982 69 42 the
2421 1983 234 50 book-plate
2680 1985 191 50 designed

1507 2039 66 40 for
1607 2040 173 41 Lennox
1814 2040 224 49 Robinson,
2072 2041 187 50 showing
2291 2057 23 24 a
2347 2041 109 41 hand
2492 2043 189 50 drawing
2715 2043 99 40 back
2848 2059 23 25 a

1507 2098 174 48 curtain,
1708 2098 136 41 which
1872 2098 187 42 discloses
2088 2115 21 24 a
2136 2114 99 35 cozy
2263 2100 133 50 study,
2425 2100 103 40 with
2557 2116 51 25 an
2637 2101 233 48 arm-chair,

1507 2157 80 40 and
1613 2172 23 25 a
1661 2156 109 41 table
1796 2156 120 41 laden
1942 2157 104 41 with
2072 2157 123 41 books
2222 2157 132 42 beside
2381 2158 68 41 the
2476 2157 85 42 fire.
2619 2159 253 49 Dominique

1507 2215 144 50 Ingres
1672 2215 141 41 would
1837 2215 101 41 have
1962 2215 181 42 lavished
2167 2216 60 41 his
2250 2215 94 42 skill
2366 2232 53 25 on
2443 2217 90 40 that
2556 2217 123 48 hand,
2705 2220 168 49 making

1507 2274 31 39 it
1563 2290 22 24 a
1609 2274 157 40 marvel
1790 2273 44 41 of
1861 2273 188 42 inherent
2075 2274 159 50 beauty,
2263 2290 41 25 as
2329 2274 180 42 likewise
2535 2291 111 25 more
2673 2286 199 41 certainly

1669 2328 18 17 112

1494 3853 212 48 Designed
1734 3854 47 47 by
1809 3853 170 40 Pamela
2009 3853 353 42 Coleman-Smith
