3002 4226
367 263 97 92 3»

1439 271 62 70 S.
1570 273 55 69 I.
1693 275 108 71 M.

361 426 272 66 reporter
667 433 99 37 sur
799 416 81 57 les
913 418 221 76 parties
1169 417 72 58 de
1275 417 186 61 chant
1495 419 285 83 séparées.
1809 424 72 78 Je
1915 427 176 70 crois,
2124 449 81 36 vu
2239 430 54 57 le
2328 431 253 59 nombre
2614 435 243 59 considé-

360 502 162 57 rable
546 501 72 58 de
654 502 311 61 Choristes
993 526 119 58 que
1146 521 66 43 tu
1239 527 59 38 as
1324 510 17 55 1
1366 510 306 59 intention
1701 512 373 83 d'employer
2106 537 156 59 pour
2296 520 216 72 Romeo,
2550 522 182 79 qu'on
2768 546 123 37 sera

362 590 201 81 obligé
600 592 72 57 de
704 591 150 61 faire
880 596 435 80 autographier
1346 600 82 58 les
1461 602 222 79 parties
1716 602 100 60 des
1851 605 160 57 deux
2535 612 139 78 (Les
2698 614 145 58 Mon-

361 694 173 64 tagus
568 694 58 44 et
681 681 83 58 les
800 684 312 81 Capulets)
1143 710 14 46 ;
1195 685 141 59 c'est
1373 704 211 63 quatre
1637 690 112 60 fois
1783 695 280 57 meilleur
2114 696 245 59 marché
2415 720 115 59 que
2582 701 54 57 la
2693 705 194 78 copie.

362 770 224 63 Quand
637 793 74 35 au
770 771 216 60 chœur
1038 775 80 58 du
1176 779 296 79 prologue
1523 794 58 43 et
1637 802 120 38 aux
1810 784 121 57 Soli
1978 784 62 79 je
2097 799 60 43 te
2208 788 82 57 les
2341 791 268 58 enverrai
2661 813 142 37 avec
2839 797 51 54 la

358 860 296 79 partition
690 860 81 58 du
805 861 186 60 chant
1024 888 15 47 ;
1077 866 150 58 mais
1261 866 42 58 il
1336 888 38 58 y
1409 889 141 37 aura
1584 892 80 35 un
1702 873 208 57 travail
1947 870 120 61 fort
2101 877 350 59 minutieux
2484 877 32 59 à
2548 877 147 61 faire
2736 902 155 60 pour

361 950 268 79 corriger
662 950 81 60 les
776 954 252 78 paroles.

541 1039 116 59 Les
713 1042 222 78 parties
969 1042 99 59 des
1119 1044 217 80 grands
1371 1044 261 75 chœurs,
1669 1051 107 78 qui
1834 1052 196 57 m'ont
2063 1056 152 56 servi
2269 1053 30 60 à
2355 1057 235 79 Prague
2642 1073 104 45 ont
2796 1058 94 61 été

360 1124 226 61 semées
637 1150 81 38 un
776 1150 120 61 peu
946 1147 247 66 partout
1244 1150 56 43 et
1350 1155 79 38 on
1487 1137 158 58 m'en
1696 1160 33 35 a
1777 1155 127 43 tant
1957 1142 191 79 perdu
2199 1142 33 58 à
2277 1142 404 86 Pétersbourg
2745 1150 146 78 qu'il

360 1237 64 37 m
447 1239 73 36 en
557 1233 152 44 reste
743 1242 32 36 a
808 1242 179 59 peine
1025 1244 116 36 une
1174 1237 317 47 trentaine.

532 1307 115 79 J'ai
705 1330 78 37 vu
830 1311 288 77 Joachim
1153 1334 96 38 ces
1289 1313 171 80 jours
1494 1317 75 70 ci,
1613 1317 62 79 je
1710 1320 98 56 l'ai
1846 1320 359 79 questionné
2261 1345 99 37 sur
2409 1325 224 81 l'opéra
2689 1326 71 59 de
2797 1329 94 56 De

361 1396 248 80 Verque
643 1399 149 58 dont
819 1414 65 44 tu
921 1423 62 35 m
1007 1423 59 37 as
1101 1401 88 59 dit
1223 1405 334 58 seulement
2816 1407 51 56 le
1830 1410 74 77 Je
1940 1410 264 60 tâcherai
2233 1414 71 56 de
2333 1428 243 44 trouver
2604 1418 287 78 quelques

358 1500 162 45 mots
553 1489 305 78 agréables
915 1513 156 58 pour
1122 1494 17 56 1
1167 1508 215 44 auteur
1416 1495 80 58 du
1537 1498 300 58 Conseiller
1870 1498 209 83 joyeux
2083 1550 14 23 ,
2134 1517 58 43 et
2235 1503 63 80 je
2332 1505 81 57 les
2445 1506 259 79 placerai
2751 1506 140 59 dans

360 1597 146 36 mon
540 1576 297 80 prochain
873 1578 338 63 feuilleton.
1250 1584 178 57 Celui
1463 1584 73 58 de
1561 1587 208 58 Mardi
1795 1588 236 59 dernier
2064 1589 145 60 était
2246 1607 136 67 trop
2416 1595 146 79 long
2587 1620 13 47 ;
2637 1597 54 57 la
2724 1595 167 80 place

358 1665 120 59 m'a
511 1667 287 81 manqué.

531 1757 73 78 Je
639 1772 60 44 te
732 1760 293 58 remercie
1061 1760 72 59 de
1167 1776 107 44 ton
1310 1764 367 82 apostrophe
1711 1788 119 37 aux
1865 1769 451 61 Brunswickois
2351 1797 14 47 ;
2423 1772 356 61 néanmoins
2811 1776 80 57 les

361 1846 311 59 Oratoires
706 1863 216 44 auront
959 1851 269 78 toujours
1261 1852 74 58 de
1369 1854 343 60 nombreux
1745 1860 292 77 partisans
2091 1863 198 78 parmi
2341 1863 82 58 les
2458 1865 433 78 organisateurs

360 1933 72 59 de
469 1936 307 59 Festivals.

541 2027 115 57 Les
711 2049 237 38 œuvres
999 2030 187 80 pieux
1240 2046 105 43 ont
1400 2054 157 58 pour
1612 2035 82 57 les
1750 2040 270 56 soutenir
2077 2055 133 43 tous
2260 2041 82 59 les
2398 2041 338 59 ambitieux
2785 2044 106 78 qui

360 2115 263 80 aspirent
659 2138 120 37 aux
813 2119 196 78 places
1042 2119 298 61 réservées
1373 2122 144 59 dans
1550 2124 53 57 le
1639 2125 114 57 ciel
1787 2140 57 43 et
1880 2140 133 46 tous
2069 2130 81 57 les
2186 2130 278 81 disciples
2498 2131 72 59 de
2605 2153 95 37 ces
2733 2135 126 78 aspi-

358 2218 180 45 rants.
576 2205 82 57 Et
690 2206 138 80 puis
860 2208 56 57 le
950 2228 183 60 genre
1169 2230 326 60 ennuyeux
1520 2211 79 60 !...
1625 2215 144 57 c'est
1796 2216 52 56 le
1876 2237 183 58 genre
2084 2219 367 80 respectable
2476 2234 57 45 et
2559 2220 329 60 admirable

358 2308 169 43 entre
563 2308 151 46 tous.

532 2384 72 78 Je
656 2404 73 37 ne
765 2385 108 57 sais
926 2388 46 56 si
1007 2401 68 43 tu
1110 2402 275 67 comptes
1415 2388 150 60 faire
1612 2390 283 61 exécuter
1929 2397 199 57 Romeo
2158 2408 56 46 et
2239 2398 245 84 Juliette
2517 2413 177 45 avant
2741 2421 145 37 mon

361 2472 229 59 arrivée
624 2472 32 59 à
691 2476 281 58 Weimar
1005 2498 80 37 ou
1119 2479 332 59 seulement
1486 2482 54 56 le
1573 2479 149 61 faire
1757 2482 255 62 étudier.

543 2564 94 58 En
673 2578 135 45 tout
842 2586 96 38 cas
971 2567 141 57 c'est
1146 2589 118 36 une
1298 2569 148 59 rude
1480 2573 347 79 entreprise.

543 2652 113 60 Dis
689 2655 128 57 moi
851 2653 144 60 dans
1049 2657 56 56 la
1159 2656 334 81 prochaine
1527 2661 174 57 lettre
1758 2662 46 57 si
1838 2684 147 38 mon
2037 2665 139 80 plan
2214 2679 58 44 te
2307 2669 190 77 parait
2538 2666 352 60 exécutable

360 2761 156 60 pour
548 2741 56 58 le
637 2764 235 59 voyage
906 2765 118 60 que
1059 2766 150 38 nous
1242 2747 327 79 projetons.
1602 2751 181 57 Voici
1834 2769 314 43 comment
2182 2755 43 57 il
2258 2755 324 61 deviendra
2632 2756 256 81 possible

357 2851 158 61 pour
546 2832 130 59 moi
713 2854 11 37 :

535 2921 70 78 Je
639 2921 202 59 devrai
877 2925 189 79 partir
1098 2925 54 57 le
1199 2921 107 74 10
1344 2948 77 37 ou
1456 2928 53 57 le
1557 2926 107 71 12
1703 2930 378 73 Novembre,
2105 2947 157 44 cette
2296 2933 135 59 date
2456 2949 84 45 est
2568 2934 320 60 combinée

358 3030 145 39 avec
538 3011 82 58 les
653 3009 268 82 époques
954 3010 80 61 où
1058 3014 62 79 je
1156 3014 128 58 dois
1312 3015 125 59 être
1470 3017 240 80 présent
1738 3041 72 35 au
1841 3019 461 62 Conservatoire
2324 3038 58 43 et
2408 3025 198 79 signer
2638 3025 81 59 les
2741 3024 149 60 états

358 3099 83 58 du
475 3100 258 61 caissier.
792 3103 95 57 De
921 3118 160 43 cette
1137 3103 176 81 façon
1358 3105 62 79 je
1454 3127 74 37 ne
1564 3109 146 57 serai
1767 3130 103 59 pas
1903 3111 203 81 obligé
2163 3113 65 57 de
2274 3114 296 57 demander
2601 3137 74 37 un
2709 3116 177 78 congé,

366 3188 93 80 (ce
508 3212 120 59 que
658 3192 64 79 je
753 3212 163 38 veux
948 3191 240 82 éviter).
1218 3196 73 77 Je
1325 3196 203 59 devrai
1565 3197 124 58 être
1747 3198 72 59 de
1852 3215 204 44 retour
2115 3201 180 81 (pour
2345 3204 53 58 la
2450 3204 201 59 même
2685 3203 196 80 cause)

356 3276 56 62 le
451 3298 76 60 25
567 3301 73 38 au
675 3281 133 80 plus
842 3281 150 59 tard.

530 3368 255 79 J'aurais
836 3370 159 59 donc
1047 3392 118 37 une
1219 3373 265 59 semaine
1532 3372 32 61 à
1612 3390 183 44 rester
1828 3375 30 59 à
1893 3378 280 59 Weimar
2204 3381 268 80 pendant
2526 3384 257 78 laquelle
2824 3382 60 80 je

356 3460 246 78 pourrai
667 3460 288 58 entendre
1011 3481 118 38 une
1185 3461 328 81 répétition
1571 3479 59 43 et
1687 3486 118 37 une
1882 3467 474 80 représentation
2432 3470 73 60 de

356 3547 262 82 dirigées
668 3570 108 60 par
831 3551 88 57 toi
1061 3565 58 45 et
1153 3566 243 45 monter
1447 3568 58 43 et
1562 3555 230 58 donner
1825 3578 79 37 un
1942 3574 248 43 concert
2225 3582 118 58 que
2389 3560 62 79 je
2509 3563 283 78 dirigerai
2826 3575 58 44 et

356 3638 142 59 dans
531 3639 200 81 lequel
765 3660 79 37 on
878 3640 339 59 entendrait
2153 3644 198 57 Romeo
2610 3655 56 45 et
2777 3644 114 79 Jul
