3002 4226
1147 248 122 69 LE
1335 248 247 71 MOIS

2526 280 99 70 79

93 389 354 46 reconnaissons
472 391 118 46 aussi
618 407 90 45 que
746 389 273 50 l'ensemble
1048 393 79 47 des
1164 393 85 47 lois
1278 393 56 46 de
1373 410 52 29 ce
1453 393 394 63 développement
1882 414 47 29 se
1968 409 163 37 trouve
2170 400 463 54 harmonieusement

94 457 282 62 personnifié
403 460 114 46 dans
543 460 44 46 la
611 462 175 61 grande
814 462 327 48 individualité
1166 465 239 61 artistique
1433 465 62 45 du
1522 465 194 49 Maître.

235 527 71 48 La
331 529 94 46 fête
451 546 92 46 que
583 547 120 31 nous
741 531 245 49 célébrons
1025 546 68 34 est
1119 534 140 60 donc,
1288 533 114 47 dans
1443 533 42 47 le
1523 551 104 30 sens
1665 534 43 47 le
1749 536 102 62 plus
1890 538 131 46 strict
2059 540 64 47 du
2161 551 163 51 terme,
2354 542 115 48 celle
2496 546 56 47 de
2589 546 44 48 la

93 597 187 48 culture
305 599 252 48 nationale.
586 600 120 47 Bien
733 600 141 65 qu'en
917 603 158 47 même
1113 616 152 49 temps
1303 603 87 47 elle
1429 603 220 48 intéresse
1674 608 117 46 aussi
1830 606 42 47 le
1898 609 174 46 monde
2100 612 165 60 entier,
2291 612 89 47 elle
2420 631 58 29 ne
2519 618 113 59 perd

93 686 118 44 pour
251 670 99 46 cela
388 672 101 45 rien
525 670 56 47 de
621 689 84 30 son
747 673 234 47 caractère
1006 674 335 62 spécialement
1378 675 237 63 hongrois.
1642 675 121 47 Bien
1805 677 116 61 plus,
1947 696 120 30 nous
2102 697 205 32 sommes
2342 701 59 29 en
2429 684 120 49 droit
2575 688 57 47 de

94 738 206 49 déclarer
325 739 249 48 fièrement
600 759 92 29 aux
719 744 192 61 peuples
935 745 80 61 qui
1043 757 107 34 sont
1175 762 85 30 nos
1284 743 129 48 aînés
1439 745 113 47 dans
1578 745 42 47 la
1646 747 275 47 civilisation
1949 767 106 44 que,
2083 767 52 29 ce
2162 768 90 45 que
2291 750 135 51 Liszt
2463 772 118 32 nous
2605 776 28 29 a

92 810 217 61 rapporté
336 823 174 35 venant
536 813 159 62 d'eux,
723 832 118 29 nous
868 832 58 29 en
952 833 144 29 avons
1122 815 264 64 largement
1411 815 118 65 payé
1555 816 43 46 la
1623 818 159 47 valeur
1809 835 80 45 par
1916 835 52 31 ce
1994 819 115 63 qu'il
2145 839 26 28 a
2196 824 149 46 rendu
2370 842 60 29 au
2457 829 172 47 monde

93 880 175 47 civilisé
295 893 105 35 tout
426 885 165 44 entier.
620 882 66 49 Et
712 885 156 61 quand
894 885 66 47 les
986 885 213 62 disciples
1226 886 55 47 de
1310 886 223 60 François
1560 886 148 61 Liszt,
1731 905 145 29 venus
1903 889 56 47 de
1985 901 106 36 tous
2116 890 64 48 les
2205 894 154 60 points
2388 895 62 47 du
2477 896 152 64 globe,

92 966 46 31 se
165 950 246 48 réuniront
452 954 147 60 parmi
640 971 135 43 nous,
804 954 54 47 ils
894 968 304 48 apporteront
1236 955 100 48 leur
1363 956 127 46 dette
1518 957 56 46 de
1612 960 399 61 reconnaissance,
2039 978 117 44 pour
2192 961 64 47 les
2293 964 165 48 trésors
2488 966 26 47 à
2538 985 93 31 eux

92 1021 175 63 légués,
295 1040 97 29 non
418 1023 267 47 seulement
723 1025 25 47 à
788 1025 44 47 la
858 1026 228 47 mémoire
1115 1027 56 46 de
1199 1025 225 62 François
1451 1026 150 62 Liszt,
1628 1031 117 44 mais
1769 1046 171 31 encore
1978 1030 25 47 à
2041 1031 42 46 la
2120 1035 145 57 patrie
2293 1035 56 46 de
2387 1053 53 30 ce
2483 1040 146 61 grand

92 1092 211 48 homme.
331 1092 64 47 Et
423 1093 29 46 il
479 1110 46 30 se
552 1106 218 35 trouvera
807 1096 237 59 peut-être
1071 1097 143 61 qu'en
1244 1097 266 47 établissant
1548 1097 42 47 le
1630 1098 123 47 bilan
1781 1097 110 50 final
1931 1112 133 35 entre
2100 1101 66 47 les
2203 1120 110 44 pays
2337 1106 78 60 qui
2446 1120 84 34 ont
2557 1108 75 49 été

92 1163 56 46 de
187 1175 104 35 tout
329 1175 153 50 temps
521 1163 44 47 la
605 1177 121 34 terre
767 1167 286 47 nourricière
1081 1168 56 46 de
1176 1167 106 47 l'art
1320 1168 212 61 musical,
1561 1181 132 35 entre
1735 1169 65 49 les
1839 1171 168 63 grands
2046 1172 190 62 peuples
2265 1177 77 60 qui
2384 1190 247 51 comptent

92 1233 113 47 dans
229 1234 43 46 le
300 1235 174 46 monde
496 1235 54 46 de
578 1235 43 46 la
647 1237 231 62 musique,
900 1235 115 49 d'un
1043 1238 122 61 côté,
1187 1251 47 35 et
1260 1252 135 33 notre
1423 1241 161 61 patrie,
1606 1241 56 45 de
1689 1239 182 63 l'autre,
1893 1255 134 34 notre
2054 1243 128 47 dette
2208 1261 45 29 se
2280 1247 88 46 soit
2393 1252 239 46 convertie

92 1321 58 28 en
177 1321 66 29 un
270 1305 158 60 acquit
455 1305 170 61 positif.

233 1374 92 48 Les
362 1375 116 46 fêtes
503 1376 64 46 du
595 1376 284 49 Centenaire
906 1392 169 34 eurent
1100 1397 66 29 un
1194 1379 215 63 épilogue
1435 1382 331 48 sensationnel.
1796 1383 153 61 Après
1968 1383 66 47 les
2059 1385 126 45 avoir
2211 1385 242 64 présidées,
2482 1389 76 48 M.
2587 1390 42 47 le

91 1456 157 36 comte
271 1444 137 49 Géza
435 1445 158 66 Zichy
620 1446 169 63 déposa
814 1448 26 45 à
865 1446 299 50 l'Académie
1193 1450 265 64 Hongroise
1486 1451 78 46 des
1590 1450 216 50 Sciences
1830 1470 65 28 un
1924 1453 63 62 pli
2015 1454 208 61 cacheté,
2252 1473 58 30 ne
2337 1458 169 47 devant
2533 1460 98 49 être

89 1528 165 35 ouvert
280 1516 212 62 qu'après
512 1517 78 46 dix
616 1535 97 43 ans,
742 1535 80 45 par
849 1519 138 63 égard
1014 1538 93 29 aux
1134 1538 252 44 personnes
1419 1524 77 61 qui
1522 1535 108 33 sont
1655 1524 207 47 vivantes
1899 1542 184 30 encore.
2114 1525 199 62 D'après
2337 1544 69 31 ses
2432 1530 119 47 dires
2576 1549 53 29 ce

91 1586 62 62 pli
181 1586 194 47 cacheté
395 1589 215 45 contient
635 1589 45 45 la
705 1606 173 45 preuve
906 1590 277 48 irrécusable
1213 1592 55 46 de
1296 1591 43 48 la
1366 1610 294 43 provenance
1687 1592 138 49 réelle
1855 1595 62 46 du
1943 1595 131 61 livre,
2105 1596 188 47 intitulé
2319 1614 11 32 :

91 1657 129 46 miens
247 1669 40 34 et
325 1658 53 46 de
403 1658 95 46 leur
529 1658 188 64 musique
742 1679 48 26 en
819 1660 220 62 Hongrie.
1071 1661 129 56 Quoi
1230 1662 113 62 qu'il
1383 1665 89 44 soit
1498 1663 130 64 signé
1668 1681 79 45 par
1775 1663 134 49 Liszt
1933 1683 83 29 son
2044 1666 221 48 véritable
2303 1681 164 35 auteur
2493 1683 68 35 est
2586 1672 42 46 la

92 1728 230 61 princesse
350 1728 514 64 Sayn-Wittgenstein,
892 1749 53 29 ce
974 1732 211 47 bas-bleu
1214 1732 285 62 impénitent
1523 1733 27 47 à
1575 1735 76 61 qui
1679 1733 97 49 l'on
1804 1736 98 44 doit
1922 1754 65 28 un
2015 1754 200 45 ouvrage
2237 1755 58 29 en
2326 1752 63 46 24
2416 1741 215 48 volumes

89 1815 76 29 sur
313 1797 80 47 Les
525 1816 162 29 raisons
898 1799 256 47 intérieures
1457 1802 52 44 de
1613 1802 45 46 la
1726 1802 202 63 faiblesse
2203 1804 242 45 extérieure
1716 1804 104 49 Elle
1841 1823 26 28 a
1894 1806 114 47 écrit
2032 1806 237 64 l'ouvrage
2295 1810 117 45 dont
2439 1810 29 47 il
2496 1811 133 65 s'agit

91 1881 102 34 tant
220 1886 116 44 pour
362 1869 153 64 égaler
541 1870 44 46 la
610 1870 267 63 réputation
906 1873 56 46 de
990 1872 61 48 M
1053 1878 54 20 me
1133 1873 250 64 d'Agoult,
1409 1874 139 47 —la
1578 1876 128 45 mère
1733 1877 78 46 des
1837 1877 185 47 enfants
2048 1878 55 46 de
2131 1877 149 62 Liszt,
2396 1898 88 45 que
2511 1900 118 43 pour

91 1938 140 62 plaire
258 1957 59 28 au
338 1953 377 50 gouvernement
742 1944 264 46 autrichien
1034 1944 269 47 absolutiste
1331 1944 182 48 d'alors.
1543 1945 96 52 Car
1667 1945 29 47 il
1721 1948 123 44 avait
1870 1945 272 49 l'intention
2171 1948 258 48 d'anéantir
2457 1950 43 47 la
2524 1970 104 30 race

91 2011 247 61 hongroise
366 2023 46 34 et
438 2029 59 28 ne
525 2014 190 60 pouvait
741 2013 325 63 qu'applaudir
1093 2015 25 47 à
1143 2033 94 29 une
1265 2018 226 44 tentative
1518 2017 343 64 d'escamotage
1888 2019 62 45 du
1976 2018 136 65 génie
2139 2020 235 63 hongrois.

233 2080 71 47 La
327 2081 258 47 révélation
614 2084 56 46 de
696 2097 122 34 cette
846 2086 305 47 substitution
1179 2104 89 45 que
1296 2086 40 47 le
1416 2089 68 44 roi
1512 2089 77 46 des
1626 2090 217 59 pianistes
1923 2107 59 28 ne
2009 2090 192 61 pouvait
2228 2108 77 44 pas
2330 2109 171 29 avouer
2525 2111 103 30 sans

91 2168 232 47 manquer
348 2151 26 47 à
399 2170 67 29 ses
498 2152 182 49 devoirs
719 2154 327 49 élémentaires
1072 2157 56 46 de
1155 2157 159 64 galant
1344 2159 211 59 homme,
1584 2171 67 33 est
1677 2159 142 47 d'une
1862 2160 291 60 importance
2194 2161 195 61 capitale
2429 2180 115 44 pour
2580 2182 49 29 sa

91 2221 242 48 mémoire.
383 2222 92 47 Car
515 2222 30 47 il
586 2224 112 47 était
736 2225 91 47 très
872 2226 186 61 pénible
1103 2245 117 43 pour
1265 2227 65 47 les
1358 2229 254 62 Hongrois,
1640 2246 89 45 que
1768 2229 202 47 l'auteur
1997 2230 79 47 des
2114 2246 11 11 *
2133 2232 12 23 c
2163 2230 288 63 Rhapsodies
2490 2234 103 45 Hon-

89 2295 170 61 groises
338 2295 64 44 ait
428 2312 63 44 pu
524 2297 249 45 concevoir
798 2315 95 28 une
921 2297 179 47 théorie
1126 2300 116 47 aussi
1269 2300 196 45 absurde
1491 2318 92 44 que
1611 2319 89 43 peu
1726 2301 296 62 patriotique.
2053 2302 138 46 Aussi
2218 2301 410 51 s'abstenaient-ils

83 2362 220 65 jusqu'ici
345 2365 54 44 de
433 2365 306 49 redemander
780 2366 64 48 les
887 2368 194 47 cendres
1124 2368 56 47 de
1226 2368 133 47 Liszt
1394 2368 24 47 à
1452 2368 337 65 l'Allemagne,
1819 2372 107 45 bien
1965 2370 193 63 qu'elles
2183 2375 150 44 soient
2375 2373 162 63 dignes
2571 2376 56 46 de

89 2451 183 44 reposer
310 2434 113 47 dans
456 2434 42 47 le
526 2434 249 50 Panthéon
802 2438 236 62 hongrois.
1068 2438 314 48 Maintenant
1408 2441 43 45 la
1477 2441 118 63 gêne
1623 2439 197 49 n'existe
1846 2442 103 61 plus
1974 2453 131 35 entre
2145 2443 44 46 le
2229 2445 144 62 grand
2399 2446 157 46 artiste
2582 2458 47 34 et

88 2519 70 31 ses
195 2505 346 60 compatriotes,
588 2518 47 34 et
680 2507 30 45 il
751 2519 67 35 est
865 2508 220 61 probable
1128 2526 89 46 que
1260 2509 45 46 le
1347 2522 374 51 gouvernement
1763 2513 220 61 hongrois
2026 2525 240 34 entamera
2308 2530 105 30 sous
2439 2532 91 43 peu
2563 2514 64 49 les

89 2574 324 64 négociations
450 2593 89 45 que
577 2589 244 50 comporte
847 2579 44 46 la
916 2579 204 47 solution
1150 2580 54 46 de
1234 2592 124 35 cette
1383 2583 232 60 question.
1660 2582 93 47 Les
1780 2582 307 47 déclarations
2112 2584 132 46 faites
2269 2602 91 28 aux
2394 2587 237 47 membres

91 2645 55 46 de
184 2645 44 47 la
267 2645 178 47 famille
489 2646 56 47 de
588 2646 135 49 Liszt
760 2665 79 45 par
877 2649 43 47 le
958 2652 209 44 ministre
1208 2652 55 45 de
1303 2650 322 49 l'lnstruction
1667 2652 243 62 Publique,
1940 2653 42 47 le
2020 2667 157 33 comte
2214 2654 117 62 Jean
2373 2654 166 66 Zichy,
2567 2674 60 30 ne

89 2714 184 48 laissant
299 2716 217 47 subsister
543 2734 155 31 aucun
727 2719 142 47 doute
894 2737 107 29 sous
1027 2737 52 30 ce
1104 2733 203 49 rapport.

2251 2819 58 48 E.
2337 2836 65 31 DE
2429 2820 55 49 B.

231 2931 369 51 EISENACH.
713 2935 70 48 Le
811 2937 184 46 dernier
1023 2937 202 49 Festival
1251 2939 130 47 Bach
1409 2941 289 60 empruntait
1724 2939 25 47 à
1775 2939 43 47 la
1843 2940 150 46 douce
2020 2941 143 60 petite
2191 2941 107 46 ville
2326 2941 298 62 d'Eisenach,

89 3003 121 60 tapie
238 3002 114 47 dans
376 3002 43 47 la
446 3003 121 47 forêt
593 3005 56 45 de
677 3005 258 64 Thuringe
960 3019 47 34 et
1034 3025 89 44 que
1151 3008 190 46 domine
1383 3008 42 47 le
1453 3008 198 47 château
1678 3010 56 45 de
1759 3008 43 47 la
1829 3010 263 63 Wartburg
2129 3011 61 46 où
2215 3011 216 63 Wagner
2455 3030 27 28 a
2506 3012 119 47 situé

89 3073 193 46 l'action
310 3074 56 46 de
722 3073 68 65 Tannliauser,
791 3095 73 28 un
865 3078 196 47 caractère
1099 3078 192 47 familial
1320 3091 46 36 et
1392 3080 56 47 de
1493 3097 137 46 grave
1674 3080 220 47 intimité.
1942 3080 92 47 Les
2078 3081 102 61 plus
2205 3081 203 48 célèbres
2449 3083 153 61 kapell-

91 3144 187 46 meister
306 3156 46 34 et
380 3147 380 61 musicographes
785 3148 57 46 de
869 3148 323 65 l'Allemagne
1218 3149 70 64 s'y
1316 3149 174 47 étaient
1517 3149 157 49 donné
1700 3151 327 47 rendez-vous.

231 3213 39 47 Il
315 3218 296 58 comprenait
637 3219 111 45 trois
774 3217 202 49 séances.
1023 3219 72 47 La
1120 3219 227 62 première
1374 3232 80 35 eut
1494 3220 94 47 lieu
1615 3222 114 45 dans
1767 3219 175 64 l'église
1969 3219 383 65 Saint-Georges,
2392 3222 61 48 où
2495 3223 132 47 Bach

85 3284 113 63 joua
224 3285 169 60 parfois
418 3284 196 65 l'orgue.
644 3287 212 48 Concert
882 3289 256 47 admirable
1166 3290 61 46 où
1268 3290 267 64 l'organiste
1564 3290 202 49 Camille
1792 3290 291 61 Schumann,
2124 3290 62 47 les
2213 3293 250 46 chanteurs
2487 3292 140 66 Tilly

92 3355 225 60 Koenen,
345 3356 138 64 Tilly
505 3358 495 64 Cahnbley-Hinken,
1024 3360 143 47 MM.
1192 3359 184 51 Gustav
1399 3363 303 59 Havemann,
1725 3361 165 47 Alfred
1913 3360 265 65 Gleisberg,
2204 3379 105 31 sous
2328 3363 43 45 la
2397 3364 230 47 direction

89 3426 64 46 du
179 3426 257 61 professeur
465 3426 356 64 Kretzschmar,
850 3430 362 61 interprétèrent
1237 3433 331 61 parfaitement
1593 3433 79 45 des
1695 3449 182 29 œuvres
1907 3433 55 45 de
1999 3433 385 62 Jean-Sébastien
2412 3445 47 35 et
2482 3434 145 63 Jean-

91 3495 285 62 Christophe
422 3496 130 48 Bach
578 3511 48 35 et
653 3499 56 47 de
753 3500 243 61 Johannès
1021 3500 183 48 Eccard
1232 3502 154 63 (i553
1391 3518 47 30 -i
1452 3500 135 65 6io),
1615 3520 64 28 un
1712 3501 272 62 précurseur
2009 3502 58 46 de
2106 3502 399 64 Jean-Sébastien.
2535 3502 94 50 Les

89 3567 239 61 choristes,
356 3568 236 47 vraiment
632 3570 257 47 excellents
929 3571 56 46 de
1027 3571 240 62 cohésion,
1294 3571 176 48 étaient
1496 3572 168 64 dirigés
1692 3590 81 46 par
1799 3572 42 47 le
1869 3574 256 61 professeur
2152 3574 155 63 Julius
2332 3574 292 63 Meininger.

231 3637 70 48 Le
329 3637 287 65 lendemain,
644 3641 123 46 deux
793 3654 216 35 concerts
1033 3659 60 30 au
1120 3641 227 49 Kurhaus
1373 3643 66 47 :à
1471 3659 53 31 11
1559 3645 166 45 heures
1750 3643 63 47 du
1838 3645 166 59 matin,
2027 3655 192 35 concert
2244 3645 56 45 de
2328 3646 214 60 musique
2568 3645 59 47 de
