3002 4226
1464 280 63 70 S.
1596 280 55 69 I.
1718 279 106 71 M.

383 303 40 69 7
448 303 38 51 2

520 426 70 47 Le
617 427 145 62 grand
790 425 110 48 Prix
926 443 25 29 a
978 424 75 49 été
1080 426 201 47 décerné
1305 426 26 47 à
1358 426 76 47 M.
1466 426 213 63 Léopold
1707 426 205 60 Samuel,
1940 426 25 46 à
1991 424 299 49 l'unanimité
2318 427 77 46 des
2430 428 122 45 voix.
2581 427 102 46 Nos
2717 426 196 47 lecteurs

377 514 46 29 se
450 497 315 47 souviennent
792 497 345 46 certainement
1164 497 79 46 des
1269 497 148 62 lignes
1445 497 252 62 élogieuses
1723 515 91 44 que
1843 514 118 29 nous
1987 497 296 46 consacrions
2307 497 26 46 à
2359 514 52 29 ce
2434 499 141 62 jeune
2602 498 312 60 compositeur

379 567 29 46 il
436 585 29 46 y
492 586 25 28 a
544 567 223 62 quelques
794 567 133 47 mois.
957 565 146 48 Elève
1131 568 62 45 du
1223 568 178 46 Maître
1428 567 158 63 Edgar
1613 567 168 60 Tinel,
1811 567 77 47 M.
1919 566 212 62 Léopold
2159 567 186 47 Samuel
2373 567 189 61 possède
2599 584 95 28 une
2732 567 181 46 culture

378 638 304 61 approfondie
707 659 12 36 ;
747 637 30 46 il
804 656 26 27 a
856 638 160 45 mieux
1046 654 10 30 :
1086 637 113 47 c'est
1224 656 65 28 un
1317 640 155 44 artiste
1500 640 116 44 dont
1643 637 309 62 l'inspiration
1980 637 224 63 originale
2231 651 46 32 et
2302 638 167 45 subtile
2496 654 118 29 nous
2639 638 120 46 avait
2787 637 125 60 ému,

378 708 78 46 dès
494 706 244 48 l'audition
780 708 54 45 de
871 708 224 62 quelques
1129 708 238 48 mélodies.
1398 709 136 46 Nous
1559 725 204 30 sommes
1789 710 210 45 heureux
2029 708 173 45 d'avoir
2230 707 74 46 été
2332 708 63 45 les
2420 710 221 59 premiers
2667 708 25 45 à
2717 706 197 63 signaler

377 778 43 46 la
458 778 315 62 personnalité
810 796 91 44 que
941 779 42 45 le
1021 779 160 46 succès
1218 796 221 29 consacre
1481 779 351 46 officiellement
1870 778 320 64 aujourd'hui.
2234 778 136 46 Nous
2409 795 29 45 y
2478 779 297 44 reviendrons
2815 778 99 60 plus

378 849 311 62 longuement
729 849 130 61 après
899 847 286 48 l'exécution
1229 850 224 61 publique
1480 851 55 45 de
1576 867 83 29 son
1697 866 179 42 œuvre,
1904 849 26 46 à
1956 849 42 45 la
2030 849 165 46 séance
2224 849 55 46 de
2307 848 310 46 l'Académie.
2647 847 92 47 Les
2763 861 152 33 autres

378 918 197 47 lauréats
594 931 106 34 sont
719 936 10 29 :
755 919 76 46 M.
856 920 61 46 A.
941 918 173 65 Mahy,
1137 919 126 47 élève
1287 921 55 44 de
1366 920 76 47 M.
1467 920 149 46 Tinel
1643 931 46 34 et
1716 920 115 45 chef
1849 920 55 45 de
1932 921 213 60 musique
2172 936 59 28 au
2258 918 235 63 régiment
2519 920 77 44 des
2621 919 292 59 carabiniers,

380 989 29 46 il
437 990 181 45 obtient
646 990 41 47 le
715 990 199 61 premier
941 991 170 45 second
1140 991 146 61 grand
1314 990 109 47 Prix
1447 1011 11 38 ;
1501 989 77 48 M.
1608 990 108 46 Van
1746 990 145 59 Hoof,
1921 990 127 46 élève
2088 990 55 45 de
2182 989 76 47 M.
2288 990 119 62 Jean
2437 988 153 47 Blokx
2617 1005 10 30 :
2668 988 245 46 deuxième

377 1061 173 45 second
577 1061 146 61 grand
752 1059 109 48 Prix
888 1083 12 36 ;
931 1059 77 49 M.
1037 1060 131 65 Sarly
1190 1078 11 30 :
1232 1060 227 62 première
1488 1062 214 44 mention
1731 1082 11 36 ;
1772 1059 76 47 M.
1878 1059 340 61 Brusselmans,
2246 1059 198 47 seconde
2473 1060 230 46 mention.
2725 1056 14 26 1

605 1130 89 48 Les
710 1143 163 50 quatre
891 1145 213 33 concerts
1126 1132 61 46 du
1207 1131 357 47 Conservatoire
1585 1132 56 44 de
1662 1131 43 45 la
1725 1132 148 46 saison
1895 1143 105 34 sont
2021 1130 115 47 fixés
2155 1148 91 28 aux
2269 1131 272 45 dimanches
2563 1143 64 45 24
2649 1127 263 61 décembre,

380 1200 62 49 28
467 1202 195 63 janvier,
687 1216 58 33 21
779 1200 167 48 février
973 1213 47 34 et
1048 1216 57 49 31
1140 1219 135 30 mars.
1298 1201 72 48 La
1390 1201 249 62 répétition
1662 1201 214 62 générale
1899 1219 114 43 pour
2037 1201 64 46 les
2120 1200 208 47 abonnés
2347 1218 111 28 aura
2478 1200 92 46 lieu
2592 1199 42 46 le
2654 1199 222 46 vendredi
2900 1219 13 37 ;

378 1272 42 46 la
445 1271 249 61 répétition
723 1271 215 64 générale
966 1272 244 46 accessible
1238 1291 59 27 au
1324 1272 146 62 grand
1498 1272 174 60 public,
1695 1272 42 45 le
1759 1272 127 63 jeudi
1915 1271 256 61 précédant
2198 1273 179 60 chaque
2404 1282 208 48 concert,
2634 1270 24 45 à
2681 1284 27 32 2
2732 1270 180 46 heures.

520 1342 77 48 M.
627 1342 151 46 Tinel
804 1360 26 28 a
854 1343 178 62 engagé
1060 1343 78 45 des
1162 1342 175 46 solistes
1364 1343 61 45 du
1453 1343 144 45 chant
1623 1343 166 45 choisis
1816 1343 146 59 parmi
1991 1341 64 47 les
2081 1342 101 60 plus
2207 1340 186 62 réputés
2419 1341 112 45 dans
2556 1339 41 47 le
2620 1340 215 46 domaine
2858 1340 54 45 de

376 1412 238 47 l'oratorio
637 1430 11 30 :
679 1411 165 48 Mmes
870 1413 138 64 Tilly
1037 1412 491 65 Cahnbley-Hinken,
1552 1412 158 47 Maria
1738 1411 218 62 Philippi,
1978 1411 520 64 Wybauw-Detilleux
2523 1432 11 37 ;
2559 1409 142 47 MM.
2725 1410 60 47 R.
2809 1409 78 47 Pla-

378 1484 212 45 mondon
631 1496 47 34 et
723 1482 234 48 Froelich.
987 1483 233 47 Plusieurs
1265 1484 278 60 professeurs
1583 1483 63 45 du
1692 1482 357 47 Conservatoire
2090 1494 157 34 seront
2287 1481 183 61 appelés
2507 1481 25 45 à
2570 1481 245 61 participer
2853 1497 58 28 en

376 1553 176 47 solistes
577 1571 91 29 aux
696 1566 230 47 concerts,
955 1566 300 34 notamment
1282 1552 144 49 MM.
1457 1552 78 47 De
1564 1552 163 62 Greef,
1757 1552 216 61 Desmet,
2004 1550 233 62 Giirickx,
2267 1551 156 63 Mahy
2450 1563 45 34 et
2522 1551 269 46 Thomson.

520 1623 69 47 Le
632 1626 200 59 premier
874 1637 193 33 concert
1107 1642 98 28 sera
1245 1624 218 46 consacré
1508 1623 25 46 à
1573 1623 262 48 l'Oratorio
1880 1623 55 45 de
1978 1623 124 46 Noël
2145 1625 55 43 de
2243 1623 230 45 Heinrich
2516 1621 177 47 Schùtz
2731 1633 46 33 et
2814 1620 25 46 à
2869 1620 42 45 la

377 1694 265 46 Neuvième
672 1694 292 64 Symphonie
991 1696 55 44 de
1075 1694 289 48 Beethoven.
1396 1694 154 47 Parmi
1578 1694 65 46 les
1676 1707 153 33 autres
1863 1710 226 45 ouvrages
2128 1694 115 45 dont
2280 1692 286 46 l'exécution
2605 1705 66 33 est
2709 1691 202 63 projetée

375 1763 207 65 figurent
625 1766 121 45 deux
788 1765 227 47 Cantates
1055 1766 54 45 de
1150 1765 118 63 J.-S.
1312 1765 148 59 Bach,
1489 1765 42 44 la
1573 1764 231 61 Rapsodie
1844 1781 115 44 pour
1997 1764 232 45 contralto
2269 1776 44 33 et
2352 1764 166 45 chœur
2557 1761 263 46 d'hommes
2855 1762 54 44 de

377 1835 217 61 Brahms,
622 1835 42 46 le
698 1834 62 47 Te
785 1836 145 45 Deum
959 1837 54 44 de
1042 1835 262 61 Brùckner,
1332 1835 237 46 l'oratorio
1597 1834 285 62 Rédemption
1911 1835 53 45 de
1994 1834 143 47 César
2174 1834 201 59 Franck,
2403 1834 77 45 des
2518 1833 309 63 Symphonies
2854 1832 54 45 de

379 1907 192 62 Haydn,
602 1905 195 47 Mozart
838 1919 46 34 et
929 1907 291 59 Schumann,
1248 1924 65 28 un
1358 1906 240 46 Concerto
1641 1906 421 61 brandebourgeois
2100 1906 54 44 de
2184 1905 146 59 Bach,
2357 1922 65 27 un
2452 1903 238 47 Concerto
2718 1902 190 61 d'orgue

377 1978 57 44 de
465 1976 231 60 Haendel,
726 1990 89 33 etc.

604 2048 113 46 Sous
737 2047 43 46 la
797 2046 357 47 dénomination
1176 2048 56 45 de
1254 2046 221 54 Quatuor
1495 2046 292 60 Chaumont,
1810 2044 144 50 MM.
1979 2045 292 60 Chaumont,
2295 2044 310 61 Morisseaux,
2629 2043 214 62 Rogister
2865 2054 45 33 et

378 2116 233 48 Dambois
636 2118 268 46 donneront
929 2130 76 33 cet
1032 2118 130 45 hiver
1189 2135 57 27 en
1274 2117 43 45 la
1345 2117 117 47 Salle
1489 2117 261 45 allemande
1789 2129 159 49 quatre
1989 2116 187 46 séances
2217 2116 55 45 de
2315 2115 215 60 musique
2574 2115 53 44 de
2670 2114 235 45 chambre.

378 2187 71 47 Le
490 2204 229 30 concours
763 2188 62 46 du
870 2187 319 62 remarquable
1234 2189 193 60 pianiste
1473 2186 156 48 Emile
1669 2187 207 62 Bosquet
1920 2187 99 45 leur
2057 2199 67 33 est
2161 2185 151 47 assuré
2347 2202 114 44 pour
2505 2184 288 46 l'exécution
2833 2183 76 45 des

376 2275 186 30 œuvres
587 2275 112 30 avec
726 2260 155 59 piano.

520 2366 356 49 OSTENDE.
918 2367 176 46 —La
1138 2367 133 46 saison
1315 2368 51 44 de
1416 2382 87 47 191
1523 2382 39 31 1.
1687 2365 138 47 Cette
1867 2366 237 59 année-ci,
2135 2364 134 47 Léon
2315 2364 248 61 Rinskopf,
2592 2362 40 46 le
2675 2361 232 63 distingué

376 2438 418 46 chef-d'orchestre
839 2451 46 33 et
930 2439 232 45 directeur
1205 2439 239 59 artistique
1489 2438 60 44 du
1597 2437 214 58 Kursaal,
1841 2455 25 26 a
1893 2436 188 46 innové.
2137 2435 91 47 Les
2278 2447 212 34 concerts
2539 2434 259 61 artistiques
2848 2433 61 44 du

378 2509 238 61 vendredi,
644 2526 59 28 au
744 2509 93 45 lieu
873 2509 56 45 de
957 2526 45 28 se
1030 2509 180 45 donner
1238 2509 112 45 dans
1376 2508 42 45 la
1444 2508 173 61 grande
1644 2507 195 45 rotonde
1869 2507 61 45 du
1960 2506 215 60 Kursaal,
2205 2506 170 44 devant
2401 2505 42 45 la
2470 2504 125 45 foule
2624 2503 212 63 élégante
2863 2514 45 33 et

377 2579 352 62 plastronnante
757 2580 78 45 des
861 2580 287 45 snobinettes
1175 2590 46 33 et
1248 2580 76 44 des
1350 2579 152 58 snobs,
1531 2590 84 33 ont
1643 2577 76 46 élu
1745 2577 218 46 domicile
1991 2595 58 27 au
2076 2576 214 46 Théâtre
2318 2575 168 62 Royal.
2516 2573 63 47 Et
2620 2573 157 46 c'était
2817 2573 91 45 fort

376 2651 227 59 heureux,
632 2667 76 29 car
734 2661 134 34 outre
896 2667 88 44 que
1011 2649 63 46 les
1101 2650 137 60 petits
1260 2649 165 63 jeunes
1451 2665 113 45 gens
1590 2665 58 28 en
1676 2648 92 45 mal
1797 2648 54 45 de
1880 2647 251 62 galanterie
2159 2658 44 33 et
2225 2646 63 45 les
2314 2647 165 59 petites
2515 2643 287 46 demoiselles
2828 2643 77 61 qui

374 2738 47 28 se
447 2721 104 45 font
577 2733 163 33 conter
767 2721 213 45 fleurette
1007 2719 229 46 n'étaient
1263 2737 77 43 pas
1366 2719 43 45 là
1434 2736 116 44 pour
1579 2720 309 58 interrompre
1916 2717 41 46 le
1984 2716 356 47 recueillement
2367 2717 53 44 de
2449 2733 118 28 ceux
2602 2716 78 60 qui
2718 2715 189 44 vinrent

376 2808 79 44 par
493 2808 166 28 amour
698 2792 56 44 de
792 2790 43 46 la
873 2792 229 59 musique,
1131 2789 243 63 l'exiguité
1417 2789 191 45 relative
1636 2790 54 44 de
1719 2789 42 45 la
1785 2787 107 47 salle
1921 2789 268 59 permettait
2217 2787 54 45 de
2298 2787 123 45 saisir
2448 2798 103 33 tous
2577 2785 63 45 les
2666 2783 160 47 détails
2852 2784 54 44 de

375 2861 302 47 l'exécution.
709 2861 328 62 Remarquons
1063 2862 115 45 aussi
1220 2877 89 44 que
1350 2861 78 44 des
1472 2860 151 60 places
1664 2859 55 44 de
1766 2874 16 30 1
1818 2859 53 46 fr.
1912 2870 45 33 et
1999 2859 54 44 de
2098 2869 117 47 0.50
2244 2858 53 45 fr.
2338 2856 174 46 étaient
2551 2855 226 45 réservées
2815 2871 91 27 aux

376 2943 233 35 amateurs
648 2950 88 42 peu
779 2931 210 47 fortunés
1014 2949 8 28 :
1068 2949 51 28 ce
1161 2949 59 28 ne
1256 2931 72 46 fut
1355 2947 77 45 pas
1458 2930 40 45 le
1528 2930 214 45 moindre
1769 2930 77 45 des
1873 2928 187 46 mérites
2088 2929 54 44 de
2168 2939 123 34 cette
2319 2927 290 44 innovation.
2641 2925 91 46 Ces
2759 2924 148 61 places

376 3003 158 45 furent
562 3003 106 45 bien
696 3004 196 61 garnies,
920 3019 53 29 ce
1001 3003 78 59 qui
1108 3018 174 44 prouve
1310 3018 94 28 une
1431 3001 85 45 fois
1543 3001 54 44 de
1626 2999 101 61 plus
1753 3017 90 43 que
1869 2999 43 45 la
1939 3000 141 60 petite
2111 2999 284 60 bourgeoisie
2424 3008 45 35 et
2504 2997 41 45 la
2579 2997 211 63 jeunesse
2830 2994 77 45 des

376 3072 150 47 écoles
552 3072 120 47 n'est
700 3090 76 43 pas
801 3074 116 44 aussi
946 3071 170 47 rebelle
1145 3070 142 64 qu'on
1317 3071 42 46 le
1386 3071 185 46 croirait
1597 3070 25 46 à
1648 3070 42 45 la
1718 3070 154 44 bonne
1900 3070 230 60 musique.

515 3142 40 46 Il
602 3160 29 46 y
673 3155 81 34 eut
797 3144 113 45 ainsi
955 3144 68 45 six
1068 3154 213 34 concerts
1326 3140 223 62 auxquels
1592 3139 339 46 collaborèrent
1981 3140 200 61 Jacques
2231 3137 244 59 Thibaud,
2523 3135 153 47 Raoul
2722 3135 182 62 Pugno,

378 3212 238 48 Kathleen
640 3212 186 46 Parlow
847 3213 294 62 (violoniste),
1166 3211 275 49 Geneviève
1465 3210 225 64 Dehelly,
1717 3211 174 60 Joseph
1913 3227 90 28 van
2032 3210 107 62 Roy
2167 3207 250 64 (pianistes)
2443 3219 46 33 et
2516 3207 40 44 le
2592 3205 314 46 déclamateur

377 3283 169 62 Vogel.
577 3283 70 47 Le
674 3284 200 60 premier
901 3283 171 46 débuta
1100 3300 78 44 par
1205 3282 284 46 l'ouverture
1526 3283 55 43 de
1622 3281 42 45 la
1703 3280 137 46 Flûte
1883 3280 276 58 enchantée,
2189 3291 130 33 toute
2359 3278 55 45 de
2447 3278 92 62 joie
2582 3288 45 34 et
2666 3277 54 44 de
2761 3275 143 46 soleil.

376 3353 230 46 Thibaud
647 3371 119 28 nous
804 3354 157 45 donna
998 3355 180 44 ensuite
1220 3370 93 28 une
1342 3351 353 61 interprétation
1723 3350 139 46 noble
1890 3363 45 33 et
1961 3351 90 45 très
2076 3349 144 64 stylée
2248 3350 62 44 du
2336 3358 221 36 concerto
2584 3348 54 44 de
2666 3345 156 46 violon
2850 3346 55 45 de

376 3424 293 48 Beethoven.
700 3424 69 48 Ce
797 3424 72 46 fut
909 3441 93 29 une
1049 3425 54 44 de
1143 3440 74 29 ces
1253 3424 282 63 jouissances
1573 3422 294 45 éminement
1893 3421 262 60 artistiques
2182 3420 115 45 dont
2323 3436 59 28 on
2411 3418 137 62 garde
2575 3417 264 61 longtemps
2866 3415 39 45 le

491 3518 11 23 1
526 3521 55 37 Le
599 3521 95 50 jury
726 3533 38 24 se
788 3519 223 53 composait
1033 3519 48 38 de
1115 3519 125 38 MM.
1266 3518 137 49 Edgar
1424 3515 136 46 Tinel,
1584 3516 201 54 président
1811 3533 10 32 ;
1843 3514 132 40 Emile
1998 3516 205 45 Mathieu,
2227 3515 198 37 directeur
2458 3514 53 37 du
2536 3511 300 40 Conservatoire
2858 3511 48 38 de

375 3578 119 39 Gand
519 3595 9 32 ;
566 3576 159 53 Sylvain
748 3578 174 52 Dupuis,
945 3577 198 38 directeur
1165 3577 55 36 du
1244 3575 303 39 Conservatoire
1569 3575 48 37 de
1639 3574 122 49 Liège
1786 3591 10 31 ;
1817 3575 111 37 Léon
1951 3575 70 36 Du
2051 3573 103 47 Bois,
2178 3573 197 37 directeur
2397 3572 47 37 de
2466 3569 152 39 l'Ecole
2639 3570 48 37 de
2710 3570 196 49 Musique

374 3636 48 37 de
444 3635 183 38 Louvain
653 3653 10 31 ;
685 3635 237 48 Mestdagh,
946 3634 198 38 directeur
1164 3634 49 37 de
1234 3631 153 40 l'Ecole
1409 3632 48 38 de
1479 3632 197 51 Musique
1698 3632 49 37 de
1770 3633 151 47 Bruges
1938 3648 10 32 ;
1964 3633 89 36 Van
2071 3631 76 38 den
2167 3631 126 46 Eden,
2312 3629 198 38 directeur
2531 3629 53 36 du
2605 3626 300 39 Conservatoire

374 3694 47 38 de
444 3693 130 39 Mons
595 3702 37 30 et
654 3693 212 47 Lunssens,
890 3692 198 38 directeur
1110 3692 47 37 de
1180 3690 153 39 l'Ecole
1355 3690 47 38 de
1426 3690 196 51 Musique
1644 3690 49 37 de
1715 3688 199 40 Courtrai.
