3002 4226
291 1151 89 60 La
412 1152 277 80 majorité
724 1155 98 58 des
856 1156 201 60 lettres
1100 1155 271 84 publiées
1414 1160 81 57 ici
1538 1161 342 80 appartient
1931 1183 75 36 au
2065 1162 221 60 Musée
2346 1166 290 59 National

110 1236 317 85 Hongrois
477 1242 72 59 de
585 1244 321 81 Budapest,
940 1260 60 45 et
1048 1263 86 43 est
1183 1245 245 62 inédite.
1467 1249 116 59 Les
1622 1264 196 46 autres
1867 1265 107 45 ont
2022 1273 149 60 paru
2206 1254 80 57 du
2319 1255 210 58 vivant
2565 1255 72 58 de

108 1326 171 61 Liszt
314 1330 142 60 dans
491 1331 99 59 des
621 1331 235 61 feuilles
907 1334 376 84 hongroises,
1335 1357 67 39 ce
1435 1353 136 44 sont
1617 1339 174 60 celles
1825 1360 118 60 que
1973 1340 63 80 je
2095 1340 243 83 désigne
2393 1363 243 39 comme

182 1439 119 60 peu
336 1440 265 41 connues

287 1509 116 60 Les
435 1510 203 61 lettres
672 1513 74 58 de
779 1514 170 60 Liszt
982 1517 234 80 parlent
1248 1538 157 60 pour
1438 1518 424 74 elles-mêmes,
1889 1534 60 46 et
1982 1520 82 60 les
2098 1542 145 60 gens
2280 1523 216 58 avertis
2529 1538 108 45 ont

106 1614 301 45 rarement
440 1599 206 61 besoin
682 1603 99 58 des
814 1607 469 58 commentaires
1315 1608 190 80 qu'on
1538 1630 40 61 y
1611 1611 273 77 pourrait
1916 1609 327 80 adjoindre.
2290 1611 344 72 Toutefois,

107 1706 244 41 comme
383 1689 56 59 la
469 1692 244 81 plupart
748 1693 99 60 des
880 1692 301 82 présentes
1214 1712 135 43 sont
1381 1697 274 60 relatives
1688 1720 120 37 aux
1839 1715 275 65 rapports
2149 1701 70 57 de
2266 1701 168 59 Liszt
2490 1721 146 39 avec

103 1776 55 58 la
192 1776 305 84 Hongrie,
522 1780 64 80 je
620 1783 155 58 crois
808 1781 324 62 nécessaire
1166 1786 102 82 d'y
1302 1786 231 80 ajouter
1566 1807 82 39 un
1682 1788 154 80 petit
1869 1786 370 82 préambule.

285 1868 169 61 Liszt
486 1886 177 65 parut
695 1894 158 60 pour
883 1875 56 58 la
958 1874 298 82 première
1277 1875 117 61 fois
1419 1898 74 36 en
1519 1877 231 82 public,
1773 1877 143 60 dans
1960 1899 105 38 son
2092 1899 164 62 pays,
2285 1900 74 38 en
2385 1879 251 59 octobre

113 1955 187 76 1820,
333 1956 32 60 à
413 1960 250 81 Sopron.
703 1962 87 59 Le
846 1965 79 58 26
963 1965 330 60 novembre
1328 1965 72 60 de
1433 1968 55 57 la
1519 1966 203 59 même
1757 1965 188 61 année
1978 1969 43 57 il
2059 1989 58 38 se
2164 1966 69 62 fit
2281 1969 286 59 entendre
2600 1968 34 59 à

107 2045 278 86 Pozsony
427 2049 415 85 (Pressbourg)
886 2053 142 59 dans
1060 2055 54 57 le
1148 2056 185 80 palais
1366 2055 81 60 du
1479 2058 210 78 prince
1724 2056 352 84 Esterhazy.

282 2136 196 83 Après
511 2141 168 58 avoir
732 2140 203 61 étudié
986 2141 33 60 à
1054 2144 238 58 Vienne
1348 2166 143 38 avec
1550 2145 260 84 Czerny,
1847 2147 41 57 il
1921 2148 130 57 vint
2102 2144 32 60 à
2189 2147 137 59 Pest
2377 2148 259 80 prendre

105 2225 193 82 congé
367 2228 72 58 de
502 2249 58 39 sa
605 2232 190 78 patrie
859 2247 180 44 avant
1104 2233 71 58 de
1237 2255 266 63 voyager
1565 2232 32 61 à
1641 2233 343 84 l'étranger,
2041 2251 60 44 et
2163 2258 40 61 y
2265 2237 199 58 donna
2525 2256 107 39 son

103 2332 247 43 concert
383 2318 54 58 le
480 2338 21 40 1
546 2319 140 60 Mai
732 2321 183 81 1823.
954 2321 53 59 H
1039 2321 84 62 fît
1171 2343 82 39 un
1286 2343 236 64 voyage
1554 2345 73 37 en
1665 2324 229 59 France
1927 2346 145 38 avec
2103 2326 54 57 le
2208 2324 226 60 dessein
2468 2326 71 58 de
2573 2346 60 38 se

102 2403 450 81 perfectionner
586 2409 142 60 dans
760 2431 107 39 son
901 2427 109 56 art,
1047 2427 60 45 et
1142 2412 71 60 de
1248 2413 267 71 devenir,
1551 2434 244 39 comme
1849 2415 55 58 le
1957 2415 174 58 disait
2185 2416 317 57 l'annonce
2561 2415 75 58 de

102 2514 107 38 son
244 2512 245 45 concert
597 2501 154 57 aussi
785 2521 80 37 un
924 2522 245 39 rameau
1214 2502 72 59 de
1319 2503 54 59 la
1424 2522 215 63 parure
1692 2502 71 60 de
1819 2525 60 37 sa
1933 2505 191 80 patrie
2176 2501 366 62 bien-aimée

284 2585 123 61 Dès
427 2589 139 71 lors,
588 2590 56 58 la
667 2589 285 82 Hongrie
974 2591 107 61 dut
1101 2592 348 82 longtemps
1471 2614 60 38 se
1552 2608 318 44 contenter
1891 2594 99 58 des
2011 2591 181 61 échos
2217 2594 69 58 de
2308 2614 60 38 sa
2388 2614 208 38 renom-

101 2671 133 60 mée
268 2695 130 40 sans
450 2698 156 38 cesse
660 2681 339 59 croissante.
1039 2681 168 59 Mais
1250 2702 74 38 en
1380 2681 186 80 1839,
1625 2683 40 57 il
1720 2684 199 57 revint
1974 2684 89 81 s'y
2116 2680 149 61 faire
2322 2683 307 58 entendre.

105 2763 301 62 Personne
440 2768 277 81 n'ignore
750 2790 146 39 avec
930 2769 141 82 quel
1104 2770 450 61 enthousiasme
1588 2773 42 57 il
1662 2770 96 61 fut
1790 2773 152 58 alors
1975 2793 164 60 reçu,
2186 2773 62 57 ni
2291 2773 55 57 le
2464 2771 165 59 sabre

102 2853 343 61 d'honneur
553 2879 118 60 que
704 2859 88 58 lui
826 2859 278 60 offrirent
1137 2859 32 60 à
1203 2881 107 39 son
1345 2876 247 44 concert
1627 2862 80 58 du
1742 2881 41 58 4
1809 2862 245 78 Janvier
2097 2860 164 78 1840
2318 2862 83 58 les
2457 2882 132 60 mag-

99 2958 149 45 nats.
295 2944 192 78 (Liszt
520 2967 58 38 se
610 2948 90 58 vit
732 2947 166 59 forcé
931 2947 32 59 à
999 2970 68 38 ce
1099 2970 223 60 propos
1372 2948 251 61 d'écrire
1662 2950 71 59 de
1785 2948 372 82 Hambourg
2205 2971 75 37 au
2330 2950 303 58 directeur

101 3030 72 59 de
206 3033 56 58 la
497 3036 197 58 Revue
950 3036 93 59 des
1201 3038 467 73 Deux-Mondes^
1147 3039 54 58 le
1239 3039 77 60 26
1357 3039 270 59 Octobre
1664 3038 185 79 1840,
1877 3060 119 38 une
2027 3039 176 59 lettre
2229 3036 79 62 où
2336 3039 42 58 il
2410 3037 186 82 répon-

101 3121 123 63 dait
258 3144 120 40 aux
409 3141 275 67 attaques
718 3128 149 60 dont
896 3149 72 38 ce
1001 3127 95 61 fut
1128 3128 55 59 le
1216 3127 326 83 prétexte).

281 3215 179 59 Cette
493 3215 297 73 année-là,
826 3217 42 59 il
900 3218 175 59 visita
1109 3238 105 39 son
1248 3217 219 83 village
1500 3218 179 72 natal,
1717 3218 268 80 Raiding
2039 3216 410 81 (aujourd'hui
2496 3217 92 59 Do-

99 3300 258 84 borjan).
395 3306 80 60 Et
533 3309 266 80 quelque
850 3323 198 68 temps
1103 3328 218 39 encore
1372 3306 259 61 s'écoula
1677 3306 244 83 jusqu'à
1974 3305 335 62 réalisation
2356 3306 275 81 partielle

101 3391 71 59 de
205 3415 87 40 ses
325 3394 182 62 désirs
539 3411 58 45 et
633 3398 72 58 de
737 3418 88 38 ses
856 3395 225 62 efforts.
1185 3398 120 78 J'ai
1336 3395 152 61 faim
1521 3411 58 45 et
1612 3395 123 61 soif
1759 3398 71 58 de
1863 3411 315 45 retourner
2210 3417 74 38 en
2318 3396 309 80 Hongrie.

98 3481 172 65 Tout
303 3486 283 59 souvenir
620 3486 73 59 de
726 3484 190 62 là-bas
949 3507 33 38 a
1015 3485 144 60 dans
1190 3507 149 38 mon
1367 3486 135 58 âme
1536 3485 99 60 des
1668 3486 228 59 racines
1922 3484 325 82 profondes
2341 3483 150 61 écrit
2525 3484 59 60 il.
2610 3483 15 28 J

214 3625 12 25 1
258 3629 58 39 La
338 3628 136 40 Mara.
508 3629 135 39 Lettre
673 3627 49 41 de
755 3628 44 39 F.
832 3627 118 48 Liszt,
985 3627 54 40 T.
1073 3627 33 40 I.
1138 3625 26 42 1.
1200 3639 51 37 30
1285 3627 39 49 (à
1357 3627 44 39 F.
1434 3639 79 28 von
1546 3625 191 51 Schober)
