2582 4500
2273 3769 160 103 223

145 359 238 92 LA
511 333 491 120 CITÉ,
1518 364 493 121 Août-Sept.
2087 369 237 92 1924.

290 649 99 50 Ces
419 649 393 52 constructions
842 651 220 52 finirent
1093 671 95 46 par
1221 653 179 52 attirer
1433 672 109 33 non
1578 656 120 63 plus
1733 656 348 65 uniquement
2114 658 184 50 l'atten-

289 733 117 52 tion
432 734 61 50 de
516 734 235 56 l'artiste,
779 754 61 33 en
864 736 154 65 quête
1043 737 61 51 de
1127 738 343 64 pittoresque,
1498 740 131 50 mais
1653 741 359 52 s'adressèrent
2036 741 290 65 également

289 820 26 50 à
348 820 333 57 l'architecte,
714 822 94 62 qui
840 822 239 65 apprécia
1112 823 61 51 de
1203 825 123 63 plus
1359 844 61 31 en
1453 825 122 64 plus
1607 826 44 49 le
1682 826 143 63 génie
1857 828 60 53 de
1950 845 98 33 nos
2079 827 243 56 ancêtres,

290 905 254 64 divulgué
571 924 96 45 par
694 907 87 51 des
808 925 146 34 murs
982 926 61 33 en
1074 910 174 51 ruines
1275 924 49 37 et
1352 911 86 50 des
1469 910 219 52 toitures
1719 911 277 53 affaissées.

446 1001 459 60 Nécessairement,
955 1018 129 38 cette
1134 1005 272 57 direction,
1461 1006 187 64 goûtée
1698 1025 96 47 par
1844 1010 70 50 les
1966 1009 218 56 artistes,
2237 1009 89 51 fut

289 1088 165 50 suivie
479 1105 61 33 en
566 1090 222 62 premier
811 1090 101 51 lieu
940 1090 131 51 dans
1096 1091 87 51 des
1208 1091 390 52 constructions
1625 1093 298 63 répondant
1951 1095 27 50 à
2004 1095 87 51 des
2117 1094 209 52 besoins

287 1190 103 47 peu
427 1174 337 65 susceptibles
799 1175 61 52 de
896 1175 401 54 modifications
1340 1195 13 32 :
1395 1178 390 52 constructions
1823 1180 193 51 rurales
2054 1194 48 40 et
2139 1182 185 62 petites

287 1259 350 52 habitations.

447 1357 84 52 En
560 1357 147 57 effet,
734 1376 140 46 pour
901 1359 70 51 les
997 1359 298 64 problèmes
1322 1359 61 52 de
1413 1373 186 38 nature
1627 1361 184 53 sociale
1842 1362 94 51 tels
1964 1380 100 45 que
2100 1381 11 32 :
2144 1380 144 45 maga-

290 1442 122 57 sins,
447 1442 289 66 fabriques,
771 1443 177 57 écoles,
987 1462 159 46 gares,
1183 1458 112 44 etc.,
1333 1463 71 33 on
1438 1463 64 33 ne
1536 1446 228 63 pouvait
1797 1447 281 63 s'inspirer,
2116 1465 73 34 vu
2223 1466 101 46 que

289 1528 86 51 des
402 1528 230 51 modèles
660 1530 337 50 n'existaient
1027 1547 110 47 pas.

447 1625 96 52 Un
587 1626 113 51 sain
745 1626 461 60 traditionalisme,
1253 1640 66 43 et,
1364 1644 97 47 par
1505 1627 66 57 là,
1621 1626 378 66 régionalisme,
2048 1643 73 36 est
2166 1629 158 49 d'une

287 1710 329 65 importance
646 1711 379 52 incontestable
1054 1726 172 50 quant
1254 1730 66 33 au
1349 1712 438 65 développement
1816 1712 87 52 des
1931 1714 197 50 formes
2158 1712 138 51 archi-

290 1797 273 51 tecturales
609 1817 12 31 :
661 1799 120 51 c'est
817 1799 268 63 l'opinion
1122 1799 26 51 à
1185 1799 224 63 laquelle
1444 1817 49 33 se
1531 1813 122 37 sont
1691 1799 167 51 ralliés
1896 1800 49 50 la
1980 1800 221 64 plupart
2239 1799 87 51 des

289 1883 181 63 jeunes
502 1883 263 52 éléments.

447 1980 144 51 Mais
623 1998 203 33 comme
858 1998 61 33 en
952 1994 175 38 toutes
1160 1980 176 51 choses
1368 1980 36 51 il
1438 1994 74 38 est
1543 1980 120 51 bien
1697 1979 220 52 difficile
1950 1979 298 52 d'observer
2283 1979 44 50 le

289 2067 139 64 juste
464 2067 198 57 milieu,
701 2068 70 50 les
804 2067 127 51 buts
964 2067 254 64 proposés
1253 2067 156 51 n'ont
1444 2084 93 46 pas
1573 2065 75 51 été
1684 2065 216 51 atteints
1937 2065 131 51 dans
2105 2083 71 32 un
2214 2082 113 33 sens

290 2152 291 51 favorable.
616 2152 158 51 Nous
806 2170 210 47 voyons
1048 2152 86 51 des
1168 2152 389 51 constructions
1590 2151 276 52 modernes
1900 2151 93 63 qui
2027 2163 123 38 sont
2185 2148 112 52 revê-

290 2253 112 37 tues
426 2256 220 47 presque
671 2237 371 52 littéralement
1067 2238 60 54 de
1152 2237 247 52 certaines
1424 2237 197 51 formes
1646 2234 458 65 caractéristiques,
2134 2252 159 47 appar-

289 2338 185 37 tenant
498 2325 28 49 à
553 2325 143 50 l'une
723 2341 71 33 ou
822 2325 188 49 l'autre
1037 2322 204 65 époque
1269 2321 187 64 passée.
1488 2322 151 51 Cette
1668 2321 157 63 façon
1855 2321 184 62 d'agir,
2070 2333 77 39 cet
2175 2319 149 51 ordre

289 2411 228 56 malaisé,
546 2411 94 63 qui
668 2410 117 52 doit
811 2422 169 38 entrer
1007 2408 362 52 sérieusement
1399 2426 62 34 en
1490 2407 193 52 conflit
1712 2424 120 34 avec
1862 2424 97 34 nos
1989 2406 338 63 conceptions

289 2515 87 33 sur
402 2496 396 56 l'architecture,
828 2514 63 33 ne
917 2495 204 63 choque
1148 2512 94 46 pas
1269 2507 140 50 trop,
1439 2492 244 65 lorsqu'il
1712 2491 298 66 s'applique
2041 2510 106 32 aux
2175 2507 121 35 cons-

289 2584 263 52 tructions
582 2582 210 56 rurales,
825 2581 119 51 bien
976 2599 100 46 que
1105 2580 125 51 l'œil
1261 2579 172 52 exercé
1465 2592 48 37 et
1543 2580 45 49 le
1620 2579 133 63 goût
1782 2579 250 50 moderne
2064 2595 61 33 en
2158 2577 170 51 soient

289 2669 475 64 désagréablement
797 2666 227 65 frappés.
1062 2666 141 51 Mais
1236 2683 140 47 pour
1408 2683 49 33 ce
1489 2665 94 63 qui
1617 2681 62 33 en
1712 2678 74 38 est
1820 2664 85 50 des
1937 2662 390 51 constructions

287 2754 259 65 d'origine
588 2751 235 57 urbaine,
867 2770 49 32 ce
958 2750 217 66 procédé
1218 2750 190 52 dénote
1452 2766 74 35 un
1569 2766 232 46 manque
1843 2749 193 51 certain
2082 2746 212 64 d'imagi-

287 2841 190 51 nation
505 2853 48 38 et
577 2840 131 56 doit,
736 2855 96 47 par
856 2836 336 65 conséquent,
1221 2835 103 51 être
1352 2834 169 65 rejeté.

446 2949 45 51 Il
535 2948 132 52 n'est
707 2965 93 48 pas
841 2947 229 65 possible
1110 2944 245 54 d'établir
1399 2946 26 50 à
1469 2963 49 32 ce
1561 2944 140 64 sujet
1743 2962 100 34 une
1886 2942 196 52 théorie
2125 2942 109 51 fixe
2277 2952 50 41 et

287 3034 306 56 immuable,
620 3051 93 47 pas
733 3033 123 65 plus
879 3033 169 64 qu'on
1071 3050 62 33 ne
1157 3031 198 50 saurait
1378 3031 44 53 le
1444 3031 130 49 faire
1597 3047 139 47 pour
1762 3043 123 37 tout
1909 3042 145 37 autre
2079 3028 244 51 domaine

287 3123 61 50 de
369 3122 138 51 l'art.
531 3121 76 51 La
632 3120 185 64 reprise
840 3120 60 49 de
921 3117 189 53 motifs
1132 3117 206 51 anciens
1359 3134 97 47 par
1479 3116 86 51 des
1590 3116 202 49 artistes
1815 3114 318 65 personnels,
2161 3126 162 51 ayant

289 3207 296 52 réellement
630 3206 73 51 du
747 3203 150 65 goût,
944 3216 127 51 peut
1115 3201 101 53 très
1260 3201 302 51 facilement
1607 3198 251 54 modifier
1903 3198 48 51 la
1997 3198 118 51 voie
2162 3196 160 52 tracée

289 3294 244 52 d'abord.

447 3390 158 52 Nous
639 3403 188 38 tenons
861 3386 27 52 à
922 3386 122 51 citer
1079 3385 62 51 ici
1175 3384 219 52 certains
1429 3396 231 50 cottages
1695 3381 293 52 d'ouvriers
2023 3381 27 51 à
2084 3381 205 50 Bourne-

289 3478 141 56 ville,
463 3478 70 49 les
560 3474 266 66 magasins
858 3473 223 54 Renner,
1118 3471 60 51 de
1211 3469 312 52 l'architecte
1555 3468 256 52 Wilhelm
1844 3466 164 56 Kreis,
2045 3466 27 51 à
2106 3464 215 56 Dresde,

289 3564 89 56 où,
404 3564 153 55 seule,
582 3563 50 49 la
657 3560 194 52 toiture
875 3558 188 54 forme,
1090 3574 95 47 par
1208 3573 53 33 sa
1284 3555 139 64 ligne
1447 3554 325 63 ondoyante,
1799 3554 43 48 le
1867 3553 156 63 point
2050 3551 60 51 de
2137 3550 186 51 liaison
