3576 4468
1792 135 60 52 58

217 278 242 51 Fabricale
489 277 79 49 auf
593 275 158 51 Grund
791 275 120 49 ihrer
941 291 191 49 grossen
1165 274 372 67 Abweichungen
1569 292 85 33 von
1688 275 79 50 der

223 369 153 41 ersten
408 358 321 52 Construction
760 357 392 66 augenscheinlich
1186 358 63 48 als
1280 358 69 48 die
1378 358 216 48 nächsten
1627 358 113 58 Quel-

221 443 74 48 len
327 443 95 56 dar,
464 460 80 31 aus
576 442 142 48 denen
752 457 48 32 so
832 439 109 49 viele
972 439 306 50 irrthümliche
1310 439 335 66 Auffassungen
1677 441 69 48 die-

224 542 73 33 ser
329 526 177 49 Werke
536 523 273 48 herzuleiten
842 523 112 56 sind,
1000 523 190 48 anderer
1219 523 186 48 Gründe
1446 523 120 48 nicht
1607 542 52 29 zu
1693 541 50 48 ge-

226 608 193 56 denken,
465 606 62 49 als
560 623 36 31 z.
628 607 49 47 B.
711 604 444 50 Clavier-Virtuosen
1188 622 53 32 an
1275 606 80 48 der
1386 606 152 64 Spitze
1569 604 80 50 der
1680 607 59 47 Or-

229 689 179 50 chester
440 687 90 49 und
560 687 329 49 Chor-Massen
922 706 43 32 u.
997 705 38 31 a.
1067 687 131 51 noch.
1344 687 135 48 Oben
1510 687 258 49 erwähntes

225 771 492 49 Metronom-Examen
761 769 344 56 vergewisserte
1147 768 113 50 mich
1303 768 92 50 und
1426 768 68 48 die
1534 786 235 33 anwesen-

844 817 25 18 O
954 823 13 14 \

228 852 86 50 den
342 852 220 48 Künstler
592 851 114 49 über
738 851 69 48 die
838 851 200 58 Gründe,
1070 852 169 48 welche
1273 851 256 49 Beethoven
1562 852 209 65 zu_einer

226 935 198 49 anderen
455 935 434 64 Metronomisirung
934 935 78 48 der
1463 935 41 48 in
1537 935 79 48 der
1647 935 93 48 meh-

226 1034 101 33 rere
367 1017 137 50 Jahre
550 1020 154 64 später
748 1017 282 65 gedruckten
1076 1017 198 48 Partitur
1320 1017 246 48 veranlasst
1612 1017 160 50 haben.

226 1101 96 48 Das
338 1100 151 50 Werk
521 1107 174 41 musste
724 1100 142 48 durch
885 1098 348 66 Uebertragung
1260 1098 79 50 der
1364 1098 408 50 metronomischen

230 1181 194 49 Zeichen
455 1199 88 31 von
574 1181 80 48 der
685 1199 186 48 grossen
902 1181 77 48 auf
1005 1181 68 48 die
1104 1181 174 48 kleinen
1301 1181 259 48 Maschinen
1592 1181 43 48 in
1667 1181 84 48 eini-

231 1280 88 48 gen
342 1265 165 47 Sätzen
527 1262 331 51 unausführbar
875 1262 198 57 werden,
1099 1262 89 50 und
1214 1262 79 48 der
1321 1262 224 50 bekannte
1557 1263 216 49 Lehrsatz

233 1345 297 51 Conradin
574 1346 372 48 Kreutzens:
1001 1346 122 56 „Das
1155 1346 172 66 Tempo
1368 1345 57 48 ist
1454 1363 87 31 nur
1570 1345 117 49 dann
1717 1364 55 30 zu

231 1427 183 59 schnell,
459 1444 133 32 wenn
631 1426 70 50 die
732 1426 294 65 Tonfiguren,
1071 1426 305 50 vornehmlich
1423 1426 42 50 in
1508 1426 80 50 der
1618 1426 120 51 Ober-

231 1510 192 58 stimme,
468 1509 122 49 nicht
626 1509 129 49 mehr
785 1509 194 49 deutlich
1011 1526 54 32 zu
1098 1509 154 49 Gehör
1579 1511 93 61 (um
1702 1510 69 48 die

228 1591 360 50 Mittelstimmen
631 1591 168 67 pflegte
830 1591 227 50 Conradin
1085 1592 226 49 Kreutzer
1355 1591 93 50 sich
1490 1591 183 50 niemals
1716 1610 52 31 zu

230 1672 330 69 bekümmern),
591 1674 100 49 fand
722 1674 120 49 seine
871 1675 115 50 volle
1006 1675 272 66 Richtigkeit
1306 1675 43 48 in
1373 1676 158 64 Bezug
1559 1675 80 48 auf
1651 1675 89 50 Aus-

230 1755 281 50 führbarkeit
548 1756 129 66 jener
724 1756 197 50 Sinfonie
964 1758 80 48 mit
1087 1758 80 48 der
1211 1756 431 66 Metronomisirung
1686 1775 85 32 von

236 1838 171 49 1817.
421 1839 123 49 —C.
577 1839 223 67 Czerny
830 1840 168 48 erklärt
1020 1839 325 59 ausdrücklich,
1369 1840 102 48 dass
1503 1857 48 31 er
1581 1839 89 49 sich
1700 1839 71 49 bei

228 1920 433 66 Metronomisirung
690 1921 80 49 der
799 1923 414 48 Beethoven'schen
1244 1921 376 51 Clavier-Werke
1650 1921 122 50 einer

238 2003 216 49 wiener
482 2003 229 49 Maschine
743 2004 388 67 (wahrscheinlich
1162 2004 124 49 einer
1315 2004 344 65 verkleinerten)
1691 2004 52 49 be-

231 2084 124 49 dient
383 2084 127 51 habe.
565 2085 158 51 Wenn
752 2085 255 67 überhaupt
1038 2085 100 50 dem
1170 2086 218 65 richtigen
1420 2085 349 50 Verständnisse

228 2168 119 48 eines
393 2168 282 49 Tonstückes
720 2168 245 51 vermittels
1009 2169 122 48 einer
1172 2169 229 50 Maschine
1444 2169 327 66 nachgeholfen

226 2249 186 50 werden
441 2250 96 59 soll,
569 2268 50 32 so
651 2250 201 51 verdient
882 2249 212 69 Czerny's
1124 2252 191 66 Beispiel
1345 2250 339 68 Nachahmung.

351 2332 141 48 Sollte
508 2333 176 65 gefragt
700 2333 184 48 werden
971 2333 68 48 bei
1065 2333 78 48 der
1157 2333 353 65 Untersuchung
1531 2352 57 29 zu
1606 2334 129 47 Darm-

229 2412 119 50 stadt
379 2413 127 49 ward
536 2414 127 48 auch*
680 2414 175 65 gefragt
868 2443 83 28 —,
997 2414 84 50 wie
1113 2432 46 32 es
1192 2414 118 50 denn
1341 2414 117 56 kam,
1503 2414 101 50 dass
1637 2415 105 49 Beet-

228 2494 144 51 hoven
404 2512 156 33 ausser
591 2495 79 50 der
699 2503 198 42 neunten
930 2497 195 48 Sinfonie
1166 2495 154 50 weder
1349 2497 69 48 die
1447 2498 142 48 Missa
1616 2499 128 47 solem-

239 2578 86 55 nis,
343 2577 117 49 noch
492 2577 68 49 die
592 2578 166 48 letzten
790 2578 258 58 Quartette,
1072 2578 60 65 ja,
1164 2578 127 48 keine
1322 2578 79 48 der
1432 2578 163 48 letzten
1627 2580 114 47 Sona-

224 2667 92 49 ten,
348 2677 87 32 von
459 2660 89 67 Op.
582 2659 103 51 101
724 2659 271 68 beginnend,
1028 2660 77 50 das
1137 2660 114 50 doch
1284 2660 139 50 schon
1462 2660 203 67 1816*)
1697 2678 47 32 er-

228 2741 212 49 schienen
485 2758 94 33 war
624 2742 152 67 (nicht,
809 2743 84 48 wie
925 2742 174 67 Czerny
1128 2742 166 66 angibt,
1332 2741 188 67 1819),
1555 2743 78 48 mit
1667 2743 100 48 dem

226 2823 261 50 Metronom
517 2826 215 48 versehen
765 2826 100 57 hat;
911 2824 123 50 führt
1063 2842 102 32 man
1197 2843 69 41 an,
1311 2826 102 48 dass
1454 2826 120 49 diese
1606 2826 135 48 Unter-

225 2904 185 68 lassung
441 2906 80 49 mit
551 2907 145 48 seiner
719 2907 403 49 enthusiastischen
1146 2907 302 67 Empfehlung
1479 2908 77 48 des
1586 2908 61 50 M.
1672 2909 63 47 Me-

224 2993 207 43 tronoms
471 2987 42 49 in
559 2988 146 50 seiner
734 2989 226 49 Zuschrift
991 3007 85 32 von
1114 2988 149 50 1817
1299 3006 54 32 an
1385 2989 134 65 Ignaz
1552 3007 83 31 von
1668 2991 66 48 Mo-

226 3068 61 50 sel
306 3068 57 66 **)
403 3069 42 50 in
478 3071 333 67 Widerspruch
842 3072 144 50 steht:
1033 3090 49 32 so
1125 3073 139 49 suche
1292 3072 68 48 ich
1393 3072 276 48 meinerseits
1701 3072 67 50 die

224 3151 186 49 Gründe
440 3152 39 50 in
512 3153 79 49 der
619 3153 628 66 Nicht-Uebereinstimmung
1287 3155 80 48 der
1397 3153 258 50 Maschinen
1687 3172 54 31 un-

221 3240 73 40 ter
323 3232 226 60 einander,
579 3235 108 48 aber
717 3236 113 48 auch
861 3237 116 47 noch
1007 3236 44 49 in
1082 3236 145 49 seiner
1259 3235 378 66 Ueberzeugung,
1668 3236 100 49 dass

226 3313 122 51 diese
380 3316 246 58 Quartette
672 3318 172 49 sowohl
887 3318 85 49 wie
1016 3318 69 50 die
1117 3320 199 48 Sonaten
1362 3318 68 50 die
1461 3318 307 66 Anwendung

225 3395 79 50 des
334 3397 285 51 Metronoms
645 3398 252 49 unräthlich
938 3400 200 57 machen,
1179 3400 60 66 ja,
1278 3400 142 48 ihrem
1452 3401 176 49 Wesen
1659 3400 110 48 nach

223 3478 224 65 geradezu
492 3481 341 57 ausschliessen,
880 3481 79 49 des
1000 3482 208 50 Grundes
1252 3483 120 49 nicht
1416 3501 55 31 zu
1517 3482 251 67 gedenken,

351 3590 175 39 befindet
554 3591 81 38 sich
664 3591 65 38 die
756 3589 377 51 Metronomisirung
1163 3591 69 38 der
1261 3591 154 38 Etüden
1444 3604 77 26 von
1550 3591 218 46 Gramer,

352 3650 141 38 mithin
524 3651 212 50 gleichfalls
766 3651 212 38 vermittels
1008 3651 69 38 der
1107 3655 127 34 ersten
1264 3652 285 39 Construction.

288 3711 34 48 *)
354 3711 257 39 Beethoven's
644 3712 106 38 Brief
775 3725 87 26 vom
892 3713 60 38 23.
985 3713 174 38 Februar
1190 3712 99 39 1816
1321 3713 61 38 bei
1413 3713 258 49 Gelegenheit
1699 3714 69 39 der

351 3772 313 49 Uebersendung
682 3772 127 38 dieser
831 3773 142 38 Sonate
1003 3786 48 25 an
1080 3773 107 39 seine
1217 3773 139 46 „liebe,
1385 3774 146 37 werthe
1553 3774 196 39 Dorothea
1760 3772 10 49 2

350 3831 144 40 Cacilia
498 3838 7 13 4
510 3836 21 42 ',
571 3832 75 39 wie
676 3845 41 26 er
747 3833 100 38 Frau
877 3846 74 26 von
980 3834 221 39 Erdtmann
1230 3847 46 26 zu
1307 3846 157 26 nennen
1495 3835 153 50 pflegte,
1677 3836 92 51 liegt

351 3895 74 38 mir
454 3908 79 26 vor.

272 3956 52 45 **)
354 3956 36 38 S,
420 3956 76 39 den
531 3956 189 40 Abdruck
765 3957 127 38 dieses
921 3957 148 40 Briefes
1108 3959 38 38 in
1177 3959 67 39 Nr.
1274 3959 49 39 28
1363 3959 68 38 des
1460 3959 70 38 111.
1555 3959 131 51 Jahrg.
1716 3961 50 47 (8.

350 4017 83 38 Jan.
467 4017 113 46 1853)
625 4018 70 38 der
739 4018 293 44 „Rheinischen
1071 4020 329 50 Musik-Zeitung,
1447 4020 318 50 herausgegeben

349 4088 75 28 von
453 4077 103 39 Prof.
586 4078 41 38 L.
657 4077 210 40 Bischoff'.

1862 274 103 50 Dass
1983 274 216 50 Künstler
2230 293 83 32 von
2345 274 144 51 hoher
2507 275 289 68 Ausbildung
2827 278 89 50 und
2948 278 260 69 Intelligenz
3240 279 169 70 (solche

1861 357 308 67 beansprucht
2208 357 44 67 ja
2299 359 295 49 Beethoven's
2639 359 195 50 Ciavier-
2878 363 90 48 und
3018 363 391 57 Quartett-Musik

1862 441 84 48 fast
1990 441 364 67 durchgehends)
2398 442 151 48 keiner
2592 443 366 51 Tact-Maschine
3003 444 231 51 bedürfen.
3290 447 118 49 Was

1863 522 80 48 soll
1980 523 79 47 der
2091 524 259 49 Metronom
2384 542 34 31 z.
2450 526 51 48 B.
2535 523 69 50 bei
2651 524 99 49 dem
2798 526 382 50 mehrfachen
3211 529 197 66 Tempo-

1863 604 220 50 Wechsel
2126 604 59 49 im
2218 615 151 39 ersten
2402 608 133 46 Satze
2567 607 79 48 der
2672 607 169 48 Sonate
2873 609 171 49 F-moll
3075 609 107 66 (Op.
3211 609 53 68 2)
3293 611 115 49 nach

1863 686 49 49 C.
1947 686 210 67 Czerny's
2191 687 225 66 Angabe?
2453 688 100 50 Und
2585 689 111 49 doch
2731 689 75 49 hat
2836 689 173 68 Czerny
3041 692 114 48 noch
3188 692 96 50 eine
3316 710 60 33 we-

1863 769 214 49 sentliche
2106 769 184 50 Nuance
2322 772 112 48 nach
2467 773 294 49 Beethoven's
2790 773 149 50 Lehre
2975 773 166 50 hierbei
3183 773 197 68 übergan-

1863 869 101 48 gen.
2009 851 75 49 Ich
2128 869 95 31 war
2258 852 59 48 im
2352 853 243 56 Irrthume,
2641 853 62 50 als
2743 853 68 50 ich
2844 856 84 48 den
2961 857 255 47 Metronom
3248 856 40 49 in
3323 857 85 48 den

1862 935 328 48 Nachdrucken
2220 935 80 48 der
2329 936 167 48 letzten
2526 938 201 47 Sonaten
2759 937 70 50 für
2858 940 280 48 authentisch
3171 940 121 48 hielt.
3325 940 84 49 Die

1865 1017 227 66 späterhin
2125 1017 83 48 mir
2238 1017 296 50 verschafften
2568 1018 413 66 Original-Drucke
3011 1021 87 67 (die
3128 1021 135 49 letzte
3295 1021 84 51 Cor-

1863 1105 154 42 rectur
2048 1098 80 49 der
2158 1098 324 66 vollständigen
2514 1101 169 48 Sonate
2713 1102 89 66 Op.
2830 1102 108 50 109
2975 1121 85 32 von
3091 1103 78 49 des
3199 1103 209 50 Meisters

1862 1181 135 48 Hand
2030 1181 100 48 fand
2162 1181 90 49 sich
2284 1181 68 49 bei
2383 1182 84 48 mir
2497 1183 95 65 vor)
2624 1182 313 66 überzeugten
2968 1186 132 57 mich,
3141 1186 100 48 dass
3272 1187 108 49 Beet-

1863 1262 144 50 hoven
2053 1263 147 49 selber
2244 1265 145 49 nichts
2434 1265 128 49 dafür
2606 1266 179 65 gethan.
2832 1267 118 50 Was
2994 1269 67 48 die
3094 1269 140 49 vielen
3262 1270 117 49 Nach-

1863 1345 169 49 drucke
2056 1346 257 67 überhaupt
2336 1347 298 59 verschuldet,
2665 1347 68 51 die
2756 1350 167 65 Menge
2945 1349 169 67 grober
3131 1351 178 59 Fehler,
3339 1352 70 50 die

1865 1426 196 51 einzelne
2079 1429 244 57 enthalten,
2352 1430 57 47 ist
2440 1430 245 66 unsäglich.
2717 1432 169 64 Mögen
2916 1432 159 49 darum
3107 1432 68 49 die
3204 1434 204 49 Besitzer

1865 1528 85 31 von
1981 1510 441 66 Original-Drucken
2450 1512 119 50 diese
2601 1514 40 48 in
2674 1514 151 48 Ehren
2856 1514 176 59 halten;
3062 1515 117 49 denn
3211 1515 71 49 für
3310 1516 96 50 ihre

1865 1591 282 51 Correctheit
2190 1601 155 59 sorgte
2384 1595 260 49 Beethoven
2689 1603 110 41 stets
2845 1595 161 58 selber,
3052 1614 72 32 wo
3169 1598 114 48 auch
3328 1599 78 49 das

1865 1675 148 50 Werk
2058 1676 274 50 erschienen.
2389 1679 83 48 Mit
2512 1679 196 48 welcher
2747 1680 196 65 Strenge
2986 1680 91 50 und
3110 1680 298 66 Genauigkeit

1865 1758 92 49 dies
2002 1759 146 48 fortan
2192 1760 270 65 geschehen,
2507 1778 183 49 vermag
2729 1769 134 42 unter
2892 1763 213 48 Anderen
3138 1764 116 48 auch
3282 1765 124 48 Herr

1862 1840 141 50 Moriz
2035 1841 284 68 Schlesinger
2351 1860 51 31 zu
2436 1841 245 68 bezeugen.
2732 1845 85 48 Die
2849 1843 303 52 Correcturen
3184 1845 80 50 der
3293 1848 88 48 letz-

1862 1929 78 43 ten
1971 1925 183 56 Sonate,
2200 1925 88 66 Op.
2328 1924 127 57 111,
2503 1933 202 42 mussten
2750 1925 120 50 nicht
2902 1928 198 66 weniger
3131 1926 118 50 denn
3281 1929 124 50 drei

1862 2005 88 48 Mal
1983 2005 68 50 die
2081 2006 132 49 Reise
2243 2024 84 32 von
2359 2006 124 49 Paris
2512 2008 112 48 nach
2657 2008 137 51 Wien
2826 2009 202 57 machen,
3058 2025 82 32 zur
3161 2012 217 48 Verzweif-

1862 2088 111 67 lung
2013 2089 78 48 des
2122 2090 257 65 Verlegers.
2423 2090 84 47 Die
2538 2090 269 51 Reinschrift
2851 2092 80 48 der
2975 2093 224 49 zahllosen
3243 2094 163 51 Fehler

1865 2188 94 31 war
1989 2178 111 42 stets
2131 2188 85 33 von
2249 2172 168 48 meiner
2448 2173 179 49 Hand..

1983 2253 61 49 Es
2077 2254 59 48 sei
2168 2254 83 50 mir
2281 2254 69 48 bei
2383 2253 145 49 dieser
2559 2254 294 65 Gelegenheit
2884 2263 251 51 verstattet,
3177 2274 86 32 nur
3293 2258 110 49 zwei

1862 2334 220 67 Beispiele
2111 2353 81 31 aus
2223 2337 80 48 der
2333 2337 164 63 Menge
2542 2337 341 48 verschiedener
2914 2338 491 67 Metronomisirungen

1863 2418 285 48 anschaulich
2182 2437 52 30 zu
2268 2419 201 48 machen.

2084 2500 50 65 A)
2135 2500 117 50 Sonate
2274 2502 41 48 in
2836 2502 217 58 Cis-moll,
2591 2500 222 51 fälschlich

1863 2591 210 57 genannt.

1955 2664 157 49 Erster
2143 2666 104 47 Satz
2279 2663 15 69 (
2298 2667 176 63 Adagio
2502 2677 220 39 soslenuto
2726 2666 28 66 ),
2784 2666 42 50 in
2858 2666 80 49 der
2967 2667 235 57 londoner,
3234 2666 170 49 wiener

1858 2746 90 48 und
1990 2744 400 69 braunschweiger
2421 2748 215 65 Ausgabe
2681 2748 426 50 übereinstimmend
3149 2741 26 73 J
3202 2770 61 21 =
3295 2748 104 59 60;

1862 2828 48 50 C.
1943 2828 177 67 Czerny
2149 2829 202 66 dagegen
2382 2823 24 72 J
2434 2854 59 19 =
2526 2831 98 57 54;
2656 2832 67 48 ein
2757 2833 79 48 W.
2867 2832 57 48 K.
2957 2832 58 66 (in
3046 2833 77 47 Nr.
3145 2831 68 48 41
3257 2831 144 49 dieser

1862 2912 194 65 Zeitung
2086 2928 100 32 vom
2216 2912 185 65 vorigen
2432 2912 155 66 Jahre)
2629 2906 26 73 J
2684 2936 54 20 =
2773 2913 92 54 66.

1987 2993 174 48 Dritter
2175 2995 104 46 Satz
2770 2995 167 64 (Presto
2958 2996 201 65 agilato),
2732 2996 103 49 dort
2863 2988 234 83 J=92;
3127 2995 70 50 bei
3230 2996 175 56 Czerny

1862 3067 39 82 J
1927 3095 61 21 =
2020 3073 100 59 80;
2152 3092 83 32 von
2272 3076 76 48 W.
2380 3076 56 47 K.
2468 3068 25 73 j
2521 3099 57 20 =
2616 3076 127 49 176.

1984 3158 65 60 B)
2084 3158 168 47 Sonate
2282 3157 41 48 in
2355 3160 193 58 D-moll,
2581 3160 88 66 Op.
2703 3157 91 52 31.

1987 3240 160 48 Erster
2176 3241 104 47 Satz
2312 3240 237 67 (Allegro),
2585 3241 67 49 bei
2685 3241 48 51 C.
2769 3242 173 67 Czerny
2971 3249 38 66 J
3036 3268 59 20 =
3132 3242 140 59 104;
3318 3260 86 33 von

1866 3321 166 49 W.K.
2097 3315 255 57 I=l2o.

1987 3403 198 49 Zweiter
2214 3403 105 49 Satz
2351 3403 224 68 (Adagio),
2608 3403 68 51 bei
2710 3406 49 50 C.
2793 3406 174 67 Czerny
3074 3421 58 21 =
3166 3406 106 60 84;
3316 3424 87 33 von

1866 3485 77 49 W.
1975 3485 55 48 K.
2063 3477 26 74 J
2119 3508 52 20 =
2210 3483 90 51 50.

1985 3567 176 49 Dritter
2191 3567 103 49 Salz
2324 3567 305 69 (Allegretto),
2660 3569 68 49 bei
2763 3569 48 50 C.
2846 3569 174 68 Czerny
3048 3563 42 75 J.
3110 3591 54 22 =
3187 3569 100 59 76;
3316 3588 88 33 von

1865 3650 77 49 W.
1974 3650 54 46 Iv.
2055 3642 43 73 J.
2134 3668 57 20 =
2227 3649 69 49 66
2333 3650 64 48 bis
2431 3650 90 49 96.

1988 3730 194 51 Welche
2209 3749 85 32 von
2317 3734 150 48 diesen
2487 3732 222 66 Angaben
2736 3734 56 48 ist
2821 3734 70 48 die
2921 3734 202 67 richtige,
3155 3736 110 50 oder
3295 3735 81 49 wel-

1862 3815 81 48 che
1988 3812 174 49 kommt
2206 3814 84 49 den
2335 3816 284 48 Intentionen
2675 3815 79 48 des
2799 3815 323 69 Componisten
3168 3816 119 51 wohl
3331 3834 72 33 am

1860 3895 251 49 nächsten?
2157 3895 170 69 Czerny
2359 3897 260 67 behauptet,
2660 3914 50 32 er
2741 3896 113 51 habe
2883 3900 114 47 alle
3029 3899 375 52 Clavier-Werke

1862 3995 85 32 von
1978 3976 259 51 Beethoven
2268 3979 148 49 selber
2445 3986 240 59 vortragen
2717 3979 176 67 gehört.
2935 3980 84 50 Die
3048 3979 356 68 Untersuchung

1862 4061 146 50 dieser
2025 4060 317 69 Behauptung,
2369 4063 93 49 und
2492 4079 94 32 was
2616 4063 92 49 sich
2737 4064 81 48 auf
2841 4064 136 49 deren
3009 4063 203 69 allfällige
3230 4064 137 53 Wahr-
