3576 4468
1730 160 59 53 63

158 313 71 39 der
246 310 149 42 Verein
414 308 103 42 Bach
548 306 113 53 singt,
689 320 42 27 so
762 319 106 28 muss
899 319 89 28 man
1019 305 89 41 dem
1133 303 237 54 Ergebnisse
1397 303 125 40 dieses
1550 315 130 40 gewag-

159 381 65 33 ten
253 374 225 39 Versuches
508 372 92 37 alles
631 371 82 38 Lob
743 370 198 50 spenden;
971 368 198 51 späterhin
1202 367 96 39 wird
1328 366 69 38 der
1430 366 166 49 Vortrag
1625 366 62 38 die-

158 449 63 27 ser
248 438 74 36 Art
351 446 75 26 von
456 432 130 40 Musik
618 432 207 38 sicherlich
856 431 101 39 auch
987 442 48 26 an
1065 428 198 51 Innigkeit
1290 427 220 51 gewinnen.
1561 428 147 37 Ferner

158 498 143 38 kamen
331 507 68 27 zur
428 494 260 49 Ausführung
732 494 68 37 das
829 493 77 36 Ave
932 505 126 23 verum
1101 501 75 27 von
1207 488 302 46 Cherubini,
1554 489 155 38 Terzett

158 561 63 38 für
264 557 88 40 eine
381 556 169 50 Sopran-
578 555 78 39 und
700 554 97 39 zwei
836 553 253 39 Altstimmen
1120 551 117 48 (ohne
1268 550 131 47 Chor),
1507 550 66 38 das
1603 549 84 39 acht-

159 618 196 49 stimmige
385 616 210 48 Crucißxus
624 628 74 26 von
730 614 145 45 Lotti,
905 612 186 40 ebenfalls
1121 623 88 26 zum
1240 616 126 33 ersten
1397 611 103 39 Male
1531 610 83 38 hier
1643 621 44 39 ge-

160 681 97 44 hört,
366 677 83 40 drei
490 677 187 40 Lieder
717 678 62 37 für
819 675 106 39 Chor
958 685 74 27 von
1063 673 42 39 C.
1137 672 313 39 Reinthaler
1491 672 70 38 auf
1584 672 123 36 Texte

160 753 75 27 von
266 740 152 46 Geibel,
459 740 69 38 mit
569 740 120 37 deren
719 736 241 49 Auffassung
990 735 71 38 wir
1095 734 109 38 nicht
1233 733 350 39 übereinstimmen
1614 732 70 37 kön-

159 815 90 33 nen,
358 802 78 37 und
481 801 63 38 die
586 799 96 39 zwei
726 802 128 34 ersten
903 795 137 39 Theile
1083 808 74 25 von
1203 794 224 50 Haydn's
1468 793 240 50 Schöpfung.

160 863 181 40 Ueberall
371 862 144 50 gingen
545 861 63 37 die
638 859 128 39 Chöre
795 856 255 45 vortrefflich,
1090 856 80 37 und
1199 855 99 38 auch
1329 854 63 39 die
1421 854 80 39 Soli
1546 853 161 38 wurden

159 936 76 27 von
264 924 131 38 Fräul.
425 922 130 39 Nina
586 921 298 43 Hartmann,
914 918 76 39 den
1021 917 154 38 Herren
1203 916 223 39 DuMont
1454 915 79 37 und
1566 914 140 38 Koch

160 986 80 37 und
270 984 154 50 einigen
456 980 309 43 Dilettantinnen
795 979 70 38 mit
892 978 174 39 schönen
1088 976 191 39 Stimmen
1307 976 80 37 und
1416 975 293 39 musicalischer

159 1047 173 49 Bildung
360 1045 91 38 sehr
479 1048 68 44 gut
575 1054 213 38 gesungen.
846 1041 72 38 Die
959 1038 194 40 treffliche
1181 1037 170 38 Akustik
1395 1037 68 38 des
1493 1037 131 38 Saales
1654 1037 53 38 im

159 1109 119 38 Hotel
308 1106 118 39 Disch
456 1110 88 45 trug
572 1104 101 39 auch
702 1103 67 38 das
799 1102 134 50 Ihrige
961 1113 46 25 zu
1037 1100 69 38 der
1129 1098 195 51 Wirkung
1352 1098 67 38 des
1437 1098 161 38 Ganzen
1627 1098 81 38 und

158 1169 218 39 Einzelnen
406 1166 76 41 bei.

245 1273 76 37 Der
350 1270 196 39 eminente
578 1269 200 50 belgische
806 1268 152 39 Pianist
985 1267 124 50 Aug.
1153 1268 213 48 Dupont,
1407 1264 204 39 Professor
1641 1263 69 40 der

160 1341 129 35 ersten
317 1333 278 40 Piano-Classe
624 1344 61 27 am
716 1329 343 41 Conservatorium
1089 1341 46 26 zu
1166 1328 170 46 Brüssel,
1381 1327 96 39 wird
1505 1326 40 39 in
1574 1325 134 39 diesen

160 1399 135 49 Tagen
344 1396 87 40 eine
460 1394 232 39 Kunstreise
729 1392 101 39 nach
870 1392 77 38 den
992 1392 204 49 grösseren
1228 1390 162 38 Städten
1432 1401 76 26 von
1536 1386 171 40 Holland

161 1458 83 39 und
273 1455 265 41 Deutschland
567 1459 176 34 antreten
787 1453 82 38 und
913 1456 98 35 etwa
1049 1463 67 26 um
1152 1451 77 39 den
1261 1451 59 37 15.
1350 1450 108 39 März
1498 1449 40 38 in
1578 1448 130 38 Köln

163 1519 218 41 eintreffen.

243 1626 204 34 Crotlia.
504 1621 78 39 Am
612 1622 36 38 6.
678 1621 175 39 Februar
881 1619 131 39 führte
1040 1618 195 39 Hector
1273 1616 204 40 Berlioz
1522 1615 54 39 im
1615 1614 74 39 Hof-

164 1684 149 39 theater
351 1683 108 39 seine
497 1681 211 49 „Kindheit
953 1679 77 39 auf.
1087 1679 80 38 Der
1213 1677 248 50 herzogliche
1503 1676 210 38 Intendant

163 1746 176 50 übergab
369 1745 82 39 ihm
480 1756 85 27 vor
594 1745 70 39 der
692 1743 254 49 Aufführung
974 1742 53 37 im
1046 1741 153 38 Namen
1228 1740 67 38 des
1315 1740 178 49 Herzogs
1522 1738 67 37 das
1614 1737 75 38 Ver-

164 1806 248 39 dienstkreuz
442 1806 68 38 des
530 1803 322 40 Ernestinischen
873 1801 301 40 Haus-Ordens.
1206 1801 156 38 Franz
1392 1799 135 38 Liszt
1555 1797 157 39 wohnte

165 1867 92 39 dem
287 1867 191 38 Concerte
508 1866 75 39 bei.
638 1865 44 39 In
717 1865 42 38 W
760 1865 6 15 7
783 1864 160 38 eimar
972 1862 47 39 ist
1049 1874 60 26 am
1144 1863 60 37 11.
1234 1862 175 38 Februar
1631 1857 82 39 und

164 1940 62 27 am
249 1928 59 38 16.
329 1928 254 47 „Benvenuto
791 1923 223 51 aufgeführt
1034 1923 173 38 worden.
1239 1923 121 48 („Der
1383 1922 108 38 Bien'

1351 1975 9 15 v
1433 1972 9 19 i

245 2046 273 33 Weimar.
576 2041 55 38 Zu
672 2040 76 39 den
789 2038 180 52 wenigen
999 2038 173 45 Städten,
1207 2036 149 39 welche
1385 2047 61 26 am
1477 2034 62 38 27.
1567 2034 147 38 Januar

163 2104 116 38 keine
305 2103 255 41 Mozart'sche
590 2101 108 50 Oper
725 2100 234 44 aufführten,
1001 2099 138 50 gehört
1175 2098 100 38 auch
1308 2097 189 38 Weimar.
1554 2096 156 49 Wegen

163 2164 264 50 Erkrankung
456 2163 106 39 eines
591 2160 411 50 Bühnen-Mitgliedes
1043 2159 133 38 wurde
1206 2159 69 37 der
1303 2156 290 51 angekündigte
1625 2157 86 37 Don

162 2226 102 39 Juan
294 2225 108 39 nicht
428 2225 190 50 gegeben,
660 2224 80 37 und
782 2222 63 38 die
883 2233 74 27 von
999 2220 77 39 nah
1118 2219 79 38 und
1237 2218 82 38 fern
1350 2218 359 49 herzugeströmten

161 2287 297 40 Musikfreunde
475 2290 172 34 mussten
665 2284 175 46 diesmal,
868 2282 103 39 ohne
1000 2286 117 33 etwas
1146 2279 139 51 gehört
1312 2291 48 25 zu
1390 2278 140 46 haben,
1561 2278 149 38 wieder

165 2349 232 40 umkehren.

244 2458 346 34 Mannheim.
638 2453 87 37 Den
756 2451 207 39 Beschluss
992 2450 67 38 des
1088 2450 267 39 Mozartfestes
1385 2461 61 27 am
1476 2448 62 39 27.
1567 2448 148 38 Januar

165 2516 154 40 machte
349 2516 63 38 die
442 2516 90 37 sehr
560 2514 219 51 gelungene
808 2511 255 50 Aufführung
1092 2522 75 27 von
1197 2510 170 50 Figaro's
1397 2509 203 39 Hochzeit.
1634 2508 80 38 Für

165 2577 230 42 Mannheim
438 2576 129 39 dürfte
611 2587 73 26 von
729 2586 97 39 ganz
872 2573 259 38 besonderem
1162 2572 192 38 Interesse
1397 2571 80 38 und
1522 2570 98 38 auch
1651 2570 61 36 für

165 2639 251 49 Auswärtige
444 2637 140 51 gewiss
612 2636 108 39 nicht
747 2634 290 39 uninteressant
1066 2634 63 38 die
1153 2633 218 38 Thatsache
1394 2633 95 45 sein,
1519 2633 86 38 dass
1630 2632 56 39 Mo-

165 2707 82 33 zart
274 2700 63 39 die
367 2705 99 34 erste
496 2698 254 49 Aufführung
779 2696 127 37 dieser
936 2693 108 51 Oper
1087 2694 68 38 auf
1192 2693 170 51 hiesiger
1390 2693 141 39 Bühne
1561 2704 61 27 am
1651 2692 63 38 24.

166 2761 172 39 October
371 2760 99 38 1790
498 2759 120 39 selbst
646 2756 189 52 dirigirte.

241 2870 243 44 Eieipzig-.
541 2866 78 38 Der
660 2862 186 40 Violinist
887 2862 218 49 Jacques
1150 2859 193 51 Dupuis
1385 2871 68 27 aus
1498 2860 122 38 Lütt
1634 2859 77 39 ich

167 2929 66 38 hat
260 2928 85 39 hier
452 2925 491 42 Gewandhaus-Concerte
971 2935 63 26 am
1066 2923 59 39 14.
1155 2923 35 37 d.
1220 2923 88 41 Mis.
1340 2920 69 39 mit
1437 2932 176 38 grossem
1642 2921 48 39 Er-

165 2989 102 51 folge
295 2974 175 66 gespielt.
499 2989 55 37 Er
583 2988 91 50 geht
702 2999 74 27 von
808 2986 85 38 hier
920 2984 102 39 nach
1053 2984 234 38 Dresden
1319 2984 78 37 und
1427 2994 75 27 von
1533 2982 48 38 da
1611 2982 99 38 nach

167 3050 292 44 Hannover,
503 3061 61 26 wo
594 3060 41 25 er
664 3047 77 39 den
772 3048 32 37 1.
832 3046 109 39 März
971 3044 62 39 die
1063 3044 106 38 Ehre
1200 3044 129 38 haben
1360 3043 108 46 wird,
1499 3054 68 27 vor
1597 3041 118 39 Ihren

166 3111 232 50 Majestäten
427 3109 82 39 sich
541 3110 122 37 hören
692 3120 48 26 zu
767 3108 141 38 lassen.

245 3219 312 36 F'ranlifnrt
586 3226 50 24 a.
666 3216 70 34 M.
771 3212 72 38 Die
865 3211 148 50 hiesige
1033 3209 404 40 Theater-Intendanz
1467 3209 65 38 hat
1560 3221 61 26 am
1651 3208 62 39 29.

167 3278 292 40 Januar-einen
487 3276 168 48 Vertrag
684 3273 69 39 mit
781 3273 105 39 Frau
915 3272 72 37 An
1003 3271 177 38 schütz
1210 3270 313 51 abgeschlossen,
1551 3270 164 38 wonach

167 3339 174 39 dieselbe
369 3339 64 38 für
461 3337 63 38 die
553 3336 141 39 Bühne
736 3335 144 39 wieder
920 3333 177 50 engagirt
1133 3333 59 37 ist.
1246 3333 90 39 Ihre
1366 3336 99 35 erste
1495 3332 113 37 Rolle
1637 3343 79 26 war

168 3400 63 39 die
260 3399 212 39 Valentine
501 3398 40 38 in
571 3398 76 38 den
678 3396 264 51 Hugenotten.
997 3394 71 38 Als
1100 3393 173 51 Königin
1315 3394 151 49 glänzte
1494 3393 129 38 neben
1653 3391 62 38 ihr

167 3462 130 39 Fräul.
329 3461 155 38 Veith
519 3461 83 38 und
633 3461 136 37 wurde
797 3458 174 51 gerufen.

244 3569 143 38 Alex.
430 3565 330 51 Dreyschock
799 3565 47 38 ist
887 3564 70 38 auf
989 3564 70 38 der
1086 3563 119 38 Reise
1249 3563 99 38 nach
1381 3560 222 40 Dänemark
1632 3559 80 38 und

168 3629 222 40 Schweden
420 3627 204 51 begriffen.
672 3629 56 37 Zu
757 3626 268 49 Hamburg
1055 3624 136 51 spielte
1221 3636 42 26 er
1290 3624 54 38 im
1374 3624 138 38 achten
1542 3618 151 55 philhar-

167 3690 231 40 monischen
430 3689 190 38 Concerte
647 3689 258 38 Beethoven's
945 3685 341 39 Es-dur-Concert
1327 3685 80 38 und
1451 3684 127 50 einige
1622 3682 74 39 klei-

168 3764 94 27 nere
292 3751 138 51 eigene
458 3749 334 51 Compositionen.

245 3862 189 35 Wien.
463 3859 156 38 Franz
648 3856 137 40 Liszt
811 3856 67 38 hat
906 3855 63 39 ein
999 3854 88 38 sehr
1108 3852 243 39 ehrenvolles
1370 3850 229 45 Schreiben,
1641 3863 47 26 un-

168 3920 237 40 terzeichnet
433 3932 73 26 von
536 3919 89 39 dem
647 3918 313 49 Bürgermeister
978 3917 70 38 der
1070 3913 413 49 Reichs-Hauptstadt,
1513 3913 66 38 Dr.
1608 3911 106 40 Joh.

169 3981 192 50 Caspar
389 3981 173 39 Ritter
602 3990 90 28 von
723 3978 202 47 Seiller,
967 3977 82 39 und
1079 3977 89 37 dem
1196 3974 225 39 Vorstande
1451 3974 67 38 des
1547 3974 144 38 Mozart-

167 4042 287 47 fest-Comite's,
499 4042 162 38 Franz
690 4039 176 39 Ritter
892 4039 149 39 Riedl
1070 4049 93 27 von
1192 4035 198 40 Rieden
1406 4047 69 34 au,
1518 4035 36 38 d.
1586 4034 35 39 d.
1650 4033 62 39 28.

168 4104 148 40 Januar
346 4103 113 47 1856,
505 4103 187 47 erhalten,
734 4101 68 40 das
830 4099 71 40 mit
929 4101 76 39 den
1036 4100 167 40 Worten
1239 4096 153 52 endigt:
1439 4095 271 48 „Schliesslich

1803 294 133 39 fühlen
1967 293 63 39 die
2059 292 352 41 Unterzeichneten
2444 292 80 39 sich
2556 292 257 52 verpflichtet,
2856 292 139 47 Ihnen,
3025 292 326 52 wohlgeborener

1802 356 115 45 Herr,
1947 356 61 38 für
2036 355 63 39 die
2130 354 328 51 uneigennützige
2488 354 346 51 Bereitwilligkeit,
2877 354 72 39 mit
2991 355 168 39 welcher
3188 355 65 38 Sie
3283 356 68 37 der

1801 417 226 49 Einladung
2068 427 68 27 zur
2167 415 274 39 Uebernahme
2485 415 69 38 der
2582 415 167 50 Leitung
2791 416 70 38 der
2890 415 348 39 Fest-Production
3269 420 62 34 ent-

1802 477 194 49 sprochen
2018 477 140 44 haben,
2189 476 202 38 nochmals
2421 475 75 38 den
2528 475 328 39 verbindlichsten
2882 475 115 39 Dank
3025 476 53 37 im
3099 476 152 38 Namen
3281 476 70 38 der

1802 538 404 49 Reichs-Hauptstadt

1881 599 240 39 Flotow's
2151 610 100 27 neue
2283 597 107 50 Oper
2420 597 96 38 Alb
2532 597 46 38 in
2609 596 37 38 in
2677 597 82 38 drei
2788 597 138 47 Acten,
2957 599 101 38 Text
3088 610 75 25 von
3192 597 135 38 Mosen-

1802 660 91 45 thal,
1922 660 94 49 ging
2045 672 61 25 am
2141 659 56 38 12.
2229 659 174 37 Februar
2432 657 38 38 in
2500 658 137 38 Scene.
2676 658 76 37 Das
2784 658 107 38 Haus
2923 671 79 25 war
3031 659 194 50 gedrängt
3255 658 96 44 voll;

1801 721 90 38 Ihre
1921 721 229 50 Majestäten
2196 720 70 38 der
2295 719 142 38 Kaiser
2480 719 79 38 und
2603 718 62 39 die
2709 719 195 44 Kaiserin,
2945 720 91 37 Ihre
3078 718 274 40 Kaiserlichen

1802 782 196 38 Hoheiten
2029 783 68 37 der
2127 781 222 49 Erzherzog
2380 781 122 37 Franz
2533 781 93 37 Karl
2658 780 79 38 und
2770 780 62 38 die
2858 780 343 50 Erzherzoginnen
3225 780 106 39 Elisa-

1802 844 90 37 beth
1938 843 79 38 und
2047 843 124 38 Marie
2218 843 113 38 nebst
2372 842 100 38 noch
2516 843 174 37 anderen
2722 841 186 39 Gliedern
2954 842 66 38 des
3050 841 303 39 Allerhöchsten

1801 902 282 38 Kaiserhauses
2112 902 185 38 wohnten
2327 902 69 38 der
2418 903 251 47 Vorstellung
2700 902 74 38 bei.
2803 903 81 37 Der
2898 902 136 49 Erfolg
3064 914 78 25 war
3172 902 52 38 im
3249 902 78 38 Gan-

1801 975 69 26 zen
1901 962 89 39 kein
2019 962 214 51 günstiger.
2276 962 108 39 Nach
2415 963 90 38 dem
2537 968 128 33 ersten
2698 964 110 45 Acte,
2838 963 69 38 der
2937 975 61 26 am
3029 961 163 40 meisten
3223 963 128 48 gefiel,

1802 1023 135 39 wurde
1966 1024 69 38 der
2065 1024 213 37 Tonsetzer
2307 1035 102 27 zwar
2438 1023 62 39 ein
2530 1035 95 38 paar
2653 1023 91 43 Mal,
2769 1023 143 50 jedoch
2941 1023 71 37 mit
3039 1022 138 38 keiner
3194 1022 137 38 Einhel-

1801 1084 134 49 ligkeit
1964 1085 69 37 des
2065 1084 167 46 Beifalls,
2274 1085 175 50 gerufen,
2493 1085 78 37 und
2615 1085 98 37 nach
2755 1085 89 37 dem
2886 1084 164 38 zweiten
3078 1084 100 38 Acte
3220 1084 134 38 wurde

1801 1146 89 37 dem
1920 1159 75 26 von
2025 1147 127 39 einem
2183 1160 74 26 nur
2287 1148 156 38 kleinen
2474 1143 138 44 Theile
2653 1148 67 38 des
2750 1148 230 38 Publicums
3025 1157 329 39 ausgegangenen

1802 1206 225 51 Verlangen
2058 1209 99 38 nach
2189 1209 88 39 dem
2309 1209 398 39 Wiedererscheinen
2738 1209 205 38 desselben
2973 1208 124 38 durch
3129 1206 224 40 mehrfache

1803 1267 169 40 Zeichen
2001 1269 67 38 des
2097 1270 236 39 Missfallens
2365 1275 384 45 entgegengetreten.

1882 1329 77 39 Das
1989 1335 100 33 erste
2113 1331 240 50 .diesjährige
2375 1331 360 49 philharmonische
2754 1330 168 39 Goncert
2950 1334 115 34 unter
3093 1329 71 38 der
3188 1328 166 49 Leitung

1804 1390 68 38 des
1902 1390 130 39 Herrn
2063 1391 414 51 Hof-Capellmeisters
2507 1393 121 37 Karl
2659 1392 187 38 Eckert
2873 1391 91 39 fand
2995 1404 62 25 am
3091 1391 58 38 10.
3178 1390 176 39 Februar

1805 1462 66 26 um
1912 1451 62 38 die
2010 1452 300 50 Mittagsstunde
2351 1453 52 38 im
2433 1452 37 39 k.
2500 1453 36 38 k.
2564 1464 160 39 Grossen
2773 1452 315 39 Redouiensaale
3133 1463 68 27 vor
3244 1450 108 39 einer

1804 1514 169 36 äusserst
2001 1512 260 42 zahlreichen,
2289 1514 243 49 glänzenden
2564 1514 305 50 Versammlung
2898 1514 108 38 Statt.

1881 1573 101 37 Frau
2025 1573 148 39 Clara
2217 1575 289 38 Schumann
2549 1575 65 38 hat
2654 1575 84 38 hier
2781 1575 88 38 fünf
2909 1575 191 38 Concerte
3144 1573 71 40 mit
3262 1573 90 38 dem

1803 1634 177 49 grössten
2008 1634 172 46 Beifalle,
2198 1636 192 50 gegeben.

1882 1741 178 39 Mozart's
2089 1743 157 39 ältester
2275 1743 108 39 Sohn
2427 1743 122 38 Karl
2590 1743 81 38 lebt
2712 1741 103 39 noch
2858 1740 39 38 in
2938 1739 252 45 Mailand;
3234 1751 42 27 er
3304 1739 49 38 ist

1803 1802 107 39 nicht
1936 1803 188 45 Musiker,
2154 1804 170 38 sondern
2355 1804 63 38 bei
2448 1804 69 38 der
2547 1803 35 38 k.
2613 1803 34 38 k.
2677 1802 164 39 Kanzlei
2871 1801 215 50 angestellt
3116 1801 73 38 Die
3217 1801 113 38 Einla-

1804 1864 106 50 dung
1954 1864 106 39 eines
2102 1865 212 47 Freundes,
2356 1864 99 40 nach
2485 1864 209 39 Frankfurt
2723 1875 61 27 am
2815 1862 107 40 Main
2966 1874 69 25 zur
3064 1861 215 38 Jubelfeier
3307 1874 46 24 zu

1803 1924 199 47 kommen,
2043 1926 132 38 lehnte
2215 1938 41 26 er
2296 1938 135 38 wegen
2462 1924 314 51 ünpässlichkeit
2804 1924 61 38 ab.
2921 1923 79 38 Der
3029 1923 174 49 Jüngere
3233 1921 118 49 (1792

1803 1985 202 51 geboren),
2035 1985 138 52 ergriff
2197 1986 76 38 den
2289 1985 424 45 Tonkünstler-Beruf;
2743 1997 41 25 er
2811 1996 80 26 war
2920 1982 62 40 ein
3012 1982 344 50 ausgezeichneter

1806 2047 307 51 Glavierspieler,
2143 2049 152 39 machte
2325 2049 99 37 auch
2455 2048 87 38 eine
2571 2046 231 39 Kunstreise
2832 2045 122 38 durch
2980 2043 266 40 Deutschland
3273 2043 83 38 und

1806 2110 149 46 Italien,
1984 2116 108 32 sonst
2119 2111 104 38 lebte
2253 2123 41 26 er
2321 2111 187 40 meistens
2538 2110 40 38 in
2607 2110 197 48 Lemberg
2832 2108 40 39 in
2904 2106 189 41 Galizien.
3132 2105 123 39 Unter
3283 2104 55 39 sei-

1806 2184 76 26 nen
1913 2172 323 49 Compositionen
2264 2172 48 38 ist
2342 2172 67 37 das
2439 2170 339 40 Clavier-Concert
2806 2170 40 38 in
2876 2170 151 36 Es-clur
3053 2167 91 51 (Op.
3174 2166 66 49 25)
3272 2177 64 28 aus-

1804 2232 251 42 zuzeichnen,
2098 2232 167 39 welches
2303 2232 129 38 neben
2461 2232 220 37 HummeFs
2712 2231 216 39 Concerten
2959 2229 115 39 einen
3103 2227 253 39 ehrenvollen

1806 2293 106 39 Platz
1940 2293 191 39 verdient.

1884 2398 75 39 Die
2002 2404 101 34 erste
2150 2398 173 48 Pamina,
2366 2399 131 38 Fräul.
2540 2398 255 45 Gottlieb,
2841 2395 150 41 welche
3027 2406 62 26 am
3118 2394 62 38 27.
3210 2394 148 38 Januar

1807 2459 101 38 noch
1952 2459 90 40 dem
2071 2459 246 40 Mozartfeste
2346 2459 237 47 beiwohnte,
2624 2459 48 38 ist
2702 2470 60 27 am
2792 2458 37 38 4.
2859 2457 176 38 Februar
3062 2455 55 38 im
3145 2455 63 38 86.
3236 2453 120 40 Jahre

1808 2532 48 28 an
1885 2521 342 38 Altersschwäche
2254 2521 222 51 gestorben.

2460 2594 23 4 —
3074 2591 9 10 /

1886 2630 270 34 Mailand.
2185 2626 76 38 Ein
2291 2626 53 39 im
2380 2628 127 35 Teatro
2538 2627 57 35 Re
2622 2623 331 41 von-Antonio
2992 2620 209 40 Bazzini
3242 2630 92 39 gege-

1809 2690 122 38 benes
1961 2689 168 39 Goncert
2172 2689 104 39 hatte
2319 2690 77 37 den
2439 2688 279 51 glänzendsten
2749 2687 146 50 Erfolg.
2951 2684 72 41 Die
3051 2683 307 47 Versammlung

1811 2762 78 26 war
1936 2750 123 40 durch
2103 2751 67 37 das
2213 2750 267 39 wundervolle
2509 2750 106 50 Spiel
2651 2750 68 38 des
2759 2748 40 38 in
2828 2759 96 38 ganz
2954 2746 161 48 Europa
3143 2742 215 51 gefeierten

1808 2809 368 41 Violin-Virtuosen
2205 2809 39 39 in
2275 2809 62 39 ein
2366 2810 153 38 wahres
2549 2808 229 40 Entzücken
2806 2810 176 37 versetzt.

1884 2918 246 43 Venedig
2130 2929 6 6 1
2141 2940 13 14 ,
2209 2915 308 50 Meyerbeer
2557 2914 47 39 ist
2643 2914 39 39 in
2712 2912 183 49 Venedig
2940 2911 80 38 und
3050 2909 97 39 wird
3177 2908 82 39 sich
3291 2907 44 39 da-

1808 2977 120 38 selbst
1970 2977 192 38 vielleicht
2209 2977 124 38 durch
2373 2977 157 49 längere
2558 2975 83 39 Zeit
2669 2974 212 38 aufhalten.
2937 2973 56 38 Er
3021 2972 47 38 ist
3096 2971 127 38 dieser
3252 2968 108 39 Stadt

1809 3037 72 39 mit
1904 3037 114 50 jener
2047 3038 182 49 Neigung
2259 3036 206 51 zugethan,
2508 3035 147 41 welche
2684 3036 56 37 sie
2770 3035 54 38 als
2855 3033 195 50 diejenige
3078 3031 189 45 verdient,
3297 3041 61 26 wo

1809 3110 42 26 er
1879 3109 69 27 vor
1976 3097 112 39 mehr
2117 3098 55 37 als
2201 3097 165 50 dreissig
2394 3097 146 37 Jahren
2571 3095 62 39 die
2663 3100 129 34 ersten
2812 3095 177 37 Lorbern
3013 3093 38 39 in
3079 3092 150 38 seinem
3262 3090 71 37 Cro-

1809 3163 95 33 ciato
1933 3161 41 34 in
2002 3158 121 49 Egitto
2153 3158 182 51 pflückte.
2366 3158 52 38 Es
2447 3158 92 50 geht
2568 3158 68 37 das
2660 3156 186 46 Gerücht,
2876 3156 86 38 dass
2992 3167 42 26 er
3061 3165 76 28 von
3166 3153 90 38 dem
3282 3151 52 39 Ge-

1809 3221 156 38 danken
1994 3220 108 39 nicht
2129 3219 168 40 entfernt
2325 3219 69 45 sei,
2439 3219 88 38 eine
2555 3218 109 50 Oper
2691 3219 61 38 für
2781 3229 116 26 unser
2926 3226 152 40 grosses
3108 3214 171 38 Theater
3312 3224 47 26 zu

1808 3281 268 51 componiren,
2103 3281 80 38 und
2214 3280 88 38 dass
2331 3292 42 27 er
2403 3291 113 39 sogar
2544 3279 122 38 schon
2695 3279 69 38 der
2780 3278 201 40 Direction
3002 3276 63 39 ein
3081 3275 277 50 Versprechen

1808 3344 181 49 gemacht
2018 3343 128 38 haben
2175 3342 107 38 solle.
2571 3354 11 7 *
2846 3337 167 52 (Gazetta
3042 3340 38 34 di
3107 3337 169 47 Milano.)

1891 3450 193 33 Turin.
2129 3445 70 38 Die
2229 3444 292 48 „Sicilianische
2756 3457 76 26 von
2861 3443 159 40 Verdi
3049 3443 48 39 ist
3127 3445 112 35 unter
3266 3441 90 38 dem

1808 3508 101 39 Titel
1936 3508 229 46 „Giovannci
2194 3508 38 34 di
2490 3508 68 38 auf
2577 3508 69 37 der
2667 3506 151 39 turiner
2835 3504 272 51 Opernbühne
3136 3502 222 51 aufgeführt

1808 3569 174 39 worden.
2038 3568 72 38 Die
2142 3568 153 37 Gazetta
2323 3570 225 35 Piemontese
2590 3568 148 51 spricht
2773 3567 80 38 sich
2886 3567 98 37 über
3014 3565 107 38 diese
3149 3563 184 51 Verpflan-

1807 3643 101 37 zung
1938 3631 69 38 der
2034 3629 217 51 Handlung
2279 3642 75 26 von
2385 3629 158 39 Sicilien
2585 3629 99 38 nach
2715 3628 185 48 Portugal
2945 3627 82 37 und
3057 3625 297 48 Verwandlung

1808 3693 67 37 des
1904 3692 156 38 Johann
2089 3702 33 26 v.
2145 3689 165 40 Procida
2340 3689 39 39 in
2409 3690 162 39 Ribeiro
2601 3689 113 38 Pinto
2757 3687 91 39 sehr
2891 3687 133 39 scharf
3057 3698 80 27 aus.
3192 3686 64 37 An
3286 3684 69 38 der

1808 3753 131 38 Musik
1968 3753 81 38 lobt
2088 3751 54 39 sie
2171 3751 180 38 Studium
2382 3751 70 38 der
2481 3749 229 47 Harmonie,
2754 3749 144 50 Klang,
2940 3749 124 46 Fülle,
3106 3744 249 51 Tüchtigkeit

1806 3814 69 38 der
1904 3813 273 50 Behandlung,
2206 3811 219 52 geschickte
2453 3810 325 50 Herbeiführung
2808 3822 75 27 von
2912 3809 177 40 Effecten
3118 3807 80 38 und
3226 3805 103 38 Anre-

1806 3885 158 39 gungen
1981 3887 9 33 ;
2020 3873 115 39 allein
2164 3873 55 38 sie
2249 3873 93 38 hebt
2370 3873 97 38 auch
2485 3873 62 37 die
2568 3871 391 51 Gesanges-Armuth
2991 3870 78 38 und
3098 3869 75 37 den
3194 3866 159 50 Mangel

1807 3949 48 25 an
1881 3936 114 50 jener
2022 3935 245 51 glücklichen
2300 3932 337 42 Unmittelbarkeit
2679 3934 81 38 und
2794 3933 112 51 jener
2935 3930 157 40 Frische
3121 3929 70 38 der
3220 3928 135 39 Bilder

1806 3998 82 38 und
1928 3998 154 39 Farben
2122 3997 150 46 hervor,
2319 3995 147 39 welche
2514 3995 99 38 nach
2659 3995 106 38 ihrer
2792 3995 190 48 Meinung
3018 3991 62 39 die
3111 3988 243 42 italienische

1808 4058 144 39 Schule
1980 4057 273 40 auszeichnen.
