2450 4011
1173 391 111 55 192

259 527 65 60 là,
351 526 91 48 des
473 526 137 47 traits
640 525 244 55 heureux,
921 525 90 45 des
1037 525 204 59 croquis
1279 523 221 55 curieux,
1526 522 125 47 mais
1675 523 111 46 tout
1816 523 108 47 cela
1955 523 101 47 mal
2082 526 103 59 pris

258 611 62 34 en
361 611 102 34 une
493 598 169 46 action
694 596 117 47 bien
852 594 341 60 anecdotique
1230 594 255 47 vraiment
1522 593 49 47 et
1612 594 86 60 qui
1736 607 91 33 use
1862 593 323 51 d'antithèses

258 683 66 35 un
353 683 99 47 peu
482 668 193 48 faciles.
725 668 72 46 La
839 671 208 57 Banque
1079 667 307 59 catholique,
1414 665 183 50 fondée
1632 679 89 46 par
1755 667 91 45 des
1876 668 309 58 protestants

257 743 79 46 est
365 753 67 33 un
463 752 188 47 moyen
684 739 62 47 de
778 739 240 60 comique
1038 753 89 46 par
1153 743 116 55 trop
1302 737 198 59 simple.
1542 737 99 47 Les
1684 735 331 50 événements
2053 752 100 34 con-

254 813 319 61 temporains
605 814 87 43 ont
717 810 88 47 nui
842 814 27 43 à
905 810 48 46 la
979 810 144 61 pièce
1156 812 61 45 de
1245 809 72 48 M.
1355 809 293 60 Hennique,
1683 809 61 46 ils
1777 813 117 43 sont
1923 810 43 45 si
1999 810 155 61 hyper-

254 883 235 61 boliques
521 881 272 61 qu'auprès
826 880 141 50 d'eux
992 884 111 46 tout
1132 881 164 61 paraît
1324 895 99 46 peu
1458 881 63 46 de
1557 880 176 47 chose.
1759 880 308 47 Admettons
2089 897 96 47 que

257 955 124 48 c'est
408 955 50 47 la
483 954 137 47 faute
653 955 62 46 de
742 953 236 63 l'époque
1010 955 67 58 et,
1115 969 63 32 au
1209 954 97 47 lieu
1333 955 62 46 de
1419 953 223 46 discuter
1669 955 131 46 cette
1833 966 189 46 œuvre,
2055 969 98 46 pen-

257 1041 122 35 sons
407 1029 28 44 à
460 1026 151 47 relire
644 1026 150 47 celles
825 1029 85 58 qui
931 1026 149 48 firent
1110 1027 63 46 de
1204 1026 71 47 M.
1300 1025 274 61 Hennique
1598 1039 65 32 un
1684 1025 221 47 écrivain
1936 1039 96 47 que
2055 1041 130 32 nous

256 1099 200 47 aimons
492 1100 48 44 et
571 1099 86 61 qui
681 1100 78 44 est
780 1097 166 60 parmi
971 1097 73 49 les
1067 1097 264 47 meilleurs
1355 1099 63 45 de
1444 1097 49 46 la
1513 1097 298 57 génération
1842 1097 344 47 médanienne

256 1172 53 45 et
364 1168 168 47 même
591 1170 114 58 plus
736 1182 99 47 que
880 1170 126 57 cela,
1039 1168 211 49 l'auteur
1305 1170 61 45 de
1399 1182 57 33 ce
1499 1168 132 47 beau
1682 1170 175 45 drame
1903 1168 235 47 militaire
2172 1184 10 30 :

254 1242 77 47 La
357 1241 134 47 Mort
517 1241 71 47 du
616 1241 101 47 duc
738 1241 296 61 d'Enghien
1042 1276 11 24 ,
1087 1243 61 46 de
1178 1243 130 46 cette
1330 1241 375 61 mélancolique
1736 1241 239 47 nouvelle
2001 1255 10 33 :
2041 1241 151 61 Pœuf

257 1316 48 45 et
336 1314 62 46 de
438 1326 59 34 ce
522 1314 123 46 haut
687 1327 187 33 roman
908 1328 12 32 :
1669 1314 74 47 Un
1884 1314 269 46 caractère
1343 1349 10 23 ,
1385 1314 85 66 qui
1514 1313 222 48 contient
1776 1314 106 46 tant
1924 1314 63 46 de
2029 1327 156 48 pages

257 1384 115 47 d'un
407 1384 64 46 fin
502 1384 149 64 style,
686 1383 150 48 d'une
865 1384 252 47 érudition
1147 1386 305 45 minutieuse
1485 1388 49 43 et
1562 1386 314 59 perspicace,
1912 1383 113 48 d'un
2062 1398 93 33 sen-

256 1458 181 46 timent
468 1458 193 61 exquis,
691 1461 48 43 et
771 1464 85 55 qui
891 1457 200 49 s'ouvre
1120 1472 89 46 par
1242 1459 82 46 cet
1353 1457 278 48 admirable
1665 1461 176 55 aspect
1863 1458 64 46 où
1959 1457 228 62 apparaît

259 1542 96 32 aux
385 1542 128 46 yeux
540 1528 92 46 des
665 1528 203 58 gamins
899 1529 133 57 tapis
1071 1542 129 46 pour
1236 1529 47 46 le
1325 1529 126 56 voir,
1486 1530 126 45 dans
1648 1529 46 46 le
1741 1529 150 46 cadre
1924 1528 261 47 lumineux

258 1599 64 46 de
353 1600 50 45 la
423 1600 156 46 haute
604 1599 194 47 fenêtre
825 1600 63 45 de
926 1614 94 32 son
1048 1599 311 58 seigneurial
1386 1600 228 57 château,
1637 1600 165 60 parmi
1843 1614 81 32 ses
1955 1600 228 47 meubles

258 1671 229 57 anciens,
521 1685 62 33 en
612 1685 56 33 sa
696 1671 191 57 longue
908 1673 127 45 robe
1066 1673 62 45 de
1160 1673 241 47 chambre
1437 1674 25 44 à
1494 1671 167 59 fleurs,
1692 1687 121 33 sous
1842 1687 82 31 ses
1955 1673 230 47 cheveux

257 1742 195 58 blancs,
491 1742 48 47 le
574 1741 225 48 solitaire
831 1742 228 46 vieillard
1093 1744 124 45 dont
1246 1744 69 47 M.
1349 1742 276 60 Hennique
1665 1759 132 30 nous
1834 1758 26 31 a
1891 1745 151 46 conté
2064 1756 118 35 avec

258 1828 67 34 un
350 1814 205 49 charme
590 1815 188 47 discret
805 1815 74 47 les
911 1829 211 33 amours
1155 1816 62 46 de
1258 1816 77 46 vie
1367 1819 48 44 et
1454 1815 323 48 d'outre-vie.

1504 1942 170 46 HENRI
1705 1954 64 32 DE
1799 1941 258 47 REGNIER.

1246 2761 69 51 Le
1362 2757 204 56 Gérant
1601 2775 16 36 :
1661 2758 58 56 L.
1766 2760 275 53 BERNARD.

553 3571 100 32 IMP.
685 3573 241 42 NOIZETTE,
956 3563 42 49 8,
1028 3573 94 30 RUE
1149 3569 531 49 CAMPAGNE-PREMIÈRE,
1710 3579 152 34 PARIS.
