2450 4011
1181 367 119 58 168

276 528 211 59 vision
522 528 86 59 du
638 531 225 56 maître
896 531 93 56 est
1015 528 241 79 égalée.
1292 528 93 60 On
1420 546 64 41 se
1518 535 136 53 sent
1688 529 155 60 dans
1881 531 56 59 le
1969 533 178 60 taber-

277 616 182 59 nacle
511 623 81 52 où
633 617 248 60 s'adore
926 617 421 60 l'immuable.
1386 620 164 57 Tout
1584 620 247 76 respire
1885 620 61 57 la
1989 623 163 58 tradi-

277 706 158 60 tion.
474 706 161 58 C'est
676 707 259 76 l'image
991 706 75 60 de
1121 707 296 60 l'absolu.
1452 710 133 58 Une
1631 709 333 76 puissante
2012 711 172 58 unité

280 799 192 73 règne
506 796 157 59 dans
694 796 303 73 l'édifice;
1032 796 62 60 la
1124 797 201 75 figure
1366 796 331 60 circulaire
1733 796 90 78 s'y
1848 799 334 59 manifeste

281 889 292 74 partout;
614 885 117 58 elle
780 904 76 41 en
895 891 91 54 est
1033 888 56 57 le
1135 886 113 60 leit
1293 886 267 71 motive;
1598 886 244 77 chaque
1884 886 169 78 ligne
2095 888 87 58 lui

281 975 172 60 obéit
475 996 12 49 ;
506 974 91 61 les
623 974 392 62 colonnades
1043 975 88 78 s'y
1156 975 429 74 conforment;
1604 976 89 58 les
1716 975 202 60 tables
1951 976 233 60 saintes

280 1067 204 71 aussi;
516 1064 57 60 le
624 1065 187 60 dôme
868 1068 58 57 et
975 1065 57 60 le
1079 1065 152 78 pied
1283 1065 107 59 des
1439 1065 331 59 murailles
1829 1065 247 60 suivent
2125 1065 57 60 le

282 1156 206 57 même
550 1158 432 56 mouvement.
1038 1156 111 58 Ces
1201 1154 271 59 courbes
1532 1153 480 60 harmonieuses
2059 1157 125 56 .ont

282 1262 164 60 pour
478 1261 113 42 axe
625 1263 122 40 une
778 1243 299 60 verticale
1112 1246 105 75 qui
1250 1261 182 60 passe
1471 1261 114 58 par
1616 1243 213 59 l'autel
1858 1247 58 55 et
1946 1243 56 59 le
2041 1261 106 42 cen-

280 1337 95 55 tre
413 1332 76 60 de
526 1332 64 58 la
630 1333 292 75 coupole,
954 1333 155 57 dont
1143 1333 64 59 la
1251 1333 272 56 hauteur
1573 1331 235 58 semble
1852 1349 62 40 se
1955 1331 226 76 perdre

282 1424 158 59 dans
479 1422 59 60 le
581 1421 297 61 domaine
920 1422 75 59 de
1033 1421 216 61 l'azur.
1301 1421 250 69 Là-bas,
1594 1420 74 58 de
1721 1420 243 77 chaque
2013 1421 162 67 côté,

282 1512 159 60 dans
486 1511 91 60 les
616 1510 310 61 lointains
972 1511 75 59 de
1093 1510 290 74 l'abside,
1430 1528 121 40 une
1594 1515 337 55 ouverture
1974 1510 205 57 donne

281 1604 183 57 accès
506 1618 108 40 sur
655 1599 109 58 des
803 1599 175 58 lieux
1020 1599 235 58 fermés
1287 1615 119 41 aux
1442 1598 283 77 regards.
1763 1598 90 57 On
1891 1596 191 59 dirait
2112 1595 63 58 la

280 1694 180 74 porte
506 1689 400 77 inquiétante
957 1688 108 77 qui
1114 1688 269 70 s'ouvre,
1423 1688 154 57 dans
1615 1686 90 59 les
1759 1688 413 66 monastères,

280 1797 109 42 sur
420 1779 64 59 la
517 1777 275 61 blanche
823 1777 314 76 longueur
1165 1777 108 58 des
1297 1775 282 60 couloirs
1626 1783 81 51 où
1748 1775 90 59 les
1879 1773 300 77 profanes

279 1868 320 60 n'entrent
637 1885 114 59 pas
793 1869 58 56 et
886 1885 118 58 par
1046 1865 280 77 laquelle
1367 1864 91 60 les
1488 1864 312 76 religieux
1834 1862 276 59 arrivent
2139 1867 33 53 à

275 1957 266 79 l'église,
563 1956 330 78 lorsqu'ils
930 1956 469 75 interrompent
1433 1954 255 59 l'extase
1725 1953 74 59 de
1839 1952 138 58 leur
2012 1949 134 59 orai-

280 2066 115 41 son
430 2046 284 61 solitaire
754 2064 162 58 pour
945 2046 181 57 venir
1168 2046 170 75 prier
1380 2042 316 60 ensemble
1734 2048 34 52 à
1805 2042 238 56 l'heure
2088 2037 83 58 du

279 2136 448 60 rendez-vous.
776 2155 33 37 »

357 2227 79 59 Ce
472 2225 431 75 complément
934 2222 317 59 décoratif
1277 2238 119 59 que
1428 2222 277 74 Wagner
1737 2238 35 39 a
1804 2219 171 74 exigé
2013 2233 160 59 pour

274 2315 158 61 faire
488 2314 339 59 concourir
874 2313 141 57 l'art
1062 2311 74 59 de
1183 2311 61 57 la
1283 2310 294 76 peinture
1616 2309 107 57 des
1761 2306 183 59 toiles
1999 2306 58 55 et
2091 2302 74 58 de

277 2401 470 60 l'architecture
827 2400 107 56 des
1002 2398 220 58 cadres
1288 2396 75 59 de
1441 2413 95 40 ses
1598 2398 230 72 opéras
1890 2399 37 51 à
1987 2389 190 58 l'effet

276 2490 304 61 unanime
625 2489 75 58 de
747 2489 62 57 la
853 2488 509 76 représentation
1411 2483 327 77 scénique,
1798 2478 292 61 m'induit
2142 2483 37 52 à

277 2597 158 42 vous
464 2579 137 59 dire
632 2580 158 55 trois
822 2579 165 55 mots
1020 2574 137 79 (oh!
1199 2578 191 71 guère
1422 2570 188 80 plus),
1650 2572 83 57 du
1770 2570 243 59 théâtre
2058 2584 118 60 que

275 2669 280 75 Wagner
582 2687 37 38 a
641 2668 166 67 rêvé,
842 2664 145 77 puis
1018 2663 228 58 réalisé
1279 2667 36 53 à
1345 2662 350 77 Bayreuth.

355 2757 49 58 Il
430 2757 156 58 offre
616 2772 122 41 une
771 2751 414 78 accoustique
1221 2751 297 77 parfaite,
1555 2752 58 57 et
1654 2748 46 57 il
1742 2751 90 56 est
1867 2749 304 73 aménagé

275 2848 76 59 de
403 2846 285 57 manière
735 2850 38 52 à
823 2860 69 41 ce
945 2860 118 60 que
1113 2846 146 53 tous
1310 2841 91 58 les
1442 2843 396 74 spectateurs
1883 2838 288 75 puissent

272 2937 141 61 voir
436 2936 64 59 la
525 2939 187 54 scène
738 2937 37 54 à
806 2949 119 58 peu
954 2936 148 71 près
1127 2930 362 78 également
1519 2930 149 57 bien
1688 2948 12 48 ;
1731 2927 47 56 il
1806 2926 102 74 n'y
1941 2945 57 48 a,
2018 2942 161 59 pour

271 3025 163 61 ainsi
459 3024 159 71 dire,
655 3039 113 58 pas
801 3021 74 56 de
902 3024 214 73 places
1147 3020 74 57 de
1253 3020 158 58 côté.
1442 3016 394 60 L'orchestre
1867 3017 91 55 est
2001 3012 137 59 invi-

272 3115 192 71 sible;
496 3114 61 58 la
591 3116 188 55 scène
815 3109 158 59 n'est
1009 3127 112 58 pas
1154 3110 235 74 gênée;
1422 3105 276 61 certains
1739 3119 428 61 personnages

271 3226 79 42 ne
395 3208 146 57 sont
578 3200 188 78 point
811 3202 311 73 masqués
1168 3215 115 58 par
1325 3196 108 59 des
1467 3194 303 58 manches
1806 3193 74 58 de
1922 3195 213 54 contre-

267 3298 220 58 basses
529 3309 81 41 ou
655 3308 114 60 par
806 3289 63 59 la
910 3288 345 58 silhouette
1301 3285 85 59 du
1429 3284 146 58 chef
1608 3283 383 58 d'orchestre
2030 3280 104 57 bat-

268 3388 139 60 tant
435 3384 65 59 la
522 3378 328 62 remolade
874 3376 191 60 d'une
1086 3373 442 61 volumineuse
1561 3369 416 79 partition;la
2002 3369 170 57 boîte

270 3477 86 61 du
393 3472 326 67 souffleur,
743 3471 99 57 cet
872 3466 320 59 escabeau
1216 3461 272 61 ridicule
1523 3461 144 59 d'où
1701 3468 135 52 sort
1866 3477 122 42 une
2026 3458 147 60 voix

271 3565 192 81 qu'on
497 3560 231 62 entend
762 3557 268 60 souvent
1063 3553 143 79 plus
1241 3552 475 60 distinctement
1742 3567 118 61 que
1886 3548 154 60 celle
2067 3547 105 60 des
