<?xml version="1.0" encoding="UTF-8"?>
<alto xmlns:xsi="http://www.w3.org/2001/XMLSchema-instance" xmlns="http://www.loc.gov/standards/alto/ns-v2#" xsi:schemaLocation="http://www.loc.gov/standards/alto/ns-v2# http://www.loc.gov/standards/alto/alto-v2.0.xsd" xmlns:xlink="http://www.w3.org/1999/xlink">
	<Description>
		<MeasurementUnit>mm10</MeasurementUnit>
		<sourceImageInformation>
			<fileName>//fileserver7/IN2-2/Princeton/Batch7/bmtnaas/1893/02/25_01/00000205.tif</fileName>
		</sourceImageInformation>
		<OCRProcessing ID="OCRPROCESSING_1">
			<preProcessingStep>
				<processingSoftware>
					<softwareCreator>CCS Content Conversion Specialists GmbH, Germany</softwareCreator>
					<softwareName>CCS docWorks</softwareName>
					<softwareVersion>6.7-1.24</softwareVersion>
				</processingSoftware>
			</preProcessingStep>
			<ocrProcessingStep>
				<processingSoftware>
					<softwareCreator>ABBYY (BIT Software), Russia</softwareCreator>
					<softwareName>FineReader</softwareName>
					<softwareVersion>10.0</softwareVersion>
				</processingSoftware>
			</ocrProcessingStep>
		</OCRProcessing>
		<OCRProcessing ID="OCRPROCESSING_2">
			<preProcessingStep>
				<processingSoftware>
					<softwareCreator>CCS Content Conversion Specialists GmbH, Germany</softwareCreator>
					<softwareName>CCS docWorks</softwareName>
					<softwareVersion>6.7-1.24</softwareVersion>
				</processingSoftware>
			</preProcessingStep>
			<ocrProcessingStep>
				<processingSoftware>
					<softwareCreator>ABBYY (BIT Software), Russia</softwareCreator>
					<softwareName>NA</softwareName>
				</processingSoftware>
			</ocrProcessingStep>
		</OCRProcessing>
	</Description>
	<Styles>
		<TextStyle ID="TXT_0" FONTSIZE="21" FONTFAMILY="Times New Roman" FONTSTYLE="bold"/>
		<TextStyle ID="TXT_1" FONTSIZE="22" FONTFAMILY="Times New Roman"/>
		<TextStyle ID="TXT_2" FONTSIZE="22" FONTFAMILY="Times New Roman" FONTSTYLE="italics"/>
		<TextStyle ID="TXT_3" FONTSIZE="19" FONTFAMILY="Times New Roman"/>
		<ParagraphStyle ID="PAR_CENTER" ALIGN="Center"/>
		<ParagraphStyle ID="PAR_LEFT" ALIGN="Left"/>
		<ParagraphStyle ID="PAR_RIGHT" ALIGN="Right"/>
	</Styles>
	<Layout>
		<Page ID="P39" PHYSICAL_IMG_NR="39" HEIGHT="4011" WIDTH="2450" PRINTED_IMG_NR="181" PC="0.890">
			<TopMargin ID="P39_TM00001" HPOS="0" VPOS="0" WIDTH="2450" HEIGHT="416">
				<TextBlock ID="P39_TB00001" HPOS="1168" VPOS="356" WIDTH="112" HEIGHT="57" STYLEREFS="TXT_0 PAR_CENTER">
					<TextLine ID="P39_TL00001" HPOS="1168" VPOS="356" WIDTH="112" HEIGHT="57">
						<String ID="P39_ST00001" HPOS="1168" VPOS="356" WIDTH="112" HEIGHT="57" CONTENT="181" WC="0.52" CC="607"/>
					</TextLine>
				</TextBlock>
			</TopMargin>
			<LeftMargin ID="P39_LM00001" HPOS="0" VPOS="416" WIDTH="246" HEIGHT="3243"/>
			<RightMargin ID="P39_RM00001" HPOS="2191" VPOS="416" WIDTH="259" HEIGHT="3243"/>
			<BottomMargin ID="P39_BM00001" HPOS="0" VPOS="3659" WIDTH="2450" HEIGHT="352"/>
			<PrintSpace ID="P39_PS00001" HPOS="246" VPOS="416" WIDTH="1945" HEIGHT="3243">
				<TextBlock ID="P39_TB00002" HPOS="246" VPOS="503" WIDTH="1945" HEIGHT="2754" STYLEREFS="TXT_1 PAR_LEFT">
					<TextLine ID="P39_TL00002" HPOS="251" VPOS="503" WIDTH="1936" HEIGHT="85">
						<String ID="P39_ST00002" HPOS="251" VPOS="510" WIDTH="447" HEIGHT="63" CONTENT="Narodovoltci" WC="0.72" CC="304100440516" STYLEREFS="TXT_2"/>
						<SP ID="P39_SP00001" HPOS="698" VPOS="573" WIDTH="31"/>
						<String ID="P39_ST00003" HPOS="729" VPOS="529" WIDTH="63" HEIGHT="41" CONTENT="se" WC="0.75" CC="04"/>
						<SP ID="P39_SP00002" HPOS="792" VPOS="573" WIDTH="29"/>
						<String ID="P39_ST00004" HPOS="821" VPOS="510" WIDTH="351" HEIGHT="78" CONTENT="proposent" WC="0.99" CC="643630000"/>
						<SP ID="P39_SP00003" HPOS="1172" VPOS="588" WIDTH="29"/>
						<String ID="P39_ST00005" HPOS="1201" VPOS="508" WIDTH="78" HEIGHT="60" CONTENT="de" WC="0.60" CC="52"/>
						<SP ID="P39_SP00004" HPOS="1279" VPOS="588" WIDTH="30"/>
						<String ID="P39_ST00006" HPOS="1309" VPOS="511" WIDTH="351" HEIGHT="57" CONTENT="soumettre" WC="0.99" CC="014707064"/>
						<SP ID="P39_SP00005" HPOS="1660" VPOS="588" WIDTH="33"/>
						<String ID="P39_ST00007" HPOS="1693" VPOS="511" WIDTH="59" HEIGHT="56" CONTENT="et" WC="0.79" CC="40"/>
						<SP ID="P39_SP00006" HPOS="1752" VPOS="588" WIDTH="21"/>
						<String ID="P39_ST00008" HPOS="1773" VPOS="504" WIDTH="77" HEIGHT="61" CONTENT="de" WC="0.60" CC="52"/>
						<SP ID="P39_SP00007" HPOS="1850" VPOS="588" WIDTH="26"/>
						<String ID="P39_ST00009" HPOS="1876" VPOS="503" WIDTH="311" HEIGHT="61" CONTENT="défendre" WC="0.99" CC="03537050"/>
					</TextLine>
					<TextLine ID="P39_TL00003" HPOS="253" VPOS="600" WIDTH="826" HEIGHT="82">
						<String ID="P39_ST00010" HPOS="253" VPOS="603" WIDTH="58" HEIGHT="61" CONTENT="le" WC="0.81" CC="03"/>
						<SP ID="P39_SP00008" HPOS="311" VPOS="664" WIDTH="25"/>
						<String ID="P39_ST00011" HPOS="336" VPOS="619" WIDTH="404" HEIGHT="63" CONTENT="programme" WC="0.99" CC="046768000"/>
						<SP ID="P39_SP00009" HPOS="740" VPOS="682" WIDTH="41"/>
						<String ID="P39_ST00012" HPOS="781" VPOS="600" WIDTH="254" HEIGHT="59" CONTENT="suivant" WC="0.98" CC="4650600"/>
						<SP ID="P39_SP00010" HPOS="1035" VPOS="682" WIDTH="32"/>
						<String ID="P39_ST00013" HPOS="1067" VPOS="617" WIDTH="12" HEIGHT="40" CONTENT=":" WC="0.46" CC="5"/>
					</TextLine>
					<TextLine ID="P39_TL00004" HPOS="333" VPOS="776" WIDTH="1855" HEIGHT="83">
						<String ID="P39_ST00014" HPOS="333" VPOS="786" WIDTH="49" HEIGHT="55" CONTENT="A" WC="1.00" CC="0" STYLEREFS="TXT_2"/>
						<SP ID="P39_SP00011" HPOS="382" VPOS="841" WIDTH="36"/>
						<String ID="P39_ST00015" HPOS="418" VPOS="783" WIDTH="22" HEIGHT="76" CONTENT=")" WC="0.38" CC="6" STYLEREFS="TXT_2"/>
						<SP ID="P39_SP00012" HPOS="440" VPOS="859" WIDTH="31"/>
						<String ID="P39_ST00016" HPOS="471" VPOS="785" WIDTH="60" HEIGHT="56" CONTENT="1°" WC="0.45" CC="64"/>
						<SP ID="P39_SP00013" HPOS="531" VPOS="859" WIDTH="43"/>
						<String ID="P39_ST00017" HPOS="574" VPOS="780" WIDTH="538" HEIGHT="79" CONTENT="Représentation" WC="0.99" CC="60005250454050"/>
						<SP ID="P39_SP00014" HPOS="1112" VPOS="859" WIDTH="47"/>
						<String ID="P39_ST00018" HPOS="1159" VPOS="776" WIDTH="338" HEIGHT="80" CONTENT="populaire" WC="0.98" CC="060619290"/>
						<SP ID="P39_SP00015" HPOS="1497" VPOS="859" WIDTH="41"/>
						<String ID="P39_ST00019" HPOS="1538" VPOS="779" WIDTH="415" HEIGHT="75" CONTENT="permanente" WC="1.00" CC="0040440000"/>
						<SP ID="P39_SP00016" HPOS="1953" VPOS="859" WIDTH="43"/>
						<String ID="P39_ST00020" HPOS="1996" VPOS="776" WIDTH="192" HEIGHT="76" CONTENT="ayant" WC="0.99" CC="05100"/>
					</TextLine>
					<TextLine ID="P39_TL00005" HPOS="253" VPOS="866" WIDTH="1666" HEIGHT="87">
						<String ID="P39_ST00021" HPOS="253" VPOS="874" WIDTH="175" HEIGHT="79" CONTENT="plein" WC="0.98" CC="01506"/>
						<SP ID="P39_SP00017" HPOS="428" VPOS="953" WIDTH="28"/>
						<String ID="P39_ST00022" HPOS="456" VPOS="873" WIDTH="277" HEIGHT="77" CONTENT="pouvoir" WC="0.99" CC="0374000"/>
						<SP ID="P39_SP00018" HPOS="733" VPOS="953" WIDTH="31"/>
						<String ID="P39_ST00023" HPOS="764" VPOS="871" WIDTH="159" HEIGHT="60" CONTENT="dans" WC="0.99" CC="0600"/>
						<SP ID="P39_SP00019" HPOS="923" VPOS="953" WIDTH="31"/>
						<String ID="P39_ST00024" HPOS="954" VPOS="873" WIDTH="212" HEIGHT="56" CONTENT="toutes" WC="0.98" CC="506030"/>
						<SP ID="P39_SP00020" HPOS="1166" VPOS="953" WIDTH="30"/>
						<String ID="P39_ST00025" HPOS="1196" VPOS="868" WIDTH="93" HEIGHT="59" CONTENT="les" WC="0.99" CC="020"/>
						<SP ID="P39_SP00021" HPOS="1289" VPOS="953" WIDTH="33"/>
						<String ID="P39_ST00026" HPOS="1322" VPOS="868" WIDTH="334" HEIGHT="77" CONTENT="questions" WC="1.00" CC="400000600"/>
						<SP ID="P39_SP00022" HPOS="1656" VPOS="953" WIDTH="29"/>
						<String ID="P39_ST00027" HPOS="1685" VPOS="866" WIDTH="234" HEIGHT="60" CONTENT="d'Etat." WC="0.99" CC="0040803"/>
					</TextLine>
					<TextLine ID="P39_TL00006" HPOS="334" VPOS="955" WIDTH="1851" HEIGHT="83">
						<String ID="P39_ST00028" HPOS="334" VPOS="967" WIDTH="34" HEIGHT="54" CONTENT="2" WC="1.00" CC="9"/>
						<String ID="P39_ST00029" HPOS="376" VPOS="972" WIDTH="20" HEIGHT="25" CONTENT="e" STYLE="superscript" WC="0.86" CC="1"/>
						<SP ID="P39_SP00023" HPOS="396" VPOS="1021" WIDTH="46"/>
						<String ID="P39_ST00030" HPOS="442" VPOS="963" WIDTH="292" HEIGHT="75" CONTENT="Suffrage" WC="0.98" CC="55006990"/>
						<SP ID="P39_SP00024" HPOS="734" VPOS="1038" WIDTH="65"/>
						<String ID="P39_ST00031" HPOS="799" VPOS="959" WIDTH="321" HEIGHT="61" CONTENT="universel" WC="0.99" CC="000910323"/>
						<SP ID="P39_SP00025" HPOS="1120" VPOS="1038" WIDTH="47"/>
						<String ID="P39_ST00032" HPOS="1167" VPOS="976" WIDTH="150" HEIGHT="40" CONTENT="sans" WC="0.99" CC="0600"/>
						<SP ID="P39_SP00026" HPOS="1317" VPOS="1038" WIDTH="42"/>
						<String ID="P39_ST00033" HPOS="1359" VPOS="957" WIDTH="369" HEIGHT="59" CONTENT="restriction" WC="0.99" CC="62004004070"/>
						<SP ID="P39_SP00027" HPOS="1728" VPOS="1038" WIDTH="73"/>
						<String ID="P39_ST00034" HPOS="1801" VPOS="971" WIDTH="251" HEIGHT="43" CONTENT="aucune" WC="0.98" CC="460501"/>
						<SP ID="P39_SP00028" HPOS="2052" VPOS="1038" WIDTH="60"/>
						<String ID="P39_ST00035" HPOS="2112" VPOS="955" WIDTH="73" HEIGHT="59" CONTENT="de" WC="1.00" CC="00"/>
					</TextLine>
					<TextLine ID="P39_TL00007" HPOS="254" VPOS="1051" WIDTH="606" HEIGHT="62">
						<String ID="P39_ST00036" HPOS="254" VPOS="1071" WIDTH="150" HEIGHT="42" CONTENT="cens" WC="1.00" CC="1001"/>
						<SP ID="P39_SP00029" HPOS="404" VPOS="1113" WIDTH="34"/>
						<String ID="P39_ST00037" HPOS="438" VPOS="1054" WIDTH="58" HEIGHT="57" CONTENT="et" WC="0.69" CC="60"/>
						<SP ID="P39_SP00030" HPOS="496" VPOS="1113" WIDTH="37"/>
						<String ID="P39_ST00038" HPOS="533" VPOS="1053" WIDTH="75" HEIGHT="57" CONTENT="de" WC="0.89" CC="02"/>
						<SP ID="P39_SP00031" HPOS="608" VPOS="1113" WIDTH="27"/>
						<String ID="P39_ST00039" HPOS="635" VPOS="1051" WIDTH="225" HEIGHT="58" CONTENT="classe." WC="0.99" CC="2305004"/>
					</TextLine>
					<TextLine ID="P39_TL00008" HPOS="336" VPOS="1132" WIDTH="1846" HEIGHT="84">
						<String ID="P39_ST00040" HPOS="336" VPOS="1145" WIDTH="63" HEIGHT="55" CONTENT="3°" WC="0.67" CC="42"/>
						<SP ID="P39_SP00032" HPOS="399" VPOS="1200" WIDTH="36"/>
						<String ID="P39_ST00041" HPOS="435" VPOS="1142" WIDTH="253" HEIGHT="57" CONTENT="Liberté" WC="0.98" CC="1064534"/>
						<SP ID="P39_SP00033" HPOS="688" VPOS="1200" WIDTH="34"/>
						<String ID="P39_ST00042" HPOS="722" VPOS="1139" WIDTH="77" HEIGHT="59" CONTENT="de" WC="0.77" CC="04"/>
						<SP ID="P39_SP00034" HPOS="799" VPOS="1200" WIDTH="31"/>
						<String ID="P39_ST00043" HPOS="830" VPOS="1137" WIDTH="325" HEIGHT="79" CONTENT="presse,de" WC="0.99" CC="061004003"/>
						<SP ID="P39_SP00035" HPOS="1155" VPOS="1216" WIDTH="30"/>
						<String ID="P39_ST00044" HPOS="1185" VPOS="1134" WIDTH="312" HEIGHT="61" CONTENT="réunions" WC="0.99" CC="61600100"/>
						<SP ID="P39_SP00036" HPOS="1497" VPOS="1216" WIDTH="36"/>
						<String ID="P39_ST00045" HPOS="1533" VPOS="1136" WIDTH="58" HEIGHT="58" CONTENT="et" WC="0.68" CC="60"/>
						<SP ID="P39_SP00037" HPOS="1591" VPOS="1216" WIDTH="28"/>
						<String ID="P39_ST00046" HPOS="1619" VPOS="1133" WIDTH="378" HEIGHT="78" CONTENT="d'agitation" WC="1.00" CC="00090040020"/>
						<SP ID="P39_SP00038" HPOS="1997" VPOS="1216" WIDTH="31"/>
						<String ID="P39_ST00047" HPOS="2028" VPOS="1132" WIDTH="124" HEIGHT="60" CONTENT="élec" SUBS_TYPE="HypPart1" SUBS_CONTENT="électorale." WC="0.98" CC="0263"/>
						<HYP HPOS="2152" VPOS="1132" WIDTH="30" CONTENT="-"/>
					</TextLine>
					<TextLine ID="P39_TL00009" HPOS="256" VPOS="1231" WIDTH="229" HEIGHT="60">
						<String ID="P39_ST00048" HPOS="256" VPOS="1231" WIDTH="229" HEIGHT="60" CONTENT="torale." SUBS_TYPE="HypPart2" SUBS_CONTENT="électorale." WC="0.99" CC="0700213"/>
					</TextLine>
					<TextLine ID="P39_TL00010" HPOS="333" VPOS="1308" WIDTH="1854" HEIGHT="87">
						<String ID="P39_ST00049" HPOS="333" VPOS="1324" WIDTH="62" HEIGHT="53" CONTENT="4°" WC="0.49" CC="72"/>
						<SP ID="P39_SP00039" HPOS="395" VPOS="1377" WIDTH="33"/>
						<String ID="P39_ST00050" HPOS="428" VPOS="1322" WIDTH="200" HEIGHT="73" CONTENT="Large" WC="0.98" CC="38500"/>
						<SP ID="P39_SP00040" HPOS="628" VPOS="1395" WIDTH="61"/>
						<String ID="P39_ST00051" HPOS="689" VPOS="1315" WIDTH="371" HEIGHT="61" CONTENT="autonomie" WC="1.00" CC="460001000"/>
						<SP ID="P39_SP00041" HPOS="1060" VPOS="1395" WIDTH="32"/>
						<String ID="P39_ST00052" HPOS="1092" VPOS="1313" WIDTH="231" HEIGHT="72" CONTENT="locale," WC="0.99" CC="3400122"/>
						<SP ID="P39_SP00042" HPOS="1323" VPOS="1395" WIDTH="59"/>
						<String ID="P39_ST00053" HPOS="1382" VPOS="1312" WIDTH="292" HEIGHT="78" CONTENT="garantie" WC="0.99" CC="00760000"/>
						<SP ID="P39_SP00043" HPOS="1674" VPOS="1395" WIDTH="45"/>
						<String ID="P39_ST00054" HPOS="1719" VPOS="1329" WIDTH="118" HEIGHT="59" CONTENT="par" WC="0.95" CC="065"/>
						<SP ID="P39_SP00044" HPOS="1837" VPOS="1395" WIDTH="51"/>
						<String ID="P39_ST00055" HPOS="1888" VPOS="1308" WIDTH="270" HEIGHT="78" CONTENT="l'éligibi" SUBS_TYPE="HypPart1" SUBS_CONTENT="l'éligibilité" WC="0.99" CC="040239361"/>
						<HYP HPOS="2158" VPOS="1308" WIDTH="29" CONTENT="-"/>
					</TextLine>
					<TextLine ID="P39_TL00011" HPOS="246" VPOS="1400" WIDTH="1941" HEIGHT="80">
						<String ID="P39_ST00056" HPOS="246" VPOS="1410" WIDTH="112" HEIGHT="58" CONTENT="lité" SUBS_TYPE="HypPart2" SUBS_CONTENT="l'éligibilité" WC="0.98" CC="8001"/>
						<SP ID="P39_SP00045" HPOS="358" VPOS="1468" WIDTH="34"/>
						<String ID="P39_ST00057" HPOS="392" VPOS="1414" WIDTH="36" HEIGHT="54" CONTENT="à" WC="0.43" CC="5"/>
						<SP ID="P39_SP00046" HPOS="428" VPOS="1468" WIDTH="49"/>
						<String ID="P39_ST00058" HPOS="477" VPOS="1414" WIDTH="211" HEIGHT="53" CONTENT="toutes" WC="0.99" CC="016005"/>
						<SP ID="P39_SP00047" HPOS="688" VPOS="1468" WIDTH="57"/>
						<String ID="P39_ST00059" HPOS="745" VPOS="1406" WIDTH="90" HEIGHT="59" CONTENT="les" WC="0.94" CC="725"/>
						<SP ID="P39_SP00048" HPOS="835" VPOS="1468" WIDTH="41"/>
						<String ID="P39_ST00060" HPOS="876" VPOS="1405" WIDTH="326" HEIGHT="60" CONTENT="fonctions" WC="0.98" CC="333743234"/>
						<SP ID="P39_SP00049" HPOS="1202" VPOS="1468" WIDTH="50"/>
						<String ID="P39_ST00061" HPOS="1252" VPOS="1404" WIDTH="370" HEIGHT="76" CONTENT="publiques," WC="0.99" CC="0706096020"/>
						<SP ID="P39_SP00050" HPOS="1622" VPOS="1480" WIDTH="47"/>
						<String ID="P39_ST00062" HPOS="1669" VPOS="1420" WIDTH="116" HEIGHT="60" CONTENT="par" WC="0.98" CC="006"/>
						<SP ID="P39_SP00051" HPOS="1785" VPOS="1480" WIDTH="35"/>
						<String ID="P39_ST00063" HPOS="1820" VPOS="1400" WIDTH="331" HEIGHT="77" CONTENT="l'indépen" SUBS_TYPE="HypPart1" SUBS_CONTENT="l'indépendance" WC="0.99" CC="043200004"/>
						<HYP HPOS="2151" VPOS="1400" WIDTH="36" CONTENT="-"/>
					</TextLine>
					<TextLine ID="P39_TL00012" HPOS="256" VPOS="1487" WIDTH="1935" HEIGHT="87">
						<String ID="P39_ST00064" HPOS="256" VPOS="1499" WIDTH="201" HEIGHT="58" CONTENT="dance" SUBS_TYPE="HypPart2" SUBS_CONTENT="l'indépendance" WC="0.99" CC="00510"/>
						<SP ID="P39_SP00052" HPOS="457" VPOS="1557" WIDTH="63"/>
						<String ID="P39_ST00065" HPOS="520" VPOS="1498" WIDTH="86" HEIGHT="58" CONTENT="du" WC="0.66" CC="06"/>
						<SP ID="P39_SP00053" HPOS="606" VPOS="1557" WIDTH="58"/>
						<String ID="P39_ST00066" HPOS="664" VPOS="1496" WIDTH="118" HEIGHT="59" CONTENT="mir" WC="0.83" CC="013" STYLEREFS="TXT_2"/>
						<SP ID="P39_SP00054" HPOS="782" VPOS="1557" WIDTH="32"/>
						<String ID="P39_ST00067" HPOS="814" VPOS="1494" WIDTH="368" HEIGHT="80" CONTENT="(commune" WC="0.99" CC="05100056"/>
						<SP ID="P39_SP00055" HPOS="1182" VPOS="1574" WIDTH="59"/>
						<String ID="P39_ST00068" HPOS="1241" VPOS="1491" WIDTH="241" HEIGHT="79" CONTENT="rurale)" WC="0.98" CC="6705027"/>
						<SP ID="P39_SP00056" HPOS="1482" VPOS="1574" WIDTH="46"/>
						<String ID="P39_ST00069" HPOS="1528" VPOS="1494" WIDTH="59" HEIGHT="57" CONTENT="et" WC="0.94" CC="10"/>
						<SP ID="P39_SP00057" HPOS="1587" VPOS="1574" WIDTH="50"/>
						<String ID="P39_ST00070" HPOS="1637" VPOS="1490" WIDTH="157" HEIGHT="61" CONTENT="celle" WC="0.99" CC="00063"/>
						<SP ID="P39_SP00058" HPOS="1794" VPOS="1574" WIDTH="45"/>
						<String ID="P39_ST00071" HPOS="1839" VPOS="1490" WIDTH="86" HEIGHT="60" CONTENT="du" WC="1.00" CC="00"/>
						<SP ID="P39_SP00059" HPOS="1925" VPOS="1574" WIDTH="34"/>
						<String ID="P39_ST00072" HPOS="1959" VPOS="1487" WIDTH="232" HEIGHT="80" CONTENT="peuple" WC="0.99" CC="008010"/>
					</TextLine>
					<TextLine ID="P39_TL00013" HPOS="253" VPOS="1584" WIDTH="1042" HEIGHT="81">
						<String ID="P39_ST00073" HPOS="253" VPOS="1606" WIDTH="80" HEIGHT="41" CONTENT="au" WC="0.60" CC="70"/>
						<SP ID="P39_SP00060" HPOS="333" VPOS="1647" WIDTH="33"/>
						<String ID="P39_ST00074" HPOS="366" VPOS="1588" WIDTH="186" HEIGHT="77" CONTENT="point" WC="0.99" CC="03050"/>
						<SP ID="P39_SP00061" HPOS="552" VPOS="1665" WIDTH="31"/>
						<String ID="P39_ST00075" HPOS="583" VPOS="1586" WIDTH="78" HEIGHT="60" CONTENT="de" WC="0.85" CC="02"/>
						<SP ID="P39_SP00062" HPOS="661" VPOS="1665" WIDTH="33"/>
						<String ID="P39_ST00076" HPOS="694" VPOS="1603" WIDTH="121" HEIGHT="42" CONTENT="vue" WC="0.98" CC="060"/>
						<SP ID="P39_SP00063" HPOS="815" VPOS="1665" WIDTH="34"/>
						<String ID="P39_ST00077" HPOS="849" VPOS="1584" WIDTH="446" HEIGHT="76" CONTENT="économique." WC="0.99" CC="00413600043"/>
					</TextLine>
					<TextLine ID="P39_TL00014" HPOS="334" VPOS="1669" WIDTH="1855" HEIGHT="85">
						<String ID="P39_ST00078" HPOS="334" VPOS="1680" WIDTH="34" HEIGHT="56" CONTENT="5" WC="0.34" CC="6"/>
						<String ID="P39_ST00079" HPOS="372" VPOS="1686" WIDTH="20" HEIGHT="24" CONTENT="e" STYLE="superscript" WC="0.55" CC="4"/>
						<SP ID="P39_SP00064" HPOS="392" VPOS="1736" WIDTH="32"/>
						<String ID="P39_ST00080" HPOS="424" VPOS="1677" WIDTH="517" HEIGHT="77" CONTENT="Remplacement" WC="0.99" CC="739064000000"/>
						<SP ID="P39_SP00065" HPOS="941" VPOS="1754" WIDTH="25"/>
						<String ID="P39_ST00081" HPOS="966" VPOS="1674" WIDTH="79" HEIGHT="59" CONTENT="de" WC="0.74" CC="05"/>
						<SP ID="P39_SP00066" HPOS="1045" VPOS="1754" WIDTH="33"/>
						<String ID="P39_ST00082" HPOS="1078" VPOS="1672" WIDTH="257" HEIGHT="59" CONTENT="l'armée" WC="0.99" CC="4366000"/>
						<SP ID="P39_SP00067" HPOS="1335" VPOS="1754" WIDTH="31"/>
						<String ID="P39_ST00083" HPOS="1366" VPOS="1675" WIDTH="421" HEIGHT="74" CONTENT="permanente" WC="0.99" CC="0360600005"/>
						<SP ID="P39_SP00068" HPOS="1787" VPOS="1754" WIDTH="33"/>
						<String ID="P39_ST00084" HPOS="1820" VPOS="1688" WIDTH="118" HEIGHT="60" CONTENT="par" WC="0.94" CC="096"/>
						<SP ID="P39_SP00069" HPOS="1938" VPOS="1754" WIDTH="26"/>
						<String ID="P39_ST00085" HPOS="1964" VPOS="1669" WIDTH="65" HEIGHT="60" CONTENT="la" WC="0.76" CC="04"/>
						<SP ID="P39_SP00070" HPOS="2029" VPOS="1754" WIDTH="35"/>
						<String ID="P39_ST00086" HPOS="2064" VPOS="1674" WIDTH="94" HEIGHT="53" CONTENT="ter" SUBS_TYPE="HypPart1" SUBS_CONTENT="territoriale." WC="0.96" CC="524"/>
						<HYP HPOS="2158" VPOS="1674" WIDTH="31" CONTENT="-"/>
					</TextLine>
					<TextLine ID="P39_TL00015" HPOS="255" VPOS="1767" WIDTH="310" HEIGHT="60">
						<String ID="P39_ST00087" HPOS="255" VPOS="1767" WIDTH="310" HEIGHT="60" CONTENT="ritoriale." SUBS_TYPE="HypPart2" SUBS_CONTENT="territoriale." WC="0.99" CC="5015506204"/>
					</TextLine>
					<TextLine ID="P39_TL00016" HPOS="334" VPOS="1940" WIDTH="886" HEIGHT="82">
						<String ID="P39_ST00088" HPOS="334" VPOS="1945" WIDTH="77" HEIGHT="77" CONTENT="B)" WC="0.53" CC="44" STYLEREFS="TXT_2"/>
						<SP ID="P39_SP00071" HPOS="411" VPOS="2022" WIDTH="37"/>
						<String ID="P39_ST00089" HPOS="448" VPOS="1948" WIDTH="57" HEIGHT="55" CONTENT="1°" WC="0.53" CC="72"/>
						<SP ID="P39_SP00072" HPOS="505" VPOS="2022" WIDTH="35"/>
						<String ID="P39_ST00090" HPOS="540" VPOS="1947" WIDTH="85" HEIGHT="56" CONTENT="La" WC="1.00" CC="00"/>
						<SP ID="P39_SP00073" HPOS="625" VPOS="2022" WIDTH="28"/>
						<String ID="P39_ST00091" HPOS="653" VPOS="1950" WIDTH="170" HEIGHT="53" CONTENT="terre" WC="0.98" CC="54600"/>
						<SP ID="P39_SP00074" HPOS="823" VPOS="2022" WIDTH="33"/>
						<String ID="P39_ST00092" HPOS="856" VPOS="1960" WIDTH="80" HEIGHT="40" CONTENT="au" WC="0.41" CC="46"/>
						<SP ID="P39_SP00075" HPOS="936" VPOS="2022" WIDTH="33"/>
						<String ID="P39_ST00093" HPOS="969" VPOS="1940" WIDTH="251" HEIGHT="78" CONTENT="peuple." WC="1.00" CC="0000004"/>
					</TextLine>
					<TextLine ID="P39_TL00017" HPOS="333" VPOS="2027" WIDTH="1851" HEIGHT="84">
						<String ID="P39_ST00094" HPOS="333" VPOS="2037" WIDTH="63" HEIGHT="56" CONTENT="2°" WC="0.42" CC="74"/>
						<SP ID="P39_SP00076" HPOS="396" VPOS="2093" WIDTH="39"/>
						<String ID="P39_ST00095" HPOS="435" VPOS="2037" WIDTH="289" HEIGHT="74" CONTENT="Système" WC="0.98" CC="6602490"/>
						<SP ID="P39_SP00077" HPOS="724" VPOS="2111" WIDTH="37"/>
						<String ID="P39_ST00096" HPOS="761" VPOS="2034" WIDTH="76" HEIGHT="57" CONTENT="de" WC="1.00" CC="00"/>
						<SP ID="P39_SP00078" HPOS="837" VPOS="2111" WIDTH="33"/>
						<String ID="P39_ST00097" HPOS="870" VPOS="2049" WIDTH="285" HEIGHT="42" CONTENT="mesures" WC="0.99" CC="0000631"/>
						<SP ID="P39_SP00079" HPOS="1155" VPOS="2111" WIDTH="45"/>
						<String ID="P39_ST00098" HPOS="1200" VPOS="2032" WIDTH="193" HEIGHT="75" CONTENT="ayant" WC="0.97" CC="47060"/>
						<SP ID="P39_SP00080" HPOS="1393" VPOS="2111" WIDTH="39"/>
						<String ID="P39_ST00099" HPOS="1432" VPOS="2046" WIDTH="164" HEIGHT="60" CONTENT="pour" WC="0.97" CC="0357"/>
						<SP ID="P39_SP00081" HPOS="1596" VPOS="2111" WIDTH="31"/>
						<String ID="P39_ST00100" HPOS="1627" VPOS="2030" WIDTH="118" HEIGHT="58" CONTENT="but" WC="0.95" CC="706"/>
						<SP ID="P39_SP00082" HPOS="1745" VPOS="2111" WIDTH="29"/>
						<String ID="P39_ST00101" HPOS="1774" VPOS="2027" WIDTH="77" HEIGHT="60" CONTENT="de" WC="1.00" CC="00"/>
						<SP ID="P39_SP00083" HPOS="1851" VPOS="2111" WIDTH="39"/>
						<String ID="P39_ST00102" HPOS="1890" VPOS="2031" WIDTH="226" HEIGHT="56" CONTENT="mettre" WC="0.99" CC="043040"/>
						<SP ID="P39_SP00084" HPOS="2116" VPOS="2111" WIDTH="31"/>
						<String ID="P39_ST00103" HPOS="2147" VPOS="2031" WIDTH="37" HEIGHT="53" CONTENT="à" WC="0.66" CC="3"/>
					</TextLine>
					<TextLine ID="P39_TL00018" HPOS="251" VPOS="2116" WIDTH="1931" HEIGHT="85">
						<String ID="P39_ST00104" HPOS="251" VPOS="2125" WIDTH="64" HEIGHT="58" CONTENT="la" WC="0.86" CC="20"/>
						<SP ID="P39_SP00085" HPOS="315" VPOS="2183" WIDTH="47"/>
						<String ID="P39_ST00105" HPOS="362" VPOS="2124" WIDTH="387" HEIGHT="77" CONTENT="disposition" WC="1.00" CC="00005045040"/>
						<SP ID="P39_SP00086" HPOS="749" VPOS="2201" WIDTH="41"/>
						<String ID="P39_ST00106" HPOS="790" VPOS="2121" WIDTH="108" HEIGHT="60" CONTENT="des" WC="0.98" CC="040"/>
						<SP ID="P39_SP00087" HPOS="898" VPOS="2201" WIDTH="48"/>
						<String ID="P39_ST00107" HPOS="946" VPOS="2119" WIDTH="314" HEIGHT="67" CONTENT="ouvriers," WC="0.98" CC="669603503"/>
						<SP ID="P39_SP00088" HPOS="1260" VPOS="2201" WIDTH="53"/>
						<String ID="P39_ST00108" HPOS="1313" VPOS="2135" WIDTH="246" HEIGHT="42" CONTENT="comme" WC="1.00" CC="03000"/>
						<SP ID="P39_SP00089" HPOS="1559" VPOS="2201" WIDTH="49"/>
						<String ID="P39_ST00109" HPOS="1608" VPOS="2117" WIDTH="318" HEIGHT="79" CONTENT="propriété" WC="0.99" CC="065040370"/>
						<SP ID="P39_SP00090" HPOS="1926" VPOS="2201" WIDTH="49"/>
						<String ID="P39_ST00110" HPOS="1975" VPOS="2116" WIDTH="173" HEIGHT="58" CONTENT="natio" SUBS_TYPE="HypPart1" SUBS_CONTENT="nationale," WC="0.98" CC="70033"/>
						<HYP HPOS="2148" VPOS="2116" WIDTH="34" CONTENT="-"/>
					</TextLine>
					<TextLine ID="P39_TL00019" HPOS="253" VPOS="2208" WIDTH="1276" HEIGHT="77">
						<String ID="P39_ST00111" HPOS="253" VPOS="2214" WIDTH="170" HEIGHT="68" CONTENT="nale," SUBS_TYPE="HypPart2" SUBS_CONTENT="nationale," WC="0.98" CC="45400"/>
						<SP ID="P39_SP00091" HPOS="423" VPOS="2282" WIDTH="35"/>
						<String ID="P39_ST00112" HPOS="458" VPOS="2218" WIDTH="211" HEIGHT="53" CONTENT="toutes" WC="0.98" CC="056254"/>
						<SP ID="P39_SP00092" HPOS="669" VPOS="2282" WIDTH="38"/>
						<String ID="P39_ST00113" HPOS="707" VPOS="2211" WIDTH="93" HEIGHT="59" CONTENT="les" WC="0.97" CC="402"/>
						<SP ID="P39_SP00093" HPOS="800" VPOS="2282" WIDTH="29"/>
						<String ID="P39_ST00114" HPOS="829" VPOS="2209" WIDTH="216" HEIGHT="59" CONTENT="usines" WC="0.98" CC="450600"/>
						<SP ID="P39_SP00094" HPOS="1045" VPOS="2282" WIDTH="39"/>
						<String ID="P39_ST00115" HPOS="1084" VPOS="2213" WIDTH="59" HEIGHT="55" CONTENT="et" WC="0.77" CC="40"/>
						<SP ID="P39_SP00095" HPOS="1143" VPOS="2282" WIDTH="25"/>
						<String ID="P39_ST00116" HPOS="1168" VPOS="2208" WIDTH="361" HEIGHT="77" CONTENT="fabriques." WC="0.99" CC="1006006104"/>
					</TextLine>
					<TextLine ID="P39_TL00020" HPOS="333" VPOS="2298" WIDTH="1852" HEIGHT="83">
						<String ID="P39_ST00117" HPOS="333" VPOS="2305" WIDTH="60" HEIGHT="56" CONTENT="3°" WC="0.49" CC="63"/>
						<SP ID="P39_SP00096" HPOS="393" VPOS="2361" WIDTH="34"/>
						<String ID="P39_ST00118" HPOS="427" VPOS="2304" WIDTH="283" HEIGHT="77" CONTENT="Système" WC="0.98" CC="5044505"/>
						<SP ID="P39_SP00097" HPOS="710" VPOS="2381" WIDTH="31"/>
						<String ID="P39_ST00119" HPOS="741" VPOS="2301" WIDTH="78" HEIGHT="59" CONTENT="de" WC="0.91" CC="01"/>
						<SP ID="P39_SP00098" HPOS="819" VPOS="2381" WIDTH="32"/>
						<String ID="P39_ST00120" HPOS="851" VPOS="2315" WIDTH="283" HEIGHT="44" CONTENT="mesures" WC="0.99" CC="0000550"/>
						<SP ID="P39_SP00099" HPOS="1134" VPOS="2381" WIDTH="24"/>
						<String ID="P39_ST00121" HPOS="1158" VPOS="2298" WIDTH="434" HEIGHT="78" CONTENT="garantissant" WC="0.99" CC="906026500031"/>
						<SP ID="P39_SP00100" HPOS="1592" VPOS="2381" WIDTH="27"/>
						<String ID="P39_ST00122" HPOS="1619" VPOS="2315" WIDTH="122" HEIGHT="41" CONTENT="une" WC="0.99" CC="300"/>
						<SP ID="P39_SP00101" HPOS="1741" VPOS="2381" WIDTH="23"/>
						<String ID="P39_ST00123" HPOS="1764" VPOS="2298" WIDTH="166" HEIGHT="76" CONTENT="juste" WC="0.98" CC="47005"/>
						<SP ID="P39_SP00102" HPOS="1930" VPOS="2381" WIDTH="32"/>
						<String ID="P39_ST00124" HPOS="1962" VPOS="2298" WIDTH="186" HEIGHT="75" CONTENT="répar" SUBS_TYPE="HypPart1" SUBS_CONTENT="répartition" WC="0.99" CC="60005"/>
						<HYP HPOS="2148" VPOS="2298" WIDTH="37" CONTENT="-"/>
					</TextLine>
					<TextLine ID="P39_TL00021" HPOS="250" VPOS="2385" WIDTH="1933" HEIGHT="83">
						<String ID="P39_ST00125" HPOS="250" VPOS="2394" WIDTH="187" HEIGHT="57" CONTENT="tition" SUBS_TYPE="HypPart2" SUBS_CONTENT="répartition" WC="0.98" CC="063140"/>
						<SP ID="P39_SP00103" HPOS="437" VPOS="2451" WIDTH="35"/>
						<String ID="P39_ST00126" HPOS="472" VPOS="2393" WIDTH="107" HEIGHT="58" CONTENT="des" WC="1.00" CC="000"/>
						<SP ID="P39_SP00104" HPOS="579" VPOS="2451" WIDTH="52"/>
						<String ID="P39_ST00127" HPOS="631" VPOS="2392" WIDTH="239" HEIGHT="76" CONTENT="impôts" WC="0.99" CC="430600"/>
						<SP ID="P39_SP00105" HPOS="870" VPOS="2468" WIDTH="51"/>
						<String ID="P39_ST00128" HPOS="921" VPOS="2392" WIDTH="58" HEIGHT="57" CONTENT="et" WC="1.00" CC="00"/>
						<SP ID="P39_SP00106" HPOS="979" VPOS="2468" WIDTH="52"/>
						<String ID="P39_ST00129" HPOS="1031" VPOS="2392" WIDTH="403" HEIGHT="56" CONTENT="notamment" WC="1.00" CC="007400000"/>
						<SP ID="P39_SP00107" HPOS="1434" VPOS="2468" WIDTH="49"/>
						<String ID="P39_ST00130" HPOS="1483" VPOS="2388" WIDTH="65" HEIGHT="57" CONTENT="la" WC="0.93" CC="10"/>
						<SP ID="P39_SP00108" HPOS="1548" VPOS="2468" WIDTH="53"/>
						<String ID="P39_ST00131" HPOS="1601" VPOS="2387" WIDTH="419" HEIGHT="77" CONTENT="suppression" WC="0.99" CC="06003202450"/>
						<SP ID="P39_SP00109" HPOS="2020" VPOS="2468" WIDTH="55"/>
						<String ID="P39_ST00132" HPOS="2075" VPOS="2385" WIDTH="108" HEIGHT="59" CONTENT="des" WC="0.99" CC="010"/>
					</TextLine>
					<TextLine ID="P39_TL00022" HPOS="250" VPOS="2475" WIDTH="1928" HEIGHT="84">
						<String ID="P39_ST00133" HPOS="250" VPOS="2483" WIDTH="241" HEIGHT="76" CONTENT="impôts" WC="0.99" CC="000540"/>
						<SP ID="P39_SP00110" HPOS="491" VPOS="2559" WIDTH="32"/>
						<String ID="P39_ST00134" HPOS="523" VPOS="2481" WIDTH="337" HEIGHT="68" CONTENT="indirects," WC="0.99" CC="0000022822"/>
						<SP ID="P39_SP00111" HPOS="860" VPOS="2559" WIDTH="31"/>
						<String ID="P39_ST00135" HPOS="891" VPOS="2477" WIDTH="254" HEIGHT="77" CONTENT="l'impôt" WC="0.99" CC="0400705"/>
						<SP ID="P39_SP00112" HPOS="1145" VPOS="2559" WIDTH="36"/>
						<String ID="P39_ST00136" HPOS="1181" VPOS="2475" WIDTH="359" HEIGHT="80" CONTENT="progressif" WC="0.99" CC="0639702020"/>
						<SP ID="P39_SP00113" HPOS="1540" VPOS="2559" WIDTH="21"/>
						<String ID="P39_ST00137" HPOS="1561" VPOS="2495" WIDTH="108" HEIGHT="40" CONTENT="sur" WC="0.97" CC="043"/>
						<SP ID="P39_SP00114" HPOS="1669" VPOS="2559" WIDTH="25"/>
						<String ID="P39_ST00138" HPOS="1694" VPOS="2477" WIDTH="58" HEIGHT="58" CONTENT="le" WC="0.85" CC="02"/>
						<SP ID="P39_SP00115" HPOS="1752" VPOS="2559" WIDTH="30"/>
						<String ID="P39_ST00139" HPOS="1782" VPOS="2493" WIDTH="261" HEIGHT="55" CONTENT="revenu," WC="0.99" CC="7000300"/>
						<SP ID="P39_SP00116" HPOS="2043" VPOS="2559" WIDTH="18"/>
						<String ID="P39_ST00140" HPOS="2061" VPOS="2481" WIDTH="117" HEIGHT="54" CONTENT="etc." WC="0.98" CC="5004"/>
					</TextLine>
					<TextLine ID="P39_TL00023" HPOS="338" VPOS="2655" WIDTH="1845" HEIGHT="85">
						<String ID="P39_ST00141" HPOS="338" VPOS="2660" WIDTH="69" HEIGHT="80" CONTENT="C)" WC="0.73" CC="05" STYLEREFS="TXT_2"/>
						<SP ID="P39_SP00117" HPOS="407" VPOS="2740" WIDTH="30"/>
						<String ID="P39_ST00142" HPOS="437" VPOS="2661" WIDTH="251" HEIGHT="58" CONTENT="Liberté" WC="0.99" CC="0000933"/>
						<SP ID="P39_SP00118" HPOS="688" VPOS="2740" WIDTH="33"/>
						<String ID="P39_ST00143" HPOS="721" VPOS="2658" WIDTH="210" HEIGHT="78" CONTENT="pleine" WC="0.99" CC="000452"/>
						<SP ID="P39_SP00119" HPOS="931" VPOS="2740" WIDTH="61"/>
						<String ID="P39_ST00144" HPOS="992" VPOS="2661" WIDTH="59" HEIGHT="55" CONTENT="et" WC="0.66" CC="60"/>
						<SP ID="P39_SP00120" HPOS="1051" VPOS="2740" WIDTH="56"/>
						<String ID="P39_ST00145" HPOS="1107" VPOS="2657" WIDTH="235" HEIGHT="59" CONTENT="entière" WC="0.99" CC="0002442"/>
						<SP ID="P39_SP00121" HPOS="1342" VPOS="2740" WIDTH="29"/>
						<String ID="P39_ST00146" HPOS="1371" VPOS="2656" WIDTH="78" HEIGHT="60" CONTENT="de" WC="0.50" CC="90"/>
						<SP ID="P39_SP00122" HPOS="1449" VPOS="2740" WIDTH="34"/>
						<String ID="P39_ST00147" HPOS="1483" VPOS="2656" WIDTH="404" HEIGHT="71" CONTENT="conscience," WC="1.00" CC="04000130000"/>
						<SP ID="P39_SP00123" HPOS="1887" VPOS="2740" WIDTH="46"/>
						<String ID="P39_ST00148" HPOS="1933" VPOS="2655" WIDTH="76" HEIGHT="59" CONTENT="de" WC="0.66" CC="06"/>
						<SP ID="P39_SP00124" HPOS="2009" VPOS="2740" WIDTH="62"/>
						<String ID="P39_ST00149" HPOS="2071" VPOS="2672" WIDTH="75" HEIGHT="61" CONTENT="pa" SUBS_TYPE="HypPart1" SUBS_CONTENT="parole" WC="0.98" CC="00"/>
						<HYP HPOS="2146" VPOS="2672" WIDTH="37" CONTENT="-"/>
					</TextLine>
					<TextLine ID="P39_TL00024" HPOS="251" VPOS="2746" WIDTH="1608" HEIGHT="77">
						<String ID="P39_ST00150" HPOS="251" VPOS="2750" WIDTH="136" HEIGHT="61" CONTENT="role" SUBS_TYPE="HypPart2" SUBS_CONTENT="parole" WC="0.98" CC="4320"/>
						<SP ID="P39_SP00125" HPOS="387" VPOS="2811" WIDTH="27"/>
						<String ID="P39_ST00151" HPOS="414" VPOS="2771" WIDTH="14" HEIGHT="49" CONTENT=";" WC="0.43" CC="5"/>
						<SP ID="P39_SP00126" HPOS="428" VPOS="2820" WIDTH="33"/>
						<String ID="P39_ST00152" HPOS="461" VPOS="2750" WIDTH="391" HEIGHT="59" CONTENT="instruction" WC="0.99" CC="00066625060"/>
						<SP ID="P39_SP00127" HPOS="852" VPOS="2820" WIDTH="38"/>
						<String ID="P39_ST00153" HPOS="890" VPOS="2747" WIDTH="273" HEIGHT="76" CONTENT="gratuite" WC="0.99" CC="06056204"/>
						<SP ID="P39_SP00128" HPOS="1163" VPOS="2823" WIDTH="36"/>
						<String ID="P39_ST00154" HPOS="1199" VPOS="2750" WIDTH="58" HEIGHT="56" CONTENT="et" WC="0.93" CC="10"/>
						<SP ID="P39_SP00129" HPOS="1257" VPOS="2823" WIDTH="31"/>
						<String ID="P39_ST00155" HPOS="1288" VPOS="2746" WIDTH="409" HEIGHT="77" CONTENT="obligatoire," WC="1.00" CC="102300013600"/>
						<SP ID="P39_SP00130" HPOS="1697" VPOS="2823" WIDTH="45"/>
						<String ID="P39_ST00156" HPOS="1742" VPOS="2750" WIDTH="117" HEIGHT="56" CONTENT="etc." WC="0.97" CC="3062"/>
					</TextLine>
					<TextLine ID="P39_TL00025" HPOS="330" VPOS="2906" WIDTH="1852" HEIGHT="83">
						<String ID="P39_ST00157" HPOS="330" VPOS="2912" WIDTH="188" HEIGHT="60" CONTENT="Voilà" WC="0.97" CC="74344"/>
						<SP ID="P39_SP00131" HPOS="518" VPOS="2972" WIDTH="39"/>
						<String ID="P39_ST00158" HPOS="557" VPOS="2911" WIDTH="89" HEIGHT="60" CONTENT="les" WC="0.99" CC="200"/>
						<SP ID="P39_SP00132" HPOS="646" VPOS="2972" WIDTH="40"/>
						<String ID="P39_ST00159" HPOS="686" VPOS="2929" WIDTH="301" HEIGHT="60" CONTENT="passages" WC="1.00" CC="00000042"/>
						<SP ID="P39_SP00133" HPOS="987" VPOS="2989" WIDTH="53"/>
						<String ID="P39_ST00160" HPOS="1040" VPOS="2909" WIDTH="389" HEIGHT="78" CONTENT="principaux" WC="1.00" CC="0013000004"/>
						<SP ID="P39_SP00134" HPOS="1429" VPOS="2989" WIDTH="58"/>
						<String ID="P39_ST00161" HPOS="1487" VPOS="2907" WIDTH="85" HEIGHT="59" CONTENT="du" WC="1.00" CC="00"/>
						<SP ID="P39_SP00135" HPOS="1572" VPOS="2989" WIDTH="53"/>
						<String ID="P39_ST00162" HPOS="1625" VPOS="2925" WIDTH="407" HEIGHT="61" CONTENT="programme" WC="0.99" CC="062009007"/>
						<SP ID="P39_SP00136" HPOS="2032" VPOS="2989" WIDTH="40"/>
						<String ID="P39_ST00163" HPOS="2072" VPOS="2906" WIDTH="110" HEIGHT="60" CONTENT="des" WC="1.00" CC="000"/>
					</TextLine>
					<TextLine ID="P39_TL00026" HPOS="250" VPOS="2997" WIDTH="1930" HEIGHT="79">
						<String ID="P39_ST00164" HPOS="250" VPOS="3000" WIDTH="583" HEIGHT="63" CONTENT="révolutionnaires" WC="0.99" CC="5093300037402621"/>
						<SP ID="P39_SP00137" HPOS="833" VPOS="3063" WIDTH="34"/>
						<String ID="P39_ST00165" HPOS="867" VPOS="3019" WIDTH="216" HEIGHT="41" CONTENT="russes" WC="0.98" CC="660130"/>
						<SP ID="P39_SP00138" HPOS="1083" VPOS="3063" WIDTH="29"/>
						<String ID="P39_ST00166" HPOS="1112" VPOS="2999" WIDTH="87" HEIGHT="58" CONTENT="tel" WC="0.99" CC="010"/>
						<SP ID="P39_SP00139" HPOS="1199" VPOS="3063" WIDTH="34"/>
						<String ID="P39_ST00167" HPOS="1233" VPOS="2999" WIDTH="154" HEIGHT="76" CONTENT="qu'il" WC="1.00" CC="00000"/>
						<SP ID="P39_SP00140" HPOS="1387" VPOS="3075" WIDTH="34"/>
						<String ID="P39_ST00168" HPOS="1421" VPOS="2997" WIDTH="99" HEIGHT="60" CONTENT="fut" WC="1.00" CC="000"/>
						<SP ID="P39_SP00141" HPOS="1520" VPOS="3075" WIDTH="25"/>
						<String ID="P39_ST00169" HPOS="1545" VPOS="2999" WIDTH="301" HEIGHT="76" CONTENT="imprimé" WC="0.99" CC="5005000"/>
						<SP ID="P39_SP00142" HPOS="1846" VPOS="3075" WIDTH="36"/>
						<String ID="P39_ST00170" HPOS="1882" VPOS="3003" WIDTH="57" HEIGHT="54" CONTENT="et" WC="0.85" CC="20"/>
						<SP ID="P39_SP00143" HPOS="1939" VPOS="3075" WIDTH="22"/>
						<String ID="P39_ST00171" HPOS="1961" VPOS="2997" WIDTH="219" HEIGHT="79" CONTENT="publié" WC="1.00" CC="000040"/>
					</TextLine>
					<TextLine ID="P39_TL00027" HPOS="247" VPOS="3085" WIDTH="1933" HEIGHT="83">
						<String ID="P39_ST00172" HPOS="247" VPOS="3097" WIDTH="37" HEIGHT="53" CONTENT="à" WC="0.41" CC="5"/>
						<SP ID="P39_SP00144" HPOS="284" VPOS="3150" WIDTH="51"/>
						<String ID="P39_ST00173" HPOS="335" VPOS="3093" WIDTH="431" HEIGHT="75" CONTENT="Pétersbourg" WC="0.82" CC="00520001009"/>
						<SP ID="P39_SP00145" HPOS="766" VPOS="3168" WIDTH="42"/>
						<String ID="P39_ST00174" HPOS="808" VPOS="3108" WIDTH="76" HEIGHT="41" CONTENT="en" WC="1.00" CC="00"/>
						<SP ID="P39_SP00146" HPOS="884" VPOS="3168" WIDTH="48"/>
						<String ID="P39_ST00175" HPOS="932" VPOS="3107" WIDTH="171" HEIGHT="40" CONTENT="mars" WC="0.97" CC="0762"/>
						<SP ID="P39_SP00147" HPOS="1103" VPOS="3168" WIDTH="40"/>
						<String ID="P39_ST00176" HPOS="1143" VPOS="3088" WIDTH="155" HEIGHT="58" CONTENT="1892" WC="0.41" CC="6537"/>
						<SP ID="P39_SP00148" HPOS="1298" VPOS="3168" WIDTH="38"/>
						<String ID="P39_ST00177" HPOS="1336" VPOS="3089" WIDTH="60" HEIGHT="57" CONTENT="et" WC="0.63" CC="52"/>
						<SP ID="P39_SP00149" HPOS="1396" VPOS="3168" WIDTH="39"/>
						<String ID="P39_ST00178" HPOS="1435" VPOS="3085" WIDTH="375" HEIGHT="78" CONTENT="réimprimé" WC="0.99" CC="603006000"/>
						<SP ID="P39_SP00150" HPOS="1810" VPOS="3168" WIDTH="43"/>
						<String ID="P39_ST00179" HPOS="1853" VPOS="3091" WIDTH="37" HEIGHT="55" CONTENT="à" WC="0.33" CC="6"/>
						<SP ID="P39_SP00151" HPOS="1890" VPOS="3168" WIDTH="39"/>
						<String ID="P39_ST00180" HPOS="1929" VPOS="3086" WIDTH="251" HEIGHT="59" CONTENT="Genève" WC="0.98" CC="840502"/>
					</TextLine>
					<TextLine ID="P39_TL00028" HPOS="254" VPOS="3182" WIDTH="567" HEIGHT="75">
						<String ID="P39_ST00181" HPOS="254" VPOS="3199" WIDTH="73" HEIGHT="41" CONTENT="en" WC="0.75" CC="50"/>
						<SP ID="P39_SP00152" HPOS="327" VPOS="3240" WIDTH="25"/>
						<String ID="P39_ST00182" HPOS="352" VPOS="3182" WIDTH="254" HEIGHT="75" CONTENT="janvier" WC="0.97" CC="6709237"/>
						<SP ID="P39_SP00153" HPOS="606" VPOS="3257" WIDTH="39"/>
						<String ID="P39_ST00183" HPOS="645" VPOS="3182" WIDTH="176" HEIGHT="59" CONTENT="1893." WC="0.63" CC="63044"/>
					</TextLine>
				</TextBlock>
				<TextBlock ID="P39_TB00003" HPOS="1615" VPOS="3311" WIDTH="394" HEIGHT="61" STYLEREFS="TXT_3 PAR_RIGHT">
					<TextLine ID="P39_TL00029" HPOS="1615" VPOS="3312" WIDTH="393" HEIGHT="60">
						<String ID="P39_ST00184" HPOS="1615" VPOS="3315" WIDTH="71" HEIGHT="57" CONTENT="O." WC="0.98" CC="03"/>
						<SP ID="P39_SP00154" HPOS="1686" VPOS="3372" WIDTH="48"/>
						<String ID="P39_ST00185" HPOS="1734" VPOS="3330" WIDTH="76" HEIGHT="40" CONTENT="DE" WC="0.42" CC="74"/>
						<SP ID="P39_SP00155" HPOS="1810" VPOS="3372" WIDTH="36"/>
						<String ID="P39_ST00186" HPOS="1846" VPOS="3312" WIDTH="162" HEIGHT="60" CONTENT="SITT." WC="1.00" CC="30004"/>
					</TextLine>
				</TextBlock>
			</PrintSpace>
		</Page>
	</Layout>
</alto>
