2450 4011
1252 390 111 61 146

357 568 76 40 en
476 548 366 59 distribuait
887 546 93 60 les
1022 545 277 72 résidus,
1341 542 227 60 cendre
1618 559 80 41 ou
1738 560 92 52 or,
1872 541 232 75 philtre
2151 561 76 41 ou

354 638 259 76 poison!

432 727 166 57 Cette
627 723 233 59 double
885 727 307 54 tournure
1219 719 282 76 d'esprit,
1521 718 341 76 passionné
1888 720 56 56 et
1966 718 268 77 logique,

350 812 389 59 méticuleux
763 814 58 56 et
848 808 469 79 primesautier,
1340 807 273 58 inventif
1630 805 58 59 et
1710 805 362 73 dissertatif,
2094 808 143 60 dosé

353 902 75 58 de
453 901 257 78 lyrisme
743 903 58 57 et
833 901 75 58 de
943 897 394 75 didactisme,
1359 895 390 78 réglementa
1783 898 171 55 toute
1985 894 250 60 l'œuvre

350 991 74 58 de
472 989 398 60 Baudelaire.
920 989 94 56 Au
1068 987 131 58 lieu
1258 986 75 58 de
1393 987 89 75 s'y
1526 983 372 67 contrarier,
1936 1001 97 39 ces
2080 986 156 57 deux

348 1078 355 78 penchants
736 1095 64 42 se
832 1076 489 60 corroborèrent
1350 1071 523 76 singulièrement
1905 1073 76 66 et,
2011 1069 73 59 de
2105 1069 135 59 leur

349 1169 213 77 greffe,
598 1165 361 78 s'épanouit
989 1181 122 41 une
1147 1179 331 42 commune
1514 1161 156 57 fleur
1702 1167 80 50 où
1815 1176 61 41 se
1903 1158 295 60 confondi-

346 1260 143 55 rent
518 1255 91 58 les
646 1270 362 42 ressources
1042 1251 106 57 des
1191 1249 163 58 deux
1387 1251 177 55 sèves
1597 1264 77 40 en
1712 1264 118 39 une
1864 1245 170 58 seule
2075 1245 132 58 vita-

345 1345 134 61 lité.
505 1344 167 59 Cette
705 1340 231 61 double
964 1336 492 81 préoccupation
1488 1353 62 40 se
1582 1351 259 59 marque
1874 1332 170 59 aussi
2074 1350 163 41 assez

346 1433 150 58 bien
523 1449 117 59 par
672 1431 156 58 cette
862 1430 230 74 phrase
1127 1423 519 76 caractéristique
1679 1421 75 59 de
1783 1420 140 57 Mon
1950 1438 158 39 cœur
2127 1420 110 58 mis

348 1525 160 51 ànu
551 1525 81 51 où
674 1519 271 56 l'auteur
990 1514 214 69 disait,
1247 1529 74 41 en
1359 1528 86 41 un
1488 1509 75 57 de
1605 1525 99 41 ces
1746 1524 290 42 examens
2067 1508 134 57 inté-

349 1609 208 57 rieurs
590 1605 154 78 qu'il
776 1623 62 41 se
870 1604 213 59 faisait
1112 1600 178 59 subir
1318 1616 267 59 presque
1615 1595 583 76 théologiquement
2221 1613 11 37 :

354 1697 269 58 Trouver
658 1693 57 58 la
739 1692 261 79 frénésie
1021 1687 409 81 journalière.

429 1784 51 58 Il
513 1783 89 76 s'y
631 1800 223 57 exerça
886 1779 234 58 durant
1148 1781 174 52 toute
1355 1791 67 40 sa
1445 1772 97 58 vie
1559 1787 146 42 avec
1733 1787 120 39 une
1881 1769 175 69 suite,
2095 1786 118 39 une

352 1882 367 59 constance,
749 1886 122 41 une
901 1867 268 58 réussite
1201 1861 399 75 singulières,
1638 1861 58 56 et
1727 1859 217 55 autant
1985 1872 117 59 que
2141 1856 88 55 les

348 1970 313 51 traverses
701 1961 58 57 et
788 1958 91 58 les
909 1962 248 51 transes
1192 1952 183 59 d'une
1412 1950 316 57 existence
1769 1946 261 57 souvent
2070 1943 134 59 diffi-

350 2050 118 60 cile
501 2050 58 57 et
584 2046 300 78 quelques
910 2044 122 58 fois
1065 2046 212 55 atroce
1308 2055 76 41 ne
1413 2036 90 57 lui
1544 2035 447 73 extorquèrent
2023 2049 109 56 pas
2168 2030 62 57 la

349 2132 380 83 disposition
762 2134 75 58 de
884 2150 95 41 ses
1009 2131 286 76 pensées.
1326 2126 120 56 Nul
1486 2124 254 57 homme
1784 2138 74 39 ne
1905 2119 324 58 s'acharna

346 2244 110 41 sur
477 2225 328 60 soi-même
828 2220 142 78 plus
999 2234 118 60 que
1144 2211 392 62 Baudelaire.
1569 2209 50 57 Il
1649 2207 210 75 exigea
1893 2206 73 56 de
1999 2223 111 39 son
2142 2205 62 54 in-

345 2314 338 76 telligence
717 2328 68 41 ce
833 2305 225 79 qu'elle
1093 2301 263 60 recélait
1389 2300 72 56 de
1495 2296 139 77 plus
1669 2298 199 54 secret
1900 2295 56 53 et
1989 2292 72 56 de
2093 2291 137 75 plus

346 2402 348 77 ingénieux
733 2399 57 56 et
825 2395 48 58 il
904 2392 260 61 stimula
1201 2388 201 58 même
1446 2402 112 39 son
1604 2380 414 76 imagination
2056 2380 139 73 d'hy-

348 2492 213 75 giènes
590 2483 394 62 excitatrices
1014 2482 58 56 et
1101 2478 73 57 de
1209 2477 420 72 dangereuses
1663 2484 193 41 ruses.
1893 2465 45 56 Il
1972 2465 93 57 fut
2104 2482 118 39 une

348 2581 139 56 âme
518 2574 463 75 intempérante
1018 2569 59 58 et
1112 2566 52 57 si
1202 2564 64 56 la
1299 2559 278 60 manière
1619 2557 152 57 dont
1816 2554 46 56 il
1892 2553 164 57 aima
2096 2554 18 55 1
2141 2554 93 55 ait

346 2666 226 57 affecta
595 2660 240 78 parfois
870 2654 269 78 quelque
1169 2648 229 67 manie,
1434 2644 114 59 elle
1581 2642 194 58 cacha
1806 2658 82 40 un
1920 2640 310 56 héroïsme

346 2748 406 70 intérieur,le
782 2745 141 77 plus
953 2743 164 57 beau
1150 2737 107 77 qui
1288 2734 152 68 soit;
1470 2731 169 59 aussi
1662 2747 112 41 son
1798 2727 230 70 Destin,
2051 2726 179 58 dédié

348 2861 80 39 au
472 2836 382 78 despotisme
901 2830 221 57 intime
1177 2825 83 57 du
1296 2825 247 72 respect
1581 2820 74 57 de
1694 2818 91 56 soi
1817 2817 56 56 et
1910 2814 103 58 des
2055 2831 140 39 scru-

349 2930 180 78 pules
559 2927 83 58 du
673 2926 192 66 Beau,
887 2916 168 61 est-il
1082 2915 75 58 de
1186 2930 155 41 ceux
1378 2910 105 76 qui
1514 2924 156 40 nous
1703 2905 345 57 émeuvent.
2071 2901 129 57 L'in-

346 3015 365 75 terruption
744 3024 204 43 meme
981 3004 84 57 du
1097 2999 372 61 monument
1500 2991 283 61 échauffe
1812 2994 159 52 notit
2020 3004 183 39 conni

349 3122 193 44 vence
584 3108 35 52 à
664 3117 76 42 en
792 3093 400 77 compliquer
1220 3105 79 40 au
1343 3084 181 76 point
1566 3080 72 57 de
1680 3095 66 41 sa
1780 3074 347 78 perfection
2169 3089 66 39 ce

353 3195 108 75 qui
495 3211 75 42 en
603 3187 272 62 subsiste
912 3183 73 57 de
1012 3170 461 69 fondamental.

432 3286 88 56 La
562 3275 319 79 grandeur
909 3272 198 56 certes
1134 3281 117 59 que
1284 3262 58 57 le
1375 3260 180 74 poète
1594 3272 35 40 a
1655 3253 129 76 pris
1816 3250 152 57 dans
1994 3248 62 57 la
2076 3263 125 40 moi
2222 3251 18 51 t

353 3362 500 71 déconcerterait
901 3375 97 41 ses
1044 3344 514 81 contemporains
1606 3358 117 60 que
1769 3355 66 42 sa
1865 3336 96 59 vie
2010 3338 229 56 étonna

352 3463 154 58 tant.
551 3461 93 55 Au
684 3452 268 60 rebours
1003 3443 74 59 de
1124 3457 67 42 ce
1234 3435 107 78 qui
1390 3452 37 39 a
1470 3430 130 59 lieu
1643 3429 38 57 d
1707 3424 315 62 ordinaire
2062 3428 78 52 où
2182 3420 58 56 la

349 3546 268 81 légende
642 3543 91 59 est
753 3556 120 42 une
898 3533 433 61 efflorescence
1355 3519 331 80 posthume
1709 3516 36 57 d
1774 3531 117 40 une
1915 3508 321 70 mémoiie,
