2450 4011
1180 386 113 57 180

277 537 302 59 d'arrêtés
614 539 58 57 et
705 536 76 59 de
813 536 246 76 pendus
1094 537 183 59 civils
1308 540 59 57 et
1397 539 334 58 militaires
1783 539 82 80 (1)
2036 546 150 57 était

278 629 280 65 avortée,
593 625 49 58 il
678 643 64 40 se
781 630 121 56 tut.

358 714 108 58 Six
499 733 116 39 ans
643 733 63 39 se
739 718 334 73 passèrent
1100 732 149 42 sans
1291 715 189 76 qu'on
1528 736 76 40 en
1649 719 283 58 entendît
1975 720 211 74 parler

277 805 74 58 Et
384 803 171 58 voilà
583 803 296 77 qu'après
908 821 69 42 ce
1005 803 154 77 long
1193 803 259 71 silence,
1490 823 70 42 ce
1597 807 505 72 recueillement,
2143 810 45 58 il

278 893 172 58 élève
485 892 75 59 de
592 910 292 41 nouveau
913 911 69 42 sa
1006 894 172 71 voix,
1228 893 49 57 il
1320 896 369 75 réapparaît
1741 913 107 40 sur
1895 896 61 58 la
2001 902 185 56 scène

277 979 316 79 politique
626 1000 201 42 russe.

353 1071 284 60 N'est-ce
668 1090 115 60 pas
808 1071 58 60 le
899 1078 282 53 moment
1211 1072 139 59 d'en
1392 1072 160 59 faire
1595 1073 143 77 plus
1781 1076 208 76 ample
2034 1094 116 40 con-

273 1162 338 57 naissance
645 1167 59 54 et
736 1161 76 58 de
841 1161 142 58 voir
1015 1180 69 41 ce
1119 1161 200 76 qu'est
1346 1179 69 42 ce
1448 1162 192 76 parti,
1678 1183 76 40 en
1782 1165 299 76 publiant
2115 1184 75 41 en

273 1250 281 77 français
582 1250 91 60 les
704 1250 218 77 points
955 1250 332 60 essentiels
1324 1250 75 58 de
1433 1268 114 40 son
1590 1269 423 58 programme,
2069 1273 118 57 que

273 1339 59 59 le
365 1355 293 42 nouveau
689 1358 232 58 groupe
952 1338 72 58 de
1841 1336 350 62 Narodovol
1522 1338 117 58 fait
1672 1341 132 59 sien
1837 1358 147 42 avec
2018 1341 139 77 quel-

273 1447 157 59 ques
459 1429 456 76 changements
946 1428 432 75 insignifiants
1405 1429 105 77 (2).

360 1519 183 56 Etant
562 1536 83 39 un
666 1517 166 76 parti
856 1515 343 70 socialiste,
1227 1515 90 59 les
1340 1515 419 60 narodovoltci
1783 1518 408 60 considèrent

275 1625 76 40 en
370 1606 204 58 même
592 1609 206 71 temps
825 1622 243 41 comme
1091 1604 280 78 possible
1397 1608 57 56 et
1479 1626 33 35 «.
1534 1607 359 58 nécessaire
1921 1628 30 35 »
1988 1608 73 57 de
2086 1607 70 58 dé-

272 1696 224 75 blayer
526 1696 57 58 le
616 1694 262 70 terrain,
898 1693 75 59 de
1006 1697 179 55 créer
1207 1713 84 39 un
1315 1694 238 70 milieu,
1573 1713 83 39 un
1687 1699 129 55 état
1839 1696 74 58 de
1940 1696 246 66 choses,

273 1792 82 51 où
389 1785 47 57 il
468 1783 95 60 fut
593 1782 284 78 possible
910 1783 75 57 de
1019 1782 327 58 confesser
1372 1782 90 58 les
1495 1782 321 78 principes
1838 1783 352 59 socialistes

271 1876 462 66 ouvertement,
770 1871 75 60 de
875 1870 280 77 changer
1183 1889 76 39 en
1278 1889 84 39 un
1387 1876 133 52 mot
1543 1872 57 57 le
1625 1872 238 76 régime
1881 1872 309 76 politique

271 1981 75 41 en
379 1962 227 59 Russie
634 1979 116 58 par
779 1979 123 41 une
929 1959 360 59 révolution
1335 1959 340 77 politique.
1724 1962 80 56 Le
1842 1978 308 58 gouverne-

268 2054 174 56 ment
475 2050 355 77 provisoire
860 2050 158 56 sorti
1053 2047 75 59 de
1159 2051 158 55 cette
1350 2046 386 71 révolution,
1786 2053 184 72 après
2012 2049 176 59 avoir

268 2141 125 58 mis
428 2159 74 40 en
535 2139 232 60 liberté
794 2143 142 52 tous
969 2138 90 57 les
1092 2136 365 77 poursuivis
1485 2154 156 56 pour
1663 2154 185 41 cause
1874 2136 311 78 politique

268 2228 252 59 devrait
565 2225 273 79 prendre
898 2225 108 59 des
1070 2242 283 40 mesures
1426 2242 162 58 pour
1661 2225 229 57 rendre
1947 2225 199 78 impos-

271 2318 160 58 sible
489 2317 60 58 le
602 2319 219 55 retour
875 2314 75 57 de
1001 2312 396 59 l'autocratie
1462 2315 58 55 et
1578 2332 157 55 pour
1791 2314 287 75 garantir
2122 2313 63 58 la

264 2407 235 57 liberté
535 2403 340 78 politique,
911 2404 185 73 après
1129 2401 153 76 quoi
1320 2399 48 59 il
1414 2402 462 56 transmettrait
1918 2401 57 57 le
2027 2418 117 59 pou-

267 2495 140 58 voir
440 2497 29 53 à
501 2489 415 60 l'Assemblée
949 2489 460 69 Constituante,
1454 2488 299 75 laquelle,
1776 2508 33 35 «
1843 2488 339 59 librement

270 2583 140 60 élue
456 2599 81 40 au
579 2580 277 76 suffrage
903 2577 339 71 universel,
1284 2576 412 77 exprimerait
1721 2577 150 58 bien
1904 2582 57 53 et
1992 2576 160 59 réali-

277 2670 193 61 serait
499 2670 64 58 la
593 2666 258 61 volonté
884 2665 85 58 du
1001 2663 295 79 peuple.»
1331 2665 508 58 Reconnaissant
1870 2682 119 59 que
2023 2668 159 56 cette

264 2760 205 61 forme
501 2756 316 79 politique
851 2754 159 58 n'est
1057 2771 115 60 pas
1214 2752 229 71 idéale,
1491 2754 65 57 ni
1600 2752 61 59 la
1696 2752 355 69 meilleure,
2100 2754 78 57 ils

264 2848 357 76 l'adoptent
654 2848 59 55 et
739 2842 409 79 préconisent
1181 2860 242 42 comme
1449 2842 63 59 la
1542 2842 142 77 plus
1707 2842 475 77 pratiquement

266 2935 307 81 possible.

348 3024 160 61 C'est
558 3022 355 78 également
959 3024 38 55 à
1045 3023 158 56 cette
1244 3018 364 59 Assemblée
1651 3019 438 58 Constituante
2133 3024 35 53 à

266 3113 280 79 laquelle
576 3108 429 62 incomberait
1035 3109 60 59 le
1128 3108 221 60 devoir
1392 3108 75 57 de
1499 3108 240 57 réviser
1778 3110 57 55 et
1867 3109 74 56 de
1988 3109 139 56 réor-

262 3204 254 79 ganiser
571 3204 210 55 toutes
819 3198 93 60 les
954 3198 401 59 institutions
1396 3196 347 77 politiques
1782 3199 59 55 et
1872 3196 286 71 sociales,

266 3290 509 66 conformément
823 3291 37 54 à
891 3286 63 59 la
1001 3284 258 61 volonté
1315 3286 75 58 de
1442 3302 96 41 ses
1576 3286 310 57 électeurs
1938 3301 120 59 que
2089 3284 91 59 les

327 3499 44 49 1.
404 3495 214 64 Jusqu'à
643 3493 92 49 600
763 3495 26 45 à
815 3491 91 49 800
934 3490 262 48 militaires
1225 3491 61 46 de
1312 3491 111 46 tout
1453 3489 155 59 grade
1641 3488 50 46 et
1723 3486 61 47 de
1817 3488 111 45 tout
1949 3498 156 36 arme.

326 3573 45 49 2.
407 3569 306 56 Matériaux,
747 3566 118 57 etc.,
893 3578 129 47 page
1052 3562 76 49 47.
