2450 4011
1175 393 112 56 148

282 547 256 78 joindre
567 545 519 60 l'invention.Les
1113 542 218 58 Fleurs
1481 538 128 60 Mal
1635 545 139 53 sont
1799 541 180 71 donc,
2007 543 51 57 si
2084 562 74 41 on

278 642 168 64 veut,
478 655 85 39 un
592 636 156 57 livre
786 635 314 58 artificiel.
1148 632 162 59 Elles
1352 631 353 74 expriment
1736 647 120 41 une
1886 632 271 59 manière

281 725 196 61 d'être
511 724 442 58 sentimentale
985 727 62 54 et
1081 721 226 72 idéale,
1354 725 34 52 à
1427 720 64 57 la
1531 719 120 58 fois
1687 719 382 74 spéculative
2107 729 57 50 et

277 812 216 70 vitale,
531 818 81 64 et,
639 816 178 54 outre
851 811 140 59 leur
1016 810 224 58 valeur
1273 807 300 78 poétique
1604 824 248 58 propre,
1874 806 148 59 elles
2054 815 108 51 ont

278 920 122 41 une
456 900 318 59 intention
837 899 412 58 déterminée.
1317 899 82 54 Le
1447 895 222 57 mérite
1717 895 292 76 poétique
2059 896 103 59 des

280 988 217 59 Fleurs
531 986 81 60 du
648 985 122 60 Mal
805 992 91 54 est
926 983 460 62 considérable.
1424 984 81 56 Le
1536 999 139 40 vers
1715 1000 39 58 y
1791 984 89 56 est
1923 983 235 58 charnu

285 1084 62 54 et
377 1078 186 60 d'une
600 1082 288 54 ossature
921 1074 288 76 élégante
1244 1079 59 51 et
1333 1070 182 71 forte,
1552 1068 182 59 d'une
1767 1087 394 43 convenance

286 1173 61 52 et
383 1166 180 58 d'une
591 1166 380 76 ingéniosité
993 1160 286 61 verbales
1305 1158 425 76 équivalentes
1762 1162 35 53 à
1823 1158 61 58 la
1908 1158 222 76 compli-

287 1256 211 57 cation
527 1257 63 55 et
621 1261 37 51 à
692 1253 63 57 la
785 1251 239 77 gravité
1056 1251 73 57 de
1161 1248 62 57 la
1250 1249 250 74 pensée.
1537 1248 112 55 Les
1683 1248 276 71 poèmes,
1992 1251 172 54 outre

289 1361 119 60 que
441 1342 107 58 des
582 1341 281 58 surfaces
885 1337 307 61 coloriées
1221 1336 73 57 de
1320 1336 207 57 riches
1543 1337 286 65 tons,ont
1856 1333 104 57 des
1987 1351 144 41 sono-

286 1434 155 57 rités
471 1430 343 77 profondes
847 1428 223 58 brèves
1103 1442 81 42 ou
1216 1423 440 69 redondantes,
1694 1426 61 53 et
1783 1421 165 57 leurs
1976 1422 188 59 échos

289 1519 363 62 coïncident
695 1533 147 41 avec
882 1533 117 39 nos
1035 1514 141 76 plus
1213 1512 278 57 internes
1529 1508 512 59 frémissements.
2084 1511 79 56 Ils

291 1613 142 55 sont
464 1608 444 73 ouvragés,ces
940 1606 280 71 poèmes,
1240 1616 146 41 avec
1418 1599 284 75 patience
1728 1601 58 52 et
1808 1597 341 68 hardiesse,

286 1703 62 53 et
379 1696 138 58 leur
550 1693 525 58 contournement
1105 1705 79 41 ou
1226 1688 137 58 leur
1409 1700 255 43 carrure
1702 1684 89 57 les
1832 1682 114 58 fait
1985 1684 174 58 blocs

284 1802 81 40 ou
417 1783 405 72 arabesques,
880 1779 186 57 d'une
1126 1776 154 56 dure
1348 1773 260 57 matière
1673 1771 74 57 de
1816 1770 216 58 cristal
2101 1778 58 50 et

280 1873 279 66 d'ébène,
624 1869 147 57 d'un
835 1884 118 60 pur
1039 1863 210 59 dessin
1305 1862 73 58 de
1410 1860 279 57 tristesse
1722 1875 80 40 ou
1861 1859 71 57 de
1987 1860 129 56 séré-

281 1961 154 58 nité.

365 2049 86 56 En
485 2043 275 62 surcroit
790 2042 149 58 d'un
993 2039 221 59 mérite
1260 2037 419 73 intrinsèque,
1719 2033 89 57 les
1838 2030 210 59 Fleurs
2083 2030 78 59 du

285 2135 136 59 Mal
459 2138 112 56 ont
601 2150 121 40 une
774 2128 302 60 situation
1110 2145 75 39 en
1216 2126 371 56 littérature.
1623 2122 174 56 Venu
1830 2136 78 39 au
1957 2118 206 58 déclin

287 2225 84 58 du
402 2221 435 68 romantisme,
863 2213 368 61 Baudelaire
1268 2231 35 55 y
1334 2208 311 78 participa
1677 2213 58 51 et
1762 2226 38 55 y
1829 2206 326 57 contredit.

287 2314 127 58 Son
442 2325 212 43 œuvre
689 2310 90 54 est
811 2305 191 56 mixte
1035 2306 61 53 et
1126 2300 290 72 ambiguë
1437 2315 10 51 ;
1480 2296 115 57 elle
1620 2312 34 38 a
1675 2295 58 55 le
1758 2292 227 57 double
2008 2293 124 56 inté-

287 2401 97 56 rêt
417 2396 195 60 d'être
645 2400 36 52 à
709 2394 65 57 la
803 2391 126 59 fois
958 2408 84 40 un
1072 2386 494 60 aboutissement
1603 2385 61 53 et
1689 2397 122 40 une
1844 2378 314 75 prévision

290 2488 89 55 En
411 2485 204 58 même
645 2486 207 68 temps
885 2476 223 78 qu'elle
1146 2491 62 39 se
1231 2472 122 58 filie
1377 2476 36 51 à
1433 2469 62 57 la
1512 2469 349 55 littérature
1888 2465 72 57 de
1985 2466 170 69 1830,

292 2575 116 59 elle
444 2569 313 77 engendre
790 2584 118 41 une
940 2569 142 71 part
1110 2561 73 59 de
1217 2559 152 59 celle
1401 2554 466 77 d'aujourd'hui
1895 2560 59 51 et
1989 2554 142 75 quoi-

291 2679 120 60 que
445 2655 341 79 composite
821 2653 117 58 elle
987 2654 90 55 est
1126 2646 365 61 elle-même
1543 2649 59 52 et
1653 2643 199 58 forme
1898 2659 84 38 un
2028 2648 138 50 tout

291 2747 297 78 organisé
618 2743 187 75 qu'on
836 2743 151 72 peut
1018 2738 194 57 aimer
1263 2752 80 39 ou
1393 2733 274 57 détester
1716 2730 159 56 mais
1924 2728 150 57 dont
2121 2726 41 56 il

290 2842 91 55 est
411 2831 369 80 impossible
816 2829 73 57 de
946 2827 138 58 nier
1136 2824 440 74 l'importance
1628 2814 535 62 circonstancielle

292 2930 60 53 et
381 2919 262 63 absolue
673 2919 135 56 tant
842 2913 116 60 elle
992 2917 178 72 porte
1204 2928 78 41 en
1312 2908 93 58 soi
1435 2907 63 58 la
1526 2922 257 60 marque
1816 2902 143 59 d'un
1984 2900 178 77 génie

292 3010 390 61 autoritaire.

370 3100 136 56 Non
540 3093 343 60 seulement
913 3086 367 61 Baudelaire
1325 3083 99 57 fut
1462 3100 84 39 un
1587 3083 179 73 poète
1806 3074 259 78 original
2106 3079 60 54 et

294 3182 371 69 admirable,
703 3178 139 79 égal
874 3195 125 41 aux
1029 3175 140 77 plus
1199 3171 257 77 grands,
1491 3184 146 43 avec
1669 3167 61 75 je
1762 3184 73 40 ne
1870 3163 125 59 sais
2022 3162 144 75 quoi

295 3278 185 57 d'une
513 3286 225 45 saveur
771 3265 316 77 captieuse
1128 3267 58 54 et
1235 3261 148 57 d'un
1430 3262 144 52 tour
1630 3252 404 76 magnifique,
2084 3267 80 38 un

292 3361 303 78 linguiste
628 3354 327 70 excellent,
988 3350 160 58 mais
1178 3365 229 43 encore
1438 3364 85 39 un
1556 3342 194 77 esprit
1800 3339 104 76 qui
1947 3341 121 64 eut,
2115 3337 48 56 si

292 3454 130 59 l'on
454 3453 151 75 peut
643 3446 156 70 dire,
833 3443 74 58 de
939 3439 485 60 l'architecture.
1462 3436 111 56 Les
1604 3430 233 77 parties
1871 3426 123 57 s'en
2023 3441 106 41 cor-

294 3537 390 80 respondent
710 3538 82 66 et,
828 3535 176 54 outre
1039 3544 117 60 que
1184 3525 90 59 les
1330 3521 224 60 assises
1603 3537 75 40 en
1725 3519 140 57 sont
1917 3511 246 66 solides,
