2605 3322
597 1323 907 52 TAGEBUCH-AUFZEICHNUNGEN
1532 1319 200 42 UEBER

596 1413 253 44 ARNOLD
879 1410 300 42 BOECKLIN
1206 1406 124 41 VON
1358 1405 134 40 RUD.
1516 1401 217 42 SCHICK

858 1501 64 25 AUS
944 1500 71 25 DEN
1036 1498 136 33 JAHREN
1199 1496 81 30 1866,
1300 1494 83 30 1868,
1403 1494 71 32 1869

732 1574 358 35 HERAUSGEGEBEN
1112 1573 97 29 VON
1235 1572 39 29 H.
1295 1571 97 30 VON
1415 1569 188 29 TSCHUDI

1049 1658 238 25 FORTSETZUNG

611 1711 41 25 26.
666 1708 57 34 Juni
740 1707 44 27 66.

320 1763 109 28 Böcklin
444 1764 88 38 sprach
544 1763 94 29 davon,
652 1761 53 27 wie
716 1759 49 28 viel
780 1768 57 17 man
850 1757 86 26 leisten
948 1754 93 30 könne,
1052 1762 77 17 wenn

263 1807 59 20 man
340 1810 46 29 gut
406 1810 118 30 angeregt
545 1803 35 26 sei
600 1802 51 26 und
670 1800 40 26 die
728 1798 159 37 verkörperte
902 1795 172 34 Erscheinung
1088 1791 42 27 des

263 1838 80 29 Bildes
358 1844 126 26 innerlich
498 1842 55 26 klar
567 1851 46 17 vor
627 1842 91 34 Augen
732 1840 77 25 hätte.
845 1837 71 25 Seine
938 1831 192 37 Hirschjagd

263 1877 52 28 der
336 1883 101 26 Diana
461 1884 36 24 im
517 1881 97 26 Baseler
634 1882 120 25 Museum
775 1879 44 25 hat
841 1886 24 17 er
886 1877 27 24 in
934 1875 51 26 vier
1006 1875 108 24 Sommer-

264 1925 123 23 monaten
401 1923 95 35 gemalt
511 1922 46 35 (13
577 1919 56 27 Fufs
648 1919 60 36 lang
722 1918 54 27 und
790 1918 65 25 circa
873 1916 47 29 6/2
936 1913 56 27 Fufs
1008 1912 90 35 hoch).

324 1961 79 27 Hätte
417 1973 25 15 er
456 1972 49 16 nur
523 1961 71 26 solch
614 1957 201 29 unverwüstlich
834 1953 196 39 schöpferisches
1044 1951 89 27 Talent

265 1996 53 27 wie
331 2000 103 28 Rafael!
456 2004 51 24 Der
522 1999 88 28 würde
625 1998 71 27 solch
710 1998 40 26 ein
765 1995 56 28 Bild
832 1995 52 28 wie
895 1995 83 26 seinen
993 1992 125 31 „floren-

267 2034 158 33 tmischen
621 2037 90 37 gewifs
733 2038 27 24 in
778 2046 34 26 14
826 2037 87 34 Tagen
932 2033 93 37 gemalt
1043 2031 92 30 haben,

267 2077 124 28 während
406 2090 24 16 er
445 2079 39 27 oft
500 2080 76 26 daran
590 2077 133 30 zweifelte,
739 2076 33 26 ob
787 2085 25 17 er
823 2084 24 17 es
859 2074 140 36 überhaupt
1014 2082 28 16 so
1054 2071 82 26 malen

268 2111 87 33 könne
369 2119 54 26 und
437 2121 80 25 schon
532 2119 56 25 eine
601 2127 63 17 neue
677 2115 141 28 Leinwand
833 2113 119 27 bestellen
966 2111 98 28 wollte.

329 2158 64 26 Nun
413 2161 44 24 hat
478 2170 26 15 er
524 2159 43 25 das
585 2164 54 19 rote
657 2155 118 28 Gewand
793 2153 72 27 tiefer
883 2159 105 29 graurot
1009 2150 128 38 gestimmt

270 2194 54 27 und
349 2197 40 26 die
411 2201 87 35 Kappe
519 2207 52 18 von
593 2196 127 26 derselben
743 2194 75 27 Farbe
843 2192 100 36 gemalt.

270 2232 50 27 Das
335 2245 61 18 vom
407 2238 75 38 Kopf
492 2235 210 37 herabhängende
716 2236 71 33 Zeug
801 2232 105 35 schlang
920 2241 25 16 er

269 2271 72 29 nicht
356 2277 70 27 mehr
437 2288 29 16 so
478 2288 48 26 eng
537 2288 44 16 um
593 2277 47 25 den
651 2275 71 30 Hals,
734 2273 60 26 weil
806 2282 26 16 er
842 2271 104 30 meinte,

271 2310 52 27 dies
331 2315 52 26 und
396 2316 40 27 die
448 2317 168 36 andersartige
627 2315 74 27 Farbe
713 2313 66 26 seien
791 2312 42 25 der
844 2313 85 34 Haupt-

271 2354 83 29 grund
376 2365 126 23 gewesen,
524 2355 114 28 weshalb
660 2354 39 27 die
716 2353 73 35 Figur
806 2352 91 24 immer
916 2359 31 17 zu

271 2387 62 30 kurz
347 2395 54 26 und
414 2396 44 26 der
472 2395 76 36 Kopf
558 2406 31 16 zu
604 2393 68 38 grofs
687 2393 142 26 erschienen
848 2390 41 25 sei.
920 2390 65 25 Man
999 2391 82 23 müsse
1095 2386 46 27 da-

272 2431 66 26 nach
352 2434 109 32 streben,
479 2437 107 35 Figuren
605 2436 61 34 lang
680 2432 52 27 und
752 2430 69 37 grofs
840 2428 101 27 wirken

273 2475 12 16 z
286 2476 17 17 u
322 2470 88 34 lassen,
430 2475 53 26 und
501 2475 72 27 nicht
592 2474 80 27 durch
692 2468 249 30 durchschneidende

272 2506 107 32 Formen
393 2514 62 27 oder
468 2515 93 26 Farben
576 2524 30 17 zu
621 2512 142 29 verkürzen.
787 2512 50 24 Das
848 2508 93 26 wissen

274 2544 40 29 die
333 2551 95 27 Frauen
447 2555 65 25 auch
533 2554 58 26 sehr
610 2552 84 30 wohl,
715 2549 56 28 dafs
792 2549 40 26 ein
852 2547 90 27 breiter

274 2585 84 29 Besatz
373 2600 42 18 am
429 2593 88 26 Kleide
532 2593 70 26 klein
616 2592 94 27 macht.

334 2630 88 27 Wenn
437 2634 66 25 auch
517 2632 110 27 dunkler
642 2632 35 26 im
691 2632 68 28 Ton,
774 2628 34 27 sei
823 2627 53 26 sein
890 2628 52 24 Rot

275 2663 49 35 (als
340 2669 109 27 stärkere
467 2672 88 36 Farbe)
577 2671 68 27 doch
665 2680 31 17 an
717 2665 165 31 Leuchtkraft
900 2665 44 27 der

274 2703 88 30 Wiese
378 2708 118 29 draufsen
511 2711 93 36 gleich.

1559 1694 44 27 zB.
1616 1693 59 35 Juni
1692 1695 43 24 66.

1269 1752 42 26 Bei
1332 1750 93 27 seinem
1446 1746 115 29 Petrarka
1583 1745 101 27 kommt
1707 1745 107 27 Böcklin
1836 1745 90 25 immer
1947 1741 49 28 auf
2013 1743 66 25 seine

1212 1798 61 19 erste
1294 1789 158 38 Disposition
1473 1786 94 29 zurück
1592 1786 51 26 und
1665 1786 44 25 hat
1728 1785 35 26 sie
1781 1783 68 27 beim
1868 1782 212 27 Weiterarbeiten

1212 1837 56 19 stets
1289 1831 37 25 im
1339 1831 86 34 Auge:
1444 1827 77 27 Links
1540 1826 65 26 oben
1620 1826 82 32 Licht,
1724 1825 27 25 in
1770 1824 43 26 der
1826 1823 77 26 Mitte
1923 1822 54 27 eine
1997 1821 83 36 grofse

1212 1872 83 24 Masse
1311 1868 165 30 Dunkelheit,
1491 1866 40 27 die
1543 1865 78 26 durch
1631 1865 41 25 die
1687 1865 99 25 reichen
1798 1862 113 27 Pflanzen
1923 1861 78 27 davor
2012 1861 69 26 noch

1212 1909 118 36 gehoben
1342 1907 74 31 wird,
1431 1906 52 27 und
1499 1905 91 27 rechts:
1602 1904 42 26 das
1657 1904 89 26 zweite
1757 1902 159 27 schwächere
1928 1901 82 26 Licht.
2030 1902 50 24 Das

1213 1951 54 24 Rot
1281 1949 27 25 in
1323 1949 42 25 der
1378 1948 75 34 Figur
1467 1947 45 25 hat
1527 1954 25 17 er
1565 1943 103 27 deshalb
1683 1953 28 16 so
1726 1942 67 26 stark
1808 1942 146 35 hingesetzt,
1974 1949 45 16 um
2039 1949 29 27 ge-

1214 1988 85 36 nötigt
1320 1998 30 16 zu
1376 1987 60 31 sein,
1461 1986 40 26 die
1521 1983 145 28 Lokaltöne
1687 1982 42 27 der
1750 1982 114 26 Pflanzen
1886 1980 69 26 recht
1979 1980 89 25 hervor-

1214 2027 121 27 zuheben.

1560 2072 44 18 20.
1617 2062 59 35 Juni
1692 2062 44 25 66.

1275 2120 52 25 Mit
1342 2117 107 27 Böcklin
1464 2126 46 17 vor
1524 2114 129 28 Portadel
1667 2113 108 37 Popolo.

1276 2159 48 27 Die
1345 2158 71 26 Stadt
1436 2157 41 35 lag
1497 2156 27 25 in
1543 2153 232 38 ungewöhnlicher
1793 2150 159 28 abendlicher
1972 2149 113 27 Klarheit

1217 2209 47 17 vor
1278 2208 54 17 uns.
1355 2200 50 24 Der
1418 2196 75 26 Tiber
1506 2195 70 26 hatte
1591 2195 84 25 seinen
1690 2192 76 27 tiefen
1780 2190 186 28 Wasserstand.

1568 2283 42 25 30.
1625 2272 56 35 Juni
1698 2272 45 26 66.

1278 2329 109 27 Böcklin
1402 2328 107 26 meinte:
1525 2335 25 17 er
1564 2324 90 28 würde
1668 2324 41 26 nie
1720 2323 94 27 wieder
1829 2322 40 25 ein
1885 2321 53 26 Bild
1954 2320 131 36 beginnen,

1220 2371 68 25 ohne
1310 2368 42 28 der
1373 2366 141 29 Leinwand
1535 2366 66 25 nach
1620 2364 58 27 dem
1697 2362 139 28 Charakter
1856 2362 41 25 des
1917 2360 80 26 Bildes
2018 2359 68 26 einen

1221 2410 159 26 bestimmten
1393 2409 58 25 Ton
1472 2404 111 38 gegeben
1604 2413 29 17 zu
1655 2403 92 30 haben,
1767 2412 43 16 aus
1830 2401 56 26 dem
1906 2410 24 16 er
1949 2400 47 25 mit
2014 2402 56 30 mög-

1221 2450 101 25 lichster
1329 2450 147 32 Benutzung
1484 2444 128 27 desselben
1619 2444 43 25 das
1671 2442 54 26 Bild
1736 2440 206 28 herauszumalen
1953 2437 137 28 versuchen

1223 2488 97 27 würde.

1583 2534 22 16 1.
1620 2522 50 34 Juli
1690 2523 43 25 66.

1282 2581 29 25 In
1332 2579 79 26 seiner
1431 2577 147 34 Wohnung
1605 2576 70 25 hatte
1696 2573 108 27 Böcklin
1827 2570 68 27 noch
1916 2566 172 29 verschiedene

1224 2619 144 27 technische
1383 2617 125 27 Versuche
1526 2617 109 34 hängen,
1654 2614 118 25 darunter
1786 2611 54 26 eine
1861 2609 102 28 schöne,
1985 2606 104 25 kleine

1224 2656 194 31 Landschaft
1444 2656 53 26 mit
1527 2656 99 25 einem
1659 2652 167 27 Mädchen,
1857 2648 42 26 das
1927 2656 52 17 von
2007 2645 82 26 einem

1225 2701 116 25 Brunnen
1356 2698 27 25 in
1397 2696 64 27 zwei
1475 2697 101 33 Krügen
1592 2694 103 25 Wasser
1709 2700 30 17 zu
1753 2689 77 27 holen
1844 2687 108 26 kommt.

993 1237 72 11 ALBERT
1077 1232 81 15 KRÜGER:
1170 1234 74 11 ARNOLD
1257 1230 74 14 BÖCKLIN

1268 2896 0 0 109
