2605 3322
543 376 80 25 Wein
642 374 52 26 und
713 373 128 30 Winden,
859 372 65 26 auch
949 370 99 37 Epheu)
1070 370 164 35 ungemeinen
1254 369 67 24 Reiz.
1356 370 50 23 Das

544 413 98 30 Bosko,
660 414 54 25 eine
734 412 83 26 kleine
837 411 84 26 dichte
936 413 174 31 Baumgruppe
1128 409 26 24 in
1173 407 43 25 der
1230 407 88 30 Nähe,
1338 407 69 25 hatte

543 454 81 25 durch
633 452 47 26 den
688 452 137 26 zitternden
832 447 175 29 Sommerduft
1015 448 78 26 davor
1101 447 111 25 schönen
1221 445 115 36 duftigen
1339 447 67 24 Ton.

603 491 108 27 Böcklin
725 491 99 25 machte
839 489 68 26 mich
923 487 48 26 auf
982 487 47 26 den
1045 485 100 36 grofsen
1159 482 248 38 Farbenumfang

543 531 78 27 dieser
635 530 74 27 Stelle
725 530 64 35 (von
801 529 42 25 der
853 525 63 28 Luft
928 536 40 20 an,
984 525 61 26 über
1058 525 56 25 dem
1124 524 54 26 sehr
1186 523 220 26 unterschiedenen

543 572 72 33 Berg,
633 570 60 25 über
713 568 40 25 die
766 566 95 37 Hügel,
881 565 41 26 die
935 565 88 26 Wiese
1042 563 36 26 bis
1097 573 29 16 zu
1148 563 46 26 den
1210 562 89 25 dürren
1315 561 77 26 braun-

543 609 89 36 gelben
648 608 110 26 Halmen
772 606 47 25 mit
838 611 71 19 roten
924 603 188 27 Mohnblumen
1131 602 42 25 des
1188 601 217 35 Vordergrundes)

544 647 179 27 aufmerksam.
758 647 31 23 Er
802 643 53 26 hob
874 643 55 25 eine
946 641 120 27 blafsrote
1080 641 172 25 Mohnblume
1272 639 53 31 auf,
1344 640 62 25 hielt

543 688 34 24 sie
593 695 78 26 gegen
686 685 67 25 diese
766 684 72 24 Töne
852 681 53 27 und
919 680 163 27 bewunderte
1101 679 40 26 die
1160 680 93 25 schöne
1266 679 141 26 Harmonie

543 735 31 17 zu
590 725 64 26 allen
670 722 92 27 Farben
780 721 52 26 und
851 720 103 30 meinte,
969 719 52 27 wie
1035 719 78 26 schön
1128 719 52 26 sich
1195 719 40 25 ein
1250 718 156 26 Seidenkleid

543 774 52 16 von
610 763 78 26 dieser
703 760 72 26 Farbe
790 761 53 24 hier
858 759 152 26 ausnehmen
1024 757 96 28 würde.

604 802 59 25 Wir
674 800 142 26 zeichneten
828 796 92 28 darauf
927 798 65 26 beim
999 800 79 24 Turm
1086 807 41 17 am
1134 798 64 26 Bach
1206 797 107 26 Lattich.
1332 799 74 24 Dann

544 840 68 28 afsen
631 840 50 26 wir
699 839 96 35 Mittag
813 839 27 24 in
859 838 66 25 einer
943 837 239 36 Campagnaosteria
1203 846 31 16 an
1255 836 41 26 der
1316 835 90 27 Strafse

544 880 65 26 nach
630 879 101 26 Albano
756 878 52 25 und
833 877 92 26 hielten
951 875 48 28 auf
1023 877 48 25 den
1095 877 108 25 Tischen
1228 875 176 36 Mittagsruhe.

543 921 50 24 Am
608 917 167 35 Nachmittag
788 917 95 26 wieder
896 926 31 16 zu
942 916 46 26 den
1003 916 205 26 Lattichblättern
1222 925 41 16 am
1277 916 75 26 Bach.
1369 930 35 5 —

543 956 106 28 Böcklin
665 962 67 30 sagte
747 956 55 26 sehr
816 956 99 35 richtig,
929 956 52 26 wie
996 965 23 16 es
1034 955 67 26 doch
1117 955 133 36 eigentlich
1269 955 69 25 recht
1359 964 32 16 un-

543 996 64 36 klug
621 998 76 28 wäre,
719 1005 27 16 so
760 995 81 27 Vieles
857 996 147 25 anzusehen.
1033 997 87 24 Wenn
1139 1005 59 15 man
1219 995 76 25 dieser
1314 994 91 26 Blätter

543 1045 91 26 wegen
649 1035 76 26 allein
739 1035 168 36 hinausginge
922 1035 51 26 und
992 1034 64 27 diese
1071 1034 68 27 recht
1154 1034 118 26 studierte
1290 1033 53 26 und
1362 1033 28 26 be-

543 1074 143 30 obachtete,
708 1074 89 26 würde
824 1084 57 16 man
908 1074 47 26 mit
981 1073 48 27 viel
1051 1073 174 27 bleibenderen
1246 1072 159 26 Eindrücken

543 1113 171 27 heimkehren.

600 1153 134 25 Nachdem
748 1154 50 25 wir
817 1153 54 26 hier
885 1153 40 26 ein
940 1153 100 26 zweites
1055 1152 50 26 Bad
1121 1160 159 27 genommen,
1299 1149 105 27 kehrten

543 1193 48 26 wir
601 1192 58 26 über
671 1193 43 25 das
723 1192 92 27 braune
823 1191 155 38 Stoppelfeld
990 1192 52 26 und
1056 1202 40 15 am
1105 1189 204 38 Bacchustempel
1317 1189 87 27 vorbei

543 1232 38 26 bei
597 1234 241 34 Sonnenuntergang
852 1232 75 26 heim.
955 1230 57 27 Auf
1028 1231 42 26 der
1084 1228 158 28 Landstrafse
1261 1227 79 27 trafen
1355 1228 49 26 wir

542 1271 40 27 die
607 1271 81 27 Maler
710 1271 304 27 Lindemann-Frommel
1040 1270 52 26 und
1116 1268 161 30 Benouville,
1303 1268 40 25 die
1364 1276 41 28 per

543 1310 109 27 Kutsche
667 1321 59 16 vom
742 1311 189 26 Studienmalen
951 1310 174 26 heimkehrten
1144 1308 53 26 und
1215 1308 109 25 nahmen
1345 1316 59 26 gern

543 1351 38 25 ihr
591 1349 158 32 Anerbieten,
763 1351 45 25 mit
822 1351 74 25 ihnen
908 1348 198 30 heimzufahren,
1118 1358 41 20 an,
1171 1348 66 25 denn
1250 1347 39 25 die
1298 1348 106 23 Mauern

543 1390 117 25 strahlten
675 1390 55 25 eine
744 1391 75 24 Hitze
834 1399 42 16 aus
891 1389 50 25 wie
956 1387 137 27 Backöfen.

895 1464 40 17 11.
949 1453 49 34 Juli
1014 1454 43 26 66.

601 1507 107 27 Böcklin
728 1516 56 17 war
803 1516 52 17 von
875 1506 57 26 dem
951 1506 124 35 gestrigen
1095 1503 165 38 Spaziergang
1279 1503 64 25 nach
1358 1502 47 26 Val

543 1547 113 36 d'Egeria
674 1547 55 26 sehr
743 1552 117 29 angeregt
874 1545 52 26 und
939 1545 101 25 brachte
1051 1545 75 24 heute
1137 1543 52 25 sein
1202 1536 53 32 Bild
1266 1541 140 26 bedeutend

543 1590 131 23 vorwärts.
697 1588 30 24 Er
738 1586 75 25 malte
826 1586 79 25 rechts
921 1585 40 25 die
975 1582 102 37 grofsen
1091 1580 315 29 Huflattichblätter,

543 1626 39 26 die
597 1626 35 26 als
648 1624 94 37 gröfste
757 1624 112 26 Pflanzen
885 1623 53 27 und
953 1633 32 16 an
1000 1622 41 26 der
1055 1621 142 27 vordersten
1212 1619 74 25 Stelle
1300 1619 49 25 viel
1363 1628 43 16 zur

543 1665 149 37 plastischen
724 1663 133 36 Wirkung
885 1663 42 26 des
951 1662 82 26 Bildes
1064 1661 135 34 beitragen.
1241 1660 84 26 Dann,
1349 1657 57 25 dem

543 1702 193 37 Schilfgehänge
748 1713 50 16 von
809 1702 66 26 links
887 1699 246 38 entgegenstrebend,
1148 1697 76 27 malte
1235 1706 25 16 er
1270 1696 119 34 schwung-

542 1743 53 26 voll
615 1741 190 37 überhängende
829 1741 111 27 Pflanzen
959 1740 47 26 mit
1027 1740 122 26 violetten
1169 1736 98 28 Blüten,
1288 1735 61 25 über
1367 1735 39 25 die

543 1781 212 28 weifsblühendes
767 1780 124 26 Gaisblatt
906 1779 109 26 klettert.
1037 1779 83 25 Dieses
1133 1775 202 36 Blütengehänge
1347 1773 60 26 über

543 1822 42 25 der
607 1820 92 34 Quelle
724 1820 44 26 hat
794 1819 144 36 (besonders
962 1818 39 26 bei
1026 1818 42 26 der
1089 1815 261 33 Dämmerstimmung
1371 1812 36 27 im

543 1860 82 35 Bilde)
641 1867 78 18 etwas
740 1857 206 28 Märchenhaftes
960 1856 52 28 und
1026 1855 235 28 Melancholisches.

602 1899 105 25 Böcklin
727 1899 100 29 meinte,
847 1907 76 17 wenn
939 1906 58 16 man
1012 1895 191 27 hinauskommt
1220 1894 26 25 in
1261 1892 39 26 die
1314 1893 93 29 Natur,

543 1939 66 25 lernt
623 1948 58 16 man
697 1937 49 26 fast
760 1944 58 18 stets
834 1938 124 28 einsehen,
976 1934 54 27 dafs
1045 1933 216 38 Schlingpflanzen
1279 1931 53 26 und
1350 1931 42 26 der-

544 1978 114 35 gleichen
673 1977 47 26 viel
734 1978 118 34 massiger
863 1974 123 28 auftreten
998 1974 52 26 und
1062 1973 53 27 dafs
1127 1983 59 17 man
1196 1972 86 26 solche
1293 1972 112 25 Pflanzen

543 2016 50 27 fast
617 2017 90 25 immer
728 2025 30 16 zu
780 2016 69 25 dünn
869 2015 71 26 malt.
971 2014 66 26 Alles
1059 2014 35 25 im
1117 2012 69 26 Bilde
1207 2011 124 26 erschiene
1352 2011 54 26 ihm

544 2054 106 37 dürftig,
664 2055 171 26 schwächlich
847 2055 53 25 und
912 2053 165 30 unwirksam,
1092 2061 77 17 wenn
1181 2061 24 16 er
1216 2060 30 17 an
1258 2050 47 27 den
1317 2050 75 37 präch-

544 2095 69 36 tigen
631 2094 100 26 Lattich
749 2104 51 16 von
819 2100 96 29 gestern
933 2092 189 29 zurückdenke,
1142 2100 45 17 wo
1205 2100 25 16 er
1247 2090 53 26 sich
1317 2090 90 25 immer

544 2133 121 27 staunend
681 2143 75 26 sagen
771 2132 103 27 mufste:
891 2134 219 29 „Donnerwetter,
1131 2131 30 24 ist
1178 2129 43 26 das
1237 2129 52 26 eine
1305 2128 101 30 schöne,

544 2173 125 26 stattliche

894 2208 41 16 iz.
949 2199 50 32 Juli
1015 2199 44 24 66.

604 2250 44 26 Als
658 2251 48 25 wir
717 2259 49 17 von
779 2249 40 27 der
830 2251 96 35 Kneipe
935 2249 52 36 (bei
996 2251 24 24 P.
1030 2248 123 34 Navona)
1165 2246 241 30 zurückkommend,

546 2290 39 26 bei
604 2289 156 26 Bilderläden
775 2290 27 25 in
819 2289 47 26 Via
885 2288 125 27 Condotti
1028 2287 188 36 vorbeigingen,
1236 2285 106 27 erzählte
1360 2286 47 24 mir

546 2329 114 30 Böcklin,
674 2339 23 15 er
709 2328 63 26 habe
783 2328 152 31 manchmal,
947 2337 45 16 um
1005 2327 52 26 sich
1073 2327 31 26 in
1119 2327 69 25 Zeit
1202 2326 52 25 der
1267 2326 63 25 Not
1343 2324 63 26 Geld

546 2379 30 16 zu
587 2366 161 31 verschaffen,
767 2368 64 25 auch
847 2366 41 27 für
898 2367 86 25 solche
994 2366 112 26 Händler
1117 2365 102 37 gemalt.
1240 2365 38 25 Sie
1289 2364 118 25 bezahlen

546 2408 111 26 schlecht
673 2408 27 34 (5
708 2417 71 24 —15
797 2407 93 36 seudi).
921 2408 63 24 Man
1001 2405 85 26 könne
1101 2404 65 32 aber,
1184 2414 77 16 wenn
1277 2413 59 16 man
1349 2412 45 17 vor-

547 2447 90 35 sichtig
652 2439 113 43 anfängt,
780 2445 49 27 fast
844 2447 25 24 in
885 2447 81 24 einem
980 2445 91 26 halben
1084 2447 55 33 Tag
1159 2443 71 26 solch
1244 2442 55 27 Bild
1315 2441 92 27 malen.

547 2488 62 25 Man
626 2490 82 21 müsse
722 2495 47 16 nur
784 2486 46 24 mit
845 2486 66 24 einer
922 2494 93 26 grauen
1028 2485 77 34 (nach
1116 2483 156 26 Umständen
1283 2481 125 27 vielleicht

548 2524 224 38 grünlichgrauen)
784 2524 184 35 Untermalung
981 2524 123 35 beginnen
1119 2523 52 25 und
1186 2522 63 26 dazu
1263 2521 41 25 die
1314 2520 80 26 Ueber-

548 2565 105 35 malung
674 2565 46 25 mit
742 2566 145 33 Benutzung
908 2563 41 25 des
968 2562 114 26 Grundes
1102 2561 143 26 einrichten.
1279 2558 129 27 Niemand

548 2604 86 25 könne
648 2604 82 25 einem
744 2603 169 29 nachweisen,
934 2602 33 25 ob
986 2602 43 25 das
1048 2602 66 25 dann
1129 2600 89 27 Grund
1238 2599 59 26 oder
1315 2598 93 37 gemalt

548 2644 43 25 sei.
613 2645 33 23 So
660 2643 70 25 hätte
741 2651 25 17 er
780 2642 39 26 ein
834 2651 60 27 paar
907 2641 55 26 Mal
977 2641 41 26 das
1034 2642 110 25 Forum
1158 2640 82 26 malen
1252 2642 108 26 müssen,
1373 2637 34 26 als

548 2693 25 16 er
587 2683 94 26 einmal
694 2680 151 37 notwendig
860 2680 64 27 Geld
939 2679 124 28 brauchte.

1838 374 39 24 13.
1897 364 50 34 Juli
1963 365 42 25 66.

1546 419 104 26 Böcklin
1665 420 44 25 hat
1722 427 54 17 nun
1790 417 39 26 die
1844 415 190 27 Lattichblätter
2048 415 100 36 gemalt,
2164 415 54 25 eine
2228 408 99 29 wunder-

1486 459 67 25 volle
1568 460 110 34 Gruppe,
1697 457 85 35 klagte
1796 456 65 33 aber,
1880 454 54 27 dafs
1953 465 26 16 er
1993 454 73 27 selbst
2081 454 45 26 mit
2141 453 99 26 starken
2254 448 88 27 Farben

1486 497 71 26 nicht
1577 497 41 26 das
1638 497 128 35 prächtige
1781 497 72 25 Grün
1871 494 102 26 erzielen
1988 493 94 26 könne.
2108 493 38 26 Sie
2160 492 65 27 seien
2240 489 38 26 bei
2291 487 51 26 ihm

1486 536 89 26 immer
1594 536 67 26 noch
1682 545 101 26 grauer,
1805 535 34 25 als
1860 534 39 25 die
1923 533 181 36 grünmoosige
2125 530 137 28 Felswand.
2296 529 46 23 Das

1485 575 138 26 Hindernis
1637 575 55 35 läge
1706 573 211 27 wahrscheinlich
1938 574 25 24 in
1982 572 58 25 dem
2054 571 222 36 violettgrauroten
2295 567 32 24 Ge-

1486 613 86 31 wand,
1595 613 81 26 neben
1695 613 57 25 dem
1770 613 41 25 die
1827 612 92 26 Blätter
1938 621 28 16 zu
1987 610 130 26 bräunlich
2138 609 148 26 erschienen.
2313 605 31 24 Er

1486 652 79 27 wolle
1579 652 58 26 aber
1650 654 56 32 jetzt
1722 651 48 26 auf
1781 652 40 25 die
1836 657 86 20 untere
1936 649 88 27 Hälfte
2045 650 42 25 der
2101 650 74 35 Figur
2188 648 71 26 mehr
2273 643 70 29 Licht

1486 691 76 27 fallen
1578 691 88 30 lassen,
1680 701 28 15 so
1720 690 53 26 dafs
1788 700 48 15 nur
1850 691 42 25 der
1906 690 72 25 obere
1992 688 55 26 Teil
2059 691 165 23 Dämmerton
2239 683 103 29 behalte.

1485 731 90 26 Neben
1589 731 120 25 reinerem
1719 731 53 23 Rot
1783 729 89 26 würde
1883 729 66 25 dann
1961 728 73 26 wohl
2048 728 43 25 das
2103 729 70 24 Grün
2185 726 91 35 richtig
2286 731 56 18 sein.

1544 773 38 23 Da
1597 769 39 27 die
1651 768 99 30 Blätter,
1766 768 109 26 obwohl
1887 768 25 25 in
1927 768 120 25 schönem
2059 766 140 26 Verhältnis
2210 775 42 16 zur
2263 764 79 34 Figur,

1485 810 80 25 ihrem
1586 808 158 26 natürlichen
1765 807 82 26 Mafse
1869 807 64 26 nach
1950 817 31 15 zu
2004 806 67 25 klein
2088 816 98 19 waren,
2209 814 27 16 so
2258 801 85 28 rückte

1485 849 107 27 Böcklin
1607 848 39 25 die
1660 848 73 35 Figur
1747 847 87 26 weiter
1848 856 53 20 vor,
1916 846 85 26 indem
2015 855 25 15 er
2054 846 33 24 sie
2099 844 48 27 auf
2158 845 67 25 einer
2235 843 108 26 höheren

1485 890 78 25 Platte
1590 886 102 28 stehend
1719 886 87 30 malte,
1833 885 126 27 wodurch
1983 894 25 16 er

1485 929 71 25 mehr
1566 930 84 24 Raum
1662 925 41 27 für
1714 925 48 27 den
1772 925 114 26 hinteren
1893 926 100 24 Wasser-

1485 968 92 37 spiegel
1588 976 118 27 gewann.
1725 965 87 26 Durch
1821 964 82 27 diesen
1911 963 84 36 gröfse-

1485 1018 43 15 ren
1543 1006 112 27 Abstand
1671 1014 53 17 war
1739 1014 52 15 nun
1806 1004 65 25 auch
1891 1003 41 26 das
1947 1004 46 24 Ver-

1485 1046 91 27 hältnis
1595 1046 42 25 der
1656 1044 91 26 Blätter
1766 1053 42 15 zur
1826 1044 73 34 Figur
1916 1041 92 36 richtig

1485 1085 145 37 geworden.

1542 1199 148 30 Sonderbar,
1706 1199 55 26 dafs
1774 1199 53 25 sich
1841 1198 40 26 die
1896 1204 79 20 ersten
1987 1197 128 26 Oelbilder
2135 1195 82 36 Eyck
2232 1195 52 26 und
2298 1193 47 26 die

1484 1239 233 30 Altdeutschen,
1733 1239 65 25 auch
1813 1237 144 30 Holbein,
1972 1247 41 16 am
2028 1237 82 24 besten
2127 1235 115 37 gehalten
2257 1234 87 27 haben.

1484 1278 107 26 Böcklin
1611 1278 92 30 meint,
1723 1278 34 25 sie
1777 1278 87 25 hätten
1888 1283 48 19 erst
1958 1276 118 26 schwach
2100 1273 180 27 modellierend
2302 1281 29 17 an-

1484 1317 125 36 gefangen
1633 1317 52 26 und
1706 1317 68 26 dann
1797 1315 48 27 fast
1867 1326 48 16 nur
1939 1315 81 26 durch
2041 1317 108 23 Lasuren
2177 1314 42 25 das
2241 1311 55 28 Bild
2316 1318 30 18 zu

1484 1357 94 26 diesem
1592 1355 77 28 tiefen
1684 1355 106 27 Farbton
1805 1355 125 36 gebracht.

1836 1435 40 25 16.
1891 1432 49 34 Juli
1956 1433 43 26 66.

1544 1486 118 27 Böcklins
1674 1486 54 26 Bild
1741 1486 124 29 schreitet,
1877 1484 106 26 obwohl
1995 1493 24 17 er
2031 1483 78 27 durch
2120 1482 138 26 Krankheit
2269 1481 77 26 seiner

1485 1526 94 26 Kinder
1594 1526 54 26 sehr
1662 1526 127 35 gehemmt
1804 1525 75 30 wird,
1894 1523 93 26 schnell
2002 1525 131 24 vorwärts.

1543 1567 84 24 Heute
1645 1565 77 26 malte
1739 1575 24 16 er
1783 1564 39 26 die
1844 1563 153 26 feuchten
2010 1560 149 31 Streifen,
2183 1560 40 26 die
2244 1560 52 26 sich
2315 1566 31 17 an

1485 1604 43 27 der
1549 1604 129 27 Felswand
1700 1603 220 33 herunterziehen,
1942 1601 34 26 als
1998 1599 228 27 dunkelbräunlich
2247 1598 99 27 feuchte

1485 1642 115 32 Streifen,
1615 1643 27 26 in
1656 1643 74 26 deren
1744 1643 76 25 Mitte
1834 1642 41 25 die
1888 1641 175 35 frischgrünen
2077 1638 120 27 feuchten
2208 1638 122 26 Schlamm-

1485 1681 77 27 fäden
1585 1682 226 35 herunterhängen.
1843 1681 74 25 Auch
1942 1681 122 25 seitwärts
2086 1688 50 17 von
2162 1678 47 26 den
2235 1675 111 28 dunkeln

1485 1720 107 26 Streifen
1606 1721 31 25 ist
1651 1721 39 26 die
1706 1731 76 25 graue
1796 1719 88 27 Wand
1904 1720 46 25 mit
1971 1718 93 26 feinem
2081 1716 118 27 frischem
2214 1719 71 24 Grün
2304 1714 28 26 be-

1486 1758 108 33 kleidet;
1614 1760 53 25 eine
1686 1759 82 30 Farbe,
1787 1759 39 26 die
1845 1759 137 35 ungemein
2004 1757 76 26 frisch
2099 1756 54 26 und
2173 1755 98 27 reizend
2291 1762 42 18 aus-

1486 1798 71 30 sieht,
1571 1798 58 26 weil
1642 1799 38 25 die
1688 1797 117 27 feuchten
1816 1797 105 27 Streifen
1932 1807 44 16 aus
1984 1797 59 26 dürr
2051 1796 52 26 und
2111 1795 53 26 fahl
2173 1795 159 34 überhängen-

1486 1838 56 25 dem
1557 1841 167 32 graugrünem
1739 1839 61 24 Gras
1815 1836 181 30 herabfliefsen,
2010 1835 84 26 sodafs
2109 1836 48 29 die,
2175 1835 79 25 schon
2269 1830 77 28 durch

1486 1877 43 26 das
1551 1877 134 25 lasierende
1706 1878 102 24 Wasser
1830 1876 104 26 erhöhte
1954 1875 81 31 Farbe,
2059 1874 79 27 durch
2159 1874 48 25 den
2228 1874 118 25 Kontrast

1486 1918 68 24 noch
1568 1915 104 27 frischer
1686 1917 129 24 erscheint.

1544 1956 108 25 Böcklin
1676 1956 101 29 meinte,
1803 1964 24 16 er
1851 1957 81 23 müsse
1957 1963 53 16 nun
2035 1952 153 27 braunroten
2212 1949 68 27 Lack
2302 1957 30 17 an-

1486 1994 118 28 schaffen.
1634 1997 73 24 Denn
1722 1994 138 27 Lackfarbe
1875 1993 77 26 frisch
1968 1992 70 36 (aber
2052 1990 121 39 sparsam)
2186 1989 160 36 aufgetragen

1487 2035 32 35 (z.
1535 2037 26 25 B.
1584 2034 48 26 auf
1648 2034 48 27 den
1716 2034 118 26 feuchten
1854 2031 128 36 Streifen),
2005 2032 44 25 hat
2068 2031 26 25 in
2117 2030 42 26 der
2178 2029 168 32 Erscheinung

1485 2081 58 19 stets
1557 2080 78 21 etwas
1651 2073 135 36 ungemein
1801 2074 98 28 Nasses,
1916 2081 52 17 was
1982 2071 41 25 nie
2037 2069 190 27 verschwindet.

1838 2160 39 24 ip.
1891 2150 49 33 Juli
1956 2150 44 25 66.

1545 2205 43 25 Bei
1602 2204 164 36 Gelegenheit
1785 2203 41 25 des
1844 2200 171 31 Huflattichs,
2037 2200 84 26 dessen
2136 2199 91 26 Blätter
2241 2195 105 28 Böcklin

1487 2244 55 26 sehr
1556 2244 78 25 schön
1649 2244 26 25 in
1693 2243 42 26 der
1750 2243 70 25 Linie
1838 2241 127 36 gruppiert
1982 2240 52 31 hat,
2053 2239 107 26 äufserte
2175 2238 116 26 Böcklin:
2306 2237 40 24 Bei

1485 2283 66 35 jeder
1565 2283 78 31 Linie,
1659 2283 39 25 die
1713 2292 59 16 man
1783 2281 71 29 malt,
1870 2284 80 22 müsse
1961 2289 60 16 man
2031 2277 112 37 zugleich
2155 2288 32 16 an
2198 2277 39 26 die
2248 2279 82 31 Gegen-

1487 2322 59 26 linie
1562 2321 51 27 und
1628 2322 40 26 die
1684 2321 204 36 Gegenrichtung
1904 2318 105 27 denken.

1546 2361 107 26 Böcklin
1665 2360 76 27 malte
1751 2360 49 26 den
1811 2358 135 36 Vorgrund
1958 2358 79 25 rechts
2048 2363 87 19 unten.
2149 2354 196 33 Untermalung:

1487 2410 133 26 mausgrau
1635 2400 36 36 (d.
1689 2401 36 25 h.:
1740 2399 189 29 Kernschwarz,
1940 2396 85 27 Weifs
2040 2396 52 26 und
2107 2402 77 19 etwas
2196 2393 84 35 Grün)
2296 2388 50 30 und

1488 2439 199 36 weifslichgrau,
1708 2439 68 26 dann
1792 2437 122 36 überging
1929 2447 25 15 er
1967 2436 39 25 die
2020 2444 94 27 grauen
2129 2434 90 26 Stellen
2234 2429 112 30 ziemlich

1487 2489 81 16 warm
1589 2477 215 37 (bräunlichgelb)
1826 2477 51 26 und
1897 2476 123 26 nachdem
2039 2475 50 25 dies
2109 2481 77 19 etwas
2207 2478 140 30 angezogen

1487 2520 79 28 hatte,
1580 2519 48 24 mit
1647 2519 81 24 einem
1748 2517 119 25 lichteren
1886 2525 118 26 graueren
2023 2515 58 24 Ton
2099 2514 55 34 (das
2175 2514 76 23 Moos
2270 2508 78 28 damit

1488 2564 78 20 etwas
1580 2557 148 35 zeichnend)
1749 2556 51 25 und
1818 2555 76 26 malte
1912 2554 81 35 einige
2008 2553 112 26 Pflanzen
2140 2552 95 29 hinein,
2256 2550 39 25 die
2313 2548 35 24 im

1488 2598 77 24 Moos
1586 2597 126 26 wachsen.
1745 2598 32 23 So
1799 2595 39 25 bei
1859 2594 26 35 a)
1909 2593 62 36 (vgl.
1991 2592 40 26 die
2048 2591 83 26 Skizze
2150 2589 124 35 nebenan)
2295 2590 52 32 jene

1488 2636 141 26 feuerroten
1650 2636 139 28 Blättchen,
1814 2634 40 25 die
1877 2643 59 16 man
1960 2642 32 16 an
2016 2631 71 26 ihren
2112 2629 119 27 feuchten
2252 2628 95 26 Plätzen

1488 2675 163 37 gewöhnlich
1670 2674 41 26 für
1728 2674 105 26 Blumen
1849 2672 66 31 hält,
1931 2671 66 26 dann
2012 2670 28 36 b)
2061 2670 40 26 die
2119 2664 230 42 plattwachsenden

1531 2869 0 0 112
