2605 3322
558 395 93 25 wissen
674 393 54 27 und
751 392 43 26 das
815 389 128 28 Schaflein
964 389 40 26 des
1032 398 84 16 armen
1136 389 106 24 Mannes
1263 387 68 25 noch
1352 386 71 25 dazu.

561 436 50 23 Das
627 433 88 26 andere
727 431 101 28 Gesicht
843 431 56 25 aber
913 428 80 26 blickt
1007 425 78 31 offen,
1097 425 46 27 frei
1157 425 52 26 und
1225 425 95 26 ehrlich
1333 425 90 25 hinaus

560 473 38 24 ins
609 471 161 36 Ungewisse,
788 470 90 28 bereit,
899 477 60 17 vom
973 465 128 27 Schicksal
1116 475 29 15 zu
1160 463 156 36 erkämpfen,
1331 473 54 16 was
1400 473 24 16 es

560 512 54 25 ihm
625 510 53 26 und
690 510 41 26 der
742 508 158 27 Menschheit
911 507 82 24 bisher
1003 504 117 35 schuldig
1134 503 74 26 blieb.
1234 503 50 25 Mit
1295 502 114 26 zweiund-

561 550 113 34 zwanzig
695 549 89 32 Jahren
808 546 96 26 schrieb
930 543 164 26 Charlotte
1120 540 113 27 Leffler
1261 541 42 25 das
1331 543 94 23 Drama

561 589 59 30 „die
899 584 39 24 die
965 581 112 27 Lebens-
1102 580 52 26 und
1178 580 247 35 Leidensgeschichte

563 629 67 23 einer
644 630 102 31 jungen,
757 622 192 35 hochbegabten
961 620 152 30 Künstlerin,
1125 619 48 30 die,
1185 629 31 16 an
1227 619 71 25 einen
1310 619 115 25 biederen

564 664 167 27 Kleinstädter
750 663 160 28 verheiratet,
931 661 111 24 schwere
1063 657 108 37 Kämpfe
1191 658 127 26 zwischen
1339 657 74 36 spiefs-

565 702 175 38 bürgerlichen
768 700 214 34 Anschauungen,
1016 697 193 26 künstlerischer
1241 697 184 35 Begeisterung,

565 740 253 29 Selbstbewufstsein,
839 738 74 25 Liebe
934 737 52 25 und
1000 736 88 26 Pflicht
1110 746 30 15 zu
1161 735 115 27 bestehen
1296 735 52 26 hat.
1377 736 47 25 Die

565 779 168 30 Verfasserin,
751 776 166 37 unglücklich
932 777 26 24 in
972 776 64 25 ihrer
1048 775 101 36 eigenen
1165 775 63 33 Ehe,
1247 773 58 28 läfst
1320 775 26 25 in
1360 774 65 26 allen

567 821 70 24 ihren
653 817 137 36 folgenden
795 816 115 26 Werken
925 816 54 24 eine
988 815 78 25 Reihe
1080 823 49 17 von
1139 813 214 37 Frauengestalten
1369 812 42 28 auf-

566 865 77 19 treten
652 877 5 10 ,
679 856 39 26 die
733 856 52 25 sich
800 854 136 30 entweder,
954 855 51 25 wie
1156 853 64 26 nach
1235 854 80 24 einem
1331 853 94 25 hohlen

567 895 162 27 Scheinleben
745 893 49 27 auf
804 895 52 24 sich
872 893 72 26 selbst
958 892 119 26 besinnen
1095 892 60 26 oder
1175 893 52 25 ihre
1248 892 177 26 vollbewufste

567 933 190 28 Individualität
772 943 44 15 aus
830 933 75 25 Liebe
919 931 138 36 aufgeben,
1071 941 45 16 um
1131 933 63 24 nach
1209 931 101 26 kurzem
1325 933 101 25 Rausch

568 973 52 27 und
646 972 168 35 Selbstbetrug
839 971 39 26 die
902 972 103 25 Freiheit
1029 974 134 33 ungestüm
1187 971 238 26 zurückzufordern.

568 1015 93 23 Frauen
676 1012 51 26 wie
740 1011 61 26 Ulla
817 1011 58 35 (Ein
889 1011 189 34 Sommeridyll)
1093 1011 52 25 und
1157 1011 59 26 Arla
1233 1011 49 35 (Im
1294 1011 75 35 Krieg
1380 1011 46 26 mit

568 1052 42 25 der
625 1049 179 37 Gesellschaft)
819 1050 85 26 ziehen
919 1050 47 26 mit
980 1049 144 27 blutendem
1136 1052 107 28 Herzen,
1258 1050 81 36 gleich
1353 1052 72 24 Nora

567 1090 112 30 Helmer,
694 1099 42 16 aus
751 1090 80 25 ihrem
845 1095 46 30 gut
906 1088 172 37 bürgerlichen
1090 1089 84 27 Glück
1189 1090 98 30 hinaus,
1303 1099 44 16 um
1362 1090 64 26 ihrer

569 1129 88 25 Pflicht
679 1138 78 26 gegen
778 1129 52 25 sich
851 1128 73 26 selbst
945 1139 30 15 zu
997 1132 128 33 genügen,
1150 1129 39 25 ihr
1209 1129 163 26 Individuum
1396 1138 30 16 zu

568 1168 83 26 bilden
669 1184 33 3 —
720 1168 161 25 Charlotte
902 1167 120 27 Leffler
1036 1168 124 36 verlangt,
1179 1168 72 31 „dafs
1270 1169 25 25 in
1310 1168 42 25 der
1366 1170 46 23 Ver-

568 1207 120 36 einigung
696 1208 125 25 zwischen
828 1210 79 23 Mann
916 1207 49 26 und
965 1207 67 26 Frau
1044 1217 22 16 es
1078 1208 70 26 nicht
1155 1208 151 35 notwendig
1317 1208 39 25 die
1364 1210 62 22 Frau

569 1247 51 25 sein
635 1250 90 26 müsse,
740 1247 39 25 die
790 1247 52 26 sich
857 1247 72 26 selbst
944 1246 122 37 aufgiebt,
1081 1248 107 25 sondern
1199 1248 40 25 die
1254 1258 44 15 am
1311 1248 96 33 wenig-

567 1292 68 19 sten
651 1285 199 27 entwickelte
866 1287 132 36 geistige
1012 1287 250 27 Individualität.
1291 1288 27 24 In
1333 1286 81 25 leiden-

569 1324 176 27 schaftlichem
759 1326 99 26 Pochen
874 1326 48 27 auf
933 1326 39 27 ihr
983 1327 110 26 Anrecht
1108 1337 31 16 an
1154 1326 42 26 das
1208 1326 84 27 Glück
1303 1325 124 35 begehren

569 1364 66 26 diese
654 1364 149 28 nordischen
818 1365 165 27 Vollnaturen
1002 1365 86 32 „Alles
1109 1366 59 26 oder
1333 1363 94 27 Schade

567 1414 55 21 nur,
644 1403 53 27 dafs
712 1405 34 25 sie
761 1405 70 26 nicht
850 1415 79 26 gegen
949 1405 40 26 die
1009 1405 73 25 Liebe
1102 1404 77 37 gefeit
1199 1403 55 27 sind
1276 1404 50 25 und
1347 1403 80 25 durch

568 1442 65 27 diese
652 1444 138 26 Schwäche
809 1445 53 25 eine
879 1447 93 33 Menge
991 1445 104 35 heiliger
1114 1444 119 25 Pflichten
1253 1442 52 27 und
1321 1444 91 24 Verant-

567 1489 152 30 wortungen
735 1483 49 27 auf
794 1484 51 26 sich
861 1484 84 30 laden,
960 1494 51 16 von
1026 1484 78 25 denen
1120 1483 33 25 sie
1167 1483 43 25 das
1225 1481 149 36 Verlangen,
1389 1481 38 26 ihr

566 1522 43 25 Ich
624 1532 28 16 zu
668 1523 94 31 bilden,
777 1524 69 26 nicht
861 1523 96 27 befreit.

626 1679 285 27 CharlotteLeffler
922 1679 110 26 zeichnet
1044 1679 52 25 sich
1107 1676 78 27 durch
1193 1673 122 28 treffliche
1322 1673 90 27 Milieu-

569 1720 192 35 schilderungen
784 1728 50 17 aus.
861 1718 93 34 Jedoch
969 1718 47 26 den
1031 1716 107 36 Stempel
1157 1716 65 25 eines
1237 1714 190 34 konsequenten

569 1759 193 30 Naturalismus,
788 1757 42 27 der
848 1756 47 27 fest
909 1756 49 28 auf
974 1756 41 27 die
1033 1756 126 26 Theorien
1179 1763 61 17 vom
1253 1751 93 27 Milieu
1370 1751 43 26 auf-

568 1798 69 30 baut,
649 1805 85 29 tragen
746 1807 47 16 nur
803 1797 99 35 wenige
912 1795 233 36 jungschwedische
1154 1795 120 25 Autoren.
1291 1793 48 24 Das
1347 1790 65 27 wirk-

567 1838 51 25 lich
639 1838 62 25 rohe
722 1837 111 25 Element
853 1836 77 25 dieser
956 1834 178 27 litterarischen
1155 1832 90 27 Schule
1265 1830 96 27 vertritt
1381 1840 47 16 nur

567 1876 186 35 Strindberg
767 1891 39 4 —
820 1885 23 15 es
857 1875 31 25 ist
902 1874 70 26 mehr
983 1873 76 27 Sache
1074 1873 42 26 der
1130 1872 124 28 düsteren,
1269 1868 158 38 praktischen

569 1917 152 34 Norweger.
749 1916 30 24 Es
796 1913 80 27 steckt
889 1923 30 16 zu
933 1913 49 26 viel
997 1912 161 26 träumerisch
1173 1911 139 36 poetischer
1326 1910 60 25 Sinn
1401 1910 26 24 in

568 1955 45 26 den
629 1954 154 29 Schweden,
804 1963 27 16 so
850 1952 53 27 dafs
918 1953 34 25 sie
966 1951 74 26 selbst
1055 1951 47 26 den
1117 1951 215 35 allergetreuesten
1347 1948 67 26 Schil-

568 1994 127 35 derungen
709 2003 51 16 von
775 1992 70 26 Land
863 1991 52 26 und
933 1994 94 23 Leuten
1049 1991 70 25 einen
1135 1988 185 38 gemütvollen,
1342 1988 73 34 idylli-

569 2033 73 26 schen
652 2032 172 35 Hintergrund
833 2031 122 26 verleihen
964 2034 107 22 müssen.
1087 2030 61 25 Wie
1157 2027 112 27 trefflich
1276 2027 150 36 gezeichnet,

567 2072 51 27 wie
637 2078 159 29 naturgetreu
814 2070 55 26 sind
889 2070 39 25 die
943 2070 80 25 Bilder
1038 2069 65 25 eines
1118 2067 236 35 Hedenstjerna,
1373 2066 53 26 und

568 2111 67 26 doch
649 2111 50 26 wie
714 2110 48 26 viel
773 2108 174 30 Gemütstiefe,
961 2108 51 26 wie
1023 2108 48 26 viel
1087 2107 135 25 köstlicher
1233 2108 103 24 Humor
1347 2104 80 27 steckt

567 2150 26 26 in
611 2150 84 26 ihnen.
729 2148 60 27 Und
808 2155 64 19 trotz
890 2148 60 26 aller
966 2146 282 35 schreckenerregenden
1261 2144 150 26 Umstürzler-

568 2198 159 27 programme
741 2187 94 27 stofsen
850 2188 57 29 wir,
922 2187 44 26 ehe
981 2187 67 25 wir's
1069 2192 135 23 erwarten,
1220 2183 47 27 auf
1278 2184 39 25 ein
1331 2183 80 36 gründ-

566 2229 77 24 liches
664 2226 179 27 Abschweifen
868 2227 36 25 ins
928 2226 199 28 Phantastische,
1151 2226 24 33 ja
1198 2223 144 35 Mystische.
1379 2223 47 25 Ein

568 2267 159 36 schlagendes
742 2266 103 36 Beispiel
859 2264 96 28 hierfür
968 2264 76 27 bietet
1058 2267 116 24 Gustav
1187 2261 33 28 af
1231 2263 194 34 Geijerstam,

569 2307 42 25 der
631 2308 76 24 heute
728 2306 27 24 in
775 2305 95 26 hohem
890 2304 82 26 Grade
994 2303 39 26 die
1049 2303 95 27 Geister
1165 2301 89 27 fesselt.
1279 2303 31 23 Er
1331 2300 94 27 schrieb

569 2346 72 25 einen
652 2344 132 27 wackeren
794 2343 216 26 naturalistischen
1019 2345 101 24 Roman
1130 2352 52 16 von
1193 2342 80 24 einem
1281 2340 144 30 Studenten,

569 2384 42 26 der
625 2384 40 25 die
680 2390 184 29 ausgetretenen
876 2381 75 27 Pfade
966 2382 42 26 der
1018 2381 75 27 Alten
1108 2380 75 31 mied,
1199 2380 32 26 all
1246 2380 66 25 seine
1326 2379 100 26 kleinen

568 2422 199 28 Lebensfreuden
778 2424 82 24 seinen
868 2423 85 24 hohen
961 2421 136 36 Prinzipien
1109 2419 105 37 opferte,
1223 2429 44 16 um
1278 2419 34 26 als
1320 2417 93 27 Schrift-

567 2463 80 26 steller
655 2463 46 25 mit
709 2463 56 25 dem
772 2463 93 25 Herzen
874 2461 38 26 die
922 2461 125 35 traurigen
1052 2459 207 26 Vorkommnisse
1268 2457 41 27 des
1316 2457 96 35 Alltags-

566 2502 83 26 lebens
670 2512 31 16 zu
721 2501 132 27 schildern.
888 2502 33 23 So
943 2500 106 35 traurig,
1071 2499 51 26 wie
1141 2497 39 26 die
1200 2496 127 28 Novellen
1348 2496 77 26 seines

567 2541 99 26 Helden
680 2540 79 31 „Erik
898 2539 54 25 sind
966 2539 67 25 seine
1047 2539 103 34 eigenen
1163 2536 185 36 Erzählungen:
1366 2535 59 26 Frän

565 2579 42 27 det
620 2586 102 29 yttersta
736 2579 89 30 skäret,
839 2581 113 34 Kampen
968 2588 43 16 om
1026 2576 97 32 kärlek;
1138 2575 60 27 Erik
1212 2578 89 23 Grane.
1325 2577 56 24 Nur
1395 2584 30 16 zu

569 2618 39 27 oft
630 2620 64 35 zeigt
721 2629 25 16 er
773 2618 47 26 den
845 2616 213 28 Zusammenstofs
1088 2616 72 29 alter,
1193 2621 83 29 streng
1300 2614 126 35 religiöser

569 2659 50 25 und
636 2658 162 26 moralischer
809 2655 105 38 Begriffe
928 2656 45 26 mit
988 2656 41 26 der
1037 2655 164 36 Freigeisterei
1215 2654 42 25 der
1267 2652 104 37 Jugend,
1386 2653 40 25 ein

566 2695 229 32 Zusammenstofs,
817 2696 42 27 der
873 2697 27 25 in
914 2695 113 31 Landen,
1044 2705 44 16 wo
1103 2694 42 26 das
1160 2693 68 27 Volk
1243 2693 68 25 noch
1325 2692 45 26 zäh
1385 2701 41 16 am

1502 384 116 28 Glauben
1631 384 44 27 der
1682 387 75 24 Väter
1771 383 100 27 festhält
1885 383 54 26 und
1952 392 46 17 wo
2009 391 24 16 es
2044 381 100 26 Priester
2154 376 50 28 wie
2215 368 77 32 Brand
2303 375 29 17 un

1502 426 85 24 Pastor
1601 426 65 33 Sang
1680 423 76 36 giebt,
1771 423 102 36 doppelt
1888 423 56 25 hart
1957 421 101 27 werden
2073 417 75 28 mufs.

1562 464 180 34 Geijerstam
1755 463 29 25 ist
1795 461 102 27 niemals
1909 461 46 26 roh
1967 461 60 25 oder
2038 458 91 30 brutal,
2140 451 105 32 obwohl
2256 458 24 17 er
2290 453 42 19 aue

1503 511 58 26 gern
1576 503 26 24 in
1618 501 39 26 die
1672 501 137 26 niedersten
1821 500 133 27 Schichten
1965 500 42 26 der
2017 497 174 34 Bevölkerung
2201 488 149 31 hinabsteigt.

1503 542 55 24 Sein
1569 540 93 31 Werk,
1678 541 64 25 auch
1757 540 91 26 soweit
1862 550 23 15 es
1900 539 58 26 dem
1972 538 186 27 Naturalismus
2172 530 125 38 angehört,
2328 531 11 15 e-

1503 580 55 25 sitzt
1565 579 40 26 die
1613 580 74 25 herbe
1695 579 153 26 Keuschheit
1856 578 42 26 der
1906 578 149 26 nordischen
2064 569 205 33 Marmorwerke,
2277 565 73 26 denen

1503 618 40 25 die
1557 618 150 36 Sinnenglut
1721 618 42 25 des
1777 618 95 25 Südens
1886 616 81 27 fremd
1983 617 37 26 ist.
2047 618 51 24 Das
2112 612 120 28 sinnliche
2246 605 105 28 Element

1504 657 53 25 tritt
1571 657 39 25 bei
1624 657 48 25 den
1683 657 140 25 Schweden
1837 658 35 24 im
1879 659 137 29 Gegensatz
2030 665 30 16 zu
2071 654 79 27 vielen
2161 647 191 31 Erscheinungen

2029 682 77 21 ■
2183 690 10 13 j
2287 682 11 21 A
2309 682 10 21 •
2330 685 21 18 es

1504 695 130 26 moderner
1648 696 135 25 Litteratur
1796 696 70 25 nicht
1881 695 132 26 besonders
2028 695 26 25 in
2068 694 47 25 den
2127 693 186 31 Vordergrund,

1503 735 31 24 ist
1548 744 48 16 nur
1610 734 31 26 da
1655 744 30 15 zu
1699 734 96 31 finden,
1818 744 44 16 wo
1881 744 23 15 es
1918 734 40 25 ein
1972 743 41 16 zur
2027 732 194 32 Entwickelung
2236 726 40 27 der
2290 726 47 21 Cha-

1503 773 96 26 raktere
1613 773 175 36 notwendiges
1800 773 111 26 Element
1926 773 85 25 bildet.
2031 772 82 26 Ueber
2127 770 32 27 all
2180 769 56 25 dem
2248 763 105 28 Schauen

1503 814 52 24 und
1571 813 128 26 Gestalten
1720 812 42 25 der
1777 813 158 25 Menschheit
1950 813 50 24 wie
2014 813 33 24 sie
2061 811 43 30 ist,
2124 809 102 36 beginnt
2240 805 96 30 Geijer-

1503 859 75 20 stam
1590 852 119 37 plötzlich
1721 852 33 25 sie
1766 852 69 25 nicht
1846 852 71 25 mehr
1924 861 31 16 zu
1963 849 135 37 begreifen.
2114 850 46 25 Die
2168 843 171 30 Erscheinungs-

1503 892 62 27 welt
1580 896 94 32 genügt
1688 892 54 25 ihm
1757 891 83 25 nicht:
1855 900 25 16 er
1894 890 56 26 will
1964 891 63 25 nach
2043 890 56 25 dem
2113 890 95 24 Wesen
2223 884 40 25 der
2277 882 76 28 Dinge

1503 931 124 27 forschen.

1563 973 43 32 „Je
1627 970 70 27 mehr
1714 970 51 27 wir
1784 969 76 26 sehen
1880 968 54 26 und
1951 970 22 32 je
1992 968 70 25 mehr
2078 967 50 25 wir
2147 975 58 16 vom
2225 960 112 28 Mensche

1504 1010 52 26 und
1580 1020 61 16 vom
1665 1008 211 27 Menschenleben
1900 1007 126 27 verstehen
2050 1006 98 29 lernen,
2172 1013 45 17 um
2238 1009 27 17 so
2286 998 56 24 feste

1504 1053 98 22 müssen
1617 1050 48 25 wir
1680 1058 89 16 unsern
1784 1047 70 26 Blick
1875 1047 48 26 auf
1934 1047 41 25 das
1990 1044 156 27 Rätselhafte
2160 1045 36 24 im
2210 1035 128 32 Menschen-

1503 1089 72 25 leben
1595 1088 108 30 richten,
1719 1086 52 27 und
1785 1085 49 28 auf
1845 1096 100 16 unserer
1958 1085 169 34 Wanderung
2141 1082 78 26 durch
2234 1079 38 26 die
2286 1076 33 10 ™
2322 1080 13 16 e

1503 1128 103 26 werden
1621 1128 49 25 wir
1691 1127 66 25 dann
1779 1126 39 25 nie
1839 1135 140 26 vergessen,
2001 1123 54 26 dafs
2076 1123 41 25 das
2139 1117 150 31 Rätselhafte
2306 1119 31 18 un

1503 1166 192 26 Unerklärliche
1714 1174 90 17 unsern
1823 1163 71 27 Blick
1915 1162 147 27 beschränkt
2082 1162 51 25 und
2151 1169 73 18 unser
2237 1151 117 33 Geschick

1504 1206 104 25 isoliert.
1727 1205 44 24 Ich
1788 1203 64 27 habe
1870 1203 69 26 mich
1958 1203 88 26 immer
2064 1212 30 15 zu
2109 1201 102 25 solchen
2226 1190 128 33 Menschen

1504 1245 157 35 hingezogen
1681 1242 113 37 gefühlt,
1814 1242 74 26 deren
1902 1241 81 26 Leben
2003 1240 141 27 ausserhalb
2160 1240 41 25 der
2215 1236 88 37 Sphäre
2318 1231 37 22 der

1505 1283 142 35 Erfahrung
1672 1283 101 25 anderer
1797 1282 137 25 Menschen
1955 1290 30 16 zu
2003 1280 86 26 stehen
2108 1278 107 29 scheint,
2241 1271 57 30 weil
2317 1276 20 18 ic

1505 1323 104 26 meinte:
1634 1332 77 16 wenn
1731 1322 40 25 ich
1792 1322 39 24 ihr
1852 1319 124 28 Geschick
1996 1319 70 30 sehe,
2088 1318 67 26 dann
2174 1316 68 27 stehe
2261 1312 47 37 ichl
2319 1312 36 21 am

1505 1361 88 27 Rande
1608 1361 43 26 der
1662 1360 179 36 Möglichkeit,
1856 1360 83 26 hinter
1952 1359 43 25 der
2009 1358 52 25 sich
2076 1358 40 25 die
2127 1359 120 24 Antwort
2261 1347 46 31 auf
2317 1347 38 25 das

1505 1400 168 37 Sphinxrätsel
1687 1400 116 35 verbirgt,
1819 1399 85 25 dessen
1915 1400 102 33 Lösung
2031 1398 50 25 wir
2095 1397 46 25 mit
2155 1402 114 20 unserem
2279 1389 77 27 Leben

1684 1441 33 24 So
1738 1445 54 29 sagt
1813 1439 179 34 Geijerstam
2009 1437 26 24 in
2055 1437 93 24 seinem
2169 1437 99 24 Roman
2288 1428 28 31 >J
2318 1430 39 20 v3t

1617 1479 57 25 Und
1683 1488 54 16 nun
1746 1477 101 26 entrollt
1856 1487 24 16 er
1889 1477 25 25 in
1922 1475 164 37 ergreifender
2090 1475 87 25 Weise
2186 1473 40 26 das
2236 1466 112 31 Schicksa

1506 1519 66 25 eines
1593 1519 125 24 einsamen
1740 1518 114 28 Mannes,
1878 1516 65 26 eines
1964 1525 52 17 von
2036 1512 153 28 lasterhafter
2204 1513 94 25 Mutter
2318 1510 26 29 ge-

1505 1557 110 26 borenen
1629 1556 135 29 Arbeiters,
1784 1555 42 26 der
1840 1565 29 16 zu
1884 1555 80 25 einem
1978 1555 67 33 ewig
2059 1552 153 36 grübelnden
2226 1547 132 30 Menschen

1505 1596 184 30 heranwächst,
1703 1595 52 26 sich
1767 1595 40 26 nie
1814 1596 121 25 Antwort
1945 1592 48 27 auf
2000 1593 39 25 die
2051 1591 138 37 quälenden
2197 1592 90 32 Fragen
2298 1583 60 27 nach

1507 1635 57 26 dem
1569 1637 110 23 Warum
1693 1634 76 25 seines
1778 1634 103 25 Daseins
1895 1643 29 16 zu
1939 1632 77 36 geben
2027 1641 111 25 vermag,
2152 1631 45 25 hin
2207 1627 52 27 und
2267 1623 90 29 wieder

1506 1674 102 26 blinden
1623 1673 139 26 Instinkten
1775 1672 52 26 und
1842 1672 163 26 elementaren
2021 1662 337 34 Leidenschaftsausbrüchen

1506 1713 142 35 gehorchen
1657 1711 65 27 mufs
1731 1711 52 26 und
1790 1710 153 27 schliefslich
1954 1711 83 25 seinen
2046 1709 191 35 Lieblingssohn
2244 1703 113 28 ertrankt,

1506 1753 26 24 in
1547 1752 57 26 dem
1619 1752 111 25 dunklen
1745 1750 177 30 Bewufstsein,
1941 1750 46 25 ihn
2000 1759 46 16 vor
2064 1748 56 26 dem
2134 1748 82 26 Leben
2231 1754 29 18 zu
2275 1747 82 22 retten.

1565 1792 77 33 „Jetzt
1657 1790 104 26 komme
1776 1790 39 25 ich
1830 1799 29 16 zu
1874 1790 91 29 Ihnen,
1983 1790 64 24 Herr
2061 1790 93 27 Pastor,
2169 1786 34 26 als
2218 1781 102 30 Mensch
2334 1784 24 18 m

1506 1831 118 25 höchster
1740 1828 66 36 fragt
1820 1839 25 15 er
1859 1829 48 24 den
1922 1828 165 30 Geistlichen,
2106 1826 42 26 der
2162 1826 43 25 ihn
2221 1825 33 25 im
2270 1818 88 29 Kerker

1506 1869 110 26 besucht.
1641 1871 127 28 „Können
1783 1869 39 24 Sie
1836 1868 48 25 mir
1898 1877 82 25 sagen,
1995 1876 54 16 was
2061 1865 58 26 kein
2132 1865 111 26 Anderer
2257 1860 46 27 mir
2317 1858 41 25 hat

1506 1919 74 25 sagen
1595 1908 117 26 können?
1739 1909 107 24 Können
1862 1908 38 24 Sie
1921 1908 47 24 mir
1983 1906 46 25 den
2044 1908 69 33 Weg
2127 1905 96 35 zeigen,
2243 1910 44 18 um
2300 1898 44 25 Ver-

1505 1949 118 33 söhnung
1636 1957 29 16 zu
1681 1947 97 26 finden?
1799 1946 68 26 Oder
1881 1945 102 26 können
2000 1945 38 25 Sie
2052 1945 47 24 mir
2113 1944 151 34 wenigstens
2277 1943 80 29 sagen,

1505 1986 113 27 weshalb
1637 1986 41 26 ich
1697 1986 41 26 die
1751 1985 136 26 Todsünde
1905 1985 128 35 begangen
2053 1983 63 26 habe
2135 1983 50 25 und
2201 1982 47 25 mit
2262 1981 94 24 meinen

1505 2026 88 36 eignen
1613 2024 106 27 Händen
1741 2025 42 25 das
1801 2024 83 26 Leben
1903 2024 93 25 meines
2014 2022 92 27 Kindes
2128 2020 122 27 erstickte.
2281 2018 75 32 Sagen

1505 2065 38 25 Sie
1558 2065 48 25 mir
1619 2065 41 25 die

1564 2104 181 35 Geijerstam
1768 2101 110 27 schliefst
1898 2101 46 26 mit
1959 2101 46 26 den
2019 2102 124 25 Worten:
2158 2101 63 24 Was
2237 2098 66 25 hätte
2317 2091 40 27 der

1504 2145 86 23 Pastor
1603 2142 73 26 wohl
1698 2148 143 20 antworten
1862 2140 94 27 sollen?
1985 2140 51 26 Ich
2049 2139 89 26 weifs
2159 2148 26 16 es
2206 2137 90 26 nicht.
2327 2131 30 25 Er

1504 2181 60 27 läfst
1587 2182 39 25 die
1651 2184 73 33 Frage
1749 2179 81 32 offen,
1856 2180 42 26 das
1920 2180 80 35 ewige
2015 2178 166 37 Sphinxrätsel
2199 2177 41 25 des
2254 2173 101 28 Lebens:

1504 2223 109 24 Warum
1628 2221 48 25 bist
1691 2220 33 25 du
1736 2221 26 24 in
1773 2219 39 26 die
1820 2219 73 26 Welt
1903 2219 213 35 hineingestossen
2127 2217 114 29 worden,
2256 2223 44 16 um
2312 2215 45 21 nur

1504 2269 30 17 zu
1548 2260 93 25 leiden?
1662 2261 57 24 Nur
1734 2259 42 25 der
1790 2261 71 22 Form
1875 2258 64 25 nach
1955 2256 66 27 blieb
2035 2267 25 16 er
2070 2256 152 33 Naturalist;
2237 2258 67 22 sonst
2317 2257 28 27 ge-

1504 2300 60 25 hört
1578 2309 25 15 er
1617 2309 29 15 zu
1661 2299 47 25 den
1723 2298 272 35 Uebergangsnaturen,
2011 2297 39 25 die
2064 2296 26 25 in
2105 2294 177 27 unendlichem
2297 2291 45 25 Mit-

1505 2338 50 26 leid
1574 2348 45 16 vor
1637 2338 59 25 dem
1708 2338 60 25 Leid
1784 2338 42 24 der
1840 2336 72 26 Welt
1926 2335 105 26 erbeben
2044 2334 53 27 und
2118 2333 136 38 grübelnd,
2276 2328 71 28 selbst-

1505 2377 147 36 quälerisch,
1671 2375 135 28 zweifelnd
1825 2375 50 26 und
1895 2373 177 29 verzweifelnd
2091 2374 65 25 nach
2175 2373 57 26 dem
2245 2371 59 26 Sinn
2318 2367 40 24 des

1505 2416 92 26 Lebens
1619 2415 124 27 forschen.
1771 2417 31 24 Er
1823 2414 76 26 findet
1919 2414 79 30 nicht,
2019 2414 51 26 wie
2083 2411 144 27 Edouard
2246 2407 66 30 Rod
2333 2412 25 18 in

1504 2456 94 25 seinem
1619 2458 77 28 „Sens
1718 2455 30 25 de
1768 2455 24 25 la
1884 2453 40 26 die
1938 2455 131 24 Antwort:
2091 2455 49 22 Das
2154 2450 81 27 Leben
2255 2450 43 25 hat
2314 2450 44 21 nur

1505 2495 71 26 einen
1587 2495 60 26 Sinn
1662 2493 41 27 für
1718 2493 48 31 die,
1781 2493 98 26 welche
1890 2493 81 25 lieben
1983 2491 51 26 und
2045 2490 118 36 glauben,
2177 2489 105 27 sondern
2293 2483 65 38 giebt

1504 2534 26 25 in
1546 2534 91 25 seinem
1652 2540 116 19 neuesten
1784 2534 113 24 Roman:
1913 2534 70 28 „Das
2232 2526 126 38 (Medusas

1504 2572 121 36 Hufvud)
1646 2573 55 25 eine
1719 2571 185 27 erschütternde
1917 2570 126 35 Tragödie
2062 2569 180 26 menschlicher
2254 2562 90 31 Unvoll-

1506 2612 179 26 kommenheit.
1701 2612 61 25 Hier
1770 2611 84 26 stehen
1863 2610 64 26 zwei
1934 2609 182 35 hochbegabte,
2126 2608 123 26 durchaus
2257 2603 102 28 modern

1504 2650 121 27 fühlende
1643 2651 152 29 Menschen,
1814 2650 40 25 ein
1873 2648 99 27 Idealist
1994 2648 51 26 und
2063 2648 40 26 ein
2120 2647 109 30 Streber,
2249 2645 43 25 der
2309 2638 50 29 sich

1504 2689 74 27 selbst
1592 2690 110 35 betrügt,
1717 2699 45 16 vor
1773 2689 57 25 dem
1838 2688 204 36 Medusenhaupt
2056 2687 42 26 des
2110 2686 91 26 Lebens
2213 2684 51 27 und
2275 2680 84 29 sinken

1545 2883 0 0 126
