5181 7315
689 6805 137 66 140

687 483 210 75 Nach
951 487 288 69 seinem
1290 478 311 75 Referat
1655 475 163 75 also
1874 472 325 76 meldete
2250 469 161 75 sich
2465 489 170 52 zum

687 600 269 75 Worte
1017 599 206 72 Hans
1286 594 386 84 Döskopp,
1735 612 152 53 von
1948 582 686 86 Beifallstrampeln

687 717 342 85 begrüßt,
1096 715 195 73 denn
1356 734 81 54 er
1500 714 208 71 hatte
1772 705 234 77 schon
2072 709 164 69 eine
2299 704 335 81 gewisse

685 832 520 77 Berühmtheit
1259 827 291 83 erlangt
1604 831 100 67 im
1759 820 540 87 „saudummen
2351 817 237 80 Frage-

1132 944 125 76 Sie
1315 949 308 68 müssen
1681 939 159 73 sich
1892 934 437 86 vorstellen,
2389 934 245 69 meine

685 1069 296 70 werten
1019 1063 264 81 Hörer,
1322 1058 140 74 daß
1500 1056 462 73 mindestens
2002 1051 283 74 ebenso
2324 1044 311 83 wichtig

687 1188 147 71 wie
888 1183 117 73 die
1056 1179 223 82 kluge
1327 1176 371 78 Antwort,
1750 1168 163 76 also
1963 1168 138 74 das
2146 1164 317 87 Niveau,
2509 1161 123 73 die

687 1296 440 76 saudumme
1174 1293 244 81 Frage
1462 1310 187 64 war,
1696 1306 223 55 wenn
1965 1286 161 73 sich
2168 1281 134 73 der
2348 1279 284 82 Frager

683 1417 193 71 auch
917 1410 224 74 dabei
1188 1406 415 73 blamierte.

685 1552 286 80 Womit
1002 1552 257 74 wollte
1290 1571 174 52 man
1496 1555 213 70 sonst
1735 1545 296 75 Niveau
2058 1535 366 78 messen?
2505 1532 126 76 Sie

687 1694 164 51 war
905 1693 87 50 so
1042 1665 435 83 notwendig
1532 1665 147 72 wie
1730 1662 135 73 der
1921 1657 376 74 bekannte
2350 1650 282 76 Platin-

687 1782 464 78 Meterstock
1201 1787 73 68 in
1327 1782 215 71 Paris
1594 1777 424 73 seinerzeit.
2116 1767 213 75 Auch
2383 1767 249 73 dieser

683 1897 473 78 Platinstock
1196 1901 132 68 mit
1366 1889 975 80 Zentimeter-Gravierung
2380 1887 95 71 ist
2514 1884 118 71 ein

685 2016 403 74 kostbares
1169 2007 371 78 Denkmal
1623 2013 212 77 jenes
1914 1994 717 90 Bildungsfimmels.

685 2133 256 76 Durch
992 2128 452 88 Jahrzehnte
1493 2126 220 80 lange
1762 2121 506 78 Aufmessung
2319 2131 312 56 unserer

687 2246 218 85 Erde,
971 2245 149 72 und
1190 2246 216 68 unter
1500 2234 472 87 unglaublich
2063 2228 568 86 komplizierten

685 2361 599 82 Berechnungen
1334 2358 204 73 hatte
1591 2377 171 50 man
1816 2353 119 73 ihn
1987 2344 462 87 hergestellt,
2499 2363 88 53 an-

688 2480 183 71 statt
978 2471 293 78 einfach
1374 2468 192 75 nach
1671 2461 734 78 Uebereinkommen
2512 2460 119 74 ein

687 2590 504 83 x-beliebiges
1227 2587 168 72 Maß
1435 2592 70 67 in
1540 2583 246 75 Platin
1821 2602 92 54 zu
1947 2580 337 76 kratzen.

685 2734 195 71 Herr
936 2727 586 85 Meeresspiegel
1577 2724 210 71 Hans
1847 2719 360 83 Döskopp
2265 2714 364 83 begehrte

685 2847 164 73 also
893 2868 181 50 vom
1117 2844 457 73 Referenten
1623 2859 92 51 zu
1760 2841 307 74 wissen,
2112 2854 170 53 was
2328 2827 303 86 „aktive

1359 2963 130 71 sei.
1581 2952 371 75 Wörtlich
1992 2954 217 80 sagte
2253 2968 119 52 er:
2422 2942 207 90 „Alle

680 3076 232 73 Leute
968 3074 300 75 wüßten
1322 3093 83 51 es
1459 3069 218 73 heute
1735 3066 183 73 oder
1970 3062 246 85 gäben
2270 3057 161 77 sich
2485 3056 144 72 den

683 3193 380 71 Anschein
1151 3210 91 51 zu
1327 3191 306 75 wissen,
1721 3183 183 74 aber
1987 3179 142 75 alle
2212 3174 417 76 Auskünfte

683 3306 347 73 hierüber
1078 3306 377 80 genügten
1505 3299 147 75 ihm
1698 3296 223 73 nicht.
2014 3293 170 73 Man
2228 3293 206 71 hätte
2483 3288 148 72 ihm

685 3445 64 49 z.
782 3421 86 73 B.
903 3425 288 79 gesagt,
1225 3423 117 68 ein
1374 3415 210 76 Land
1618 3420 278 76 müsse,
1928 3432 124 50 um
2082 3430 91 51 zu
2204 3411 205 70 einer
2441 3403 152 74 akti-

685 3560 147 53 ven
888 3533 583 78 Handelsbilanz
1525 3553 93 53 zu
1669 3530 372 79 kommen,
2096 3523 210 75 mehr
2383 3542 187 52 ver-

687 3655 110 73 als
858 3652 420 83 einkaufen,
1340 3653 214 70 sonst
1611 3648 288 82 geriete
1958 3665 82 51 es
2101 3647 69 66 in
2228 3635 401 81 Schulden,

683 3792 166 53 was
902 3789 174 52 man
1129 3767 193 71 dann
1373 3767 308 81 passive
1728 3757 586 76 Handelsbilanz
2363 3772 264 52 nenne.

685 3885 98 72 Er
819 3884 195 83 gäbe
1056 3902 112 63 zu,
1207 3879 140 74 daß
1388 3884 159 67 sein
1582 3875 217 85 Volk,
1836 3877 134 71 das
2008 3870 193 75 Volk
2234 3870 134 71 der
2404 3865 180 75 Dich-

683 4006 115 67 ter
853 3997 147 73 und
1052 3995 327 85 Denker,
1435 3997 117 70 ein
1604 3987 710 85 außergewöhnlich
2365 3984 264 81 kluges

678 4112 197 73 Volk
924 4116 106 67 sei
1076 4111 153 72 und
1278 4107 127 73 auf
1452 4107 252 71 aktive
1752 4100 587 77 Handelsbilanz
2385 4095 242 82 achte,

680 4227 179 72 aber
905 4229 100 68 im
1049 4222 235 75 Laufe
1332 4221 132 72 der
1510 4219 227 74 Jahre
1781 4216 308 74 würden
2135 4214 118 71 die
2297 4209 332 76 anderen

678 4341 281 73 Völker
1005 4338 196 72 doch
1246 4336 272 73 einmal
1564 4336 278 71 ebenso
1884 4331 181 83 klug
2107 4327 326 83 werden,
2475 4322 154 75 und

683 4456 202 73 dann
917 4451 257 76 würde
1210 4473 63 51 z.
1308 4451 88 71 B.
1433 4449 141 71 das
1608 4451 161 69 eine
1806 4466 234 61 sagen
2075 4442 183 85 „Nu,
2294 4437 337 77 wollen's

683 4592 82 52 se
797 4569 277 87 kaufen
1107 4566 281 73 schöne
1420 4561 466 76 Baumwolle
1919 4559 192 71 für'n
2143 4553 313 76 Dollar?
2490 4553 139 83 Nu,

687 4686 191 73 wird
944 4705 237 64 sagen
1246 4683 135 73 das
1452 4680 303 81 andere,
1821 4673 239 76 werd'
2148 4673 119 73 ich
2355 4669 274 73 kaufen

682 4798 470 76 Baumwolle
1201 4800 116 69 für
1367 4800 215 69 einen
1630 4791 279 87 Dollar,
1957 4810 223 52 wenn
2228 4808 84 53 se
2355 4785 276 74 kaufen

685 4918 279 73 schöne
1032 4913 464 82 Maßanzüge
1564 4912 113 71 für
1743 4912 195 67 zwei
2001 4903 291 75 Dollar!
2412 4898 219 76 Wird

685 5054 259 64 sagen,
997 5030 137 75 das
1186 5032 239 74 erste:
1477 5025 139 83 Nu,
1664 5025 215 71 werd
1930 5023 116 73 ich
2097 5018 275 75 kaufen
2422 5015 156 73 Maß-

677 5152 287 78 anzüge
997 5147 115 71 für
1142 5145 197 73 zwei
1369 5138 280 85 Dollar,
1676 5157 225 56 wenn
1930 5157 83 54 se
2046 5135 275 73 kaufen
2350 5132 225 74 Baum-

683 5259 224 76 wolle
949 5260 117 71 für
1110 5260 164 70 vier

687 5394 228 76 Diese
983 5394 244 81 Frage
1296 5391 209 71 Hans
1576 5387 401 82 Döskopps
2070 5381 247 74 stellte
2414 5384 215 69 einen

685 5506 891 78 Dämlichkeits-Rekord
1633 5503 168 74 dar!
1913 5501 115 73 An
2087 5503 286 72 diesem
2426 5496 153 74 Mee-

685 5623 820 86 resspiegel-Horizont
1564 5641 162 51 war
1789 5616 342 76 wirklich
2189 5614 171 73 kein
2416 5611 171 74 Hoff-

683 5740 422 84 nungsland
1161 5760 93 51 zu
1313 5735 442 74 entdecken.
1860 5729 173 77 Wie
2089 5726 540 88 gletscherhaft

683 5856 195 73 hoch
939 5855 254 71 mußte
1261 5851 161 75 sich
1510 5848 193 74 nach
1794 5846 296 75 solcher
2157 5846 242 80 Frage
2492 5843 135 71 das

683 5972 293 74 Niveau
1044 5970 134 73 des
1246 5968 458 73 Referenten
1774 5966 286 80 zeigen,
2129 5963 195 71 denn
2395 5960 232 71 schon

682 6085 296 73 damals
1061 6104 254 52 waren
1405 6082 117 71 die
1610 6078 426 73 dümmsten
2123 6077 294 81 Fragen
2505 6093 124 51 am

683 6200 474 71 schwersten
1205 6220 91 51 zu
1340 6197 551 73 beantworten.

688 6337 170 82 „Ich
910 6336 170 71 muß
1141 6356 132 49 zur
1327 6332 217 73 Bibel
2014 6332 215 78 sagte
2284 6324 343 74 lächelnd

685 6451 132 73 der
861 6451 381 81 Referent,
1295 6469 167 66 „um
1510 6451 194 69 mich
1757 6446 223 71 Ihnen
2030 6446 186 71 auch
2265 6464 135 49 nur
2449 6444 143 69 eini-

685 6564 406 81 germaßen
1127 6561 513 76 verständlich
1677 6583 90 49 zu

2873 466 157 78 Das
3076 492 166 51 war
3289 470 143 74 den
3472 467 889 76 National-Oekonomen
4409 466 416 85 damaliger

2873 583 164 73 Zeit
3071 583 420 85 überhaupt
3525 583 323 88 schwer,
3885 582 176 74 weil
4095 582 158 76 ihre
4288 582 535 84 Darlegungen

2873 704 320 69 zumeist
3279 721 136 54 aus
3477 699 515 84 Gleichungen
4075 704 135 72 mit
4268 697 550 74 Unbekannten

2871 815 445 85 bestanden,
3376 819 352 69 mitunter
3789 815 174 75 sehr
4017 814 290 84 großen
4363 812 408 74 Unbekann-

2869 932 148 81 ten,
3110 927 174 85 und,
3355 932 198 70 trotz
3643 927 137 73 des
3872 927 452 85 gewaltigen
4414 925 363 83 Bildungs-

2868 1047 315 70 niveaus
3240 1044 319 85 damals,
3614 1064 160 53 war
3829 1042 503 75 Mathematik
4390 1041 237 74 schon
4683 1061 140 52 vor

2866 1157 323 75 tausend
3227 1157 282 75 Jahren
3547 1157 472 75 schrecklich
4055 1156 396 74 unbeliebt.

2873 1276 211 86 Kain,
3132 1274 166 73 fuhr
3347 1274 132 76 der
3525 1274 301 75 Redner
3870 1276 171 83 fort,
4085 1295 164 52 war
4288 1274 77 82 ja
4409 1271 194 74 nach
4642 1271 180 74 dem

2876 1388 432 76 bekannten
3374 1388 259 76 Morde
3704 1411 97 51 an
3870 1393 290 69 seinem
4227 1393 229 78 guten
4524 1386 298 73 Bruder

2868 1501 194 78 Abel
3140 1503 264 76 auch
3486 1506 132 73 der
3674 1508 289 80 einzige
4016 1503 259 76 aktive
4329 1499 310 77 Mensch
4695 1499 130 73 auf

2871 1620 247 73 Erden
3172 1620 155 73 und
3384 1623 176 80 ging
3643 1618 264 75 doch
3989 1618 265 75 auch
4336 1638 93 51 zu
4485 1616 335 75 anderen

2871 1731 430 77 Menschen.
3420 1733 179 73 Hier
3669 1733 489 75 verzeichnet
4226 1731 135 75 das
4427 1728 393 78 Protokoll

2869 1855 166 70 eine
3076 1850 427 75 brausende
3540 1850 933 83 Beifallsdemonstration,
4514 1848 118 75 die
4674 1848 146 73 den

2864 1955 305 90 Riedner
3215 1963 520 73 buchstäblich
3779 1985 125 53 am
3948 1962 664 86 Weitersprechen
4658 1962 122 71 hin-

2868 2079 238 74 derte.
3215 2080 96 71 Er
3372 2080 209 73 hatte
3642 2079 343 74 wirklich
4492 2080 326 82 gezeigt,

2869 2195 149 73 und
3062 2216 275 64 errang
3377 2199 195 71 denn
3614 2194 190 74 auch
3846 2199 70 68 in
3956 2199 249 69 seiner
4244 2194 293 74 Person
4578 2192 240 73 sofort

2873 2309 142 74 den
3052 2309 837 90 Finanzministergrad,
3928 2311 191 74 ohne
4158 2319 156 68 erst
4344 2309 122 73 die
4500 2307 273 73 Schutz-

2866 2424 207 73 hütte
3117 2424 137 73 des
3296 2422 581 85 Abgeordneten
3923 2446 93 51 zu
4055 2424 393 73 benutzen.
4514 2422 103 73 Es
4658 2443 160 52 war

2869 2543 183 71 aber
3098 2543 193 72 auch
3332 2541 137 73 der
3513 2539 394 75 berühmte
3948 2537 870 85 Währungs-Ingenieur

2868 2654 352 85 Schacht,
3254 2654 171 75 dem
3455 2656 119 75 die
3604 2654 628 83 billionenmalige
4265 2653 313 84 Teilung
4612 2658 205 69 einer

2868 2769 416 75 Goldmark
3350 2771 148 73 und
3567 2769 117 75 die
3746 2768 498 83 Umformung
4312 2769 134 72 der
4510 2766 307 75 Billion-

2869 2885 452 74 Goldatome
3369 2907 95 50 zu
3511 2890 242 69 einem
3796 2885 467 84 Papierblatt
4309 2905 152 51 von
4507 2883 90 74 69
4647 2903 171 63 qcm

2871 3000 252 78 Größe
3189 3000 373 84 gelungen
3628 3023 188 61 war,
3880 3001 117 73 die
4063 3020 173 53 man
4300 2998 518 75 Rentenmark

2868 3122 330 78 genannt
3259 3117 149 83 hat,
3472 3117 175 72 weil
3709 3120 109 71 sie
3880 3117 209 72 ihren
4150 3115 394 74 Erfindern
4603 3135 161 53 nam-

2866 3232 203 73 hafte
3123 3232 298 73 Renten
3472 3230 364 85 gebracht
3887 3232 230 73 hatte.
4221 3228 228 77 Diese
4505 3228 313 85 Papier-

2868 3345 516 75 Rentenmark
3437 3345 321 75 verhielt
3809 3345 161 73 sich
4023 3345 121 73 bei
4195 3344 132 74 der
4381 3344 434 84 Goldprobe

2868 3464 147 71 wie
3064 3460 259 73 echtes
3371 3459 464 74 Edelmetall.

2866 3576 271 74 Leider
3172 3581 97 69 ist
3301 3581 159 69 sein
3492 3576 419 74 Verfahren
3943 3581 134 69 mit
4109 3576 151 74 ihm
4292 3598 91 50 zu
4415 3576 350 72 Kremato-

2869 3696 188 66 rium
3098 3711 420 63 gegangen.
3606 3689 154 74 Nur
3799 3694 208 71 seine
4050 3689 538 74 ökonomische
4630 3687 141 75 Ant-

2869 3816 197 68 wort
3103 3811 97 68 ist
3233 3826 138 54 uns
3410 3811 71 68 in
3516 3806 288 73 diesem
3841 3806 430 73 Dokument
4304 3804 111 76 als
4449 3809 119 71 ein
4603 3804 170 73 kost-

2868 3919 227 75 bares
3134 3919 370 75 Denkmal
3542 3919 455 76 überliefert.

2866 4034 135 73 Als
3045 4034 370 75 Denkmal
3459 4041 205 68 einer
3704 4034 183 87 Zeit,
3933 4041 71 68 in
4048 4036 132 73 der
4224 4056 83 53 es
4348 4038 194 73 noch
4585 4033 184 74 wirk-

2864 4151 192 73 liche
3110 4153 406 83 geborene,
3567 4153 383 85 geradezu
3997 4151 818 82 erdhaft-urwüchsige

2869 4263 283 75 Idioten
3189 4265 171 84 gab.

2869 4378 241 78 Meine
3156 4380 291 74 Damen
3491 4382 147 72 und
3680 4380 329 74 Herren!
4107 4380 156 74 Der
4305 4380 327 88 Vortrag
4678 4380 137 74 des

2866 4495 242 74 Herrn
3154 4497 630 74 Oberstudienrat
3823 4497 403 74 Professor
4266 4495 293 74 Doktor
4598 4497 176 72 Vier-

2866 4615 195 68 stein
3098 4617 95 68 ist
3228 4610 347 75 beendet.
3660 4612 147 73 Auf
3836 4608 551 78 Wiederhören
4424 4632 123 53 am
4583 4610 184 75 näch-

2868 4729 167 69 sten
3074 4724 527 76 Sturmabend.
3635 4725 167 75 Wir
3841 4727 242 83 geben
4122 4727 224 73 Ihnen
4385 4730 147 71 wie
4568 4727 245 73 üblich

2869 4840 117 75 die
3037 4864 295 61 genaue
3369 4840 162 80 Zeit
3567 4864 130 51 an:
3740 4844 98 73 Es
3875 4864 166 51 war
4078 4844 138 73 das
4256 4842 181 85 Jahr
4481 4846 202 69 1925.

4248 4976 301 75 Walter
4599 4975 213 82 Krug

2860 5422 550 121 Seestück

2866 5624 337 85 Anfangs
3240 5648 165 51 war
3440 5628 134 71 der
3608 5624 357 83 Dampfer
3999 5645 93 51 zu
4122 5623 219 71 klein.
4397 5619 205 77 Aber
4636 5619 177 77 bald

2866 5741 235 73 schon
3157 5743 329 73 ersoffen
3545 5741 142 75 alle
3747 5738 514 76 Seekranken.
4368 5736 127 76 Sie
4551 5740 261 74 hatten

2868 5860 161 71 sich
3073 5856 186 73 über
3308 5858 154 73 ihre
3515 5856 482 82 Gerbmägen
4045 5875 174 61 weg
4266 5855 187 73 über
4502 5851 266 77 Steuer-

2864 5972 188 71 bord
3100 5970 494 85 geschwelgt.
3686 5968 154 75 Der
3887 5970 320 81 Kapitän
4255 5968 315 83 spuckte
4617 5968 196 73 nach

2863 6085 155 75 Lee
3052 6085 153 71 und
3239 6085 370 73 schnallte
3645 6083 144 75 den
3823 6085 257 71 Eimer
4109 6104 166 52 vor.
4334 6083 159 73 Ihm
4525 6085 285 73 konnte

2869 6222 83 51 es
2990 6200 162 75 also
3189 6202 246 85 gleich
3474 6204 183 71 sein.

2868 6324 98 73 Es
3029 6346 162 51 war
3254 6329 115 69 ein
3432 6325 504 82 sogenannter
3997 6320 815 87 Drei-Rad-Dampfer.

2864 6439 249 73 Wenn
3159 6461 173 52 man
3371 6439 122 73 die
3537 6437 448 75 Notbremse
4034 6437 258 75 scharf
4334 6459 266 70 anzog,
4644 6439 169 73 fuhr

2866 6574 81 51 er
2996 6554 241 71 sofort
3283 6557 406 68 seitwärts.
