3637 4435
1851 126 89 56 163

243 281 72 53 für
345 281 71 53 ein
445 279 263 69 Vergehen.
762 277 132 52 Doch
937 276 251 52 freundlich
1220 275 207 65 befragte
1466 289 63 32 sie
1568 272 255 51 Franzesco

243 369 117 49 nach
392 367 128 50 ihren
551 365 189 51 wahren
773 362 361 56 Verhältnissen,
1179 360 94 51 und
1304 357 178 50 Carlina
1516 356 169 50 konnte
1712 356 115 67 jetzt

243 453 125 49 nicht
397 450 174 58 umhin,
614 448 231 52 dieselben
887 446 286 68 anzugeben,
1220 461 51 31 so
1304 440 108 51 weit
1442 458 47 31 es
1521 440 160 68 nöthig
1714 459 111 41 war,

243 554 79 32 um
354 535 96 50 ihre
482 534 314 67 Verkleidung
826 552 55 30 zu
913 529 341 66 rechtfertigen.

372 619 330 51 Freundlicher
732 618 96 49 und
858 614 306 52 freundlicher
1196 610 204 51 lauschte
1422 611 255 50 Franzesco
1708 609 120 51 ihrer

245 703 235 51 einfachen
510 703 294 65 Erzählung;
847 700 94 48 sein
975 698 123 49 Blick
1143 695 151 50 weille
1325 695 79 48 mit
1436 695 161 48 immer
1628 693 173 67 steigen-

245 789 104 50 dem
368 788 344 67 Wohlgefallen
743 785 81 50 auf
849 784 82 50 der
956 780 325 70 jugendlichen
1304 780 178 51 Gestalt
1512 779 80 51 des
1624 778 203 52 schönen

243 873 214 58 Weibes,
504 872 164 49 dessen
704 867 362 68 jungfräuliches
1111 868 180 51 Wesen
1342 864 131 51 einen
1524 863 304 51 unendlichen

243 957 111 49 Reiz
384 957 73 48 für
487 954 75 48 ihn
595 953 172 49 besass.
823 953 64 48 Er
927 950 200 51 verhiess
1172 950 70 50 ihr
1281 949 155 50 seinen
1469 948 188 57 Schutz,
1704 947 123 49 seine

246 1039 384 65 Unterstützung,
661 1055 51 31 er
743 1037 146 67 drang
920 1036 172 59 darauf,
1121 1036 103 49 dass
1256 1033 69 51 ein
1358 1052 51 32 so
1441 1033 196 50 schönes
1663 1030 165 51 Talent

246 1123 126 51 nicht
401 1123 44 50 in
477 1123 81 51 der
577 1122 129 51 Stille
737 1122 323 51 verkümmern
1092 1121 128 58 solle,
1251 1136 50 33 er
1331 1117 247 70 versprach
1610 1117 131 49 dafür
1771 1135 56 31 zu

246 1225 185 49 sorgen,
480 1207 103 49 dass
614 1207 64 49 sie
708 1206 230 50 öffentlich
970 1206 227 49 auftreten
1229 1203 113 50 solle
1393 1202 95 49 und
1530 1199 184 51 entliess
1764 1199 62 51 sie

247 1292 178 51 endlich
457 1293 81 50 mit
569 1291 146 51 einem
745 1291 186 51 reichen
960 1287 392 70 Geldgeschenke.

370 1378 53 49 In
454 1394 186 50 grosser
670 1376 291 66 Aufregung,
994 1372 265 70 geängstigt
1303 1371 104 49 dass
1439 1371 68 48 ihr
1540 1371 285 49 Geheimniss

243 1462 244 51 vcrralhen
518 1461 77 60 sei,
626 1461 94 49 und
751 1461 174 48 erfreut
957 1460 114 49 über
1102 1458 70 50 die
1206 1456 154 51 reiche
1392 1455 190 59 Aernte,
1628 1456 70 49 die
1728 1456 99 49 ihre

243 1547 155 50 Kunst
444 1546 69 50 ihr
543 1552 238 60 getragen,
828 1545 103 49 eilte
962 1544 179 49 Carlina
1179 1541 120 51 heim
1339 1559 56 30 zu
1442 1540 145 49 ihrem
1619 1540 206 49 kranken

245 1630 258 60 Geliebten,
543 1629 95 50 und
668 1627 273 52 mancherlei
975 1627 194 52 Gefühle
1211 1626 123 50 einer
1365 1624 70 49 ihr
1466 1625 87 48 fast
1585 1624 212 49 unerklär-

243 1715 148 51 lichen
423 1714 270 67 Besorgniss
741 1712 94 51 und
877 1712 125 50 einer
1042 1711 150 51 dieser
1233 1707 430 52 widerstreitenden
1694 1707 106 51 Hoff-

242 1817 130 49 nung
402 1798 277 67 begleiteten
710 1796 63 51 sie
805 1798 81 48 auf
917 1796 146 50 ihrem
1094 1796 172 65 Wege.

369 1883 259 49 Franzesco
660 1880 136 50 nahm
829 1879 104 49 bald
966 1879 164 51 darauf
1158 1876 231 51 Abschied
1419 1893 89 33 von
1538 1876 182 50 Bianca.
1762 1876 66 50 Er

245 1984 99 33 war
376 1964 242 52 auffallend
649 1970 241 45 zerstreut.

370 2049 168 52 Bianca
569 2049 147 50 lachte
746 2048 96 49 laut
873 2048 82 49 auf
979 2046 43 50 in
1055 2046 213 50 bitterem
1299 2045 185 61 Hohne,
1531 2044 64 49 als
1638 2044 68 49 ihr
1738 2045 59 48 Ge-

243 2133 166 52 liebter
439 2133 64 51 sie
533 2134 231 50 verlassen
797 2133 139 49 hatte.
984 2132 75 48 Ihr
1091 2130 138 68 Auge
1262 2129 201 51 flammte
1494 2129 42 50 in
1569 2128 263 52 zürnender

247 2218 244 58 Wildheit,
537 2217 96 49 ihre
675 2217 117 49 feine
837 2215 162 50 weisse
1031 2214 137 51 Hand
1215 2232 95 32 war
1342 2213 277 67 krampfhaft
1656 2212 171 67 geballt

359 2302 127 49 hätte
518 2300 180 51 Carlina
739 2299 63 51 sie
847 2299 217 67 gesehen,
1116 2299 63 50 sie
1220 2297 160 50 würde
1422 2304 207 61 gewusst
1661 2295 164 61 haben,

245 2386 230 52 wesshalb
506 2386 93 49 sich
631 2383 302 69 Besorgnisse
966 2383 41 50 in
1038 2384 145 49 ihrem
1216 2383 155 48 Busen
1403 2389 179 59 regten.

373 2472 123 51 War
527 2485 47 35 es
607 2469 71 51 die
710 2469 152 51 Wuth
895 2469 81 50 der
1007 2467 321 68 beginnenden
1361 2466 274 58 Eifersucht,
1682 2466 70 49 die
1784 2466 43 49 in

245 2553 166 55 Bianca
443 2552 167 52 tobte?

1014 2634 51 51 3.

356 2723 100 49 Der
471 2722 143 50 Name
649 2722 242 50 Carlina
924 2720 262 50 Brocchi
1220 2718 161 52 wurde
1413 2718 85 51 seit
1529 2717 179 69 einigen
1739 2718 58 49 Ta-

246 2825 88 51 gen
365 2807 84 52 viel
490 2815 202 58 genannt
726 2806 42 49 in
802 2806 210 51 Florenz.
1066 2806 96 48 Das
1196 2805 206 49 Gerücht
1432 2803 126 50 hatte
1592 2802 88 51 den
1712 2802 85 50 Auf-

246 2894 100 49 tritt
389 2892 45 50 in
481 2891 81 50 der
594 2892 114 51 Villa
750 2891 81 50 der
862 2890 165 54 Bianca
1060 2887 187 70 Capetlo
1290 2888 161 53 weiter
1496 2887 204 50 bekannt
1747 2924 27 30 b
1779 2904 24 31 e
1808 2918 31 35 ~.

245 2975 170 61 macht,
448 2984 135 42 unter
614 2975 206 51 welchen
849 2974 371 69 Entstellungen,
1267 2972 165 51 halben
1464 2971 362 66 Andeutungen,

246 3079 56 32 an
336 3060 70 49 die
435 3059 94 50 sich
562 3059 384 66 Vermuthungen
977 3056 238 69 knüpften,
1254 3056 112 50 lasst
1411 3056 91 50 sich
1552 3054 134 50 leicht
1715 3055 83 49 den-

245 3145 103 51 ken.
379 3144 158 53 Nichts
567 3144 115 49 reizt
712 3144 71 52 die
806 3142 201 68 Neugier
1032 3142 121 50 eines
1181 3140 263 51 Puhlicums
1475 3139 144 58 mehr,
1649 3140 65 49 als
1747 3139 78 50 das

245 3228 244 69 plötzliche
504 3228 292 50 Auftauchen
829 3226 126 50 einer
984 3225 67 51 bis
1077 3226 134 50 dahin
1239 3225 324 50 unbekannten
1597 3224 113 49 oder
1741 3242 55 31 un-

246 3320 262 61 genannten
541 3310 373 59 Persönlichkeit,
946 3328 86 32 von
1065 3310 83 50 der
1177 3308 368 50 abenteuerliche
1567 3308 152 67 Dinge
1752 3325 47 32 er-

246 3398 122 49 zählt
410 3395 202 51 werden.
671 3395 63 50 Es
778 3394 154 51 finden
977 3394 93 49 sich
1117 3393 120 50 dann
1282 3393 162 49 immer
1475 3393 233 58 Einzelne,
1753 3391 72 50 die

246 3482 123 50 diese
400 3482 175 48 Person
605 3479 143 51 schon
787 3478 201 67 gesehen
1030 3476 148 51 haben
1220 3476 166 51 wollen
1431 3476 93 51 und
1552 3478 153 49 Neues
1737 3494 86 32 von

245 3565 70 51 ihr
342 3583 56 32 zu
430 3563 213 51 erzählen
674 3563 182 49 wissen.
917 3563 96 48 Das
1042 3560 176 51 Urtheil
1261 3560 81 51 der
1372 3562 169 66 Menge
1587 3559 238 51 schwankt

246 3650 77 50 hin
356 3648 93 52 und
481 3647 183 58 wieder,
712 3645 90 51 und
838 3645 47 66 je
927 3645 129 50 mehr
1088 3663 48 32 es
1179 3645 256 60 schwankt,
1482 3645 130 50 desto
1644 3644 179 66 eifriger

247 3734 116 51 wird
395 3733 188 58 erzählt,
614 3732 139 51 damit
784 3747 47 33 es
863 3730 70 50 ein
966 3730 137 50 festes
1134 3730 171 50 werde.

373 3819 63 50 So
481 3817 108 68 ging
630 3835 47 33 es
723 3816 81 50 mit
845 3814 177 50 Carlina
1054 3813 208 52 Brocchi.
1323 3816 95 49 Das
1451 3812 205 52 Gerücht
1696 3812 126 49 hatte

247 3902 131 51 einen
420 3918 178 51 ganzen
641 3903 178 48 Roman
863 3897 114 51 über
1030 3898 71 51 die
1145 3898 374 67 merkwürdigen
1549 3896 273 59 Schicksale,

247 3986 71 49 die
350 3986 62 49 sie
444 3986 141 51 schon
618 3984 147 56 erlebt
796 3982 148 52 haben
976 3983 146 59 sollte,
1167 3982 96 51 und
1304 3983 71 50 die
1407 3983 63 50 sie
1501 3981 175 52 endlich
1708 3981 115 49 nach

245 4068 197 51 Florenz
475 4068 295 69 verschlagen
796 4068 171 60 hätten,
1000 4066 480 67 zusammengebraut,
1511 4063 218 54 während
1761 4064 64 51 sie

246 4152 159 64 selbst,
435 4153 121 50 ohne
588 4153 204 69 Ahnung
821 4153 162 61 davon,
1014 4150 273 68 beschäftigt
1318 4169 98 33 war
1461 4151 129 51 ihren
1620 4148 206 52 kranken

1926 270 240 53 Geliebten
2199 289 55 32 zu
2289 268 196 70 pflegen,
2528 267 94 51 und
2663 268 81 50 mit
2775 271 238 67 Hoffnung
3058 271 81 50 auf
3178 270 102 51 eine
3324 267 188 52 bessere

1925 356 204 51 Zukunft
2159 355 95 51 und
2286 355 118 49 doch
2428 352 118 51 auch
2570 352 81 50 mit
2679 352 145 50 einem
2849 354 139 50 leisen
3011 356 189 66 Bangen
3224 355 84 51 der
3331 354 182 50 Stunde

1927 449 230 59 entgegen
2189 440 95 60 sah,
2316 458 76 31 wo
2425 439 64 50 sie
2519 437 233 51 öffentlich
2782 440 225 48 auftreten
3039 440 146 51 sollte.

2052 525 114 51 Eine
2197 524 268 52 Künstlerin
2498 526 42 47 in
2573 539 195 34 unserer
2794 521 113 59 Zeit,
2940 522 68 50 die
3040 524 41 49 in
3112 525 125 50 einer
3266 524 244 52 ähnlichen

1927 610 126 66 Lage
2085 609 85 49 wie
2202 609 178 49 Carlina
2411 613 141 54 wäre,
2601 606 161 51 würde
2808 606 57 50 im
2899 606 320 52 Concertsaale
3262 611 247 57 auftreten,

1927 691 163 52 würde
2120 693 72 49 die
2222 693 236 67 neugierig
2489 691 300 51 musternden
2809 691 155 50 Blicke
2997 690 171 67 einiger
3199 691 200 52 hundert
3425 694 84 48 mit

1926 779 291 65 Lorgnetten
2263 776 92 51 und
2400 778 249 66 sonstigen,
2696 776 296 51 Fernröhren
3044 775 239 51 ähnlichen
3328 779 152 48 Instru-

1927 869 188 42 menten
2146 860 305 51 bewaffneten
2482 863 167 65 Augen
2681 862 298 49 auszuhalten
3009 860 168 59 haben,
3209 862 72 48 ein
3302 860 205 70 Applaus

1927 947 163 50 würde
2142 945 64 50 sie
2250 944 272 69 empfangen
2566 945 94 50 und
2711 945 305 68 ermuthigen,
3068 947 128 57 kurz,
3267 945 110 50 alles
3427 945 80 51 das

1927 1030 162 51 würde
2113 1029 275 67 geschehen,
2421 1047 94 32 was
2547 1029 71 50 ein
2644 1037 82 59 gut
2752 1047 257 49 gezogenes
3034 1030 241 50 Publicum
3308 1029 72 51 bei
3413 1030 69 51 die-

1927 1135 80 31 sen
2040 1113 362 69 Gelegenheiten
2435 1133 56 31 zu
2523 1113 114 51 thun
2669 1113 156 69 pflegt.
2870 1116 95 48 Das
2998 1113 239 51 Publicum
3267 1133 73 32 am
3371 1116 135 50 Ende

1926 1201 80 49 des
2039 1198 332 52 sechszehnten
2400 1198 340 50 Jahrhunderts
2787 1215 95 31 war
2924 1198 119 50 noch
3074 1197 122 51 nicht
3228 1216 49 33 so
3310 1207 83 58 gut
3425 1217 53 50 ge-

1925 1302 162 51 zogen,
2113 1284 61 68 ja,
2207 1301 47 33 es
2287 1283 89 69 gab
2408 1283 241 67 eigentlich
2681 1282 43 49 in
2755 1300 218 34 unserem
2999 1282 139 49 Sinne
3171 1300 49 33 so
3253 1283 150 67 wenig
3434 1284 72 50 ein

1922 1370 258 58 Publicum,
2211 1368 64 50 als
2301 1368 240 50 Concerte.
2575 1367 304 50 Oeffentliche
2896 1366 153 51 Musik
3081 1366 171 49 konnte
3283 1383 105 34 man
3418 1385 89 32 nur

3472 1437 4 11 \

1922 1455 45 49 in
1999 1453 202 54 Kirchen
2230 1453 161 59 hören,
2437 1471 137 32 wenn
2616 1470 105 34 man
2763 1451 71 51 die
2865 1451 152 51 Musik
3054 1451 126 51 nicht
3219 1451 288 61 mitrechnet,

1922 1540 70 49 die
2024 1538 72 51 bei
2118 1537 356 52 Festlichkeiten
2505 1537 92 50 und
2628 1536 120 51 beim
2777 1537 166 59 Tanze,
2976 1536 72 51 bei
3073 1536 292 51 öffentlichen
3390 1536 87 51 Auf-

1922 1627 146 64 zügen
2099 1622 94 51 und
2223 1640 89 32 von
2344 1621 339 67 kriegerischen
2715 1621 221 67 Truppen
2968 1621 269 66 ausgeführt
3267 1621 179 51 wurde.

2049 1706 179 50 Carlina
2269 1705 192 51 konnte-
2485 1705 95 49 also
2622 1704 125 50 nicht
2790 1704 165 49 anders
2993 1704 232 50 öffentlich
3277 1704 230 52 auftreten

1922 1791 65 50 als
2028 1791 44 50 in
2117 1790 127 49 einer
2274 1789 314 61 Gesellschaft,
2631 1789 70 49 die
2745 1787 82 51 der
2871 1789 323 67 Grossherzog
3237 1808 56 30 zu
3337 1789 169 50 diesem

1922 1875 198 51 Zwecke
2152 1874 165 49 einlud.

2048 1958 165 52 Dieser
2255 1958 165 49 beeilte
2462 1956 108 59 sich,
2612 1956 179 51 Carlina
2834 1956 172 51 wieder
3045 1974 56 32 zu
3135 1956 145 50 hören

2282 2027 7 7 •
2992 2020 6 7 %
3142 2019 5 6 '
3250 2019 10 7 *

1922 2044 93 49 und
2048 2044 172 51 wieder
2250 2062 56 30 zu
2335 2043 154 49 sehen.
2528 2043 198 67 Wenige
2759 2043 126 66 Tage
2919 2041 224 51 nachdem
3176 2059 51 32 er
3258 2041 64 54 sie
3352 2050 155 43 zuerst

1922 2128 181 49 kennen
2148 2126 195 68 gelernt,
2388 2126 162 68 spielte
2582 2125 179 51 Carlina
2802 2125 73 50 bei
2921 2125 122 51 Hofe
3186 2125 86 50 wie
3304 2126 84 50 wir
3420 2144 85 33 uns

1921 2213 139 49 heute
2090 2212 290 50 ausdrücken
2420 2210 206 52 würden.

2006 2297 74 49 Sie
2096 2295 179 50 machte
2289 2295 41 50 in
2344 2294 131 66 jeder
2489 2294 268 66 Beziehung
2772 2293 131 49 einen
2917 2292 324 52 bedeutenden
3253 2294 251 51 Eindruck.

2049 2380 153 50 Schon
2236 2379 103 51 dass
2371 2379 64 50 sie
2465 2378 143 67 Geige
2650 2378 174 68 spielte,
2866 2386 184 59 erregte
3081 2379 270 66 allgemeine
3383 2380 91 50 Ver-

1924 2464 306 68 wunderung.
2275 2463 162 51 Dieses
2468 2464 286 49 Instrument
2799 2462 57 49 ist
2900 2462 146 49 selten
3086 2476 94 35 von
3210 2463 184 50 Frauen
3426 2463 53 50 be-

1922 2549 187 50 handelt
2157 2548 209 51 worden.
2428 2548 112 51 Wie
2573 2547 115 67 jetzt
2733 2547 78 49 das
2855 2547 190 58 Ciavier,
3098 2547 87 51 wie
3225 2566 83 34 vor
3340 2548 167 67 lünfzig

1922 2633 174 52 Jahren
2126 2633 94 50 und
2250 2633 159 66 länger
2441 2632 69 49 die
2541 2632 159 57 Harfe,
2731 2648 51 33 so
2814 2648 96 32 war
2942 2631 169 52 damals
3144 2631 70 49 die
3246 2633 150 48 Laute
3425 2633 80 50 das

1924 2720 301 55 Instrument,
2255 2716 79 49 das
2366 2717 182 48 Frauen
2580 2714 215 69 spielten;
2827 2714 69 50 die
2931 2714 139 66 Geige
3102 2713 118 51 blieb
3253 2714 87 55 den
3371 2716 100 49 Män-

1925 2820 129 41 nern,
2096 2801 87 51 wie
2214 2800 201 50 es.-noch
2444 2800 138 49 heute
2615 2798 78 50 mit
2725 2798 206 50 seltenen
2963 2797 299 52 Ausnahmen
3293 2800 81 49 der
3407 2800 97 49 Fall

1922 2887 71 50 ist;
2049 2888 135 47 Dann
2225 2892 183 60 erregte
2449 2885 94 48 ihre
2589 2883 320 66 Erscheinung
2949 2883 289 66 allgemeines
3271 2885 201 66 Wohlge-

1921 2970 147 51 fallen.
2123 2970 105 48 Ihre
2269 2986 161 50 grosse
2461 2967 264 59 Schönheit,
2768 2967 69 48 ihr
2867 2967 283 57 Benehmen,
3196 2967 42 50 in
3274 2968 104 50 dem
3408 2968 97 50 sich

1921 3051 384 52 Schüchternheit
2367 3052 117 50 doch
2531 3051 78 50 mit
2651 3051 129 48 einer
2820 3051 249 66 gewissen.
3092 3050 414 68 Unbefangenheit,

1924 3145 170 61 paarte,
2126 3136 110 50 übte
2268 3136 129 50 einen
2424 3135 330 54 zauberhaften
2777 3135 122 51 Reiz.
2938 3135 99 49 Und
3064 3136 179 48 endlich
3271 3136 69 50 ihr
3357 3131 148 74 Spiel!

1924 3222 109 53 Wie
2066 3221 99 60 voll,
2195 3220 87 51 wie
2312 3221 113 56 rein,
2456 3220 86 49 wie
2570 3219 291 50 schmelzend
2895 3220 186 67 quollen
3115 3220 71 49 die
3209 3222 129 49 Töne
3371 3229 134 40 unter

1922 3306 103 50 dem
2057 3308 160 64 Bogen
2247 3305 182 57 hervor,
2462 3304 88 49 den
2583 3304 62 48 sie
2678 3304 79 48 mit
2790 3302 212 51 Anmuth
3035 3304 164 49 führte.
3232 3305 73 48 Sie
3337 3305 160 66 spielte

1920 3391 152 50 Musik
2100 3408 93 32 von
2221 3389 255 57 Goudimel,
2509 3389 104 49 dem
2637 3389 178 48 Lehrer
2838 3389 302 58 Palestrina's,
3172 3389 90 49 und
3295 3389 202 49 anderen

1920 3474 235 58 Meistern,
2187 3473 142 49 deren
2358 3474 175 48 Namen
2566 3473 139 48 kaum
2738 3473 82 49 der
2844 3470 482 69 Geschichtskundige,
3359 3471 141 51 deren

1919 3558 182 52 Werke
2134 3556 121 51 wohl
2287 3556 146 53 selten
2461 3556 188 68 jemand
2679 3556 120 50 noch
2832 3558 152 48 kennt.

2046 3643 86 49 Die
2162 3642 188 59 Stücke,
2382 3642 70 49 die
2486 3642 64 49 sie
2583 3650 206 58 vortrug,
2820 3658 154 33 waren
3007 3639 215 58 bekannt,
3262 3640 134 51 allein
3430 3640 72 51 die

1919 3727 212 49 Zuhörer
2162 3725 169 51 hielten
2364 3725 64 51 sie
2461 3725 70 51 für
2561 3743 102 33 neu.
2719 3727 62 47 So
2814 3725 152 49 hatten
3009 3723 64 49 sie
3116 3724 233 50 dieselben
3383 3725 118 50 noch

1920 3812 72 51 nie
2021 3828 315 33 vernommen.
2395 3812 84 51 Mit
2523 3810 198 51 solchem
2754 3808 250 51 Ausdruck
3039 3827 54 32 zu
3143 3809 187 68 spielen,
3375 3809 127 51 hatte

1921 3915 104 31 man
2060 3896 67 52 bis
2159 3896 134 49 dahin
2326 3896 70 49 für
2427 3893 257 67 unmöglich
2717 3892 228 66 gehalten.

2023 4014 7 6 •
2047 3982 99 49 Der
2176 3981 195 49 lauteste
2401 3978 151 51 Beifall
2587 3977 214 53 belohnte
2834 3976 70 52 die
2932 3977 282 52 Künstlerin.
3250 3977 76 51 Sie
3356 3978 148 51 fühlte

1922 4066 98 49 sich
2049 4064 257 53 sonderbar
2336 4062 209 69 gehoben
2576 4061 219 50 dadurch.
2825 4063 71 48 Zu
2928 4062 207 66 gefallen,
3170 4062 243 67 allgemein
3448 4082 56 31 zu

1924 4150 207 68 gefallen,
2174 4147 143 53 dureh
2349 4153 142 45 etwas
2523 4164 52 33 so
2607 4146 222 61 Schönes,
2875 4146 88 49 wie
3004 4146 99 51 eine
3130 4147 370 66 Kunstleislung,
