3474 4465
1685 168 113 52 382

124 311 334 55 Mozart'scher
481 310 382 69 Compositionen
888 310 83 51 mit
1001 329 189 50 grosser
1208 314 367 53 Sachkenntniss
1604 314 98 50 und

123 394 227 51 wahrer
378 393 151 48 Pietät
557 390 337 70 einzudringen
922 394 220 51 versteht.

240 471 166 53 Wenn
446 470 280 51 schliesslich
771 473 127 48 Herr
927 471 164 53 Andre
1130 492 86 51 gar
1253 474 84 51 der
1365 473 262 52 Redaction
1657 473 43 51 d.

119 554 71 50 81.
216 553 134 49 einen
366 551 232 51 Vorwurf
614 551 176 51 daraus
814 553 201 51 machen
1039 555 110 60 will,
1173 554 104 51 dass
1298 554 64 51 sie
1390 554 103 50 eine
1516 554 184 51 scharfe

120 633 157 51 Kritik
319 633 80 49 des
434 633 743 70 Don-Juan-Clavier-Auszuges
1216 635 384 68 aufgenommen,
1643 635 60 51 da

123 713 204 51 dieselbe
350 713 201 67 Zeitung
575 713 121 49 doch
726 714 46 50 in
794 715 86 50 Nr.
907 715 30 50 8
964 715 80 50 des
1065 715 271 68 Jahrgangs
1365 714 147 53 1853
1538 723 166 61 gesagt

123 793 149 51 habe:
315 793 117 58 „Die
462 793 325 51 musiealiseke
804 795 136 51 Welt
960 795 56 49 ist
1039 794 83 50 der
1144 795 448 69 Verlagshandlung
1614 813 89 33 von

120 874 108 51 Joh.
259 873 164 51 Andre
453 873 92 51 den
574 879 254 46 wärmsten
856 874 141 50 Dank
1025 874 231 69 schuldig,
1285 893 51 33 so
1366 877 68 49 oft
1463 875 124 52 diese
1616 894 88 32 uns

122 954 245 51 entweder
397 954 84 50 mit
512 962 146 43 etwas
688 973 116 50 ganz
834 954 365 51 Unbekanntem
1229 973 85 33 aus
1343 957 107 49 dem
1477 958 227 49 Nachlass

123 1037 222 49 Mozart's
703 1053 44 32 u.
776 1052 33 33 s.
841 1051 57 33 w.
1036 1052 51 33 so
1117 1053 127 33 muss
1289 1054 51 33 er
1375 1037 103 50 eine
1507 1037 168 50 sonder-

124 1114 117 51 bare
270 1114 200 51 Ansicht
496 1132 89 33 von
614 1114 84 50 der
727 1113 221 67 Aufgabe
979 1114 96 51 und
1105 1114 90 51 den
1222 1117 323 49 Grundsätzen
1575 1117 129 50 einer

122 1194 264 52 Redaction
416 1195 173 59 haben,
631 1212 136 32 wenn
797 1211 52 33 er
877 1195 183 66 glaubt,
1098 1195 106 52 dass
1234 1197 74 49 die
1337 1197 367 52 anerkennende

123 1275 315 66 Erwähnung
466 1274 128 51 einer
621 1274 448 69 Verlagshandlung
1106 1294 83 31 zur
1232 1277 322 68 unbedingten
1586 1279 89 48 Gut-

123 1357 226 66 heissung
369 1357 143 49 aller
524 1354 408 67 Verlags-Artikel
951 1355 248 52 derselben
1215 1358 296 67 verpflichte!
1534 1358 142 51 Uebri-

127 1453 115 51 gens
280 1435 58 50 ist
373 1435 74 50 bei
486 1434 189 67 obigem
710 1435 123 50 Citat
862 1437 314 50 auffallender
1206 1438 165 51 Weise
1403 1437 84 50 der
1516 1438 189 49 Schluss

123 1514 81 52 des
235 1517 179 49 Satzes:
457 1512 142 61 „oder
628 1531 140 34 wenn
797 1514 65 51 sie
894 1517 269 50 Bekanntes
1199 1517 54 49 in
1290 1517 382 68 vollständige-

124 1612 98 34 rer
251 1593 111 51 und
393 1595 569 66 ursprünglicherer
990 1598 168 48 Form
1190 1598 119 49 nach
1328 1599 219 48 Mozart's
1577 1598 101 67 eige-

122 1692 86 34 ner
236 1674 309 51 Handschrift
964 1678 411 67 —weggelassen.
1407 1679 168 50 Dieser
1599 1679 106 50 Satz

123 1755 179 51 enthält
330 1754 116 51 aber
475 1755 176 68 gerade
675 1755 75 51 die
773 1755 361 70 Bedingungen,
1164 1764 140 43 unter
1332 1759 212 48 welchen
1568 1759 135 50 allein

123 1835 75 51 die
226 1834 261 69 Ausgaben
519 1834 263 51 bekannter
797 1837 334 51 Mozart'scher
1149 1838 184 51 Werke
1354 1838 142 51 Dank
1525 1838 153 51 verdie-

123 1933 105 33 nen.
259 1917 166 48 Daher
453 1915 56 50 ist
538 1914 123 51 denn
692 1915 121 51 auch
844 1915 173 51 bereits
1046 1918 46 50 in
1115 1918 137 66 jener
1274 1918 208 67 Anzeige
1511 1918 74 50 die
1615 1919 90 50 Art

124 1995 98 50 und
251 1994 165 52 Weise
461 1994 84 50 der
574 1995 287 68 Ergänzung
900 1995 87 51 der
1017 1998 175 50 Sonate
1232 1998 47 48 in
1510 2016 57 32 zu
1609 1998 95 50 vier

127 2075 200 51 Händen
357 2075 129 50 nicht
514 2074 262 69 durchweg
806 2075 211 69 gebilligt
1046 2077 209 51 worden.

245 2155 135 50 Noch
421 2172 127 33 muss
588 2155 214 50 erwähnt
839 2157 210 59 werden,
1091 2157 106 51 dass
1241 2175 75 33 am
1361 2157 217 51 Schlüsse
1620 2155 84 53 der

126 2237 342 67 Beurtheilung
512 2235 80 50 des
622 2235 324 51 Andre'schen
975 2238 109 48 Don
1111 2239 127 49 Juan
1276 2238 47 48 in
1366 2239 84 49 Nr.
1488 2238 69 50 19
1596 2255 81 33 aus-

129 2314 240 51 drücklich
402 2323 165 59 gesagt
595 2314 136 61 wird,
762 2315 105 51 dass
899 2317 74 49 bei
1003 2317 107 49 dem
1134 2317 232 51 Vorwurf
1384 2317 84 49 der
1489 2318 216 66 Impietät

127 2413 152 50 gegen
310 2397 181 48 Mozart
531 2396 284 50 namentlich
856 2413 58 33 an
956 2397 74 49 die
1067 2397 290 49 Andre'sche
1387 2397 315 67 Herausgabe

127 2474 84 50 der
251 2476 228 66 Operette
787 2474 202 68 gedacht
1028 2476 78 49 sei.
1166 2476 58 49 0.
1266 2476 198 49 Jahn's
1506 2477 196 48 Notizen

126 2554 120 51 über
274 2554 89 51 den
395 2554 308 51 Unterschied
733 2554 85 51 der
847 2556 208 49 Partitur
1084 2556 151 49 dieser
1267 2557 322 67 Composition
1616 2557 86 48 mit

124 2636 108 49 dem
263 2634 392 69 ursprünglichen
687 2637 121 48 Text
835 2634 98 51 lind
961 2636 80 49 des
1073 2636 424 67 Clavier-Auszugs
1526 2636 150 50 dersel-

126 2716 90 49 ben
244 2716 332 66 rechtfertigen
607 2714 157 51 diesen
796 2716 230 49 Vorwurf
1048 2717 330 49 vollkommen.
1409 2716 108 49 Sieh
1536 2717 163 49 Jahn's

124 2796 233 58 Mozart,
387 2796 75 57 11.,
493 2796 45 48 S.
571 2794 112 50 402
715 2794 67 60 ff.,
813 2794 139 51 Anm.
985 2793 92 61 30,
1110 2794 91 60 32,
1241 2794 96 51 und
1368 2796 255 49 besonders
1652 2797 47 48 S.

129 2876 131 58 416,
303 2876 141 49 Anm.
477 2876 92 57 46,
612 2892 75 32 wo
719 2892 48 33 es
797 2892 45 32 u.
874 2876 55 49 A.
961 2876 164 48 Heisst:
1181 2877 127 56 „Der
1351 2877 226 65 Monolog
1622 2876 80 49 des

129 2954 174 51 Gomez
333 2954 57 50 ist
418 2953 149 51 durch
598 2953 72 51 die
697 2953 292 69 Aenderung
1012 2954 80 50 des
1121 2956 391 66 ursprünglichen
1530 2957 173 47 Textes

124 3036 140 66 völlig
292 3034 217 59 entstellt,
541 3033 73 50 die
639 3033 246 67 jedenfalls
901 3034 219 50 Mozart's
1143 3036 294 49 Intentionen
1467 3052 85 50 gar
1575 3034 125 50 nicht

123 3114 237 51 erkennen
390 3116 120 48 lässt.
519 3114 240 51 —-Wenn
787 3114 174 50 Gomez
992 3132 77 32 um
1102 3114 347 69 erquickenden
1481 3114 187 50 Schlum-

123 3212 100 33 mer
255 3194 130 57 fleht,
413 3194 96 50 und
538 3193 74 50 die
642 3194 154 50 Musik
827 3194 271 59 ausdrückt,
1129 3196 90 49 wie
1249 3212 51 32 er
1331 3212 82 33 aus
1445 3194 84 50 der
1558 3196 140 49 Ruhe

119 3274 278 51 wiederholt
434 3273 300 58 aufschrickt,
771 3273 103 51 sind
912 3274 96 50 ihm
1048 3274 101 50 hier
1178 3274 405 51 Schwärmereien
1615 3276 80 48 für

120 3356 144 49 Zaide
294 3356 45 48 in
371 3354 90 50 den
494 3353 148 51 Mund
673 3354 170 66 gelegt.
875 3354 82 50 Als
987 3371 52 33 er
1067 3354 209 51 nachher
1304 3372 90 33 von
1423 3356 187 49 Neuem
1641 3373 53 31 zu

122 3436 398 50 entschlummern
551 3434 135 49 sucht
729 3433 95 50 und
853 3433 212 51 dasselbe
1093 3436 144 48 Motiv
1279 3434 190 60 eintritt,
1514 3442 104 60 sagt
1647 3452 52 32 er

120 3516 135 67 jetzt:
298 3514 144 60 „Wie
472 3513 174 51 konnte
677 3513 89 60 ihr,
811 3512 84 51 der
923 3512 170 61 Edlen,
1133 3514 238 68 umgeben
1406 3532 89 33 von
1524 3516 175 48 Pracht

127 3596 95 49 und
246 3597 191 57 Grösse,
465 3594 83 51 der
571 3593 276 67 Fremdling
868 3594 158 50 solche
1050 3594 311 50 Theilnahme

1449 3674 53 49 L.
1531 3676 53 47 B.

648 3829 172 59 Aus
896 3829 266 59 Bonn.

123 3935 42 47 [I.
196 3933 476 40 Abonnements-Concert
780 3946 77 25 von
889 3935 235 47 Königslöw
1234 3933 184 38 Mozart's
1449 3934 173 38 Sinfonie
1658 3937 41 36 in

280 3994 36 37 D
427 3994 183 37 Fräulein
638 3996 171 37 Schreck
902 3997 161 37 Hiller's
1093 3996 57 47 „O
1180 3998 117 35 weint
1325 4008 67 24 um

947 4079 103 36 Den
1088 4077 62 41 24.
1189 4079 277 37 November
1507 4077 111 41 1858.

237 4154 92 50 Die
353 4152 150 52 Reihe
532 4149 86 52 der
651 4151 212 68 hiesigen
886 4153 617 52 Abonnements-Concerte
1534 4154 164 51 wurde

121 4250 76 34 am
241 4233 89 51 20.
371 4232 43 52 d.
444 4233 108 50 Mts.
598 4231 215 52 eröffnet.
870 4232 82 49 Als
994 4233 212 51 werthen
1252 4236 114 48 Gast
1408 4234 163 50 hatten
1611 4234 88 50 wir

1777 315 160 49 Herrn
1986 332 102 34 von
2131 317 338 68 Königslöw
2512 334 82 33 aus
2625 317 126 50 Köln
2780 334 56 32 zu
2866 315 277 70 begrüssen,
3189 315 85 54 der
3302 318 46 52 in

1777 395 107 51 dem
1915 395 236 70 Vortrage
2182 399 125 50 eines
2335 399 437 51 Violin-Concertes
2801 416 89 31 von
2921 398 157 68 Spohr
3106 398 98 51 und
3234 399 92 51 eini-

1777 493 85 51 ger
1912 475 186 52 kleinen
2140 479 381 67 Compositionen
2570 479 197 51 leichten
2814 478 225 68 Schlages
3091 478 74 51 die
3208 497 147 51 ganze

1777 555 259 52 Schönheit
2062 558 150 51 seines
2240 559 238 50 technisch
2508 558 309 58 vollendeten,
2847 558 149 49 durch
3020 559 222 50 Reinheit
3270 559 85 51 der

1778 637 371 52 künstlerischen
2178 639 289 67 Auffassung
2497 639 246 69 geadelten
2772 638 149 68 Spiels
2951 639 253 50 entfaltete.
3248 640 107 50 Von

1778 720 249 64 grösseren
2070 720 529 50 Instrumentalwerken
2643 720 169 50 hörten
2853 719 88 50 wir
2983 719 373 51 Mendelssohn's

1779 798 269 49 Ouvertüre
2090 799 332 59 „Meeresstille
2453 799 94 51 und
2579 800 259 68 glückliche
3088 799 96 50 und
3299 818 57 32 zu

1779 896 218 33 unserem
2028 897 117 51 ganz
2177 879 293 51 besonderen
2502 882 209 49 Genüsse
2820 882 219 49 Mozart's
3072 880 208 51 Sinfonie
3309 880 46 51 in

1778 958 190 60 D-dur,
1997 960 84 49 Nr.
2119 959 47 59 1,
2197 959 43 48 in
2271 959 97 50 drei
2400 960 179 50 Sätzen.
2636 960 115 52 Wir
2786 960 188 50 können
3025 977 47 33 es
3115 962 66 48 als
3221 962 135 49 einen

1782 1039 198 51 Gewinn
2003 1039 213 51 schätzen
2244 1039 94 50 und
2361 1040 66 50 als
2451 1040 135 50 einen
2611 1040 190 68 Vorzug
2824 1058 88 32 uns
2935 1042 286 58 anrechnen,
3251 1040 105 52 dass

1779 1119 74 50 bei
1884 1136 87 33 uns
1999 1120 218 50 Mozart's
2246 1120 491 50 Instrumentalmusik
2766 1120 269 68 unablässig
3078 1122 83 49 mit
3189 1122 170 50 immer

1780 1199 206 67 gleicher
2015 1199 148 51 Liebe
2206 1199 96 51 und
2332 1200 342 68 Begeisterung
2718 1200 208 69 gepflegt
2967 1202 119 49 wird
3127 1221 55 30 zu
3227 1203 129 50 einer

1778 1280 117 59 Zeit,
1924 1297 73 32 wo
2029 1279 84 51 der
2135 1280 113 49 Sinn
2277 1279 84 50 der
2382 1282 154 48 Masse
2565 1280 95 50 sich
2690 1297 89 33 von
2804 1280 157 50 diesen
2986 1282 175 59 hohen,
3190 1282 163 51 reinen

1779 1358 376 68 Kunstgebilden
2187 1359 320 50 abzuwenden
2537 1359 193 50 scheint.

1898 1440 91 49 Die
2019 1440 206 50 Sinfonie
2255 1457 101 33 war
2384 1440 127 50 nicht
2551 1439 81 51 das
2662 1439 211 68 Einzige,
2917 1458 98 35 was
3045 1458 87 32 uns
3162 1458 60 33 an
3251 1440 73 53 die-

1778 1536 98 33 sem
1900 1519 199 51 Abende
2122 1537 88 33 von
2232 1520 334 50 Mozart'scher
2589 1520 153 50 Musik
2768 1519 204 68 geboten
2996 1520 179 51 wurde.
3205 1523 120 48 Fräu-

1782 1599 90 50 lein
1904 1599 251 50 Schreck
2184 1617 118 50 sang
2326 1600 102 50 eine
2450 1599 130 59 Arie,
2612 1599 73 50 die
2710 1599 89 50 den
2819 1600 241 50 Musikern
3083 1599 129 51 nicht
3233 1600 121 51 eben

1780 1680 108 49 sehr
1911 1679 210 51 bekannt
2142 1680 256 67 geworden
2424 1680 76 50 ist:
2530 1678 195 53 Mentre
2753 1678 40 52 ti
2818 1678 156 65 lascio,
3003 1697 26 32 o
3047 1678 152 71 figlia.
3228 1682 126 49 Jahn

1780 1759 214 50 erwähnt
2022 1759 128 50 ihrer
2179 1762 95 57 111.,
2310 1758 127 52 3*29.
2467 1761 92 48 Ein
2582 1761 147 49 Vater
2758 1759 168 51 nimmt
2955 1761 45 48 in
3029 1761 209 48 ziemlich
3269 1761 56 50 ba-

2055 1820 9 13 *

1778 1841 139 49 nalen
1947 1839 198 61 Versen,
2188 1842 88 47 voll
2307 1839 84 50 der
2419 1841 404 50 herkömmlichen
2855 1841 352 66 Phraseologie,
3250 1841 69 52 Ab-

1779 1919 156 50 schied
1980 1937 87 33 von
2111 1921 153 49 seiner
2298 1921 191 49 zärtlich
2530 1921 235 67 geliebten
2794 1921 219 50 Tochter.
3069 1921 135 49 Aber
3233 1922 121 49 auch

1779 1999 102 50 hier
1910 1999 192 59 wieder,
2131 2001 89 49 wie
2248 2017 49 33 so
2329 2001 80 58 oft,
2439 2001 82 49 hat
2542 2002 183 49 Mozart
2748 1999 89 51 den
2862 2002 129 48 Kern
3015 1999 84 51 der
3121 2001 232 50 Situation

1778 2079 409 69 herausgegriffen
2231 2079 94 50 und
2370 2079 89 51 den
2490 2081 221 50 Schmerz
2743 2081 84 49 der
2856 2082 262 66 Trennung
3148 2082 45 47 in
3218 2082 136 66 jener

1787 2159 158 50 Weise
1976 2159 286 68 dargestellt,
2305 2159 44 50 in
2394 2158 84 51 der
2519 2178 91 31 nur
2649 2159 119 51 eben
2809 2177 58 32 er
2906 2159 73 50 die
3007 2161 255 66 Vorgänge
3290 2161 63 49 im

1779 2241 172 48 Innern
1981 2238 81 51 des
2091 2238 346 51 menschlichen
2456 2239 259 50 Gemüthes
2739 2239 308 50 darzustellen
3068 2241 283 49 vermochte.

1779 2321 64 48 Es
1873 2319 56 50 ist
1958 2319 74 50 ein
2062 2336 203 49 grosser,
2295 2319 86 50 tief
2404 2319 267 68 greifender
2701 2321 238 58 Schmerz,
2979 2318 84 51 der
3092 2319 115 51 aber
3236 2328 118 42 trotz

1779 2398 84 50 der
1898 2399 359 66 jammervollen
2287 2401 325 48 Textesworte
2655 2398 98 55 (Ah

1777 2495 88 33 von
1895 2478 242 50 trostloser
2168 2478 346 67 Verzweiflung
2554 2479 95 49 sich
2695 2479 99 50 fern
2824 2479 109 50 hält.
2983 2478 91 50 Die
3105 2479 131 59 Arie,
3274 2497 53 32 ur-

1777 2558 270 66 sprünglich
2080 2558 78 48 für
2187 2559 114 49 Bass
2332 2558 307 67 geschrieben
2679 2558 96 50 und
2817 2558 109 50 sehr
2954 2559 87 49 voll
3072 2559 254 50 instrumen-

1774 2637 98 59 tirt,
1910 2637 145 51 bietet
2094 2637 84 51 der
2206 2638 268 50 Altstimme
2518 2638 261 50 besondere
2809 2638 432 67 Schwierigkeiten.
3290 2639 65 49 Es

1777 2717 172 51 bedarf
1985 2718 142 50 kaum
2168 2717 83 49 der
2293 2718 331 67 Erwähnung,
2666 2718 104 51 dass
2814 2718 103 50 eine
2946 2718 275 50 Künstlerin
3264 2719 89 50 wie

1779 2798 218 50 Fräulein
2028 2798 257 50 Schreck
2315 2798 124 50 diese
2471 2799 83 49 mit
2577 2798 261 50 Sicherheit
2862 2798 280 59 überwand,
3172 2816 50 32 so
3246 2801 112 48 weit

1775 2877 65 49 sie
1870 2877 271 67 überhaupt
2170 2878 127 48 ihrer
2319 2878 155 50 Natur
2502 2878 119 50 nach
2652 2896 55 30 zu
2738 2877 310 49 überwinden
3077 2877 116 51 sind.

1896 2957 91 48 Die
2018 2957 303 49 Vocalmusik
2358 2975 103 31 war
2489 2975 91 31 nur
2607 2958 122 48 noch
2762 2957 146 49 durch
2937 2957 92 49 Ein
3058 2957 160 52 Werk
3247 2975 76 33 ver-

1775 3042 168 53 treten,
1973 3034 117 51 aber
2119 3036 148 49 durch
2297 3036 73 49 ein
2400 3037 198 57 solches,
2630 3037 80 47 für
2733 3034 164 51 dessen
2921 3037 317 66 Vorführung
3266 3038 88 48 wir

1774 3117 159 48 Herrn
1963 3116 266 49 Dietrich
2269 3135 57 30 zu
2356 3116 326 67 aufrichtigem
2715 3116 168 49 Danke
2913 3116 294 67 verpflichtet
3234 3117 117 49 sind.

1773 3197 64 48 Es
1868 3212 103 33 war
2000 3194 165 51 Ferd.
2196 3194 243 51 Hiller's
2471 3196 320 67 Composition
2817 3196 125 49 eines
2958 3196 167 49 Liedes
3156 3213 84 33 aus
3264 3197 89 49 den

1774 3274 310 51 hebräischen
2116 3276 247 67 Gesängen
2394 3274 80 51 des
2509 3276 130 49 Lord
2672 3277 184 66 Byron:
2899 3276 40 50 0
2967 3292 124 53 tveep
3109 3277 90 66 for
3228 3277 123 49 ihose

1775 3354 61 68 (0
1867 3356 170 49 weint
2066 3373 88 32 um
2184 3356 107 49 sie!
2335 3356 80 48 für
2447 3356 127 49 Chor
2615 3354 96 51 und
2743 3356 340 67 Sopran-Solo,
3129 3356 92 67 Op.
3254 3357 92 57 49,

1771 3437 154 57 Bonn,
1943 3436 74 49 bei
2041 3434 247 65 Simrock).
2320 3434 128 51 Lord
2464 3437 156 66 Byron
2644 3434 184 51 schrieb
2852 3453 79 31 um
2956 3434 82 51 das
3055 3436 120 49 Jahr
3203 3436 148 50 1815

1773 3517 85 49 auf
1881 3521 186 44 äussere
2093 3517 350 66 Veranlassung
2466 3517 111 66 jene
2602 3516 151 50 Reihe
2775 3533 89 32 von
2886 3516 223 58 Liedern,
3140 3514 74 51 die
3243 3533 81 33 vor-

1773 3596 236 49 nehmlich
2046 3594 85 51 der
2160 3598 184 47 Trauer
2386 3613 80 32 um
2513 3596 81 49 das
2626 3596 229 50 Geschick
2892 3594 80 51 des
3002 3596 175 49 Volkes
3205 3597 144 48 Israel

1773 3676 254 67 gewidmet
2055 3674 116 60 sind,
2203 3676 95 49 und
2329 3674 74 51 die
2432 3693 51 32 er
2512 3683 138 42 unter
2678 3674 107 51 dem
2809 3677 185 48 Namen

1794 3753 141 52 lodies
1939 3756 438 49 zusammenstellte.
2410 3757 50 47 In
2490 3759 210 63 späterer
2720 3754 103 50 Zeit
2851 3754 104 50 liess
2978 3754 96 50 sich
3100 3753 85 51 der
3207 3754 115 50 Dich-

1771 3843 73 42 ter
1873 3853 90 32 nur
1992 3852 182 50 ungern
2206 3852 58 33 an
2295 3834 124 50 diese
2450 3834 170 50 Lieder
2663 3834 236 59 erinnern,
2945 3833 98 51 und
3087 3833 74 50 die
3205 3833 122 67 engli-

1771 3916 141 49 schen
1943 3916 226 57 Kritiker,
2198 3916 189 49 obwohl
2419 3914 64 50 sie
2507 3914 223 50 Manches
2757 3933 56 31 zu
2843 3914 151 49 ihrem
3025 3913 135 50 Lobe
3187 3931 137 33 vorzu-

2159 3963 9 12 -7
2445 3963 3 24 ,
2708 3979 6 8 v

1774 3996 199 67 bringen
1996 3996 184 57 wissen,
2211 3996 169 49 wollen
2410 3994 140 50 ihnen
2577 3993 120 51 doch
2728 3994 169 50 keinen
2918 3994 129 49 Platz
3076 3992 155 51 neben
3260 3993 90 51 den

1771 4077 342 66 gelungensten
2141 4074 349 50 Productionen
2521 4076 194 66 Byron's
2746 4077 201 63 gönnen.
3000 4073 113 50 Wir
3142 4073 207 66 glauben

1773 4154 232 69 dagegen,
2036 4154 102 51 dass
2169 4161 138 43 unter
2335 4154 159 50 seinen
2525 4153 228 67 lyrischen
2779 4152 259 51 Gedichten
3067 4152 95 49 sich
3194 4153 155 66 wenig

1774 4234 161 61 findet,
1964 4251 98 33 was
2091 4233 125 51 diese
2740 4232 202 52 Hebrew
3201 4229 183 54 Mebdie
2733 4248 60 35 an
2817 4231 129 50 Tiefe
2969 4231 97 49 und
3090 4232 260 51 Wahrheit
