2697 4183
284 3772 30 50 8

304 365 301 66 Sammlung.
645 367 117 54 Was
800 367 103 53 also
941 372 127 48 tun?
1122 365 170 55 Schon
1333 365 163 56 haben
1537 365 192 68 achtzig
1767 368 211 53 Prozent
2016 367 89 53 der
2144 364 294 67 Treptower

306 454 378 55 Friedensrufer
734 456 80 53 die
856 454 163 55 Order
1071 454 239 64 erhalten,
1360 454 354 56 einzurücken.
1791 457 83 53 Ihr
1927 454 122 56 muß
2089 477 115 32 man
2243 454 195 65 folgen;

305 545 135 53 denn
482 543 185 55 Gesetz
714 545 118 63 geht
883 565 88 33 vor
1021 543 179 56 Recht.
1277 545 120 54 Also
1444 566 98 31 was
1595 550 126 49 tun?
1799 546 99 54 Die
1950 543 366 56 Hundertzehn
2338 546 100 52 •im

305 633 295 66 Reichstage
647 635 160 53 haben
860 655 126 33 zwar
1037 636 50 52 in
1146 655 87 33 Ger
1288 635 236 63 heutigen
1565 632 502 69 Vormittagssitzung
2105 635 84 53 die
2227 633 180 55 Verant-

305 738 229 49 wortung
571 722 82 55 für
691 724 87 53 das
818 722 220 54 Morden
1077 722 90 55 der
1199 722 238 55 nächsten
1479 721 222 55 Wochen
1741 725 115 53 dem
1895 722 384 57 Reichskanzler
2331 722 106 54 und

303 812 97 54 den
441 811 347 65 bürgerlichen
827 812 224 54 Parteien
1091 812 367 64 zugeschoben.
1534 810 148 56 Doch
1720 812 80 55 die
1839 814 163 54 Flinte
2040 814 126 53 wird
2204 811 233 55 dennoch

303 900 251 61 schießen,
595 901 105 54 und
739 900 181 62 nichts,
960 901 163 54 nichts
1164 901 129 54 kann
1336 903 116 52 dem
1493 900 287 56 blühenden
1811 901 214 66 Jungen,
2065 903 92 53 der
2187 900 250 55 vielleicht

303 989 153 55 schon
511 1012 204 43 morgen
767 990 155 55 nacht
973 990 85 55 auf
1109 992 117 53 dem
1266 989 370 56 Schlachtfelde
1674 993 292 62 verröchelt,
2008 994 85 53 das
2134 992 175 55 Leben
2349 1014 58 31 zu-

301 1079 300 66 rückgeben.
665 1080 67 55 Er
770 1102 100 33 war
907 1082 80 53 ein
1028 1080 252 65 tüchtiger
1312 1080 388 64 Parteigenosse,
1741 1082 89 53 der
1857 1082 373 64 Todgeweihte,
2271 1103 53 32 er
2351 1080 85 54 hat

299 1167 82 56 für
430 1169 88 54 das
555 1168 309 66 allgemeine,
922 1169 207 65 gleiche,
1189 1169 189 55 direkte
1425 1169 106 54 und
1576 1169 225 64 geheime
1841 1171 284 54 Wahlrecht
2166 1171 269 53 Hunderte

300 1257 632 66 Protestversammlungen
981 1257 343 66 mitgemacht.
1404 1257 260 65 Irgendwo
1713 1260 51 52 in
1811 1261 164 53 einem
2026 1260 197 54 Winkel
2268 1261 164 52 seines

297 1347 463 56 durchschossenen
802 1347 518 55 Proletarierschädels
1360 1347 125 55 wird
1524 1347 248 55 vielleicht
1819 1348 128 55 noch
1994 1350 81 52 die
2115 1350 319 63 Erinnerung

297 1459 61 30 an
412 1437 81 54 die
541 1436 148 55 letzte
729 1437 295 54 Resolution
1076 1437 81 54 für
1211 1437 97 54 den
1350 1435 325 56 Weltfrieden
1719 1439 181 61 nisten,
1955 1460 145 33 wenn
2148 1437 155 55 schon
2341 1439 90 52 das

297 1524 329 64 Massengrab
667 1525 104 55 sich
812 1525 171 63 öffnet,
1025 1526 99 54 den
1164 1525 517 55 sozialdemokratisch
1702 1527 353 64 organisierten
2086 1527 210 63 Krieger
2322 1525 82 55 auf-

295 1614 301 56 zunehmen.
644 1615 66 53 Er
762 1616 125 54 wird
932 1614 150 54 fallen
1124 1616 93 54 wie
1256 1615 272 56 Tausende
1584 1618 163 52 seiner
1788 1615 285 56 Genossen:
2131 1616 98 54 den
2270 1614 161 54 Fluch

784 1670 8 11 1

295 1726 157 43 gegen
491 1704 99 55 den
625 1705 156 64 Krieg
819 1704 87 55 auf
944 1705 99 54 den
1084 1705 219 65 Lippen,
1344 1707 88 53 das
1467 1705 216 54 Gewehr
1722 1704 314 55 schußbereit
2079 1748 12 12 .
2135 1748 12 12 .
2191 1748 11 11 .
2242 1705 162 54 Partei-

294 1793 212 53 freunde
538 1794 198 54 werden
776 1803 479 53 vorwärtsstürmen,
1289 1794 126 54 über
1454 1794 88 54 ihn
1584 1794 210 64 hinweg,
1847 1804 234 45 vorwärts
2135 1816 156 42 gegen
2347 1794 83 54 die

294 1881 308 62 Proletarier,
657 1883 90 52 mit
793 1883 162 52 denen
1010 1883 70 53 sie
1120 1882 106 54 sich
1268 1906 54 32 so
1362 1882 76 54 oft
1956 1926 10 10 .
2011 1926 10 10 .
2065 1926 12 10 .
2119 1883 150 53 Kann
2312 1905 115 31 man

294 1971 166 62 heute,
501 1972 63 52 da
605 1972 87 53 der
733 1972 156 63 Krieg
927 1994 106 31 nun
1073 1972 183 53 einmal
1297 1971 248 56 Tatsache
1584 1972 263 63 geworden
1889 1972 80 61 ist,
2008 1971 97 54 den
2150 1972 148 63 Gang
2338 1973 89 52 der

292 2058 281 65 Ereignisse
625 2060 131 54 noch
809 2060 299 54 bestimmen
1124 2066 24 48 ?
1228 2058 171 57 Heute
1440 2061 145 54 leben
1625 2062 89 52 wir
1752 2062 52 52 in
1843 2061 163 53 einem
2045 2060 347 54 Ausnahmezu-

291 2150 164 53 stand.
532 2150 166 53 Heute
725 2149 107 54 läßt
872 2150 104 53 sich
1016 2150 139 53 nicht
1193 2150 296 62 nachholen,
1551 2173 98 30 was
1702 2165 122 38 etwa
1879 2165 214 48 gestern,
2153 2171 98 32 was
2302 2165 124 38 etwa

286 2237 408 65 jahrzehntelang
731 2249 251 43 versäumt
1014 2239 200 54 worden
1247 2239 82 54 ist.
1399 2239 105 53 Der
1546 2239 155 64 Krieg
1740 2239 64 53 ist
1852 2240 79 52 da.
1971 2239 125 53 Man
2138 2239 191 53 schießt

289 2328 108 53 und
435 2328 123 53 wird
597 2326 290 55 erschossen
925 2371 11 11 .
972 2371 13 11 .
1019 2371 13 12 .

403 2457 13 13 .
460 2458 10 12 .
515 2458 11 12 .
564 2415 137 54 Aber
741 2416 89 54 der
872 2416 154 64 Krieg
1065 2416 64 54 ist
1165 2418 46 62 ja
1251 2416 130 54 noch
1423 2415 139 55 nicht
1602 2416 81 54 da.
1761 2415 148 55 Wohl
1948 2415 129 54 kann
2117 2438 52 32 er
2218 2437 205 44 morgen

286 2504 126 53 über
450 2504 345 55 Deutschland
837 2504 419 62 hereinbrechen;
1302 2505 118 54 aber
1458 2527 55 32 er
1550 2505 64 54 ist
1650 2507 48 63 ja
1738 2504 128 55 noch
1907 2504 138 55 nicht
2097 2505 81 55 da.
2255 2505 170 54 Heute

289 2592 128 54 kann
459 2616 112 32 man
612 2616 155 42 gegen
808 2594 81 54 die
931 2593 172 55 Geisel
1142 2594 90 54 der
1274 2593 327 55 Menschheit
1641 2593 128 55 noch
1818 2594 118 54 alles
1993 2608 109 46 tun,
2150 2617 99 32 was
2305 2617 113 32 man

286 2684 250 55 vielleicht
574 2707 221 42 morgen,
836 2684 245 56 vielleicht
1120 2687 53 52 in
1213 2687 165 52 einem
1405 2684 180 55 halben
1625 2684 116 64 Jahr
1781 2683 140 54 nicht
1961 2683 141 54 mehr
2140 2698 93 40 tun
2274 2684 149 55 kann.

285 2772 137 55 Aber
460 2787 78 40 tut
578 2796 114 31 man
733 2773 123 54 das?
934 2773 127 55 Sind
1101 2775 89 53 wir
1231 2775 150 53 heute
1437 2773 132 55 dank
1622 2773 88 54 der
1764 2772 276 53 deutschen
2079 2772 312 55 Sozialdemo-

285 2862 155 54 kratie
478 2885 89 32 um
605 2864 110 53 eine
761 2864 192 63 einzige
993 2862 506 66 Kriegsmöglichkeit
1554 2867 194 49 ärmer?
1809 2861 471 57 Wohlverstanden:
2340 2865 82 52 die

285 2951 156 65 Frage
480 2952 155 54 lautet
673 2952 162 56 nicht:
874 2974 100 33 was
1011 2952 126 55 wird
1176 2952 299 64 geschehen,
1536 2974 143 30 wenn
1736 2971 204 44 morgen
1994 2951 81 53 ein
2119 2951 156 65 Krieg
2327 2975 95 31 uns

281 3040 270 55 überfällt?
611 3040 104 55 Auf
752 3041 137 54 diese
931 3040 156 64 Frage
1141 3040 147 64 kann,
1343 3043 52 52 in
1437 3040 245 60 Preußen,
1739 3060 95 32 nur
1889 3040 80 53 ein
2009 3039 133 54 Narr
2192 3040 231 56 Antwort

282 3147 261 39 erwarten.
593 3130 162 57 Aber:
808 3133 65 51 ist
924 3129 118 56 alles
1089 3130 298 64 geschehen,
1447 3130 155 55 damit
1653 3129 111 53 kein
1809 3129 156 65 Krieg
2008 3153 95 31 uns
2142 3130 278 56 überfallen

284 3219 165 55 kann?
526 3220 116 55 Was
682 3220 82 54 hat
803 3219 81 53 die
925 3219 387 65 Arbeiterpartei
1353 3234 164 50 getan,
1555 3241 90 30 um
1686 3219 95 53 den
1825 3218 417 66 Kriegsgefahren
2276 3220 116 55 wirk-

277 3331 109 32 sam
426 3332 62 31 zu
520 3308 293 65 begegnen?
852 3308 119 56 Was
1001 3322 71 39 tat
1110 3308 88 53 das
1239 3308 201 55 liberale
1480 3308 336 64 Bürgertum?
1858 3307 99 56 Die
1998 3308 229 56 Antwort
2263 3311 157 53 lautet

280 3398 200 54 trostlos
512 3399 106 54 und
658 3398 320 55 verzweifelt:
1018 3396 181 54 nichts.

277 3501 354 56 Nachschrift
663 3507 93 50 des
793 3501 312 56 Zeii=Echo:

393 3593 115 54 Alle,
544 3593 75 44 die
649 3593 115 43 noch
797 3591 252 46 Menschen
1080 3590 127 55 sind,
1242 3593 99 41 und
1373 3590 70 46 bei
1491 3593 145 43 denen
1691 3591 97 46 also
1823 3594 77 42 der
1932 3593 146 55 Krieg
2125 3591 113 43 noch
2291 3589 127 45 nicht

278 3667 144 55 außer
454 3667 142 44 Mode
629 3667 74 55 ist,
737 3667 183 55 wissen,
955 3666 92 56 daß
1079 3667 146 45 dieses
1256 3666 364 46 Zwischenreich
1653 3669 77 43 der
1763 3666 170 46 Gewalt
1965 3667 85 44 seit
2098 3666 98 43 dem
2233 3665 184 57 August
