2697 4183
304 3759 62 53 18

522 351 482 70 MENSCHEN
1037 354 38 67 /
1112 354 351 68 BÜCHER
1493 358 44 64 /
1568 352 682 73 ZEITSCHRIFTEN

312 1242 128 67 Ihr
624 1244 173 66 wollt
1022 1269 70 41 es
760 1244 170 66 nicht
947 1271 287 62 gewesen
1263 1254 133 59 sein

308 1371 74 45 ihr
418 1372 397 58 Geistesmetzger
846 1385 113 32 vom
993 1374 189 57 August
1219 1374 128 45 1914.
1403 1375 260 57 Jahrelang
1693 1375 119 46 habt
1845 1376 72 45 ihr
1949 1388 95 33 von
2076 1376 363 46 Menschenblut

306 1446 176 56 gelebt,
531 1446 71 45 ihr
639 1449 120 43 wart
785 1447 261 45 Vortänzer
1078 1449 84 44 der
1186 1449 347 57 Kriegsmusik,
1566 1450 72 44 ihr
1675 1451 146 45 triebt
1849 1451 188 45 Handel
2074 1452 89 45 mit
2193 1452 216 45 schmach-

307 1520 97 44 voll
445 1531 360 46 erzwungenem
852 1521 342 56 Soldatenlied,
1238 1522 88 55 ihr,
1371 1522 207 46 Herolde
1623 1524 80 44 der
1749 1524 200 55 Gewalt,
1994 1526 134 55 söget
2160 1536 85 33 aus
2277 1525 159 57 jedem

306 1593 313 58 Tagesbefehl
661 1606 160 34 eurem
857 1596 176 44 Dasein
1069 1597 75 43 die
1181 1597 284 57 Erzählung,
1511 1597 85 45 das
1632 1597 191 56 Drama,
1865 1600 74 43 die
1973 1600 344 57 Betrachtung,
2352 1600 86 43 das

311 1670 203 44 Gedicht
532 1681 112 33 vom
661 1670 350 57 (historischen,
1036 1671 249 56 lebenden,
1312 1670 274 59 künftigen)
1608 1673 364 46 Heereshelden.
1997 1675 150 56 Jetzt,
2170 1675 65 43 im
2251 1675 185 44 vierten

312 1743 292 57 Kriegsjahr,
637 1745 192 55 leugnet
862 1746 86 43 ihr.
984 1746 110 44 Und
1126 1746 134 56 jeder
1293 1746 213 46 Schreier
1538 1747 176 45 kleiner
1749 1747 270 56 Reformen,
2053 1748 73 45 die
2157 1748 98 44 ihm
2279 1748 159 58 längst

306 1816 86 45 alle
429 1818 326 56 Regierungen
788 1819 333 56 vorgeschrien
1154 1821 174 54 haben,
1361 1821 136 44 bläht
1529 1821 99 44 sich
1660 1821 222 56 plötzlich
1915 1821 66 45 als
2014 1821 362 45 Völkerfreund.

433 1907 49 43 In
514 1907 199 45 welcher
744 1907 104 45 Zeit
881 1907 158 45 lebten
1072 1908 99 55 wir,
1205 1908 94 45 daß
1340 1910 74 43 die
1451 1910 282 56 Geschöpfe,
1769 1911 150 43 denen
1954 1911 239 44 Vernunft
2225 1911 211 57 gegeben

305 1992 113 43 war,
452 1981 246 44 öffentlich
731 1982 74 43 die
842 1982 202 43 Stimme
1077 1993 57 32 zu
1168 1983 221 55 erheben,
1423 1983 94 43 daß
1552 1985 75 43 die
1660 1986 108 42 dem
1792 1985 264 44 Weltmord
2090 1985 84 43 der
2197 1985 241 44 Vernunft

307 2054 168 45 Beifall
518 2054 208 45 schrien!
773 2056 94 43 daß
912 2057 66 43 sie
1021 2057 148 44 durch
1213 2057 74 43 die
1323 2057 205 44 Straßen
1562 2060 159 43 rasten
1754 2060 97 43 und
1886 2058 250 57 klingende
2173 2058 139 45 Sätze
2353 2058 85 45 auf

306 2129 89 44 den
438 2129 308 56 gemordeten
787 2129 257 45 Menschen
1078 2131 277 44 schmissen.
1411 2131 86 43 Die
1529 2132 186 56 gerade,
1762 2133 153 43 denen
1948 2132 98 44 ihre
2079 2132 249 46 öffentlich
2359 2145 54 44 ge-

303 2203 116 44 übte
453 2202 239 45 Vernunft
735 2203 295 57 aufgegeben
1063 2203 160 44 hatte:
1267 2204 272 45 brüderlich
1569 2204 124 46 feste
1726 2218 58 32 zu
1816 2207 190 54 stehen;
2046 2207 96 44 fest
2175 2220 59 30 zu
2265 2207 171 44 stehen

303 2289 109 32 zum
451 2277 151 56 Geist,
635 2289 148 45 gegen
816 2277 77 45 die
931 2278 200 47 Gewalt.

430 2367 75 43 Ihr
545 2366 130 44 wollt
707 2377 48 33 es
788 2366 134 44 nicht
955 2378 213 45 gewesen
1201 2367 116 43 sein.
1374 2368 62 43 Es
1469 2367 102 56 soll,
1615 2368 83 45 auf
1729 2369 188 55 einmal,
1962 2371 62 42 da
2056 2381 109 33 euer
2199 2369 235 56 Blutspiel

303 2441 216 45 verloren
552 2441 78 54 ist,
665 2441 135 44 nicht
832 2441 132 44 mehr
994 2441 131 44 wahr
1158 2442 114 44 sein.
1307 2442 129 44 Aber
1468 2443 85 43 das
1586 2443 188 44 brutale
1799 2444 221 56 Leugnen
2044 2444 108 45 hilft
2175 2444 149 45 nicht.
2362 2444 72 45 Da

302 2514 110 46 hilft
443 2526 91 31 nur
566 2514 75 43 die
673 2513 108 46 Tat.
823 2515 105 55 (Bei
964 2517 119 43 euch
1116 2515 164 55 selbst,
1314 2517 172 44 nachts
1517 2517 65 43 im
1606 2517 282 44 schlaflosen
1911 2518 206 44 Zimmer
2138 2519 116 43 oder
2277 2519 47 43 in
2349 2529 57 33 un-

302 2588 287 46 versehenen
612 2588 239 46 Träumen
872 2590 182 45 werdet
1077 2590 73 44 ihr
1172 2602 110 33 euer
1307 2590 160 45 Leben
1491 2590 109 58 lang
1622 2590 118 46 euch
1771 2592 338 57 rechtfertigen
2132 2594 193 43 müssen
2347 2604 89 33 vor

299 2661 243 46 Millionen
575 2661 160 56 Toter,
778 2674 146 46 gegen
967 2665 144 43 deren
1144 2664 395 58 Abschlachtung
1569 2665 74 45 ihr
1674 2667 157 43 nichts
1864 2667 339 45 einzuwenden
2236 2664 197 56 hattet.)

308 2736 77 44 Ihr
404 2736 179 44 werdet
606 2747 50 33 so
680 2735 110 57 lang
811 2735 216 59 leugnen,
1063 2738 71 44 bis
1158 2738 72 44 ihr
1252 2739 75 44 nie
1351 2738 133 45 mehr
1505 2750 250 46 vergessen
1779 2739 168 46 könnt.
1981 2740 129 46 Aber
2130 2741 86 44 wir
2236 2741 197 54 andern,

299 2810 87 43 wir
416 2810 149 45 außer
595 2810 138 53 euch,
767 2810 75 43 die
873 2811 84 44 wir
993 2810 138 46 Ekels
1166 2813 95 44 voll
1293 2814 106 43 sind
1432 2825 115 33 vom
1573 2813 197 45 Gericht
1803 2814 119 44 über
1944 2815 141 45 euch:
2121 2816 101 44 Wir
2244 2815 185 43 können

301 2884 119 44 auch
453 2894 268 48 vergessen.
758 2885 123 44 Eure
913 2885 95 44 Tat
1041 2898 59 31 zu
1136 2899 190 33 unserm
1361 2889 281 56 Vergessen:
1679 2889 134 43 Setzt
1846 2889 83 43 auf
1961 2900 110 33 eure
2108 2890 217 45 Schande
2348 2890 84 43 das

301 2957 297 45 Bekenntnis
622 2959 84 44 der
730 2959 234 44 Schande.
1003 2959 217 56 Sprecht,
1246 2961 151 45 denen
1422 2962 240 56 Langmut
1686 2962 121 44 noch
1830 2962 75 45 die
1929 2962 277 46 öffentliche
2232 2964 198 44 Stimme

298 3032 109 56 ließ,
443 3034 128 44 offen
597 3046 101 43 aus,
733 3035 87 44 wie
853 3045 112 33 man
1000 3035 117 43 euch
1150 3035 184 58 betrog,
1370 3039 98 42 und
1500 3039 86 42 wie
1618 3037 75 44 ihr
1815 3036 214 46 Händler
2058 3050 141 46 sogar
2231 3040 79 42 des
2344 3037 59 44 Be-

298 3107 135 56 trugs
552 3107 167 45 weiter
750 3109 238 55 betröget.

420 3196 122 50 Kein
567 3196 268 46 Schwindel
857 3196 133 45 mehr
1011 3197 91 44 mit
1127 3197 364 47 Hinkeformen.
1526 3199 202 45 Fordert
1750 3199 142 47 Alles.
1925 3200 86 46 Die
2037 3199 392 58 Unbedingtheit,

298 3281 95 35 von
428 3271 84 45 der
543 3271 73 45 ihr
646 3271 126 56 wißt.

418 3360 148 43 Oder:
600 3361 125 45 auch
755 3360 124 57 jetzt
910 3360 123 44 noch
1065 3361 151 56 bangt
1239 3363 74 43 ihr
1336 3374 80 32 um
1441 3364 85 43 das
1554 3363 243 45 Geschäft.
1830 3365 131 45 Aber
1982 3366 128 44 dann
2132 3364 140 46 hütet
2292 3363 136 44 euch.

301 3432 86 45 Die
415 3434 359 45 Gemeinschaft
796 3436 83 43 der
900 3434 217 45 Zukunft
1138 3435 136 56 wird,
1308 3435 147 46 selbst
1473 3448 62 33 an
1554 3436 132 46 ihren
1705 3437 408 59 leichtsinnigsten
2136 3437 292 56 Sonntagen,

299 3507 136 45 keine
472 3507 321 51 Kletteraffen
825 3510 136 44 mehr
994 3509 260 45 brauchen.
