2697 4183
2287 3773 152 80 1

259 347 174 81 Hans
477 347 349 81 Siemsen:

787 511 366 72 WARTET
1186 510 278 72 NICHT
1501 510 354 73 LÄNGER

1294 687 40 56 I.

361 790 64 55 99
441 792 68 68 %
531 788 118 56 aller
670 788 379 68 Kriegsgegner,
1072 790 117 57 aller
1209 788 409 70 Kriegsfreunde,
1638 790 118 55 aller
1764 780 441 76 Überrumpelten,
2224 780 132 67 Über-

248 878 243 65 raschten,
526 868 368 76 Überrannten,
928 880 149 70 99%
1107 882 64 54 all
1201 882 144 54 derer
1374 882 83 54 die
1486 879 84 57 für
1599 879 202 68 Europa
1830 880 107 56 und
1967 901 155 46 gegen
2155 882 232 56 Grenzen

248 969 130 63 sind,
408 968 82 56 für
522 968 160 57 Recht
711 971 108 56 und
849 992 155 45 gegen
1046 971 193 64 Macht,
1279 971 81 57 für
1392 969 127 58 Gott
1549 969 106 56 und
1693 992 155 43 gegen
2053 968 148 66 Welt,
2231 994 156 43 gegen

249 1058 150 64 diese,
430 1057 119 56 aber
578 1058 82 56 für
691 1060 110 55 eine
827 1061 181 56 andere
1027 1061 151 65 Welt,
1209 1062 148 70 99%
1391 1060 120 55 aller
1538 1060 324 67 anständigen
1890 1060 176 63 Leute,
2098 1061 145 70 99%
2272 1058 118 57 aller

250 1147 314 57 Kameraden
603 1150 156 56 toben
797 1151 93 55 seit
919 1151 107 56 drei
1062 1150 205 68 Jahren,
1295 1150 201 67 solange
1524 1150 90 56 der
1646 1148 173 68 Krieg,
1852 1150 88 56 der
1970 1150 72 54 sie
2071 1162 75 44 tot
2183 1181 74 11 —•
2282 1151 107 55 und

249 1239 134 56 wach
409 1239 312 67 geschlagen,
749 1241 192 57 dauert.
997 1240 209 67 Täglich
1239 1241 165 56 enden
1435 1240 108 56 ihre
1577 1240 417 66 Betrachtungen,
2036 1239 353 57 Erkenntnisse

248 1328 105 55 und
402 1329 318 66 Programme
771 1331 90 55 mit
912 1330 117 57 dem
1084 1330 149 58 Satz:
1299 1330 173 66 „Also,
1530 1353 142 33 wenn
1716 1330 90 55 der
1845 1329 156 67 Krieg
2046 1328 170 57 vorbei

248 1418 121 54 oder
397 1416 224 66 „Wartet
646 1420 190 65 wenige
861 1419 162 67 Tage;
1054 1419 133 56 dann
1227 1419 117 57 ruht
1373 1420 82 55 die
1486 1419 174 56 hellste
1699 1419 315 57 Drommete.
2066 1419 106 55 Der
2208 1419 179 56 Friede

246 1508 64 54 ist
348 1507 331 67 geschlossen.
730 1508 107 57 Der
870 1509 153 66 Krieg

358 1597 142 57 Euch
529 1597 145 63 allen,
715 1598 128 56 liebe
876 1598 249 66 Freunde,
1163 1599 177 55 keinen
1368 1598 174 65 Hohn,
1581 1598 175 56 keinen
1796 1598 256 56 Vorwurf!
2092 1598 179 55 Haben
2299 1599 88 55 wir

246 1686 139 56 nicht
413 1687 95 55 alle
537 1710 95 32 uns
664 1687 160 55 selber
848 1687 181 66 täglich
1060 1689 488 65 entgegengehöhnt:
1581 1687 283 66 „Feigling!
1897 1687 311 63 machtloser,
2238 1687 119 56 über-

244 1775 230 66 tölpelter
500 1799 97 37 yon
625 1776 288 63 Ministern,
941 1776 368 56 Viehhändlern
1337 1777 106 55 und
1471 1776 332 63 Feldwebeln,
1836 1775 371 67 übertölpelter,
2239 1776 118 54 über-

248 1865 236 63 raschter,
522 1865 358 67 ausgelachter,
924 1865 421 58 kommandierter
1862 1867 177 55 Dieser
2079 1866 155 56 Hohn
2287 1889 100 34 war

245 1954 168 64 bitter,
452 1955 119 55 aber
608 1965 211 47 unnütz.
858 1955 82 56 Da
978 1956 190 55 einsam
1200 1955 107 56 sich
1345 1954 289 57 erschießen
1661 1979 64 32 zu
1765 1955 158 56 lassen
1963 1955 131 55 noch
2132 1955 222 56 schwäch-

245 2043 155 55 licher
427 2067 222 43 gewesen
677 2057 145 52 wäre,
855 2045 69 55 als
951 2068 62 32 zu
1040 2044 297 66 schweigen,
1377 2044 106 56 und
1520 2068 62 32 zu
1609 2044 180 56 leiden.
1824 2043 85 57 Ich
1937 2067 100 31 war
2057 2067 55 31 so
2139 2044 245 65 schwach,

244 2156 57 33 so
334 2134 168 56 hilflos
533 2135 108 56 und
672 2134 318 67 unglücklich
1031 2137 93 53 wie
1156 2134 101 57 Ihr.
1336 2134 131 56 Kein
1501 2134 231 57 Vorwurf
1769 2134 119 65 also,
1921 2134 163 55 nichts
2116 2156 97 34 was
2240 2134 141 56 Euch

244 2222 217 57 kränken
500 2223 211 58 könnte!

357 2312 136 56 Aber
546 2314 80 54 ein
665 2312 186 58 Zuruf:
895 2312 175 57 Wacht
1114 2314 110 56 auf!
1285 2313 125 56 Seht
1455 2336 89 33 um
1587 2312 167 57 Euch!
1816 2312 194 56 Unsere
2047 2312 112 57 Zeit
2197 2314 63 54 ist
2299 2336 56 43 ge-

245 2403 253 55 kommen.
538 2402 209 56 Worauf
778 2402 84 56 Ihr
893 2416 247 52 gewartet,
1181 2403 86 55 das
1298 2403 65 54 ist
1393 2401 293 67 geschehen.
1727 2401 105 56 Der
1864 2402 156 66 Krieg
2059 2403 63 54 ist
2153 2402 231 56 beendet.

357 2491 166 56 Unser
556 2491 192 66 Kampf
786 2491 123 56 muß
942 2491 276 66 beginnen!

1280 2670 66 55 II.

358 2773 105 56 Der
504 2773 155 67 Krieg
697 2774 90 56 der
824 2774 220 56 anderen
1090 2774 64 55 ist
1186 2773 232 56 beendet.
1450 2773 107 56 Der
1580 2774 155 66 Krieg
1772 2775 52 55 in
1864 2775 117 55 dem
2019 2775 89 55 wir
2140 2774 241 57 machtlos

245 2885 183 41 waren,
477 2862 91 56 der
599 2863 157 66 Krieg
792 2863 97 55 den
930 2863 81 55 die
1049 2862 236 64 anderen,
1330 2885 179 33 unsere
1548 2863 203 67 Gegner
1798 2864 314 64 vorbereitet,
2168 2863 213 66 gewollt,

246 2952 289 65 berechnet,
574 2952 199 65 geführt
814 2952 161 54 haben
1017 2952 106 56 und
1149 2951 200 58 führen.
1389 2952 98 56 Die
1512 2952 381 65 Chauvinisten,
1925 2953 81 55 die
2037 2952 343 65 All-Männer,

245 3043 81 56 die
344 3042 232 64 Militärs,
604 3042 80 55 die
705 3041 365 67 Regierungen,
1095 3041 287 66 Kaufleute,
1413 3064 152 34 unsre
1585 3042 527 57 nichtsozialistischen
2133 3042 247 64 Politiker,

244 3132 82 55 die
349 3130 288 66 Mächtigen
659 3131 105 56 und
785 3131 412 66 Machtgierigen,
1225 3131 82 56 die
1327 3130 377 70 Monopolisten
1725 3132 86 56 des
1831 3130 263 68 gesetzlich
2122 3131 230 66 geschütz-

241 3236 85 41 ten
362 3220 268 57 Unrechts.
669 3220 116 63 Die,
816 3220 152 56 deren
1001 3219 153 55 Reich
1186 3243 97 33 von
1316 3220 160 57 dieser
1506 3221 132 59 Welt
1667 3224 83 54 ist.
1782 3221 110 57 Von
1925 3226 173 52 dieser
2121 3220 146 63 Welt,
2299 3222 82 55 die

242 3313 91 54 wir
362 3311 140 56 nicht
538 3307 331 68 anerkennen,
908 3309 81 57 die
1022 3311 89 55 wir
1142 3309 294 70 bekämpfen
1468 3313 107 55 und
1606 3313 83 55 die
1727 3313 89 54 wir
1844 3311 188 56 ändern
2065 3310 176 57 wollen
2274 3310 106 57 und

241 3403 220 56 werden.

352 3490 87 57 Sie
471 3490 163 59 haben
665 3490 73 56 im
772 3489 185 66 Kriege
985 3489 160 56 durch
1178 3489 98 56 den
1311 3490 157 68 Krieg
1493 3490 145 57 nicht
1664 3490 179 56 anders
1869 3489 107 56 und
2003 3489 138 57 nicht
2168 3489 211 67 heftiger

241 3605 158 45 gegen
430 3603 98 35 uns
560 3579 105 57 und
697 3600 179 36 unsere
908 3577 131 58 Welt
1070 3577 253 71 gekämpft
1355 3581 71 55 als
1453 3602 87 36 vor
1567 3581 116 55 dem
1712 3579 203 68 Kriege.
1959 3578 136 58 Aber
2118 3579 71 56 sie
2217 3579 162 59 haben

242 3671 159 56 durch
433 3669 143 58 ihren
611 3669 158 67 Krieg
800 3667 145 58 mehr
973 3667 71 58 als
1076 3691 96 34 uns
1204 3671 391 57 untereinander
1624 3669 107 58 sich
1763 3668 156 59 selbst
1949 3668 295 59 zerfleischt.
2293 3668 87 57 Sie
