2237 3802
652 216 77 28 I.ES
762 208 169 35 ANNÉES
965 216 55 25 DE
1050 215 221 34 JEUNESSE
1304 216 56 25 DE
1393 216 174 27 RAMEAU

2038 207 66 36 161

176 303 239 46 L'intérêt
442 304 148 46 serait
630 316 197 35 surtout
855 320 129 47 pour
1025 320 128 29 nous
1194 304 57 46 de
1303 303 164 47 savoir
1514 304 216 61 quelque
1772 304 146 45 chose
1940 304 58 46 de
2037 320 77 30 ces

114 396 248 49 rapports.
394 384 495 47 Malheureusement
926 400 128 30 nous
1084 400 61 29 en
1180 398 218 31 sommes
1444 383 189 47 réduits
1664 400 94 30 aux
1785 383 327 60 conjectures.

115 467 206 60 D'après
344 466 46 45 la
413 466 179 62 phrase
617 468 57 45 de
707 467 242 55 Rameau,
982 464 31 47 il
1044 467 161 60 paraît
1228 464 198 47 évident
1458 466 120 61 qu'il
1603 481 61 30 ne
1692 464 140 64 s'agit
1864 482 88 46 pas
1982 466 57 45 de
2071 466 45 44 la

115 546 180 62 simple
336 547 428 47 communication
813 547 146 46 d'une
1007 558 177 35 recette
1219 546 229 62 pratique
1484 562 127 46 pour
1639 547 45 44 la
1732 546 290 47 réalisation
2057 547 59 46 de

113 627 516 61 l'accompagnement
658 644 61 30 au
744 627 232 47 clavecin.
993 626 259 62 Supposer
1274 642 95 45 que
1397 627 223 46 Rameau
1651 631 82 42 eût
1764 630 152 59 songé
1940 630 25 43 à
1996 626 120 47 faire

115 708 280 46 seulement
437 708 226 46 mention
712 710 118 45 d'un
874 708 87 46 fait
1011 707 134 47 aussi
1180 707 311 64 insignifiant
1525 708 149 46 serait
1717 708 231 46 absurde.
1982 707 127 62 Cinq

115 788 221 47 minutes
361 790 301 45 d'attention
686 790 228 47 suffisent
943 792 26 43 à
990 788 181 47 retenir
1200 790 69 44 les
1294 790 204 45 accords
1535 805 97 46 que
1672 790 44 45 la
1747 790 130 61 règle
1915 791 58 44 de
2004 790 92 44 l'oc-

117 881 108 34 tave
249 868 211 63 prescrit
499 870 311 62 d'employer
849 886 84 31 sur
964 870 218 45 chacune
1213 870 86 45 des
1328 881 144 34 notes
1515 870 86 45 des
1641 884 224 48 gammes
1896 868 221 60 majeure

117 966 63 31 ou
209 950 256 55 mineure;
500 950 32 45 il
579 953 127 44 n'est
747 953 149 60 guère
926 951 176 47 besoin
1144 952 118 45 d'un
1303 952 176 45 maître
1510 966 129 46 pour
1667 951 281 62 apprendre
1992 962 125 35 cette

115 1031 234 57 formule,
376 1030 86 62 qui
509 1046 50 31 se
603 1031 217 46 trouvait
855 1031 177 62 depuis
1074 1031 179 62 quinze
1297 1046 87 29 ans
1424 1031 289 62 reproduite
1742 1031 123 46 dans
1904 1042 113 35 tous
2047 1031 70 46 les

117 1112 245 46 manuels.
391 1112 95 45 Les
527 1111 316 62 expressions
885 1113 60 45 de
974 1113 244 55 Rameau,
1239 1112 164 62 plutôt
1427 1115 141 58 porté
1594 1116 25 41 à
1656 1111 253 47 diminuer
1942 1112 42 45 le
2014 1112 103 45 rôle

117 1195 58 45 de
213 1192 214 47 Lacroix
476 1209 59 29 en
585 1204 124 35 cette
761 1192 358 59 circonstance,
1164 1210 61 29 ne
1265 1206 217 50 peuvent
1521 1192 221 64 signifier
1770 1206 139 33 autre
1949 1192 165 57 chose,

119 1275 150 45 sinon
289 1290 97 46 que
410 1286 75 33 cet
505 1272 172 47 artiste
696 1273 68 46 lui
789 1273 160 47 aurait
973 1275 230 62 expliqué
1223 1275 113 62 plus
1375 1290 64 30 ou
1462 1273 169 47 moins
1652 1273 467 64 dogmatiquement

118 1356 71 46 les
239 1352 340 64 spéculations
622 1353 292 63 théoriques
964 1370 84 30 sur
1077 1355 120 62 quoi
1227 1355 218 62 reposait
1481 1366 123 34 cette
1647 1355 131 62 règle
1820 1353 297 64 empirique,

118 1437 131 45 alors
291 1436 200 61 d'usage
514 1447 225 35 courant.
775 1435 66 45 Et
876 1447 159 50 quant
1082 1439 24 41 à
1134 1451 77 31 ces
1242 1447 132 35 mots
1407 1449 9 33 :
1457 1455 20 23 «
1516 1451 95 31 une
1637 1435 359 48 connoissance
2019 1435 75 47 dis-

119 1517 150 46 tincte
297 1536 41 40 >:,
359 1519 24 44 à
405 1516 168 46 moins
595 1516 152 46 d'être
771 1517 203 61 aveuglé
1001 1533 90 45 par
1107 1517 42 45 le
1170 1516 129 62 parti
1323 1517 121 61 pris,
1462 1517 86 61 qui
1568 1533 60 30 ne
1658 1529 108 34 sent
1788 1517 147 61 qu'ils
1958 1517 161 46 visent

118 1600 27 43 à
180 1601 236 59 suggérer
465 1596 141 47 l'idée
658 1596 324 47 d'entretiens
1049 1600 211 58 répétés,
1311 1597 58 46 de
1421 1596 331 60 discussions,
1792 1596 327 61 d'objections

118 1681 286 60 présentées
434 1689 46 34 et
510 1677 257 46 résolues?

179 1759 128 45 Mais
349 1759 117 45 c'est
515 1771 111 49 trop
683 1756 332 64 s'appesantir
1063 1759 283 58 là-dessus,
1392 1757 213 63 puisque
1650 1774 162 32 aucun
1848 1759 273 47 document

119 1839 162 63 précis
330 1854 61 30 ne
433 1839 91 45 fixe
568 1850 142 34 notre
748 1837 297 47 incertitude
1083 1853 85 31 sur
1210 1839 69 44 les
1323 1837 400 63 fréquentations
1772 1839 58 45 de
1874 1840 244 58 Rameau,

119 1921 51 46 ni
195 1936 86 31 sur
302 1936 51 31 ce
383 1920 121 62 qu'il
535 1936 26 30 a
584 1935 66 47 pu
682 1919 118 47 tirer
834 1920 65 46 du
922 1934 277 32 commerce
1229 1920 57 46 de
1308 1935 76 31 ses
1416 1919 265 47 confrères.
1708 1920 135 46 Tout
1878 1936 52 30 ce
1967 1920 154 62 qu'on

119 2016 60 31 en
214 2013 120 50 peut
387 2000 121 56 dire,
561 2001 117 45 c'est
719 1999 119 62 qu'il
879 1999 73 45 fut
1001 2000 97 44 très
1150 1999 360 47 certainement
1556 1999 207 47 conduit
1799 2015 94 31 aux
1930 2000 162 46 recher-

119 2082 117 46 ches
259 2082 58 46 de
341 2096 122 47 pure
507 2080 191 47 théorie
742 2079 86 62 qui
858 2080 121 46 l'ont
1008 2080 158 46 rendu
1203 2080 190 46 célèbre
1444 2095 89 47 par
1562 2080 180 47 l'étude
1772 2080 232 62 pratique
2034 2081 85 46 des

122 2162 236 63 procédés
402 2161 548 62 d'accompagnement,
980 2160 235 62 question
1253 2160 87 62 qui
1377 2161 321 62 préoccupait
1736 2161 131 46 alors
1897 2174 115 34 tous
2050 2161 69 47 les

119 2242 291 47 musiciens.
446 2244 118 44 Non
604 2258 87 45 pas
716 2254 107 34 tant
846 2256 128 47 pour
1002 2246 328 56 eux-mêmes,
1365 2241 114 47 bien
1505 2242 239 59 entendu,
1778 2259 95 44 que
1899 2259 129 46 pour
2050 2244 69 44 les

121 2322 269 47 nécessités
419 2322 60 46 de
510 2322 105 46 leur
655 2321 395 62 enseignement.
1086 2320 176 48 Savoir
1290 2322 203 46 réaliser
1518 2322 298 61 impromptu
1841 2339 69 30 un
1934 2339 157 29 accom-

119 2416 305 51 pagnement
456 2414 186 35 correct
679 2419 85 29 sur
796 2402 45 46 la
875 2402 141 46 basse
1050 2402 253 59 continue,
1345 2402 198 47 chiffrée
1578 2419 67 30 ou
1674 2419 118 41 non,
1817 2404 120 45 était
1970 2404 126 45 indis-

121 2485 234 62 pensable
383 2485 131 44 alors
557 2488 25 41 à
622 2482 87 63 qui
734 2482 188 46 voulait
961 2482 192 47 étudier
1184 2484 44 45 la
1253 2484 251 61 musique,
1547 2482 150 47 fût-ce
1726 2499 61 30 en
1816 2484 187 61 qualité
2027 2485 72 44 d'a-

121 2579 210 33 mateur.
355 2565 65 46 Et
442 2564 43 45 la
510 2562 149 47 chose
689 2562 172 46 n'était
886 2579 88 44 pas
1003 2562 159 46 facile.
1195 2564 90 44 Les
1317 2562 198 47 artistes
1540 2564 58 45 de
1629 2562 300 63 profession,
1956 2564 167 45 mieux

122 2648 156 44 doués
296 2662 62 30 ou
391 2645 324 61 simplement
738 2644 111 61 plus
869 2643 213 57 assidus,
1103 2660 32 45 y
1164 2644 267 45 arrivaient
1454 2659 177 29 encore
1656 2659 89 46 par
1766 2659 98 30 une
1893 2644 229 62 pratique

122 2726 315 61 journalière,
470 2726 188 61 malgré
688 2724 244 46 l'absence
969 2725 57 46 de
1067 2724 157 62 règles
1261 2724 114 46 bien
1411 2724 241 46 certaines
1683 2725 176 62 depuis
1892 2742 97 45 que
2023 2726 99 46 l'on

123 2808 278 62 s'éloignait
420 2808 59 44 de
500 2806 112 60 jour
634 2820 59 31 en
709 2805 109 60 jour
834 2805 59 45 de
917 2804 207 46 l'ancien
1144 2804 334 62 contrepoint.
1495 2805 129 46 Mais
1641 2806 132 46 leurs
1797 2806 178 59 élèves,
1995 2823 96 30 ama-

123 2902 133 33 teurs
275 2900 46 35 et
344 2903 119 47 gens
498 2886 64 46 du
584 2885 202 56 monde,
801 2900 31 45 y
849 2884 195 47 avaient
1064 2884 259 62 beaucoup
1349 2886 57 45 de
1432 2885 160 62 peine.
1613 2904 21 24 «
1669 2886 39 46 Il
1733 2886 103 46 faut
1857 2888 86 44 des
1966 2886 110 47 huit
2098 2891 25 42 à

123 2970 81 46 dix
234 2971 181 45 années
441 2982 129 47 pour
595 2983 31 44 y
649 2965 189 47 réussir
876 2965 371 62 passablement
1279 2985 42 40 »,
1345 2966 71 46 dit
1440 2968 366 61 Jean-Jacques
1839 2969 280 56 Rousseau,

123 3050 85 61 qui
230 3049 105 46 doit
355 3059 110 34 tout
498 3048 59 44 de
588 3051 161 40 même
773 3049 231 58 exagérer
1030 3062 67 30 un
1121 3062 112 47 peu.

183 3131 137 45 Tout
336 3130 42 45 le
397 3129 182 44 monde
595 3126 270 47 travaillait
886 3128 129 45 donc
1031 3129 26 44 à
1081 3128 227 47 inventer
1323 3129 216 61 quelque
1558 3129 235 46 méthode
1812 3130 113 61 plus
1949 3129 173 62 rapide

122 3225 46 33 et
190 3213 115 61 plus
335 3214 131 52 sûre,
503 3211 24 42 à
551 3208 168 47 mieux
747 3209 285 61 cataloguer
1055 3209 69 46 les
1161 3209 162 46 divers
1351 3210 203 46 accords
1573 3209 174 60 usités,
1770 3213 26 43 à
1820 3210 303 46 déterminer

123 3294 112 61 plus
265 3291 244 46 aisément
554 3289 108 46 leur
686 3289 134 61 place
862 3300 47 35 et
937 3289 108 46 leur
1081 3290 398 46 enchaînement.
1537 3290 243 59 Rameau,
1824 3290 86 62 qui
1933 3290 189 46 admire

123 3373 216 62 quelque
364 3383 111 51 part
513 3389 19 22 «
571 3369 153 62 qu'on
745 3369 66 46 ait
841 3385 66 45 pu
928 3385 211 46 pousser
1162 3370 43 46 la
1227 3370 228 62 pratique
1477 3371 58 45 de
1561 3371 42 45 la
1634 3371 231 61 musique
1896 3387 61 30 au
1981 3373 142 61 point

123 3455 64 46 où
217 3454 90 46 elle
339 3465 72 33 est
446 3467 250 48 parvenue
721 3467 115 29 sans
860 3467 61 29 en
959 3454 258 43 connoître
1238 3453 41 44 le
1303 3453 295 45 fondement
1615 3465 47 35 et
1685 3455 153 60 qu'on
1855 3454 68 44 ait
1947 3457 175 41 -trouvé

123 3547 164 34 toutes
335 3534 70 46 les
446 3533 158 62 règles
658 3547 114 30 sans
820 3532 137 45 avoir
994 3532 267 46 découvert
1303 3533 42 44 le
1380 3533 226 62 principe
1646 3533 86 62 qui
1775 3534 69 44 les
1873 3533 166 45 donne
2078 3553 41 39 »,
