2237 3802
831 220 278 40 ESTHÉTIQUE
1139 227 219 27 MUSICALE

2022 219 67 36 181

154 333 19 21 «
207 314 80 45 En
310 329 211 46 somme,
550 329 170 33 autant
742 317 119 62 qu'il
893 328 72 33 est
995 314 207 62 permis,
1226 329 61 31 en
1317 314 342 64 psychologie,
1686 315 307 63 d'employer
2009 317 85 45 des

88 394 242 47 formules
374 398 254 60 générales
746 409 45 35 et
821 412 114 30 avec
964 408 126 34 cette
1134 399 193 42 réserve
1376 397 203 61 qu'elles
1620 397 336 47 conviennent
1995 401 25 43 à
2054 398 43 44 la

89 474 249 61 majorité,
372 493 101 31 non
494 479 99 45 àla
621 478 191 46 totalité
837 479 85 45 des
953 493 79 29 cas
1061 492 141 29 —on
1226 488 119 50 peut
1374 477 105 45 dire
1503 493 113 46 que,
1644 478 183 47 durant
1851 478 42 46 le
1923 478 173 46 travail

90 557 60 45 de
169 557 362 63 l'imagination
554 559 255 59 musicale,
833 557 319 63 l'apparition
1170 557 239 63 d'images
1432 558 232 47 visuelles
1687 572 72 33 est
1774 558 294 62 l'exception
2088 576 12 40 ;

92 655 96 44 que
220 639 202 63 lorsque
452 653 125 33 cette
597 641 160 45 forme
788 638 379 62 d'imagination
1199 652 74 33 est
1302 638 165 56 faible,
1495 639 90 45 elle
1617 652 72 33 est
1711 639 43 46 la
1785 639 147 63 règle.

153 737 21 24 «
210 755 51 10 ...
295 721 80 44 En
405 724 215 56 résumé,
652 724 25 42 à
719 721 269 45 l'encontre
1025 721 59 45 de
1129 718 365 64 l'imagination
1531 719 290 47 sensorielle
1857 721 86 61 qui
1967 737 27 29 a
2016 737 77 29 ses

94 816 203 32 sources
319 818 61 30 au
402 803 202 59 dehors,
626 802 367 62 l'imagination
1019 801 221 47 affective
1265 817 26 29 a
1315 817 51 29 sa
1396 817 171 31 source
1593 817 60 31 en
1674 802 205 46 dedans.
1914 803 69 45 La
2003 818 65 30 ma-

94 882 122 46 tière
242 883 58 45 de
320 898 51 30 sa
399 883 220 47 création
651 895 72 35 est
746 884 123 46 dans
893 900 80 29 ces
1001 887 126 41 états
1150 883 158 45 d'âme
1334 882 240 47 ci-dessus
1595 886 266 43 énumérés
1903 896 45 33 et
1980 883 122 46 dans

97 963 132 46 leurs
249 962 380 48 innombrables
653 962 376 47 combinaisons
1054 962 179 62 qu'elle
1256 962 220 62 exprime
1508 975 45 33 et
1583 964 91 45 fixe
1700 964 121 45 dans
1848 963 43 46 la
1926 964 177 61 langue

98 1043 85 61 qui
214 1042 69 47 lui
305 1056 74 33 est
408 1058 184 47 propre
623 1057 45 33 et
690 1046 121 45 dont
841 1044 91 46 elle
955 1060 26 30 a
1005 1061 54 29 su
1080 1043 120 47 tirer
1219 1060 69 30 un
1310 1043 128 61 parti
1463 1043 341 48 merveilleux.
1832 1065 20 23 »

158 1123 166 46 Telles
346 1137 114 33 sont
484 1124 69 46 les
578 1124 133 47 idées
737 1127 58 44 de
822 1126 67 47 M.
913 1126 97 45 Th.
1047 1124 184 59 Ribot;
1266 1124 117 46 elles
1416 1137 113 33 sont
1559 1128 100 43 très
1691 1126 332 59 séduisantes,
2061 1135 46 36 et

98 1203 344 61 contiennent,
469 1206 357 59 évidemment,
866 1221 98 32 une
995 1206 185 61 grande
1219 1216 108 49 part
1363 1206 58 44 de
1451 1204 172 47 vérité.
1653 1207 77 44 En
1769 1218 262 33 ramenant
2064 1206 43 44 la

99 1284 221 46 création
343 1286 236 45 musicale
605 1291 24 40 à
658 1303 69 30 un
748 1287 173 46 travail
951 1298 110 35 tout
1085 1286 258 59 intérieur,
1378 1302 115 29 sans
1513 1287 454 46 communications
1993 1302 114 31 avec

101 1366 42 45 le
173 1368 188 45 monde
383 1367 207 60 objectif
615 1381 46 33 et
690 1368 192 59 visible,
916 1385 51 29 ce
991 1372 216 58 système
1232 1367 211 47 satisfait
1476 1368 43 45 le
1557 1384 113 30 sens
1693 1368 210 47 musical
1926 1370 40 44 le
1998 1368 112 62 plus

103 1448 151 59 élevé,
275 1448 162 61 lequel
460 1447 259 47 considère
738 1464 196 30 comme
951 1448 270 47 inférieure
1236 1448 44 46 la
1293 1448 234 63 musique
1543 1448 299 63 descriptive
1865 1462 47 33 et
1933 1461 177 34 trouve

104 1545 51 29 sa
182 1528 312 46 satisfaction
520 1530 43 44 la
586 1530 111 61 plus
728 1530 147 47 haute
907 1530 122 45 dans
1061 1530 43 44 la
1128 1528 300 63 symphonie
1468 1545 143 46 pure.
1647 1531 69 44 La
1757 1530 190 45 théorie
1978 1531 58 44 de
2068 1530 44 44 la

107 1631 16 19 «
159 1610 244 47 mémoire
428 1610 220 47 affective
671 1630 42 35 »,
728 1611 230 46 nouvelle
979 1626 195 31 comme
1197 1610 226 47 doctrine
1446 1611 57 46 de
1523 1611 340 62 psychologie,
1895 1624 74 34 est
1992 1626 89 31 con-

104 1688 159 49 forme
283 1693 26 44 à
333 1691 246 62 l'opinion
609 1706 268 31 commune
907 1704 46 34 et
983 1707 94 31 aux
1108 1691 113 46 faits
1242 1692 70 45 les
1340 1692 113 60 plus
1490 1692 231 59 certains,
1754 1709 60 29 en
1833 1692 281 46 assimilant

106 1771 43 46 la
174 1771 278 46 sensibilité
477 1771 64 46 du
573 1771 344 62 compositeur
955 1775 26 43 à
1020 1787 69 31 un
1136 1771 221 62 appareil
1406 1772 87 61 qui
1519 1773 273 59 accumule,
1829 1786 282 48 transpose,

108 1852 142 46 affine
272 1866 47 33 et
357 1852 224 56 restitue,
605 1869 61 29 en
690 1853 204 63 langage
929 1852 200 62 spécial,
1162 1852 69 46 les
1266 1852 331 62 impressions
1637 1853 69 46 les
1731 1853 112 61 plus
1876 1853 235 46 diverses.

109 1933 110 46 Elle
250 1933 234 63 reprend,
516 1932 127 46 mais
664 1949 115 30 avec
803 1932 300 62 originalité,
1127 1949 95 29 une
1244 1932 210 61 opinion
1472 1932 107 61 déjà
1609 1932 240 47 ancienne
1874 1950 60 29 en
1952 1933 164 46 disant

109 2031 96 45 que
236 2035 21 22 «
290 2019 138 41 créer
455 2015 117 45 c'est
607 2031 50 29 se
708 2013 321 47 ressouvenir
1054 2035 19 22 »
1108 2016 265 60 (peut-être
1415 2013 277 47 faudrait-il
1724 2016 236 44 accorder
2006 2016 110 60 plus

109 2093 362 63 d'importance
493 2110 61 32 au
577 2095 100 45 rôle
699 2096 58 44 de
788 2093 360 58 l'inconscient,
1170 2093 297 47 c'est-à-dire
1489 2093 194 61 ajouter
1694 2095 46 45 la
1760 2095 356 47 réminiscence

112 2296 160 37 lecteur
306 2296 60 37 les
405 2295 294 39 observations
737 2304 39 29 et
818 2297 266 36 documents.
1127 2297 66 36 On
1215 2297 62 37 les
1306 2305 198 29 trouvera
1540 2297 21 36 à
1599 2297 38 36 la
1682 2297 58 36 fin
1773 2298 50 36 de
1850 2310 45 25 ce
1918 2297 170 38 volume
2110 2311 8 25 :

112 2358 246 49 Appendice
389 2359 49 36 D.
465 2359 109 36 Sous
591 2370 46 25 ce
672 2358 93 37 titre
791 2371 20 24 «
848 2359 68 36 Un
939 2366 173 30 concert
1152 2358 304 50 expérimental
1479 2374 36 31 »,
1536 2359 181 47 Gilman,
1751 2359 102 37 dans
1894 2360 226 37 American

111 2420 178 37 Journal
308 2420 48 53 of
381 2420 273 53 Psychology
676 2420 42 47 (t.
741 2420 70 46 IV,
833 2420 101 37 fasc.
958 2433 25 35 4
1005 2429 39 28 et
1065 2429 27 30 t.
1118 2420 49 46 V,
1194 2420 104 39 fasc.
1334 2434 31 33 1,
1393 2420 257 51 1892-1893),
1682 2434 21 23 a
1720 2421 138 38 étudié
1884 2422 98 36 d'un
2006 2430 114 28 autre

112 2481 120 50 point
276 2482 50 37 de
345 2494 79 26 vue
467 2482 126 38 l'effet
615 2483 51 37 de
685 2482 39 36 la
772 2482 193 50 musique
993 2495 70 24 sur
1107 2482 137 38 divers
1278 2491 183 29 auteurs.
1517 2483 115 37 Onze
1681 2495 227 25 morceaux
1949 2492 72 28 ont
2060 2483 62 37 été

115 2544 193 37 exécutés
330 2556 9 33 ;
364 2544 36 49 je
424 2553 98 28 note
546 2557 80 36 que
661 2545 19 35 3
707 2557 55 24 ou
783 2557 93 34 4au
898 2544 93 49 plus
1032 2553 73 28 ont
1121 2544 154 37 suscité
1300 2545 72 36 des
1408 2544 158 50 images
1581 2545 197 37 visuelles
1803 2561 8 28 ;
1840 2558 44 24 10
1903 2545 218 49 (peut-être

120 2606 61 50 11)
202 2607 73 36 des
305 2606 102 37 états
437 2606 300 39 émotionnels.
835 2606 98 37 Plus
955 2607 270 44 récemment,
1263 2607 38 36 la
1340 2606 325 53 Psychological
1684 2607 165 38 Review
1868 2608 254 49 (septembre

122 2668 113 51 1898,
259 2681 40 37 p.
329 2668 76 47 463
429 2676 39 28 et
491 2667 121 48 suiv.)
642 2681 21 24 a
694 2668 143 49 publié
875 2680 82 25 une
997 2668 271 38 observation
1291 2668 269 49 personnelle
1592 2667 49 37 de
1685 2669 253 50 Macdougal
1969 2673 53 35 où
2063 2671 59 36 les

116 2730 159 50 images
310 2730 49 37 de
377 2730 39 36 la
437 2742 78 25 vue
550 2738 332 41 accompagnent
921 2729 220 37 l'audition
1169 2729 202 38 musicale
1393 2742 73 37 par
1487 2730 223 49 exception
1731 2738 40 29 et
1799 2731 102 37 dans
1936 2733 71 37 des
2027 2746 73 24 con-

119 2792 156 37 ditions
306 2792 304 49 particulières.
657 2792 192 37 L'auteur
882 2803 42 25 se
964 2791 168 49 qualifie
1167 2791 50 37 de
1259 2804 19 24 «
1315 2804 155 36 pauvre
1512 2791 135 38 visuel
1682 2805 19 24 »
1728 2809 8 27 ;
1774 2793 28 36 il
1836 2793 164 39 déclare
2043 2808 81 37 que

118 2854 39 37 la
170 2854 194 50 musique
382 2854 190 38 n'éveille
588 2854 101 37 chez
713 2853 58 37 lui
791 2866 80 36 que
905 2854 81 36 très
1007 2861 210 29 rarement
1232 2854 71 36 des
1319 2854 356 49 représentations
1698 2854 197 39 visuelles
1912 2869 8 34 ;
1937 2870 18 24 «
1971 2869 153 25 encore

121 2916 222 37 sont-elles
374 2916 332 50 fragmentaires,
743 2915 233 38 consistant
1008 2928 51 24 en
1089 2914 155 38 formes
1290 2915 185 50 simples,
1526 2929 86 24 non
1667 2916 147 39 reliées
1855 2927 114 29 entre
2009 2920 115 45 elles,

122 2977 288 51 apparaissant
442 2979 103 36 dans
577 2991 58 24 un
658 2977 103 38 fond
797 2979 183 44 sombre,
1000 2986 156 28 restant
1195 2977 172 38 visibles
1388 2990 57 24 un
1478 2988 187 28 moment
1697 2992 55 24 ou
1785 2981 109 36 deux
1935 2989 39 29 et
2003 2982 103 37 s'éva-

124 3040 221 38 nouissant
379 3040 171 39 aussitôt
569 3058 34 22 ».
630 3041 71 46 Or,
741 3040 113 37 étant
883 3040 114 37 entré
1037 3052 52 24 au
1130 3048 172 28 concert
1319 3052 52 25 en
1406 3040 81 37 état
1534 3041 50 37 de
1620 3041 154 50 fatigue
1799 3051 39 28 et
1876 3042 50 38 de
1971 3056 130 25 surme-

125 3115 118 38 nage,
270 3102 27 37 il
317 3115 51 25 ne
401 3102 86 38 voit
517 3103 89 37 rien
627 3102 190 50 pendant
857 3102 36 37 le
914 3101 183 50 premier
1132 3114 199 25 morceau
1355 3115 7 33 ;
1401 3102 60 37 les
1502 3102 159 39 visions
1711 3113 295 29 commencent
2027 3118 76 37 pen-

126 3167 100 35 dant
246 3165 207 37 Yandante
481 3165 55 37 du
584 3166 155 36 second
769 3181 9 28 ;
809 3164 101 38 elles
934 3172 332 42 accompagnent
1294 3177 20 25 «
1362 3177 97 25 avec
1500 3165 224 49 profusion
1757 3179 21 24 »
1813 3167 219 38 l'audition
2072 3168 55 36 du

123 3226 215 38 troisième
374 3240 211 24 morceau.
609 3228 74 48 (Je
704 3226 169 38 renvoie
892 3238 108 38 pour
1027 3226 59 36 les
1124 3225 146 38 détails
1303 3226 21 36 à
1348 3226 261 50 l'appendice
1640 3228 187 48 précité.)
1863 3230 61 36 Ne
1947 3238 180 40 peut-on

125 3301 73 36 pas
223 3301 207 37 supposer
470 3301 80 38 que
568 3289 111 36 l'état
701 3288 320 49 d'épuisement,
1066 3288 212 37 abaissant
1317 3288 36 37 le
1374 3297 74 28 ton
1480 3289 98 38 vital
1620 3290 71 49 qui
1715 3299 61 28 est
1817 3290 39 37 la
1884 3292 99 37 base
2023 3291 49 37 de
2090 3292 38 35 la

124 3350 64 37 vie
228 3351 317 41 émotionnelle,
572 3350 186 38 diminue
784 3350 112 37 aussi
919 3350 38 37 la
992 3351 205 37 tendance
1231 3351 72 37 des
1336 3350 276 50 dispositions
1651 3351 210 39 affectives
1905 3365 17 23 a
1945 3354 181 35 renaître

129 3424 99 24 sous
249 3410 133 39 forme
423 3412 49 37 de
500 3412 219 38 souvenirs
749 3410 16 38 ?
788 3413 108 36 D'un
944 3421 114 28 autre
1093 3413 107 45 côté,
1242 3412 59 37 les
1327 3412 157 50 images
1524 3413 270 37 sensorielles
1841 3422 155 29 restent
2033 3426 94 24 sans

130 3473 286 49 antagonistes
459 3482 38 28 et
530 3483 171 40 passent
734 3487 50 23 au
819 3475 181 48 premier
1036 3474 111 49 plan,
1186 3475 22 36 à
1233 3475 137 36 moins
1410 3474 175 49 qu'elles
1628 3487 50 24 ne
1722 3475 137 37 soient
1887 3474 240 37 renforcées

130 3535 280 37 elles-mêmes
446 3548 73 35 par
537 3548 58 24 un
625 3536 81 36 état
755 3536 266 36 d'excitation
1046 3536 339 38 demi-morbide.
