2237 3802
661 222 76 25 LES
771 213 169 35 ANNÉES
975 222 56 25 DE
1062 219 221 34 JEUNESSE
1316 220 55 26 DE
1404 220 176 26 RAMEAU

2045 208 73 50 163

178 308 57 46 Je
275 324 77 30 me
399 308 226 63 rangerai
670 310 271 45 volontiers
985 311 26 43 à
1051 320 124 34 cette
1212 307 227 62 opinion.
1481 308 118 46 Non
1640 322 89 47 pas
1764 319 106 34 tant
1899 310 25 42 à
1974 322 145 31 cause

118 390 60 44 de
202 405 51 29 ce
278 405 97 46 que
421 388 71 47 dit
516 390 282 62 l'anonyme
841 390 66 45 du
1776 390 237 45 Mercure
1188 425 9 19 ,
1230 404 95 45 que
1355 404 145 47 parce
1532 404 95 45 que
1661 387 69 46 les
1754 387 366 46 circonstances

120 470 211 45 rendent
374 470 45 45 la
456 471 148 46 chose
639 476 360 41 extrêmement
1029 468 399 47 vraisemblable.
1475 470 145 44 Venu
1656 471 26 43 à
1726 468 142 46 Paris
1919 470 60 44 de
2029 484 92 30 son

121 552 83 60 gré
244 561 47 34 et
329 565 92 46 par
468 566 97 29 une
614 551 246 46 ambition
897 550 114 47 bien
1060 550 242 45 naturelle
1352 550 58 44 de
1454 548 248 63 parvenir,
1750 550 240 61 qu'est-ce
2032 547 88 64 qui

118 631 197 46 l'aurait
356 631 133 46 forcé
545 635 24 42 à
619 632 264 61 s'éloigner
912 646 214 49 presque
1169 630 466 47 immédiatement?
1687 631 66 44 Le
1796 646 219 46 manque
2062 631 57 46 de

118 726 301 41 ressources,
455 711 71 46 dit
548 712 177 46 Maret.
761 714 144 45 Nous
934 712 160 46 allons
1129 710 108 47 voir
1278 710 232 47 combien
1565 710 30 45 il
1649 726 49 29 se
1744 721 194 51 trompe
1969 711 126 60 juste-

117 805 140 33 ment
287 808 85 30 sur
404 808 50 30 ce
493 792 159 63 point.
700 794 165 45 Même
898 809 113 30 sans
1047 808 192 31 aucune
1277 792 200 46 fortune
1508 792 334 61 personnelle,
1895 792 225 46 Rameau

118 872 144 46 eùt-il
311 875 75 43 été
435 872 246 46 vraiment
736 890 114 29 sans
908 889 303 42 ressources,
1255 872 254 46 d'ailleurs
1547 872 17 45 ?
1617 872 94 45 Les
1766 872 128 46 deux
1941 886 180 47 orgues

118 954 121 62 qu'il
277 954 241 57 touchait,
565 954 40 45 si
648 956 254 45 modestes
946 956 152 60 qu'on
1138 955 68 44 les
1253 969 237 46 suppose,
1532 952 70 47 lui
1650 952 231 46 devaient
1921 968 201 30 assurer

117 1039 26 40 à
173 1050 97 46 peu
305 1036 111 60 près
446 1035 41 44 le
522 1035 276 46 nécessaire
835 1050 7 31 :
879 1051 90 30 son
1004 1036 169 56 talent,
1218 1037 233 44 consacré
1490 1049 89 47 par
1608 1034 42 45 le
1686 1032 317 64 témoignage
2034 1034 86 45 des

117 1130 121 46 gens
277 1115 57 44 de
366 1115 125 52 l'art,
536 1114 131 47 avait
690 1116 66 45 dù
797 1131 111 30 sans
933 1117 154 60 grand
1122 1116 98 45 mal
1247 1115 68 46 lui
1333 1130 237 46 procurer
1593 1115 86 44 des
1705 1114 230 45 subsides
1961 1129 133 30 acces-

118 1195 172 46 soires.
319 1195 80 46 En
447 1210 212 43 somme,
705 1195 41 61 je
779 1211 61 30 ne
888 1195 107 46 vois
1024 1196 142 62 point
1194 1211 95 46 que
1322 1196 224 45 Rameau
1578 1199 81 42 eût
1705 1194 180 45 débuté
1922 1196 25 43 à
1980 1194 140 45 Paris

117 1277 123 45 dans
268 1276 85 45 des
386 1275 286 47 conditions
692 1276 112 61 plus
847 1276 225 46 difficiles
1109 1293 94 45 que
1233 1276 268 62 n'importe
1537 1275 86 62 qui
1665 1275 59 46 de
1748 1290 76 29 ses
1848 1275 268 46 confrères.

117 1356 240 47 Aurait-il
383 1361 162 41 même
573 1357 158 63 perdu
762 1357 69 46 les
854 1359 129 44 deux
1005 1359 164 61 places
1194 1357 120 63 qu'il
1339 1357 230 63 occupait
1593 1373 61 29 en
1696 1374 10 28 i
1724 1357 92 60 706
1847 1371 95 46 que
1979 1356 44 46 la
2044 1356 75 46 vie

117 1436 70 47 lui
211 1440 84 43 eût
332 1440 75 43 été
442 1436 221 62 possible
687 1440 26 43 à
737 1453 127 47 coup
889 1441 99 43 sûr.
1013 1436 134 48 C'est
1183 1439 42 44 le
1255 1436 119 47 faire
1405 1437 114 46 bien
1547 1448 206 50 prompt
1782 1439 26 43 à
1832 1437 289 60 désespérer

117 1519 59 45 de
193 1517 257 47 lui-même
465 1534 95 46 que
581 1519 58 45 de
663 1519 155 45 croire
842 1519 155 61 qu'un
1015 1520 64 44 tel
1103 1530 358 51 contretemps,
1494 1517 74 46 s'il
1588 1519 113 44 s'est
1724 1517 221 61 produit,
1961 1517 160 46 aurait

118 1597 110 47 suffi
264 1601 26 42 à
311 1597 228 63 l'obliger
559 1601 26 42 à
621 1599 45 44 la
691 1599 215 45 retraite.

181 1677 293 63 Cependant
498 1679 32 44 il
568 1690 74 33 est
671 1679 188 45 certain
889 1679 120 61 qu'il
1044 1679 318 61 interrompt,
1404 1681 24 42 à
1453 1694 68 30 un
1551 1690 229 36 moment
1808 1680 182 55 donné,
2029 1693 91 30 son

117 1759 187 59 séjour.
344 1760 145 44 Nous
532 1760 41 44 le
629 1771 297 33 retrouvons
981 1761 25 43 à
1049 1759 153 58 Dijon
1239 1760 83 44 dès
1367 1759 42 44 le
1452 1771 430 33 commencement
1917 1760 58 44 de
1999 1759 93 44 l'an-

116 1844 89 42 née
237 1841 135 60 1715.
400 1840 105 46 Son
527 1840 125 46 frère
685 1839 190 48 Claude
901 1840 71 61 s'y
996 1839 154 47 marie
1180 1855 60 30 au
1261 1839 130 46 mois
1433 1840 58 45 de
1515 1839 188 61 janvier
1738 1855 63 31 ou
1827 1840 57 45 de
1908 1839 179 46 février
2107 1851 12 47 ;

121 1921 42 46 le
193 1933 193 34 contrat
414 1924 146 60 passé
586 1921 42 45 le
665 1939 53 28 10
750 1920 188 61 janvier
972 1933 137 34 entre
1140 1920 69 47 lui
1253 1933 44 33 et
1335 1937 51 29 sa
1415 1921 201 56 fiancée,
1654 1920 302 62 Marguerite
1988 1920 99 46 Ron-

117 2003 147 57 delet,
285 2013 175 34 atteste
482 2001 44 45 la
557 2004 232 58 présence
819 2001 59 46 de
901 2000 388 62 Jean-Philippe
1317 2017 61 29 en
1404 2017 50 30 sa
1477 2000 113 46 ville
1622 2001 179 46 natale.
1838 2018 22 27 «
1898 2001 68 45 Le
1990 1999 132 47 sieur

117 2080 191 48 Claude
350 2083 243 56 Rameau,
632 2080 250 64 organiste
906 2084 25 43 à
968 2080 170 61 Dijon,
1164 2081 76 45 fils
1264 2081 193 60 majeur
1486 2083 57 44 de
1579 2081 107 46 feus
1717 2080 134 47 sieur
1870 2081 124 45 Jean
2018 2081 69 45 Ra-

117 2178 145 30 meau
294 2179 150 45 aussy
474 2163 251 62 organiste
756 2178 61 30 au
849 2163 71 45 dit
948 2161 145 60 Dijon
1123 2174 46 34 et
1198 2163 58 45 de
1280 2163 289 45 demoiselle
1594 2161 191 49 Claude
1810 2161 281 46 Demartine-

118 2254 141 34 court
294 2258 76 30 ses
409 2244 115 60 père
555 2254 46 34 et
634 2244 133 43 mère
806 2262 40 39 »,
887 2243 278 61 comparaît
1200 2244 180 44 devant
1418 2243 68 44 les
1512 2243 236 57 notaires,
1782 2262 20 21 «
1832 2241 175 46 assisté
2031 2241 86 46 des

117 2323 103 45 avis
249 2334 47 34 et
329 2323 214 45 conseils
573 2323 65 45 du
686 2323 132 45 sieur
845 2323 123 44 Jean
1010 2323 244 58 Rameau,
1287 2339 91 29 son
1418 2323 142 58 frère,
1601 2335 45 33 et
1682 2324 85 44 des
1804 2321 317 47 demoiselles

117 2404 328 61 Margueritte
474 2417 47 33 et
544 2403 156 47 Marie
736 2405 242 57 Rameau,
1002 2419 77 31 ses
1109 2419 178 43 soeurs,
1314 2417 45 33 et
1388 2405 59 45 de
1486 2404 153 46 Denis
1664 2403 452 58 Demartinecourt,

118 2484 273 46 marchand
417 2486 25 44 à
465 2483 243 56 Gemeau,
733 2498 88 30 son
847 2484 174 44 cousin
1040 2484 243 46 maternel
1321 2484 85 61 (1).
1448 2503 20 22 »

177 2564 93 48 Cet
311 2578 103 33 acte
463 2565 58 45 de
585 2563 186 47 famille
835 2579 127 31 nous
1011 2565 222 61 apprend
1275 2564 112 61 qu'à
1442 2577 124 33 cette
1625 2564 110 44 date
1797 2564 69 44 les
1919 2574 201 50 parents

117 2647 85 44 des
226 2647 129 44 deux
383 2644 271 46 musiciens
680 2643 184 47 étaient
884 2654 177 47 morts,
1079 2643 114 47 bien
1217 2659 94 46 que
1336 2644 107 44 leur
1462 2644 142 44 décès
1623 2659 64 29 ou
1710 2658 61 30 au
1799 2641 165 47 moins
1994 2643 127 45 celui

118 2727 65 45 du
209 2725 198 47 dernier
430 2725 256 46 survivant
728 2725 89 46 dût
846 2729 100 41 être
983 2739 177 31 encore
1207 2724 344 46 relativement
1587 2727 181 41 récent.
1802 2724 79 44 En
1910 2723 129 58 effet,
2079 2724 41 44 le

117 2818 201 51 partage
347 2808 85 44 des
456 2807 140 45 biens
630 2819 137 33 entre
793 2805 68 46 les
891 2805 152 46 frères
1072 2818 47 33 et
1150 2820 158 31 sœurs
1349 2804 183 46 n'avait
1573 2820 87 46 pas
1689 2819 177 31 encore
1895 2808 74 43 été
1999 2804 88 46 fait
2106 2819 9 32 :

118 2885 191 49 Claude
341 2888 223 44 Rameau
586 2902 61 29 ne
671 2897 118 50 peut
819 2884 235 62 indiquer
1076 2884 626 62 qu'approximativement
1726 2901 92 29 son
1848 2897 194 49 apport.
2064 2885 56 45 Je

118 2983 60 31 ne
201 2967 151 45 serais
376 2968 130 44 donc
529 2967 142 61 point
695 2965 191 61 surpris
911 2981 95 45 que
1024 2981 51 29 ce
1096 2964 192 47 fussent
1311 2965 42 46 le
1371 2965 274 63 règlement
1665 2965 59 46 de
1749 2981 78 30 ces
1848 2964 193 46 affaires
2063 2965 58 45 de

117 3048 187 46 famille
333 3061 46 33 et
403 3049 41 43 le
469 3059 201 50 partage
691 3047 59 44 de
781 3047 44 44 la
856 3045 285 47 succession
1164 3047 87 62 qui
1275 3047 131 45 aient
1437 3047 155 45 rendu
1618 3063 51 29 sa
1701 3049 235 60 présence
1960 3047 134 44 néces-

118 3128 125 46 saire
264 3130 25 44 à
315 3127 151 59 Dijon
488 3138 46 33 et
558 3125 167 47 l'aient
750 3125 163 64 obligé
938 3142 61 30 au
1023 3139 185 35 retour.
1227 3125 141 50 Cette
1388 3127 279 62 hypothèse
1688 3142 79 30 me
1792 3128 159 60 paraît
1971 3130 125 41 extrê-

117 3221 225 34 mement
375 3207 378 47 vraisemblable
795 3208 65 46 du
891 3208 182 46 moins.
1120 3207 84 48 On
1232 3208 103 46 voit
1359 3223 59 31 en
1443 3219 113 35 tous
1587 3223 78 31 cas
1696 3223 95 46 que
1815 3208 161 44 Maret
2007 3207 114 45 s'est

118 3290 390 61 complètement
539 3292 195 57 trompé
764 3304 61 30 en
856 3289 207 46 voulant
1091 3289 108 47 voir
1222 3290 125 45 dans
1387 3290 42 45 le
1480 3304 218 46 manque
1739 3290 58 46 de
1834 3303 283 32 ressources

118 3372 44 44 la
186 3386 145 30 cause
360 3370 59 45 de
458 3384 90 31 son
581 3369 174 59 départ
779 3369 58 45 de
861 3369 148 46 Paris.

168 3544 52 48 (1)
246 3543 200 38 Archives
486 3541 51 38 de
571 3541 39 37 la
653 3539 240 47 Côte-d'Or,
920 3539 32 37 E
989 3539 113 38 isBo.
