2237 3802
129 229 75 40 168

669 239 76 27 LES
778 231 167 36 ANNÉES
980 240 54 27 DE
1065 239 221 36 JEUNESSE
1319 240 54 26 DE
1408 239 176 27 RAMEAU

126 328 66 46 ait
225 331 74 43 été
332 327 203 62 perdue.
563 325 68 50 Ce
663 328 148 46 serait
852 344 68 31 un
950 331 268 44 document
1250 328 96 46 fort
1376 328 200 44 curieux
1604 338 46 33 et
1689 327 97 44 très
1818 324 302 62 significatif,

126 408 174 46 caries
324 407 236 61 critiques
584 407 86 62 qui
689 408 350 47 mentionnent
1070 412 25 42 à
1127 408 142 62 peine
1306 419 73 35 cet
1409 407 202 61 épisode
1641 407 57 44 de
1729 405 44 45 la
1809 404 209 46 carrière
2056 405 65 45 du

129 491 195 57 maître,
371 499 86 35 ont
503 491 250 44 méconnu
795 501 108 34 tout
938 492 24 43 à
982 489 86 46 fait
1090 491 42 44 le
1160 491 242 43 caractère
1428 488 59 44 de
1523 503 51 29 sa
1614 484 357 47 collaboration
2002 496 45 34 et
2078 484 44 46 la

130 581 174 34 nature
341 569 58 45 de
436 569 44 45 la
510 569 234 61 musique
770 569 145 47 écrite
955 572 24 43 à
1010 582 123 33 cette
1165 568 247 47 occasion.

188 649 242 56 Rameau,
450 651 207 59 prétend
694 649 67 46 M.
797 649 213 63 Pougin,
1049 648 117 47 était
1189 649 131 45 alors
1344 648 183 44 obsédé
1551 648 146 44 d'une
1720 645 105 46 idée
1851 647 89 44 fixe
1962 658 9 33 :
2004 645 117 46 celle

126 727 202 47 d'écrire
349 745 127 45 pour
499 729 42 46 le
565 729 206 46 théâtre.
794 731 36 44 Il
857 729 159 46 aurait
1039 728 86 47 fait
1152 739 109 51 part
1280 728 59 44 de
1369 742 90 30 son
1489 725 133 47 désir
1641 729 23 42 à
1693 725 154 46 Piron
1867 725 104 61 qui,
1997 741 125 45 pour

127 809 41 43 le
198 808 263 58 satisfaire,
499 809 195 46 l'aurait
717 808 156 46 choisi
903 823 128 47 pour
1054 807 262 47 musicien.
1340 805 145 46 Voilà
1532 807 44 44 la
1611 805 222 61 légende.
1873 804 130 46 Mais
2053 805 67 45 les

125 888 114 46 faits
261 888 163 47 disent
441 902 108 33 tout
578 902 139 33 autre
747 889 166 46 chose.

257 968 341 64 L'Endriague
599 969 130 46 devait
753 968 153 47 servir
929 969 58 45 de
1035 968 153 45 début
1217 971 24 42 à
1274 983 95 30 une
1419 967 284 56 cantatrice,
1749 967 52 46 M
1806 966 41 27 Ue
1877 966 240 60 Petitpas,

126 1051 210 61 laquelle
360 1051 127 45 deux
508 1066 88 29 ans
620 1051 113 61 plus
767 1051 108 45 tard
906 1048 180 47 entrait
1114 1052 25 42 à
1160 1047 219 63 l'Opéra,
1404 1049 63 46 où
1489 1049 90 45 elle
1609 1048 135 46 allait
1773 1047 229 62 acquérir
2023 1062 98 31 une

126 1146 136 29 assez
291 1131 184 61 grande
507 1129 229 46 célébrité
756 1129 90 61 Q).
878 1129 37 45 Il
939 1128 244 62 s'agissait
1202 1131 58 43 de
1282 1128 118 47 faire
1423 1128 108 46 voir
1557 1131 24 43 à
1608 1145 119 29 ceux
1750 1128 85 61 qui
1866 1127 194 47 avaient
2078 1128 43 45 la

126 1211 147 45 haute
297 1209 135 46 main
463 1225 85 30 sur
577 1211 43 44 la
652 1212 141 43 scène
824 1209 58 46 de
907 1208 301 47 l'Académie
1231 1209 168 61 royale
1423 1209 57 45 de
1505 1208 233 61 musique
1768 1209 59 45 de
1857 1207 119 62 quoi
2002 1206 119 47 était

125 1291 202 61 capable
370 1291 44 44 la
463 1291 142 57 jeune
648 1289 283 47 cantatrice.
988 1289 153 46 Aussi
1184 1289 67 46 lui
1282 1289 214 46 fallait-il
1536 1302 133 33 autre
1715 1288 146 46 chose
1910 1303 94 46 que
2051 1288 69 45 les

123 1369 200 46 frivoles
344 1369 224 61 couplets
596 1385 63 30 ou
685 1369 67 45 les
774 1369 301 46 vaudevilles
1100 1368 286 62 populaires
1411 1371 120 44 dont
1561 1385 48 29 se
1639 1368 274 46 contentait
1942 1382 177 32 encore

126 1451 183 61 l'opéra
339 1449 247 61 comique.
621 1451 94 44 Les
756 1448 270 47 musiciens
1068 1449 85 60 qui
1194 1449 329 46 travaillaient
1564 1448 393 47 ordinairement
1992 1465 129 45 pour

126 1524 67 45 les
207 1523 215 46 théâtres
446 1524 58 45 de
529 1523 43 46 la
600 1523 122 44 foire
741 1523 221 44 savaient
992 1522 114 47 bien
1128 1523 204 61 adapter
1360 1524 84 45 des
1470 1524 194 60 paroles
1688 1523 255 46 nouvelles
1967 1526 26 41 à
2032 1523 85 44 des

125 1603 96 46 airs
245 1618 192 31 connus
466 1614 10 49 ;
498 1616 281 33 tournerait
804 1603 174 46 besoin
1001 1618 67 31 un
1091 1618 65 31 ou
1184 1604 126 45 deux
1339 1603 241 62 couplets,
1608 1603 151 46 écrire
1787 1608 161 41 même
1979 1604 111 59 quel-

125 1698 123 46 ques
285 1698 223 31 mesures
540 1683 149 46 d'airs
734 1683 59 46 de
822 1684 170 45 danse.
1021 1683 129 46 Mais
1185 1683 160 46 c'était
1390 1694 125 35 tout.
1570 1684 136 45 Pour
1743 1698 264 46 composer
2049 1683 67 45 les

126 1767 170 43 scènes
316 1763 224 62 requises
565 1764 124 46 dans
711 1764 42 45 le
772 1764 122 61 style
913 1763 251 47 ordinaire
1180 1764 58 46 de
1259 1764 199 61 l'opéra,
1484 1764 170 54 Piron,
1675 1780 177 30 encore
1877 1780 60 29 au
1962 1764 154 45 début

129 1844 58 45 de
217 1843 229 59 carrière,
478 1843 73 46 fut
592 1843 99 46 fort
718 1843 218 46 heureux
979 1843 191 46 d'avoir
1204 1858 118 31 sous
1371 1844 44 44 la
1463 1843 136 46 main
1649 1860 89 28 son
1786 1843 331 62 compatriote

130 1924 242 55 Rameau,
398 1924 120 45 dont
541 1923 42 45 le
615 1923 174 46 mérite
814 1923 68 46 lui
907 1923 117 46 était
1047 1938 164 31 connu
1236 1936 46 33 et
1311 1923 85 61 qui
1420 1924 174 45 voulut
1625 1923 114 46 bien
1760 1923 69 46 lui
1853 1924 178 45 rendre
2067 1940 50 29 ce

126 2003 199 45 service.
353 2003 38 45 Il
433 2003 268 61 s'explique
733 2006 97 43 très
865 2003 287 46 clairement
1192 2003 265 59 là-dessus,
1494 2018 114 31 sans
1645 2015 209 34 omettre
1891 2004 59 45 de
1990 2020 127 29 nous

122 2083 120 46 faire
267 2083 164 46 savoir
452 2098 96 46 que
569 2082 38 46 si
635 2098 65 30 on
724 2100 50 29 se
803 2082 321 62 préoccupait
1153 2095 106 34 tant
1279 2084 57 45 de
1362 2083 203 46 l'avenir
1612 2084 58 45 de
1701 2083 43 46 la
1787 2083 145 60 jeune
1966 2084 121 46 chan-

123 2176 154 44 teuse,
311 2180 51 29 ce
386 2163 172 47 n'était
578 2163 141 61 point
747 2163 331 64 précisément
1103 2180 89 45 par
1218 2178 179 32 amour
1416 2166 57 44 de
1499 2164 126 46 l'art.
1654 2182 21 24 «
1702 2163 138 48 Ceux
1870 2181 62 30 ou
1970 2166 146 44 celles

123 2243 87 62 qui
233 2243 359 62 gouvernaient
616 2244 43 45 la
685 2243 222 62 Petitpas
932 2244 124 46 dans
1086 2244 43 45 la
1169 2246 147 44 noble
1359 2244 248 46 intention
1654 2246 112 44 d'en
1795 2244 120 47 faire
1954 2248 24 43 à
2012 2246 105 45 leur

122 2323 149 62 profit
300 2340 51 29 ce
376 2323 177 61 qu'elle
583 2323 169 46 devint
771 2340 89 45 par
885 2324 45 45 la
962 2323 144 60 suite,
1132 2340 77 30 me
1228 2326 262 44 vantèrent
1512 2341 49 29 sa
1584 2324 114 46 voix
1721 2336 45 34 et
1795 2341 77 29 me
1898 2326 218 61 prièrent

122 2404 60 45 de
222 2403 69 46 lui
327 2418 264 47 composer
617 2420 68 30 un
715 2418 233 32 morceau
978 2404 85 61 qui
1094 2404 95 46 mis
1228 2421 59 29 en
1343 2404 147 46 haute
1520 2404 233 63 musique
1797 2406 69 45 lui
1915 2404 201 47 méritât

122 2484 267 46 l'honneur
408 2484 150 46 d'être
573 2486 202 61 appelée
790 2501 60 30 au
869 2486 157 61 grand
1045 2483 183 62 Opéra.
1251 2487 243 58 Rameau,
1514 2487 130 44 alors
1664 2490 98 41 très
1777 2486 188 62 ignoré,
1987 2501 96 30 com-

122 2580 121 44 posa
266 2580 128 45 pour
417 2564 211 46 l'amour
650 2564 59 46 de
725 2563 103 47 moi
852 2564 44 46 la
918 2563 230 62 musique
1174 2564 58 46 de
1261 2581 51 29 ce
1339 2581 231 30 morceau
1588 2567 77 58 (2).
1694 2585 22 23 »

184 2644 68 45 Le
300 2644 103 45 rôle
446 2644 60 46 de
550 2643 268 60 Grazinde,
863 2661 95 46 que
1005 2646 325 61 représentait
1367 2646 44 44 la
1447 2646 241 62 Petitpas,
1743 2662 59 29 ne
1842 2646 273 62 comprend

123 2724 148 60 guère
316 2740 94 44 que
459 2740 52 30 ce
558 2726 155 59 grand
757 2726 321 61 monologue,
1128 2726 122 45 dont
1298 2726 42 45 le
1378 2726 123 62 style
1550 2726 89 45 fait
1692 2742 136 29 assez
1865 2726 250 62 disparate

122 2818 114 31 avec
285 2803 68 46 les
386 2817 375 50 extravagantes
795 2804 371 47 bouffonneries
1208 2807 65 44 du
1325 2817 126 36 reste
1484 2808 58 45 de
1579 2807 43 44 la
1659 2806 152 62 pièce.
1852 2808 70 43 La
1971 2808 143 45 scène

123 2897 50 31 se
201 2898 143 46 passe
365 2887 25 41 à
414 2882 530 63 Cocquesigriiopolis,
977 2886 123 45 dans
1120 2884 96 47 l'ile
1240 2886 57 45 de
1325 2886 291 56 Vazivéder,
1644 2902 120 45 pays
1796 2886 318 61 sanguinaire

123 2963 121 46 dont
261 2963 68 45 les
351 2962 251 47 habitants
625 2964 178 47 livrent
823 2977 112 33 tous
953 2966 70 45 les
1048 2966 72 45 six
1136 2966 129 45 mois
1288 2982 97 31 une
1406 2966 144 61 jeune
1584 2966 164 62 vierge
1771 2970 25 41 à
1825 2967 45 44 la
1898 2967 216 46 voracité

123 3043 59 46 de
205 3042 343 62 l'Endriague,
569 3062 21 23 «
610 3056 222 34 monstre
850 3045 93 45 ailé
963 3047 123 44 dont
1104 3047 44 44 la
1169 3047 245 60 longueur
1429 3058 46 33 et
1500 3047 42 44 la
1561 3061 232 46 grosseur
1815 3047 300 60 occupoient

172 3211 53 48 (1)
259 3225 17 20 «
313 3211 110 36 C'est
458 3210 38 37 la
513 3211 204 49 première
756 3212 81 36 fois
867 3225 79 37 que
970 3213 36 37 le
1035 3214 143 48 public
1213 3215 57 37 vit
1298 3215 38 36 la
1360 3215 183 49 Petitpas
1579 3215 188 37 devenue
1800 3216 148 49 depuis
1986 3215 33 37 si
2054 3215 41 37 fa-

123 3285 143 24 meuse
292 3285 70 24 sur
396 3272 35 37 le
461 3272 158 37 théâtre
648 3272 49 37 de
732 3273 167 49 l'Opéra
936 3286 73 37 par
1031 3287 42 24 sa
1104 3275 98 49 jolie
1237 3276 96 36 voix
1368 3284 39 28 et
1436 3288 63 24 ses
1543 3277 233 36 mauvaises
1811 3289 172 25 mœurs.
2025 3277 90 37 Elle

123 3335 111 37 avoit
257 3335 108 37 alors
378 3334 21 37 à
421 3334 122 50 peine
568 3342 199 41 quatorze
791 3347 72 25 ans
888 3344 38 28 et
946 3335 108 37 deux
1077 3337 256 37 souliers...»
1351 3337 124 48 (Note
1493 3337 186 37 dePiron
1695 3338 102 37 dans
1823 3351 64 24 ses
1904 3340 210 47 Œuvres.)

172 3398 51 47 (2)
250 3397 43 37 Si
316 3396 128 36 Piron
468 3403 62 30 est
552 3396 53 36 ici
629 3396 96 36 bien
755 3395 177 38 informé
954 3397 56 49 (et
1042 3397 27 35 il
1092 3397 37 37 le
1153 3398 89 36 doit
1270 3398 116 49 être),
1412 3398 27 36 il
1468 3398 87 36 faut
1585 3399 198 37 conclure
1809 3412 79 38 que
1915 3402 199 43 Rameau,

122 3471 50 25 en
196 3459 150 38 février
368 3459 113 49 1728,
505 3458 140 38 venait
683 3459 21 35 à
741 3458 124 49 peine
903 3458 197 38 d'arriver
1141 3459 21 36 à
1186 3459 117 37 Paris
1346 3467 40 30 et
1408 3472 79 37 que
1524 3460 35 37 le
1600 3461 146 38 succès
1786 3462 56 37 du
1889 3463 145 37 Traité
2071 3464 46 36 de

122 3528 264 37 l'Harmonie
408 3539 50 25 ne
483 3526 131 38 s'était
641 3539 74 36 pas
750 3539 151 25 encore
924 3526 181 39 dessiné.
