2237 3802
444 252 52 26 LA
524 243 309 36 DÉCLAMATION
868 251 191 33 LYRIQUE
1092 252 51 26 ET
1174 238 381 40 L'ENSEIGNEMENT
1588 250 59 26 DU
1680 250 142 25 CHANT

145 250 76 40 144

143 337 313 63 répétiteurs,
489 337 261 63 puisqu'ils
786 337 201 47 doivent
1017 339 273 61 apprendre
1322 337 68 45 les
1412 336 128 46 rôles
1566 355 19 22 «
1609 335 275 46 seulement
1909 336 181 47 musica-

142 417 184 45 lement
348 436 46 26 ».

204 503 291 62 Cependant
519 519 126 31 nous
669 504 154 46 lisons
853 505 111 61 plus
994 503 102 45 loin
1129 518 7 30 :

206 610 17 21 «
251 591 136 45 Tous
419 590 67 45 les
515 603 191 33 acteurs
725 603 44 32 et
790 590 199 46 actrices
1002 591 57 45 de
1081 588 200 62 l'Opéra
1302 588 204 62 chargés
1520 588 86 44 des
1636 586 128 46 rôles
1785 603 60 29 en
1869 588 181 45 double
2074 602 44 33 et

143 689 19 22 «
197 685 59 30 en
275 669 166 61 triple,
479 671 165 59 quand
675 670 59 45 ils
767 682 178 34 auront
987 669 169 61 appris
1186 669 131 46 leurs
1341 669 146 53 rôles,
1529 679 168 33 seront
1724 679 145 33 tenus
1893 668 59 44 de
1982 668 137 45 venir

143 769 19 22 «
198 750 67 45 les
298 753 192 57 répéter
527 765 112 30 avec
674 750 69 45 les
772 753 202 42 maîtres
998 751 57 44 de
1086 753 119 57 goût
1243 760 46 33 et
1312 749 326 60 d'apprendre
1675 748 140 44 d'eux
1845 750 26 42 à
1898 748 69 44 les
2018 748 100 47 bien

143 847 21 24 «
195 829 211 46 chanter.
432 849 19 21 »

204 915 435 46 Immédiatement
656 919 140 57 après
819 929 9 32 :

203 1021 19 21 «
258 1003 92 43 Les
380 1003 201 43 maîtres
611 1002 58 44 de
707 1000 231 61 musique
985 1012 165 34 seront
1180 1012 143 33 tenus
1346 1000 58 45 de
1434 999 109 46 voir
1577 1000 57 45 de
1661 1012 160 48 temps
1857 1014 59 30 en
1958 1012 159 49 temps

143 1102 18 19 «
200 1097 120 29 ceux
343 1082 84 44 des
458 1080 239 61 premiers
728 1079 152 60 sujets
919 1080 85 61 qui
1049 1092 244 49 pourront
1322 1079 188 46 désirer
1552 1080 131 45 leurs
1716 1079 212 46 conseils
1956 1096 82 29 sur
2076 1080 43 45 la

142 1179 19 21 «
197 1160 210 45 manière
424 1159 58 46 de
503 1159 198 46 chanter
722 1160 133 45 leurs
879 1159 127 46 rôles
1035 1160 122 45 dans
1186 1160 184 60 l'opéra
1398 1158 85 62 qui
1515 1158 145 47 serait
1684 1162 25 42 à
1732 1159 197 46 l'étude.
1948 1178 20 22 »

202 1247 77 43 En
310 1257 131 33 sorte
471 1261 94 44 que
594 1244 145 59 voici,
772 1248 25 42 à
827 1249 217 56 présent,
1078 1245 69 45 les
1195 1244 295 62 répétiteurs
1519 1248 169 58 passés
1711 1245 312 61 professeurs
2062 1245 56 45 de

138 1325 149 46 chant
302 1327 84 44 des
401 1324 241 62 premiers
673 1324 151 60 sujets
855 1337 45 33 et
918 1325 67 45 les
1015 1329 204 41 maîtres
1249 1327 59 44 de
1338 1329 135 55 goût,
1503 1341 107 43 eux,
1634 1324 247 62 dirigeant
1910 1325 67 46 les
2003 1327 87 44 dou-

137 1404 166 46 blures
333 1416 44 33 et
399 1409 161 40 même
583 1404 67 45 les
670 1404 193 45 artistes
893 1419 59 30 en
973 1404 162 61 triple.

200 1491 143 44 Nous
387 1505 151 30 avons
573 1506 88 40 vu,
700 1491 111 59 plus
849 1489 139 59 haut,
1017 1492 229 58 qu'outre
1293 1491 85 44 des
1427 1489 309 63 professeurs
1780 1492 58 44 de
1887 1491 230 62 musique

137 1581 46 33 et
206 1571 58 43 de
293 1569 163 59 chant,
489 1568 30 46 il
550 1585 30 44 y
599 1569 129 45 avait
757 1569 214 46 d'autres
993 1571 222 44 maîtres.

202 1672 15 24 «
247 1656 93 44 Les
364 1656 201 44 maîtres
602 1656 57 44 de
696 1654 297 63 grammaire
1032 1667 46 33 et
1125 1657 58 44 de
1209 1656 329 45 déclamation
1575 1668 169 33 seront
1771 1656 190 63 obligés
1984 1658 108 61 d'ap-

140 1755 17 20 «
192 1736 212 59 prendre
434 1737 24 42 à
490 1734 131 46 leurs
642 1736 159 44 élèves
830 1740 26 40 à
879 1734 86 46 lire
990 1736 69 44 les
1088 1751 127 43 vers,
1237 1740 25 40 à
1290 1752 281 45 prononcer
1600 1748 320 44 exactement,
1948 1741 24 40 à
2003 1737 114 47 bien

138 1832 21 24 «
192 1813 252 60 articuler,
476 1817 24 42 à
521 1816 237 44 entendre
790 1827 45 33 et
851 1818 25 42 à
907 1814 114 46 bien
1037 1816 261 45 concevoir
1318 1832 52 29 ce
1393 1816 144 61 qu'ils
1567 1816 168 45 diront
1757 1833 64 30 ou
1840 1832 247 46 prononce-

138 1915 19 20 «
193 1906 128 47 ront,
348 1898 24 41 à
401 1894 262 58 déclamer,
678 1898 24 41 à
725 1894 119 46 faire
866 1896 84 44 des
973 1908 160 47 gestes
1163 1896 153 58 justes
1345 1908 45 33 et
1420 1896 247 58 arrondis,
1691 1908 89 33 etc.
1799 1898 93 45 Les
1914 1901 203 43 maîtres

140 1995 19 20 «
194 1976 57 44 de
277 1976 151 44 danse
467 1987 169 33 seront
672 1986 144 34 tenus
846 1977 327 60 d'apprendre
1199 1992 92 29 aux
1331 1977 157 44 élèves
1519 1981 24 40 à
1572 1977 229 46 marcher
1835 1990 47 33 et
1910 1978 68 46 les
2022 1980 69 44 élé-

138 2075 19 20 «
192 2067 161 33 ments
383 2054 275 46 seulement
682 2070 208 47 propres
919 2058 26 42 à
961 2057 107 44 leur
1088 2071 196 30 assurer
1313 2057 41 44 le
1378 2056 241 45 maintien
1648 2068 47 35 et
1718 2058 106 45 leur
1850 2058 193 47 donner
2058 2061 58 44 de

140 2155 16 20 «
192 2134 41 45 la
263 2140 158 55 grâce.
457 2154 20 21 »

199 2221 85 57 Là,
302 2220 293 61 également,
620 2236 64 29 on
708 2235 49 30 se
787 2221 242 44 demande
1060 2221 160 61 lequel
1251 2222 85 45 des
1361 2223 129 45 deux
1505 2225 203 44 maîtres
1727 2225 57 45 de
1815 2226 299 60 grammaire

134 2315 63 30 ou
228 2301 59 44 de
316 2300 332 45 déclamation
679 2298 104 47 doit
832 2301 277 61 apprendre
1139 2305 24 40 à
1214 2302 282 46 «entendre
1528 2315 47 33 et
1610 2303 113 46 bien
1751 2305 263 45 concevoir
2061 2325 44 25 ».

136 2380 171 59 Quant
331 2395 59 30 au
420 2380 175 44 maître
637 2381 59 43 de
726 2381 168 57 danse,
928 2380 73 45 s'il
1032 2392 73 33 est
1128 2381 175 61 chargé
1333 2383 57 44 de
1421 2401 22 22 «
1469 2382 193 47 donner
1684 2385 58 44 de
1768 2385 43 44 la
1832 2391 139 56 grâce
2000 2405 41 38 »,
2072 2387 42 43 le

134 2461 176 43 maître
340 2460 60 44 de
446 2458 326 46 déclamation
802 2461 78 43 n'a
902 2475 86 46 pas
1009 2462 25 42 à
1063 2477 20 25 «
1114 2462 276 60 apprendre
1425 2463 25 44 à
1473 2461 119 47 faire
1628 2463 86 45 des
1745 2476 160 50 gestes
1942 2481 143 29 arron-

134 2538 74 47 dis
241 2559 39 25 ».

197 2626 141 44 Nous
378 2640 219 30 sommes
635 2625 297 45 convaincus
966 2641 112 45 que,
1105 2626 120 44 dans
1256 2627 44 43 la
1330 2627 246 62 pratique,
1610 2630 67 44 les
1700 2630 174 46 choses
1905 2632 182 45 s'arran-

134 2705 192 61 geaient
362 2705 166 45 mieux
568 2721 95 46 que
697 2721 58 29 ne
785 2706 40 44 le
851 2721 214 46 suppose
1102 2706 305 61 l'ambiguïté
1437 2710 65 43 du
1538 2710 189 61 projet;
1759 2712 297 46 néanmoins
2080 2712 32 46 il

133 2785 149 45 serait
314 2785 181 59 permis
517 2786 109 44 d'en
659 2786 178 44 douter
858 2800 60 30 en
942 2785 147 45 lisant
1110 2799 122 33 cette
1252 2786 159 47 notice
1434 2790 57 44 de
1519 2790 237 62 Framery
1779 2792 59 59 (1)
1860 2808 83 30 sur
1963 2792 148 47 ladite

134 2855 152 54 École
308 2865 164 61 royale
494 2879 9 30 :

195 2970 89 24 «...
319 2951 68 43 La
416 2950 259 46 différence
731 2950 84 61 qui
847 2968 48 28 se
927 2963 170 33 trouve
1131 2952 416 47 nécessairement
1571 2956 122 45 dans
1731 2956 43 46 la
1802 2957 221 46 manière
2053 2959 58 45 de

134 3051 19 21 «
189 3031 189 45 donner
394 3031 68 43 les
484 3031 166 57 leçons
1236 3031 154 59 [faute
1411 3030 114 47 d'un
995 3031 149 46 ordre
1157 3031 103 46 bien
1280 3034 143 44 établi
1458 3034 122 47 dans
1610 3036 46 46 la
1684 3036 316 48 distribution
2029 3039 82 45 des

136 3130 19 20 «
247 3109 110 45 éudes
358 3109 30 62 ),
394 3109 481 61 quelqu'unanimité
896 3112 150 59 qu'on
1065 3110 177 46 veuille
1255 3128 243 45 supposer
1515 3130 93 29 aux
1620 3117 202 45 maîtres
1848 3119 120 44 dans
1981 3119 130 45 leurs

134 3209 19 21 «
187 3189 267 62 principes,
495 3205 60 29 ne
595 3201 98 33 sert
724 3190 110 61 qu'à
863 3190 322 46 embrouiller
1214 3191 67 45 les
1303 3191 133 46 idées
1460 3194 85 45 des
1570 3196 158 45 élèves
1750 3209 46 33 et
1839 3200 25 43 à
1895 3201 218 45 retarder

133 3290 19 23 «
187 3272 130 45 leurs
354 3272 222 59 progrès.
603 3288 22 24 »

193 3359 142 44 Nous
362 3371 206 31 verrons
602 3356 150 61 parla
776 3356 126 46 suite
917 3373 113 44 que,
1055 3357 186 61 malgré
1271 3357 42 46 le
1335 3370 177 51 temps,
1537 3361 184 63 malgré
1736 3364 68 44 les
1825 3370 202 57 progrès
2052 3369 57 44 de

183 3525 52 50 (i)
260 3525 211 50 Framery,
500 3524 305 51 Encyclopédie
833 3524 274 51 Méthodique.
1133 3528 105 48 Page
1274 3524 23 55 S
1320 3524 23 55 4
1366 3524 45 55 de
1435 3528 208 51 l'ouvrage
1666 3533 51 37 de
1741 3533 57 37 M.
1830 3534 47 37 C.
1905 3535 153 40 Pierre.
