2237 3802
415 239 50 25 LA
497 229 306 35 DÉCLAMATION
838 235 191 33 LYRIQUE
1062 236 50 26 ET
1144 221 381 41 L'ENSEIGNEMENT
1557 235 58 26 DU
1650 234 144 27 CHANT

116 240 71 36 142

279 395 76 41 La
384 394 391 42 Déclamation
797 393 223 53 lyrique
1053 394 56 38 et
1129 389 469 53 l'enseignement
1623 386 78 42 du
1734 386 194 41 Chant.

752 480 61 43 A.
846 476 253 49 GIRAUDET
1119 475 75 60 (de
1213 473 243 61 l'Opéra),

249 581 334 52 Ex-Professeur
600 595 51 24 au
679 580 319 39 Conservatoire
1020 577 186 39 national
1227 576 48 37 de
1293 576 194 48 Musique
1515 583 38 28 et
1582 575 47 36 de
1649 575 306 37 Déclamation.

179 715 66 44 Le
271 725 297 49 rapporteur
596 714 57 44 de
684 714 44 44 la
757 708 489 50 sous-Commission
1277 710 57 44 de
1359 707 347 59 déclamation,
1739 707 69 46 M.
1847 708 249 58 Bardoux,

117 795 121 44 dans
276 794 68 44 les
369 792 185 61 projets
585 794 58 44 de
692 790 394 62 réorganisation
1117 790 64 44 du
1226 786 399 60 Conservatoire,
1659 786 146 46 disait
1834 802 60 30 en
1932 786 118 62 1892
2084 802 9 32 :

118 891 21 24 «
234 875 72 44 La
331 872 327 59 déclamation,
659 886 101 47 pour
776 871 257 60 employer
1060 885 97 30 une
1175 867 290 62 expression
1495 884 95 45 peu
1621 867 127 60 juste
1771 866 125 47 mais
1926 882 145 31 consa-

118 973 22 24 «
172 959 124 53 crée,
318 965 71 34 est
418 970 67 29 un
517 965 73 33 art
628 952 84 61 qui
734 968 60 29 ne
825 950 262 62 s'acquiert
1119 966 154 46 que...
1307 969 22 24 »

179 1034 238 61 Quoique
447 1032 197 61 qualifié
675 1032 58 46 de
775 1050 19 23 «
827 1046 95 46 peu
953 1030 126 59 juste
1103 1049 21 23 »
1157 1044 88 47 par
1279 1030 42 44 le
1363 1040 314 49 rapporteur,
1708 1045 51 29 ce
1790 1039 105 35 mot
1913 1040 72 34 est
2021 1045 53 30 au-

118 1114 251 59 jourd'hui
394 1114 38 45 si
463 1112 349 63 parfaitement
826 1111 218 61 compris
1068 1111 59 46 de
1145 1121 109 34 tout
1274 1110 42 45 le
1347 1111 182 44 monde
1548 1108 119 63 qu'il
1698 1121 73 33 est
1791 1108 175 47 inutile
1988 1111 113 44 d'en

118 1196 192 45 donner
344 1209 97 30 une
477 1192 276 47 définition.
785 1191 127 46 Mais
949 1191 165 61 quand
1157 1190 32 45 il
1220 1206 140 45 passe
1404 1191 123 44 dans
1556 1190 42 45 le
1628 1190 233 45 domaine
1904 1191 58 44 de
1994 1190 108 45 l'art

120 1274 194 62 lyrique
338 1289 116 30 sous
470 1274 41 44 le
529 1272 114 46 titre
667 1274 58 43 de
753 1270 336 47 Déclamation
1316 1307 10 21 ,
1344 1270 30 45 il
1400 1282 72 33 est
1489 1271 192 44 devenu
1700 1270 44 45 la
1762 1285 173 30 source
1956 1271 146 46 d'une

118 1354 263 45 confusion
404 1351 319 47 inextricable
748 1351 84 61 qui
863 1368 48 28 se
941 1351 160 45 révèle
1131 1351 123 46 dans
1279 1350 68 44 les
1376 1350 161 61 pièces
1570 1349 252 45 officielles
1846 1350 231 47 collation-

120 1436 115 42 nées
256 1432 120 45 dans
408 1432 245 60 l'ouvrage
672 1431 122 45 dont
823 1445 127 31 nous
974 1445 153 29 avons
1159 1429 90 45 tiré
1274 1440 163 34 toutes
1461 1445 91 28 nos
1583 1429 230 45 citations
1834 1430 81 59 (1).

178 1512 164 45 Avant
358 1511 216 46 d'entrer
596 1512 123 44 dans
750 1510 238 44 l'examen
1019 1510 57 44 de
1106 1525 78 29 ces
1214 1511 295 45 documents
1540 1509 429 59 contradictoires,
2001 1514 77 57 pré-

117 1591 164 46 cisons
323 1591 44 45 la
397 1590 232 61 question
675 1592 25 44 à
729 1590 211 61 laquelle
983 1605 127 31 nous
1151 1605 152 29 avons
1334 1589 282 45 l'intention
1659 1590 58 44 de
1763 1605 127 29 nous
1922 1590 183 49 borner

118 1674 122 45 dans
270 1688 50 29 ce
346 1671 189 46 travail.
563 1671 110 60 Que
695 1670 197 46 doit-on
913 1671 238 45 entendre
1188 1685 89 46 par
1315 1681 126 35 cette
1484 1670 289 61 expression
1802 1684 9 32 :
1847 1670 226 47 Déclama-

121 1752 99 46 tion
268 1751 192 61 lyrique
480 1749 27 47 ?
545 1750 113 61 quel
695 1761 71 35 est
795 1750 42 44 le
868 1751 231 45 domaine
1131 1750 96 44 réel
1258 1750 57 44 de
1357 1760 123 34 cette
1514 1749 302 61 importante
1852 1749 156 61 partie
2045 1751 58 45 de

121 1834 107 44 l'art
280 1830 193 62 lyrique
503 1831 15 45 ?
548 1831 158 60 Après
761 1829 137 45 avoir
943 1830 86 44 fait
1065 1845 96 29 une
1211 1830 198 60 analyse
1448 1829 211 61 critique
1698 1830 59 44 de
1787 1830 134 46 l'état
1961 1831 59 45 de
2060 1831 45 45 la

120 1911 232 62 question
407 1911 85 61 qui
534 1926 127 30 nous
722 1911 317 45 démontrera
1067 1910 45 44 la
1153 1909 241 45 nécessité
1428 1910 58 46 de
1533 1909 151 45 sortir
1715 1910 58 44 de
1818 1910 285 47 l'obscurité

121 1994 63 43 où
215 1991 89 46 elle
333 2006 48 30 se
412 2003 192 45 trouve,
632 2005 125 31 nous
783 1991 285 45 donnerons
1094 1990 40 43 le
1160 1989 268 45 sommaire
1462 1990 84 44 des
1571 1990 240 44 éléments
1844 1990 261 47 essentiels

121 2074 60 44 de
211 2071 107 46 l'art
347 2070 194 62 lyrique
565 2083 46 33 et
640 2085 126 31 nous
795 2084 172 30 serons
997 2072 172 42 amené
1195 2069 339 62 logiquement
1557 2072 26 42 à
1612 2070 46 46 la
1691 2070 261 46 définition
1983 2072 57 45 de
2062 2071 44 46 la

122 2151 343 47 Déclamation
482 2151 209 61 lyrique.

187 2231 345 62 L'expression
559 2245 10 33 :
611 2230 330 46 déclamation
990 2230 210 62 lyrique,
1228 2231 258 62 employée
1513 2246 128 46 pour
1664 2231 44 46 la
1736 2231 247 61 première
2013 2231 93 47 fois

124 2329 58 29 en
220 2314 119 45 1806
364 2312 121 45 dans
515 2328 96 29 une
642 2310 254 47 circulaire
920 2311 65 46 du
1034 2311 248 46 directeur
1314 2311 196 61 général
1541 2312 58 45 de
1630 2312 344 46 l'lnstruction
2016 2329 60 44 pu-

121 2391 166 61 blique
318 2406 93 31 aux
432 2390 201 61 préfets,
651 2406 25 30 a
692 2394 140 57 passé
854 2405 59 31 au
933 2389 402 58 Conservatoire,
1353 2403 145 33 avant
1518 2403 46 33 et
1583 2395 142 58 après
1744 2404 123 33 cette
1890 2395 211 58 époque,

124 2488 87 44 par
239 2486 97 31 une
361 2471 123 45 série
503 2471 59 46 de
577 2470 438 47 transformations
1039 2470 236 58 diverses,
1296 2483 45 33 et
1372 2470 38 46 si
1437 2471 316 59 aujourd'hui
1778 2471 90 46 elle
1899 2484 71 33 est
1993 2488 87 30 con-

124 2556 162 41 sacrée
306 2566 129 46 pour
464 2551 230 61 désigner
709 2566 67 30 un
816 2550 373 62 enseignement
1216 2564 47 32 et
1286 2566 95 30 une
1411 2551 146 46 étude
1589 2551 227 62 spéciale,
1844 2568 65 30 on
1946 2552 93 45 sait
2069 2552 40 46 si

125 2648 95 44 peu
252 2646 84 31 sur
371 2630 118 62 quoi
524 2646 175 46 repose
728 2641 74 35 cet
832 2630 391 61 enseignement,
1246 2631 62 45 où
1340 2631 31 45 il
1406 2646 287 32 commence
1738 2644 47 34 et
1813 2634 63 44 où
1907 2632 29 46 il
1982 2632 124 59 finit,

125 2712 147 60 qu'en
300 2712 118 60 1892
463 2730 20 23 «
856 2726 84 30 son
628 2710 155 47 utilité
811 2710 125 46 avait
967 2710 197 46 soulevé
1194 2711 85 45 des
1310 2711 274 60 objections
1613 2733 40 25 ».
1679 2712 140 61 (Plus
1851 2711 103 47 loin
1983 2729 127 29 nous

125 2806 206 30 verrons
360 2806 129 46 pour
513 2791 187 61 quelles
724 2791 228 57 raisons.)

190 2870 38 46 11
245 2886 31 45 y
305 2886 26 30 a
347 2873 293 58 cependant,
673 2871 365 57 actuellement,
1071 2881 173 50 quatre
1274 2871 179 46 classes
1472 2873 59 44 de
1556 2873 330 47 déclamation
1915 2874 195 62 lyrique

129 2968 59 29 au
220 2950 380 47 Conservatoire
619 2963 11 48 ;
668 2951 32 45 il
729 2968 32 44 y
792 2968 24 28 a
846 2951 291 62 également,
1171 2966 116 31 sous
1317 2951 43 45 la
1392 2954 163 44 même
1595 2954 399 57 dénomination,
2027 2956 85 45 des

129 3031 179 45 classes
331 3030 295 46 semblables
648 3031 121 46 dans
792 3031 68 45 les
884 3030 393 46 conservatoires
1303 3031 57 45 de
1390 3033 236 59 province
1656 3045 46 33 et
1725 3035 58 45 de
1814 3035 264 61 l'étranger
2101 3048 11 47 ',

129 3110 31 46 il
197 3113 125 43 n'est
342 3125 86 46 pas
452 3114 26 40 à
501 3114 202 57 présent
724 3127 68 29 un
828 3111 286 61 professeur
1143 3111 59 45 de
1231 3110 165 58 chant,
1428 3113 39 44 si
1498 3113 123 59 petit
1658 3114 176 58 soit-il,
1867 3115 85 60 qui
1980 3130 60 31 ne
2067 3132 47 29 se

130 3190 150 62 pique
300 3190 311 62 d'enseigner
630 3191 45 45 la
695 3190 331 47 déclamation
1047 3191 211 61 lyrique,
1275 3191 125 45 mais
1425 3191 188 47 chacun
1630 3194 305 61 l'interprète
1966 3196 146 45 d'une

129 3271 144 60 façon
309 3270 274 60 différente,
606 3271 187 61 parfois
817 3276 215 58 opposée
1062 3284 46 33 et
1133 3271 225 61 toujours
1378 3273 132 45 aussi
1529 3289 173 45 vague.

180 3404 47 46 (1)
251 3403 61 36 Le
347 3403 318 38 Conservatoire
686 3402 187 37 national
892 3403 48 36 de
976 3404 193 49 Musique
1196 3411 38 28 et
1253 3404 48 37 de
1321 3404 303 40 Déclamation.
1652 3406 257 40 Documents
1950 3409 146 38 histori-

130 3477 103 39 ques
257 3474 40 29 et
322 3465 314 38 administratifs
660 3463 209 39 recueillis
907 3477 55 25 ou
1004 3466 277 37 reconstitués
1302 3477 74 39 par
1414 3467 205 38 Constant
1641 3469 158 49 Pierre,
1819 3471 226 38 sous-chef
2062 3472 54 37 du

130 3527 240 38 secrétariat
390 3527 276 50 (Imprimerie
690 3526 220 38 Nationale
933 3528 132 49 1900).
