2237 3802
626 227 76 26 LES
735 219 170 36 ANNÉES
939 228 55 25 DE
1026 227 221 34 JEUNESSE
1279 228 55 25 DE
1366 228 176 27 RAMEAU

2021 227 71 42 155

100 314 223 62 Puisque
343 315 223 46 Rameau
590 314 118 46 était
732 315 232 46 d'avance
986 315 164 46 résolu
1177 319 24 42 à
1216 332 60 29 ne
1300 331 88 45 pas
1412 328 225 50 accepter
1656 328 124 34 cette
1803 315 293 64 obligation,

99 394 31 46 il
162 395 184 47 n'avait
376 397 185 45 d'autre
581 395 106 59 but,
708 411 60 30 en
798 408 213 48 prenant
1036 408 112 51 part
1174 413 61 29 au
1259 412 262 43 concours,
1550 413 94 46 que
1670 398 58 44 de
1767 397 124 45 faire
1921 402 148 57 appré-

96 475 100 47 cier
219 492 91 29 son
341 475 177 46 mérite
550 491 87 45 par
671 475 44 45 le
754 475 109 63 jury
894 475 85 63 qui
1008 475 164 47 devait
1202 493 60 29 en
1286 477 201 45 décider
1508 489 11 33 :
1553 477 110 62 jury
1695 478 64 46 où
1790 493 49 29 se
1869 477 230 47 devaient

96 569 294 33 rencontrer
419 557 360 61 quelques-uns
801 557 85 45 des
917 558 111 61 plus
1051 558 200 46 fameux
1279 557 278 62 organistes
1588 559 65 45 du
1685 571 180 49 temps.

162 639 70 45 La
261 637 228 62 fabrique
519 649 47 33 et
595 638 43 44 le
678 642 117 42 curé
824 638 377 64 s'adjoignirent
1226 655 60 29 en
1312 638 111 46 effet
1455 638 122 47 trois
1602 639 199 46 artistes
1836 641 216 45 célèbres
2086 652 9 33 :

99 717 223 63 Gigault,
364 717 253 63 organiste
655 718 58 46 de
769 717 741 65 Saint-Nicolas-des-Champs,
1554 722 26 43 à
1610 719 88 61 qui
1737 736 128 30 nous
1910 721 189 45 devons

99 801 250 59 plusieurs
363 799 209 47 recueils
593 801 59 44 de
668 799 162 63 pièces
843 806 359 40 extrêmement
1214 801 357 45 intéressantes
1592 817 130 46 pour
1734 801 69 45 les
1818 801 281 47 hardiesses

97 879 366 63 harmoniques
511 892 47 33 et
604 879 335 63 l'ingéniosité
990 882 59 44 de
1079 882 208 58 facture;
1329 882 59 44 de
1423 881 280 58 Montalan,
1756 881 252 62 organiste
2041 883 59 45 de

100 961 603 59 Saint-André-des-Arts,
757 973 45 33 et
847 962 312 58 Dandrieux,
1214 963 58 45 de
1331 959 349 64 Saint-Merry.
1737 963 79 45 Au
1874 961 112 61 jour
2029 962 72 47 dit

97 1042 183 62 (c'était
307 1046 25 43 à
374 1043 43 46 la
464 1043 69 45 fin
575 1042 295 60 d'octobre),
903 1043 72 46 six
997 1055 326 35 concurrents
1353 1058 50 31 se
1428 1044 362 60 présentèrent.
1818 1043 254 62 Quelques-

97 1141 115 42 uns,
235 1123 109 60 déjà
365 1123 218 56 inscrits,
608 1123 225 46 s'étaient
857 1127 195 43 récusés
1075 1137 12 47 ;
1120 1124 30 46 il
1168 1140 31 45 y
1218 1123 129 47 avait
1378 1122 133 48 aussi
1533 1123 243 62 quelques
1807 1140 263 30 nouveaux
2089 1140 9 40 ;

99 1204 306 56 finalement,
428 1203 122 46 écrit
566 1203 43 46 le
641 1203 260 46 secrétaire
933 1204 59 46 de
1012 1204 44 46 la
1077 1203 315 64 compagnie,
1420 1222 20 24 «
1468 1204 180 46 devant
1676 1220 98 30 une
1797 1207 99 43 très
1915 1204 186 60 grande

101 1284 228 64 quantité
360 1286 59 45 de
457 1286 185 44 monde
692 1286 277 44 assemblée
994 1301 60 29 en
1077 1286 44 45 la
1160 1286 99 45 dite
1298 1284 214 63 Esglise,
1545 1286 69 44 les
1665 1284 160 47 sieurs
1855 1284 245 58 Calvière,

100 1367 263 57 Manceau,
390 1366 226 61 Vaudry,
650 1364 232 60 Poulain,
912 1366 226 45 Rameau
1169 1377 46 34 et
1247 1366 185 44 Dornel
1470 1381 50 29 se
1552 1376 114 35 sont
1685 1370 203 41 trouvés
1916 1366 123 45 dans
2060 1366 43 45 le

101 1447 113 60 jubé
238 1448 59 45 de
317 1447 188 62 l'orgue
537 1458 47 35 et
600 1458 87 35 ont
715 1447 177 46 touché
917 1458 47 35 et
1000 1446 112 59 joué
1134 1447 101 46 l'un
1266 1448 142 60 après
1446 1447 189 58 l'autre,
1672 1462 52 31 ce
1760 1446 86 62 qui
1872 1462 25 31 a
1925 1447 86 46 fait
2035 1462 68 31 un

103 1542 245 31 concours
376 1528 59 45 de
466 1527 114 61 plus
609 1527 59 46 de
698 1528 127 45 deux
856 1527 193 46 heures.
1091 1527 66 46 Et
1177 1526 173 47 lesdits
1380 1538 197 49 experts
1613 1538 149 50 ayant
1804 1531 101 42 esté
1949 1526 154 47 d'avis

104 1625 95 44 que
221 1610 42 44 le
301 1608 72 46 dit
392 1606 32 49 S
431 1616 8 20 l
439 1617 5 5 '
467 1610 222 43 Rameau
712 1608 74 45 fut
809 1607 177 60 choisi,
1019 1624 53 30 ce
1101 1608 80 46 n'a
1215 1625 66 44 pu
1328 1618 127 35 estre
1480 1607 87 46 fait
1606 1608 225 46 d'autant
1870 1607 120 61 qu'il
2023 1610 80 43 n'a

101 1690 151 45 voulu
287 1688 188 61 quitter
523 1688 187 61 l'orgue
740 1688 121 61 qu'il
906 1688 112 60 joue
1049 1704 94 30 aux
1181 1687 244 47 Jésuistes
1450 1700 47 33 et
1535 1704 95 29 aux
1661 1687 263 62 Religieux
1958 1688 58 46 de
2060 1688 44 45 la

101 1771 188 61 Mercy.
306 1770 81 58 Et,
407 1781 148 50 ayant
575 1768 197 46 conféré
795 1785 113 29 avec
931 1768 172 46 lesdits
1125 1768 160 46 sieurs
1308 1784 129 45 pour
1459 1782 68 31 un
1547 1768 85 45 des
1651 1767 252 47 meilleurs
1930 1768 171 60 sujets,

103 1861 111 34 sont
247 1848 190 47 d'advis
473 1865 96 44 que
603 1850 42 44 le
685 1847 135 47 sieur
853 1847 257 47 Anthoine
1141 1847 205 58 Dornel,
1385 1846 268 63 organiste,
1687 1847 298 47 demeurant
2018 1862 86 32 rue

103 1931 289 61 Dauphine,
443 1930 225 61 paroisse
716 1928 142 49 Saint
901 1931 173 44 André
1113 1931 87 44 des
1246 1931 137 56 Arts,
1426 1928 118 46 chez
1592 1928 42 45 le
1682 1927 134 47 sieur
1851 1928 249 63 Lebègue,

103 2011 302 62 perruquier
425 2013 36 58 (1
476 2011 32 61 ),
536 2011 86 61 qui
642 2011 79 44 n'a
751 2026 190 31 aucune
972 2026 169 46 orgue,
1169 2026 26 29 a
1219 2022 165 35 toutes
1414 2010 69 44 les
1507 2008 193 46 bonnes
1717 2010 95 59 vie,
1835 2025 190 32 mœurs
2060 2021 47 34 et

104 2092 217 61 capacité
349 2105 9 33 :
391 2092 161 61 lequel
575 2107 25 30 a
623 2106 131 46 pour
772 2091 42 46 le
839 2095 200 58 présent
1059 2093 194 60 accepté
1284 2091 44 44 la
1350 2091 136 61 place
1510 2090 302 61 d'organiste
1832 2091 60 46 de
1915 2091 44 44 la
1982 2090 122 45 ditte

101 2172 301 64 parroisse...
433 2173 63 60 (2)
533 2191 20 24 »

166 2253 113 47 Une
303 2265 117 33 note
443 2251 277 63 marginale
757 2252 64 47 du
845 2252 206 62 registre
1088 2252 64 46 où
1182 2252 74 46 fut
1291 2252 238 62 consigné
1558 2269 51 30 ce
1635 2251 366 63 procès-verbal
2033 2251 74 46 in-

103 2430 81 38 que
208 2417 60 37 les
302 2416 152 51 grands
480 2415 233 52 organistes
755 2429 80 37 que
866 2416 84 37 l'on
983 2429 43 25 se
1063 2416 199 51 disputait
1301 2426 169 41 partout
1501 2430 51 25 ne
1573 2417 194 50 jouaient
1789 2430 80 38 que
1893 2417 51 37 de
1971 2425 136 42 temps

103 2492 50 26 en
174 2487 138 42 temps
341 2478 104 37 dans
467 2477 204 48 chacune,
708 2478 22 36 à
764 2477 229 38 l'occasion
1031 2478 51 38 de
1119 2478 182 51 quelque
1339 2478 81 38 fête
1455 2480 187 36 notable.
1666 2481 56 35 Le
1754 2487 107 29 reste
1879 2480 55 36 du
1955 2487 152 41 temps,

104 2540 96 39 sauf
236 2553 52 26 en
326 2540 39 37 la
392 2539 232 51 principale
656 2539 142 51 église,
838 2540 136 37 c'était
1025 2553 58 24 un
1125 2540 49 37 de
1210 2540 110 39 leurs
1345 2540 135 39 élèves
1517 2540 85 50 qui,
1623 2542 21 35 à
1666 2542 94 37 titre
1799 2540 220 47 bénévole,
2047 2540 60 37 les

104 2604 259 50 remplaçait,
419 2615 52 26 en
524 2603 217 37 attendant
795 2614 82 26 une
929 2603 200 37 occasion
1164 2601 212 40 favorable
1421 2615 106 37 pour
1571 2615 42 25 se
1653 2603 142 49 placer
1835 2604 21 36 à
1887 2615 79 25 son
1996 2612 109 28 tour.

151 2666 54 48 (i)
232 2665 67 37 On
321 2673 100 41 peut
444 2673 122 29 noter
600 2676 52 24 au
685 2675 176 38 passage
899 2675 46 25 ce
992 2664 224 49 petit.trait
1247 2664 49 38 de
1334 2676 157 26 mœurs
1522 2665 55 37 du
1611 2673 150 40 temps,
1783 2676 80 38 que
1886 2664 58 38 les
1964 2665 144 48 jeunes

105 2727 230 38 musiciens
374 2740 43 25 se
463 2727 145 50 logent
650 2725 232 39 volontiers
922 2726 101 37 chez
1069 2739 58 24 un
1158 2726 263 51 perruquier.
1463 2727 183 37 Rameau
1687 2726 100 38 était
1816 2726 293 51 pareillement

105 2789 230 49 domicilié,
360 2802 165 25 comme
547 2801 55 25 on
623 2788 51 37 l'a
694 2801 69 34 vu,
785 2787 100 38 chez
905 2800 57 24 un
983 2787 50 38 de
1054 2800 67 25 ces
1136 2788 163 38 artistes
1323 2801 51 25 en
1392 2788 188 47 coiffure,
1602 2797 40 29 et
1663 2788 153 51 Haydn
1840 2788 35 38 le
1896 2788 61 37 fut
1980 2788 128 47 aussi,

106 2852 110 38 ainsi
240 2864 81 37 que
341 2852 98 36 bien
466 2852 179 36 d'autres
675 2862 170 25 encore.
878 2850 59 36 La
960 2849 203 50 boutique
1199 2850 99 37 d'un
1338 2850 250 51 perruquier
1611 2859 63 29 est
1708 2850 110 37 alors
1856 2863 59 24 un
1950 2850 160 37 bureau

104 2915 51 37 de
200 2913 217 38 nouvelles
444 2924 8 27 :
496 2913 38 36 la
569 2911 242 50 profession
853 2911 56 37 du
956 2911 146 38 maître
1141 2911 50 38 de
1233 2913 124 38 céans
1397 2913 36 38 le
1475 2921 84 30 met
1599 2925 49 26 en
1685 2913 201 38 relations
1928 2924 181 38 presque

104 2975 284 39 continuelles
412 2986 99 26 avec
538 2982 117 28 toute
699 2981 111 29 sorte
844 2972 50 38 de
932 2985 250 38 personnes.
1209 2974 30 38 11
1275 2986 52 26 en
1362 2975 188 37 résultait
1585 2975 283 38 évidemment
1902 2974 206 38 certaines

104 3038 178 38 facilités
322 3048 109 39 pour
471 3036 101 37 faire
608 3036 156 49 prôner
800 3047 65 26 ses
895 3035 168 38 mérites
1111 3045 39 29 et
1191 3036 156 38 arriver
1386 3037 22 36 à
1455 3048 43 26 se
1541 3037 233 37 constituer
1802 3048 82 26 une
1914 3033 194 40 clientèle

104 3099 195 41 d'élèves.

152 3164 55 48 (•2)
227 3160 202 40 Archives
467 3160 248 45 nationales,
744 3160 68 37 LL
835 3160 93 37 826.
953 3160 121 38 —Ce
1096 3168 166 43 compte
1303 3162 133 36 rendu
1460 3162 50 36 de
1534 3160 38 38 la
1595 3162 148 36 séance
1764 3172 49 25 ne
1835 3172 106 25 nous
1966 3159 139 37 donne

104 3238 115 25 assez
256 3222 324 39 naturellement
617 3234 162 25 aucune
818 3221 232 38 indication
1093 3235 70 24 sur
1191 3222 39 37 la
1256 3222 132 51 partie
1428 3222 226 51 technique
1690 3222 56 37 du
1774 3234 226 25 concours.
2025 3221 54 37 Ce-

104 3287 186 50 pendant
326 3297 108 26 nous
484 3296 149 26 savons
683 3285 21 35 à
731 3296 84 37 peu
858 3283 95 50 près
994 3283 60 39 les
1093 3285 212 38 exercices
1348 3285 202 49 auxquels
1595 3285 59 38 les
1696 3283 216 40 candidats
1954 3282 155 38 étaient

105 3349 187 39 conviés.
315 3348 123 38 Voici
453 3360 75 38 par
551 3346 190 49 exemple
774 3346 37 38 le
839 3358 267 38 programme
1130 3347 98 37 d'un
1267 3360 208 25 concours
1500 3347 204 51 analogue
1745 3348 21 36 à
1790 3347 247 38 Saint-Jean
2058 3346 51 36 de

108 3413 162 46 Rouen,
292 3412 37 37 le
353 3412 48 37 26
424 3409 175 38 octobre
623 3421 66 38 171
708 3421 8 24 1
746 3419 52 26 :«
816 3408 31 35 11
867 3421 105 24 vous
985 3408 146 49 plaira,
1150 3409 231 48 Monsieur,
1406 3410 176 37 toucher
1605 3409 180 50 l'hymne
1811 3408 100 38 Veni
1931 3408 179 38 Creator

106 3487 52 24 en
181 3474 40 37 E
243 3473 60 38 mi
330 3471 132 38 bémol
482 3471 129 37 tierce
630 3470 198 48 majeure,
848 3468 260 50 plain-chant
1131 3470 71 48 qui
1226 3483 91 25 sera
1337 3471 152 37 touché
1515 3484 70 24 sur
1606 3470 37 38 le
1684 3470 114 50 plein
1831 3470 67 48 jeu
1940 3480 99 26 avec
2071 3468 38 36 la

105 3536 179 50 pédalle,
311 3536 21 37 à
357 3543 143 41 quatre
537 3532 155 51 parties
732 3531 136 50 égales
894 3531 21 37 à
957 3540 144 41 quatre
1138 3540 134 41 temps
1310 3541 113 29 notte
1463 3541 144 29 contre
1637 3541 129 28 notte.
1793 3530 175 38 Ensuite
2002 3543 106 24 vous
