2237 3802
125 262 72 36 188

939 277 343 26 BIBLIOGRAPHIE

175 362 86 39 Les
282 362 156 39 chants
462 362 53 40 de
535 363 42 39 la
595 363 190 54 liturgie
807 364 53 40 de
882 363 48 40 S.
949 365 113 40 Jean
1087 366 326 53 Chrysostome
1419 399 9 18 ,
1451 379 79 41 par
1553 367 49 40 P.
1631 368 38 39 J.
1693 367 219 48 Thibaut,
1938 369 165 49 Turin,

122 434 107 40 chez
253 435 147 41 Bocca
419 449 8 38 ;
454 434 81 41 tiré
555 435 23 41 à
602 447 99 43 part
722 438 50 39 de
796 437 41 41 la
857 439 175 40 Rivista
1056 440 217 39 musicale
1294 438 223 54 (contient
1540 440 53 40 de
1614 440 186 41 curieux
1820 441 159 41 chants
2005 442 76 40 bul-

122 508 159 55 gares).

177 583 144 40 L'Art
340 583 234 53 religieux
603 592 44 33 et
666 586 40 39 le
727 588 137 40 chant
891 588 250 54 grégorien
1148 621 10 19 ,
1193 587 207 41 discours
1433 589 234 52 prononcé
1699 602 79 40 par
1816 590 38 39 J.
1896 590 211 53 Guibert,

125 656 137 50 S.-S.,
288 657 22 39 à
330 656 256 53 Versailles,
624 658 213 55 imprimé
872 662 22 40 à
936 661 243 50 Grenoble,
1221 663 150 39 Revue
1394 661 57 40 du
1474 663 136 38 chant
1629 661 251 55 grégorien
1913 663 197 54 (élégant

121 731 236 55 plaidoyer
376 746 117 40 pour
511 732 39 40 le
573 734 316 56 plain-chant).

176 806 66 39 La
268 806 168 41 Charte
450 807 75 40 des
548 810 149 53 règles
715 809 53 40 de
790 809 267 40 Pharmonie
1061 842 10 17 ,
1098 822 79 41 par
1195 808 174 40 Arthur
1395 808 267 53 Somervell,
1694 809 192 50 Oxford,
1924 809 158 41 Claren-

124 879 90 39 don
242 880 146 50 Press,
433 894 52 26 en
508 882 188 53 anglais,
737 882 114 54 prix,
896 898 10 24 i
952 881 214 55 schilling
1204 882 42 54 (2
1270 896 134 40 pages
1437 897 76 27 sur
1550 893 155 31 carton
1724 896 9 38 ;
1762 883 179 41 tableau
1974 883 112 54 prati-

124 967 101 40 que,
251 953 22 41 à
292 953 163 56 piquer
477 957 237 39 au-dessus
737 958 53 39 de
812 957 42 40 la
877 957 116 40 table
1014 957 104 40 d'un
1138 957 237 54 étudiant).

177 1028 173 41 Etudes
375 1042 82 27 sur
477 1030 382 61 l'interprétation
894 1032 231 49 musicale,
1151 1044 80 40 par
1255 1031 53 41 C.
1346 1031 324 47 Tacchinardi,
1708 1045 54 25 en
1799 1030 171 54 italien,
2009 1031 76 41 Flo-

125 1115 144 36 rence,
298 1113 91 44 typ.
417 1103 182 41 Galletti
624 1115 40 29 et
685 1104 139 41 Cocci
845 1104 244 54 (brochure
1110 1105 52 39 de
1188 1106 52 53 76
1265 1104 78 55 p.).

178 1176 44 39 Il
248 1176 270 41 Consulente
538 1177 326 41 Ecclesiastico
906 1178 172 54 (Revue
1113 1179 77 40 des
1214 1190 118 29 actes
1355 1179 59 40 du
1438 1178 278 55 Saint-Siège
1738 1191 40 30 et
1811 1181 52 39 de
1884 1179 41 42 la
1949 1179 159 41 Sacrée

127 1250 339 53 Congrégation
490 1251 240 52 Romaine,
755 1253 160 49 Rome,
942 1253 43 39 S.
1013 1252 182 41 Stefano
1227 1252 70 40 del
1320 1253 164 50 Cacco,
1510 1252 88 54 26).

152 1489 426 53 Bibliographie
609 1501 146 42 pour
783 1490 205 42 l'étude
1021 1491 77 42 du
1127 1492 224 40 théâtre
1382 1491 228 52 lyrique
1646 1503 69 30 en
1759 1493 217 40 France

2015 1492 80 52 (1).

181 1612 84 40 Les
296 1625 182 27 sources
501 1612 275 54 principales
801 1622 102 31 sont
926 1612 23 41 à
983 1612 41 42 la
1050 1612 322 55 Bibliothèque
1402 1613 53 40 de
1487 1612 185 55 l'Opéra
1690 1612 182 55 (Paris),
1897 1612 94 55 qui,
2026 1612 22 41 à
2069 1612 42 41 la

125 1686 99 40 date
248 1687 52 39 de
333 1686 123 56 1878,
496 1686 232 40 contenait
749 1700 76 40 241
858 1688 160 52 opéras
1057 1701 105 26 avec
1182 1697 99 30 tout
1316 1686 98 40 leur
1446 1686 206 41 matériel
1684 1686 300 51 d'exécution,
2033 1701 79 27 110

125 1759 158 42 ballets
303 1773 105 27 avec
431 1759 120 41 leurs
574 1760 166 54 parties
760 1763 204 52 séparées
983 1771 40 30 et
1039 1761 123 40 leurs
1175 1759 259 56 partitions,
1461 1761 81 52 184
1563 1760 242 54 partitions
1822 1775 104 26 sans
1946 1760 165 55 parties

128 1833 274 41 d'orchestre
422 1833 167 55 (pièces
612 1845 134 44 ayant
768 1833 142 54 figuré
934 1848 76 26 sur
1039 1834 40 40 le
1102 1834 181 54 pupitre
1302 1835 61 39 du
1387 1834 108 40 chef
1513 1834 275 40 d'orchestre
1812 1848 55 26 au
1904 1845 208 30 moment

128 1909 52 39 de
203 1907 42 42 la
268 1907 376 54 représentation)
665 1921 8 39 ;
696 1919 123 29 entre
839 1918 148 31 autres
1020 1909 270 40 documents
1320 1922 60 26 on
1411 1923 28 40 y
1462 1919 175 38 trouve,
1672 1921 106 27 avec
1801 1908 64 39 les
1895 1909 110 39 états
2026 1909 63 39 d'é-

128 1992 298 44 margement,
448 1982 64 40 les
531 1982 210 54 registres
766 1982 76 40 des
874 1990 189 33 recettes
1083 1982 26 40 à
1129 1985 42 38 la
1188 1990 136 45 porte
1330 2015 10 16 ,
1359 1982 162 54 depuis
1551 1983 105 53 1735
1683 1982 123 54 (avec
1824 1996 88 26 une
1929 1982 179 53 lacune,

129 2058 52 40 de
209 2058 108 55 1736
339 2057 23 40 à
385 2057 127 55 1749)
537 2056 178 56 jusqu'à
736 2070 84 26 nos
841 2056 126 55 jours
995 2056 39 51 (à
1065 2056 141 55 partir
1229 2057 53 40 de
1307 2057 108 41 1822
1440 2057 64 40 les
1521 2067 188 30 recettes
1730 2070 54 26 ne
1796 2056 197 54 figurent
2013 2057 98 54 plus

129 2145 76 27 sur
221 2145 61 26 un
305 2130 184 54 registre
514 2130 199 54 spécial).
750 2130 73 41 On
862 2144 168 40 pourra
1060 2130 247 50 consulter,
1332 2144 180 26 comme
1545 2143 220 41 ouvrages
1793 2129 315 55 particuliers:

135 2221 39 25 10
194 2205 317 53 Bibliothèque
535 2204 217 41 musicale
775 2205 57 40 du
851 2205 175 40 théâtre
1047 2205 53 40 de
1115 2203 185 54 VOpéra
1324 2219 14 37 ;
1364 2207 241 52 catalogue
1624 2206 269 53 historique,
1917 2206 167 39 chrono-

128 2281 193 53 logique,
349 2277 295 55 anecdotique
650 2313 7 14 ,
695 2277 149 55 rédigé
862 2278 183 54 parCh.
1072 2279 52 39 de
1149 2278 193 54 Lajarte,
1373 2292 21 26 2
1415 2278 110 49 vol.,
1544 2279 208 50 Jouaust,
1783 2278 130 55 1878.
1942 2278 143 41 20His-

129 2355 117 38 toire
265 2353 52 40 de
338 2352 278 41 VAcadémie
639 2354 165 53 royale
827 2353 52 40 de
911 2353 215 54 musique,
1152 2367 81 40 par
1255 2352 219 53 François
1511 2351 196 42 Parfaict
1742 2354 76 49 (en
1842 2352 269 50 manuscrit,

130 2427 118 41 Bibl.
280 2428 106 40 Nat.
418 2427 155 41 ms.fr.
608 2442 12 26 1
636 2427 147 54 2355).
816 2428 42 39 3°
888 2428 86 39 Les
1018 2426 218 55 Origines
1275 2427 53 40 de
1352 2427 30 39 V
1387 2426 151 54 Opéra
1549 2426 235 55 français,
1827 2426 186 54 d'après
2050 2428 64 39 les

128 2503 192 39 minutes
352 2501 77 40 des
444 2503 217 47 notaires,
688 2503 63 38 les
775 2501 222 54 registres
1020 2501 52 40 de
1097 2502 41 39 la
1159 2500 330 54 conciergerie,
1526 2511 106 39 etc.,
1656 2511 138 38 etc...,
1820 2513 81 42 par
1931 2500 183 41 Nuitter

129 2587 40 30 et
190 2575 233 53 Thoinan,
458 2591 11 25 1
498 2575 109 51 vol.,
635 2575 143 49 Paris,
807 2575 131 52 Pion,
971 2575 125 40 1886.
1121 2589 27 39 4
1152 2582 16 19 0
1199 2576 84 39 Les
1321 2582 216 33 costumes
1570 2574 77 41 des
1676 2574 180 55 grands
1892 2573 217 50 théâtres,

127 2664 29 40 4
186 2650 89 41 vol.
303 2650 206 40 donnant
530 2649 39 41 le
603 2659 204 31 costume
832 2662 52 27 en
913 2648 188 40 couleur
1123 2648 76 40 des
1223 2657 174 30 acteurs
1420 2661 105 27 avec
1564 2648 76 40 des
1658 2647 190 49 notices,
1876 2647 52 40 de
1958 2648 109 53 1786
2092 2647 23 40 à

136 2725 108 54 1789
270 2723 138 54 (Bibl.
449 2725 105 39 Nat.
590 2725 255 52 Estampes,
871 2722 71 40 Tb
964 2721 88 54 24),
1091 2731 40 30 et
1173 2720 216 40 l'énorme
1414 2720 166 40 recueil
1617 2722 52 38 de
1691 2734 213 40 gravures
1933 2719 180 41 intitulé

131 2798 154 40 Pièces
307 2810 80 27 sur
410 2799 39 39 le
474 2796 172 41 théâtre
662 2797 12 54 {
683 2796 116 41 ibid.
830 2796 87 40 Tb.
948 2795 96 53 14-).
1067 2796 42 42 5o
1129 2795 140 40 Essai
1286 2808 82 27 sur
1391 2793 223 41 Vhistoire
1638 2795 58 39 du
1721 2794 188 50 théâtre,
1935 2796 43 38 la
2001 2793 113 41 mise

131 2885 52 27 en
205 2873 141 49 scène,
375 2873 38 38 le
451 2871 136 40 décor
592 2904 10 19 ,
629 2881 102 40 etc.,
754 2883 79 42 par
858 2869 219 42 Germain
1114 2870 151 53 Bapst,
1304 2884 11 25 1
1344 2868 109 52 vol.,
1477 2868 143 52 Paris,
1653 2869 101 52 1893
1780 2869 67 49 (ce
1899 2868 112 40 livre
2050 2878 64 30 est

133 2946 39 40 le
198 2956 187 42 rapport
409 2944 169 40 officiel
603 2946 59 39 du
683 2945 100 55 jury
813 2945 53 39 de
888 2944 42 41 la
951 2944 139 40 classe
1121 2944 75 40 des
1229 2950 97 33 arts
1366 2941 249 54 décoratifs
1654 2941 23 40 à
1717 2941 309 54 l'Exposition
2064 2941 52 40 de

140 3019 141 52 1889).
304 3019 173 40 Toutes
500 3018 62 41 les
583 3033 184 26 sources
791 3029 104 30 sont
918 3018 238 53 indiquées
1177 3019 111 39 dans
1307 3030 72 27 ces
1403 3029 238 40 ouvrages.

183 3186 51 47 (1)
266 3184 281 46 Dorénavant,
569 3195 105 24 nous
698 3183 256 47 donnerons,
980 3184 103 37 dans
1104 3184 161 37 chacun
1286 3184 49 36 de
1357 3195 76 24 nos
1458 3181 213 47 numéros,
1696 3193 69 24 sur
1780 3193 57 24 un
1862 3182 106 48 sujet
1985 3181 110 37 déter-

132 3247 125 47 miné,
282 3246 202 50 quelques
509 3244 254 38 indications
787 3244 390 50 bibliographiques
1205 3252 187 42 pouvant
1415 3245 84 35 être
1521 3242 122 37 utiles
1665 3243 20 36 à
1706 3255 104 24 ceux
1831 3242 70 50 qui
1930 3243 186 37 étudient

131 3322 54 24 ou
213 3308 167 37 veulent
402 3306 162 38 étudier
586 3305 199 38 l'histoire
811 3306 49 36 de
883 3306 38 37 la
943 3306 209 49 musique.
1180 3309 117 34 Nous
1321 3306 242 49 répondons
1584 3304 104 37 ainsi
1707 3317 52 24 au
1782 3304 111 37 désir
1914 3304 72 49 qui
2009 3317 107 24 nous

131 3383 21 24 a
171 3370 62 37 été
251 3369 183 50 exprimé
454 3380 73 37 par
547 3368 209 49 plusieurs
768 3368 50 36 de
841 3379 76 25 nos
937 3368 202 37 abonnés.
1156 3369 118 35 Nous
1298 3379 180 25 sommes
1500 3367 191 49 toujours
1710 3367 21 35 à
1751 3367 89 36 leur
1860 3366 255 50 disposition

128 3445 107 37 pour
256 3432 60 37 les
336 3430 354 50 renseignements
715 3430 48 36 de
783 3441 45 24 ce
848 3440 137 37 genre.
