2237 3802
121 230 75 43 172

546 230 138 33 NOTÉS
718 234 85 29 SUR
835 234 215 38 FRANÇOIS
1084 234 221 29 COUPERIN
1338 235 72 27 DIT
1442 233 52 28 LE
1527 231 147 30 GRAND

120 321 328 46 instruments
468 322 59 45 de
550 322 233 61 musique
805 335 46 33 et
871 322 244 46 tablature
1144 324 60 44 de
1235 321 215 61 quelque
1481 321 170 60 espèce
1676 335 94 45 que
1794 335 52 29 ce
1867 322 89 58 pût
1978 321 121 57 être,

120 415 113 29 sans
279 415 187 31 aucune
505 401 282 61 exception,
819 414 46 33 et
909 413 315 34 notamment
1271 400 42 46 le
1362 399 131 47 droit
1542 397 313 61 d'enseigner
1897 401 24 42 à
1963 397 137 60 jouer

120 482 66 45 du
216 481 256 57 clavessin,
507 484 64 44 du
612 484 173 44 dessus
814 495 46 33 et
901 484 59 44 de
992 482 42 45 la
1063 482 141 45 basse
1244 482 58 45 de
1335 480 144 58 viole,
1516 480 66 44 du
1616 479 225 58 théorbe,
1879 480 66 44 du
1976 479 122 59 luth,

122 561 117 45 delà
268 560 236 62 guitarre,
537 562 58 46 de
620 562 43 46 la
691 562 118 46 flûte
841 562 275 45 allemande
1140 573 45 33 et
1215 559 313 56 traversière,
1554 570 131 34 etc...
1722 578 41 25 ».

178 641 94 45 Les
301 641 294 61 organistes,
616 658 59 29 en
705 641 303 62 particulier,
1041 642 344 60 s'opposèrent
1413 642 26 42 à
1462 637 452 64 l'enregistrement
1942 639 58 44 de
2025 655 77 29 ces

122 721 185 46 lettres.
340 720 83 48 On
452 722 174 46 devine
651 722 242 47 aisément
931 722 106 45 leur
1060 725 99 42 état
1182 720 220 62 d'esprit.
1435 721 82 46 Un
1558 720 154 61 grand
1743 719 357 62 compositeur,

122 816 193 31 comme
344 801 272 64 Couperin,
651 804 250 61 organiste
941 804 58 44 de
1044 800 387 58 Saint-Gervais,
1483 799 208 47 serait-il
1735 799 162 62 obligé
1947 800 58 44 de
2053 815 49 29 se

122 880 118 46 faire
272 883 217 45 recevoir
510 884 178 44 maître
712 886 24 42 à
761 884 179 44 danser
962 896 127 47 pour
1119 880 208 47 cultiver
1356 895 90 29 son
1470 880 105 44 art?
1620 880 94 44 Les
1738 877 366 64 compositeurs

123 974 175 33 eurent
320 961 167 46 raison
512 964 83 44 des
626 963 312 57 ménestrels,
965 978 103 29 non
1098 976 113 31 sans
1241 960 161 63 peine.

184 1043 69 44 Le
284 1043 52 45 18
360 1043 100 45 mai
490 1060 140 45 1707,
661 1045 59 45 de
755 1044 254 46 nouvelles
1035 1044 166 44 lettres
1229 1054 225 49 patentes
1483 1041 165 46 furent
1679 1039 274 62 expédiées,
1980 1055 127 46 pour

124 1137 229 30 ramener
374 1123 45 44 la
443 1140 20 24 «
496 1123 397 47 ménestrandise
918 1143 20 21 »
965 1139 94 29 aux
1087 1123 129 45 seuls
1237 1121 264 62 privilèges
1526 1120 207 61 stipulés
1755 1134 60 30 en
1848 1120 116 58 1692
1987 1129 46 33 et
2047 1133 60 30 en

132 1203 137 59 1695.
296 1201 95 47 Ces
421 1203 167 45 lettres
608 1205 197 59 n'ayant
828 1218 86 46 pas
938 1206 73 42 été
1035 1203 325 61 enregistrées
1375 1217 88 45 par
1496 1201 65 45 les
1590 1199 294 47 ménestrels
1914 1203 26 40 à
1963 1214 144 30 cause

124 1281 59 45 de
206 1281 212 46 certains
432 1283 342 45 considérants
791 1283 145 61 qu'ils
951 1281 248 63 jugeaient
1215 1294 112 48 trop
1341 1283 223 44 flatteurs
1578 1295 127 46 pour
1718 1280 69 44 les
1808 1277 295 63 organistes,

123 1361 206 59 ceux-ci,
354 1361 255 61 craignant
628 1361 229 60 toujours
874 1364 58 44 de
956 1363 254 44 nouvelles
1228 1360 260 47 difficultés
1506 1373 46 33 et
1576 1359 227 47 désireux
1829 1377 20 24 «
1882 1360 198 44 d'anéan-

127 1439 65 44 tir
239 1440 188 61 l'hydre
460 1460 41 40 »,
533 1441 275 59 obtinrent,
833 1441 42 45 le
903 1455 32 43 4
957 1440 160 61 juillet
1147 1458 119 44 1707
1293 1441 57 45 de
1371 1440 257 46 nouvelles
1658 1439 167 45 lettres
1869 1439 85 61 qui
1981 1458 20 23 «
2027 1437 61 46 fai-

124 1519 159 45 saient
311 1520 199 47 défense
554 1538 92 29 aux
681 1524 203 43 maîtres
914 1525 26 42 à
971 1523 179 44 danser
1173 1523 59 44 de
1270 1521 221 46 troubler
1519 1521 68 45 les
1609 1519 335 45 harmonistes
1986 1521 123 45 dans

122 1600 247 46 l'exercice
395 1603 56 44 de
471 1601 107 46 leur
595 1601 280 63 profession
901 1622 41 25 ».
962 1603 69 44 La
1055 1601 231 63 question
1310 1613 146 49 parut
1479 1601 126 46 ainsi
1629 1613 275 34 nettement
1926 1601 178 61 réglée.

184 1678 132 48 C'est
350 1683 24 42 à
404 1695 50 30 ce
486 1681 337 46 dénouement
853 1697 94 45 que
978 1698 49 28 se
1063 1694 233 48 rapporte
1326 1681 45 45 la
1393 1680 335 62 composition
1761 1681 59 45 de
1851 1679 257 62 Couperin

124 1759 122 46 citée
269 1760 112 60 plus
423 1760 134 47 haut.
584 1763 110 47 Une
725 1763 113 44 telle
885 1761 291 46 conclusion
1205 1778 60 29 ne
1288 1761 74 46 fut
1393 1761 250 46 d'ailleurs
1674 1778 95 44 que
1812 1761 292 61 provisoire.

127 1840 94 45 Les
246 1840 277 61 organistes
542 1853 46 33 et
618 1859 21 24 «
670 1841 366 63 compositeurs
1067 1841 308 47 d'harmonie
1413 1862 21 21 »
1462 1843 200 61 n'ayant
1691 1840 50 46 ni
1765 1841 262 59 confrérie,
2058 1841 51 45 ni

124 1924 370 55 communauté,
528 1920 50 46 ni
609 1921 152 61 dépôt
802 1921 168 61 public
1001 1923 63 45 où
1088 1934 259 34 retrouver
1394 1923 69 44 les
1498 1921 163 61 pièces
1684 1934 223 47 pouvant
1956 1921 156 46 servir

124 2003 26 40 à
193 2000 107 46 leur
322 2000 219 59 défense,
566 2001 167 47 furent
767 2003 112 61 plus
927 2004 108 44 tard
1065 2006 205 58 exposés
1294 2006 25 42 à
1351 2004 58 44 de
1434 2004 255 44 nouvelles
1728 2003 273 45 vexations.
2042 2004 67 44 Le

127 2079 58 46 3o
206 2079 99 46 mai
344 2083 119 58 1750
495 2098 48 28 se
573 2085 193 42 dénoua
801 2098 60 30 en
891 2083 106 45 leur
1025 2083 184 59 faveur,
1235 2099 89 46 par
1346 2099 67 31 un
1437 2086 158 42 arrêté
1627 2084 64 44 du
1724 2084 301 53 Parlement,
2043 2099 66 29 un

124 2174 228 31 nouveau
380 2164 190 57 procès.
599 2163 66 43 Le
689 2173 127 34 texte
848 2163 60 44 de
928 2178 52 29 ce
1011 2163 117 61 long
1157 2168 157 40 arrêté
1338 2175 73 33 est
1443 2164 83 44 des
1550 2164 112 61 plus
1685 2161 220 47 curieux.
1931 2164 180 46 Rendu

126 2258 20 22 «
179 2252 167 31 contre
371 2239 42 44 le
443 2239 132 46 sieur
598 2239 254 63 Guignon,
890 2241 95 45 Roi
1016 2253 46 33 et
1102 2245 175 42 maître
1321 2244 85 44 des
1434 2241 323 49 ménestriers
1806 2254 45 33 et
1900 2243 44 44 la
1973 2258 102 30 com-

124 2321 238 42 munauté
393 2319 86 44 des
508 2320 203 43 maîtres
734 2321 25 44 à
788 2320 183 45 danser
1003 2340 39 37 »,
1069 2319 32 46 il
1133 2319 221 47 contient
1379 2320 385 48 l'énumération
1813 2324 59 44 de
1905 2335 115 33 tous
2044 2323 68 44 les

126 2396 275 63 organistes
432 2399 58 44 de
523 2398 138 45 Paris
703 2403 26 40 à
771 2412 124 33 cette
926 2403 212 58 époque,
1171 2415 59 30 en
1265 2413 350 47 commençant
1643 2418 90 46 par
1761 2403 70 44 les
1862 2401 249 47 suivants:

124 2478 122 44 Jean
282 2476 240 56 Landrin,
556 2476 527 49 Guillaume-Antoine
1117 2479 252 49 Calvières
1397 2493 47 33 et
1484 2480 369 48 Louis-Claude
1893 2481 216 61 Daquin,

127 2556 275 61 organistes
433 2559 58 43 de
522 2558 43 45 la
593 2556 250 49 Chambre
868 2560 67 46 du
965 2559 123 60 Roi;
1112 2561 412 46 Armand-Louis
1557 2560 274 64 Couperin,
1863 2563 250 61 organiste

128 2638 57 44 de
218 2635 399 61 Saint-Gervais;
650 2639 118 60 (suit
810 2655 97 30 une
938 2639 108 44 liste
1092 2640 58 45 de
1176 2655 51 30 21
1272 2655 163 45 noms,
1470 2641 163 63 parmi
1665 2643 216 61 lesquels
1912 2641 201 47 Nicolas

129 2716 357 56 Clérambault,
501 2718 248 63 organiste
774 2723 25 40 à
830 2716 281 63 Saint-Cyr,
1126 2732 46 31 et
1196 2719 534 63 Evrard-Dominique
1751 2720 360 59 Clérambault,

129 2798 249 61 organiste
409 2800 85 45 des
522 2799 233 46 Jacobins
777 2800 58 45 de
853 2800 43 43 la
918 2814 85 31 rue
1036 2798 403 63 Saint-Jacques)
1465 2801 85 61 (1).

192 2879 116 58 (Par
336 2894 68 29 un
428 2879 99 46 édit
551 2878 270 62 enregistré
853 2879 41 44 le
928 2878 28 66 i
984 2878 27 66 3
1039 2878 110 66 mars
1178 2880 138 60 1773,
1343 2881 152 45 Louis
1516 2881 116 46 XVI
1660 2883 257 61 supprima
1943 2881 170 46 l'office

132 2960 58 43 de
217 2958 95 45 Roi
334 2970 46 33 et
406 2959 179 46 Maître
609 2960 85 45 des
717 2959 324 46 Ménestriers
1072 2974 193 31 comme
1291 2978 21 23 «
1336 2961 214 46 nuisible
1571 2967 25 41 à
1625 2964 309 46 l'émulation
1964 2964 39 46 si
2034 2968 54 42 né-

134 3038 207 45 cessaire
367 3054 60 29 au
448 3043 206 55 progrès
678 3040 58 45 de
768 3040 106 45 l'art
903 3042 57 43 de
983 3040 43 45 la
1046 3039 231 59 musique
1309 3043 60 55 ».)

380 3139 56 56 (A
456 3136 197 59 suivre.)

1730 3143 46 44 J.
1809 3141 58 49 C.

182 3278 53 48 (1)
260 3278 78 36 Les
362 3277 247 37 documents
631 3276 248 49 principaux
915 3288 69 25 sur
1006 3285 105 28 cette
1153 3277 152 49 longue
1348 3277 172 37 histoire
1553 3287 73 28 ont
1660 3279 62 37 été
1765 3280 140 37 réunis
1942 3281 103 37 dans
2082 3282 35 36 le

132 3339 167 38 volume
345 3338 163 37 suivant
533 3351 6 24 :
575 3338 171 37 Recueil
770 3338 124 37 d'édit
916 3338 104 49 (sic),
1057 3333 115 42 arrêt
1196 3339 49 36 du
1270 3339 151 36 conseil
1455 3340 49 35 du
1529 3340 93 44 Roi,
1654 3342 139 36 lettres
1820 3350 197 42 patentes,
2042 3344 52 36 mé-

131 3401 164 46 moires,
327 3409 38 28 et
381 3398 136 40 arrêts
533 3400 50 37 du
612 3401 253 46 Parlement,
890 3408 106 30 etc...
1031 3412 46 24 en
1092 3401 157 51 faveur
1268 3400 68 38 des
1369 3402 218 37 musiciens
1608 3403 51 36 du
1677 3415 205 37 royaume
1908 3418 15 33 ;
1946 3405 47 36 de
2018 3405 81 36 l'im-

127 3464 205 48 primerie
368 3463 47 36 de
455 3463 49 36 P.
542 3463 49 36 R.
636 3463 46 38 C.
708 3462 187 46 Ballard,
925 3463 86 36 seul
1042 3462 258 50 imprimeur,
1325 3471 112 29 etc...
1482 3476 16 23 i
1511 3477 7 9 r
1519 3477 14 35 j
1542 3462 4 54 r
1547 3472 65 40 j4,
1633 3478 83 36 par
1739 3465 152 51 exprès
1915 3479 175 25 comman-

130 3526 160 35 dement
311 3526 48 35 de
381 3525 57 36 Sa
454 3523 187 50 Majesté.
