2237 3802
2048 210 69 48 187

949 220 344 26 BIBLIOGRAPHIE

667 366 924 58 BIBLIOGRAPHIE

176 519 131 41 Nous
328 532 140 28 avons
489 533 108 44 reçu
620 521 63 39 les
705 520 229 40 nouvelles
960 517 306 55 publications
1285 520 233 40 suivantes
1542 532 14 28 :

179 612 198 41 Œuvres
396 615 240 51 complètes
657 612 53 42 de
737 612 50 42 T.
804 613 49 39 L.
891 611 206 41 Victoria
1115 611 88 55 (xvi
1208 621 16 19 e
1246 611 169 55 siècle),
1438 627 12 26 i
1461 621 33 19 er
1516 612 90 42 vol.
1627 613 155 55 publié
1799 628 81 42 par
1902 614 219 55 Philippo

124 686 181 41 Pedrell
334 687 84 54 (un
444 687 87 40 fort
563 687 91 40 vol.
681 687 53 40 de
768 688 75 53 156
863 700 43 41 p.
943 687 53 39 de
1020 685 230 55 musique,
1276 700 106 27 avec
1415 686 105 42 intr.
1558 701 54 26 en
1634 689 235 54 espagnol,
1892 689 228 41 allemand

117 771 40 31 et
181 761 212 53 français,
420 762 109 40 chez
552 761 244 56 Breitkopf
814 772 41 30 et
877 761 177 50 Hartel,
1079 760 223 56 Leipzig).

173 836 294 41 Monuments
489 835 53 41 de
565 838 44 38 la
631 838 205 53 musique
858 850 52 27 en
931 835 221 42 Autriche
1158 871 9 16 ,
1196 836 177 54 publiés
1392 851 106 27 sous
1531 838 39 40 le
1588 848 250 45 patronage
1874 838 60 40 du
1961 838 134 40 minis-

123 910 91 40 tère
241 911 35 40 I.
310 920 42 30 et
377 910 53 40 R.
456 910 53 39 de
527 909 321 43 l'lnstruction
868 910 222 55 publique
1114 920 41 31 et
1185 911 76 40 des
1288 911 174 42 Cultes.
1486 915 160 38 Année
1667 926 58 27 ix.
1752 927 11 25 i
1776 918 31 22 re
1823 911 145 56 partie
1991 926 7 27 :
2024 913 74 40 Lie-

119 985 83 40 der
220 983 240 43 d'Oswald
495 997 83 28 von
609 985 319 51 Wolkenstein,
962 999 148 26 xiv-xv
1114 998 15 18 e
1168 985 173 41 siècles.
1382 986 35 54 (1
1464 986 91 42 vol.
1595 988 53 39 de
1680 988 231 40 XXXII-233
1951 1000 45 41 p.
2034 995 88 34 très

119 1058 142 55 grand
297 1058 185 50 format,
509 1072 105 27 avec
645 1074 23 39 7
707 1058 217 55 planches
964 1059 374 55 phototypiques,
1368 1071 115 30 texte
1507 1071 43 30 et
1594 1060 235 41 notations
1855 1060 264 51 anciennes,

119 1135 156 40 études
301 1134 234 54 critiques,
572 1144 142 39 etc...,
753 1133 23 41 à
796 1133 193 53 Vienne,
1025 1133 184 42 Artaria
1233 1145 40 30 et
1295 1135 35 41 C
1337 1135 26 27 ie
1392 1151 9 34 ;
1425 1135 113 55 prix,
1575 1149 54 27 20
1655 1135 97 55 m.).
1866 1149 22 27 2
1893 1145 15 18 e
1951 1136 168 54 partie:

121 1209 197 41 Œuvres
357 1211 376 39 instrumentales
768 1208 53 41 de
852 1209 181 40 Johann
1063 1208 141 56 Josef
1229 1209 107 40 Fux
1378 1212 101 49 (xvn
1484 1218 14 19 e
1524 1210 171 55 siècle),
1733 1221 277 30 contenant:
2034 1224 88 27 une

114 1291 221 47 sonatap.
361 1283 186 50 violino,
573 1290 223 43 cornetto,
812 1284 250 49 trombone,
1072 1283 182 55 fagotte
1275 1291 44 33 et
1339 1297 196 42 organo;
1559 1299 91 27 une
1668 1299 17 26 s
1692 1292 195 46 onatap.
1907 1285 111 41 oboe
2036 1285 85 41 let

114 1359 66 50 11,
206 1360 169 40 violino
394 1359 22 41 I
434 1366 44 33 et
506 1358 66 48 11,
599 1360 137 49 viola,
745 1358 207 55 fagotto,
972 1358 178 41 violone
1169 1357 56 56 (c.
1253 1358 128 42 basso
1403 1360 231 54 continuo)
1658 1374 9 37 ;
1688 1359 104 55 plus
1819 1359 299 48 Ouvertures,

117 1432 179 57 fugues,
324 1432 120 54 aria,
481 1440 309 42 menuets,tic.
813 1432 38 55 (1
872 1432 90 41 vol.
983 1432 53 41 de
1056 1433 151 40 xvi-55
1232 1446 136 41 pages
1394 1447 9 35 ;
1424 1444 115 30 texte
1563 1433 193 42 musical
1777 1434 188 55 précédé
1987 1434 134 41 d'une

120 1508 340 40 Introduction,
476 1507 118 41 lbid.
625 1521 9 38 ;
659 1507 115 55 prix,
792 1521 29 41 4
840 1507 182 52 marks).
1115 1508 132 40 Nous
1266 1507 289 55 reparlerons
1576 1522 53 26 en
1648 1508 136 41 détail
1809 1510 53 39 de
1886 1523 72 26 ces
1980 1508 138 42 belles

121 1593 40 30 et
185 1582 288 55 magistrales
498 1581 329 55 publications.
856 1581 125 40 Dans
1001 1581 41 40 la
1064 1581 240 54 première,
1332 1582 43 39 le
1400 1592 114 30 texte
1538 1581 217 42 littéraire
1773 1583 78 40 des
1871 1582 164 41 Lieder
2067 1584 54 39 de

120 1656 325 42 Wolkenstein
466 1670 23 26 a
528 1657 67 40 été
630 1655 135 41 établi
787 1669 79 41 par
886 1656 63 39 M.
976 1654 40 40 le
1038 1655 117 53 prof.
1180 1655 131 40 Josef
1338 1655 178 50 Schatz,
1538 1656 42 40 la
1615 1656 212 55 musique
1854 1671 81 41 par
1982 1658 64 40 M.
2081 1657 40 42 le

120 1731 119 55 prof.
265 1730 188 43 Oswald
496 1729 174 42 Koller.
769 1729 269 40 Laseconde
1081 1728 289 55 publication
1388 1740 65 29 est
1484 1730 87 41 due
1606 1731 105 41 àM.
1741 1731 39 40 le
1808 1731 115 54 prof.
1967 1732 153 41 Guido

121 1807 153 40 Adler.

174 1881 119 41 J.-S.
324 1880 181 42 Bachfé
512 1879 149 42 dition
686 1880 52 40 de
781 1879 42 41 la
868 1878 491 55 Bach-Gesellschaft),
1396 1888 238 31 concertos
1674 1887 49 32 n°
1770 1893 63 40 14,
1867 1878 22 55 i
1911 1878 21 55 5
1954 1878 43 55 et
2057 1882 63 48 16,

121 1970 41 40 p.
192 1955 153 54 piano,
372 1965 40 30 et
432 1954 40 41 la
495 1954 207 54 musique
724 1954 190 55 d'orgue
936 1952 73 56 (E.
1034 1953 264 49 Naumann,
1324 1952 100 42 livr.
1458 1968 48 40 17
1537 1963 41 30 et
1619 1954 83 54 18).

174 2032 67 39 La
266 2038 162 47 troupe
443 2029 95 41 Joli
542 2042 126 28 cœur
674 2061 8 18 ,
701 2027 207 42 comédie
930 2027 217 41 musicale
1172 2041 54 26 en
1253 2028 19 40 3
1299 2037 119 31 actes
1439 2038 40 30 et
1501 2041 62 27 un
1585 2028 225 54 prologue
1834 2028 176 54 d'après
2034 2042 88 27 une

121 2104 212 42 nouvelle
355 2105 53 40 de
435 2103 146 41 Henri
623 2103 133 48 Gain,
794 2102 179 55 paroles
997 2112 41 31 et
1060 2101 213 55 musique
1307 2103 53 39 de
1396 2102 174 40 Arthur
1607 2102 217 54 Coquard
1851 2115 9 39 ;
1883 2102 239 42 réduction

121 2194 117 40 pour
254 2178 138 56 piano
430 2188 41 31 et
490 2178 152 49 chant,
669 2177 141 50 Paris,
834 2176 109 41 chez
968 2176 120 42 Grus
1121 2178 75 50 (20
1218 2176 90 56 fr.).
1333 2176 53 42 V.
1413 2176 102 54 plus
1543 2176 110 41 haut
1682 2190 89 26 une
1792 2176 327 55 appréciation.

187 2254 127 41 Valse
331 2256 52 38 de
406 2259 184 34 concert
609 2266 55 27 en
684 2251 50 53 fa
756 2251 174 54 majeur
949 2252 53 39 de
1037 2250 204 42 Maurice
1267 2251 327 53 Moszkowski,
1631 2251 206 50 Breslau,
1862 2251 110 40 chez
2011 2252 84 41 Hai-

122 2342 141 27 nauer
286 2327 226 56 (fantaisie
531 2327 296 41 intéressante
849 2340 44 41 p.
916 2326 174 55 piano).

174 2402 258 40 Exercices
456 2401 260 53 techniques
738 2399 58 40 du
813 2399 200 53 pianiste
1032 2399 230 50 moderne,
1298 2413 80 40 par
1399 2398 158 41 Alfred
1596 2401 136 48 Rose,
1752 2400 234 52 Hanovre,
2013 2401 109 40 chez

122 2476 52 41 C.
201 2478 55 38 A.
280 2475 149 50 Gries,
456 2475 19 40 3
503 2476 151 39 marks
686 2474 111 55 (bon
820 2473 183 53 recueil,
1030 2473 114 41 mais
1168 2488 55 26 ne
1247 2474 281 54 remplaçant
1550 2488 79 40 pas
1652 2484 104 31 tous
1775 2474 64 40 les
1864 2474 182 55 autres).

174 2552 65 38 La
276 2549 226 55 Tempête,
528 2549 54 40 de
609 2549 49 40 P.
693 2548 379 55 Tschaikowsky,
1098 2562 75 41 op.
1218 2549 47 39 18
1305 2549 86 50 (M.
1437 2548 214 55 Lippold)
1694 2548 107 40 chez
1843 2549 276 53 Jurgenson,

122 2626 195 39 Moscou
341 2625 65 53 (p.
437 2623 174 54 piano).

178 2698 177 41 Etudes
368 2697 288 54 esthétiques,
678 2710 80 41 par
775 2695 204 55 Georges
1003 2695 217 41 Lechalas
1241 2696 36 54 (1
1304 2696 90 40 vol.
1414 2695 130 52 in-B°,
1561 2696 160 52 Alcan,
1742 2711 22 40 7
1789 2696 52 41 fr.
1871 2697 68 40 50.
1967 2696 130 41 Excel-

121 2775 92 40 lent
232 2788 118 40 pour
384 2783 161 30 mettre
571 2772 38 40 le
633 2772 171 39 lecteur
827 2785 54 26 au
907 2780 191 31 courant
1135 2770 76 40 des
1234 2770 275 55 principales
1546 2770 236 55 questions
1822 2771 300 55 d'esthétique

121 2849 112 40 dans
256 2848 63 40 les
343 2846 150 42 divers
511 2857 89 29 arts
640 2846 131 40 Nous
796 2858 53 26 en
874 2844 296 55 analyserons
1194 2843 373 41 ultérieurement
1585 2844 65 41 les
1672 2844 166 55 parties
1862 2845 259 54 musicales,

121 2937 54 26 au
210 2933 206 30 moment
440 2921 60 40 où
522 2935 83 26 nos
639 2921 157 40 études
819 2933 77 26 sur
916 2918 285 55 l'esthétique
1226 2932 117 27 nous
1367 2932 54 27 en
1444 2919 264 42 fourniront
1726 2919 283 56 l'occasion).

175 2996 213 41 Histoire
411 2996 52 40 de
488 2996 45 40 la
552 2994 201 55 musique
759 3029 9 17 ,
795 3006 78 42 par
893 2994 60 40 H.
978 2994 164 55 Boyer,
1175 3009 12 25 1
1216 2993 91 41 vol.
1340 2994 80 41 160
1444 3008 63 41 p.,
1533 2993 263 57 chezNony
1817 2994 305 56 (élémentaire

119 3083 39 29 et
181 3086 86 40 peu
301 3071 243 53 ordonné).

183 3145 209 42 Theodor
418 3145 165 54 Gouvy
589 3179 8 17 ,
637 3157 46 28 sa
702 3144 70 40 vie
793 3154 41 31 et
857 3157 69 27 ses
950 3157 193 37 œuvres,
1172 3157 79 40 par
1270 3144 108 41 Otto
1399 3143 242 54 Klauwell,
1660 3144 172 53 Berlin,
1844 3145 275 49 Harmonie,

122 3218 289 56 (biographie
435 3220 301 40 documentée
761 3229 41 29 et
825 3217 292 55 impartiale).

176 3297 62 38 Le
257 3294 281 41 Catéchisme
561 3294 59 40 du
648 3295 320 52 Compositeur
973 3328 7 15 ,
1009 3305 80 42 par
1107 3292 104 42 Joh.
1237 3292 172 42 Christ.
1432 3293 141 49 Lobe,
1605 3307 52 26 en
1684 3293 91 49 ail.,
1803 3293 110 40 chez
1951 3294 39 39 J.
2015 3294 72 41 We-

124 3370 92 51 ber,
246 3369 202 55 Leipzig,
475 3370 20 40 3
522 3382 61 28 m.
611 3370 52 39 5o
689 3367 110 55 (bon
830 3381 117 41 pour
967 3367 62 40 les
1051 3366 143 41 élèves
1230 3366 77 56 qui
1327 3367 184 41 veulent
1531 3368 255 54 apprendre
1808 3366 155 55 seuls).

178 3446 65 38 La
265 3444 222 40 Doctrine
510 3443 75 41 des
609 3445 266 39 intervalles
879 3476 10 19 ,
916 3456 42 41 p.
984 3442 76 41 W.
1102 3442 337 53 Freudenberg,
1480 3441 171 49 Berlin,
1691 3455 54 26 au
1775 3441 169 40 Globus
1970 3439 131 55 (prati-

126 3532 85 40 que
235 3528 41 31 et
295 3519 88 40 très
403 3518 327 52 élémentaire).
