2870 3807
254 296 305 61 HOOPS
1687 299 270 76 Wilfrid
1999 300 257 63 Wilson
2302 300 256 62 Gibson

1371 3531 84 45 141

248 500 145 59 This
419 511 276 51 moment
722 511 66 52 to
816 506 77 57 be
919 525 137 52 you,
1090 507 128 74 just
1247 527 67 38 as
1338 527 125 52 you
1491 526 117 46 are,

248 602 433 70 Preposterous
713 604 369 72 pantaloons
1118 605 123 57 and
1272 607 217 73 purple
1522 614 132 49 cats

245 695 143 57 And
418 697 257 72 painted
705 700 122 57 leer
863 700 123 56 and
1019 701 263 57 crimson
1316 703 158 55 curls
1508 701 122 57 and
1664 703 93 62 all,

247 790 87 60 To
367 794 77 57 be
474 814 126 51 you
632 816 151 45 now,
822 798 150 58 with
1004 799 146 71 only
1181 818 116 40 one
1327 799 225 57 missed
1583 799 175 72 hoop,

245 888 63 58 If
338 891 98 57 I'd
466 892 96 57 six
595 894 424 59 clean-limbed
1052 896 272 58 children
1355 896 64 57 of
1451 915 106 52 my
1587 894 171 65 loins,

248 990 166 53 Born
441 990 65 55 of
531 990 108 58 the
666 998 241 64 ecstasy
934 992 63 57 of
1021 992 105 59 life
1152 992 215 57 within
1395 1010 113 46 me,

245 1082 89 59 To
364 1085 154 73 keep
548 1086 50 59 it
629 1087 183 75 quick
841 1089 123 56 and
991 1089 235 58 valiant
1254 1089 65 56 in
1348 1089 106 57 the
1482 1087 135 73 ring

247 1181 199 59 When
470 1186 33 54 I
585 1230 10 9 .
682 1230 10 10 .
781 1230 11 10 .
878 1185 114 57 but
1018 1188 31 53 I
1129 1231 11 10 .
1228 1231 11 10 .
1326 1230 10 10 .
1423 1186 158 60 Man,
1614 1202 161 44 man,
1806 1183 223 69 you've
2053 1184 223 57 missed
2302 1203 35 37 a
2361 1184 196 74 hoop:

248 1282 128 56 But
407 1280 216 72 they'll
653 1282 146 57 take
830 1301 188 52 every
1048 1282 161 73 hoop
1240 1282 120 57 like
1390 1280 261 59 blooded
1682 1280 185 58 colts:

244 1374 144 58 And
421 1377 167 57 'twill
615 1378 77 56 be
720 1396 125 52 you
874 1377 64 56 in
967 1377 171 58 them
1165 1377 142 58 that
1334 1378 166 71 leaps
1529 1374 265 75 through
1822 1376 119 63 life,

243 1473 142 58 And
418 1475 65 56 in
516 1475 160 57 their
708 1475 288 64 children,
1038 1475 123 56 and
1193 1475 159 57 their
1385 1473 321 60 children's
1739 1472 284 59 children.

245 1570 172 58 God!
477 1570 242 58 doesn't
750 1571 49 57 it
830 1573 180 55 make
1038 1590 126 51 you
1193 1571 146 57 hold
1367 1589 154 52 your
1550 1570 219 58 breath
1799 1576 68 52 to
1896 1569 183 58 think

248 1666 257 59 There'll
538 1669 224 69 always
793 1669 76 56 be
902 1687 79 37 an
1011 1668 263 57 Andrew
1303 1666 65 58 in
1397 1668 108 57 the
1536 1666 147 73 ring,

247 1763 128 58 The
403 1782 155 52 very
587 1764 123 74 spit
742 1763 123 57 and
893 1764 198 73 image
1120 1766 64 55 of
1212 1782 124 52 you
1367 1763 289 74 stripped,

247 1861 199 57 While
477 1861 156 57 life's
666 1861 101 56 old
803 1861 193 57 circus
1028 1861 152 57 lasts
1204 1866 21 49 ?
1312 1860 142 57 And
1487 1863 32 54 I
1601 1905 205 10 ...
1894 1866 66 51 at
1992 1860 155 57 least

247 1957 194 59 There
466 1959 54 55 is
546 1978 80 36 no
654 1957 245 59 twisted
927 1957 177 74 thing
1132 1957 62 57 of
1223 1976 107 52 my
1357 1956 316 74 begetting

248 2054 89 57 To
369 2055 156 73 keep
559 2073 107 51 my
699 2054 209 57 shame
941 2053 191 58 alive:
1195 2053 124 57 and
1350 2053 192 58 that's
1574 2053 107 57 the
1714 2059 161 52 most

247 2150 164 60 That
442 2153 134 57 I've
607 2159 66 51 to
704 2150 175 74 pride
910 2150 219 71 myself
1160 2168 181 55 upon.
1430 2153 140 60 But,
1611 2149 150 64 God,

247 2251 120 57 I'm
395 2249 216 75 proud,
651 2268 94 51 ay,
781 2248 200 74 proud
1013 2267 66 38 as
1109 2247 255 63 Lucifer,
1402 2247 64 56 of
1496 2246 154 57 that.

248 2346 204 58 Think
480 2346 168 57 what
676 2346 51 57 it
756 2364 223 44 means,
1016 2345 149 57 with
1195 2345 80 56 all
1305 2343 106 58 the
1439 2361 148 55 urge
1617 2342 122 57 and
1768 2342 177 74 sting,

248 2444 199 58 When
477 2442 148 58 such
656 2462 36 36 a
719 2444 125 56 lust
873 2442 62 56 of
962 2441 104 59 life
1095 2460 147 38 runs
1270 2440 65 57 in
1366 2440 105 58 the
1498 2439 189 58 veins.

247 2544 156 60 You,
440 2540 150 57 with
618 2558 154 52 your
800 2538 96 58 six
924 2558 157 44 sons,
1119 2538 122 57 and
1268 2555 155 53 your
1451 2554 115 40 one
1595 2535 224 57 missed
1847 2534 175 74 hoop,

248 2642 124 54 Put
404 2638 141 58 that
577 2637 265 72 thought
873 2637 66 56 in
969 2655 157 52 your
1155 2636 157 72 pipe,
1354 2634 123 56 and
1510 2634 209 57 smoke
1748 2633 65 57 it.
1900 2633 168 63 Well,

248 2733 142 59 And
422 2733 138 57 how
593 2733 188 70 d'you
812 2732 122 57 like
964 2732 108 57 the
1105 2731 235 57 flavour
1366 2736 20 49 ?
1475 2728 357 73 Something
1862 2728 189 57 bitter
2077 2733 19 50 ?

247 2831 143 57 And
419 2832 192 56 burns
640 2831 107 57 the
776 2836 228 66 tongue
1035 2848 36 36 a
1101 2827 159 60 trifle
1286 2834 20 49 ?
1396 2827 212 57 That's
1637 2826 107 57 the
1772 2825 198 58 brand

249 2928 163 58 That
444 2930 30 55 I
507 2934 166 51 must
705 2926 208 57 smoke
943 2925 177 58 while
1151 2926 131 56 I've
1311 2924 109 58 the
1448 2923 220 58 breath
1698 2929 68 49 to
1796 2920 147 75 puff.

243 3024 240 70 {pause.)

247 3123 133 57 I've
411 3123 227 67 always
665 3119 383 74 worshipped
1076 3119 107 59 the
1208 3118 183 71 body,
1428 3119 80 56 all
1537 3136 105 52 my
1669 3116 103 58 life
1773 3150 78 7 —

249 3218 129 59 The
407 3218 169 70 body
605 3217 184 74 quick
816 3216 148 58 with
993 3216 107 57 the
1127 3216 233 72 perfect
1388 3213 210 59 health
1627 3212 197 57 which
1852 3212 51 57 is
1931 3212 244 71 beauty,

248 3317 231 70 Iyively,
516 3315 223 62 lissom,
779 3315 167 61 alert,
987 3312 121 58 and
1140 3312 214 74 taking
1385 3311 81 57 its
1496 3329 138 52 way

251 3413 287 71 Through
564 3411 108 59 the
699 3410 190 57 world
915 3410 148 57 with
1091 3410 107 57 the
1225 3428 143 52 easy
1395 3408 129 73 gait
1551 3406 62 58 of
1641 3406 107 58 the
1775 3405 167 71 early
1969 3405 179 59 Gods.
