2870 3807
334 288 179 62 THE
588 287 508 63 INNOCENTS
1755 286 345 62 Lascelles
2168 280 492 65 Abercrombie

1453 3542 88 44 148

334 494 320 75 Required,
691 494 176 57 when
899 496 30 54 I
961 513 123 37 was
1114 493 293 72 worshipt
1436 493 85 71 by
1550 493 97 57 his
1675 494 245 68 beauty.

333 594 53 56 0
423 592 189 72 night,
655 590 238 59 infinite
928 609 172 38 room
1136 589 64 57 of
1235 589 108 58 fire
1380 589 301 74 rejoicing,

333 693 31 55 1
393 691 181 56 know
602 689 198 58 where
827 707 124 52 you
983 707 100 38 are
1112 687 292 75 equalled,
1441 692 32 53 I
1501 688 141 59 that
1672 707 102 38 am

333 790 166 61 Iyove
528 787 95 57 for
655 806 34 37 a
720 787 168 57 lover
919 786 156 57 dead
1107 786 123 56 and
1263 805 36 37 a
1329 804 112 39 son
1470 785 224 73 living!

413 937 95 66 By
538 933 126 57 this
696 933 171 59 there
898 932 218 58 should
1147 932 158 57 have
1336 933 156 56 been
1525 951 34 37 a
1591 932 221 72 golden
1848 952 113 51 eye

335 1028 81 59 Of
452 1028 371 73 candlelight
858 1027 306 74 watching
1200 1027 95 57 for
1331 1027 108 59 her
1476 1028 322 74 approach,

331 1125 132 58 The
491 1126 303 73 gleaming
823 1125 259 57 window
1111 1125 140 58 that
1280 1125 201 57 would
1510 1144 162 39 seem
1702 1126 109 59 her
1839 1126 157 57 hour

335 1224 80 58 Of
446 1223 107 73 joy
584 1223 246 73 looking
862 1229 66 52 to
961 1223 145 57 take
1136 1223 110 58 her
1275 1223 159 58 back
1465 1224 193 71 again.

336 1324 126 54 But
491 1321 172 57 there
691 1338 123 38 was
843 1319 146 70 only
1016 1319 176 73 night
1219 1319 66 56 in
1312 1321 169 57 front
1509 1321 62 57 of
1600 1322 140 56 her:

336 1417 127 59 The
493 1417 189 57 house
712 1436 123 37 was
868 1416 154 57 dark
1054 1416 123 57 and
1206 1417 300 64 noiseless,
1547 1437 34 37 a
1613 1425 244 66 strange
1886 1418 151 58 bulk

335 1515 80 57 Of
451 1514 245 58 blacker
730 1514 191 72 night,
964 1512 164 59 filled
1162 1514 148 58 with
1349 1515 232 74 quieter
1616 1516 256 64 silence;

335 1611 141 58 And
504 1610 108 59 she
640 1629 123 38 was
791 1610 258 73 nothing
1078 1616 67 51 to
1173 1610 87 66 it;
1314 1611 52 58 it
1394 1613 123 56 had
1544 1614 121 56 lost

334 1708 99 57 All
457 1708 141 57 that
625 1707 50 58 it
701 1726 123 38 was
849 1707 66 56 in
942 1726 166 38 some
1134 1714 173 65 great
1331 1709 203 70 lonely
1558 1708 248 74 passion

335 1811 62 53 It
424 1806 180 57 could
630 1812 111 51 not
768 1806 211 63 share;
1036 1804 123 58 and
1185 1806 200 57 would
1411 1812 112 51 not
1548 1806 155 57 heed
1731 1806 190 72 aught
1948 1808 122 57 else
2094 1829 9 34 :

334 1902 79 60 So
440 1903 191 58 blank
656 1902 54 59 it
738 1902 194 64 stood,
969 1921 35 38 a
1034 1910 139 66 rapt
1202 1903 188 73 thing.
1477 1903 119 60 She
1623 1921 124 38 was
1775 1903 184 74 quick

334 2000 86 57 To
454 2000 159 72 push
647 1999 108 58 the
790 1999 148 57 door
973 1999 169 63 wide,
1185 2000 122 56 and
1341 2000 184 58 stand
1557 1997 287 74 listening

333 2097 236 58 Within
606 2098 108 57 the
749 2098 183 56 walls.
1018 2097 314 69 Instantly
1369 2117 82 37 on
1488 2098 109 57 her
1633 2095 174 59 mind

334 2193 127 58 The
490 2211 174 40 sense
693 2194 64 56 of
787 2193 262 58 outdoor
1081 2193 307 65 darkness,
1426 2194 149 59 with
1605 2196 108 58 the
1741 2197 192 57 world

333 2291 200 61 Eased
567 2292 64 56 of
664 2291 83 58 its
781 2291 237 72 weight,
1061 2290 219 58 alter'd
1314 2297 66 51 to
1416 2310 216 55 graver
1667 2293 295 59 darkness

334 2390 279 72 Pressing
650 2389 178 57 down
865 2408 67 38 as
965 2389 174 57 thick
1175 2408 66 38 as
1277 2389 282 73 deep-sea
1594 2399 205 57 water,

331 2486 56 58 A
420 2485 142 57 load
597 2485 63 56 of
697 2484 328 65 darkness;
1087 2493 108 63 yet
1228 2493 113 51 not
1378 2504 67 38 so
1482 2486 246 74 quickly
1763 2488 274 73 changed

333 2583 119 58 She
479 2583 179 57 could
683 2589 112 51 not
821 2583 119 57 feel
966 2583 107 57 the
1100 2583 184 57 mood
1310 2584 65 56 in
1402 2584 108 57 the
1536 2585 286 59 noiseless
1849 2587 189 58 house

333 2681 119 56 For
484 2699 35 38 a
551 2679 127 58 tick
708 2679 64 58 of
802 2681 108 57 her
940 2681 177 57 heart
1148 2679 267 59 shudder
1445 2681 123 56 and
1600 2682 213 57 shrink
1843 2683 87 56 off

334 2777 195 57 When
559 2777 106 59 the
693 2777 167 57 latch
890 2785 141 65 rapt
1061 2777 122 57 and
1211 2777 110 57 her
1350 2786 352 51 movement
1731 2780 221 58 stirred
1982 2781 242 74 against
2251 2782 85 65 it;

334 2874 170 58 Then
536 2875 179 57 settle
747 2875 158 57 back
938 2874 123 57 and
1093 2875 159 57 close
1285 2893 145 39 over
1460 2875 109 57 her
1600 2876 192 57 brain.

411 3012 126 54 But
567 3008 107 73 joy
705 3027 125 39 was
861 3027 176 55 eager
1067 3008 66 58 in
1163 3010 126 63 her,
1329 3008 122 58 and
1484 3010 163 57 drew
1676 3011 66 57 in

333 3105 191 58 These
559 3105 297 74 swerving
890 3106 267 57 motions
1191 3107 64 58 of
1289 3106 108 59 her
1430 3106 279 74 thought.
1797 3107 120 60 She
1950 3111 153 59 bent

331 3203 88 57 To
449 3220 144 55 peer
620 3201 133 59 into
783 3203 107 57 the
921 3222 186 45 room,
1148 3204 122 57 and
1299 3204 143 57 held
1472 3204 108 58 her
1611 3223 162 39 arms

335 3298 215 70 Ready
579 3304 67 51 to
677 3299 177 57 catch
884 3299 108 59 the
1021 3300 124 70 boy
1175 3300 264 74 running
1468 3308 67 51 to
1567 3300 121 59 her.

644 3431 101 40 are
773 3414 153 58 both
955 3434 152 52 very
1136 3415 159 58 still!
1383 3419 62 54 Is
1474 3415 125 58 this
1629 3422 66 52 to
1726 3419 77 57 be
