2870 3807
311 264 305 61 HOOPS
1741 260 279 75 Wilfrid
2061 259 262 62 Wilson
2369 256 259 62 Gibson

1412 3514 90 45 142

306 468 126 59 The
460 471 146 70 only
635 477 305 51 moments
969 471 131 56 I've
1128 470 163 57 lived
1321 489 105 50 my
1454 470 103 57 life
1585 476 68 51 to
1683 470 107 57 the
1819 467 110 57 full

301 566 141 56 And
474 566 141 58 that
645 567 122 57 live
800 567 181 73 again
1011 567 65 55 in
1109 567 450 56 remembrance
1590 565 271 58 unfaded
1895 583 103 38 are
2031 562 178 59 those

303 663 195 58 When
530 665 131 56 I've
691 683 144 39 seen
864 665 103 57 life
998 670 282 67 compact
1310 664 64 56 in
1406 683 167 38 some
1600 664 235 73 perfect
1866 661 181 70 body,

303 759 125 59 The
459 762 190 72 living
682 760 135 60 God
850 762 178 58 made
1062 762 287 57 manifest
1381 762 63 56 in
1477 781 178 37 man:

299 857 56 56 A
386 858 171 59 diver
586 859 64 56 in
681 859 107 58 the
818 859 501 64 Mediterranean,
1357 858 241 75 resting,

303 955 166 57 With
499 956 243 57 sleeked
771 956 180 58 black
979 956 149 63 hair,
1169 956 122 56 and
1320 956 322 72 glistening
1673 953 377 60 salt-tanned
2082 953 153 64 skin,

300 1052 296 74 Gripping
631 1054 107 58 the
775 1054 317 73 quivering
1127 1055 275 71 gunwale
1437 1054 148 57 with
1621 1060 172 51 tense
1829 1051 213 65 hands,

299 1149 114 57 His
441 1155 170 52 torso
640 1149 177 58 lifted
849 1157 109 50 out
988 1152 63 55 of
1082 1150 106 57 the
1217 1150 267 73 peacock
1514 1169 116 45 sea,

299 1245 150 64 I<ike
480 1249 304 70 Neptune,
826 1247 223 57 carved
1081 1247 66 56 in
1183 1248 224 62 amber,
1449 1266 169 39 come
1653 1253 64 51 to
1750 1247 139 57 life:

297 1343 55 56 A
386 1345 172 57 stark
590 1343 313 75 Egyptian
936 1364 82 38 on
1052 1345 106 57 the
1190 1343 189 59 Nile's
1412 1343 150 74 edge
1586 1343 211 74 poised

296 1441 151 64 I/ike
477 1461 35 37 a
539 1442 226 57 bronze
794 1441 191 58 Osiris
1015 1441 237 74 against
1280 1442 107 57 the
1412 1442 154 64 lush,
1602 1441 153 57 rank
1782 1459 183 56 green
1990 1460 9 36 :

296 1538 56 57 A
379 1538 325 58 fisherman
733 1539 262 72 dancing
1023 1539 166 63 reels,
1223 1558 82 37 on
1331 1541 149 55 New
1505 1540 215 56 Year's
1747 1539 148 63 Eve,

297 1638 77 55 In
404 1656 36 37 a
468 1637 124 56 hall
620 1637 64 56 of
711 1637 293 71 shadowy
1033 1637 219 57 rafters
1283 1635 122 58 and
1433 1635 311 74 flickering
1771 1635 200 74 lights,

296 1734 85 58 At
409 1733 85 60 St.
529 1733 172 59 Abbs
728 1753 80 39 on
836 1734 107 58 the
972 1734 434 58 Berwickshire
1433 1741 184 57 coast,
1650 1741 69 49 to
1747 1733 106 59 the
1881 1733 147 57 skirl
2055 1732 64 57 of
2145 1733 108 57 the
2279 1732 188 74 pipes,

299 1830 127 58 The
452 1831 101 57 lift
581 1831 63 56 of
672 1831 108 57 the
808 1850 170 38 wave
1006 1830 65 57 in
1100 1831 95 57 his
1223 1831 181 63 heels,
1439 1831 107 57 the
1575 1850 100 38 sea
1703 1831 65 56 in
1796 1830 97 57 his
1919 1830 174 58 veins
2117 1850 11 34 :

296 1929 56 56 A
383 1927 304 59 Cherokee
718 1927 235 64 Indian,
991 1947 66 38 as
1086 1927 235 74 though
1350 1929 78 56 he
1456 1947 155 38 were
1640 1947 115 38 one
1783 1927 151 58 with
1962 1926 97 57 his
2087 1926 198 65 horse,

296 2025 118 57 His
450 2043 268 55 coppery
753 2024 317 58 shoulders
1108 2027 246 71 agleam,
1397 2025 96 56 his
1527 2024 269 57 feathers
1833 2023 218 58 aflame

299 2122 169 57 With
494 2121 108 58 the
625 2122 121 57 last
772 2121 64 57 of
863 2122 105 57 the
995 2141 129 44 sun,
1160 2121 364 73 descending
1551 2140 37 38 a
1614 2121 179 72 gulch
1820 2119 65 57 in
1910 2121 254 57 Alaska:

296 2218 57 57 A
386 2218 256 70 brawny
677 2218 327 57 Cleveland
1037 2218 274 74 puddler,
1353 2217 274 74 stripped
1661 2223 68 51 to
1764 2217 110 57 the
1905 2217 173 64 loins,

297 2316 99 57 On
426 2315 108 57 the
564 2315 343 57 cauldron's
936 2315 198 65 brink,
1172 2315 246 72 stirring
1447 2315 106 57 the
1584 2315 231 56 molten
1846 2314 133 57 iron

299 2415 76 55 In
403 2411 108 59 the
539 2411 325 59 white-hot
892 2413 169 72 glow,
1100 2432 36 37 a
1165 2432 145 37 man
1339 2413 63 56 of
1432 2410 322 60 white-hot
1783 2413 224 56 metal:

297 2508 56 57 A
386 2508 251 58 Cornish
667 2509 354 73 ploughboy
1053 2509 241 73 driving
1327 2527 78 38 an
1437 2527 146 51 easy
1613 2508 175 57 share

301 2604 285 74 Through
614 2604 106 59 the
746 2625 162 53 grey,
943 2606 156 72 light
1127 2604 113 59 soil
1266 2604 64 58 of
1358 2623 35 37 a
1421 2603 322 66 headland,
1781 2604 239 74 against
2049 2625 35 37 a
2114 2623 102 41 sea

299 2703 81 58 Of
413 2703 298 73 sapphire,
751 2723 120 53 gay
903 2703 65 56 in
1001 2702 98 59 his
1129 2723 134 38 new
1294 2702 185 59 white
1512 2702 348 71 corduroys,

303 2800 345 71 Blue-eyed,
690 2800 405 65 dark-haired,
1137 2800 122 57 and
1292 2800 305 72 whistling
1631 2819 35 38 a
1700 2801 255 57 careless
1987 2808 185 50 tune:

300 2898 156 70 Jack
485 2898 294 70 Johnson,
814 2896 273 74 stripped
1115 2896 94 58 for
1236 2896 108 58 the
1371 2896 148 73 ring,
1553 2896 65 56 in
1646 2896 95 58 his
1771 2896 270 73 swarthy
2067 2898 177 73 pride

301 2994 80 59 Of
413 2994 165 57 sleek
610 2996 123 55 and
764 2994 264 75 rippling
1059 2996 225 57 muscle
1364 3040 10 10 .
1462 3040 10 9 .
1560 3040 10 10 .

381 3101 202 75 Merry
623 3102 297 57 Andrew:
1565 3102 207 70 Jack's
1819 3102 109 59 the
1974 3104 160 71 boy!

300 3197 113 70 Ay,
446 3197 128 58 he's
598 3197 108 59 the
731 3217 222 54 proper
978 3199 189 72 figure
1193 3197 63 59 of
1283 3217 36 38 a
1344 3217 159 38 man.

304 3298 124 54 But
455 3294 141 58 he'll
621 3313 167 55 grow
812 3295 95 59 fat
935 3295 123 56 and
1085 3294 209 71 flabby
1322 3294 122 57 and
1471 3302 175 50 scant
1674 3295 64 57 of
1763 3297 238 58 breath.

301 3391 162 58 He'll
493 3391 147 57 miss
668 3391 97 57 his
794 3391 161 74 hoop
987 3410 168 39 some
1185 3391 135 71 day.
