2870 3807
1438 3533 89 45 132

329 298 373 61 WHEELS

1769 293 279 76 Wilfrid
2087 296 261 62 Wilson
2385 294 260 63 Gibson

323 504 86 56 To
442 504 200 70 safety
671 504 64 58 of
765 504 107 58 the
901 504 150 58 kerb
1083 503 76 59 he
1188 503 207 57 thrust
1425 503 107 57 the
1561 522 182 40 crone
1768 525 9 33 :

323 602 197 57 When
553 621 35 38 a
620 601 167 58 shaft
817 601 151 58 took
999 600 129 57 him
1159 600 64 56 in
1254 601 108 57 the
1392 601 173 63 back,
1607 600 122 57 and
1759 619 192 56 prone

321 703 99 53 He
451 697 277 59 tumbled
760 699 259 70 heavily,
1058 699 116 57 but
1207 699 80 56 all
1317 697 276 58 unheard

321 795 184 59 Amid
535 795 106 59 the
671 814 212 51 scurry
912 795 64 56 of
1006 794 220 58 wheels
1255 794 141 57 that
1427 795 251 57 crashed
1710 794 122 57 and
1862 794 262 58 whirred

321 892 209 57 About
561 892 95 56 his
686 893 292 56 senseless
1009 891 319 58 head—his
1358 891 229 57 helmet
1618 891 258 58 crushed

322 990 150 63 Iyike
501 990 312 73 crumpled
840 1007 190 55 paper
1058 990 85 68 by
1174 1007 36 38 a
1240 1007 102 38 car
1370 988 141 57 that
1540 988 225 59 rushed

322 1090 184 70 Upon
538 1086 129 57 him
700 1105 299 40 unaware.
1084 1085 142 58 And
1262 1104 66 38 as
1361 1086 78 57 he
1470 1086 104 70 lay

321 1185 99 55 He
449 1183 189 57 heard
670 1183 176 73 again
878 1183 107 57 the
1015 1183 220 57 wheels
1265 1181 141 59 he'd
1437 1181 190 59 heard
1659 1183 79 55 all
1770 1181 122 71 day

319 1280 212 59 About
569 1280 130 58 him
737 1299 80 39 on
854 1279 364 74 point-duty
1297 1325 12 11 .
1395 1325 10 10 .
1493 1325 11 10 .
1591 1280 146 70 only
1775 1299 137 37 now

321 1377 167 61 Each
525 1377 245 58 red-hot
803 1377 192 57 wheel
1028 1395 109 37 ran
1171 1376 239 72 searing
1444 1395 145 38 over
1622 1376 96 57 his
1749 1377 170 56 brow
1921 1410 77 8 —

322 1475 56 57 A
403 1475 245 72 sizzling
676 1481 127 51 star
829 1472 149 59 with
1006 1472 127 57 hub
1164 1471 122 57 and
1312 1472 221 73 spokes
1563 1472 120 56 and
1711 1480 137 62 tyre

322 1574 133 56 One
492 1578 348 50 monstrous
881 1570 539 58 Catherine-wheel
1457 1570 64 56 of
1560 1570 288 74 sparking
1886 1570 108 57 fire

322 1669 306 71 Whirring
663 1668 178 56 down
876 1666 207 70 windy
1116 1666 245 58 tunnels
1395 1666 63 56 of
1493 1666 106 58 the
1632 1666 176 73 night
1888 1712 9 10 .
1985 1712 11 10 .
2085 1712 10 10 .

322 1766 164 57 That
522 1764 554 64 Catherine-wheel,
1121 1764 306 57 somehow
1461 1763 50 58 it
1546 1762 123 57 will
1705 1769 112 51 not
1850 1763 233 74 light—

321 1863 194 57 Fixed
543 1870 67 50 to
641 1863 108 57 the
776 1862 235 57 broken
1039 1861 209 73 paling
1270 1881 12 43 ;
1343 1860 122 57 and
1495 1861 107 57 the
1630 1860 109 74 pin

323 1960 211 57 Pricks
562 1960 108 57 the
698 1960 174 68 boy's
901 1959 189 72 finger
1121 1978 67 38 as
1216 1959 77 57 he
1323 1957 137 74 jabs
1488 1957 52 59 it
1568 1959 64 55 in
1657 1979 10 33 :

321 2059 97 55 He
448 2058 180 56 sucks
656 2056 108 58 the
792 2056 162 70 salty
983 2055 185 57 blood
1169 2055 184 57 —the
1382 2054 249 73 spiteful
1662 2055 175 72 thing

319 2154 184 64 Fires,
552 2152 304 73 whizzing,
907 2152 344 73 sputtering
1293 2152 249 72 sparks:
1613 2152 78 57 he
1730 2152 148 57 feels
1919 2152 172 58 them
2133 2153 161 74 sting

321 2251 114 56 His
464 2248 260 75 wincing
756 2249 224 65 cheek;
1041 2248 138 65 and,
1217 2267 80 37 on
1329 2248 107 59 the
1467 2248 184 73 damp
1682 2248 307 73 night-air,

319 2347 130 57 The
478 2347 215 59 stench
723 2347 62 57 of
816 2348 189 56 burnt
1036 2347 292 73 saltpetre
1359 2346 124 56 and
1512 2346 211 72 singed
1753 2346 131 56 hair
1964 2392 10 10 .
2063 2393 10 10 .
2162 2393 10 10 .

322 2445 197 57 While
553 2444 124 58 still
712 2444 77 57 he
822 2444 109 57 lies
968 2442 123 58 and
1124 2442 214 59 listens
1372 2442 262 58 without
1668 2442 130 58 fear

318 2540 90 57 To
439 2542 106 57 the
573 2540 148 57 loud
750 2540 195 57 traffic
976 2539 306 74 rumbling
1311 2539 65 56 in
1405 2539 97 57 his
1530 2557 102 39 ear
1632 2573 79 7 —

319 2637 242 57 Wheels
591 2634 304 74 rumbling
924 2634 65 57 in
1018 2634 96 57 his
1143 2653 119 46 ear,
1301 2634 122 57 and
1452 2634 264 73 through
1747 2634 95 59 his
1870 2634 178 59 brain

318 2733 121 57 For
472 2751 323 47 evermore,
837 2752 37 38 a
907 2732 437 72 never-ending
1378 2732 164 57 train

319 2831 82 57 Of
432 2832 220 57 scarlet
682 2831 384 72 postal-vans
1098 2830 141 57 that
1269 2827 175 57 whirl
1477 2848 115 38 one
1625 2827 108 57 red

318 2929 326 72 Perpetual
680 2928 112 57 hot
826 2926 348 74 procession
1210 2925 265 74 through
1511 2925 95 57 his
1641 2925 239 57 head—

319 3024 116 57 His
468 3024 157 59 head
661 3024 190 57 that's
884 3024 129 74 just
1049 3042 36 38 a
1119 3023 299 72 clanking,
1460 3022 325 73 clattering
1819 3024 130 56 mill

319 3122 82 58 Of
434 3121 281 73 grinding
752 3121 221 57 wheels
1051 3166 10 11 .
1150 3166 10 11 .
1248 3166 10 9 .
1345 3119 122 56 and
1505 3118 178 59 down
1721 3137 80 38 an
1838 3121 241 59 endless
2115 3122 109 58 hill

319 3217 176 59 After
522 3217 96 57 his
647 3217 161 73 hoop
839 3217 77 57 he
945 3235 163 46 runs,
1147 3236 36 37 a
1211 3216 159 58 little
1397 3215 119 64 lad,

322 3315 366 57 Barefooted
724 3315 202 57 'neath
962 3315 107 57 the
1102 3321 174 56 stars,
1316 3314 64 56 in
1413 3312 332 74 nightshirt
1778 3314 218 58 clad—

319 3410 141 60 And
492 3411 296 58 stumbles
821 3410 132 59 into
986 3410 135 65 bed,
1161 3409 107 60 the
1301 3417 159 52 stars
1493 3410 78 57 all
1603 3429 173 54 gone,
