2402 3865
1151 294 116 57 265

233 451 154 62 liers
426 451 454 61 d'existences!
922 451 84 57 De
1046 452 181 55 votre
1267 446 130 58 bon
1437 443 249 79 plaisir,
1722 442 76 59 de
1851 460 115 42 vos
1997 442 173 59 vices

235 560 81 42 ou
349 544 74 58 de
454 563 116 39 vos
602 542 294 73 lubies,à
929 556 158 42 vous
1122 541 214 55 autres
1368 535 233 60 riches.
1636 535 204 76 Après
1874 532 140 61 cela
2048 550 121 61 que

233 634 91 58 les
355 633 294 59 badauds
684 630 361 61 s'extasient
1070 629 11 57 !
1117 630 134 73 Que
1285 626 91 60 les
1408 624 475 79 chroniqueurs
1907 629 37 53 à
1975 640 194 61 gages

237 722 348 73 célèbrent,
621 725 37 56 à
707 725 139 55 tant
895 718 64 58 la
1006 718 195 76 ligne,
1235 734 115 41 vos
1403 715 314 76 louanges
1759 713 218 78 quand
2010 729 158 42 vous

240 813 263 76 daignez
537 831 155 39 vous
724 826 255 44 amuser
1025 826 162 58 pour
1219 810 343 73 permettre
1596 812 32 52 à
1660 804 277 60 d'autres
1975 804 75 59 de
2093 821 77 40 ne

237 918 113 60 pas
385 918 219 42 crever
645 901 75 57 de
758 898 184 59 faim!
980 896 80 58 Ce
1107 894 160 60 n'est
1305 912 115 60 pas
1463 912 68 41 ce
1576 893 109 77 qui
1737 912 161 41 nous
1953 892 172 77 empê-

240 991 192 59 chera
461 991 73 57 de
567 1007 155 41 vous
780 988 57 59 le
884 986 136 58 dire
1063 1002 76 41 en
1177 984 140 59 face
1352 1002 12 40 :
1397 986 194 59 Votre
1630 982 244 58 charité
1917 987 93 53 est
2046 1001 122 41 une

237 1078 188 60 chose
459 1078 266 59 hideuse
758 1078 57 58 et
847 1078 143 55 tout
1023 1073 91 78 s'y
1144 1077 246 65 trouve,
1413 1073 148 58 sauf
1580 1071 273 61 l'amour
1884 1072 86 59 du
2004 1090 121 60 pau-

235 1185 128 41 vre.
420 1167 158 57 C'est
632 1172 35 52 à
719 1165 91 58 lui
866 1164 137 58 seul
1046 1180 120 58 que
1215 1179 159 42 vous
1399 1161 253 58 devriez
1684 1179 232 58 penser
1948 1161 218 77 quand

233 1273 157 40 vous
423 1255 91 58 lui
537 1255 164 76 jetez
731 1256 181 56 votre
947 1251 211 69 obole,
1201 1256 37 52 à
1272 1268 98 40 ses
1401 1250 412 72 souffrances,
1843 1255 36 55 à
1915 1269 96 41 ses
2039 1256 96 55 tor-

232 1349 194 63 tures,
465 1348 35 53 à
533 1344 62 57 la
627 1344 158 57 faim
825 1340 108 78 qui
966 1340 59 60 le
1056 1340 186 57 mord
1271 1357 80 40 au
1385 1340 162 57 seuil
1577 1340 76 58 de
1699 1358 113 40 vos
1855 1340 306 70 cuisines,

235 1449 80 41 au
350 1431 169 60 froid
556 1431 108 78 qui
693 1431 59 59 le
778 1429 197 60 raidit
1008 1447 149 40 sous
1195 1429 91 58 les
1319 1428 281 59 fenêtres
1638 1429 74 58 de
1745 1448 113 41 vos
1890 1430 181 73 fêtes,
2109 1437 60 52 et

233 1520 150 61 c'est
415 1527 36 53 à
480 1522 137 58 cela
650 1522 137 58 seul
821 1537 121 61 que
975 1536 159 42 vous
1164 1537 78 41 ne
1279 1537 227 60 pensez
1539 1519 217 78 point!

313 1613 172 57 Vous
517 1612 241 58 donnez
787 1627 114 61 par
937 1607 272 77 gloriole
1234 1612 59 56 et
1317 1627 164 60 pour
1502 1611 282 76 paraître
1811 1613 346 75 généreux,

232 1717 81 42 ou
358 1719 115 59 par
504 1702 129 57 bon
663 1705 113 54 ton
810 1702 58 57 et
904 1715 190 61 parce
1130 1698 192 76 qu'on
1371 1716 158 42 vous
1563 1698 271 61 habitua
1870 1701 229 77 jeunes
2128 1705 37 54 à

236 1788 161 78 jeter
428 1790 270 75 l'argent
730 1807 149 41 sans
908 1791 307 71 compter.
1243 1790 173 57 Vous
1442 1787 243 60 donnez
1708 1806 192 60 parce
1926 1807 120 60 que
2074 1790 91 59 les

241 1879 592 59 commandements
879 1877 76 59 de
1001 1880 177 54 votre
1219 1876 215 79 Eglise
1477 1895 157 42 vous
1686 1898 38 53 y
1768 1879 287 78 obligent
2112 1886 58 55 et

241 1966 265 76 qu'ainsi
556 1984 156 43 vous
766 1984 223 58 croyez
1048 1966 261 59 mériter
1366 1966 59 60 le
1483 1967 141 59 ciel.
1685 1970 174 58 Vous
1921 1970 244 60 donnez

237 2073 191 60 parce
462 2074 119 60 que
611 2056 90 59 les
734 2058 302 59 élections
1070 2058 402 75 approchent
1505 2060 59 56 et
1595 2058 143 77 qu'à
1768 2061 142 56 tout
1939 2060 147 76 prix
2118 2060 48 59 il

232 2144 139 60 faut
413 2163 154 42 vous
640 2145 162 60 faire
856 2166 120 41 une
1028 2147 392 80 popularité.
1478 2148 171 58 Vous
1698 2148 242 59 donnez
1994 2149 171 60 enfin

233 2249 191 61 parce
459 2251 120 58 que
623 2233 146 60 c'est
813 2253 120 42 une
976 2238 304 60 occasion
1314 2235 75 59 de
1427 2235 159 59 fêtes
1619 2239 58 56 et
1719 2237 75 58 de
1822 2237 248 77 plaisir,
2109 2243 59 55 et

237 2322 154 77 qu'il
447 2323 117 58 fait
614 2323 154 75 bon,
818 2343 118 59 par
990 2327 308 79 exemple,
1342 2360 79 6 —
1478 2326 273 58 n'est-ce
1812 2345 140 59 pas,
1999 2333 126 56 Mes-

239 2412 256 60 dames?
517 2447 76 7 —
646 2432 64 40 se
768 2420 349 69 retrouver,
1145 2435 123 42 une
1314 2414 128 60 fois
1496 2414 65 59 la
1592 2417 304 72 semaine,
1925 2422 37 55 à
1996 2418 138 61 l'ou-

235 2501 171 58 vroir
442 2501 73 58 de
548 2501 287 61 l'OEnvre
868 2508 177 59 entre
1078 2507 267 59 femmes
1380 2505 417 76 distinguées.

316 2591 237 58 Jamais
597 2591 343 74 d'ailleurs,
979 2599 258 57 suivant
1275 2595 409 61 l'admirable
1741 2600 301 75 précepte
2083 2601 85 59 du

240 2679 339 73 Nazaréen,
642 2688 179 53 votre
891 2686 178 59 main
1129 2686 208 59 droite
1402 2685 289 77 n'ignore
1771 2705 69 42 ce
1909 2708 120 58 que
2104 2690 62 60 la

237 2769 243 75 gauche
537 2769 234 76 donne,
809 2775 58 57 et
918 2778 324 57 rarement
1286 2794 74 40 ne
1412 2793 65 41 se
1520 2775 423 62 desserrerait
1986 2785 180 55 votre

242 2856 253 72 bourse,
529 2859 221 58 n'était
781 2860 57 60 le
871 2862 223 77 plaisir
1139 2864 74 60 de
1246 2882 157 42 vous
1454 2865 138 59 voir
1643 2884 76 41 en
1773 2867 165 59 belle
1985 2869 181 79 place

240 2945 156 60 dans
442 2947 90 59 les
566 2948 253 61 feuilles
863 2955 37 56 à
943 2952 64 59 la
1056 2955 211 59 mode.
1327 2954 394 78 Cependant,
1780 2958 214 61 moins
2046 2978 120 60 que

241 3039 140 56 tout
451 3043 237 73 autres,
738 3058 149 44 vous
932 3062 76 42 ne
1053 3044 274 73 devriez,
1361 3063 184 53 vous,
1582 3046 93 59 les
1723 3047 236 75 riches,
2011 3051 158 59 tirer

235 3126 217 59 vanité
493 3127 74 58 de
602 3133 176 56 votre
815 3135 300 73 aumône,
1149 3152 111 41 car
1291 3152 159 42 vous
1507 3136 214 58 n'avez
1752 3156 116 59 pas
1902 3138 57 60 le
1997 3141 172 58 droit

237 3213 74 60 de
346 3215 61 59 la
434 3215 180 61 faire.
655 3218 165 61 Elles
849 3239 78 42 ne
966 3240 158 43 vous
1177 3225 504 77 appartiennent
1713 3244 114 58 pas
1859 3227 93 60 les
1980 3230 151 76 quel-

241 3323 154 57 ques
424 3306 213 75 pièces
673 3309 74 59 de
780 3314 299 57 monnaie
1125 3331 122 61 que
1291 3315 459 77 bruyamment
1799 3335 159 43 vous
2003 3320 166 76 jetez

236 3394 243 73 parfois
515 3413 125 40 aux
665 3400 390 62 souffrances
1088 3403 76 60 de
1201 3423 114 40 vos
1352 3404 230 61 frères.
1616 3408 74 55 Et
1719 3410 143 56 tout
1895 3409 273 60 entières

233 3498 112 42 vos
390 3485 450 64 scandaleuses
885 3491 291 63 fortunes
1218 3512 76 42 ne
1348 3498 147 56 sont
1544 3512 114 59 pas
1719 3499 37 55 à
1801 3514 179 45 vous.
2044 3502 125 57 Vos
