<?xml version="1.0" encoding="UTF-8"?>
<alto xmlns:xsi="http://www.w3.org/2001/XMLSchema-instance" xmlns="http://www.loc.gov/standards/alto/ns-v2#" xsi:schemaLocation="http://www.loc.gov/standards/alto/ns-v2# http://www.loc.gov/standards/alto/alto-v2.0.xsd" xmlns:xlink="http://www.w3.org/1999/xlink">
	<Description>
		<MeasurementUnit>mm10</MeasurementUnit>
		<sourceImageInformation>
			<fileName>//fileserver7/IN2-2/Princeton/Batch7/bmtnaas/1893/03/25_01/00000277.tif</fileName>
		</sourceImageInformation>
		<OCRProcessing ID="OCRPROCESSING_1">
			<preProcessingStep>
				<processingSoftware>
					<softwareCreator>CCS Content Conversion Specialists GmbH, Germany</softwareCreator>
					<softwareName>CCS docWorks</softwareName>
					<softwareVersion>6.7-1.24</softwareVersion>
				</processingSoftware>
			</preProcessingStep>
			<ocrProcessingStep>
				<processingSoftware>
					<softwareCreator>ABBYY (BIT Software), Russia</softwareCreator>
					<softwareName>FineReader</softwareName>
					<softwareVersion>10.0</softwareVersion>
				</processingSoftware>
			</ocrProcessingStep>
		</OCRProcessing>
	</Description>
	<Styles>
		<TextStyle ID="TXT_0" FONTSIZE="119" FONTFAMILY="Times New Roman"/>
		<TextStyle ID="TXT_1" FONTSIZE="23" FONTFAMILY="Times New Roman"/>
		<TextStyle ID="TXT_2" FONTSIZE="22" FONTFAMILY="Times New Roman"/>
		<TextStyle ID="TXT_3" FONTSIZE="22" FONTFAMILY="Times New Roman" FONTSTYLE="italics"/>
		<ParagraphStyle ID="PAR_CENTER" ALIGN="Center"/>
		<ParagraphStyle ID="PAR_BLOCK" ALIGN="Block"/>
		<ParagraphStyle ID="PAR_LEFT" ALIGN="Left"/>
	</Styles>
	<Layout>
		<Page ID="P7" PHYSICAL_IMG_NR="7" HEIGHT="3865" WIDTH="2402" PRINTED_IMG_NR="245" PC="0.933">
			<TopMargin ID="P7_TM00001" HPOS="0" VPOS="0" WIDTH="2402" HEIGHT="338">
				<TextBlock ID="P7_TB00001" HPOS="1125" VPOS="273" WIDTH="120" HEIGHT="62" STYLEREFS="TXT_0 PAR_CENTER">
					<TextLine ID="P7_TL00001" HPOS="1125" VPOS="273" WIDTH="120" HEIGHT="62">
						<String ID="P7_ST00001" HPOS="1125" VPOS="273" WIDTH="120" HEIGHT="62" CONTENT="245" WC="1.00" CC="000"/>
					</TextLine>
				</TextBlock>
			</TopMargin>
			<LeftMargin ID="P7_LM00001" HPOS="0" VPOS="338" WIDTH="210" HEIGHT="3252"/>
			<RightMargin ID="P7_RM00001" HPOS="2193" VPOS="338" WIDTH="209" HEIGHT="3252"/>
			<BottomMargin ID="P7_BM00001" HPOS="0" VPOS="3590" WIDTH="2402" HEIGHT="275"/>
			<PrintSpace ID="P7_PS00001" HPOS="210" VPOS="338" WIDTH="1983" HEIGHT="3252">
				<TextBlock ID="P7_TB00002" HPOS="211" VPOS="704" WIDTH="1982" HEIGHT="2322" STYLEREFS="TXT_1 PAR_BLOCK">
					<TextLine ID="P7_TL00002" HPOS="308" VPOS="704" WIDTH="1885" HEIGHT="81">
						<String ID="P7_ST00002" HPOS="308" VPOS="708" WIDTH="89" HEIGHT="58" CONTENT="La" WC="0.32" CC="76"/>
						<SP ID="P7_SP00001" HPOS="397" VPOS="766" WIDTH="40"/>
						<String ID="P7_ST00003" HPOS="437" VPOS="706" WIDTH="242" HEIGHT="79" CONTENT="poésie," WC="0.99" CC="6040004"/>
						<SP ID="P7_SP00002" HPOS="679" VPOS="785" WIDTH="47"/>
						<String ID="P7_ST00004" HPOS="726" VPOS="704" WIDTH="398" HEIGHT="62" CONTENT="immortelle" WC="0.99" CC="2001580000"/>
						<SP ID="P7_SP00003" HPOS="1124" VPOS="785" WIDTH="43"/>
						<String ID="P7_ST00005" HPOS="1167" VPOS="704" WIDTH="357" HEIGHT="72" CONTENT="courrière," WC="0.68" CC="0366003604"/>
						<SP ID="P7_SP00004" HPOS="1524" VPOS="785" WIDTH="42"/>
						<String ID="P7_ST00006" HPOS="1566" VPOS="704" WIDTH="263" HEIGHT="61" CONTENT="marche" WC="0.99" CC="005072"/>
						<SP ID="P7_SP00005" HPOS="1829" VPOS="785" WIDTH="45"/>
						<String ID="P7_ST00007" HPOS="1874" VPOS="720" WIDTH="231" HEIGHT="45" CONTENT="encore" WC="0.98" CC="000475"/>
						<SP ID="P7_SP00006" HPOS="2105" VPOS="785" WIDTH="49"/>
						<String ID="P7_ST00008" HPOS="2154" VPOS="708" WIDTH="39" HEIGHT="56" CONTENT="à" WC="0.26" CC="7"/>
					</TextLine>
					<TextLine ID="P7_TL00003" HPOS="225" VPOS="794" WIDTH="1965" HEIGHT="80">
						<String ID="P7_ST00009" HPOS="225" VPOS="797" WIDTH="240" HEIGHT="61" CONTENT="l'avant" WC="0.99" CC="1206300"/>
						<SP ID="P7_SP00007" HPOS="465" VPOS="858" WIDTH="34"/>
						<String ID="P7_ST00010" HPOS="499" VPOS="797" WIDTH="110" HEIGHT="59" CONTENT="des" WC="0.98" CC="040"/>
						<SP ID="P7_SP00008" HPOS="609" VPOS="858" WIDTH="31"/>
						<String ID="P7_ST00011" HPOS="640" VPOS="795" WIDTH="453" HEIGHT="79" CONTENT="générations;" WC="1.00" CC="000070000040"/>
						<SP ID="P7_SP00009" HPOS="1093" VPOS="874" WIDTH="31"/>
						<String ID="P7_ST00012" HPOS="1124" VPOS="795" WIDTH="54" HEIGHT="60" CONTENT="si" WC="0.71" CC="40"/>
						<SP ID="P7_SP00010" HPOS="1178" VPOS="874" WIDTH="33"/>
						<String ID="P7_ST00013" HPOS="1211" VPOS="813" WIDTH="83" HEIGHT="41" CONTENT="on" WC="0.77" CC="40"/>
						<SP ID="P7_SP00011" HPOS="1294" VPOS="874" WIDTH="32"/>
						<String ID="P7_ST00014" HPOS="1326" VPOS="795" WIDTH="68" HEIGHT="59" CONTENT="la" WC="1.00" CC="00"/>
						<SP ID="P7_SP00012" HPOS="1394" VPOS="874" WIDTH="31"/>
						<String ID="P7_ST00015" HPOS="1425" VPOS="794" WIDTH="139" HEIGHT="61" CONTENT="voit" WC="0.98" CC="0505"/>
						<SP ID="P7_SP00013" HPOS="1564" VPOS="874" WIDTH="21"/>
						<String ID="P7_ST00016" HPOS="1585" VPOS="794" WIDTH="252" HEIGHT="79" CONTENT="parfois" WC="0.99" CC="0064500"/>
						<SP ID="P7_SP00014" HPOS="1837" VPOS="874" WIDTH="26"/>
						<String ID="P7_ST00017" HPOS="1863" VPOS="813" WIDTH="127" HEIGHT="41" CONTENT="aux" WC="0.94" CC="672"/>
						<SP ID="P7_SP00015" HPOS="1990" VPOS="874" WIDTH="26"/>
						<String ID="P7_ST00018" HPOS="2016" VPOS="798" WIDTH="174" HEIGHT="57" CONTENT="côtés" WC="0.98" CC="05017"/>
					</TextLine>
					<TextLine ID="P7_TL00004" HPOS="226" VPOS="882" WIDTH="1960" HEIGHT="82">
						<String ID="P7_ST00019" HPOS="226" VPOS="888" WIDTH="154" HEIGHT="60" CONTENT="d'un" WC="0.98" CC="0306"/>
						<SP ID="P7_SP00016" HPOS="380" VPOS="948" WIDTH="23"/>
						<String ID="P7_ST00020" HPOS="403" VPOS="887" WIDTH="305" HEIGHT="59" CONTENT="vieillard" WC="0.99" CC="040022060"/>
						<SP ID="P7_SP00017" HPOS="708" VPOS="948" WIDTH="35"/>
						<String ID="P7_ST00021" HPOS="743" VPOS="905" WIDTH="153" HEIGHT="41" CONTENT="avec" WC="1.00" CC="0000"/>
						<SP ID="P7_SP00018" HPOS="896" VPOS="948" WIDTH="31"/>
						<String ID="P7_ST00022" HPOS="927" VPOS="903" WIDTH="117" HEIGHT="42" CONTENT="son" WC="0.99" CC="030"/>
						<SP ID="P7_SP00019" HPOS="1044" VPOS="948" WIDTH="36"/>
						<String ID="P7_ST00023" HPOS="1080" VPOS="886" WIDTH="251" HEIGHT="60" CONTENT="sourire" WC="0.98" CC="4560366"/>
						<SP ID="P7_SP00020" HPOS="1331" VPOS="948" WIDTH="43"/>
						<String ID="P7_ST00024" HPOS="1374" VPOS="886" WIDTH="77" HEIGHT="59" CONTENT="de" WC="1.00" CC="00"/>
						<SP ID="P7_SP00021" HPOS="1451" VPOS="948" WIDTH="25"/>
						<String ID="P7_ST00025" HPOS="1476" VPOS="884" WIDTH="236" HEIGHT="79" CONTENT="gloire," WC="0.99" CC="0042400"/>
						<SP ID="P7_SP00022" HPOS="1712" VPOS="963" WIDTH="38"/>
						<String ID="P7_ST00026" HPOS="1750" VPOS="887" WIDTH="52" HEIGHT="58" CONTENT="si" WC="1.00" CC="00"/>
						<SP ID="P7_SP00023" HPOS="1802" VPOS="963" WIDTH="33"/>
						<String ID="P7_ST00027" HPOS="1835" VPOS="882" WIDTH="351" HEIGHT="82" CONTENT="l'impérial" WC="0.99" CC="2300007107"/>
					</TextLine>
					<TextLine ID="P7_TL00005" HPOS="226" VPOS="974" WIDTH="1961" HEIGHT="79">
						<String ID="P7_ST00028" HPOS="226" VPOS="978" WIDTH="228" HEIGHT="59" CONTENT="Goethe" WC="0.97" CC="186830"/>
						<SP ID="P7_SP00024" HPOS="454" VPOS="1037" WIDTH="34"/>
						<String ID="P7_ST00029" HPOS="488" VPOS="995" WIDTH="83" HEIGHT="40" CONTENT="ou" WC="0.74" CC="50"/>
						<SP ID="P7_SP00025" HPOS="571" VPOS="1037" WIDTH="31"/>
						<String ID="P7_ST00030" HPOS="602" VPOS="981" WIDTH="186" HEIGHT="54" CONTENT="notre" WC="0.98" CC="42650"/>
						<SP ID="P7_SP00026" HPOS="788" VPOS="1037" WIDTH="31"/>
						<String ID="P7_ST00031" HPOS="819" VPOS="976" WIDTH="187" HEIGHT="77" CONTENT="royal" WC="0.97" CC="65570"/>
						<SP ID="P7_SP00027" HPOS="1006" VPOS="1053" WIDTH="26"/>
						<String ID="P7_ST00032" HPOS="1032" VPOS="977" WIDTH="208" HEIGHT="76" CONTENT="Hugo," WC="0.98" CC="65010"/>
						<SP ID="P7_SP00028" HPOS="1240" VPOS="1053" WIDTH="32"/>
						<String ID="P7_ST00033" HPOS="1272" VPOS="979" WIDTH="180" HEIGHT="69" CONTENT="vont," WC="0.99" CC="02003"/>
						<SP ID="P7_SP00029" HPOS="1452" VPOS="1053" WIDTH="38"/>
						<String ID="P7_ST00034" HPOS="1490" VPOS="974" WIDTH="173" HEIGHT="60" CONTENT="leurs" WC="0.98" CC="40640"/>
						<SP ID="P7_SP00030" HPOS="1663" VPOS="1053" WIDTH="16"/>
						<String ID="P7_ST00035" HPOS="1679" VPOS="976" WIDTH="216" HEIGHT="59" CONTENT="mains" WC="0.99" CC="00005"/>
						<SP ID="P7_SP00031" HPOS="1895" VPOS="1053" WIDTH="34"/>
						<String ID="P7_ST00036" HPOS="1929" VPOS="976" WIDTH="160" HEIGHT="59" CONTENT="dans" WC="1.00" CC="0000"/>
						<SP ID="P7_SP00032" HPOS="2089" VPOS="1053" WIDTH="32"/>
						<String ID="P7_ST00037" HPOS="2121" VPOS="974" WIDTH="66" HEIGHT="60" CONTENT="la" WC="0.91" CC="10"/>
					</TextLine>
					<TextLine ID="P7_TL00006" HPOS="225" VPOS="1065" WIDTH="1962" HEIGHT="78">
						<String ID="P7_ST00038" HPOS="225" VPOS="1068" WIDTH="222" HEIGHT="59" CONTENT="sienne" WC="1.00" CC="010000"/>
						<SP ID="P7_SP00033" HPOS="447" VPOS="1127" WIDTH="40"/>
						<String ID="P7_ST00039" HPOS="487" VPOS="1085" WIDTH="145" HEIGHT="41" CONTENT="vers" WC="0.98" CC="0360"/>
						<SP ID="P7_SP00034" HPOS="632" VPOS="1127" WIDTH="41"/>
						<String ID="P7_ST00040" HPOS="673" VPOS="1066" WIDTH="431" HEIGHT="77" CONTENT="l'apothéose," WC="0.99" CC="037063013001"/>
						<SP ID="P7_SP00035" HPOS="1104" VPOS="1143" WIDTH="44"/>
						<String ID="P7_ST00041" HPOS="1148" VPOS="1065" WIDTH="155" HEIGHT="59" CONTENT="c'est" WC="0.99" CC="50400"/>
						<SP ID="P7_SP00036" HPOS="1303" VPOS="1143" WIDTH="33"/>
						<String ID="P7_ST00042" HPOS="1336" VPOS="1065" WIDTH="195" HEIGHT="77" CONTENT="qu'ils" WC="0.98" CC="570030"/>
						<SP ID="P7_SP00037" HPOS="1531" VPOS="1143" WIDTH="40"/>
						<String ID="P7_ST00043" HPOS="1571" VPOS="1068" WIDTH="320" HEIGHT="58" CONTENT="restèrent" WC="0.99" CC="624066040"/>
						<SP ID="P7_SP00038" HPOS="1891" VPOS="1143" WIDTH="37"/>
						<String ID="P7_ST00044" HPOS="1928" VPOS="1065" WIDTH="65" HEIGHT="59" CONTENT="la" WC="1.00" CC="00"/>
						<SP ID="P7_SP00039" HPOS="1993" VPOS="1143" WIDTH="39"/>
						<String ID="P7_ST00045" HPOS="2032" VPOS="1068" WIDTH="117" HEIGHT="58" CONTENT="Jeu" SUBS_TYPE="HypPart1" SUBS_CONTENT="Jeunesse" WC="0.97" CC="506"/>
						<HYP HPOS="2149" VPOS="1068" WIDTH="38" CONTENT="-"/>
					</TextLine>
					<TextLine ID="P7_TL00007" HPOS="221" VPOS="1156" WIDTH="1970" HEIGHT="79">
						<String ID="P7_ST00046" HPOS="221" VPOS="1175" WIDTH="186" HEIGHT="42" CONTENT="nesse" SUBS_TYPE="HypPart2" SUBS_CONTENT="Jeunesse" WC="0.99" CC="00005"/>
						<SP ID="P7_SP00040" HPOS="407" VPOS="1217" WIDTH="30"/>
						<String ID="P7_ST00047" HPOS="437" VPOS="1156" WIDTH="355" HEIGHT="79" CONTENT="jusqu'aux" WC="0.98" CC="360960662"/>
						<SP ID="P7_SP00041" HPOS="792" VPOS="1235" WIDTH="29"/>
						<String ID="P7_ST00048" HPOS="821" VPOS="1160" WIDTH="222" HEIGHT="73" CONTENT="portes" WC="0.99" CC="040050"/>
						<SP ID="P7_SP00042" HPOS="1043" VPOS="1235" WIDTH="30"/>
						<String ID="P7_ST00049" HPOS="1073" VPOS="1157" WIDTH="87" HEIGHT="57" CONTENT="du" WC="1.00" CC="00"/>
						<SP ID="P7_SP00043" HPOS="1160" VPOS="1235" WIDTH="27"/>
						<String ID="P7_ST00050" HPOS="1187" VPOS="1156" WIDTH="332" HEIGHT="60" CONTENT="tombeau." WC="0.99" CC="00071704"/>
						<SP ID="P7_SP00044" HPOS="1519" VPOS="1235" WIDTH="35"/>
						<String ID="P7_ST00051" HPOS="1554" VPOS="1156" WIDTH="67" HEIGHT="61" CONTENT="Si" WC="0.71" CC="50"/>
						<SP ID="P7_SP00045" HPOS="1621" VPOS="1235" WIDTH="16"/>
						<String ID="P7_ST00052" HPOS="1637" VPOS="1173" WIDTH="160" HEIGHT="43" CONTENT="vous" WC="0.99" CC="0202"/>
						<SP ID="P7_SP00046" HPOS="1797" VPOS="1235" WIDTH="32"/>
						<String ID="P7_ST00053" HPOS="1829" VPOS="1173" WIDTH="160" HEIGHT="41" CONTENT="vous" WC="1.00" CC="0000"/>
						<SP ID="P7_SP00047" HPOS="1989" VPOS="1235" WIDTH="43"/>
						<String ID="P7_ST00054" HPOS="2032" VPOS="1174" WIDTH="120" HEIGHT="42" CONTENT="cou" SUBS_TYPE="HypPart1" SUBS_CONTENT="couchâtes" WC="0.98" CC="060"/>
						<HYP HPOS="2152" VPOS="1174" WIDTH="39" CONTENT="-"/>
					</TextLine>
					<TextLine ID="P7_TL00008" HPOS="221" VPOS="1245" WIDTH="1968" HEIGHT="79">
						<String ID="P7_ST00055" HPOS="221" VPOS="1247" WIDTH="220" HEIGHT="61" CONTENT="châtes" SUBS_TYPE="HypPart2" SUBS_CONTENT="couchâtes" WC="0.98" CC="768030"/>
						<SP ID="P7_SP00048" HPOS="441" VPOS="1308" WIDTH="34"/>
						<String ID="P7_ST00056" HPOS="475" VPOS="1264" WIDTH="82" HEIGHT="41" CONTENT="au" WC="1.00" CC="00"/>
						<SP ID="P7_SP00049" HPOS="557" VPOS="1308" WIDTH="44"/>
						<String ID="P7_ST00057" HPOS="601" VPOS="1245" WIDTH="166" HEIGHT="61" CONTENT="bord" WC="0.97" CC="7160"/>
						<SP ID="P7_SP00050" HPOS="767" VPOS="1308" WIDTH="47"/>
						<String ID="P7_ST00058" HPOS="814" VPOS="1246" WIDTH="87" HEIGHT="59" CONTENT="du" WC="1.00" CC="00"/>
						<SP ID="P7_SP00051" HPOS="901" VPOS="1308" WIDTH="47"/>
						<String ID="P7_ST00059" HPOS="948" VPOS="1245" WIDTH="284" HEIGHT="72" CONTENT="chemin," WC="0.99" CC="0710441"/>
						<SP ID="P7_SP00052" HPOS="1232" VPOS="1317" WIDTH="35"/>
						<String ID="P7_ST00060" HPOS="1267" VPOS="1245" WIDTH="209" HEIGHT="60" CONTENT="lassés" WC="0.99" CC="302001"/>
						<SP ID="P7_SP00053" HPOS="1476" VPOS="1317" WIDTH="37"/>
						<String ID="P7_ST00061" HPOS="1513" VPOS="1247" WIDTH="194" HEIGHT="59" CONTENT="avant" WC="0.97" CC="79007"/>
						<SP ID="P7_SP00054" HPOS="1707" VPOS="1317" WIDTH="41"/>
						<String ID="P7_ST00062" HPOS="1748" VPOS="1245" WIDTH="67" HEIGHT="60" CONTENT="la" WC="1.00" CC="00"/>
						<SP ID="P7_SP00055" HPOS="1815" VPOS="1317" WIDTH="48"/>
						<String ID="P7_ST00063" HPOS="1863" VPOS="1245" WIDTH="286" HEIGHT="79" CONTENT="cinquan" SUBS_TYPE="HypPart1" SUBS_CONTENT="cinquantaine," WC="0.99" CC="2000690"/>
						<HYP HPOS="2149" VPOS="1245" WIDTH="40" CONTENT="-"/>
					</TextLine>
					<TextLine ID="P7_TL00009" HPOS="218" VPOS="1336" WIDTH="1959" HEIGHT="75">
						<String ID="P7_ST00064" HPOS="218" VPOS="1336" WIDTH="191" HEIGHT="75" CONTENT="taine," SUBS_TYPE="HypPart2" SUBS_CONTENT="cinquantaine," WC="0.98" CC="563004"/>
						<SP ID="P7_SP00056" HPOS="409" VPOS="1411" WIDTH="21"/>
						<String ID="P7_ST00065" HPOS="430" VPOS="1355" WIDTH="147" HEIGHT="42" CONTENT="usez" WC="0.99" CC="6000"/>
						<SP ID="P7_SP00057" HPOS="577" VPOS="1411" WIDTH="32"/>
						<String ID="P7_ST00066" HPOS="609" VPOS="1355" WIDTH="81" HEIGHT="41" CONTENT="au" WC="0.65" CC="60"/>
						<SP ID="P7_SP00058" HPOS="690" VPOS="1411" WIDTH="28"/>
						<String ID="P7_ST00067" HPOS="718" VPOS="1336" WIDTH="216" HEIGHT="60" CONTENT="moins" WC="0.99" CC="00060"/>
						<SP ID="P7_SP00059" HPOS="934" VPOS="1411" WIDTH="24"/>
						<String ID="P7_ST00068" HPOS="958" VPOS="1336" WIDTH="77" HEIGHT="61" CONTENT="de" WC="1.00" CC="00"/>
						<SP ID="P7_SP00060" HPOS="1035" VPOS="1411" WIDTH="27"/>
						<String ID="P7_ST00069" HPOS="1062" VPOS="1336" WIDTH="357" HEIGHT="74" CONTENT="tolérance," WC="0.99" CC="0400950021"/>
						<SP ID="P7_SP00061" HPOS="1419" VPOS="1411" WIDTH="29"/>
						<String ID="P7_ST00070" HPOS="1448" VPOS="1336" WIDTH="353" HEIGHT="60" CONTENT="messieurs" WC="0.99" CC="220003741"/>
						<SP ID="P7_SP00062" HPOS="1801" VPOS="1411" WIDTH="28"/>
						<String ID="P7_ST00071" HPOS="1829" VPOS="1354" WIDTH="120" HEIGHT="42" CONTENT="nos" WC="0.98" CC="311"/>
						<SP ID="P7_SP00063" HPOS="1949" VPOS="1411" WIDTH="24"/>
						<String ID="P7_ST00072" HPOS="1973" VPOS="1340" WIDTH="204" HEIGHT="59" CONTENT="aînés." WC="0.98" CC="040744"/>
					</TextLine>
					<TextLine ID="P7_TL00010" HPOS="218" VPOS="1427" WIDTH="1967" HEIGHT="80">
						<String ID="P7_ST00073" HPOS="218" VPOS="1430" WIDTH="88" HEIGHT="57" CONTENT="En" WC="0.90" CC="20"/>
						<SP ID="P7_SP00064" HPOS="306" VPOS="1487" WIDTH="33"/>
						<String ID="P7_ST00074" HPOS="339" VPOS="1433" WIDTH="181" HEIGHT="56" CONTENT="toute" WC="0.97" CC="35603"/>
						<SP ID="P7_SP00065" HPOS="520" VPOS="1489" WIDTH="30"/>
						<String ID="P7_ST00075" HPOS="550" VPOS="1427" WIDTH="456" HEIGHT="80" CONTENT="impartialité," WC="1.00" CC="0000600000304"/>
						<SP ID="P7_SP00066" HPOS="1006" VPOS="1507" WIDTH="36"/>
						<String ID="P7_ST00076" HPOS="1042" VPOS="1427" WIDTH="48" HEIGHT="59" CONTENT="il" WC="0.77" CC="03"/>
						<SP ID="P7_SP00067" HPOS="1090" VPOS="1507" WIDTH="24"/>
						<String ID="P7_ST00077" HPOS="1114" VPOS="1427" WIDTH="245" HEIGHT="60" CONTENT="semble" WC="0.99" CC="000600"/>
						<SP ID="P7_SP00068" HPOS="1359" VPOS="1507" WIDTH="36"/>
						<String ID="P7_ST00078" HPOS="1395" VPOS="1446" WIDTH="123" HEIGHT="59" CONTENT="que" WC="0.95" CC="076"/>
						<SP ID="P7_SP00069" HPOS="1518" VPOS="1507" WIDTH="30"/>
						<String ID="P7_ST00079" HPOS="1548" VPOS="1446" WIDTH="72" HEIGHT="43" CONTENT="ce" WC="0.94" CC="00"/>
						<SP ID="P7_SP00070" HPOS="1620" VPOS="1507" WIDTH="34"/>
						<String ID="P7_ST00080" HPOS="1654" VPOS="1427" WIDTH="173" HEIGHT="60" CONTENT="droit" WC="0.98" CC="06400"/>
						<SP ID="P7_SP00071" HPOS="1827" VPOS="1507" WIDTH="33"/>
						<String ID="P7_ST00081" HPOS="1860" VPOS="1427" WIDTH="285" HEIGHT="60" CONTENT="d'excom" SUBS_TYPE="HypPart1" SUBS_CONTENT="d'excommunication" WC="1.00" CC="0000050"/>
						<HYP HPOS="2145" VPOS="1427" WIDTH="40" CONTENT="-"/>
					</TextLine>
					<TextLine ID="P7_TL00011" HPOS="218" VPOS="1518" WIDTH="1963" HEIGHT="79">
						<String ID="P7_ST00082" HPOS="218" VPOS="1519" WIDTH="400" HEIGHT="61" CONTENT="munication" SUBS_TYPE="HypPart2" SUBS_CONTENT="d'excommunication" WC="1.00" CC="0000000217"/>
						<SP ID="P7_SP00072" HPOS="618" VPOS="1580" WIDTH="35"/>
						<String ID="P7_ST00083" HPOS="653" VPOS="1537" WIDTH="122" HEIGHT="60" CONTENT="que" WC="0.97" CC="060"/>
						<SP ID="P7_SP00073" HPOS="775" VPOS="1597" WIDTH="32"/>
						<String ID="P7_ST00084" HPOS="807" VPOS="1536" WIDTH="160" HEIGHT="43" CONTENT="vous" WC="0.99" CC="0400"/>
						<SP ID="P7_SP00074" HPOS="967" VPOS="1597" WIDTH="40"/>
						<String ID="P7_ST00085" HPOS="1007" VPOS="1536" WIDTH="162" HEIGHT="43" CONTENT="vous" WC="0.97" CC="7070"/>
						<SP ID="P7_SP00075" HPOS="1169" VPOS="1597" WIDTH="33"/>
						<String ID="P7_ST00086" HPOS="1202" VPOS="1519" WIDTH="374" HEIGHT="78" CONTENT="arrogeâtes" WC="0.99" CC="0556027000"/>
						<SP ID="P7_SP00076" HPOS="1576" VPOS="1597" WIDTH="32"/>
						<String ID="P7_ST00087" HPOS="1608" VPOS="1536" WIDTH="160" HEIGHT="43" CONTENT="vous" WC="1.00" CC="0100"/>
						<SP ID="P7_SP00077" HPOS="1768" VPOS="1597" WIDTH="32"/>
						<String ID="P7_ST00088" HPOS="1800" VPOS="1518" WIDTH="60" HEIGHT="61" CONTENT="le" WC="1.00" CC="00"/>
						<SP ID="P7_SP00078" HPOS="1860" VPOS="1597" WIDTH="24"/>
						<String ID="P7_ST00089" HPOS="1884" VPOS="1519" WIDTH="297" HEIGHT="76" CONTENT="pourriez" WC="0.99" CC="04034004"/>
					</TextLine>
					<TextLine ID="P7_TL00012" HPOS="216" VPOS="1608" WIDTH="1967" HEIGHT="81">
						<String ID="P7_ST00090" HPOS="216" VPOS="1613" WIDTH="325" HEIGHT="76" CONTENT="tempérer" WC="0.99" CC="03001606"/>
						<SP ID="P7_SP00079" HPOS="541" VPOS="1689" WIDTH="46"/>
						<String ID="P7_ST00091" HPOS="587" VPOS="1611" WIDTH="78" HEIGHT="59" CONTENT="de" WC="1.00" CC="00"/>
						<SP ID="P7_SP00080" HPOS="665" VPOS="1689" WIDTH="47"/>
						<String ID="P7_ST00092" HPOS="712" VPOS="1608" WIDTH="278" HEIGHT="79" CONTENT="quelque" WC="0.99" CC="0705000"/>
						<SP ID="P7_SP00081" HPOS="990" VPOS="1689" WIDTH="50"/>
						<String ID="P7_ST00093" HPOS="1040" VPOS="1609" WIDTH="357" HEIGHT="60" CONTENT="discrétion" WC="0.99" CC="0010600244"/>
						<SP ID="P7_SP00082" HPOS="1397" VPOS="1689" WIDTH="56"/>
						<String ID="P7_ST00094" HPOS="1453" VPOS="1609" WIDTH="405" HEIGHT="72" CONTENT="bienséante," WC="1.00" CC="02000010004"/>
						<SP ID="P7_SP00083" HPOS="1858" VPOS="1689" WIDTH="60"/>
						<String ID="P7_ST00095" HPOS="1918" VPOS="1609" WIDTH="265" HEIGHT="60" CONTENT="imitant" WC="0.99" CC="0010606"/>
					</TextLine>
					<TextLine ID="P7_TL00013" HPOS="219" VPOS="1700" WIDTH="1961" HEIGHT="80">
						<String ID="P7_ST00096" HPOS="219" VPOS="1701" WIDTH="303" HEIGHT="79" CONTENT="jusqu'en" WC="0.99" CC="66006000"/>
						<SP ID="P7_SP00084" HPOS="522" VPOS="1780" WIDTH="75"/>
						<String ID="P7_ST00097" HPOS="597" VPOS="1701" WIDTH="141" HEIGHT="60" CONTENT="cela" WC="0.98" CC="6100"/>
						<SP ID="P7_SP00085" HPOS="738" VPOS="1780" WIDTH="45"/>
						<String ID="P7_ST00098" HPOS="783" VPOS="1700" WIDTH="264" HEIGHT="78" CONTENT="l'Eglise" WC="0.99" CC="00090345"/>
						<SP ID="P7_SP00086" HPOS="1047" VPOS="1780" WIDTH="52"/>
						<String ID="P7_ST00099" HPOS="1099" VPOS="1700" WIDTH="295" HEIGHT="61" CONTENT="romaine" WC="1.00" CC="6000000"/>
						<SP ID="P7_SP00087" HPOS="1394" VPOS="1780" WIDTH="43"/>
						<String ID="P7_ST00100" HPOS="1437" VPOS="1700" WIDTH="157" HEIGHT="61" CONTENT="dont" WC="0.97" CC="0507"/>
						<SP ID="P7_SP00088" HPOS="1594" VPOS="1780" WIDTH="41"/>
						<String ID="P7_ST00101" HPOS="1635" VPOS="1700" WIDTH="397" HEIGHT="61" CONTENT="l'anathème" WC="0.81" CC="0300007304"/>
						<SP ID="P7_SP00089" HPOS="2032" VPOS="1780" WIDTH="55"/>
						<String ID="P7_ST00102" HPOS="2087" VPOS="1703" WIDTH="93" HEIGHT="58" CONTENT="est" WC="0.96" CC="143"/>
					</TextLine>
					<TextLine ID="P7_TL00014" HPOS="218" VPOS="1790" WIDTH="993" HEIGHT="78">
						<String ID="P7_ST00103" HPOS="218" VPOS="1791" WIDTH="363" HEIGHT="60" CONTENT="désormais" WC="1.00" CC="020650000"/>
						<SP ID="P7_SP00090" HPOS="581" VPOS="1851" WIDTH="31"/>
						<String ID="P7_ST00104" HPOS="612" VPOS="1808" WIDTH="125" HEIGHT="60" CONTENT="peu" WC="0.96" CC="036"/>
						<SP ID="P7_SP00091" HPOS="737" VPOS="1868" WIDTH="28"/>
						<String ID="P7_ST00105" HPOS="765" VPOS="1790" WIDTH="446" HEIGHT="59" CONTENT="retentissant." WC="1.00" CC="5612001200503"/>
					</TextLine>
					<TextLine ID="P7_TL00015" HPOS="298" VPOS="1879" WIDTH="1877" HEIGHT="81">
						<String ID="P7_ST00106" HPOS="298" VPOS="1882" WIDTH="176" HEIGHT="60" CONTENT="Vous" WC="0.96" CC="8270"/>
						<SP ID="P7_SP00092" HPOS="474" VPOS="1942" WIDTH="56"/>
						<String ID="P7_ST00107" HPOS="530" VPOS="1884" WIDTH="110" HEIGHT="76" CONTENT="qui" WC="1.00" CC="000"/>
						<SP ID="P7_SP00093" HPOS="640" VPOS="1960" WIDTH="59"/>
						<String ID="P7_ST00108" HPOS="699" VPOS="1880" WIDTH="341" HEIGHT="60" CONTENT="réclamiez" WC="1.00" CC="202100200"/>
						<SP ID="P7_SP00094" HPOS="1040" VPOS="1960" WIDTH="64"/>
						<String ID="P7_ST00109" HPOS="1104" VPOS="1886" WIDTH="189" HEIGHT="54" CONTENT="notre" WC="0.98" CC="13460"/>
						<SP ID="P7_SP00095" HPOS="1293" VPOS="1960" WIDTH="61"/>
						<String ID="P7_ST00110" HPOS="1354" VPOS="1879" WIDTH="341" HEIGHT="61" CONTENT="déférence" WC="1.00" CC="001000002"/>
						<SP ID="P7_SP00096" HPOS="1695" VPOS="1960" WIDTH="67"/>
						<String ID="P7_ST00111" HPOS="1762" VPOS="1898" WIDTH="164" HEIGHT="58" CONTENT="pour" WC="0.97" CC="0366"/>
						<SP ID="P7_SP00097" HPOS="1926" VPOS="1960" WIDTH="66"/>
						<String ID="P7_ST00112" HPOS="1992" VPOS="1884" WIDTH="183" HEIGHT="56" CONTENT="votre" WC="0.97" CC="03764"/>
					</TextLine>
					<TextLine ID="P7_TL00016" HPOS="216" VPOS="1969" WIDTH="1955" HEIGHT="81">
						<String ID="P7_ST00113" HPOS="216" VPOS="1974" WIDTH="212" HEIGHT="76" CONTENT="passé," WC="1.00" CC="000300"/>
						<SP ID="P7_SP00098" HPOS="428" VPOS="2050" WIDTH="36"/>
						<String ID="P7_ST00114" HPOS="464" VPOS="1989" WIDTH="79" HEIGHT="42" CONTENT="ne" WC="0.77" CC="40"/>
						<SP ID="P7_SP00099" HPOS="543" VPOS="2050" WIDTH="31"/>
						<String ID="P7_ST00115" HPOS="574" VPOS="1970" WIDTH="466" HEIGHT="79" CONTENT="pouviez-vous" WC="0.70" CC="036004036360"/>
						<SP ID="P7_SP00100" HPOS="1040" VPOS="2050" WIDTH="35"/>
						<String ID="P7_ST00116" HPOS="1075" VPOS="1971" WIDTH="310" HEIGHT="59" CONTENT="accorder" WC="0.99" CC="61015005"/>
						<SP ID="P7_SP00101" HPOS="1385" VPOS="2050" WIDTH="50"/>
						<String ID="P7_ST00117" HPOS="1435" VPOS="1969" WIDTH="280" HEIGHT="80" CONTENT="quelque" WC="0.99" CC="0610064"/>
						<SP ID="P7_SP00102" HPOS="1715" VPOS="2050" WIDTH="62"/>
						<String ID="P7_ST00118" HPOS="1777" VPOS="1969" WIDTH="394" HEIGHT="79" CONTENT="indulgence" WC="0.99" CC="0000400707"/>
					</TextLine>
					<TextLine ID="P7_TL00017" HPOS="214" VPOS="2060" WIDTH="551" HEIGHT="61">
						<String ID="P7_ST00119" HPOS="214" VPOS="2069" WIDTH="38" HEIGHT="52" CONTENT="à" WC="0.18" CC="8"/>
						<SP ID="P7_SP00103" HPOS="252" VPOS="2121" WIDTH="25"/>
						<String ID="P7_ST00120" HPOS="277" VPOS="2065" WIDTH="186" HEIGHT="56" CONTENT="notre" WC="0.99" CC="03501"/>
						<SP ID="P7_SP00104" HPOS="463" VPOS="2121" WIDTH="35"/>
						<String ID="P7_ST00121" HPOS="498" VPOS="2060" WIDTH="267" HEIGHT="61" CONTENT="avenir?" WC="0.98" CC="0920066"/>
					</TextLine>
					<TextLine ID="P7_TL00018" HPOS="294" VPOS="2150" WIDTH="1877" HEIGHT="80">
						<String ID="P7_ST00122" HPOS="294" VPOS="2152" WIDTH="49" HEIGHT="59" CONTENT="Il" WC="0.52" CC="27"/>
						<SP ID="P7_SP00105" HPOS="343" VPOS="2211" WIDTH="32"/>
						<String ID="P7_ST00123" HPOS="375" VPOS="2153" WIDTH="215" HEIGHT="58" CONTENT="s'écrit" WC="0.99" CC="3005720"/>
						<SP ID="P7_SP00106" HPOS="590" VPOS="2211" WIDTH="31"/>
						<String ID="P7_ST00124" HPOS="621" VPOS="2171" WIDTH="79" HEIGHT="40" CONTENT="en" WC="0.81" CC="30"/>
						<SP ID="P7_SP00107" HPOS="700" VPOS="2211" WIDTH="34"/>
						<String ID="P7_ST00125" HPOS="734" VPOS="2152" WIDTH="158" HEIGHT="58" CONTENT="1893" WC="0.61" CC="7005"/>
						<SP ID="P7_SP00108" HPOS="892" VPOS="2211" WIDTH="30"/>
						<String ID="P7_ST00126" HPOS="922" VPOS="2150" WIDTH="77" HEIGHT="60" CONTENT="de" WC="0.98" CC="00"/>
						<SP ID="P7_SP00109" HPOS="999" VPOS="2211" WIDTH="30"/>
						<String ID="P7_ST00127" HPOS="1029" VPOS="2152" WIDTH="213" HEIGHT="58" CONTENT="beaux" WC="0.99" CC="01060"/>
						<SP ID="P7_SP00110" HPOS="1242" VPOS="2211" WIDTH="32"/>
						<String ID="P7_ST00128" HPOS="1274" VPOS="2154" WIDTH="287" HEIGHT="75" CONTENT="poèmes," WC="1.00" CC="0030004"/>
						<SP ID="P7_SP00111" HPOS="1561" VPOS="2229" WIDTH="33"/>
						<String ID="P7_ST00129" HPOS="1594" VPOS="2150" WIDTH="111" HEIGHT="79" CONTENT="qui" WC="0.98" CC="060"/>
						<SP ID="P7_SP00112" HPOS="1705" VPOS="2229" WIDTH="34"/>
						<String ID="P7_ST00130" HPOS="1739" VPOS="2168" WIDTH="79" HEIGHT="42" CONTENT="ne" WC="0.94" CC="00"/>
						<SP ID="P7_SP00113" HPOS="1818" VPOS="2229" WIDTH="34"/>
						<String ID="P7_ST00131" HPOS="1852" VPOS="2156" WIDTH="146" HEIGHT="54" CONTENT="sont" WC="0.99" CC="0500"/>
						<SP ID="P7_SP00114" HPOS="1998" VPOS="2229" WIDTH="27"/>
						<String ID="P7_ST00132" HPOS="2025" VPOS="2152" WIDTH="146" HEIGHT="78" CONTENT="plus" WC="0.98" CC="0160"/>
					</TextLine>
					<TextLine ID="P7_TL00019" HPOS="214" VPOS="2239" WIDTH="1957" HEIGHT="80">
						<String ID="P7_ST00133" HPOS="214" VPOS="2243" WIDTH="110" HEIGHT="60" CONTENT="des" WC="1.00" CC="000"/>
						<SP ID="P7_SP00115" HPOS="324" VPOS="2303" WIDTH="29"/>
						<String ID="P7_ST00134" HPOS="353" VPOS="2247" WIDTH="266" HEIGHT="55" CONTENT="sonnets" WC="0.99" CC="0206071"/>
						<SP ID="P7_SP00116" HPOS="619" VPOS="2303" WIDTH="34"/>
						<String ID="P7_ST00135" HPOS="653" VPOS="2241" WIDTH="48" HEIGHT="58" CONTENT="il" WC="1.00" CC="00"/>
						<SP ID="P7_SP00117" HPOS="701" VPOS="2303" WIDTH="27"/>
						<String ID="P7_ST00136" HPOS="728" VPOS="2244" WIDTH="93" HEIGHT="56" CONTENT="est" WC="0.99" CC="003"/>
						<SP ID="P7_SP00118" HPOS="821" VPOS="2303" WIDTH="18"/>
						<String ID="P7_ST00137" HPOS="839" VPOS="2241" WIDTH="166" HEIGHT="69" CONTENT="vrai," WC="0.98" CC="90041"/>
						<SP ID="P7_SP00119" HPOS="1005" VPOS="2310" WIDTH="35"/>
						<String ID="P7_ST00138" HPOS="1040" VPOS="2242" WIDTH="111" HEIGHT="58" CONTENT="des" WC="0.96" CC="063"/>
						<SP ID="P7_SP00120" HPOS="1151" VPOS="2310" WIDTH="23"/>
						<String ID="P7_ST00139" HPOS="1174" VPOS="2244" WIDTH="267" HEIGHT="75" CONTENT="poèmes" WC="0.99" CC="044030"/>
						<SP ID="P7_SP00121" HPOS="1441" VPOS="2319" WIDTH="27"/>
						<String ID="P7_ST00140" HPOS="1468" VPOS="2241" WIDTH="279" HEIGHT="61" CONTENT="délicats" WC="0.99" CC="73013061"/>
						<SP ID="P7_SP00122" HPOS="1747" VPOS="2319" WIDTH="30"/>
						<String ID="P7_ST00141" HPOS="1777" VPOS="2239" WIDTH="394" HEIGHT="63" CONTENT="etberceurs" WC="0.72" CC="2070000565"/>
					</TextLine>
					<TextLine ID="P7_TL00020" HPOS="212" VPOS="2331" WIDTH="1961" HEIGHT="80">
						<String ID="P7_ST00142" HPOS="212" VPOS="2352" WIDTH="83" HEIGHT="42" CONTENT="ou" WC="0.40" CC="47"/>
						<SP ID="P7_SP00123" HPOS="295" VPOS="2394" WIDTH="37"/>
						<String ID="P7_ST00143" HPOS="332" VPOS="2333" WIDTH="200" HEIGHT="60" CONTENT="mâles" WC="1.00" CC="00000"/>
						<SP ID="P7_SP00124" HPOS="532" VPOS="2394" WIDTH="36"/>
						<String ID="P7_ST00144" HPOS="568" VPOS="2337" WIDTH="58" HEIGHT="56" CONTENT="et" WC="0.93" CC="10"/>
						<SP ID="P7_SP00125" HPOS="626" VPOS="2394" WIDTH="31"/>
						<String ID="P7_ST00145" HPOS="657" VPOS="2332" WIDTH="166" HEIGHT="61" CONTENT="forts" WC="0.97" CC="36631"/>
						<SP ID="P7_SP00126" HPOS="823" VPOS="2394" WIDTH="35"/>
						<String ID="P7_ST00146" HPOS="858" VPOS="2335" WIDTH="76" HEIGHT="57" CONTENT="de" WC="1.00" CC="00"/>
						<SP ID="P7_SP00127" HPOS="934" VPOS="2394" WIDTH="43"/>
						<String ID="P7_ST00147" HPOS="977" VPOS="2336" WIDTH="182" HEIGHT="56" CONTENT="toute" WC="1.00" CC="03000"/>
						<SP ID="P7_SP00128" HPOS="1159" VPOS="2394" WIDTH="43"/>
						<String ID="P7_ST00148" HPOS="1202" VPOS="2332" WIDTH="284" HEIGHT="79" CONTENT="énergie," WC="1.00" CC="07000200"/>
						<SP ID="P7_SP00129" HPOS="1486" VPOS="2411" WIDTH="45"/>
						<String ID="P7_ST00149" HPOS="1531" VPOS="2331" WIDTH="320" HEIGHT="61" CONTENT="d'intense" WC="0.99" CC="010054003"/>
						<SP ID="P7_SP00130" HPOS="1851" VPOS="2411" WIDTH="42"/>
						<String ID="P7_ST00150" HPOS="1893" VPOS="2350" WIDTH="240" HEIGHT="61" CONTENT="person" SUBS_TYPE="HypPart1" SUBS_CONTENT="personnalité" WC="0.99" CC="016320"/>
						<HYP HPOS="2133" VPOS="2350" WIDTH="40" CONTENT="-"/>
					</TextLine>
					<TextLine ID="P7_TL00021" HPOS="211" VPOS="2421" WIDTH="1957" HEIGHT="80">
						<String ID="P7_ST00151" HPOS="211" VPOS="2423" WIDTH="200" HEIGHT="61" CONTENT="nalité" SUBS_TYPE="HypPart2" SUBS_CONTENT="personnalité" WC="1.00" CC="002210"/>
						<SP ID="P7_SP00131" HPOS="411" VPOS="2484" WIDTH="34"/>
						<String ID="P7_ST00152" HPOS="445" VPOS="2426" WIDTH="281" HEIGHT="70" CONTENT="surtout," WC="0.98" CC="56530680"/>
						<SP ID="P7_SP00132" HPOS="726" VPOS="2496" WIDTH="39"/>
						<String ID="P7_ST00153" HPOS="765" VPOS="2426" WIDTH="60" HEIGHT="57" CONTENT="et" WC="0.92" CC="10"/>
						<SP ID="P7_SP00133" HPOS="825" VPOS="2496" WIDTH="25"/>
						<String ID="P7_ST00154" HPOS="850" VPOS="2423" WIDTH="122" HEIGHT="60" CONTENT="tels" WC="0.97" CC="5540"/>
						<SP ID="P7_SP00134" HPOS="972" VPOS="2496" WIDTH="21"/>
						<String ID="P7_ST00155" HPOS="993" VPOS="2422" WIDTH="194" HEIGHT="79" CONTENT="qu'on" WC="0.98" CC="00065"/>
						<SP ID="P7_SP00135" HPOS="1187" VPOS="2501" WIDTH="34"/>
						<String ID="P7_ST00156" HPOS="1221" VPOS="2421" WIDTH="143" HEIGHT="61" CONTENT="n'en" WC="0.99" CC="0060"/>
						<SP ID="P7_SP00136" HPOS="1364" VPOS="2501" WIDTH="26"/>
						<String ID="P7_ST00157" HPOS="1390" VPOS="2427" WIDTH="157" HEIGHT="74" CONTENT="peut" WC="0.98" CC="0360"/>
						<SP ID="P7_SP00137" HPOS="1547" VPOS="2501" WIDTH="27"/>
						<String ID="P7_ST00158" HPOS="1574" VPOS="2422" WIDTH="164" HEIGHT="60" CONTENT="faire" WC="0.98" CC="00056"/>
						<SP ID="P7_SP00138" HPOS="1738" VPOS="2501" WIDTH="35"/>
						<String ID="P7_ST00159" HPOS="1773" VPOS="2422" WIDTH="111" HEIGHT="60" CONTENT="des" WC="0.98" CC="040"/>
						<SP ID="P7_SP00139" HPOS="1884" VPOS="2501" WIDTH="32"/>
						<String ID="P7_ST00160" HPOS="1916" VPOS="2422" WIDTH="252" HEIGHT="62" CONTENT="moules" WC="0.99" CC="006000"/>
					</TextLine>
					<TextLine ID="P7_TL00022" HPOS="212" VPOS="2514" WIDTH="1958" HEIGHT="80">
						<String ID="P7_ST00161" HPOS="212" VPOS="2517" WIDTH="61" HEIGHT="59" CONTENT="et" WC="0.66" CC="42"/>
						<SP ID="P7_SP00140" HPOS="273" VPOS="2576" WIDTH="33"/>
						<String ID="P7_ST00162" HPOS="306" VPOS="2516" WIDTH="110" HEIGHT="60" CONTENT="des" WC="0.99" CC="020"/>
						<SP ID="P7_SP00141" HPOS="416" VPOS="2576" WIDTH="33"/>
						<String ID="P7_ST00163" HPOS="449" VPOS="2515" WIDTH="433" HEIGHT="79" CONTENT="poncifs;une" WC="1.00" CC="02440011031"/>
						<SP ID="P7_SP00142" HPOS="882" VPOS="2594" WIDTH="35"/>
						<String ID="P7_ST00164" HPOS="917" VPOS="2517" WIDTH="360" HEIGHT="75" CONTENT="généreuse" WC="0.99" CC="000043604"/>
						<SP ID="P7_SP00143" HPOS="1277" VPOS="2594" WIDTH="34"/>
						<String ID="P7_ST00165" HPOS="1311" VPOS="2515" WIDTH="417" HEIGHT="60" CONTENT="renaissance" WC="0.99" CC="43504000400"/>
						<SP ID="P7_SP00144" HPOS="1728" VPOS="2594" WIDTH="33"/>
						<String ID="P7_ST00166" HPOS="1761" VPOS="2531" WIDTH="36" HEIGHT="42" CONTENT="a" WC="0.33" CC="6"/>
						<SP ID="P7_SP00145" HPOS="1797" VPOS="2594" WIDTH="23"/>
						<String ID="P7_ST00167" HPOS="1820" VPOS="2514" WIDTH="135" HEIGHT="59" CONTENT="lieu" WC="0.97" CC="0336"/>
						<SP ID="P7_SP00146" HPOS="1955" VPOS="2594" WIDTH="32"/>
						<String ID="P7_ST00168" HPOS="1987" VPOS="2519" WIDTH="183" HEIGHT="57" CONTENT="toute" WC="0.98" CC="35600"/>
					</TextLine>
					<TextLine ID="P7_TL00023" HPOS="212" VPOS="2604" WIDTH="1955" HEIGHT="62">
						<String ID="P7_ST00169" HPOS="212" VPOS="2605" WIDTH="223" HEIGHT="60" CONTENT="fleurie" WC="0.99" CC="4000511"/>
						<SP ID="P7_SP00147" HPOS="435" VPOS="2665" WIDTH="34"/>
						<String ID="P7_ST00170" HPOS="469" VPOS="2605" WIDTH="77" HEIGHT="60" CONTENT="de" WC="1.00" CC="00"/>
						<SP ID="P7_SP00148" HPOS="546" VPOS="2665" WIDTH="44"/>
						<String ID="P7_ST00171" HPOS="590" VPOS="2605" WIDTH="339" HEIGHT="60" CONTENT="sincérités" WC="1.00" CC="0001050014"/>
						<SP ID="P7_SP00149" HPOS="929" VPOS="2665" WIDTH="38"/>
						<String ID="P7_ST00172" HPOS="967" VPOS="2608" WIDTH="60" HEIGHT="56" CONTENT="et" WC="1.00" CC="00"/>
						<SP ID="P7_SP00150" HPOS="1027" VPOS="2665" WIDTH="41"/>
						<String ID="P7_ST00173" HPOS="1068" VPOS="2604" WIDTH="613" HEIGHT="62" CONTENT="d'enthousiasmes." WC="1.00" CC="0200070500000003"/>
						<SP ID="P7_SP00151" HPOS="1681" VPOS="2666" WIDTH="52"/>
						<String ID="P7_ST00174" HPOS="1733" VPOS="2605" WIDTH="63" HEIGHT="60" CONTENT="Si" WC="0.67" CC="51"/>
						<SP ID="P7_SP00152" HPOS="1796" VPOS="2666" WIDTH="46"/>
						<String ID="P7_ST00175" HPOS="1842" VPOS="2604" WIDTH="325" HEIGHT="61" CONTENT="vraiment" WC="0.99" CC="00040355"/>
					</TextLine>
					<TextLine ID="P7_TL00024" HPOS="211" VPOS="2694" WIDTH="1952" HEIGHT="80">
						<String ID="P7_ST00176" HPOS="211" VPOS="2713" WIDTH="159" HEIGHT="42" CONTENT="vous" WC="0.99" CC="0060"/>
						<SP ID="P7_SP00153" HPOS="370" VPOS="2755" WIDTH="35"/>
						<String ID="P7_ST00177" HPOS="405" VPOS="2695" WIDTH="130" HEIGHT="60" CONTENT="êtes" WC="0.99" CC="4000"/>
						<SP ID="P7_SP00154" HPOS="535" VPOS="2755" WIDTH="33"/>
						<String ID="P7_ST00178" HPOS="568" VPOS="2697" WIDTH="111" HEIGHT="59" CONTENT="des" WC="0.99" CC="002"/>
						<SP ID="P7_SP00155" HPOS="679" VPOS="2756" WIDTH="33"/>
						<String ID="P7_ST00179" HPOS="712" VPOS="2698" WIDTH="246" HEIGHT="71" CONTENT="Poètes," WC="0.98" CC="6351003"/>
						<SP ID="P7_SP00156" HPOS="958" VPOS="2769" WIDTH="37"/>
						<String ID="P7_ST00180" HPOS="995" VPOS="2713" WIDTH="160" HEIGHT="42" CONTENT="vous" WC="1.00" CC="0000"/>
						<SP ID="P7_SP00157" HPOS="1155" VPOS="2769" WIDTH="38"/>
						<String ID="P7_ST00181" HPOS="1193" VPOS="2695" WIDTH="197" HEIGHT="61" CONTENT="devez" WC="0.99" CC="00900"/>
						<SP ID="P7_SP00158" HPOS="1390" VPOS="2769" WIDTH="31"/>
						<String ID="P7_ST00182" HPOS="1421" VPOS="2713" WIDTH="162" HEIGHT="43" CONTENT="vous" WC="0.98" CC="0064"/>
						<SP ID="P7_SP00159" HPOS="1583" VPOS="2769" WIDTH="34"/>
						<String ID="P7_ST00183" HPOS="1617" VPOS="2694" WIDTH="250" HEIGHT="80" CONTENT="réjouir" WC="0.99" CC="7524000"/>
						<SP ID="P7_SP00160" HPOS="1867" VPOS="2774" WIDTH="33"/>
						<String ID="P7_ST00184" HPOS="1900" VPOS="2695" WIDTH="162" HEIGHT="60" CONTENT="dans" WC="0.99" CC="0031"/>
						<SP ID="P7_SP00161" HPOS="2062" VPOS="2774" WIDTH="33"/>
						<String ID="P7_ST00185" HPOS="2095" VPOS="2713" WIDTH="68" HEIGHT="44" CONTENT="ce" WC="1.00" CC="00"/>
					</TextLine>
					<TextLine ID="P7_TL00025" HPOS="214" VPOS="2785" WIDTH="388" HEIGHT="77">
						<String ID="P7_ST00186" HPOS="214" VPOS="2785" WIDTH="388" HEIGHT="77" CONTENT="Printemps." WC="0.99" CC="6610300003"/>
					</TextLine>
					<TextLine ID="P7_TL00026" HPOS="295" VPOS="2874" WIDTH="1868" HEIGHT="80">
						<String ID="P7_ST00187" HPOS="295" VPOS="2874" WIDTH="156" HEIGHT="61" CONTENT="Mais" WC="0.98" CC="0611"/>
						<SP ID="P7_SP00162" HPOS="451" VPOS="2935" WIDTH="32"/>
						<String ID="P7_ST00188" HPOS="483" VPOS="2881" WIDTH="38" HEIGHT="54" CONTENT="à" WC="0.22" CC="7"/>
						<SP ID="P7_SP00163" HPOS="521" VPOS="2935" WIDTH="19"/>
						<String ID="P7_ST00189" HPOS="540" VPOS="2881" WIDTH="186" HEIGHT="54" CONTENT="votre" WC="0.98" CC="05053"/>
						<SP ID="P7_SP00164" HPOS="726" VPOS="2935" WIDTH="33"/>
						<String ID="P7_ST00190" HPOS="759" VPOS="2877" WIDTH="170" HEIGHT="60" CONTENT="mine" WC="0.99" CC="0003"/>
						<SP ID="P7_SP00165" HPOS="929" VPOS="2937" WIDTH="33"/>
						<String ID="P7_ST00191" HPOS="962" VPOS="2876" WIDTH="225" HEIGHT="78" CONTENT="aigrie," WC="0.99" CC="0206040"/>
						<SP ID="P7_SP00166" HPOS="1187" VPOS="2954" WIDTH="49"/>
						<String ID="P7_ST00192" HPOS="1236" VPOS="2895" WIDTH="84" HEIGHT="42" CONTENT="on" WC="0.71" CC="50"/>
						<SP ID="P7_SP00167" HPOS="1320" VPOS="2954" WIDTH="47"/>
						<String ID="P7_ST00193" HPOS="1367" VPOS="2893" WIDTH="161" HEIGHT="44" CONTENT="vous" WC="0.97" CC="0364"/>
						<SP ID="P7_SP00168" HPOS="1528" VPOS="2954" WIDTH="43"/>
						<String ID="P7_ST00194" HPOS="1571" VPOS="2876" WIDTH="201" HEIGHT="61" CONTENT="dirait" WC="0.99" CC="004040"/>
						<SP ID="P7_SP00169" HPOS="1772" VPOS="2954" WIDTH="43"/>
						<String ID="P7_ST00195" HPOS="1815" VPOS="2876" WIDTH="111" HEIGHT="61" CONTENT="des" WC="0.98" CC="040"/>
						<SP ID="P7_SP00170" HPOS="1926" VPOS="2954" WIDTH="40"/>
						<String ID="P7_ST00196" HPOS="1966" VPOS="2876" WIDTH="165" HEIGHT="62" CONTENT="versi" SUBS_TYPE="HypPart1" SUBS_CONTENT="versificateurs." WC="0.99" CC="00600"/>
						<HYP HPOS="2131" VPOS="2876" WIDTH="32" CONTENT="-"/>
					</TextLine>
					<TextLine ID="P7_TL00027" HPOS="214" VPOS="2967" WIDTH="324" HEIGHT="59">
						<String ID="P7_ST00197" HPOS="214" VPOS="2967" WIDTH="324" HEIGHT="59" CONTENT="ficateurs." SUBS_TYPE="HypPart2" SUBS_CONTENT="versificateurs." WC="0.99" CC="3309000533"/>
					</TextLine>
				</TextBlock>
				<TextBlock ID="P7_TB00003" HPOS="210" VPOS="3293" WIDTH="1953" HEIGHT="297" STYLEREFS="TXT_2 PAR_LEFT">
					<TextLine ID="P7_TL00028" HPOS="289" VPOS="3331" WIDTH="1374" HEIGHT="81">
						<String ID="P7_ST00198" HPOS="289" VPOS="3332" WIDTH="175" HEIGHT="59" CONTENT="Vous" WC="0.95" CC="8580"/>
						<SP ID="P7_SP00171" HPOS="464" VPOS="3391" WIDTH="32"/>
						<String ID="P7_ST00199" HPOS="496" VPOS="3349" WIDTH="162" HEIGHT="43" CONTENT="nous" WC="0.98" CC="4060"/>
						<SP ID="P7_SP00172" HPOS="658" VPOS="3392" WIDTH="37"/>
						<String ID="P7_ST00200" HPOS="695" VPOS="3332" WIDTH="258" HEIGHT="79" CONTENT="peinez;" WC="0.99" CC="6007005"/>
						<SP ID="P7_SP00173" HPOS="953" VPOS="3411" WIDTH="34"/>
						<String ID="P7_ST00201" HPOS="987" VPOS="3332" WIDTH="361" HEIGHT="80" CONTENT="regardons" WC="0.99" CC="507165400"/>
						<SP ID="P7_SP00174" HPOS="1348" VPOS="3412" WIDTH="28"/>
						<String ID="P7_ST00202" HPOS="1376" VPOS="3331" WIDTH="287" HEIGHT="62" CONTENT="ailleurs." WC="0.99" CC="647006504"/>
					</TextLine>
					<TextLine ID="P7_TL00029" HPOS="291" VPOS="3420" WIDTH="1871" HEIGHT="84">
						<String ID="P7_ST00203" HPOS="291" VPOS="3421" WIDTH="87" HEIGHT="57" CONTENT="De" WC="0.45" CC="64"/>
						<SP ID="P7_SP00175" HPOS="378" VPOS="3478" WIDTH="26"/>
						<String ID="P7_ST00204" HPOS="404" VPOS="3420" WIDTH="65" HEIGHT="60" CONTENT="la" WC="0.91" CC="10"/>
						<SP ID="P7_SP00176" HPOS="469" VPOS="3480" WIDTH="30"/>
						<String ID="P7_ST00205" HPOS="499" VPOS="3420" WIDTH="281" HEIGHT="62" CONTENT="formule" WC="0.98" CC="5394020"/>
						<SP ID="P7_SP00177" HPOS="780" VPOS="3482" WIDTH="34"/>
						<String ID="P7_ST00206" HPOS="814" VPOS="3420" WIDTH="158" HEIGHT="62" CONTENT="l'Art" WC="0.98" CC="03052" STYLEREFS="TXT_3"/>
						<SP ID="P7_SP00178" HPOS="972" VPOS="3482" WIDTH="30"/>
						<String ID="P7_ST00207" HPOS="1002" VPOS="3440" WIDTH="169" HEIGHT="64" CONTENT="pour" WC="0.96" CC="6054" STYLEREFS="TXT_3"/>
						<SP ID="P7_SP00179" HPOS="1171" VPOS="3504" WIDTH="28"/>
						<String ID="P7_ST00208" HPOS="1199" VPOS="3421" WIDTH="159" HEIGHT="61" CONTENT="VArt" WC="0.70" CC="2322" STYLEREFS="TXT_3"/>
						<String ID="P7_ST00209" HPOS="1376" VPOS="3458" WIDTH="77" HEIGHT="8" CONTENT="—" WC="0.20" CC="8"/>
						<SP ID="P7_SP00180" HPOS="1453" VPOS="3504" WIDTH="35"/>
						<String ID="P7_ST00210" HPOS="1488" VPOS="3422" WIDTH="158" HEIGHT="61" CONTENT="dont" WC="0.96" CC="4650"/>
						<SP ID="P7_SP00181" HPOS="1646" VPOS="3504" WIDTH="29"/>
						<String ID="P7_ST00211" HPOS="1675" VPOS="3440" WIDTH="84" HEIGHT="43" CONTENT="on" WC="0.72" CC="50"/>
						<SP ID="P7_SP00182" HPOS="1759" VPOS="3504" WIDTH="30"/>
						<String ID="P7_ST00212" HPOS="1789" VPOS="3428" WIDTH="151" HEIGHT="55" CONTENT="veut" WC="0.97" CC="5071"/>
						<SP ID="P7_SP00183" HPOS="1940" VPOS="3504" WIDTH="33"/>
						<String ID="P7_ST00213" HPOS="1973" VPOS="3442" WIDTH="189" HEIGHT="41" CONTENT="orner" WC="0.96" CC="66509"/>
					</TextLine>
					<TextLine ID="P7_TL00030" HPOS="210" VPOS="3509" WIDTH="1953" HEIGHT="81">
						<String ID="P7_ST00214" HPOS="210" VPOS="3527" WIDTH="123" HEIGHT="43" CONTENT="une" WC="0.97" CC="700"/>
						<SP ID="P7_SP00184" HPOS="333" VPOS="3570" WIDTH="34"/>
						<String ID="P7_ST00215" HPOS="367" VPOS="3509" WIDTH="126" HEIGHT="62" CONTENT="fois" WC="0.95" CC="8309"/>
						<SP ID="P7_SP00185" HPOS="493" VPOS="3571" WIDTH="33"/>
						<String ID="P7_ST00216" HPOS="526" VPOS="3529" WIDTH="235" HEIGHT="42" CONTENT="encore" WC="0.99" CC="002063"/>
						<SP ID="P7_SP00186" HPOS="761" VPOS="3571" WIDTH="32"/>
						<String ID="P7_ST00217" HPOS="793" VPOS="3513" WIDTH="60" HEIGHT="61" CONTENT="le" WC="0.75" CC="04"/>
						<SP ID="P7_SP00187" HPOS="853" VPOS="3574" WIDTH="33"/>
						<String ID="P7_ST00218" HPOS="886" VPOS="3514" WIDTH="245" HEIGHT="76" CONTENT="guidon" WC="0.98" CC="950060"/>
						<SP ID="P7_SP00188" HPOS="1131" VPOS="3590" WIDTH="31"/>
						<String ID="P7_ST00219" HPOS="1162" VPOS="3515" WIDTH="78" HEIGHT="60" CONTENT="de" WC="1.00" CC="00"/>
						<SP ID="P7_SP00189" HPOS="1240" VPOS="3590" WIDTH="32"/>
						<String ID="P7_ST00220" HPOS="1272" VPOS="3513" WIDTH="67" HEIGHT="61" CONTENT="la" WC="0.81" CC="30"/>
						<SP ID="P7_SP00190" HPOS="1339" VPOS="3590" WIDTH="32"/>
						<String ID="P7_ST00221" HPOS="1371" VPOS="3513" WIDTH="237" HEIGHT="61" CONTENT="double" WC="0.98" CC="007730"/>
						<SP ID="P7_SP00191" HPOS="1608" VPOS="3590" WIDTH="28"/>
						<String ID="P7_ST00222" HPOS="1636" VPOS="3514" WIDTH="290" HEIGHT="61" CONTENT="réaction" WC="0.98" CC="53706044"/>
						<SP ID="P7_SP00192" HPOS="1926" VPOS="3590" WIDTH="30"/>
						<String ID="P7_ST00223" HPOS="1956" VPOS="3515" WIDTH="207" HEIGHT="60" CONTENT="esthé-" WC="0.73" CC="000653"/>
					</TextLine>
				</TextBlock>
			</PrintSpace>
		</Page>
	</Layout>
</alto>
