2402 3865
1144 284 114 58 277

226 430 145 79 plus
400 433 334 73 moderne,
755 437 122 59 cite
910 435 483 65 l'intervention
1415 439 365 61 incessante
1816 439 109 60 des
1959 459 230 60 anges;

227 555 72 10 —
338 525 58 56 et
429 525 150 58 tous
627 524 93 60 les
773 527 269 78 peuples
1082 547 82 41 on
1199 548 111 41 cru
1343 547 125 42 aux
1507 529 217 74 dieux,
1761 529 432 62 bienfaisants

227 628 83 42 ou
340 613 432 76 malfaisants,
793 633 129 42 aux
955 619 319 70 ancêtres,
1308 637 126 42 aux
1467 621 257 76 esprits.

308 704 51 58 A
390 704 444 63 l'affirmation
876 710 286 76 gratuite
1196 710 300 61 d'Ernest
1529 713 244 73 Renan,
1806 712 48 59 il
1903 720 96 53 est
2032 732 120 60 pos-

231 793 164 60 sible
425 795 348 78 d'opposer
796 797 560 62 d'innombrables
1375 801 429 61 affirmations
1820 805 332 60 contradic-

228 884 221 61 toires.

306 975 72 58 Je
418 994 76 41 ne
520 976 168 59 crois
725 995 113 59 pas
873 981 228 56 autant
1136 998 121 57 que
1296 979 93 59 lui
1425 999 130 42 non
1588 983 145 77 plus
1770 989 37 53 à
1836 984 313 61 l'immora-

227 1064 116 60 lité
379 1065 74 59 de
486 1065 65 59 la
583 1070 227 54 nature
837 1084 10 52 ;
880 1068 63 76 je
973 1068 128 58 sais
1133 1070 153 59 bien
1321 1089 121 59 que
1470 1089 99 42 ses
1597 1073 422 61 fluctuations
2041 1082 147 53 sont

232 1153 352 59 immenses
621 1158 59 56 et
720 1173 122 59 que
886 1174 69 40 sa
994 1155 240 78 justice
1285 1164 95 54 est
1422 1160 248 77 parfois
1704 1160 196 75 lente,
1934 1163 161 60 mais
2138 1165 49 58 il

240 1243 199 57 serait
470 1243 318 60 vraiment
813 1251 144 72 trop
987 1247 233 77 simple
1256 1267 120 59 que
1401 1249 66 59 la
1496 1251 104 59 vie
1624 1253 382 60 ressemblât,
2032 1259 35 54 à
2083 1273 101 41 ces

238 1331 253 61 drames
524 1333 76 59 de
631 1333 63 59 la
726 1336 685 61 Porte-Saint-Martin
1441 1343 60 56 et
1525 1341 75 58 de
1634 1339 315 80 l'Ambigu
1982 1352 81 51 où
2098 1364 85 39 un

231 1421 368 79 cinquième
639 1430 135 54 acte
806 1427 382 76 réparateur
1215 1447 78 41 ne
1323 1430 184 59 tarde
1526 1449 115 59 pas
1665 1433 250 77 àpunir
1945 1433 59 60 le
2037 1440 121 54 traî-

223 1516 98 56 tre
353 1516 62 56 et
438 1519 34 53 à
496 1513 272 60 rétablir
787 1521 37 53 à
847 1534 70 42 sa
947 1517 288 78 légitime
1262 1519 184 78 place
1481 1520 58 61 le
1573 1527 394 58 vertueux...
1989 1525 166 58 D'ail-

226 1601 175 61 leurs
418 1623 160 40 nous
599 1624 78 41 ne
694 1624 281 42 sommes
995 1609 190 76 point
1210 1628 232 43 encore
1468 1630 79 41 au
1567 1613 364 78 cinquième
1956 1621 137 55 acte
2110 1616 75 60 de

231 1712 68 40 ce
335 1693 221 59 drame
597 1695 311 60 immense
929 1696 77 60 de
1040 1698 326 63 l'univers.
1402 1703 49 57 A
1491 1703 190 77 peine
1715 1704 49 58 si
1793 1723 161 41 nous
1990 1708 163 57 assis-

230 1788 146 54 tons
410 1787 35 54 à
484 1785 312 76 quelques
824 1787 328 77 répliques
1187 1792 60 58 et
1301 1808 160 42 nous
1488 1793 356 61 voudrions
1874 1795 191 78 juger
2109 1797 75 58 de

227 1873 379 60 l'ensemble
628 1875 9 55 !
680 1875 182 60 Voilà
885 1877 152 59 bien
1063 1882 98 56 cet
1195 1882 251 75 orgueil
1473 1883 403 79 scientifique
1905 1887 108 76 qui
2048 1887 101 58 eni-

227 1981 109 42 vre
371 1982 118 41 nos
514 1966 343 61 modernes
884 1968 351 76 prophètes
1254 1971 413 64 athées../En
1699 1978 149 55 tous
1882 1995 105 42 cas
2020 1981 162 57 cette

226 2053 143 60 idée
404 2053 191 61 d'une
661 2057 317 75 sanction,
1016 2057 188 62 d'une
1239 2060 258 77 justice,
1539 2081 79 42 ne
1661 2082 100 41 me
1790 2066 240 60 semble
2065 2086 114 59 pas

226 2143 194 60 innée
457 2146 160 58 dans
674 2145 59 59 le
767 2165 275 41 cerveau
1091 2150 75 58 de
1200 2150 305 61 l'homme
1548 2157 37 55 à
1618 2171 70 42 ce
1722 2155 185 76 point
1936 2175 120 57 que
2089 2157 91 60 les

227 2234 321 77 exemples
581 2236 77 57 de
688 2235 65 58 la
785 2236 127 72 vie,
950 2236 134 61 s'ils
1117 2239 92 58 lui
1242 2242 242 59 étaient
1517 2242 52 60 si
1602 2248 298 72 opposés,
1948 2265 76 40 ne
2056 2246 123 61 l'en

227 2324 492 61 arracheraient
782 2344 137 58 pas.
978 2328 118 58 Les
1145 2330 264 60 nations
1461 2333 280 76 pieuses,
1799 2334 94 60 dit
1931 2336 243 72 Renan,

226 2419 148 55 sont
409 2422 273 52 souvent
711 2415 260 61 battues
1007 2437 114 58 par
1150 2419 197 60 celles
1392 2423 109 76 qui
1545 2422 59 60 le
1646 2429 146 53 sont
1842 2425 215 60 moins
2085 2475 11 21 ,
2133 2428 49 57 il

226 2510 92 54 est
341 2505 341 78 beaucoup
719 2505 76 60 de
847 2512 198 75 noyés
1079 2509 111 78 qui
1239 2528 150 43 sans
1432 2513 192 60 doute
1658 2516 258 58 avaient
1948 2517 137 76 prié
2117 2518 61 58 la

226 2594 293 60 Madone.
561 2596 158 58 Mais
766 2596 139 59 cela
952 2617 78 39 ne
1072 2617 245 60 prouve
1351 2602 137 60 rien
1528 2623 12 49 ;
1580 2620 110 42 car
1741 2606 301 59 combien
2103 2609 76 59 de

222 2684 128 60 fois
414 2684 91 59 les
556 2687 255 75 prières
861 2691 57 56 et
970 2688 93 60 les
1111 2691 154 58 rites
1322 2692 325 79 religieux
1708 2696 308 61 n'ont-ils
2063 2719 117 58 pas

226 2776 292 57 entraîné
553 2780 37 54 à
619 2776 64 58 la
713 2776 272 61 victoire
1021 2780 280 61 d'autres
1334 2783 290 78 peuples,
1665 2787 59 57 et
1757 2786 108 60 des
1902 2789 280 62 milliers

225 2865 359 59 d'hommes
623 2884 65 40 se
717 2871 146 55 sont
898 2886 147 41 crus
1079 2874 230 58 sauvés
1343 2891 118 59 par
1495 2894 123 41 une
1649 2876 249 61 sincère
1934 2881 211 78 suppli-

223 2956 238 60 cation.
517 2956 110 59 Tel
666 2956 119 59 fait
816 2959 137 75 pris
1011 2960 350 61 isolément
1390 2963 105 61 n'a
1526 2982 256 43 aucune
1820 2968 177 61 force
2033 2989 111 59 pro-

219 3044 218 61 bante.
479 3046 166 59 Tout
674 3063 80 42 au
787 3053 351 61 contraire,
1163 3051 52 59 si
1261 3051 380 82 j'interroge
1669 3055 316 62 l'histoire
2018 3060 159 61 dans

225 3154 97 42 ses
350 3137 275 77 grandes
656 3137 238 78 lignes,
929 3138 65 79 je
1047 3142 139 59 vois
1218 3142 92 59 les
1345 3145 282 78 empires
1662 3149 266 75 grandir
1962 3170 119 58 par
2110 3152 65 58 la

219 3228 301 76 pratique
557 3227 85 59 du
668 3228 155 61 Bien
853 3231 59 58 et
957 3228 277 62 l'amour
1270 3233 76 58 de
1379 3233 65 61 la
1478 3236 234 75 Vérité,
1747 3238 176 60 alors
1953 3260 122 57 que
2109 3242 62 60 la

222 3321 384 72 corruption
656 3319 248 60 morale
950 3326 94 54 est
1087 3323 297 78 toujours
1422 3326 59 59 le
1529 3327 178 78 signe
1742 3328 75 59 de
1860 3330 64 59 la
1967 3332 166 61 Déca-

225 3405 200 60 dence
457 3411 60 54 et
547 3410 274 75 précède
851 3411 345 61 l'invasion
1232 3415 177 61 saine
1449 3416 108 60 des
1581 3417 342 62 Barbares.

308 3497 115 56 Les
447 3496 472 80 Carthaginois,
959 3501 257 61 insinue
1251 3511 183 54 notre
1464 3506 417 76 philosophe,
1915 3511 256 61 avaient
