2402 3865
1316 401 0 0 278

233 499 284 76 éprouvé
544 495 364 60 l'efficacité
960 496 75 60 de
1071 496 63 60 la
1190 499 235 76 prière,
1463 496 163 61 mais
1668 501 143 56 tout
1844 498 57 59 le
1948 499 237 60 monde

230 588 412 58 reconnaîtra
703 584 191 79 qu'ils
935 604 79 42 ne
1061 588 282 76 priaient
1390 606 114 59 pas
1553 586 77 61 de
1669 588 175 61 vrais
1896 588 197 61 dieux
2126 593 59 57 et

226 674 131 62 l'on
409 694 79 41 ne
553 680 155 73 peut
771 675 159 60 tirer
998 696 124 42 une
1188 678 405 70 conclusion,
1663 677 346 80 profitable
2096 696 81 42 au

226 766 295 71 miracle,
559 767 75 59 de
668 766 140 59 leur
837 767 404 77 expérience.
1280 771 50 57 Il
1350 791 40 57 y
1423 791 36 38 a
1490 768 63 61 là
1576 788 88 40 un
1691 769 232 60 détour
1952 768 76 60 de
2050 769 99 59 rai-

228 862 383 55 sonnement
645 856 110 78 qui
790 854 164 63 n'est
986 858 186 78 point
1205 877 167 60 pour
1404 877 100 42 me
1538 858 230 80 plaire.
1832 858 116 60 Les
1984 857 194 61 dieux

228 946 109 61 des
371 956 230 67 païens
624 966 77 41 ne
736 952 146 56 sont
911 947 109 60 des
1053 947 156 61 faux
1239 950 195 59 dieux
1467 967 121 60 que
1617 967 165 61 pour
1816 948 110 60 des
1961 948 185 60 catho-

224 1036 216 80 liques
471 1039 327 59 sectaires.
818 1039 118 59 Les
951 1039 213 61 forces
1194 1041 403 60 conscientes
1632 1041 111 78 qui
1777 1045 404 72 gouvernent

217 1126 65 61 la
344 1127 261 80 planète
662 1147 66 40 se
779 1131 440 76 préoccupent
1260 1149 123 60 peu
1444 1133 85 58 du
1581 1150 148 41 nom
1791 1130 193 77 qu'on
2036 1127 141 61 leur

217 1219 275 60 accorde
526 1223 60 57 et
619 1238 86 41 un
757 1238 145 41 vœu
936 1219 120 60 fait
1089 1239 118 59 par
1240 1241 86 39 un
1372 1241 179 40 cœur
1593 1220 235 79 simple
1881 1223 60 57 et
1980 1219 156 61 véhé-

220 1312 177 57 ment
423 1315 38 54 à
487 1310 189 61 Tanit
711 1329 37 40 a
779 1310 65 60 la
875 1309 207 62 même
1115 1310 225 61 valeur
1369 1313 230 77 qu'une
1630 1313 210 75 prière
1872 1310 300 60 adressée

217 1402 39 56 à
286 1398 65 61 la
383 1401 251 78 Vierge.
672 1401 431 78 L'important
1133 1406 97 55 est
1274 1402 375 61 d'accorder
1680 1403 65 58 la
1786 1401 263 60 volonté
2093 1401 76 59 de

216 1487 318 63 l'humain
564 1492 339 76 suppliant
931 1511 151 42 avec
1120 1492 64 60 la
1217 1492 260 61 volonté
1524 1493 84 60 du
1650 1492 184 60 Divin
1872 1491 297 77 Supplié.

384 1708 73 81 [A
480 1712 248 59 suivre.'

1616 1829 183 59 JULES
1828 1829 164 59 BOIS.
