2402 3865
1280 337 0 0 283

223 432 40 47 Il
288 428 244 49 n'enteni
561 428 109 58 agir
701 439 97 47 que
823 439 128 49 pour
980 421 253 51 satisfaire
1266 419 62 46 de
1352 416 150 61 façon
1538 409 297 51 immédiate
1870 419 65 34 un
1968 401 194 62 appétit

224 500 353 51 momentané.
608 498 215 47 Demain
853 512 62 31 ne
955 496 71 47 lui
1068 493 221 61 importe
1329 501 110 47 pas-
1475 485 40 48 11
1567 496 65 35 ne
1680 482 119 46 veut
1844 491 91 47 pas
1986 474 176 48 savoir

224 575 223 56 demain,
476 585 154 49 parce
658 585 96 47 que
781 571 48 47 le
853 569 206 62 prévoir
1083 582 58 33 ce
1169 564 154 48 serait
1355 561 114 61 déjà
1498 569 209 52 penser.
1741 554 42 47 Il
1841 565 53 33 se
1954 546 176 49 bcstia-

226 648 95 47 lise
346 662 92 47 par
467 645 184 47 dédain
685 645 63 46 de
778 641 212 62 l'esprit.

287 721 72 48 Le
386 719 132 48 Père
547 719 133 47 alors
713 716 219 60 regarde
962 712 229 61 l'épouse
1225 710 88 61 qui
1339 706 81 47 n'a
1454 717 91 47 pas
1586 700 140 59 failli,
1759 700 111 55 elle,
1911 697 127 47 dans
2081 703 83 35 ses

227 795 330 60 espérances.
616 790 43 48 11
712 790 262 57 interroge
1017 787 48 46 le
1130 782 188 61 prêtre.
1361 777 135 50 Mais
1544 772 225 56 celui-ci,
1801 769 77 47 sil
1939 781 55 33 se
2049 766 115 44 sent

226 866 193 61 poussé
448 863 225 61 quelque
697 874 198 48 peu,ne
927 857 222 50 cherche
1179 869 92 45 pas
1300 855 27 44 à
1356 848 264 62 imprimer
1647 858 91 35 sur
1773 856 96 34 une
1902 839 112 49 âme
2051 841 110 54 tiop

228 938 132 49 forte
391 938 48 46 la
462 937 67 46 foi
562 950 62 33 en
659 936 91 46 des
778 931 263 65 symboles
1068 941 138 47 purs.
1238 924 39 47 Il
1308 921 171 48 révèle
1517 921 47 44 le
1613 931 118 33 sens
1767 913 258 61 mystique
2067 909 92 46 des

228 1009 262 47 histoires.
519 1008 131 46 Dieu
691 979 134 74 c'est"
852 1004 48 46 la
937 1003 182 55 Force,
1162 994 254 59 l'Energie
1456 989 290 59 cosmique,
1776 982 284 63 l'équilibre
2094 979 68 46 du

227 1079 328 64 phénomène
577 1092 96 47 pur
703 1076 259 59 dépouillé
997 1076 59 44 de
1089 1084 84 33 ses
1195 1078 315 50 apparences
1540 1058 332 51 affirmatives
1902 1069 65 32 ou

224 1156 149 57 tives,
585 1150 28 47 X
618 1147 315 50 inconcevable
934 1144 122 48 Absolu.
1084 1143 73 46 Le
1190 1139 188 55 Christ,
1408 1135 123 47 c'est
1563 1134 47 46 le
1642 1130 204 61 peuple,
1879 1128 50 44 la
1953 1123 208 62 passion

231 1228 66 46 du
318 1223 185 62 peuple
536 1236 62 34 en
633 1220 308 54 souffrance,
972 1218 125 44 dont
1129 1227 133 33 nous
1308 1220 230 37 sommes
1591 1205 74 46 les
1717 1199 223 49 éternels
1985 1195 179 55 Judas,

227 1314 66 33 ou
322 1299 75 47 les
431 1298 190 47 Pilâtes
654 1293 311 61 sceptiques.
981 1289 65 47 Et
1064 1299 188 36 encore
1277 1284 47 46 le
1351 1280 184 61 peuple
1564 1276 153 50 est-il
1747 1274 120 47 bien
1897 1272 47 46 le
1964 1267 200 51 Christ?

224 1370 162 48 A-t-il
417 1384 56 33 sa
506 1368 252 56 chasteté,
795 1378 95 34 son
938 1361 161 49 esorit
1132 1360 63 46 de
1234 1354 252 57 sacrifice,
1524 1365 95 33 son
1668 1346 322 58 courage?...
2025 1338 136 49 Nom

227 1444 155 57 Dieu,
407 1455 64 33 ne
503 1451 332 51 prononçons
871 1434 181 63 jamais
1079 1445 95 34 son
1201 1441 142 42 nom,
1379 1439 154 48 parce
1568 1435 98 47 que
1700 1432 132 35 nous
1875 1429 63 33 ne
1976 1424 185 36 savons

229 1531 91 46 ]3clS
330 1554 50 9 »..
1633 1567 8 9 >
2031 1559 27 9 ...
2117 1557 8 6 -

294 1586 300 62 Cependant
630 1585 43 46 la
710 1584 155 58 grève
900 1578 215 63 gronde.
1159 1575 100 47 Les
1294 1576 211 55 troupes
1535 1566 253 49 'arrivent.
1820 1563 262 52 Sera-t-il,
2117 1563 45 40 le

231 1664 145 52 Père,
419 1661 47 46 le
508 1671 240 34 nouveau
776 1653 174 49 traître
989 1651 188 46 livrant
1212 1661 97 32 aux
1339 1643 194 48 soldats
1558 1641 48 45 le
1640 1638 168 50 Christ
1831 1636 62 45 de
1921 1633 50 46 la
2006 1632 153 54 Cène,

232 1733 136 49 celui
401 1733 127 46 dont
562 1732 35 46 il
632 1745 27 32 a
693 1725 194 60 mangé
929 1726 47 45 le
1016 1723 136 61 pain,
1195 1719 68 47 bu
1304 1719 47 45 le
1394 1716 100 55 vin,
1524 1712 134 48 celui
1698 1711 125 45 dont
1853 1707 36 47 il
1917 1719 26 33 a
1973 1703 106 62 pris
2109 1702 46 45 le

238 1820 152 45 corps
421 1807 49 45 et
501 1803 47 46 le
579 1803 225 56 sang?...

298 1897 28 23 «
374 1876 160 56 Penh,
577 1885 265 35 murmure
875 1871 49 44 la
961 1867 95 58 fils,
1101 1879 57 33 sa
1196 1862 202 48 lâcheté
1435 1853 402 52 n'excuse-t-elle
1873 1863 90 47 pas
2015 1848 149 44 notie

236 1948 251 58 égoïsme.
532 1942 255 63 Puisqu'il
831 1956 133 31 nous
1004 1938 264 60 supporte,
1314 1933 123 47 c'est
1475 1928 124 62 qu'il
1640 1928 78 45 est
1759 1923 222 57 esclave,
2013 1920 130 61 jtrou-

232 2036 146 45 peau,
416 2019 173 53 bétail,
621 2018 100 47 tête
753 2013 324 49 d'abattoir...
1112 2009 78 47 Ne
1214 2006 185 47 hâtons
1431 2017 90 47 pas
1552 1998 295 50 l'évolution
1882 1991 280 50 animale...

233 2094 251 47 Laissons
510 2090 50 47 la
591 2092 180 44 nature
800 2088 151 44 tisser
979 2080 280 50 lentement
1298 2090 95 36 son
1423 2075 132 46 voile
1587 2074 109 47 vert
1728 2071 48 46 et
1808 2080 161 46 rouge
1991 2066 9 45 !
2039 2081 27 23 »

294 2165 73 47 La
407 2163 99 47 fille
550 2161 171 49 attend
767 2173 57 33 sa
857 2159 91 46 dot
988 2155 86 62 qui
1108 2152 111 49 doit
1256 2150 212 47 acheter
1498 2144 217 61 l'époux.
1750 2140 113 47 Elle
1897 2151 53 33 se
1981 2136 150 47 déses-

228 2236 139 63 père.
402 2235 108 56 Que
551 2230 305 60 veulent-ils,
892 2243 86 33 ces
1030 2239 127 47 gens
1210 2222 137 47 sales
1394 2221 50 45 et
1492 2217 236 54 brutaux,
1779 2207 295 64 incapables
2107 2205 61 47 de

232 2310 206 47 science
473 2321 61 32 ou
571 2306 61 46 de
663 2304 106 47 foi..

290 2382 154 47 Voilà
472 2394 95 47 que
599 2379 76 45 les
702 2375 141 48 fusils
875 2375 90 44 ont
994 2370 178 48 tonné.
1199 2367 100 47 Les
1322 2365 249 48 calavres
1605 2356 253 64 jonchent
1888 2356 47 45 le
1964 2356 140 44 sol...

294 2455 71 47 Le
393 2452 130 48 Père
567 2450 242 58 regarde,
844 2460 66 34 un
933 2459 99 47 peu
1063 2441 162 57 ahuri,
1259 2438 213 47 l'œuvre
1511 2434 62 47 de
1601 2446 57 33 sa
1690 2431 75 45 vie
1795 2426 254 48 entière...
2081 2436 84 34 ces

227 2526 199 61 flaques
459 2526 61 44 de
558 2536 129 43 sang
718 2521 65 46 où
816 2532 54 33 se
903 2517 227 60 crispent
1162 2514 61 46 de
1256 2511 188 59 jeunes
1475 2507 223 57 visages,
1722 2500 228 63 pendant
1971 2509 97 47 que
2095 2494 50 47 là-

230 2598 93 49 bas
339 2598 197 46 fument
551 2596 77 45 les
651 2593 118 48 feux
792 2592 92 46 des
906 2588 193 57 usines,
1113 2582 243 51 tournent
1380 2582 76 45 les
1482 2575 268 51 courroies
1778 2575 48 45 et
1847 2573 75 46 les
1943 2568 221 48 volants,

226 2671 336 48 retentissent
591 2667 75 46 les
693 2666 132 45 bons
856 2664 268 45 marteaux
1154 2657 235 58 forgeurs
1414 2652 166 48 d'or...
1606 2650 144 46 toute
1775 2645 48 47 la
1856 2640 306 60 mécanique

230 2743 142 57 utile,
406 2767 62 7 —
497 2739 290 61 placement
814 2735 61 46 de
908 2733 119 60 père
1063 2732 59 45 de
1158 2727 216 49 famille.

1674 2885 155 46 PAUL
1863 2880 173 47 ADAM.
