2402 3865
1140 298 117 56 246

218 436 182 79 tique
438 441 59 56 et
531 441 240 61 sociale
814 479 73 9 —
934 447 433 63 hâtons-nous
1401 449 371 78 d'analyser
1804 452 63 60 la
1913 459 246 72 portée.

215 527 178 59 Nous
454 548 76 40 ne
587 548 161 40 nous
808 535 436 62 attarderions
1293 558 113 58 pas
1462 544 37 54 à
1556 540 285 61 discuter
1893 562 151 42 avec
2096 545 63 61 la

211 614 198 61 Jeune
440 616 306 82 Belgique
776 630 187 52 —où
997 625 63 59 la
1090 628 370 77 polémique
1495 633 92 54 est
1622 649 81 40 un
1735 649 200 57 peu...
1974 634 154 60 villa-

211 705 247 76 geoise,
498 710 59 55 et
619 709 109 76 qui
795 717 375 73 représente
1227 736 123 58 peu
1411 718 268 61 l'avenir
1745 722 229 77 depuis
2041 743 120 57 que

214 797 75 55 M.
328 795 339 73 Eekhoud,
705 800 59 60 le
798 803 353 76 vigoureux
1184 808 335 70 Flamand,
1542 808 147 61 s'est
1725 812 192 58 retiré
1946 812 210 77 d'elle,

218 885 58 58 et
309 902 236 43 encore
579 889 218 60 moins
828 891 64 59 la
920 893 306 79 Belgique
1261 897 108 76 qui
1405 898 226 76 rédigé
1669 897 156 60 l'Art
1865 899 293 63 Moderne

212 976 60 57 et
298 973 64 60 la
397 973 245 62 Société
667 977 328 76 Nouvelle,
1023 1020 80 5 —
1134 985 164 59 mais
1333 986 45 57 il
1415 1007 38 58 y
1484 1006 37 39 a
1547 987 132 60 lieu
1714 992 335 74 peut-être
2084 993 75 59 de

215 1063 287 76 préciser
530 1085 123 42 une
681 1072 300 74 question
1006 1073 108 77 qui
1142 1079 363 74 préoccupe
1529 1077 64 59 la
1620 1081 236 74 pensée
1885 1082 273 59 actuelle

212 1152 229 78 depuis
473 1159 75 55 M.
586 1159 294 77 Adolphe
917 1162 202 73 Rette,
1148 1165 79 60 de
1260 1165 64 60 la
1357 1165 241 72 Plume,
1627 1169 259 77 jusqu'à
1905 1172 77 58 M.
2012 1174 109 57 Fer-

214 1241 241 61 dinand
489 1246 404 78 Brunetière,
931 1253 75 58 de
1040 1253 64 59 la
1136 1253 204 60 Revue
1369 1254 102 59 des
1505 1255 178 61 Deux
1711 1258 277 61 Mondes.

296 1335 87 57 De
422 1334 210 61 même
668 1355 121 60 que
831 1344 147 56 tout
1011 1343 134 58 être
1179 1362 34 39 a
1247 1362 116 42 son
1395 1346 117 58 but
1552 1364 75 41 en
1678 1349 365 72 soi-même,
2098 1355 60 56 et

218 1444 120 60 que
384 1424 58 60 le
482 1426 221 60 devoir
747 1430 74 57 de
864 1434 143 56 tout
1048 1433 131 58 être
1226 1438 93 55 est
1361 1435 76 59 de
1488 1438 306 75 persister
1839 1442 157 57 dans
2043 1460 115 41 son

215 1514 141 61 être
399 1513 230 74 même,
676 1517 147 59 l'art
868 1537 246 44 comme
1154 1523 364 61 conditions
1579 1526 382 64 d'existence
2015 1550 110 59 pro-

215 1606 316 74 gressive,
568 1606 211 58 doit-il
812 1609 181 59 avoir
1025 1627 116 42 son
1165 1612 118 58 but
1315 1631 76 41 en
1425 1614 137 59 soi?

306 1693 82 59 Or
421 1692 141 60 l'art
599 1693 160 60 n'est
785 1714 115 58 pas
931 1716 125 41 une
1093 1702 195 59 entité
1330 1701 205 61 même
1568 1705 269 75 morale,
1882 1707 144 61 l'art
2065 1712 93 57 est

212 1800 134 39 une
379 1783 294 58 fonction
719 1787 316 59 naturelle
1080 1788 159 60 dont
1274 1790 59 59 le
1372 1792 118 59 but
1527 1811 79 42 ne
1639 1797 250 59 saurait
1918 1799 131 59 être
2082 1819 77 42 en

221 1868 369 63 elle-même
619 1889 115 59 pas
770 1874 143 77 plus
946 1894 122 60 que
1095 1877 64 60 la
1187 1881 417 61 mastication
1639 1901 82 42 ou
1768 1886 65 59 la
1872 1888 244 80 dégluti-

220 1957 137 60 tion
385 1978 78 40 ne
493 1966 283 70 peuvent
812 1981 63 41 se
905 1968 345 59 concevoir
1279 1987 248 44 comme
1568 1980 194 70 ayant
1801 1974 141 61 leur
1978 1978 136 61 fina-

212 2046 115 61 lité
369 2067 77 40 en
482 2049 176 61 elles.
690 2051 170 60 L'art
894 2056 92 58 est
1018 2055 165 61 ainsi
1217 2077 124 40 une
1374 2059 291 62 fonction
1710 2067 316 59 naturelle
2070 2069 75 60 de

216 2138 22 57 1
265 2138 279 71 homme,
586 2140 62 59 la
680 2142 207 59 forme
930 2147 300 75 suprême
1275 2148 77 58 de
1392 2149 64 60 la
1495 2152 220 75 prière
1763 2157 382 62 universelle

221 2227 158 59 dont
411 2228 66 58 la
507 2228 207 61 forme
757 2232 465 62 rudimentaire
1261 2239 135 56 naît
1434 2256 126 40 aux
1608 2243 249 60 confins
1899 2246 250 62 indécis

223 2317 76 59 de
358 2317 67 58 la
483 2318 102 60 vie
639 2319 442 63 inconsciente
1136 2342 166 60 pour
1369 2328 273 60 exceller
1716 2338 37 52 à
1822 2333 62 60 la
1943 2335 210 64 limite

231 2404 280 61 extrême
583 2407 75 58 de
701 2408 256 61 l'extase
999 2412 275 76 géniale,
1316 2449 78 9 —
1430 2420 60 56 et
1532 2417 257 62 l'œuvre
1823 2422 161 61 d'art
2011 2426 151 61 c'est

229 2500 161 56 cette
442 2496 211 76 prière
698 2502 349 74 perpétuée
1103 2500 76 61 de
1234 2521 119 60 par
1397 2506 315 63 l'ex-voto
1762 2512 221 63 vivant
2037 2536 121 60 que

226 2583 403 78 quelqu'âme
665 2590 128 56 très
823 2589 195 58 haute
1052 2590 190 60 dédia
1273 2599 37 52 à
1340 2594 64 58 la
1451 2596 259 64 Beauté.

303 2676 176 56 Nous
540 2674 222 61 dirons
818 2679 165 58 donc
1043 2699 13 38 :
1118 2680 63 60 la
1240 2683 277 63 formule
1587 2686 143 61 l'art
1783 2710 166 60 pour
2015 2694 139 63 l'art

223 2763 337 59 s'annihile
593 2782 83 41 ou
710 2784 64 41 se
804 2771 174 55 meut
1033 2788 77 41 en
1162 2774 162 58 cette
1390 2780 180 56 autre
1608 2797 14 40 :
1684 2778 41 59 Y
1731 2788 98 51 art
1886 2802 164 60 pour
2098 2785 60 60 la

224 2851 231 61 beauté.

305 2940 159 59 Mais
496 2940 63 60 la
590 2943 237 60 Beauté
860 2947 300 75 suprême
1194 2953 93 56 est
1322 2952 64 58 la
1429 2958 175 57 toute
1654 2958 401 81 Perfection;
2100 2971 58 57 et

223 3031 53 59 si
308 3031 268 59 l'artiste
611 3033 362 76 spécialise,
1006 3038 257 60 suivant
1296 3060 115 40 son
1453 3043 150 73 don,
1651 3065 116 42 son
1811 3069 215 44 œuvre
2079 3057 78 60 de

223 3121 438 77 glorification
708 3142 143 41 vers
898 3124 216 63 l'idéal
1165 3128 192 74 Beau,
1414 3132 47 59 il
1512 3152 77 42 ne
1651 3136 258 63 déchoit
1954 3144 62 57 ni
2074 3166 79 41 ne

221 3211 233 79 déroge
489 3217 37 52 à
559 3229 116 42 son
710 3212 247 75 devoir,
993 3216 166 60 mais
1190 3239 42 57 y
1259 3222 297 74 persiste,
1607 3227 37 55 à
1682 3229 371 63 considérer
2093 3239 60 56 et

219 3306 35 53 à
286 3301 393 76 proclamer,
717 3302 179 60 selon
934 3321 99 42 ses
1073 3305 235 75 forces,
1358 3309 217 62 l'idéal
1613 3316 177 61 Juste
1841 3321 58 57 et
1937 3321 215 64 l'idéal

219 3390 174 60 Vrai.

290 3481 119 60 Car
444 3499 67 42 sa
545 3483 150 59 voix
750 3484 292 72 dût-elle,
1098 3504 80 42 au
1235 3490 146 76 prix
1438 3492 187 63 d'une
1670 3502 483 72 spécialisation
