2402 3865
1168 414 114 56 264

270 561 292 74 milliers,
599 562 90 60 les
720 564 320 58 miséreux
1069 565 307 58 souffrent
1408 564 85 58 du
1520 562 169 60 froid
1714 565 57 55 et
1806 562 73 58 de
1903 561 63 59 la
1992 561 181 61 faim.

270 653 272 68 Mornes,
578 651 80 59 ils
682 658 157 53 vont
872 669 116 60 par
1030 653 91 58 les
1163 653 314 69 chemins,
1507 669 122 41 une
1661 650 185 58 lueur
1878 650 74 58 de
1985 650 189 60 fièvre

270 754 80 42 au
395 738 156 59 fond
602 740 106 59 des
764 758 186 60 yeux.
988 740 160 59 Sous
1192 742 64 57 la
1286 742 203 74 neige,
1528 757 148 40 sous
1705 738 65 58 la
1811 738 155 72 bise,
2000 738 79 58 ils
2113 757 62 40 se

268 828 223 58 hâtent
536 846 139 40 vers
725 828 90 60 les
858 829 184 60 villes
1084 835 103 68 où,
1219 830 57 58 le
1318 830 150 70 soir,
1501 848 81 41 on
1624 828 92 58 les
1741 828 152 71 voit,
1930 844 244 42 comme

270 915 107 59 des
405 917 275 70 ombres,
717 917 191 58 rôder
936 917 555 59 silencieusement
1533 915 275 60 derrière
1850 915 90 59 les
1978 915 196 59 vitres

269 1011 465 71 rougeoyantes
773 1007 107 57 des
913 1007 187 58 cafés.
1139 1007 242 58 Jamais
1425 1004 170 60 leurs
1628 1003 306 76 guenilles
1971 1022 77 40 ne
2084 1004 90 59 les

266 1091 201 78 plient
522 1097 142 55 tout
727 1095 258 58 entiers.
1027 1096 187 57 Leurs
1258 1095 254 76 jambes
1567 1091 361 80 flageolent.
1980 1095 195 55 Leurs

268 1181 185 76 pieds
485 1181 278 60 hésitent
795 1183 58 58 et
884 1182 345 60 cherchent
1257 1190 80 51 où
1371 1201 64 40 se
1468 1199 204 61 poser,
1695 1183 59 56 et
1785 1181 245 76 chaque
2060 1196 114 60 pas

268 1269 139 58 leur
439 1271 262 59 arrache
733 1289 120 41 une
887 1272 277 75 grimace
1202 1272 75 59 de
1314 1271 287 60 douleur.
1632 1272 72 55 Et
1727 1289 156 39 ceux
1921 1270 130 75 qui,
2077 1269 96 58 las

270 1357 243 73 d'aller,
551 1357 377 60 s'affaissent
959 1375 80 42 au
1073 1359 161 58 bord
1267 1360 108 58 des
1406 1363 235 66 routes,
1677 1375 77 41 ne
1792 1375 62 41 se
1889 1357 284 58 relèvent

269 1445 164 78 plus.

352 1534 151 58 Mais
541 1534 228 58 ont-ils
811 1535 57 59 le
917 1534 171 58 droit
1129 1535 75 57 de
1246 1553 62 39 se
1345 1534 289 77 plaindre
1672 1534 90 57 les
1798 1533 368 76 sans-logis,

270 1622 92 59 les
406 1623 387 75 guenilleux,
829 1623 90 58 les
961 1623 489 76 claque-dents?
1489 1625 86 56 De
1625 1627 259 72 partout
1923 1641 74 39 ne
2033 1620 138 59 leur

269 1709 302 59 vient-on
612 1727 113 58 pas
769 1728 75 40 en
886 1711 178 57 aide?
1096 1711 122 57 Oh!
1256 1728 147 40 sans
1432 1711 207 58 doute.
1674 1709 81 57 Ils
1793 1713 377 71 mangeront

270 1797 97 60 s'il
416 1797 137 76 gèle
613 1816 169 41 assez
829 1798 131 59 fort
999 1816 163 58 pour
1211 1798 188 76 qu'au
1460 1799 229 74 champ
1738 1798 75 57 de
1872 1797 298 76 patinage

268 1885 346 76 d'élégants
645 1891 362 71 sportsmen
1041 1886 367 77 organisent
1426 1904 122 40 une
1580 1887 147 58 fête.
1746 1886 84 57 Ils
1860 1902 63 41 se
1957 1883 180 60 chauf-

266 1975 214 59 feront
496 1975 318 77 peut-être
839 1976 51 57 si
909 1975 90 59 les
1023 1980 290 54 concerts
1329 1977 60 57 et
1411 1975 90 58 les
1525 1978 217 55 ventes
1760 1973 404 68 réussissent,

268 2065 53 58 si
367 2064 90 58 les
513 2064 338 58 chanteurs
893 2066 218 56 savent
1147 2064 201 76 plaire
1404 2066 59 56 et
1502 2064 90 57 les
1639 2064 224 76 jeunes
1903 2064 267 57 Beautés

272 2151 107 59 des
412 2152 348 75 comptoirs
809 2151 236 59 vendre
1092 2151 151 59 bien
1294 2151 150 59 cher
1492 2150 173 58 leurs
1717 2151 286 57 œillades
2044 2166 124 41 aux

266 2240 192 59 vieux
491 2239 262 58 décorés
788 2238 106 76 qui
924 2238 303 59 viennent
1262 2238 259 58 acheter
1562 2238 61 57 là
1675 2238 307 76 quelques
2027 2253 94 42 me-

269 2344 156 41 nues
453 2326 274 59 faveurs.

352 2413 378 73 Qu'a-t-elle
783 2418 37 52 à
860 2413 261 75 geindre
1177 2413 62 58 la
1286 2429 341 60 pauvresse
1671 2413 107 76 qui
1829 2412 342 76 sanglotait

272 2506 139 55 tout
444 2509 36 51 à
508 2500 238 60 l'heure
776 2518 120 41 une
929 2518 299 42 romance
1262 2502 307 70 d'amour,
1608 2503 337 75 accroupie
1968 2500 162 59 main-

270 2593 219 56 tenant
519 2593 36 54 à
586 2589 262 58 l'entrée
880 2588 82 59 du
994 2593 178 71 pont,
1206 2589 271 59 vaincue
1505 2607 117 59 par
1646 2589 63 58 la
1738 2589 216 77 gelée?
1978 2589 160 59 N'est-

272 2678 48 59 il
376 2680 161 57 donc
592 2695 111 62 pas
748 2681 183 72 passé
981 2682 144 72 près
1174 2677 205 72 d'elle,
1423 2696 79 39 au
1538 2678 190 59 sortir
1783 2678 84 57 du
1917 2677 216 60 confes-

272 2767 271 71 sionnal,
600 2766 273 76 quelque
929 2766 322 76 pénitente
1308 2767 270 60 contrite
1630 2772 59 54 et
1745 2768 108 75 qui
1905 2766 260 71 veuille,

273 2855 186 61 d'une
524 2856 291 66 aumône,
881 2854 291 58 racheter
1229 2873 97 40 ses
1384 2855 246 58 fautes?
1684 2856 78 58 Ce
1827 2873 139 40 sera
2024 2871 146 42 sans

274 2945 188 58 doute
491 2961 156 56 pour
682 2940 256 58 demain
990 2944 78 70 et,
1105 2941 226 70 là-bas,
1370 2944 156 58 dans
1578 2944 61 58 la
1682 2944 360 67 mansarde,
2077 2942 91 59 les

266 3033 220 78 petits,
519 3048 120 42 une
668 3031 138 57 nuit
838 3048 251 54 encore,
1116 3036 316 54 resteront
1465 3031 56 59 le
1552 3039 222 52 ventre
1802 3033 176 57 vide!

352 3123 74 56 Et
472 3120 111 70 toi,
613 3119 65 57 la
729 3118 213 58 vieille
990 3118 409 72 lamentable,
1440 3120 107 75 qui
1602 3120 294 75 agonises
1938 3137 75 40 en
2051 3123 109 54 ton

270 3212 243 76 grabat,
548 3213 70 53 tu
668 3226 186 39 auras
903 3208 318 74 peut-être
1271 3224 67 41 ce
1383 3209 129 57 soir
1544 3208 107 58 des
1695 3209 174 56 soins
1902 3210 57 55 et
1991 3208 144 75 quel-

272 3317 156 60 ques
459 3295 309 72 remèdes,
797 3295 51 58 si
879 3294 63 59 la
970 3294 182 59 dame
1199 3302 412 68 patronnesse
1644 3297 74 57 de
1743 3294 286 61 l'Œuvre
2063 3295 107 77 qui

268 3393 61 54 te
359 3389 150 59 veut
541 3386 84 57 du
653 3384 149 59 bien
834 3401 76 41 ne
959 3383 142 59 s'est
1141 3401 112 58 pas
1294 3383 283 59 attardée
1622 3389 143 72 trop
1806 3384 364 77 longtemps

269 3477 151 60 chez
453 3492 69 42 sa
561 3473 348 59 modiste...

355 3567 71 59 Et
453 3563 173 61 voilà
655 3563 74 59 de
774 3561 152 79 quoi
966 3561 381 77 dépendent,
1385 3562 243 78 chaque
1666 3563 168 77 jour,
1872 3563 106 59 des
2019 3561 151 58 mil-
