2296 3980
1042 481 193 40 VARIA

1933 500 78 42 199

303 625 57 37 La
381 627 189 38 nouvelle
593 628 193 49 partition
808 640 79 38 que
913 630 34 36 J.
977 630 203 37 Massenet
1201 641 20 25 a
1242 630 168 50 adaptée
1438 644 51 24 au
1515 632 138 36 drame
1683 631 49 37 de
1763 632 179 38 Leconte
1964 633 48 37 de

255 685 120 49 Lisle,
395 689 220 49 comprend
639 689 69 36 des
731 689 163 37 chœurs
910 702 106 36 pour
1036 692 95 35 voix
1152 691 48 37 de
1223 692 167 38 femmes
1415 692 68 50 (un
1507 701 113 30 entre
1643 701 148 40 autres,
1817 693 104 38 celui
1943 694 68 37 des

251 748 281 49 Choëphores,
555 750 72 49 qui
649 762 125 25 ouvre
795 750 35 37 le
857 752 151 36 second
1030 756 100 43 acte)
1223 753 164 38 chœurs
1410 755 262 48 d'ensemble,
1780 763 233 39 ouverture,

321 819 206 40 entracte,
549 811 188 48 musique
761 820 38 29 et
819 815 133 47 scène,
1043 814 165 38 marche
1225 814 256 52 triomphale,
1504 825 76 30 etc.

299 908 65 36 Au
386 908 175 48 premier
583 917 99 38 acte,
708 908 121 38 ballet
858 910 168 50 antique
1055 924 50 25 en
1133 912 99 38 trois
1262 913 162 50 parties.
1460 915 188 38 Madame
1681 915 335 38 Marie-Laurent

249 969 143 52 jouera
407 972 37 36 le
465 971 83 37 rôle
567 972 48 37 de
630 971 315 51 Clytemnestra,
964 983 39 28 et
1016 975 181 39 Taillade
1215 978 107 36 celui
1339 978 218 49 d'Orestès,
1575 978 119 49 qu'ils
1709 988 73 29 ont
1797 979 109 37 créés
1922 990 94 27 avec

251 1035 138 35 succès
411 1046 50 24 au
483 1032 156 38 théâtre
661 1033 49 37 de
732 1033 190 51 l'Odéon,
945 1048 50 25 en
1023 1037 110 49 1873.

301 1130 75 36 Les
395 1138 135 29 autres
553 1129 104 38 rôles
674 1141 137 28 seront
833 1132 117 53 joués
972 1147 71 38 par
1065 1137 160 48 Talien,
1251 1137 153 46 Sicard,
1430 1138 183 49 Monval,
1637 1138 227 39 Mesdames
1888 1138 128 38 Marie

253 1190 210 50 Defresne,
481 1193 126 49 Fossy
628 1201 40 30 et
691 1194 181 50 Ghéron,
889 1196 48 37 de
960 1197 37 36 la
1020 1204 146 43 troupe
1189 1199 47 37 de
1258 1199 190 38 l'Odéon.

303 1290 307 39 Mademoiselle
632 1291 128 51 Volsy
782 1293 197 40 débutera
1003 1308 72 37 par
1095 1297 38 37 le
1157 1298 84 36 rôle
1260 1298 216 40 d'Electra.

305 1370 54 37 Le
380 1370 196 50 principal
598 1372 237 50 interprète,
858 1375 188 38 Madame
1068 1376 343 51 Marie-Laurent,
1434 1379 112 37 étant
1568 1380 175 48 engagée
1766 1379 22 37 à
1810 1378 38 38 la
1872 1381 141 36 Porte-

253 1432 288 37 Saint-Martin
572 1433 22 36 à
621 1433 128 49 partir
771 1435 54 37 du
848 1448 50 25 20
927 1437 95 49 mai,
1047 1438 56 37 les
1121 1439 222 51 Erinnyés
1377 1453 50 25 ne
1451 1449 202 40 pourront
1673 1441 114 38 avoir
1817 1453 79 36 que
1916 1442 100 37 trois

253 1493 360 49 représentations.

305 1585 58 36 M.
385 1584 207 38 Vizentini
613 1585 112 38 vient
748 1587 49 38 de
816 1588 136 49 signer
973 1602 95 26 avec
1087 1592 188 37 Madame
1297 1604 129 27 veuve
1450 1593 158 49 Halévy
1629 1607 57 24 un
1708 1593 117 39 traité
1843 1607 80 25 aux
1942 1602 56 30 ter-

254 1656 86 25 mes
362 1645 153 48 duquel
534 1646 107 36 deux
669 1659 199 37 ouvrages
889 1649 78 37 fort
988 1649 242 50 importants
1250 1653 47 37 de
1322 1652 172 39 l'auteur
1515 1654 49 37 de
1587 1654 38 37 la
1646 1655 119 38 Juive
1783 1664 162 40 passent
1966 1668 50 25 au

252 1705 27 36 7
291 1705 356 50 héâtre-Lyrique.
674 1708 76 37 Ces
773 1709 106 37 deux
895 1723 197 38 ouvrages
1109 1723 93 27 sont
1220 1714 172 38 Charles
1417 1716 59 36 VI
1491 1723 39 29 et
1545 1715 40 37 la
1603 1716 85 37 Fée
1702 1728 88 25 aux
1806 1729 110 25 roses
1921 1748 7 8 .
1952 1718 64 36 Au

254 1766 133 36 même
416 1766 171 49 théâtre,
616 1780 54 26 on
699 1781 189 27 annonce
918 1772 39 36 la
980 1773 207 49 réception
1215 1776 97 36 d'un
1343 1776 123 48 opéra
1493 1776 190 49 comique
1706 1788 51 26 en
1782 1790 56 25 un
1857 1786 101 39 acte,
1982 1778 34 37 le

255 1827 149 51 Signal
409 1856 7 19 ,
435 1828 49 36 de
507 1829 109 38 MM.
647 1830 180 38 William
851 1833 193 37 Busnach
1066 1843 40 29 et
1128 1837 147 37 Ernest
1298 1837 216 38 Dubreuil.

305 1906 305 40 Mademoiselle
633 1910 164 39 Marcus
818 1920 59 29 est
896 1914 152 37 choisie
1072 1928 107 36 pour
1201 1915 111 37 créer
1333 1929 56 24 un
1416 1917 82 37 rôle
1522 1917 200 51 principal
1738 1917 103 38 dans
1862 1917 36 38 le
1916 1919 64 37 Ma-

254 1967 192 51 gnifique.

306 2046 155 38 Obéron
486 2060 86 26 sera
593 2049 137 39 donné
745 2064 90 25 vers
856 2053 37 38 le
919 2067 11 24 i
939 2060 29 20 eV
988 2053 90 51 juin
1100 2067 96 28 avec
1215 2056 36 37 la
1272 2056 265 39 distribution
1557 2058 185 39 suivante

694 2119 166 38 ObéFon
1185 2124 102 37 MM.
1305 2125 252 50 Montaubry

696 2180 130 38 Huon
1307 2185 76 38 Ch.
1410 2187 176 37 Richard

696 2229 10 8 %

696 2241 239 40 Sherasmin
1310 2249 150 48 Lepers

693 2303 160 38 Sadack
1305 2309 151 38 Tissier

691 2364 215 40 Aboulifar
1309 2371 144 37 Grivot

689 2425 124 38 Tezia
939 2428 344 41 Mesdemoiselles
1299 2432 106 37 Salla

691 2488 155 37 Fatime
1300 2494 257 38 Sablairolles

691 2548 115 37 Puck
1300 2556 56 36 M.
1382 2556 182 37 Thomas

688 2609 55 36 Le
768 2610 76 49 bey
1174 2615 105 38 MM.
1297 2617 35 36 J.
1357 2617 204 37 Vizentini

694 2670 68 37 Un
783 2670 129 49 pirate
1296 2676 214 39 Chevalier

928 2751 177 39 Chœurs
1128 2761 39 30 et
1186 2754 136 40 ballet.

299 2891 365 52 Opéra-Comique.
750 2917 7 6 -
806 2896 190 50 Demain,
1037 2899 205 48 première
1286 2904 323 50 représentation
1646 2906 49 39 de
1731 2907 212 42 Philémon
1977 2919 39 32 et

254 2953 165 38 BauciSt
449 2955 63 37 En
540 2955 107 39 voici
674 2956 37 38 la
740 2956 264 40 distribution
1026 2970 8 26 :

693 3036 219 39 Philémon
1235 3044 106 37 MM.
1362 3045 122 38 Nicot

691 3098 160 51 Jupiter
1360 3107 149 51 Bouhy

691 3159 174 39 Vulcain
1361 3167 208 41 Giraudet.

298 3233 186 41 Madame
507 3236 175 52 Chapuy
702 3236 145 52 jouera
868 3241 145 38 Baucis
1027 3239 190 53 jusqu'au
1239 3245 45 38 25
1307 3246 95 49 mai,
1422 3248 158 52 époque
1601 3251 49 39 de
1669 3263 72 27 son
1757 3252 140 50 départ
1910 3268 106 37 pour

249 3296 182 37 Londres
452 3307 8 37 ;
482 3298 74 37 elle
579 3311 86 26 sera
687 3301 227 50 remplacée
942 3316 73 37 par
1034 3305 301 39 Mademoiselle
1357 3309 122 50 Lévy.

300 3438 195 38 Variétés.
609 3443 244 41 Fermeture
881 3446 36 39 le
952 3462 12 24 i
975 3462 10 14 e
987 3458 15 16 '
1024 3448 105 52 juin.
1162 3450 279 42 Réouverture
1473 3466 50 26 en
1556 3459 227 47 septembre
1811 3473 95 27 avec
1932 3476 82 26 une

246 3499 154 50 reprise
423 3500 49 37 de
496 3501 39 38 la
556 3503 115 38 Belle
691 3506 159 39 Hélène
856 3538 7 18 ,
888 3521 95 28 avec
1013 3512 188 38 Madame
1223 3513 119 38 Judic
1364 3514 99 39 dans
1490 3516 37 38 le
1550 3518 84 39 rôle
1663 3521 89 38 créé
1778 3535 72 37 par
1879 3526 110 37 Made-
