2296 3980
755 432 77 41 LA
864 430 391 51 CHRONIQUE
1291 425 319 45 MUSICALE

293 446 84 42 170

289 589 91 42 vait
400 588 123 43 avoir
543 606 8 34 ;
577 588 81 40 elle
679 586 154 42 écrivit
855 586 145 40 lettres
1026 600 71 26 sur
1122 586 167 48 lettres,
1322 584 110 41 forte
1456 582 51 41 de
1529 581 42 40 la
1592 579 157 56 justice
1771 576 56 41 de
1849 589 45 27 sa
1914 586 147 42 cause,

290 675 56 44 et,
370 673 244 32 contestant
631 664 159 49 même,
809 661 170 54 d'après
1002 659 62 41 les
1080 659 280 56 règlements,
1378 662 23 37 à
1420 657 62 41 M.
1503 656 49 41 de
1578 654 213 41 Rémusat
1815 651 41 41 le
1882 649 117 41 droit
2014 649 51 40 de

290 738 259 55 suspendre,
576 750 76 41 par
679 735 161 55 simple
875 734 153 53 arrêté,
1069 748 82 26 son
1181 733 167 41 service
1376 741 42 31 et
1451 744 65 28 ses
1545 727 361 57 appointements
1934 731 134 32 avant

289 813 204 55 l'époque
525 811 54 40 de
614 824 43 26 sa
690 809 202 55 pension,
920 824 19 21 ce
964 817 191 46 surtout,
1181 807 187 52 dit-elle,
1393 804 150 57 quand
1574 803 38 55 je
1635 800 92 43 suis
1763 811 157 31 encore
1957 796 111 41 dans

289 898 121 31 toute
433 887 41 40 la
497 885 116 41 force
633 884 52 41 de
707 897 105 28 mon
836 883 154 53 talent,
1023 893 39 31 et
1084 896 113 27 vous
1232 895 105 27 avez
1364 894 77 41 pu,
1467 877 252 53 monsieur,
1743 889 111 28 vous
1877 887 54 27 en
1955 885 84 28 con-

286 962 178 41 vaincre
480 960 109 49 hier,
613 960 108 40 dans
743 958 40 41 le
807 959 113 40 beau
937 971 76 41 pas
1031 957 54 40 de
1105 956 109 41 trois
1239 957 61 40 du
1323 956 175 40 dernier
1519 964 90 31 acte
1632 953 52 40 de
1715 950 173 55 Trajan
1896 981 8 9 .
1921 965 17 21 »
1968 946 98 41 Elle

287 1033 223 44 soutenait
532 1047 87 41 que
643 1032 63 41 M.
731 1032 54 41 de
810 1033 216 40 Rémusat
1054 1044 53 27 ne
1136 1028 189 57 pouvait
1360 1043 74 41 pas
1471 1027 188 55 prendre
1694 1035 64 31 cet
1792 1024 138 42 arrêté
1966 1035 100 28 sans

285 1124 87 27 une
395 1107 297 44 autorisation
715 1107 59 40 du
797 1105 167 42 conseil
988 1103 425 54 d'administration,
1438 1100 288 42 sanctionnée
1742 1113 78 41 par
1835 1098 40 40 le
1892 1094 170 44 conseil

283 1184 162 42 d'Etat.
471 1183 74 42 On
567 1181 63 42 lui
650 1181 49 42 fit
720 1181 105 41 bien
849 1181 98 40 voir
968 1180 39 41 le
1029 1179 237 54 contraire,
1294 1188 40 31 et
1357 1191 57 27 on
1440 1189 143 41 coupa
1615 1181 130 34 court
1775 1178 23 35 à
1828 1186 66 27 ses
1926 1171 115 41 récla-

283 1258 199 43 mations
504 1271 79 42 par
602 1258 41 40 la
663 1265 102 32 note
779 1255 206 41 suivante
1010 1271 7 24 :
1048 1271 18 21 «
1090 1252 189 43 L'arrêté
1297 1252 54 41 de
1369 1251 64 42 M.
1453 1251 53 40 de
1525 1250 216 40 Rémusat
1756 1247 311 42 relativement

283 1340 23 36 à
330 1332 338 43 mademoiselle
689 1330 207 42 Saulnier
917 1331 128 40 aînée
1066 1343 56 26 ne
1144 1338 106 45 peut
1270 1329 88 40 être
1381 1325 210 56 rapporté
1609 1338 9 34 ;
1643 1331 107 33 cette
1773 1334 169 29 mesure
1960 1334 23 26 a
1998 1319 67 41 été

287 1408 239 43 nécessitée
543 1422 78 41 par
638 1405 266 43 l'économie
924 1405 264 40 demandée,
1211 1403 63 41 La
1292 1402 190 41 réforme
1501 1400 54 40 de
1579 1397 336 43 mademoiselle
1939 1395 128 42 Sau'-

287 1484 95 41 nier
407 1483 118 42 avait
547 1485 65 39 été
638 1482 255 56 prononcée
924 1480 31 40 il
983 1494 29 41 y
1043 1494 24 26 a
1097 1486 94 48 sept
1219 1492 97 39 ans,
1343 1487 40 30 et
1405 1475 33 41 si
1464 1475 84 40 elle
1571 1475 69 40 n'a
1664 1487 76 41 pas
1764 1486 54 27 eu
1842 1485 82 27 son
1948 1469 115 52 effet,

287 1558 334 44 mademoiselle
639 1555 205 43 Saulnier
861 1555 96 41 doit
973 1555 90 40 cela
1078 1557 23 36 à
1118 1554 71 41 des
1207 1552 168 41 raisons
1398 1548 321 58 particulières.
1739 1564 18 22 »
1784 1546 83 42 Ces
1887 1545 180 41 raisons

283 1633 329 58 particulières
633 1632 177 42 avaient
833 1631 101 41 bien
958 1628 278 43 décidément
1259 1628 113 41 cessé
1390 1626 220 53 d'exister,
1637 1637 72 28 car
1731 1619 335 44 mademoiselle

286 1708 205 43 Saulnier
515 1707 63 43 fut
599 1708 126 55 rayée
748 1707 76 40 des
852 1705 215 41 contrôles
1093 1718 117 41 pour
1232 1702 171 42 l'année
1438 1717 11 25 i
1464 1701 81 40 Sls
1575 1699 68 42 :il
1673 1699 92 40 s'en
1796 1695 139 43 fallait
1956 1695 108 41 d'un

287 1799 57 27 an
367 1783 163 56 qu'elle
553 1786 74 39 eût
650 1783 37 40 le
707 1792 142 45 temps
871 1781 54 40 de
948 1779 163 42 service
1133 1778 83 42 fixé
1233 1791 113 43 pour
1367 1777 41 41 la
1428 1774 189 56 retraite,
1643 1781 42 34 et
1703 1773 51 41 de
1777 1771 106 55 cinq
1901 1769 162 57 qu'elle

289 1861 74 39 eût
383 1857 109 56 l'âge
512 1856 256 42 nécessaire.

348 1933 238 41 Revenons
602 1935 24 37 à
648 1931 42 40 la
713 1943 121 28 sœur
855 1929 177 53 cadette,
1052 1926 199 43 Victoire
1266 1924 220 56 Saulnier,
1509 1937 88 42 que
1618 1934 115 30 nous
1748 1933 141 29 avons
1907 1917 156 43 laissée

289 2007 160 56 simple
470 2006 166 42 double
658 2020 55 26 en
743 2006 123 55 1807.
900 2004 192 42 Comme
1126 2002 85 41 elle
1247 2000 104 42 était
1381 2000 99 42 loin
1507 1997 170 43 d'avoir
1705 1997 41 40 le
1774 1996 138 41 talent
1938 1995 52 39 de
2020 2006 45 27 sa

289 2097 118 27 sœur
429 2093 40 31 et
491 2081 158 57 qu'elle
677 2090 113 32 resta
814 2079 202 55 toujours
1045 2093 56 26 au
1131 2076 162 42 second
1322 2075 125 56 plan,
1479 2088 82 27 son
1592 2072 170 42 dossier
1785 2084 54 27 ne
1861 2070 202 55 présente

289 2171 90 42 pas,
403 2166 94 32 tant
518 2157 89 40 s'en
631 2155 108 54 faut,
762 2155 39 40 le
823 2156 144 39 même
989 2152 173 54 intérêt,
1186 2159 42 33 et
1249 2150 92 41 Fon
1363 2164 29 41 y
1413 2159 159 31 trouve
1596 2155 175 32 surtout
1791 2142 202 58 quantité
2014 2141 53 41 de

289 2231 240 41 demandes
551 2228 385 56 d'augmentation
967 2241 59 27 ou
1057 2226 54 41 de
1140 2223 316 58 gratification,
1498 2231 41 32 et
1571 2221 189 42 nombre
1794 2218 53 42 de
1875 2217 191 55 plaintes

283 2320 117 41 pour
417 2305 280 56 passe-droits
712 2304 100 55 plus
824 2317 58 26 ou
901 2301 150 42 moins
1067 2302 165 40 avérés.
1255 2300 69 40 En
1353 2299 130 48 1810,
1505 2294 338 44 mademoiselle
1865 2291 200 43 Victoire

283 2380 209 43 Saulnier
513 2379 145 42 arriva
678 2383 24 37 à
724 2378 89 42 être
835 2377 42 41 la
903 2376 188 41 seconde
1120 2375 75 41 des
1219 2373 204 54 doubles,
1449 2371 181 56 n'ayant
1657 2369 102 56 plus
1788 2368 165 40 devant
1980 2367 82 41 elle

283 2470 89 41 que
396 2470 45 26 sa
463 2454 232 42 camarade
721 2451 183 43 Félicité
932 2465 8 28 :
965 2451 80 41 elle
1068 2449 199 42 touchait
1289 2448 117 41 alors
1442 2448 40 50 3,
1490 2460 88 28 000
1604 2444 163 54 francs,
1803 2441 76 56 qui
1916 2441 151 42 furent

285 2531 258 55 augmentés
567 2529 54 40 de
646 2529 83 41 300
751 2528 173 40 l'année
946 2525 222 50 suivante,
1200 2523 103 57 puis
1328 2523 53 41 de
1409 2522 85 41 300
1526 2533 160 28 encore
1717 2533 54 26 en
1808 2518 131 41 1813.
1967 2517 98 41 Elle

287 2606 179 57 parvint
489 2604 120 42 enfin
637 2618 57 26 au
723 2602 190 56 premier
948 2615 111 40 rang
1096 2600 73 41 des
1201 2597 191 43 doubles
1421 2610 114 43 pour
1576 2595 75 42 181
1667 2595 39 54 5,
1744 2602 59 33 et
1819 2600 124 51 reçut
1977 2605 88 28 une

288 2679 300 58 gratification
609 2679 52 42 de
681 2692 85 42 400
785 2677 142 42 francs
951 2691 55 26 au
1030 2675 115 41 mois
1166 2674 52 41 de
1239 2673 186 56 janvier.

344 2756 118 43 C'est
496 2759 23 38 à
549 2762 109 34 cette
687 2755 175 54 époque
890 2750 168 57 précise
1080 2764 87 41 que
1190 2763 45 27 sa
1257 2762 119 28 sœur
1398 2747 126 42 aînée
1550 2744 104 43 était
1684 2743 112 44 mise
1830 2757 54 28 en
1919 2742 150 42 retrait

290 2829 228 57 d'emploi.
546 2828 334 42 Mademoiselle
902 2825 196 44 Victoire
1120 2824 174 41 adressa
1325 2822 388 42 immédiatement
1736 2833 85 27 une
1845 2816 221 42 demande

289 2922 57 28 au
368 2908 222 40 directeur
624 2906 54 41 de
709 2904 178 55 l'Opéra
922 2916 111 41 pour
1065 2900 178 42 obtenir
1278 2899 63 41 les
1371 2898 143 41 billets
1545 2910 87 42 que
1668 2909 82 27 son
1787 2894 126 41 aînée
1948 2891 120 42 avait

290 2982 154 56 quand
467 2981 82 41 elle
572 2980 106 42 était
699 2993 57 27 au
779 2978 185 41 théâtre,
994 2993 19 21 ce
1036 2975 51 41 Je
1109 2974 84 42 sais
1217 2973 121 54 bien,
1363 2971 187 54 dit-elle,
1576 2983 84 42 que
1681 2970 101 40 c'est
1806 2982 90 27 une
1913 2967 155 41 faveur

289 3071 87 42 que
396 3056 39 56 je
458 3055 205 53 sollicite,
682 3053 191 57 puisque
895 3051 39 56 je
957 3051 86 40 n'ai
1066 3049 132 56 point
1214 3063 45 27 sa
1280 3048 123 56 place
1421 3061 11 41 ;
1458 3045 112 43 mais
1588 3057 173 29 comme
1776 3042 37 55 je
1828 3043 40 41 la
1885 3042 183 55 remplis

290 3140 42 33 et
359 3145 86 42 que
483 3131 40 56 je
556 3130 80 41 fais
665 3138 96 33 tout
790 3141 46 28 ce
864 3126 79 56 qui
978 3125 170 55 dépend
1180 3124 53 41 de
1262 3123 95 41 moi
1386 3135 112 42 pour
1528 3133 70 27 me
1626 3119 157 40 rendre
1811 3117 127 53 utile,
1960 3116 109 55 j'ose

292 3208 186 54 espérer,
504 3204 247 54 monsieur,
774 3215 87 43 que
875 3215 113 27 vous
1005 3213 72 28 me
1092 3213 116 27 serez
1231 3196 239 43 favorable.
1497 3192 236 44 Monsieur
1755 3191 176 52 Gardel,
1951 3190 118 56 quia

292 3295 54 27 eu
370 3281 42 40 la
434 3281 131 41 bonté
588 3280 54 41 de
670 3291 111 29 vous
809 3274 242 43 demander
1084 3271 283 58 quelquefois
1404 3270 73 41 des
1508 3269 148 41 billets
1690 3281 116 42 pour
1841 3266 109 57 moi,
1982 3267 87 40 m'a

292 3355 214 41 enhardie
528 3359 23 36 à
582 3368 100 28 /ous
698 3352 109 42 faire
822 3361 108 31 cette
949 3348 305 54 réclamation,
1281 3346 103 41 bien
1401 3347 76 39 sûr
1494 3357 87 42 que
1599 3357 109 28 vous
1724 3356 130 27 aurez
1875 3341 41 41 la
1933 3342 135 40 bonté

292 3428 53 41 de
367 3442 71 27 me
459 3427 250 43 l'accorder.
734 3443 24 23 »
783 3425 97 42 Elle
903 3438 55 27 ne
981 3424 90 40 s'en
1094 3422 88 43 tint
1202 3435 77 42 pas
1311 3420 43 40 là
1381 3418 242 53 d'ailleurs,
1649 3426 42 32 et
1709 3417 218 41 demanda
1949 3415 120 42 aussi

291 3507 25 38 à
338 3502 88 43 être
448 3503 260 55 augmentée
730 3514 55 28 en
807 3500 267 54 s'appuyant
1096 3510 75 28 sur
1185 3509 48 31 ce
1251 3508 87 43 que
1357 3510 19 23 cc
1399 3493 41 42 la
1463 3492 176 43 retraite
1660 3492 61 42 du
1744 3491 192 57 premier
1951 3504 89 29 rem-
