2296 3980
727 461 76 40 LE
834 449 300 53 COMPÈRE
1167 460 80 42 DE
1280 461 80 41 LA
1391 461 182 43 MORT

1943 468 76 42 161

270 606 66 41 lui
361 621 87 28 une
465 608 160 56 longue
650 609 185 41 enfilade
867 609 279 42 d'immenses
1169 610 181 55 galeries
1371 617 57 36 où
1460 611 216 43 brillaient
1706 613 72 41 des
1810 615 213 43 milliards

270 682 53 42 de
347 683 177 56 lampes.

331 757 35 42 Il
386 772 28 41 y
435 758 117 41 avait
571 757 73 40 des
665 757 164 54 lampes
845 758 109 50 d'or,
973 759 73 40 des
1062 759 165 55 lampes
1248 760 51 40 de
1320 760 197 53 vermeil,
1535 762 71 40 des
1628 761 164 55 lampes
1814 762 211 54 d'argent,

273 831 71 41 des
366 832 164 53 lampes
552 831 52 40 de
637 830 163 49 cuivre,
835 833 74 39 des
943 832 167 56 lampes
1143 833 199 53 d'airain,
1378 836 75 40 des
1487 836 164 55 lampes
1686 837 51 40 de
1773 837 126 40 blanc
1937 837 88 48 fer;

274 905 107 53 bref,
404 905 72 40 des
498 905 165 54 lampes
691 905 51 40 de
771 914 104 33 tout
903 908 145 50 métal,
1085 907 152 56 depuis
1265 909 37 41 le
1331 910 100 54 plus
1463 912 201 54 précieux
1695 910 205 56 jusqu'au
1930 911 99 55 plus

274 979 76 40 vil.

331 1051 112 41 Elles
465 1052 159 41 étaient
653 1053 193 54 pendues
881 1058 23 37 à
936 1054 41 42 la
1014 1059 146 49 voûte,
1199 1059 249 41 accrochées
1477 1073 85 27 aux
1596 1074 134 36 murs,
1764 1060 167 54 étagées
1955 1074 74 27 sur

271 1125 72 41 des
366 1126 180 54 gradins
567 1127 50 40 de
642 1128 231 55 porphyre,
912 1137 56 46 et,
1001 1131 130 41 chose
1160 1131 255 56 singulière,
1438 1133 118 41 leurs
1577 1134 152 40 clartés
1761 1148 53 26 ne
1848 1148 44 26 se
1923 1147 80 27 con-

272 1199 226 43 fondaient
523 1208 129 47 point
677 1215 8 28 :
717 1214 58 30 on
807 1202 260 56 distinguait
1089 1219 97 27 sans
1215 1206 131 54 peine
1371 1206 40 41 le
1441 1216 320 46 rayonnement
1783 1208 51 40 de
1856 1208 173 53 chaque

270 1274 164 55 lampe.

402 1350 222 51 Qu'est-ce
646 1365 86 41 que
753 1352 103 53 cela,
881 1352 141 54 Jésus,
1045 1366 105 41 myn
1175 1353 97 42 God
1293 1357 16 38 ?
1332 1354 50 41 fit
1402 1355 357 56 Jean-Philippe.

399 1423 72 42 Tu
494 1424 94 40 vois
608 1425 60 40 les
684 1425 165 54 lampes
870 1424 51 41 de
936 1435 99 31 tous
1051 1426 60 40 les
1131 1427 193 41 mortels.
1347 1427 99 42 Ceci
1463 1437 61 33 est
1538 1430 42 41 le
1599 1430 138 54 grand
1754 1430 271 56 lampadaire

269 1497 51 40 de
345 1498 40 40 la
407 1498 84 40 vie.
517 1498 166 50 Quand
707 1511 85 27 une
816 1498 53 40 de
892 1512 67 27 ces
982 1499 207 41 lumières
1216 1501 121 41 vient
1357 1505 23 37 à
1403 1503 185 54 mourir,
1625 1503 101 41 c'est
1762 1504 139 55 qu'un
1937 1505 88 42 être

269 1571 95 40 doit
382 1571 231 40 s'éteindre
635 1571 181 42 là-haut.

392 1644 91 42 Ah!
509 1658 86 41 que
616 1645 101 41 c'est
738 1646 205 41 curieux!
969 1646 129 42 Ainsi
1121 1647 58 41 les
1203 1648 167 55 lampes
1394 1649 180 43 d'or?...

396 1719 111 41 Sont
528 1719 59 40 les
610 1720 163 55 lampes
795 1720 73 41 des
890 1721 85 40 rois
996 1737 9 32 ;
1030 1721 61 41 les
1121 1721 169 55 lampes
1317 1724 53 40 de
1397 1724 198 52 vermeil,
1627 1725 74 41 des
1731 1725 171 55 princes
1920 1740 11 37 ;
1966 1726 59 41 les

268 1792 166 55 lampes
453 1794 214 52 d'argent,
688 1794 71 40 des
783 1794 107 40 ducs
909 1810 8 33 ;
942 1794 60 41 les
1025 1795 167 54 lampes
1213 1796 51 40 de
1284 1797 160 51 cuivre,
1463 1798 74 40 des
1559 1808 166 31 comtes
1746 1815 8 36 ;
1780 1808 40 31 et
1839 1799 112 41 ainsi
1973 1799 52 40 de

268 1867 113 41 suite
402 1867 234 54 jusqu'aux
658 1867 165 56 lampes
847 1868 53 41 de
924 1869 78 50 fer,
1026 1869 76 55 qui
1126 1881 101 29 sont
1248 1870 59 40 les
1328 1870 163 56 lampes
1511 1872 60 40 du
1595 1886 134 27 menu
1751 1873 167 55 peuple.

327 1940 61 40 Le
409 1954 98 41 gros
529 1942 165 39 censier
715 1956 42 26 se
780 1955 210 41 promena
1022 1943 192 54 quelque
1248 1951 144 48 temps
1423 1959 101 27 avec
1561 1946 300 43 ravissement.
1897 1947 34 42 Il
1959 1962 44 27 re-

270 2027 183 41 marqua
477 2014 59 40 les
559 2014 168 55 lampes
752 2015 50 40 de
824 2015 220 54 plusieurs
1066 2018 83 39 très
1171 2016 129 42 hauts
1324 2028 39 30 et
1385 2022 85 37 très
1495 2020 277 54 orgueilleux
1803 2021 222 54 seigneurs

270 2088 137 54 qu'on
432 2088 141 40 aurait
595 2101 125 27 crues
743 2088 166 54 pleines
931 2089 167 41 d'huile
1119 2098 40 32 et
1180 2090 107 41 dont
1310 2091 62 40 les
1394 2092 262 54 lumignons
1676 2095 348 58 commençaient

271 2164 22 37 à
315 2162 161 54 rougir.
503 2162 69 41 En
601 2162 191 55 général,
817 2163 198 41 c'étaient
1043 2163 61 41 les
1131 2164 99 54 plus
1257 2164 140 42 riches
1425 2166 79 54 qui
1531 2166 247 44 donnaient
1806 2168 41 41 le
1879 2168 144 42 moins

268 2236 51 39 de
341 2235 144 41 clarté.

322 2307 122 42 Celle
467 2307 52 41 de
540 2316 146 36 toutes
703 2308 95 55 qui,
820 2323 99 26 sans
941 2311 232 52 contredit,
1198 2311 161 42 brillait
1382 2312 52 41 de
1454 2312 143 43 l'éclat
1625 2314 39 41 le
1690 2314 98 56 plus
1815 2314 78 55 vif,
1925 2315 101 41 était

270 2395 62 27 un
354 2381 130 43 vieux
507 2389 40 34 et
571 2382 229 41 misérable
822 2383 222 41 crassetde
1066 2384 136 41 forme
1223 2386 197 55 antique.
1445 2387 339 56 Jean-Philippe
1805 2397 220 34 reconnut

274 2456 41 41 la
337 2456 147 55 lampe
506 2455 165 41 d'lsaac
695 2457 269 54 Laquedem.

324 2530 164 50 Quand
509 2544 63 26 ses
594 2544 115 40 yeux
731 2539 154 32 eurent
908 2544 117 27 assez
1045 2531 97 54 joui
1164 2532 51 41 de
1237 2547 44 26 ce
1303 2535 213 54 spectacle
1540 2549 9 28 :

394 2603 109 40 Mon
527 2605 216 53 compère,
768 2603 130 52 dit-il,
924 2603 38 55 je
985 2605 206 41 voudrais
1216 2606 103 41 bien
1350 2608 96 41 voir
1472 2609 59 41 les
1559 2609 167 55 lampes
1748 2610 70 40 des
1839 2623 104 40 gens
1962 2610 60 41 du

272 2676 378 50 Quesne-Raoult,

398 2750 221 41 Première
642 2749 174 55 galerie,
846 2751 223 40 troisième
1091 2753 183 53 section,
1298 2756 22 38 à
1343 2755 181 53 gauche.

330 2825 57 40 Et
408 2824 41 41 la
470 2824 122 41 Mort
613 2837 42 27 se
682 2823 82 42 mit
783 2828 23 37 à
830 2825 185 41 rabattre
1039 2839 44 28 sa
1107 2827 116 40 faux.

331 2899 75 40 Les
430 2911 134 41 coups
586 2897 50 41 de
657 2905 201 34 marteau
881 2912 42 26 se
945 2899 275 41 succédaient
1243 2914 53 27 en
1319 2903 196 49 cadence,
1535 2910 56 46 et,
1610 2904 52 40 de
1684 2912 141 46 temps
1841 2905 22 38 à
1885 2914 140 42 autre,

274 2986 86 27 une
381 2972 292 40 exclamation
695 2972 52 40 de
771 2972 191 54 surprise
985 2986 58 27 ou
1067 2987 61 26 un
1152 2974 105 41 éclat
1277 2975 51 40 de
1350 2977 84 40 rire
1455 2977 261 42 retentissait
1737 2978 108 40 dans
1868 2977 40 42 la
1930 2991 70 41 pre-

275 3046 136 41 mière
441 3045 175 54 galerie.
658 3045 155 41 C'était
852 3045 39 41 le
934 3046 182 42 résultat
1154 3048 71 40 des
1267 3050 282 42 découvertes
1585 3052 52 40 de
1674 3052 350 54 Jean-Philippe.

273 3119 195 42 Soudain
491 3119 32 40 il
546 3130 177 45 reparut
745 3129 96 32 tout
858 3119 139 41 effaré.

402 3193 232 55 Compère,
659 3193 100 41 fit-il
782 3193 424 55 mystérieusement,
1237 3196 39 55 je
1307 3198 120 41 viens
1455 3212 111 29 vous
1601 3198 202 55 prévenir
1834 3213 85 40 que
1954 3213 71 28 ma

273 3266 144 54 lampe
439 3266 160 43 baisse.

401 3340 49 40 Je
470 3340 40 40 le
529 3340 83 41 sais
637 3340 119 55 bien,
780 3341 106 55 fieu,
911 3342 63 42 dit
995 3343 39 41 la
1058 3343 120 41 Mort
1199 3358 99 27 sans
1321 3360 41 27 se
1385 3347 225 54 déranger.

402 3413 153 40 Ah!...
588 3412 47 42 fit
665 3413 39 41 le
731 3428 101 40 gros
862 3415 179 55 censier,
1073 3417 164 54 surpris
1268 3419 52 40 de
1357 3434 44 26 sa
1435 3420 287 55 tranquillité.
1762 3420 165 42 C'est-il
1965 3434 61 28 un

274 3484 123 54 signe
430 3499 85 39 que
540 3485 38 53 je
595 3487 92 41 vais
710 3488 251 43 bientôt?...
