2296 3980
770 428 79 42 LA
880 426 388 51 CHRONIQUE
1301 425 323 44 MUSICALE

315 445 76 43 172

306 582 218 51 nouvelle,
553 594 54 27 en
634 578 173 57 janvier
849 578 129 53 1820,
1008 577 81 40 elle
1117 576 157 42 écrivit
1296 592 56 26 au
1369 575 315 43 surintendant
1707 574 74 40 des
1805 573 159 40 Menus
1988 585 88 28 une

306 659 127 41 lettre
456 668 188 44 presque
668 653 235 41 touchante
924 665 78 42 par
1024 665 78 27 son
1123 651 168 42 sincère
1307 651 100 42 élan
1431 650 349 56 d'indignation.
1809 648 67 42 En
1896 646 119 42 voici
2039 646 39 41 le

308 733 152 41 début.

364 825 19 22 «
410 805 232 44 Monsieur
664 804 39 42 le
727 813 158 39 comte,
910 814 110 28 vous
1047 814 119 28 serez
1195 815 98 28 sans
1319 802 136 42 doute
1489 801 102 43 bien
1626 799 161 43 étonné
1827 811 88 42 que
1947 795 41 57 je
2024 809 54 28 ne

305 881 195 57 réponde
527 877 362 59 qu'aujourd'hui
909 882 23 36 à
952 876 42 41 la
1016 875 124 44 lettre
1161 889 85 42 que
1272 876 73 55 j'ai
1369 890 129 41 reçue
1517 877 53 40 de
1593 875 63 42 M.
1675 876 39 41 le
1731 881 144 35 comte
1899 873 51 40 de
1972 872 82 41 Pra-

302 957 86 52 del,
412 954 112 43 mais
538 954 40 41 le
595 967 117 41 coup
734 952 86 42 m'a
843 952 63 40 été
929 951 35 41 si
988 950 193 42 sensible
1204 958 42 34 et
1267 950 35 41 si
1326 964 87 42 peu
1434 950 194 55 attendu,
1654 949 111 57 qu'il
1788 945 206 45 m'aurait
2013 945 66 41 été

303 1028 260 58 impossible
586 1027 54 41 de
657 1041 114 27 vous
792 1025 141 42 écrire
954 1025 100 56 plus
1078 1027 66 40 tôt
1166 1034 41 33 et
1233 1039 93 27 mes
1345 1024 153 56 esprits
1517 1024 162 42 étaient
1695 1023 227 42 tellement
1939 1020 137 56 agités

303 1117 87 41 que
419 1103 40 55 je
495 1101 193 42 n'aurais
713 1115 59 42 pu
803 1114 111 28 vous
942 1100 224 55 exprimer
1203 1113 93 27 mes
1327 1100 181 55 pensées
1543 1109 41 31 et
1612 1112 72 27 me
1718 1096 200 58 plaindre
1940 1096 136 40 d'une

301 1177 209 55 injustice
525 1178 75 54 qui
621 1176 71 40 n'a
715 1189 76 42 pas
808 1174 254 56 d'exemple.
1082 1175 49 40 Je
1154 1187 111 28 vous
1282 1173 110 55 prie,
1411 1173 231 41 monsieur
1656 1173 40 40 le
1720 1180 160 47 comte,
1905 1168 174 43 d'avoir

299 1253 42 40 la
365 1252 136 41 bonté
530 1251 52 41 de
607 1259 150 48 porter
779 1263 93 28 mes
891 1248 192 57 plaintes
1112 1256 41 33 et
1176 1262 92 27 mes
1290 1248 311 41 réclamations
1623 1261 56 27 au
1703 1246 207 41 ministre
1947 1254 41 31 et
2023 1242 54 41 de

298 1328 66 43 lui
386 1328 91 41 dire
499 1340 87 42 que
609 1326 38 56 je
670 1327 219 54 n'accepte
916 1324 128 57 point
1066 1324 54 42 de
1148 1334 131 46 quart
1307 1324 45 41 ni
1384 1323 52 41 de
1463 1320 346 55 demi-pension,
1835 1332 128 43 parce
1993 1330 88 43 que

303 1406 38 54 je
363 1403 92 43 suis
478 1416 54 28 en
567 1403 86 40 état
687 1401 54 40 de
774 1400 42 41 la
845 1413 167 42 gagner
1035 1408 96 33 tout
1153 1399 182 40 entière.
1366 1397 256 54 Intendant,
1648 1395 368 42 administrateur
2038 1402 42 33 et

302 1481 178 41 maîtres
504 1477 52 41 de
580 1475 156 42 ballets
758 1477 125 39 n'ont
904 1474 95 42 rien
1018 1478 24 37 à
1065 1487 70 28 me
1160 1473 235 56 reprocher
1413 1486 10 41 ;
1444 1472 70 54 j'ai
1539 1471 200 55 toujours
1769 1469 79 42 fait
1872 1482 105 28 mon
2002 1467 51 42 de-

299 1553 101 42 voir
419 1553 56 41 tel
498 1551 112 56 qu'il
632 1550 85 41 m'a
750 1550 66 42 été
847 1550 114 40 tracé
982 1562 77 42 par
1094 1562 113 27 vous
1242 1559 40 30 et
1315 1546 392 43 l'administration
1726 1561 10 36 ;
1760 1558 112 28 vous
1906 1543 171 41 m'avez

300 1629 203 43 ordonné
525 1628 52 40 de
599 1626 124 41 céder
746 1638 91 28 mes
861 1638 75 41 pas
960 1634 40 31 et
1023 1623 53 42 de
1102 1637 69 27 me
1187 1637 231 28 conserver
1441 1636 91 27 mes
1554 1622 128 55 rôles,
1707 1620 75 57 j'ai
1805 1619 101 43 obéi
1931 1621 24 40 à
1977 1628 100 32 tous

298 1719 77 28 vos
397 1703 163 49 ordres,
592 1700 112 43 ainsi
741 1714 112 28 vous
887 1714 55 27 ne
974 1712 174 42 pouvez
1180 1712 70 28 me
1279 1698 233 56 reprocher
1534 1698 53 41 de
1611 1711 54 27 ne
1686 1710 75 42 pas
1782 1696 156 40 danser
1959 1709 8 27 :
1993 1708 81 27 vos

298 1779 127 42 écrits
445 1779 95 40 font
557 1776 57 42 foi
633 1785 40 32 et
688 1775 39 55 je
744 1775 60 41 les
820 1773 247 57 produirai,
1087 1772 200 57 lorsqu'il
1310 1787 53 26 en
1380 1786 92 27 sera
1489 1782 141 45 temps
1647 1787 10 37 ;
1682 1771 35 42 si
1733 1784 113 28 vous
1869 1783 72 28 me
1958 1768 95 42 refu-

299 1869 70 27 sez
388 1855 40 39 la
450 1851 157 57 justice
630 1863 89 42 que
741 1848 204 56 j'attends
967 1848 52 41 de
1040 1862 126 38 vous,
1193 1847 230 41 monsieur
1445 1847 40 41 le
1508 1856 162 44 comte,
1693 1846 38 54 je
1752 1845 41 41 la
1815 1842 255 44 réclamerai

298 1935 198 49 partout,
524 1924 111 56 j'irai
654 1926 160 51 même,
832 1923 68 41 s'il
923 1923 37 41 le
983 1921 111 55 faut,
1113 1922 207 54 jusqu'au
1339 1920 65 42 roi
1422 1920 79 56 qui
1520 1934 53 27 ne
1589 1920 40 41 la
1646 1920 143 41 refuse
1804 1922 24 37 à
1850 1929 224 45 personne

299 2013 42 31 et
363 2008 176 36 surtout
561 2003 24 38 à
602 2013 87 28 une
713 1998 163 41 femme
901 1996 77 56 qui
999 2005 63 34 est
1084 1996 312 41 malheureuse
1418 2009 80 42 par
1517 1993 241 57 l'injustice
1858 2010 19 21 »

355 2077 62 42 La
440 2078 186 53 réponse
649 2074 52 42 de
724 2072 221 43 l'autorité
968 2070 255 58 supérieure
1246 2081 62 31 est
1330 2069 129 43 écrite
1488 2084 76 27 sur
1585 2069 43 42 la
1650 2069 182 55 requête
1856 2067 146 42 même
2024 2067 53 41 de

296 2155 41 41 la
359 2154 217 42 danseuse
600 2149 224 45 :«M.de
848 2149 60 41 La
936 2148 127 42 Ferté
1084 2162 24 27 a
1131 2146 129 43 remis
1282 2147 40 40 la
1345 2146 141 43 lettre.
1576 2145 63 42 M.
1667 2145 40 42 le
1730 2154 142 33 comte
1894 2144 53 41 de
1973 2144 80 41 Pra-

298 2229 71 42 del
406 2227 236 43 maintient
678 2239 45 28 sa
759 2223 213 42 décision.
1076 2222 87 42 Les
1200 2223 180 40 maîtres
1420 2221 54 41 de
1505 2220 132 42 ballet
1675 2233 55 28 ne
1764 2220 43 41 la
1842 2217 236 43 vouloient

296 2317 87 41 que
419 2315 112 43 pour
567 2301 41 41 la
639 2298 291 58 pantomime,
965 2311 47 27 ce
1045 2311 54 27 ne
1140 2305 109 47 peut
1289 2297 88 40 être
1419 2310 62 27 un
1519 2309 134 41 genre
1688 2295 149 55 séparé
1871 2293 53 42 de
1959 2291 118 44 celui

296 2379 53 41 de
372 2377 174 41 danser.
574 2392 18 23 »
612 2374 286 42 L'exécution
919 2372 54 41 de
990 2382 64 31 cet
1069 2373 112 40 arrêt
1200 2371 69 41 fut
1284 2369 245 57 cependant
1552 2369 198 41 retardée
1769 2369 53 40 de
1838 2368 116 41 deux
1971 2381 80 27 ans
2065 2378 11 31 :

292 2454 44 42 le
365 2452 84 41 duc
479 2451 53 42 de
562 2451 87 42 8...
679 2447 302 58 protégeait-il
1000 2460 155 28 encore
1173 2445 332 42 mademoiselle
1527 2443 286 43 Saulnierou
1835 2442 244 42 alla-t-elle

297 2529 214 43 réclamer
531 2526 240 56 jusqu'aux
793 2523 124 57 pieds
940 2522 61 43 du
1032 2521 82 53 roi,
1145 2519 209 57 toujours
1375 2519 115 42 est-il
1515 2518 163 57 qu'elle
1699 2528 112 32 resta
1841 2521 25 38 à
1895 2517 183 55 l'Opéra

295 2629 7 6 •
314 2605 189 55 usqu'en
531 2601 111 43 1822
664 2615 8 26 :
697 2600 81 42 elle
807 2599 67 42 fut
896 2597 247 43 seulement
1162 2596 127 56 rayée
1310 2594 75 42 des
1407 2596 109 40 états
1538 2605 121 31 entre
1674 2592 100 57 juin
1797 2601 43 35 et
1861 2591 145 57 juillet
2023 2591 55 42 de

298 2687 108 34 cette
429 2678 157 41 année.

358 2754 75 42 Un
456 2751 174 43 dernier
651 2751 198 41 membre
870 2750 50 41 de
945 2749 40 42 la
1009 2747 167 43 famille
1198 2745 230 44 Saulnier:
1456 2744 185 44 celui-là
1666 2744 105 43 était
1791 2744 209 42 donneur
2023 2742 55 42 de

298 2835 358 48 contremarques
677 2839 56 28 au
758 2835 208 46 parterre,
986 2837 87 28 aux
1098 2822 357 57 appointements
1472 2820 52 42 de
1541 2820 89 41 600
1649 2819 150 42 livres.
1827 2819 38 41 Il
1889 2818 112 42 était
2024 2819 55 40 né

299 2918 55 28 en
383 2904 130 55 1731,
536 2902 106 42 était
663 2900 121 44 entré
802 2903 24 37 à
847 2899 183 55 l'Opéra
1054 2912 55 28 en
1136 2898 89 42 Pan
1244 2898 98 42 Xet
1357 2897 40 42 le
1414 2895 146 58 quitta
1580 2909 57 28 au
1655 2904 187 32 courant
1861 2893 55 42 de
1945 2894 109 41 1808
2067 2923 9 12 ♦

300 2979 63 41 Ce
385 2975 268 58 respectable
675 2974 222 56 vieillard,
928 2974 78 55 qui
1033 2972 120 44 avait
1181 2986 61 43 pu
1270 2972 99 41 voir
1395 2970 153 42 défiler
1576 2977 124 34 toute
1728 2977 112 34 cette
1872 2968 209 57 dynastie

300 3052 228 54 dansante,
552 3050 105 42 était
679 3063 100 29 sans
802 3049 134 42 doute
957 3048 39 42 le
1018 3048 101 56 plus
1140 3047 175 54 obscur,
1352 3045 113 42 mais
1484 3057 91 29 non
1597 3043 40 42 le
1658 3043 150 43 moins
1830 3044 249 41 honorable

296 3128 312 54 représentant
630 3126 61 41 du
716 3125 112 42 beau
853 3137 106 29 nom
983 3123 53 42 de
1057 3122 223 43 Saulnier.

1223 3248 308 47 ADOLPHE
1560 3248 288 45 JULLIEN.
