2296 3980
381 370 79 41 168

834 373 78 43 LA
941 373 390 53 CHRONIQUE
1364 374 321 44 MUSICALE

430 523 73 39 Au
534 537 12 26 i
557 530 30 16 ev
609 523 171 55 janvier
805 525 128 53 1808,
952 526 38 41 le
1005 525 215 42 directeur
1243 527 174 55 prévint
1434 526 322 43 mademoiselle
1772 525 203 42 Saulnier
1990 525 157 41 l'aînée

373 596 160 54 qu'elle
553 598 106 42 était
680 600 216 54 comprise
915 600 143 54 parmi
1081 600 59 41 les
1162 601 166 41 artistes
1347 601 229 42 réformées
1600 616 113 41 pour
1735 602 172 41 l'année
1928 600 76 54 qui
2021 614 95 28 com-

374 672 206 59 mençait,
606 687 54 26 en
678 686 84 29 vue
785 673 293 42 d'économies
1101 679 22 36 à
1147 675 121 42 faire.
1302 676 302 43 Réclamation
1630 676 50 41 de
1702 676 40 41 la
1763 675 212 41 danseuse
1992 676 155 54 auprès

372 746 60 42 du
456 748 179 47 conseil,
661 758 41 30 et
735 749 182 54 réponse
940 748 60 41 du
1021 749 216 42 directeur
1257 750 65 41 lui
1347 750 228 55 signifiant
1600 765 86 42 que
1714 751 97 42 rien
1846 764 55 27 ne
1924 758 104 47 peut
2058 750 89 40 être

373 821 167 55 changé
559 835 87 28 aux
668 821 286 56 dispositions
978 823 133 54 prises
1133 838 113 41 pour
1268 833 108 34 cette
1398 827 157 41 année.
1586 828 62 40 La
1676 826 214 41 danseuse
1914 839 54 27 ne
1996 838 43 26 se
2060 823 87 43 tint

373 910 74 41 pas
469 910 110 41 pour
602 898 148 40 battue
774 908 40 31 et
836 911 260 29 manœuvra
1118 899 34 41 si
1176 899 99 42 bien
1298 900 158 54 qu'elle
1478 899 50 43 fit
1548 903 221 54 révoquer
1789 910 67 32 cet
1877 900 137 41 arrêté
2034 899 88 41 irré-

372 970 196 54 vocable,
602 985 60 28 ou
696 972 61 41 du
780 972 147 42 moins
949 972 157 55 qu'elle
1128 987 53 27 en
1209 972 49 43 fit
1279 974 240 56 suspendre
1546 975 262 41 l'exécution
1832 992 18 21 «
1869 974 255 56 provisoire-

370 1052 120 34 ment
523 1053 41 34 et
584 1045 192 57 jusqu'à
797 1049 159 40 nouvel
983 1048 138 42 ordre
1127 1082 8 19 ,
1163 1064 18 23 »
1214 1049 133 41 disait
1368 1049 37 41 le
1433 1059 112 31 texte
1566 1050 53 40 de
1639 1050 41 41 la
1702 1050 153 52 lettre;
1884 1068 18 21 «
1932 1049 191 53 indéfini-

371 1125 120 35 ment
514 1136 18 22 »
567 1120 278 56 pensait-elle
874 1136 89 28 non
989 1136 100 28 sans
1113 1122 162 43 raison.
1314 1123 95 41 Elle
1430 1123 134 54 avait,
1598 1124 215 55 paraît-il,
1849 1124 52 41 de
1923 1123 226 55 puissants

371 1203 290 46 protecteurs,
683 1209 69 28 car
774 1197 113 41 voici
912 1211 47 27 ce
979 1211 85 41 que
1086 1198 63 41 M.
1175 1198 52 41 de
1253 1197 213 43 Rémusat
1487 1197 197 56 écrivait,
1703 1212 100 26 sans
1825 1205 98 48 trop
1942 1197 203 56 préciser,

370 1271 25 39 à
421 1269 169 49 Picard,
614 1270 39 40 le
681 1285 13 26 i
705 1276 29 17 er
756 1273 108 40 août
883 1286 55 27 :«
966 1271 36 41 Il
1024 1271 107 54 faut,
1157 1286 106 28 mon
1295 1273 104 41 cher
1420 1273 236 53 directeur,
1687 1271 244 56 suspendre
1952 1272 171 41 l'exécu-

372 1343 91 41 tion
487 1344 53 40 de
562 1343 171 43 l'arrêté
756 1345 77 53 qui
854 1346 188 41 réforme
1065 1346 332 42 mademoiselle
1420 1346 144 42 Marie
1590 1346 230 53 Saulnier;
1844 1346 79 42 des
1944 1345 178 42 considé-

371 1418 175 42 rations
584 1422 93 39 très
701 1421 261 53 puissantes
996 1435 114 28 nous
1143 1435 54 27 en
1229 1421 97 42 font
1360 1435 88 28 une
1482 1420 267 56 obligation;
1792 1421 233 52 d'ailleurs,
2065 1434 79 27 son

372 1493 185 41 absence
579 1494 61 41 du
662 1494 166 42 théâtre
851 1496 196 54 pourrait
1068 1495 129 42 nuire
1224 1509 55 28 en
1302 1509 47 28 ce
1372 1503 200 34 moment
1602 1510 58 26 au
1688 1495 249 55 répertoire.
1977 1496 168 40 Prenez

371 1566 41 43 la
432 1581 175 28 mesure
630 1582 87 41 que
740 1583 109 28 vous
872 1570 160 41 croirez
1055 1570 41 42 la
1124 1571 100 55 plus
1259 1570 275 42 convenable
1557 1571 108 40 dans
1695 1577 123 34 votre
1839 1583 167 41 sagesse
2027 1583 118 42 pour

379 1642 267 42 l'exécution
670 1643 53 42 de
745 1658 47 27 ce
816 1645 165 41 nouvel
1003 1652 323 49 arrangement,
1352 1645 94 55 qui,
1470 1645 60 41 du
1550 1654 128 40 reste,
1701 1658 54 27 ne
1777 1645 169 53 change
1969 1644 94 41 rien
2086 1658 57 28 au

369 1719 155 41 renvoi
546 1719 74 41 des
641 1729 144 32 autres
806 1732 242 43 personnes
1070 1721 111 41 dont
1202 1720 40 42 la
1264 1720 170 42 retraite
1451 1734 24 28 a
1499 1721 69 42 été
1589 1720 270 55 prononcée,
1883 1731 40 30 et
1945 1719 95 55 qui,
2065 1732 78 42 par

372 1794 293 54 conséquent,
691 1795 184 42 doivent
897 1810 44 27 se
962 1797 166 43 retirer.
1153 1813 22 24 »

426 1868 334 42 Mademoiselle
782 1870 205 42 Saulnier
1007 1872 39 40 le
1062 1871 90 56 prit
1175 1872 73 41 dès
1270 1872 86 41 lors
1380 1872 54 41 de
1454 1872 122 44 haut.
1606 1872 372 42 Non-seulement
1997 1873 80 42 elle
2097 1887 43 28 se

369 1939 50 42 fit
451 1941 181 43 rétablir
665 1942 111 42 dans
808 1943 42 42 la
872 1945 172 41 totalité
1078 1945 72 41 des
1183 1946 353 54 appointements
1564 1947 78 55 qui
1674 1947 175 41 avaient
1870 1960 141 28 couru

367 2013 106 43 dant
506 2016 60 40 les
595 2017 65 41 six
694 2017 118 42 mois
846 2018 52 41 de
932 2019 279 54 suspension,
1244 2019 110 41 mais
1387 2019 81 42 elle
1489 2020 220 55 prétendit
1729 2019 117 56 jouir
1876 2020 52 41 de
1951 2031 97 32 tous
2078 2035 64 28 ses

367 2089 136 42 droits
522 2103 10 30 :
570 2091 118 42 étant
720 2092 190 54 premier
945 2094 358 55 remplacement,
1340 2094 81 42 elle
1452 2095 158 42 voulut
1637 2095 186 41 doubler
1848 2096 118 40 seule
1989 2096 124 40 made-

367 2165 204 42 moiselle
603 2166 189 42 Clotilde
830 2184 18 22 «
872 2182 99 27 sans
1003 2169 86 41 être
1113 2169 224 55 assujettie
1358 2174 22 36 à
1410 2185 62 26 un
1505 2171 160 41 second
1695 2180 179 47 partage
1903 2185 102 28 avec
2027 2171 117 42 deux

367 2240 251 42 camarades
641 2240 280 43 subalternes
939 2242 120 42 telles
1082 2257 86 41 que
1186 2243 329 41 mademoiselle
1535 2244 200 43 Victoire
1751 2254 42 33 et
1815 2246 329 41 mademoiselle

366 2313 159 42 Gailet.
564 2329 18 24 »
610 2314 94 42 Elle
736 2315 225 42 formulait
995 2326 243 34 nettement
1265 2331 64 28 ses
1357 2318 273 55 prétentions
1658 2319 148 41 moins
1827 2319 53 42 de
1901 2319 100 41 huit
2021 2319 121 55 jours

365 2388 124 55 après
526 2403 45 27 sa
607 2390 337 50 réinstallation,
979 2400 42 34 et
1053 2391 39 42 le
1129 2392 219 42 directeur
1381 2392 64 42 lui
1479 2393 249 56 répondait,
1768 2407 79 42 par
1887 2394 62 41 les
1985 2405 155 30 termes

365 2462 170 41 mêmes
555 2463 51 40 de
628 2477 45 28 sa
695 2464 141 56 lettre,
872 2465 161 55 qu'elle
1060 2466 118 41 avait
1204 2467 273 54 pleinement
1498 2468 148 41 raison
1676 2478 40 31 et
1741 2485 18 21 «
1795 2482 84 41 que
1903 2482 46 27 sa
1972 2468 145 41 réinté-

363 2536 174 54 gration
573 2539 133 41 serait
747 2553 54 27 en
836 2538 98 43 effet
967 2539 201 42 illusoire
1207 2541 34 40 si
1277 2540 83 43 elle
1399 2541 106 42 était
1537 2541 171 56 obligée
1742 2543 52 41 de
1824 2551 204 48 partager
2062 2557 76 28 son

363 2612 182 55 employ
571 2626 103 28 avec
694 2613 74 41 des
789 2613 236 41 danseuses
1048 2613 272 43 inférieures.
1347 2632 19 21 »

420 2686 83 42 Tel
524 2688 102 40 était
647 2687 115 42 alors
794 2689 39 40 le
855 2688 140 42 crédit
1017 2688 52 41 de
1091 2689 331 42 mademoiselle
1442 2689 204 43 Saulnier
1670 2705 86 41 que
1783 2691 170 42 l'arrêté
1975 2693 139 42 rétrac-

367 2769 95 33 tant
485 2775 45 27 sa
551 2761 112 41 mise
691 2776 56 27 en
781 2762 192 42 réforme
1009 2764 226 42 contenait
1265 2779 63 27 un
1354 2765 148 42 article
1533 2765 228 56 spécifiant
1781 2766 60 42 les
1869 2767 151 54 points
2042 2768 70 41 sui-

363 2846 128 30 vants
510 2851 8 26 :
537 2837 358 42 non-seulement
910 2851 56 28 on
988 2838 147 42 devait
1150 2839 165 42 dresser
1331 2853 117 42 pour
1463 2839 86 42 elle
1565 2841 123 41 seule
1704 2855 61 27 un
1781 2842 87 40 état
1884 2842 253 54 particulier

364 2910 418 57 d'appointements,
807 2913 110 41 mais
942 2913 109 41 dans
1082 2914 39 41 le
1152 2928 68 27 cas
1243 2920 60 36 où
1332 2914 41 41 le
1395 2924 207 32 montant
1629 2915 53 41 de
1713 2915 41 41 la
1777 2914 189 57 dépense
1997 2915 52 42 de
2073 2926 64 31 cet

361 2986 86 40 état
468 2986 257 55 particulier
747 2986 123 43 ferait
892 2987 128 42 sortir
1048 2988 41 41 la
1121 2989 140 55 partie
1282 2989 53 41 de
1366 2989 42 41 la
1437 2989 136 41 danse
1594 2989 115 45 hors,
1730 2989 73 41 des
1825 2989 165 42 limites
2012 3004 97 41 pres-

361 3059 125 42 crites
510 3074 76 41 par
607 3062 40 41 le
668 3060 179 57 budget,
871 3062 396 43 l'administrateur
1284 3077 53 28 en
1352 3063 147 42 devait
1519 3063 103 42 faire
1638 3077 64 28 un
1722 3063 196 56 chapitre
1939 3065 173 55 particu-

359 3133 82 43 lier
463 3135 108 41 dans
595 3150 82 27 son
707 3146 170 46 compte
899 3143 41 35 et
958 3137 187 41 motiver
1166 3137 112 41 ainsi
1301 3146 112 34 cette
1435 3137 206 55 dépense.
1670 3136 119 51 Quel
1816 3138 185 55 pouvait
2021 3139 116 43 donc

360 3208 102 42 bien
486 3209 88 42 être
596 3211 37 41 le
656 3222 250 43 protecteur
927 3211 54 41 de
1011 3211 336 42 mademoiselle
1381 3211 207 42 Saulnier
1618 3225 116 42 pour
1768 3213 137 56 qu'on
1928 3213 43 43 la
1992 3215 145 43 traitât

361 3296 104 28 avec
489 3292 92 34 tant
602 3285 52 41 de
677 3286 151 42 faveur
845 3289 16 38 ?

421 3357 61 41 Le
516 3359 53 40 23
606 3359 97 55 juin
744 3360 130 52 1810,
905 3360 38 41 le
979 3360 219 43 directeur
1230 3361 213 42 adressait
1474 3374 88 28 une
1595 3361 124 43 lettre
1755 3367 24 37 à
1810 3364 327 44 mademoiselle

363 3431 206 43 Saulnier
592 3447 113 40 pour
733 3434 41 42 la
797 3434 233 43 remercier
1051 3435 171 42 d'avoir
1244 3436 148 55 appris
1413 3436 42 41 la
1476 3435 130 42 veille
1628 3446 39 33 et
1684 3437 102 55 joué
1815 3439 322 57 sur-le-champ
