2296 3980
324 417 83 43 186

782 418 77 41 LA
890 417 391 52 CHRONIQUE
1312 418 324 44 MUSICALE

377 547 149 42 Parmi
549 556 100 33 tous
671 561 67 28 ces
1051 548 61 41 les
1139 557 180 35 auteurs
1344 548 52 42 de
1426 550 191 42 Dimitri
1637 560 79 32 ont
1736 550 138 42 choisi
1901 551 93 41 l'un
2022 550 74 42 des

318 631 153 47 quatre
507 622 118 53 faux,
727 622 111 42 celui
872 636 83 42 que
988 622 216 42 l'histoire
1239 625 168 54 appelle
1429 623 159 44 Griska
1623 623 215 58 Otrépief.
1938 625 159 42 C'était

320 711 63 28 un
423 698 148 42 moine
610 698 52 41 de
701 697 159 42 l'ordre
896 697 52 41 de
987 697 118 42 saint
1148 697 160 42 Bazile.
1357 700 34 40 Il
1433 700 124 43 sortit
1597 700 53 41 de
1694 714 80 27 son
1815 710 192 31 couvent
2045 701 52 40 de

319 772 267 42 Tschoudof
605 786 52 27 en
690 772 25 52 i
715 772 102 52 603,
852 771 216 56 prétendit
1099 772 126 42 avoir
1245 773 188 56 échappé
1456 788 54 27 au
1534 773 61 42 fer
1616 774 52 41 de
1706 774 126 42 Boris
1863 774 233 55 Godunof,

314 847 221 41 l'assassin
565 846 60 40 du
649 844 68 41 fils
742 843 159 42 d'lvan
935 844 60 50 11,
1025 844 252 44 Démétrius
1298 846 55 49 V,
1380 857 120 43 reçut
1526 848 59 41 les
1613 862 174 28 secours
1807 848 74 42 des
1905 848 163 42 Lithua-

320 921 125 40 niens
460 928 41 33 et
518 919 75 41 des
614 918 222 53 Polonais,
860 928 39 32 et
921 932 42 28 se
985 918 48 42 fit
1056 921 240 53 proclamer
1311 921 131 52 Tzar,
1467 926 22 36 à
1515 922 201 54 Moscou,
1736 937 54 27 en
1821 923 25 42 i
1846 923 104 42 605.
2037 922 60 43 Ce

320 994 157 42 Griska
501 993 202 55 Otrépief
720 993 66 42 fut
805 993 140 55 cruel;
974 993 32 41 il
1035 994 187 56 méprisa
1253 994 60 42 les
1341 1004 232 35 coutumes
1608 998 262 55 nationales,
1894 1013 43 28 se
1959 999 137 42 maria

317 1082 104 29 avec
442 1082 87 27 une
564 1067 253 55 catholique
845 1075 42 34 et
918 1065 102 44 finit
1054 1081 78 41 par
1153 1068 183 42 devenir
1369 1069 41 42 la
1444 1070 182 42 victime
1663 1072 106 42 d'un
1806 1074 212 55 complot.
2061 1073 36 42 Il

317 1142 119 41 avait
457 1143 131 53 régné
609 1154 111 28 onze
745 1140 128 43 mois.

374 1210 117 42 MM.
516 1210 52 41 de
590 1209 189 42 Bornier
800 1218 41 34 et
858 1209 218 56 Sylvestre
1092 1210 148 42 attirés
1259 1224 77 42 par
1354 1220 108 32 cette
1482 1211 195 55 légende,
1696 1214 109 42 l'ont
1823 1229 147 40 revue,
1994 1229 77 29 cor-

315 1284 131 56 rigée,
470 1284 229 42 diminuée
722 1294 39 30 et
783 1285 265 53 augmentée
1068 1294 99 32 tout
1188 1290 23 37 à
1240 1286 40 40 la
1302 1285 83 42 fois
1418 1299 113 43 pour
1552 1300 54 27 en
1628 1286 106 42 faire
1758 1303 60 26 un
1839 1291 127 54 opéra
1990 1291 107 42 dont

315 1360 61 41 les
398 1359 101 54 cinq
526 1368 112 34 actes
662 1369 42 32 et
723 1359 60 40 les
807 1369 91 46 sept
920 1360 203 42 tableaux
1145 1359 165 43 défient
1330 1360 229 57 l'analyse,
1581 1371 93 33 tant
1694 1363 41 41 la
1759 1364 113 42 suite
1893 1365 73 42 des
1981 1365 116 42 idées

317 1448 27 42 y
366 1444 62 30 est
449 1434 198 42 obscure.

375 1507 184 42 Dimitri
576 1517 193 45 raconte,
786 1521 56 28 au
865 1507 117 42 lever
999 1507 60 42 du
1076 1507 168 55 rideau,
1263 1509 110 55 qu'il
1390 1510 132 40 adore
1543 1510 38 42 la
1598 1510 140 43 douce
1755 1512 178 42 Marina
1950 1525 40 31 et
2011 1528 86 42 que

318 1595 99 29 sans
442 1582 80 41 elle
546 1581 32 42 il
598 1595 55 28 ne
672 1591 106 45 peut
799 1581 137 43 vivre.
959 1582 60 41 Le
1039 1582 149 56 prieur
1203 1583 61 41 du
1287 1591 204 38 couvent,
1513 1583 160 44 devant
1694 1585 145 56 lequel
1858 1601 42 27 se
1917 1601 120 42 passe
2056 1589 41 41 la

315 1661 141 48 scène,
475 1657 191 55 l'engage
686 1660 24 37 à
732 1658 86 40 être
836 1656 84 43 fort
938 1667 39 32 et
996 1662 22 36 à
1042 1671 42 27 se
1104 1658 198 41 consoler
1322 1658 52 41 de
1393 1660 215 40 l'absence
1627 1660 53 42 de
1702 1662 107 41 celle
1824 1662 110 56 qu'il
1951 1662 142 55 aime,

315 1732 179 55 lorsque
527 1732 38 39 le
587 1738 142 35 comte
764 1731 52 40 de
841 1731 184 54 Lusace,
1059 1733 117 41 botté
1207 1740 40 34 et
1282 1733 236 55 éperonné,
1553 1733 124 45 vient
1708 1735 105 42 faire
1835 1740 23 38 à
1881 1751 46 27 ce
1947 1738 149 55 prieur

315 1806 74 42 des
422 1804 264 42 révélations
710 1804 309 56 importantes.
1066 1806 35 42 Il
1132 1807 63 41 lui
1221 1807 188 56 rappelle
1437 1821 85 42 que
1552 1810 167 53 quinze
1741 1812 160 41 années
1931 1826 43 28 se
1995 1822 101 33 sont

317 1881 168 54 passées
507 1879 155 56 depuis
684 1881 39 39 le
743 1878 103 56 jour
866 1883 59 37 où
958 1893 60 27 un
1039 1879 151 42 enfant
1221 1895 23 26 a
1266 1882 65 41 été
1354 1881 140 42 confié
1527 1887 23 37 à
1571 1883 41 41 la
1636 1884 131 54 garde
1788 1886 59 40 du
1877 1898 211 32 couvent.

314 1953 80 43 Cet
426 1953 151 42 enfant
606 1953 111 42 n'est
756 1962 126 33 autre
922 1967 85 41 que
1045 1953 201 53 Dimitri,
1289 1956 93 40 seul
1419 1956 179 43 héritier
1639 1958 195 56 légitime
1871 1961 61 42 du
1974 1964 123 40 trône

313 2027 53 42 de
405 2027 172 42 Russie.
614 2027 37 42 Il
684 2028 39 41 le
751 2025 123 44 vient
901 2027 221 43 chercher.
1162 2028 33 42 11
1232 2028 154 43 faudra
1423 2029 111 56 qu'il
1570 2033 175 42 marche
1778 2048 76 28 sur
1890 2036 203 52 Moscou,

313 2102 110 57 qu'il
444 2102 181 43 détrône
656 2102 144 49 Boris,
826 2103 315 55 l'usurpateur,
1166 2113 40 32 et
1240 2104 108 55 qu'il
1374 2118 164 42 prenne
1565 2108 41 41 le
1631 2121 113 44 rang
1780 2111 203 55 suprême
2015 2126 54 28 au-

313 2177 103 54 quel
447 2177 30 40 il
501 2191 24 26 a
558 2177 129 41 droit.
729 2175 182 43 Dimitri
940 2177 194 54 apprend
1164 2191 101 27 avec
1284 2178 85 56 joie
1396 2188 109 34 cette
1540 2183 205 42 nouvelle
1771 2184 261 45 inattendue
2055 2194 42 35 et

311 2259 171 46 promet
516 2253 24 37 à
576 2249 189 52 Marina,
803 2250 77 55 qui
903 2250 141 42 arrive
1073 2250 39 42 là
1141 2264 59 28 on
1230 2264 53 28 ne
1313 2252 83 41 sait
1418 2264 97 45 trop
1547 2265 244 47 comment,
1823 2260 158 54 qu'elle
2004 2274 93 28 sera

313 2321 209 44 Tzarine.
548 2321 59 44 Ce
630 2323 109 42 n'est
761 2337 76 42 pas
852 2323 126 43 l'avis
1000 2323 59 42 du
1077 2333 144 32 comte
1239 2324 52 42 de
1315 2325 181 52 Lusace,
1522 2335 40 35 et
1583 2343 48 27 ce
1654 2333 110 39 n'est
1788 2345 74 40 pas
1881 2347 90 28 non
1993 2334 102 56 plus

310 2396 125 42 l'avis
456 2398 51 40 de
529 2398 195 52 Wanda,
760 2396 90 42 fille
870 2398 60 40 du
954 2398 65 40 roi
1043 2398 52 40 de
1119 2398 216 55 Pologne,
1359 2401 79 54 qui
1470 2410 105 33 veut
1597 2404 184 55 épouser
1816 2406 197 45 Dimitri.
2058 2409 37 42 Il

311 2470 93 42 faut
435 2484 162 28 avouer
633 2484 84 42 que
753 2479 110 34 cette
892 2470 180 43 Wanda
1108 2479 63 34 est
1195 2485 89 29 une
1325 2472 241 56 singulière
1592 2490 229 42 personne.
1865 2481 230 56 Pourquoi

310 2545 212 42 veut-elle
539 2546 184 53 épouser
745 2544 181 42 Dimitri
950 2545 162 56 qu'elle
1128 2559 55 29 ne
1200 2549 182 40 connaît
1395 2561 77 42 pas
1493 2559 41 33 et
1555 2550 157 56 qu'elle
1730 2566 55 28 ne
1800 2564 107 46 peut
1927 2555 168 46 aimer?

313 2620 230 56 Pourquoi
572 2620 38 42 le
638 2629 141 33 comte
800 2620 52 42 de
878 2620 166 42 Lusace
1066 2621 327 45 s'intéresse-t-il
1416 2631 158 37 autant
1599 2630 24 37 à
1644 2641 47 28 ce
1712 2630 221 55 mariage?
1959 2633 133 43 Est-il

309 2695 123 53 frère,
456 2693 174 55 cousin,
652 2707 58 28 ou
729 2702 154 35 amant
905 2693 52 42 de
977 2693 207 44 Wanda?
1213 2695 178 43 Wanda
1418 2705 40 34 et
1481 2697 64 43 lui
1579 2701 155 42 ont-ils
1758 2702 98 42 basé
1884 2718 76 29 sur
1984 2714 109 35 cette

309 2771 292 41 restauration
642 2768 53 42 de
733 2768 179 44 Dimitri
936 2780 101 32 tout
1065 2784 61 28 un
1156 2771 151 42 avenir
1331 2771 52 42 de
1411 2773 186 42 richesse
1627 2786 40 32 et
1693 2777 299 45 d'honneurs?
2031 2782 62 42 Le

310 2843 127 42 Jivret
459 2842 165 56 répond
652 2841 305 44 difficilement
977 2846 23 38 à
1023 2857 68 28 ces
1112 2843 194 44 diverses
1336 2847 230 55 questions
1588 2862 85 42 que
1693 2851 40 41 le
1754 2860 241 48 spectateur
2028 2865 64 32 est

313 2917 365 42 successivement
704 2917 112 43 forcé
836 2918 235 42 d'adresser
1098 2932 86 29 aux
1212 2928 197 36 auteurs.
1444 2922 36 42 Il
1501 2937 31 42 y
1560 2937 23 28 a
1604 2926 243 54 cependant
1879 2928 213 56 quelques

313 2991 232 43 réflexions
559 2992 60 41 du
638 3002 143 32 comte
802 2992 53 42 de
873 2992 166 43 Lusace
1059 2993 79 55 qui
1161 2994 219 42 semblent
1396 2996 206 57 indiquer
1618 2998 108 55 qu'il
1744 3008 65 35 est
1825 3003 266 52 ambitieux,

311 3066 110 55 qu'il
442 3067 116 40 aime
579 3066 41 41 la
644 3066 145 43 bonne
816 3067 123 40 chère
960 3076 42 34 et
1034 3068 62 42 les
1124 3068 169 56 plaisirs
1321 3069 161 55 faciles,
1514 3073 111 40 mais
1659 3074 102 44 c'est
1794 3085 114 44 tout,
1932 3086 42 33 et
2002 3080 90 41 cela

313 3141 108 41 n'est
444 3154 74 42 pas
540 3154 135 28 assez.
703 3141 235 55 Peut-être,
963 3142 237 51 d'ailleurs,
1227 3143 111 56 ai—je
1371 3146 89 40 mal
1491 3147 205 54 compris.
1727 3148 225 56 Toujours
1973 3154 122 44 est-il

311 3231 86 40 que
433 3217 179 42 Dimitri
647 3229 205 28 conserve
882 3231 78 28 son
996 3231 157 28 amour
1186 3222 25 37 à
1249 3218 191 56 Marina,
1476 3221 212 55 dédaigne
1724 3224 61 41 les
1819 3238 187 32 avances
2040 3229 53 42 de

315 3290 174 42 Wanda
510 3299 41 35 et
573 3292 60 40 les
661 3292 167 56 paroles
859 3292 59 42 du
949 3301 145 33 comte
1120 3292 55 42 de
1204 3292 184 54 Lusace,
1420 3294 109 55 qu'ii
1553 3293 102 46 finit
1674 3311 80 43 par
1783 3299 172 59 frapper
1984 3304 107 42 d'un

311 3377 115 42 coup
446 3364 52 42 de
520 3365 216 56 poignard
757 3370 24 37 à
804 3367 41 40 la
866 3365 112 42 suite
996 3365 325 43 d'audacieuses
1345 3381 211 29 menaces.

370 3438 228 56 Pourquoi
623 3439 152 42 l'avoir
805 3439 166 57 frappé,
995 3440 63 43 dit
1077 3439 112 43 alors
1218 3440 205 56 Marpha,
1448 3443 42 42 la
1524 3445 113 42 mère
1665 3447 52 41 de
1745 3448 200 51 Dimitri,
1975 3458 116 41 mère
