2296 3980
738 452 78 41 LA
849 450 191 42 FOIRE
1071 449 507 42 SAINT-GERMAIN

1966 465 78 41 179

278 612 63 28 un
361 602 149 40 succès
527 601 197 41 énorme.
749 600 156 50 Quant
925 612 86 28 aux
1033 609 145 31 autres
1199 608 196 45 troupes,
1417 598 103 41 elles
1544 597 220 56 reprirent
1788 598 61 40 les
1875 597 159 41 ancien
2041 593 17 26 s

277 675 215 44 exercices
516 685 38 31 et
576 674 240 58 perdirent,
839 687 58 27 ou
920 676 24 41 à
966 687 85 41 peu
1074 675 114 54 près,
1215 673 345 56 complètement
1581 672 98 41 leur
1704 671 144 45 Foire,

1096 861 131 44 XVII

340 1052 215 44 L'audace
584 1051 53 42 de
668 1051 132 43 Dolet
822 1062 39 32 et
889 1052 52 42 de
964 1051 186 57 Laplace
1180 1063 125 45 porta
1329 1066 56 29 au
1416 1053 180 43 comble
1624 1053 337 55 l'exaspération
1985 1054 72 42 des

280 1127 258 44 comédiens
560 1126 59 41 du
644 1127 80 54 roi,
750 1125 78 57 qui
851 1127 231 55 croyaient
1103 1127 102 41 bien
1228 1138 109 31 cette
1362 1127 86 42 fois
1472 1141 54 27 en
1550 1127 127 43 avoir
1695 1127 80 41 fini
1796 1141 104 28 avec
1916 1127 60 41 les

279 1202 134 43 râins.
432 1201 109 41 Sans
557 1202 159 54 perdre
733 1215 62 27 un
811 1202 182 53 instant,
1011 1202 55 40 ils
1088 1202 289 55 dépêchèrent
1391 1202 40 41 le
1451 1201 301 42 commissaire
1773 1202 144 56 Cailly
1942 1216 120 40 pour

284 1278 170 42 dresser
488 1291 63 27 un
585 1277 323 55 procès-verbal
944 1291 54 27 en
1042 1277 143 41 forme
1220 1278 52 40 de
1294 1277 42 41 la
1369 1277 354 55 représentation
1759 1278 230 42 annoncée
2012 1287 44 33 et

283 1352 304 41 l'adressèrent
607 1355 23 37 à
661 1352 65 40 M.
750 1352 278 53 d'Argenson
1059 1365 53 26 en
1136 1351 144 41 même
1308 1359 143 47 temps
1474 1352 166 55 qu'une
1663 1352 176 55 requête
1860 1351 72 41 des
1956 1352 103 54 plus

286 1433 248 48 pressantes
556 1429 22 37 à
601 1425 193 55 laquelle
815 1425 38 41 le
874 1425 443 54 lieutenant-général
1338 1426 52 40 de
1411 1425 143 55 police
1571 1425 47 42 fit
1639 1426 117 40 droit
1778 1425 282 43 incontinent

286 1515 53 26 en
362 1501 178 53 lançant
564 1514 87 27 une
673 1510 202 31 sentence
898 1499 194 42 terrible.
1121 1500 443 41 Malheureusement
1584 1514 116 41 pour
1717 1500 63 41 les
1802 1499 256 42 comédiens

286 1576 59 39 du
366 1576 79 53 roi,
472 1576 82 40 elle
577 1575 150 41 n'était
749 1574 250 42 exécutoire
1027 1588 85 42 que
1135 1574 108 41 dans
1265 1576 38 39 le
1326 1589 69 27 cas
1415 1581 59 35 où
1500 1574 128 42 Dolet
1655 1585 40 31 et
1726 1575 188 55 Laplace
1937 1588 54 28 ne
2015 1588 43 26 se

286 1647 339 56 pourvoiraient
658 1661 76 41 pas
755 1655 327 48 promptement
1103 1662 57 27 au
1187 1647 264 52 Parlement,
1487 1659 40 31 et
1547 1663 57 27 on
1636 1662 132 41 pense
1790 1662 85 41 que
1897 1662 69 27 ces
1989 1648 46 40 di-

289 1732 193 31 recteurs
501 1721 54 41 de
578 1732 155 44 troupe
749 1721 210 41 notaient
977 1735 77 41 pas
1075 1722 204 40 hommes
1301 1726 23 37 à
1347 1722 98 42 leur
1460 1722 169 42 donner
1643 1730 109 35 cette
1769 1722 286 42 satisfaction.

289 1797 129 41 Donc
441 1796 130 55 appel
594 1806 41 31 et
655 1795 222 42 troisième
900 1797 163 54 procès.
1084 1795 120 42 Cette
1222 1796 85 41 fois
1319 1797 59 40 les
1396 1797 114 41 deux
1528 1796 161 56 parties
1707 1796 354 42 s'invectivèrent

286 1873 24 37 à
333 1870 77 54 qui
435 1870 147 41 mieux
602 1870 153 40 mieux
777 1870 107 40 dans
906 1870 75 40 des
1006 1870 234 41 mémoires
1256 1884 86 41 que
1357 1871 41 41 la
1415 1885 107 27 cour
1537 1881 41 31 et
1597 1871 42 42 la
1661 1872 104 40 ville
1782 1872 276 40 dévorèrent.

291 1942 61 43 La
376 1943 146 54 palme
543 1943 73 40 des
636 1943 241 40 invectives
900 1943 170 40 revient
1092 1953 213 45 pourtant
1326 1945 51 40 de
1399 1944 118 42 droit
1538 1948 23 37 à
1584 1944 233 42 messieurs
1839 1945 52 40 de
1915 1945 40 40 la
1977 1943 57 42 Co-

288 2017 424 58 médie-Française.
754 2034 18 20 «
797 2017 113 42 C'est
932 2032 88 26 une
1043 2018 130 40 chose
1201 2018 123 41 triste
1361 2028 40 32 et
1420 2018 144 42 même
1586 2018 183 54 criante,
1793 2019 269 42 disaient-ils

288 2092 108 41 dans
419 2105 63 26 un
516 2091 72 40 des
625 2091 133 53 leurs,
794 2091 130 40 d'être
947 2091 140 40 forcés
1110 2091 52 40 de
1185 2106 43 26 se
1255 2092 201 54 plaindre
1483 2092 113 41 deux
1615 2092 81 42 fois
1719 2093 343 54 régulièrement

288 2179 76 41 par
394 2165 142 41 année
557 2174 150 31 contre
731 2164 72 40 des
827 2164 293 54 particuliers,
1146 2179 107 41 gens
1282 2179 100 27 sans
1422 2180 128 38 aveu,
1580 2179 99 28 sans
1717 2166 341 50 établissement,

289 2239 78 55 qui
422 2252 53 27 ne
526 2249 100 30 sont
665 2252 174 28 connus
881 2252 88 42 que
1016 2253 79 40 par
1146 2240 96 41 leur
1282 2239 331 42 désobéissance
1655 2241 280 41 continuelle
1976 2255 84 29 aux

289 2312 99 49 lois,
413 2322 96 44 etc.,
534 2323 78 30 etc.
641 2329 18 21 »

348 2386 37 41 Il
408 2396 62 31 est
491 2390 23 37 à
548 2386 127 55 peine
699 2386 157 41 besoin
879 2387 52 40 de
955 2386 94 41 dire
1074 2401 85 40 que
1190 2387 149 41 l'arrêt
1361 2387 78 55 qui
1463 2387 213 43 intervint
1709 2389 41 40 le
1780 2402 49 28 21
1867 2403 115 29 mars
2005 2390 54 41 de

289 2460 174 42 l'année
491 2460 202 42 suivante
727 2461 252 41 condamna
1012 2461 59 41 les
1105 2461 179 41 forains.
1324 2461 135 43 Dolet
1482 2472 40 31 et
1551 2463 185 55 Laplace
1759 2464 213 41 tentèrent
1998 2478 60 27 un

291 2535 162 40 nouvel
476 2535 121 41 effort
616 2551 7 25 :
663 2535 52 40 ils
745 2535 173 41 nièrent
948 2545 99 31 tout
1074 2548 46 27 ce
1152 2536 75 53 qui
1258 2535 103 41 était
1390 2547 194 31 contenu
1613 2538 108 40 dans
1753 2538 41 40 la
1822 2540 173 52 requête
2018 2548 42 32 et

292 2608 108 41 dans
422 2608 41 40 le
485 2610 326 52 procès-verbal
834 2609 53 40 de
908 2610 119 41 leurs
1049 2609 269 41 adversaires
1342 2620 39 30 et
1409 2623 43 26 se
1474 2611 225 40 rendirent
1721 2622 240 44 opposants
1983 2627 76 40 par

291 2682 150 42 défaut
468 2686 23 37 à
527 2683 147 41 l'arrêt
708 2682 79 56 qui
818 2683 61 41 les
902 2683 203 55 frappait.
1144 2683 84 41 Par
1258 2696 44 27 ce
1326 2697 179 41 moyen,
1543 2684 54 41 ils
1620 2686 229 53 pensaient
1871 2686 189 54 pouvoir

290 2769 166 42 gagner
486 2757 59 40 du
575 2768 143 43 temps
754 2765 42 33 et
830 2757 155 41 ouvrir
1013 2758 95 40 leur
1141 2758 168 41 théâtre
1338 2771 104 27 avec
1463 2758 61 41 les
1547 2759 227 41 nouvelles
1804 2759 144 55 pièces
1972 2764 23 37 à
2018 2761 40 40 la

292 2830 130 41 Foire
444 2831 363 41 Saint-Germain
823 2832 53 40 de
908 2846 126 42 1709.
1061 2831 116 41 Mais
1199 2832 38 40 le
1262 2832 258 42 Parlement
1540 2833 63 41 les
1627 2834 170 54 prévint
1816 2848 78 41 par
1911 2848 61 27 un
1994 2849 46 27 ar-

289 2906 63 39 rêt
379 2905 60 42 du
476 2919 23 26 2
535 2905 171 55 janvier
735 2906 78 55 qui
846 2905 62 41 les
943 2905 178 42 criblait
1154 2907 252 41 d'amendes
1437 2917 41 32 et
1509 2907 52 41 de
1591 2908 259 55 dommages
1877 2919 39 31 et
1938 2909 94 41 inté-

287 2980 101 52 rêts,
406 2989 101 43 etc.,
530 2990 41 31 et
587 2980 52 41 de
659 2981 102 55 plus
792 2980 61 40 les
877 2980 150 41 livrait
1048 2985 23 36 à
1095 2980 41 41 la
1158 2980 239 42 discrétion
1422 2982 74 40 des
1516 2982 269 41 comédiens.
1819 2982 58 41 Ils
1900 2983 158 41 étaient

288 3054 114 41 donc
436 3055 163 41 réduits
633 3059 24 37 à
692 3069 280 27 commencer
1006 3055 42 41 la
1082 3055 127 41 Foire
1240 3070 102 26 avec
1373 3056 61 40 les
1459 3056 178 56 simples
1659 3057 103 53 jeux
1783 3057 53 41 de
1860 3057 170 41 marion-

289 3138 134 30 nettes
445 3131 274 52 agrémentés
735 3131 256 39 d'exercices
1014 3130 52 40 de
1088 3130 240 53 souplesse,
1363 3130 52 41 de
1439 3130 301 54 pantomimes
1766 3142 40 29 et
1827 3131 51 40 de
1900 3133 155 40 danses

289 3215 73 26 sur
385 3201 38 41 la
446 3203 139 41 corde.
612 3204 70 40 Ah
705 3209 7 36 !
738 3204 143 41 c'était
905 3204 104 41 bien
1025 3204 99 48 dur,
1161 3204 101 40 bien
1295 3205 84 41 dur
1401 3220 112 41 pour
1538 3206 115 40 leurs
1675 3205 179 42 intérêts
1872 3205 183 43 d'abord

287 3283 42 32 et
361 3289 114 41 pour
502 3277 97 41 leur
633 3293 347 42 amour-propre
1014 3278 187 53 ensuite,
1233 3292 70 27 car
1338 3280 209 54 jusqu'au
1579 3280 178 40 dernier
1779 3291 203 30 moment
2005 3281 53 41 ils

287 3349 176 40 avaient
484 3351 155 41 nourri
663 3352 178 55 l'espoir
861 3352 261 42 d'humilier
1138 3352 60 40 les
1220 3352 252 42 comédiens
1497 3367 54 27 en
1575 3352 157 42 faisant
1753 3355 222 53 prévaloir
1996 3356 61 41 les

288 3422 237 55 privilèges
559 3436 40 29 et
626 3425 243 43 franchises
898 3427 54 41 de
974 3428 39 41 la
1039 3427 148 42 Foire.
1225 3427 99 51 Que
1354 3428 105 41 faire
1482 3429 171 42 d'autre
1677 3428 274 55 cependant?
1978 3432 79 40 Les

289 3495 166 42 forains
489 3498 275 44 ruminaient
787 3516 74 27 sur
896 3516 47 27 ce
972 3503 177 41 terrible
1173 3503 130 55 point
1331 3502 391 56 d'interrogation,
1747 3504 178 54 lorsque
1950 3505 105 42 Ber-
