2296 3980
711 456 77 40 LA
823 451 191 43 FOIRE
1051 446 509 45 SAINT-GERMAIN

1929 457 81 41 177

257 613 211 57 province
499 613 86 53 pris
619 616 23 38 à
671 612 98 41 titre
798 609 51 41 de
878 607 185 56 gagistes
1080 619 11 41 j
1117 621 19 21 »
1171 617 86 42 que
1280 603 87 41 cela
1398 618 18 23 «
1441 602 163 56 portait
1638 600 178 41 atteinte
1850 602 23 38 à
1900 599 116 41 leurs

256 688 231 56 privilèges
517 686 220 43 exclusifs.
767 699 17 23 »
812 683 60 41 Ils
901 679 282 43 concluaient
1214 692 52 28 en
1300 677 266 42 demandant
1593 675 44 42 la
1665 673 259 43 démolition
1945 674 73 41 des

257 763 125 42 salles
403 773 41 31 et
468 780 19 20 «
506 762 74 40 des
602 760 252 51 dommages
877 767 41 32 et
939 754 196 43 intérêts.
1164 771 18 20 »

317 835 197 56 Lorsque
536 842 110 33 cette
671 830 177 57 requête
875 829 95 42 leur
999 828 69 43 fut
1093 826 213 56 signifiée,
1342 826 60 41 les
1433 824 162 43 forains
1624 823 287 43 délibérèrent
1943 837 50 28 en-

260 909 166 42 semble
457 922 76 26 sur
560 908 43 40 la
630 904 209 43 conduite
858 905 24 38 à
905 901 128 42 tenir.
1060 900 215 42 Bertrand
1298 899 172 56 rappela
1493 912 78 28 son
1593 907 210 33 aventure
1825 896 58 41 du
1907 896 24 42 8
1955 895 44 42 fé-

259 984 114 41 vrier
402 984 125 55 1690.
558 981 80 41 Les
657 988 145 38 autres
824 978 128 42 firent
972 976 140 42 valoir
1132 976 41 42 la
1196 983 199 34 sentence
1413 974 61 40 du
1502 976 19 40 5
1549 973 158 41 février
1728 971 111 56 1596
1861 978 42 35 et
1921 979 100 33 tous

260 1056 253 42 décidèrent
537 1055 52 41 de
613 1067 145 43 passer
779 1061 127 33 outre
931 1061 40 32 et
989 1051 51 42 de
1063 1064 42 28 se
1126 1050 210 56 pourvoir
1356 1049 161 40 devant
1539 1047 38 41 le
1604 1045 261 42 Parlement.
1889 1042 131 44 Ainsi

260 1133 67 41 fut
346 1131 103 50 fait;
473 1138 41 34 et
538 1130 42 42 la
604 1129 128 42 Foire
759 1143 52 26 ne
834 1126 145 59 perdit
999 1127 94 41 rien
1121 1126 51 41 de
1199 1139 63 28 ses
1284 1124 384 48 divertissements,
1703 1135 57 27 au
1790 1119 229 43 contraire.

264 1206 82 41 Les
368 1209 162 37 mêmes
553 1202 323 44 intimidations
900 1215 43 28 se
964 1200 330 42 renouvelèrent
1315 1211 54 28 en
1397 1197 130 56 1699.
1553 1195 120 43 Cette
1690 1194 81 41 fois
1788 1194 58 41 les
1860 1194 131 41 Comé-

261 1277 358 54 diens-Français
641 1276 227 42 obtinrent
894 1288 114 41 coup
1030 1286 75 28 sur
1131 1285 128 42 coup,
1284 1271 59 41 les
1370 1284 55 28 20
1450 1279 43 31 et
1513 1282 56 42 27
1592 1267 169 54 février,
1785 1267 115 41 deux
1920 1279 78 28 sen-

261 1361 144 32 tences
426 1351 52 41 de
503 1350 63 42 M.
590 1350 294 53 d'Argenson,
908 1347 246 42 lieutenant
1174 1343 173 56 général
1369 1343 52 41 de
1441 1342 154 56 police,
1620 1347 214 50 «portant
1851 1338 174 42 défense

263 1427 25 38 à
311 1434 99 31 tous
433 1422 274 57 particuliers
729 1422 52 41 de
801 1421 268 54 représenter
1089 1431 174 28 aucune
1285 1416 195 42 comédie
1503 1416 46 40 ni
1572 1415 112 40 farce
1701 1427 9 37 ;
1738 1430 19 21 »
1792 1421 42 34 et
1867 1426 109 42 pour
1997 1425 30 42 y

265 1498 123 42 avoir
414 1505 268 33 contrevenu
715 1495 245 40 condamne
999 1491 333 42 solidairement
1362 1498 101 35 tous
1502 1488 58 42 les
1596 1498 170 31 acteurs
1807 1486 160 42 forains
2002 1489 25 36 à

266 1587 21 23 «
318 1575 126 50 i,500
466 1571 132 42 livres
632 1568 53 42 de
718 1568 257 50 dommages
1008 1575 42 34 et
1084 1564 178 42 intérêts
1284 1576 152 29 envers
1465 1563 61 41 les
1548 1561 250 41 comédiens
1818 1561 59 40 du
1894 1559 82 41 roi.
2001 1573 23 24 »

266 1646 104 40 Une
391 1643 81 42 fois
494 1656 155 28 encore
666 1641 154 50 Alard,
845 1639 197 42 Maurice
1066 1637 287 44 Vonderbeck
1374 1648 39 29 et
1436 1634 215 42 Bertrand
1671 1634 131 41 firent
1822 1633 125 56 appel
1969 1646 56 26 au

268 1718 251 42 Parlement
533 1723 42 36 et
589 1715 315 42 continuèrent
923 1713 166 55 déplus
1107 1712 108 42 belle
1235 1714 24 38 à
1279 1710 121 55 jouer
1419 1709 40 42 le
1480 1708 230 54 répertoire
1731 1708 73 41 des
1828 1707 197 42 Italiens.

268 1792 81 42 Les
382 1792 157 40 années
580 1803 112 42 1700
726 1797 43 33 et
804 1802 104 42 1701
946 1787 286 42 s'écoulèrent
1248 1785 52 41 de
1320 1784 160 42 même.
1508 1783 63 42 La
1592 1782 118 41 seule
1732 1780 296 57 particularité

266 1881 87 40 que
373 1879 113 28 nous
508 1878 139 42 ayons
669 1869 24 37 à
711 1872 126 33 noter
858 1862 117 53 c'est,
999 1876 56 27 en
1083 1876 129 43 1701,
1235 1860 41 41 la
1291 1859 191 42 location
1503 1872 85 42 que
1611 1856 49 44 fit
1680 1859 42 39 la
1745 1869 137 28 veuve
1900 1855 96 41 Mau-

265 1943 88 40 rice
383 1940 59 42 du
472 1939 70 56 jeu
567 1939 52 41 de
647 1952 160 42 paume
829 1936 245 51 d'Orléans,
1105 1950 57 27 au
1188 1935 102 41 coin
1318 1935 52 40 de
1395 1934 41 41 la
1466 1947 78 26 rue
1569 1933 74 40 des
1672 1931 352 52 Quatre-Vents,

265 2028 117 43 pour
402 2028 29 42 y
452 2013 198 42 installer
673 2027 42 26 sa
739 2020 167 46 troupe.
932 2011 59 41 Le
1013 2009 85 43 bail
1120 2009 105 42 était
1242 2009 52 39 de
1314 2008 99 54 cinq
1436 2020 77 28 ans
1534 2015 40 33 et
1588 2006 41 41 le
1646 2005 95 55 prix
1760 2005 51 41 de
1834 2004 190 40 location

266 2090 52 40 de
354 2091 85 40 500
466 2086 139 42 francs
627 2100 77 41 par
724 2099 73 28 an.
824 2085 147 41 L'acte
993 2084 67 43 fut
1082 2083 122 55 passé
1225 2083 37 40 le
1284 2083 24 39 6
1331 2080 125 53 avril,
1483 2094 83 41 peu
1586 2080 122 55 après
1728 2079 41 40 la
1792 2077 229 41 fermeture

264 2164 53 40 de
336 2164 41 40 la
402 2163 141 40 Foire.
572 2161 69 41 En
669 2174 108 42 1702
801 2163 60 39 les
882 2157 250 42 comédiens
1154 2157 60 41 du
1235 2156 65 41 roi
1327 2155 269 41 harcelèrent
1625 2154 52 40 de
1705 2152 98 56 plus
1832 2152 108 41 belle
1966 2154 59 39 les

467 2234 164 56 dépités
660 2232 133 55 qu'ils
815 2232 161 42 étaient
1009 2232 52 40 de
1092 2230 96 40 voir
1221 2243 68 27 ces
1324 2227 195 42 derniers
1544 2227 61 41 les
1632 2227 155 40 braver
1820 2226 175 53 impuné-

266 2316 135 34 ment.
423 2307 57 42 Ils
499 2307 162 42 étaient
677 2320 54 28 en
746 2314 125 34 outre
886 2305 172 56 frappés
1072 2307 22 37 à
1110 2304 114 40 deux
1243 2301 192 42 endroits
1449 2300 100 42 bien
1571 2300 223 49 sensibles,
1812 2298 182 42 l'amour-

265 2396 155 43 propre
440 2391 42 32 et
503 2381 92 43 1a...
618 2381 149 42 caisse.
788 2381 121 41 Tout
928 2378 39 42 le
990 2390 154 43 temps,
1164 2390 55 28 en
1242 2375 113 52 effet,
1378 2387 87 42 que
1486 2373 144 41 durait
1658 2373 40 42 la
1728 2372 144 50 Foire,
1897 2372 53 41 ils
1974 2385 53 28 ne

266 2456 205 41 faisaient
491 2469 85 42 que
598 2467 84 44 peu
704 2467 58 28 ou
784 2453 127 56 point
932 2452 51 42 de
1003 2462 189 31 recettes.
1228 2451 242 49 Dancourt,
1497 2461 53 27 en
1573 2447 165 55 qualité
1761 2446 202 40 d'auteur
1986 2453 42 33 et

268 2531 195 40 d'acteur
483 2531 54 39 de
560 2531 40 39 la
623 2526 487 58 Comédie-Française,
1127 2523 163 55 rageait
1306 2523 289 41 doublement
1611 2530 41 31 et
1668 2519 197 56 poussait
1882 2533 65 27 ses
1962 2533 44 27 ca-

269 2603 198 42 marades
489 2616 86 28 aux
595 2603 226 48 extrêmes,
845 2613 45 28 ce
911 2599 78 55 qui
1012 2599 47 41 fit
1075 2597 132 56 qu'ils
1229 2596 314 42 demandèrent
1563 2604 41 31 et
1625 2594 225 41 obtinrent
1872 2607 156 27 encore

266 2677 115 42 deux
402 2686 221 32 sentences
646 2674 52 42 de
717 2674 64 44 M.
805 2674 288 54 dArgenson.
1111 2669 223 55 Toujours
1353 2667 291 57 impassibles,
1660 2668 58 41 les
1733 2667 165 42 forains
1917 2681 81 26 con-

266 2752 228 40 tinuèrent
514 2754 24 37 à
561 2749 100 42 n'en
683 2748 115 42 tenir
819 2761 147 28 aucun
988 2754 171 46 compte
1181 2754 39 31 et
1249 2747 24 37 à
1300 2742 212 57 répondre
1540 2740 264 44 froidement
1834 2744 24 38 à
1884 2752 143 30 toutes

264 2825 62 41 les
341 2824 269 56 injonctions
631 2838 9 27 :
729 2822 139 40 Notre
890 2819 151 42 affaire
1056 2829 62 31 est
1136 2817 219 57 pendante
1369 2831 57 26 au
1449 2815 251 42 Parlement
1712 2828 11 43 ;
1743 2828 146 43 passez
1906 2824 122 33 votre

264 2899 180 42 chemin
462 2913 11 41 ;
499 2912 113 28 nous
635 2911 53 28 ne
708 2911 111 28 vous
839 2897 213 39 écoutons
1074 2907 95 42 pas.

321 2975 152 49 Enfin,
509 2973 39 42 le
577 2973 55 42 26
660 2972 99 55 juin
798 2970 131 55 1703,
965 2968 40 42 le
1038 2966 247 44 Parlement
1309 2966 142 42 rendit
1479 2979 64 28 un
1562 2965 118 43 arrêt
1705 2965 79 56 qui
1811 2964 214 42 confirma

264 3058 235 47 purement
519 3057 39 30 et
580 3045 286 56 simplement
886 3043 62 42 les
971 3052 153 44 quatre
1144 3048 225 34 sentences
1392 3040 49 41 de
1461 3039 157 56 police.

327 3125 82 40 Les
429 3120 264 45 Comédiens
715 3119 61 40 du
796 3118 65 41 roi
884 3115 317 57 triomphaient
1292 3114 53 42 ils
1360 3115 39 41 le
1421 3112 223 56 croyaient
1666 3112 60 42 du
1748 3112 146 42 moins
1972 3125 53 28 en

266 3198 106 57 quoi
407 3196 54 42 ils
495 3209 43 27 se
562 3193 282 55 trompaient,
873 3200 42 34 et
946 3190 110 42 voici
1085 3201 173 30 comme
1273 3203 9 26 :
1312 3187 165 42 L'arrêt
1499 3200 54 28 ne
1574 3186 179 56 pouvait
1775 3187 93 40 rien
1889 3200 74 27 sur
1985 3186 40 41 la

269 3271 132 42 Foire
433 3266 359 45 Saint-Germain
821 3267 51 40 de
903 3275 108 32 cette
1040 3264 156 53 année,
1232 3261 259 56 puisqu'elle
1526 3260 104 42 était
1663 3260 113 40 close
1813 3260 154 54 depuis
1988 3261 40 41 le

269 3345 113 42 mois
402 3342 151 42 d'avril
571 3356 10 40 ;
605 3353 139 43 quant
768 3347 22 35 à
812 3341 42 41 la
875 3337 249 59 prochaine,
1148 3350 57 28 on
1229 3336 116 41 avait
1365 3344 98 33 tout
1484 3335 38 40 le
1543 3342 141 46 temps
1703 3333 198 41 d'aviser.

330 3417 81 41 Les
430 3415 161 42 forains
610 3413 218 42 avisèrent
845 3412 36 42 si
906 3412 120 54 bien,
1049 3425 53 27 en
1130 3408 115 54 effet,
1275 3408 101 55 qu'à
1403 3407 265 41 l'ouverture
1690 3412 53 36 de
1762 3406 41 42 la
1828 3406 125 42 Foire
1974 3407 54 41 de

275 3505 130 41 1704,
428 3490 53 40 ils
501 3487 176 42 avaient
694 3488 141 41 dressé
852 3487 114 41 leurs
988 3485 123 42 salles
1130 3496 175 31 comme
1327 3491 131 32 avant
1478 3490 42 33 et
1548 3480 128 55 qu'ils
1696 3493 30 42 y
1746 3480 197 55 jouèrent
1976 3481 51 40 de
