2296 3980
706 452 77 42 LE
814 442 301 52 COMPÈRE
1151 452 79 40 DE
1264 453 77 39 LA
1376 452 182 41 MORT

1928 456 78 54 159

250 602 170 42 cochon
449 602 155 42 sautés.
633 602 121 40 Pour
781 600 38 42 le
854 600 233 40 deuxième
1110 599 178 54 service,
1315 614 59 27 on
1397 600 64 40 vit
1482 600 241 56 apparaître
1746 614 83 28 une
1856 600 153 54 épinée

252 678 52 39 de
327 677 172 42 cochon
523 687 40 30 et
584 691 61 27 un
669 675 84 41 rôti
774 673 172 42 d'osons
970 708 26 9 ..
1023 674 39 55 je
1083 688 114 32 yeux
1218 674 92 41 dire
1341 674 197 41 d'oisons
1573 674 283 55 d'Hergnies,
1882 674 128 41 farcis

250 752 51 40 de
326 752 119 41 chair
466 755 23 37 à
513 750 208 42 saucisses
743 758 40 31 et
805 747 199 56 flanqués
1026 749 52 40 de
1102 748 114 41 deux
1240 749 203 55 canards;
1465 748 99 56 puis
1588 763 61 27 un
1673 749 87 55 plat
1790 749 52 40 de
1866 749 144 41 choux

247 827 52 40 de
321 826 225 41 Bruxelles
568 839 56 26 au
656 824 94 40 lard
774 833 40 30 et
837 837 84 27 une
943 825 135 53 purée
1098 823 53 41 de
1185 823 189 42 haricots
1395 838 56 27 au
1480 825 109 40 lard.
1615 826 72 39 Au
1711 823 158 42 milieu
1893 823 53 41 de
1971 824 38 41 la

251 901 116 40 table
390 914 41 26 se
450 898 228 55 prélassait
703 912 59 26 un
784 899 186 53 superbe
991 898 168 41 cochon
1186 900 50 39 de
1259 898 92 42 lait.

304 976 60 39 Le
388 984 91 30 tout
502 973 65 41 fut
589 974 143 39 arrosé
765 973 108 43 d'.un
908 974 188 40 nombre
1125 973 294 41 incalculable
1440 973 51 41 de
1520 985 96 43 pots
1639 973 53 41 de
1713 972 148 42 vieille
1889 973 118 40 bière

247 1049 153 40 brune.
426 1049 73 38 Au
521 1047 173 54 dessert,
725 1060 113 41 pour
860 1046 155 54 varier,
1039 1060 58 27 on
1121 1047 78 40 but
1223 1061 58 26 un
1306 1046 168 41 brassin
1499 1047 54 40 de
1576 1047 118 40 bière
1717 1047 199 41 blanche.
1946 1047 61 40 Le

243 1122 159 40 dessert
422 1120 145 42 offrait
588 1135 61 27 un
685 1121 109 41 beau
818 1134 115 42 coup
957 1121 132 41 d'œil.
1116 1120 72 42 On
1221 1136 29 40 y
1284 1121 149 55 voyait
1455 1134 86 27 une
1570 1122 176 39 énorme
1781 1122 162 55 goyère
1967 1131 40 31 et

242 1210 85 28 une
349 1206 107 31 tarte
476 1211 87 27 aux
584 1210 201 42 pommes
807 1199 118 52 large
947 1210 171 27 comme
1139 1196 42 41 la
1203 1196 104 41 lune
1331 1209 8 27 :
1365 1202 141 34 toutes
1529 1195 114 41 deux
1661 1197 345 54 accompagnées

243 1270 233 42 d'assiettes
511 1270 52 41 de
584 1270 192 42 cailloux
809 1270 52 42 de
892 1270 192 54 cauchie,
1120 1269 53 41 de
1210 1282 194 41 couques
1433 1269 173 41 sucrées
1635 1278 40 32 et
1707 1268 53 41 de
1788 1270 143 40 carrés
1953 1269 53 41 de

244 1344 126 41 Lille.

913 1404 11 11 /

294 1418 157 42 C'était
471 1418 41 40 le
535 1418 233 41 dimanche
790 1418 51 40 de
862 1416 302 56 l'Epiphanie,
1189 1427 35 30 ef
1247 1416 41 41 la
1310 1416 146 53 veille,
1475 1430 57 28 au
1555 1417 174 41 marché
1753 1417 52 41 de
1828 1418 173 54 Gondé,

241 1493 203 40 madame
461 1491 338 55 Jean-Philippe
820 1491 116 41 avait
955 1490 149 41 acheté
1120 1490 101 41 chez
1247 1491 202 40 Rousseli
1472 1505 116 40 pour
1605 1505 63 28 un
1686 1506 79 27 sou
1783 1492 53 41 de
1859 1493 145 42 billets

238 1566 52 40 de
318 1566 121 40 Rois.
466 1564 72 42 On
560 1565 49 41 fit
630 1565 116 41 donc
769 1564 131 42 d'une
930 1564 140 56 pierre
1098 1565 114 40 deux
1232 1578 132 41 coups
1391 1579 9 25 :
1436 1566 123 54 après
1579 1565 40 40 le
1655 1566 263 49 bénédicité-,
1943 1580 59 28 on

238 1640 113 40 mêla
373 1639 59 40 les
457 1639 141 40 billets
621 1639 108 40 dans
751 1639 37 40 le
812 1639 195 53 chapeau
1030 1639 59 40 du
1112 1637 194 56 parrain,
1329 1646 40 35 et
1391 1652 58 27 on
1470 1639 83 40 tira
1575 1639 63 40 les
1666 1639 123 42 Rois.

295 1712 115 42 C'est
442 1712 40 41 la
506 1713 118 41 Mort
646 1712 78 55 qui
748 1714 66 40 fut
835 1713 39 41 le
896 1712 79 54 roi,
1007 1722 41 32 et
1077 1712 342 55 Jean-Philippe
1441 1712 39 41 le
1502 1712 92 42 fou.
1621 1712 71 42 On
1714 1714 89 41 cria
1829 1730 8 25 :
1866 1731 19 22 «
1914 1714 86 42 Roi

238 1787 121 42 boit!
388 1804 17 21 «
431 1787 169 55 chaque
622 1787 84 41 fois
727 1801 85 41 que
834 1787 41 41 la
898 1787 121 42 Mort
1041 1785 100 42 vida
1163 1800 81 27 son
1265 1799 136 28 verre.

296 1862 36 41 Il
356 1862 66 41 fut
443 1863 101 51 crié,
570 1869 96 34 tout
687 1871 174 45 compte
884 1861 87 52 fait,
998 1870 96 32 cent
1116 1860 536 56 quatre-vingt-dix-neuf
1668 1861 96 41 fois.

292 1936 157 42 C'était
470 1935 153 56 plaisir
647 1936 52 40 de
720 1935 96 41 voir
838 1949 178 41 manger
1038 1935 42 41 la
1104 1936 138 42 Mort.
1287 1935 35 41 Il
1345 1935 220 54 mangeait
1586 1946 156 32 autant
1769 1938 23 38 à
1816 1936 64 42 lui
1905 1938 94 40 seul

238 2023 85 41 que
346 2024 66 27 ses
448 2010 164 55 quinze
635 2009 226 53 convives,
883 2020 100 30 tous
1019 2009 260 42 Flamands.
1307 2009 344 56 Jean-Philippe
1680 2024 43 27 se
1757 2010 164 43 frottait
1941 2011 59 41 les

242 2082 146 41 mains
410 2083 133 40 d'aise
567 2090 40 33 et
630 2081 172 55 pensait
823 2090 94 33 tout
939 2083 74 40 bas
1041 2082 136 54 qu'on
1199 2084 70 39 n'a
1298 2081 85 41 mie
1404 2089 86 34 tort
1512 2082 53 40 de
1588 2082 91 41 dire
1702 2096 83 42 que
1818 2083 38 41 la
1884 2083 116 41 Mort

241 2156 215 54 engloutit
480 2165 109 32 tout.
626 2156 35 40 Il
690 2170 52 26 ne
769 2156 180 54 pouvait
983 2164 209 46 pourtant
1221 2155 267 55 s'empêcher
1509 2156 193 41 d'envier
1724 2170 62 27 un
1811 2170 83 41 peu
1917 2171 82 27 son

237 2232 175 54 appétit.

293 2305 162 51 Quand
477 2318 56 28 on
557 2319 54 26 en
643 2305 98 40 vint
772 2318 56 27 au
856 2303 106 50 café,
988 2318 43 26 sa
1064 2304 140 53 gaieté
1242 2303 65 41 fut
1342 2318 55 27 au
1421 2305 185 52 comble,
1644 2315 54 42 et,
1730 2305 131 40 d'une
1896 2306 103 39 voix

235 2379 117 41 aussi
376 2380 106 40 forte
505 2393 86 39 que
626 2378 42 41 la
696 2378 102 42 voix
823 2378 107 41 d'un
953 2378 135 53 bœuf,
1111 2378 31 40 il
1165 2378 157 40 chanta
1355 2377 42 41 la
1428 2378 135 41 Flûte
1590 2381 26 38 à
1646 2378 231 42 Mathurin
1899 2392 101 28 avec

237 2466 86 27 une
348 2453 183 40 fausseté
555 2453 315 54 remarquable.
905 2452 35 41 Il
967 2452 141 41 aurait
1136 2451 238 41 volontiers
1397 2453 96 54 tapé
1520 2466 74 27 sur
1614 2453 38 40 le
1674 2463 151 30 ventre
1846 2453 53 40 de
1921 2467 79 27 son

236 2530 223 50 compère,
486 2527 110 39 mais
619 2541 76 39 par
716 2526 202 41 malheur
941 2540 78 26 son
1044 2530 200 50 compère
1266 2526 163 40 n'avait
1453 2526 123 52 point
1598 2526 51 40 de
1672 2537 166 30 ventre.

292 2599 189 42 Comme
504 2600 32 41 il
560 2600 108 41 n'est
691 2600 35 41 si
751 2601 110 40 belle
885 2600 83 40 fête
993 2599 76 54 qui
1096 2613 51 26 ne
1166 2599 162 52 finisse,
1355 2604 22 35 à
1398 2599 75 40 dix
1492 2599 155 41 heures
1678 2601 60 40 du
1762 2601 104 49 soir,
1890 2601 88 40 lors-

239 2687 87 41 que
348 2674 40 40 le
410 2673 256 43 couvre-feu
697 2686 138 28 sonna
866 2677 22 35 à
910 2672 173 51 Condé,
1119 2686 58 26 on
1200 2673 79 39 but
1307 2672 41 40 le
1370 2686 122 26 verre
1521 2673 51 40 de
1600 2673 172 53 l'étrier,
1797 2683 57 39 et,
1878 2675 123 53 après

240 2748 124 41 avoir
386 2748 220 40 embrassé
629 2760 44 27 sa
689 2750 222 37 commère
933 2756 39 31 et
992 2745 76 42 fait
1089 2746 146 40 risette
1254 2751 21 35 à
1294 2759 81 27 son
1396 2745 154 50 filleul,
1568 2749 39 38 la
1626 2747 117 40 Mort
1759 2747 84 52 prit
1864 2749 138 52 congé

237 2822 52 40 de
310 2822 39 40 la
373 2820 184 42 famille.
581 2820 344 54 Jean-Philippe
947 2822 159 39 voulut
1127 2818 256 42 reconduire
1412 2834 79 26 son
1513 2824 200 50 compère
1736 2834 61 27 un
1820 2822 107 40 bout
1948 2822 54 40 de

237 2895 192 41 chemin.
456 2895 58 40 Ils
533 2895 210 54 partirent
765 2894 97 40 bras
884 2894 165 53 dessus,
1072 2894 95 39 bras
1190 2893 197 51 dessous,
1413 2906 55 27 en
1490 2893 324 43 chantonnant.

296 2969 64 40 De
382 2979 140 44 temps
546 2982 54 26 en
623 2976 142 46 temps
802 2981 58 27 on
883 2966 213 42 s'arrêtait
1129 2980 113 42 pour
1263 2967 153 40 réciter
1440 2980 86 27 une
1555 2966 153 54 prière,
1747 2981 170 27 comme
1944 2982 58 27 on

237 3043 64 40 dit
323 3043 103 40 chez
457 3057 127 39 nous,
608 3042 107 41 dans
736 3041 61 41 les
819 3041 218 54 chapelles
1061 3041 52 40 de
1135 3041 41 40 la
1199 3051 140 42 route,
1364 3054 45 27 ce
1448 3040 76 55 qui
1546 3040 171 54 signifie
1739 3055 113 41 pour
1880 3042 125 40 boire

241 3130 86 26 une
349 3118 136 52 pinte,
520 3126 40 32 et
588 3116 185 41 allumer
797 3130 86 26 une
917 3115 100 55 pipe
1045 3115 108 40 dans
1188 3114 59 40 les
1270 3115 192 40 cabarets
1491 3121 56 34 où
1577 3114 91 41 l'on
1701 3114 150 55 voyait
1883 3114 52 41 de
1964 3115 40 40 la

240 3188 203 44 lumière.

299 3262 79 40 Les
401 3263 215 55 chapelles
636 3264 224 41 brillaient
880 3264 108 40 dans
1009 3265 40 39 la
1072 3262 99 41 nuit
1191 3261 117 40 aussi
1332 3262 289 40 nombreuses
1645 3274 85 41 que
1752 3260 62 40 les
1841 3260 161 55 étoiles,

243 3349 69 26 car
334 3346 92 31 tout
452 3337 39 40 le
513 3340 164 39 monde
703 3339 119 41 tirait
842 3339 59 40 les
930 3337 121 50 Rois,
1075 3351 26 42 y
1124 3335 193 56 compris
1339 3335 63 42 les
1426 3335 150 54 gardes
1599 3335 286 54 champêtres.

370 3410 72 40 Ah
465 3424 62 43 ça,
551 3415 216 52 compère,
801 3413 65 41 dit
897 3413 40 40 le
959 3426 98 41 gros
1080 3410 165 42 censier
1276 3423 53 28 en
1352 3409 199 41 devisant
1572 3409 51 41 de
1644 3409 150 41 choses
1815 3420 40 32 et
1876 3410 103 41 d'au-

243 3497 98 40 tres,
365 3498 108 28 vous
497 3485 128 42 devez
647 3488 126 40 avoir
797 3501 85 27 une
904 3488 107 40 rude
1048 3488 189 52 besogne
1259 3495 96 33 tout
1383 3484 51 41 de
1464 3484 158 55 même,
1647 3492 40 34 et
1709 3495 119 31 votre
1851 3485 154 41 métier
