3452 4374
1665 181 107 48 420

190 328 294 62 Würdigung
514 324 79 48 der
622 328 202 61 grössten
851 322 190 55 Werke,
1065 322 78 47 der
1167 323 142 46 Messe
1338 320 42 47 in
1482 320 87 47 und
1605 320 81 49 der

189 410 193 41 neunten
397 402 215 54 Sinfonie,
624 417 49 30 so
691 400 82 47 wie
792 399 79 47 der
887 399 155 47 letzten
1061 398 394 48 Clavier-Sonaten
1470 398 89 45 und
1581 398 78 45 Vio-

189 478 340 57 lin-Quarlette,
561 476 114 47 noch
711 476 274 61 keineswegs
1007 474 202 63 geführt.
1249 474 179 46 Müssen
1459 474 81 46 wir
1569 471 113 49 doch

184 556 43 46 in
249 554 149 62 Bezug
421 553 82 48 auf
519 551 70 47 die
617 551 418 60 Ausführung,
1058 556 111 40 trotz
1193 548 315 63 vollständiger
1534 549 116 46 Aner-

194 631 211 61 kennung
426 629 80 47 der
530 629 290 63 ungeheuren
845 626 450 47 vervollkommneten
1314 625 198 47 Technik
1536 624 41 47 in
1599 624 85 47 den

194 705 273 48 Orchestern
499 704 89 48 und
618 704 81 48 auf
721 704 99 47 dem
851 701 273 55 Pianoforte,
1159 700 140 48 daran
1329 701 228 56 erinnern,
1586 700 99 47 dass

186 780 71 48 die
298 780 293 48 Fortschritte
623 780 42 47 in
701 779 80 47 der
820 776 419 48 mechanischen
1271 776 218 57 Leistung
1533 775 152 63 häufig

184 875 52 29 zu
270 856 343 48 Rückschritten
646 856 42 46 in
717 855 80 47 der
826 854 282 63 geistigen
1141 851 315 65 Wiedergabe
1491 852 166 47 Beetho-

181 934 230 48 ven'scher
431 932 180 50 Werke
632 931 188 64 geführt
843 929 162 48 haben.

298 1010 93 46 Zur
414 1006 448 62 Vervollständigung
890 1005 80 47 der
992 1004 293 48 historischen
1309 1004 268 48 Uebersicht
1605 1002 80 48 der

186 1084 358 63 Aufführungen
569 1082 80 49 der
1162 1080 151 49 Missa
1516 1080 170 49 solemni
1079 1081 69 47 bei
1172 1080 234 47 Schindler
1435 1081 52 46 11.
1513 1080 69 47 85
1614 1096 47 31 er-

188 1160 189 48 wähnen
414 1161 97 55 wir,
548 1158 102 49 dass
687 1158 81 49 auf
792 1157 85 47 den
918 1156 438 49 niederrheinischen
1392 1156 292 48 Musikfesten

184 1237 161 47 bereits
381 1237 58 47 im
462 1238 41 46 J.
533 1236 137 48 1827
703 1252 51 30 zu
787 1233 288 49 Elberfeld
1110 1232 77 48 das
1210 1230 151 66 Kyrie
1390 1232 90 48 und
1511 1230 173 59 Gloria,

183 1312 91 48 und
303 1313 56 47 im
383 1315 40 45 J.
458 1312 140 48 1844
627 1329 51 30 zu
708 1311 143 47 Köln
882 1310 70 47 die
976 1326 139 47 ganze
1138 1311 143 46 Messe
1310 1308 262 65 vollständig
1602 1326 54 29 un-

184 1397 67 38 ter
289 1390 57 45 11.
374 1390 188 45 Dorn's
598 1387 195 62 Leitung
821 1386 267 63 aufgeführt
1119 1385 184 48 worden
1341 1386 66 45 ist.
1445 1386 108 45 Dies
1590 1401 95 30 war

189 1465 154 47 mithin
381 1463 71 49 die
492 1471 154 39 erste
680 1461 379 64 vollständige
1094 1462 300 62 Aufführung
1431 1477 70 32 am
1539 1461 143 47 Rhein

183 1539 88 49 und
301 1539 42 47 in
376 1538 306 48 Deutschland
707 1538 279 64 überhaupt;
1017 1538 179 47 hierauf
1225 1538 135 62 folgte
1386 1537 70 47 die
1486 1537 198 47 zweite

185 1616 70 48 bei
296 1616 99 47 dem
423 1616 388 47 Beethoven-Fest
844 1632 52 29 zu
928 1616 151 45 Bonn
1112 1616 57 44 im
1204 1614 139 47 Jahre
1383 1613 139 48 1845
1554 1622 130 38 unter

181 1693 215 62 Spohr's
415 1692 244 47 Direction.
689 1692 47 46 In
760 1692 150 46 Köln
943 1692 55 46 ist
1026 1691 42 47 in
1092 1689 100 49 dem
1220 1691 156 47 letzten
1400 1689 282 49 Jahrzehend

179 1769 82 47 die-
278 1767 150 51 Missa
456 1777 129 39 unter
612 1769 52 47 F.
693 1768 217 47 Hiller's
938 1768 194 62 Leitung
1162 1768 106 46 zwei
1299 1768 90 46 Mal
1419 1767 266 65 vollständig

183 1847 43 46 in
255 1846 82 48 den
367 1844 621 50 Abonnements-Concerten
1018 1843 205 65 gegeben
1253 1843 201 48 worden.

709 2089 433 52 Beurtheilungen.

293 2221 547 54 Hafis-ouverture,
890 2223 76 44 lür
1007 2221 249 47 Orchester
1301 2221 254 64 componirt
1600 2237 82 33 von

403 2298 53 47 L.
485 2296 209 49 Ehlert.
734 2298 86 64 Op.
852 2296 87 50 21.
978 2299 207 56 Breslau,
1212 2299 243 48 Leuckart.
1483 2300 201 47 Partitur

407 2374 32 46 4
471 2373 124 47 Thlr.

290 2450 313 48 Novellette
647 2449 84 47 für
774 2449 329 48 Pianoforte
1146 2467 82 30 von
1271 2449 274 52 demselben.
1592 2453 89 64 Op.

407 2526 85 48 24.
522 2526 345 48 Ebendaselbst.
899 2526 68 48 25
999 2528 100 62 Sgr.

289 2601 132 50 Lieb
437 2619 80 32 es-
532 2602 145 47 Früh
692 2602 30 47 Ii
738 2619 63 48 ng
830 2619 81 32 von
936 2602 210 49 Rückert.
1176 2602 163 49 Sieben
1365 2604 218 49 Gedichte
1609 2606 75 47 für

403 2680 98 47 eine
530 2679 290 63 Singstimme
858 2680 78 46 mit
974 2680 567 66 Pianoforte-Begleitung.
1581 2684 100 47 Von

407 2756 273 48 demselben.
711 2756 89 65 Op.
831 2756 84 48 25.
946 2756 341 50 Ebendaselbst.
1319 2757 66 49 27
1418 2761 101 62 Sgr.

299 2834 85 45 Die
431 2834 140 47 Leser
612 2834 209 47 erinnern
862 2834 90 45 sich
997 2834 118 47 wohl
1164 2834 113 48 noch
1337 2835 80 48 der
1456 2836 200 48 musicali-

179 2909 137 48 schen
344 2909 146 46 Briefe
520 2925 55 32 an
605 2910 98 47 eine
734 2910 246 56 Freundin,
1019 2926 80 31 aus
1135 2909 144 49 denen
1306 2929 79 29 zur
1412 2912 98 47 Zeit
1539 2912 143 65 einige

176 2987 210 62 Auszüge
416 2986 267 65 mitgelheilt
715 2986 199 47 wurden.
951 2987 62 46 Es
1041 2987 187 49 wurden
1258 2987 172 50 damals
1459 2990 194 47 anerken-

176 3062 145 48 nende
344 3062 200 47 Urtheile
569 3062 114 47 über
704 3061 70 48 die
797 3062 276 65 Auffassung
1102 3063 76 47 des
1204 3065 254 48 Verfassers
1487 3066 109 56 laut,
1619 3066 65 65 ja,

176 3138 92 49 sein
311 3138 216 49 Büchlein
569 3155 96 32 war
707 3138 98 49 eine
833 3138 447 65 Lieblings-Lecture
1320 3141 80 48 der
1437 3143 248 47 Salonwelt

177 3216 258 63 geworden.
466 3217 94 46 Der
585 3217 262 64 Componist
875 3217 318 47 vorstehender
1215 3220 257 47 Tonwerke
1501 3220 53 48 ist
1582 3220 75 48 der-

176 3292 145 55 selbe;
351 3310 47 30 er
429 3293 76 47 hat
532 3293 90 47 sich
654 3293 86 47 den
773 3293 122 64 Weg
929 3293 75 47 für
1046 3295 121 47 seine
1209 3296 339 48 musicalischen
1580 3297 78 48 Gei-

176 3370 248 48 steskinder
453 3370 141 48 durch
617 3370 128 63 jenes
776 3370 216 48 Büchlein
1022 3371 212 63 gebahnt.
1263 3373 130 47 Auch
1425 3373 80 47 der
1533 3373 147 49 Kritik

177 3447 53 46 ist
257 3446 69 45 ihr
355 3446 209 47 Geschäft
591 3446 282 56 erleichtert;
923 3462 46 32 es
1007 3447 54 47 ist
1098 3448 121 47 nicht
1259 3456 89 41 erst
1378 3451 172 63 nöthig,
1593 3450 86 48 den

179 3522 334 47 musicalischen
555 3522 289 65 Standpunkt
886 3522 318 58 festzustellen;
1246 3542 80 31 aus
1367 3526 86 48 den
1494 3527 188 63 eigenen

180 3599 53 47 W
250 3607 124 39 orten
405 3601 193 45 Ehlert's
641 3601 137 45 kennt
804 3599 138 47 Jeder
983 3599 155 49 dessen
1182 3603 385 65 Anschauungen.
1623 3606 59 45 So

179 3677 178 62 günstig
379 3676 110 48 aber
510 3678 106 45 alles
638 3677 143 46 dieses
802 3676 101 47 dem
924 3677 318 63 Componisten
1267 3682 418 62 entgegenkommt,

180 3766 47 32 so
256 3751 155 48 dürfen
443 3752 112 47 doch
586 3752 70 47 die
684 3752 263 48 Verdienste
976 3752 75 48 des
1074 3754 337 50 Schriftstellers
1441 3757 121 48 nicht
1591 3758 69 47 ein-

181 3828 65 62 zig
275 3828 160 63 gelten.
478 3829 270 49 Betrachten
778 3829 83 47 wir
889 3829 141 49 daher
1058 3831 69 47 die
1157 3833 153 62 Opera
1339 3851 216 46 genauer.

296 3907 94 45 Aus
423 3905 85 47 den
537 3907 192 47 Liedern
772 3923 82 31 von
887 3907 200 47 Rückert
1126 3909 168 62 spricht
1331 3911 68 47 ein
1439 3912 125 47 tiefes
1596 3913 59 46 Ge-

184 3979 122 53 fühl;
346 3979 69 47 die
443 3982 306 64 Empfindung
792 3983 76 47 des
896 3983 196 63 Sängers
1132 3983 54 48 ist
1225 3985 98 47 eine
1362 4002 84 32 von
1489 3988 80 47 der
1606 4005 51 47 ge-

183 4055 280 49 wöhnlichen
489 4058 339 56 verschiedene;
859 4076 49 31 er
938 4058 202 67 begnügt
1168 4060 91 49 sich
1289 4062 136 58 nicht,
1455 4063 70 49 die
1554 4065 107 64 gleis-

1756 316 136 47 sende
1921 315 274 50 Oberfläche
2226 316 75 49 des
2326 318 63 48 W
2395 334 142 32 assers
2575 316 333 65 abzuspiegeln,
2950 335 49 31 er
3032 320 132 62 steigt
3195 320 83 47 tief

1756 391 136 47 hinab
1924 391 89 47 und
2044 393 51 45 ist
2126 393 202 54 bemüht,
2357 393 70 47 die
2452 394 160 46 Perlen
2639 409 80 32 aus
2742 393 101 47 dem
2870 393 189 48 Grunde
3082 394 157 48 herauf-

1755 468 214 54 zuholen;
2000 484 48 31 er
2076 468 97 64 gibt
2207 469 70 47 die
2306 470 161 47 Worte
2496 470 78 46 des
2604 469 240 48 Gedichtes
2875 470 119 47 nicht
3026 479 117 39 etwa
3173 471 69 49 ein-

1756 544 97 48 fach
1883 544 43 47 in
1957 545 156 47 Tönen
2145 545 184 56 wieder,
2371 562 49 30 er
2447 546 128 46 sucht
2613 546 84 47 alle
2726 545 70 47 die
2827 546 307 47 Geheimnisse
3164 564 77 31 aus-

1752 620 290 63 zusprechen,
2080 621 169 47 welche
2278 621 70 46 die
2382 621 329 65 Wortsprache
2740 638 87 30 nur
2856 623 282 46 anzudeuten
3166 639 72 32 ver-

1757 713 117 47 mag.
1906 696 114 47 Dass
2049 711 50 32 er
2127 696 110 48 aber
2262 696 68 47 die
2355 697 472 64 Ciavier-Begleitung
2848 713 49 31 so
2918 699 244 64 schwierig
3191 715 51 48 ge-

1757 771 164 55 macht,
1953 771 180 47 werden
2165 772 114 47 auch
2310 772 183 47 Andere
2521 772 101 49 hart
2653 772 172 49 fühlen.

1869 847 85 47 Die
1982 849 324 47 Novellette
2336 850 53 46 ist
2419 849 255 47 Ferdinand
2705 849 145 47 Hiller
2877 850 261 62 gewidmet,
3175 851 91 47 und

1756 939 46 30 es
1831 922 174 48 kommt
2035 923 86 47 mir
2148 940 94 39 vor,
2283 925 64 47 als
2389 923 58 49 ob
2491 925 68 47 ich
2602 941 81 32 aus
2725 925 100 47 dem
2856 926 307 48 Musikstücke
3192 926 74 50 die

1756 998 324 64 Betheuerung
2103 1000 80 47 der
2204 1000 157 54 Liebe,
2377 1000 76 48 des
2477 1001 185 47 Dankes
2686 1001 90 47 und
2799 1001 80 47 der
2907 1001 221 65 innigsten
3153 1004 84 46 Ver-

1755 1075 178 64 ehrung
1958 1076 74 46 für
2053 1076 150 47 diesen
2228 1076 376 48 hochverdienten
2630 1077 180 48 Meister
2841 1077 323 57 heraushörte;
3194 1078 70 50 ich

1756 1152 151 47 werde
1938 1152 115 47 mich
2091 1153 135 47 kaum
2264 1155 230 54 täuschen,
2538 1171 131 31 wenn
2712 1155 68 47 ich
2823 1155 127 48 darin
2992 1156 98 47 eine
3120 1157 142 47 Scene

1755 1245 81 32 aus
1858 1227 100 48 dem
1985 1228 184 49 inneren
2193 1230 305 48 Geistesleben
2522 1230 339 49 wiedererzählt
2883 1231 134 48 finde.
3048 1232 72 48 Sei
3144 1232 121 56 dem,

1755 1304 85 47 wie
1869 1304 90 49 ihm
1992 1306 146 54 wolle,
2181 1304 79 49 das
2287 1306 140 48 Stück
2463 1307 55 47 ist
2556 1307 353 62 hervorragend,
2951 1325 112 46 ganz
3105 1308 134 49 beson-

1755 1381 103 47 ders
1887 1381 113 47 auch
2032 1381 141 47 durch
2203 1382 70 47 die
2296 1383 286 47 Einfachheit
2611 1383 80 47 der
2714 1385 175 62 Anlage
2919 1383 91 48 und
3039 1385 71 48 die
3131 1386 109 47 Klar-

1757 1457 90 47 heit
1875 1456 80 48 der
1986 1457 380 65 Durchführung.
2395 1459 105 46 Man
2531 1458 190 48 erkennt
2749 1458 87 48 den
2865 1458 269 50 denkenden
3164 1462 69 46 Mu-

1755 1533 136 57 siker,
1920 1534 216 47 welchem
2170 1536 119 45 Herz
2329 1534 89 47 und
2449 1534 221 49 Verstand
2701 1534 42 49 in
2775 1534 85 49 den
2889 1536 240 48 schönsten
3159 1538 81 46 Ein-

1757 1611 135 62 klang
1920 1627 52 29 zu
2005 1609 189 65 bringen
2225 1612 224 63 gelungen
2479 1612 67 47 ist.
2582 1613 92 46 Der
2703 1612 174 63 Spieler
2907 1613 111 47 aber
3048 1613 105 48 darf
3173 1614 92 46 sich

1756 1687 122 47 nicht
1906 1694 118 40 etwa
2054 1687 260 63 begnügen,
2343 1688 70 47 die
2437 1688 284 47 technischen
2744 1688 420 65 Schwierigkeiten,
3196 1689 70 49 die

1750 1762 166 64 jedoch
1945 1762 122 48 nicht
2095 1779 126 47 gross
2248 1763 113 56 sind,
2399 1782 53 29 zu
2495 1763 323 57 überwinden;
2863 1781 78 31 vor
2970 1766 146 46 Allem
3148 1783 119 29 rnuss

1757 1857 49 30 er
1834 1839 91 47 sich
1955 1840 121 47 eines
2105 1840 163 55 feinen,
2297 1842 259 62 geistvollen
2588 1842 246 63 Vortrages
2865 1840 252 59 befleissen,
3147 1842 120 49 dann

1757 1917 118 47 kann
1905 1915 101 49 dem
2037 1917 167 47 Stücke
2235 1934 197 31 warmer
2460 1918 157 48 Beifall
2648 1918 122 47 nicht
2800 1918 160 48 fehlen.

1869 1993 52 47 In
1949 1993 81 48 der
2058 1993 522 49 Hafis-Ouverture
2620 1994 12 64 (
2637 1994 183 59 D-dur)
2850 1994 97 48 sind
2984 1994 70 48 die
3084 1995 157 49 hervor-

1757 2069 267 64 gehobenen
2057 2070 347 64 Eigenschaften
2433 2072 197 47 Ehlert's
2658 2072 231 63 vereinigt,
2919 2072 91 47 und
3039 2073 53 46 ist
3126 2073 148 47 dieses

1761 2147 146 46 Werk
1949 2145 144 48 daher
2128 2163 83 47 gar
2250 2148 104 47 sehr
2382 2147 80 48 der
2493 2148 265 63 Beachtung
2787 2148 195 65 würdig,
3025 2148 246 48 besonders

1756 2238 81 30 von
1868 2221 148 49 Seiten
2048 2221 80 49 der
2156 2228 239 58 grösseren
2425 2224 385 53 Musik-Vereine,
2841 2224 136 48 deren
3001 2225 266 64 Repertoire

1755 2298 98 47 eine
1882 2299 231 47 namhafte
2143 2300 337 64 Bereicherung
2524 2299 201 49 dadurch
2770 2300 209 47 erfahren
3025 2300 126 48 wird.
3209 2303 60 45 Es

1756 2375 121 48 weht
1906 2375 141 47 durch
2079 2375 77 48 das
2188 2378 151 47 Ganze
2381 2379 68 46 ein
2482 2378 121 47 Geist
2632 2378 143 47 stillen
2808 2378 232 56 Friedens,
3079 2378 85 48 wie
3194 2379 73 46 ihn

1756 2450 79 48 der
1859 2453 182 45 Mensch
2066 2470 49 30 zu
2143 2453 157 47 fühlen
2325 2454 155 63 pflegt,
2499 2470 130 31 wenn
2653 2470 48 31 er
2725 2454 152 47 reinen
2903 2455 199 46 Herzens
3124 2454 143 48 durch

1756 2529 70 47 die
1849 2531 146 46 Natur
2019 2529 216 57 wandelt;
2259 2530 70 48 die
2350 2531 179 56 Worte,
2554 2531 69 47 die
2646 2531 244 64 gleichsam
2916 2531 63 47 als
3002 2533 143 47 Motto
3170 2548 75 30 vor-

1754 2605 176 63 gestellt
1955 2606 115 56 sind,
2101 2606 161 47 fanden
2293 2608 97 45 ihre
2419 2608 196 47 wahrste
2635 2608 362 63 Interpretation.
3030 2608 136 48 Wird
3191 2608 79 48 das

1760 2682 143 49 Werk
1943 2691 82 56 gut
2061 2684 269 63 vorgeführt
2372 2684 63 63 (es
2465 2685 52 47 ist
2546 2685 168 63 leicht),
2757 2701 48 31 so
2844 2701 121 31 muss
3008 2701 46 31 es
3096 2685 42 48 in
3181 2685 85 48 den

1757 2759 88 48 Höi
1859 2776 77 30 ern
1961 2759 127 63 jenes
2118 2760 169 48 Gefühl
2316 2761 334 56 zurücklassen,
2689 2761 79 47 das
2799 2761 128 47 Hafis
2955 2761 123 48 nicht
3105 2760 162 49 anders

1755 2837 63 46 als
1841 2836 142 48 durch
2004 2837 142 47 Glück
2171 2839 88 45 und
2278 2839 216 62 Seligsein
2512 2839 357 64 auszusprechen
2889 2846 178 41 wusste.
3097 2839 146 48 Selbst-

1755 2914 294 47 verständlich
2080 2914 55 45 ist
2162 2914 143 47 daher
2334 2915 70 47 die
2434 2916 177 62 Anlage
2641 2915 80 47 der
2744 2915 260 48 Ouvertüre
3034 2933 111 47 ganz
3176 2916 72 47 ein-

1756 2990 116 54 fach,
1914 2989 71 49 die
2015 2991 222 48 Themata
2277 2991 179 48 durften
2494 2994 121 47 nicht
2650 2991 161 48 anders
2839 2992 110 47 sein.
3007 2994 108 48 Wie
3157 2992 113 49 aber

1755 3066 70 48 die
1854 3067 147 47 Natur
2037 3084 80 30 aus
2155 3067 99 49 dem
2292 3069 283 48 Einfachsten
2607 3070 187 47 Grosses
2822 3067 87 49 und
2942 3069 201 48 Schönes
3172 3077 73 40 ent-

1756 3143 192 56 wickelt,
1971 3160 47 30 so
2041 3143 97 47 that
2161 3161 45 29 es
2231 3145 156 47 Ehlert
2416 3145 116 48 auch
2564 3146 79 46 mit
2664 3145 150 47 seinen
2837 3145 268 49 Thematen.
3134 3146 136 47 Ohne

1757 3220 281 48 besonderen
2070 3221 227 47 Aufwand
2338 3222 402 51 ungewöhnlicher
2770 3222 140 47 Mittel
2947 3223 135 46 schuf
3114 3240 49 29 er
3199 3223 72 47 ein

1756 3297 227 48 wahrhaft
2019 3298 190 47 schönes
2239 3300 246 56 Tonslück,
2533 3300 101 48 dem
2667 3300 134 47 Eines
2834 3300 273 48 namentlich
3147 3301 100 47 inne-

1756 3375 182 48 wohnt:
1971 3375 97 48 eine
2100 3376 195 48 keusche
2325 3376 90 47 und
2446 3376 175 66 adelige
2650 3375 262 49 Wahrheit.

1864 3452 170 48 Missa
2062 3453 33 47 I.
2127 3452 85 47 für
2242 3453 143 47 Chor
2416 3453 106 47 und
2554 3453 144 47 Solo.
2728 3453 165 47 Missa
2921 3453 54 49 11.
3007 3453 86 47 für
3124 3453 150 49 Chor

1987 3528 109 49 und
2146 3531 141 47 Solo.
2349 3531 97 46 Von
2498 3532 53 46 R.
2604 3528 328 50 Volkmann.
2996 3531 153 54 Pesth,
3199 3530 70 48 bei

1987 3606 271 48 Ileckenast.
2289 3606 192 63 (Preis?)

1873 3682 148 47 Theilt
2052 3698 102 32 man
2197 3684 113 46 auch
2354 3683 122 47 nicht
2513 3683 249 48 allerwärts
2791 3683 70 47 die
2893 3681 382 66 lleberzeugung,

1755 3758 100 50 dass
1897 3761 69 45 ein
1997 3759 347 49 Besserwerden
2385 3761 80 47 der
2495 3761 349 48 Kirchenmusik
2889 3759 143 49 durch
3078 3759 78 50 das
3184 3762 59 46 Zu-

1755 3836 261 64 rückgehen
2046 3837 82 48 auf
2164 3836 78 48 das
2272 3837 260 48 Mittelalter
2575 3837 187 63 bedingt
2799 3837 78 56 sei,
2919 3853 49 31 so
3002 3837 152 47 macht
3181 3837 93 47 sich

1756 3912 113 48 doch
1902 3914 67 46 ein
2004 3914 185 64 heiliger
2218 3916 137 45 Ernst
2385 3914 68 49 bei
2485 3914 85 47 den
2602 3923 213 40 neuesten
2846 3914 400 65 Kirchen-Compo-

1756 3989 142 49 nisten
1930 3992 194 62 geltend.
2157 3992 77 47 Bei
2267 3992 111 47 Volk
2390 4008 133 32 mann
2554 3992 54 47 ist
2637 3991 79 48 das
2747 3991 364 49 unverkennbar.
3143 3992 133 47 Seine

1756 4065 164 65 obigen
1939 4067 217 49 Arbeiten
2183 4067 183 49 athmen
2389 4068 209 66 religiöse
2617 4068 169 50 Weihe
2818 4067 89 49 und
2937 4076 183 40 ernsten
3143 4068 135 53 Sinn;
