3124 4252
290 319 317 55 TEK
685 322 59 53 H
828 323 59 53 N
971 315 46 62 É

2468 3782 294 55 16/123

294 456 226 54 ménagère
564 459 77 52 qui
685 460 197 41 entraîne
925 461 21 40 à
992 461 40 42 la
1075 463 200 41 solution
1322 464 50 41 de
1420 464 38 41 la

294 518 175 44 cuisine,
511 520 103 40 salle
649 520 51 42 de
733 520 162 53 séjour.

361 579 133 43 Est-il
531 581 228 42 nécessaire
796 583 223 42 d'insister
1053 600 73 26 sur
1161 585 57 41 les
1251 584 183 43 désavan-

296 652 115 41 tages
450 642 50 40 de
536 654 106 29 cette
681 645 335 41 concentration
1057 646 50 41 de
1146 645 39 42 la
1224 646 67 42 vie
1330 646 104 43 fami-

296 701 96 42 liale
429 703 90 53 qui,
559 718 115 38 pour
710 716 100 30 tout
850 707 35 40 le
921 706 177 47 monde,
1139 722 40 26 se
1216 707 245 43 traduisent

293 777 78 37 par
403 778 83 27 une
513 776 117 41 perte
658 765 50 42 de
736 778 141 41 temps
906 779 39 30 et
973 783 85 26 une
1086 767 227 43 ambiance
1339 769 98 41 défa-

292 824 206 42 vorable?
540 826 75 41 Au
655 827 191 53 surplus,
892 829 212 42 l'absence
1143 830 50 41 de
1234 830 148 43 hottes
1422 841 39 30 et

293 885 238 47 d'ailleurs,
585 903 78 36 par
715 889 111 42 suite
876 891 50 40 de
978 889 372 55 léparpillement
1401 892 59 40 du

293 948 218 44 mobilier,
553 948 351 54 l'impossibilité
940 952 50 41 de
1026 964 145 42 capter
1207 955 57 41 les
1302 953 159 42 odeurs

293 1008 260 54 ménagères,
593 1010 119 42 voilà
752 1026 85 27 une
872 1012 71 42 des
980 1028 143 28 causes
1159 1015 72 41 des
1265 1014 101 54 plus
1402 1015 39 41 sé-

292 1070 156 42 rieuses
482 1071 51 41 de
563 1071 213 43 viciation
814 1075 50 40 de
899 1074 97 42 l'air
1032 1075 59 42 du
1127 1077 237 53 logement.
1403 1077 58 41 Le

293 1131 180 42 ridicule
501 1132 51 42 de
580 1145 108 30 cette
715 1136 263 52 conception
1011 1138 165 41 n'est-il
1204 1152 77 38 pas
1310 1152 151 28 encore

291 1193 197 41 renforcé
528 1195 154 52 quand
726 1211 59 26 on
830 1211 134 40 songe
1006 1213 84 39 que
1133 1199 164 43 maints
1341 1198 95 54 loge-

291 1266 144 30 ments
480 1256 237 52 possèdent
763 1273 60 26 un
869 1259 125 41 salon
1042 1260 293 45 ornemental,
1383 1261 77 54 qui

290 1315 144 42 forme
460 1332 85 26 une
569 1318 140 53 espèce
734 1320 50 41 de
811 1320 144 42 musée
979 1321 206 45 familial,
1216 1323 120 53 placé
1360 1338 75 26 sou-

289 1389 106 30 vent
425 1378 21 41 à
479 1379 40 40 la
553 1379 110 42 belle
693 1380 287 45 orientation,
1015 1396 39 29 et
1086 1383 110 42 dans
1226 1383 140 56 lequel
1401 1400 58 26 on

291 1454 51 26 ne
374 1439 204 52 séjourne
611 1441 185 52 jamais?

356 1576 27 40 b
402 1576 14 50 )
458 1575 61 42 La
558 1577 164 42 cuisine
763 1579 211 42 moderne
1013 1579 343 54 indépendante.

358 1637 43 41 Si
432 1653 114 26 nous
576 1638 39 41 la
645 1654 238 28 ramenons
916 1640 21 42 à
968 1656 61 27 ses
1058 1641 208 44 éléments
1295 1643 141 42 consti-

286 1698 144 43 tutifs,
474 1700 38 41 la
548 1700 164 43 cuisine
750 1703 182 52 possède
970 1703 109 43 trois
1116 1716 163 31 centres
1316 1720 118 28 carac-

287 1760 248 54 téristiques
573 1762 226 43 d'activité
841 1780 10 26 :

364 1849 33 26 1.
441 1835 253 56 Nettoyage
730 1838 71 41 des
841 1839 206 42 aliments
1082 1853 39 30 et
1156 1841 167 52 objets;

359 1912 39 25 2.
440 1896 292 54 Préparation
763 1900 72 42 des
865 1900 228 48 aliments;

357 1973 40 39 3.
439 1959 195 43 Cuisson
662 1960 72 42 des
761 1961 221 44 aliments.

354 2020 235 53 Ajoutons
622 2022 117 43 deux
773 2023 209 44 éléments
1013 2040 205 32 annexes,
1253 2028 96 40 l'un
1380 2027 78 54 qui

284 2082 176 52 précède
500 2094 40 32 et
578 2084 157 42 l'autre
775 2086 78 54 qui
889 2086 89 43 suit
1020 2103 9 26 :
1069 2087 40 42 la
1145 2089 312 42 conservation

284 2143 73 42 des
385 2145 207 42 aliments
622 2157 39 31 et
691 2147 40 41 la
760 2147 159 43 liaison
950 2164 98 27 avec
1077 2150 39 42 la
1146 2150 104 42 salle
1279 2151 22 41 à
1333 2166 93 27 man-

283 2221 85 39 ger.

353 2268 58 41 Le
446 2269 195 43 matériel
671 2270 231 44 nécessaire
931 2288 89 27 sera
1056 2289 9 25 :

351 2343 122 42 Pour
512 2343 36 42 le
587 2359 168 39 groupe
795 2345 18 42 î
853 2347 290 57 (nettoyage)
1190 2364 9 26 :
1244 2364 61 26 un
1345 2348 112 42 évier

282 2419 101 27 avec
417 2404 117 43 deux
567 2406 114 47 bacs,
718 2422 76 27 eau
830 2408 145 43 froide
1009 2422 40 30 et
1083 2410 180 46 chaude,
1305 2411 125 54 égout-

282 2466 80 41 tier
394 2467 184 43 ,séchoir
611 2480 40 31 et
679 2469 148 47 hotte;

350 2528 122 42 Pour
501 2529 37 42 le
568 2545 167 39 groupe
768 2547 23 26 2
823 2531 324 57 (préparation)
1183 2550 9 25 :
1225 2549 85 27 une
1339 2535 117 41 table

282 2590 52 42 de
363 2590 161 45 travail
552 2607 100 27 avec
680 2592 124 56 siège,
837 2609 61 27 un
929 2594 186 44 classeur
1148 2596 22 42 à
1198 2596 258 54 provisions

281 2664 39 30 et
352 2653 145 42 divers
524 2655 251 47 ustensiles;

347 2714 123 43 Pour
501 2715 36 42 le
568 2731 168 39 groupe
770 2733 22 39 3
827 2718 193 53 (cuisson
1039 2719 16 54 )
1096 2736 9 25 :
1141 2735 60 27 un
1232 2720 222 43 fourneau

281 2776 77 54 qui
389 2778 100 44 soit,
523 2778 51 42 de
604 2778 259 54 préférence,
901 2781 208 43 alimenté
1141 2797 53 27 au
1226 2798 83 39 gaz
1340 2798 58 27 ou
1432 2783 21 40 à

279 2839 275 43 l'électricité,
608 2841 200 54 l'étagère
855 2844 20 41 à
923 2843 148 53 épices,
1124 2845 259 53 l'égouttoir
1429 2847 20 41 à

281 2902 192 43 louches,
504 2903 36 42 le
569 2916 192 41 support
787 2905 21 41 à
838 2905 258 42 couvercles.

347 2976 68 40 En
455 2976 189 43 relation
684 2993 99 26 avec
822 2979 35 41 le
893 2995 168 39 groupe
1099 2980 60 42 du
1198 2992 251 42 nettoyage,

279 3037 29 42 il
348 3037 100 43 faut
484 3053 60 27 un
580 3040 341 55 garde-manger
959 3042 177 45 ventilé,
1176 3043 21 41 à
1235 3042 129 42 l'abri
1402 3044 51 41 de

279 3098 259 44 l'humidité
567 3113 40 30 et
637 3102 51 41 de
720 3102 37 42 la
788 3103 177 42 chaleur
994 3119 73 31 ou,
1099 3105 154 54 quand
1284 3105 36 41 le
1351 3105 101 53 prix

279 3163 36 40 le
348 3172 253 43 permettra,
640 3179 84 27 une
757 3165 189 42 armoire
978 3165 302 57 frigorifique.

345 3236 68 42 En
453 3237 187 42 relation
679 3254 99 26 avec
819 3240 36 41 le
892 3255 168 39 groupe
1096 3241 51 41 de
1183 3241 39 42 la
1258 3241 192 43 cuisson,

277 3298 256 54 prévoyons
588 3315 86 26 une
729 3302 479 54 armoire-passe-plats
1263 3319 94 27 vers
1413 3304 39 40 la

277 3360 103 43 salle
416 3377 252 31 commune,
705 3378 57 26 ou
796 3378 85 28 une
916 3364 116 42 table
1066 3364 218 44 roulante.

346 3436 58 41 Le
453 3451 285 40 programme
789 3438 50 41 de
890 3439 39 42 la
983 3439 164 42 cuisine
1197 3439 255 44 clairement

276 3497 148 44 établi,
458 3498 28 42 il
519 3510 105 31 reste
656 3500 21 40 à
708 3500 115 41 fixer
853 3516 42 26 sa
926 3501 181 44 surface,
1143 3503 188 54 laquelle
1363 3517 88 27 sera

275 3559 168 43 réduite
489 3577 92 26 non
627 3577 78 38 par
754 3562 241 44 économie,
1046 3565 127 41 mais-
1205 3580 79 37 par
1330 3566 118 40 souci

275 3622 286 45 d'efficience,
608 3636 38 30 et
688 3625 20 40 à
755 3625 121 42 relier
919 3626 56 43 les
1016 3638 165 31 centres
1224 3627 226 42 d'activité

1611 480 118 30 entre
1761 484 82 26 eux
1878 482 38 29 et
1948 471 20 40 à
2003 472 38 40 la
2074 472 102 41 salle
2210 489 249 31 commune,
2495 477 177 43 suivant
2708 494 57 25 un

1611 530 195 53 principe
1842 531 234 42 rationnel.

1679 591 231 54 Songeons
1941 593 20 40 à
1992 609 83 26 une
2105 595 261 52 adaptation
2402 598 58 41 du
2492 599 194 54 principe
2719 601 49 39 de

1612 651 38 40 la
1697 667 21 25 «
1755 653 154 41 chaîne
1947 669 23 25 »
2009 656 203 52 employé
2247 657 109 42 dans
2393 659 247 43 l'industrie
2675 661 92 42 afin

1611 712 181 42 d'éviter
1829 715 56 40 les
1919 715 321 52 déplacements
2276 718 190 43 inutiles.

1679 773 117 43 Mais
1832 776 147 41 tandis
2012 792 83 38 que
2126 779 108 40 dans
2269 779 260 45 l'industrie,
2567 783 38 40 la
2640 784 107 40 ratio-

1608 836 238 42 nalisation
1877 854 20 24 a
1926 853 171 27 comme
2125 840 80 41 but
2233 841 216 54 principal
2478 844 261 52 l'augmenta-

1611 897 94 40 tion
1731 898 50 41 de
1808 900 38 40 la
1868 899 270 52 production
2162 913 39 29 et
2225 903 37 40 la
2286 902 277 42 diminution
2588 906 57 40 du
2671 906 97 52 prix

1608 958 49 40 de
1683 960 179 42 revient,
1892 961 50 41 ici
1970 961 77 41 elle
2070 963 176 41 cherche
2273 964 20 40 à
2319 965 234 53 simplifier
2582 966 37 43 la
2646 967 121 44 tâche

1608 1019 49 41 de
1691 1021 38 41 la
1765 1021 238 54 ménagère,
2039 1023 20 41 à
2093 1024 223 42 diminuer
2347 1039 43 29 sa
2423 1026 180 54 fatigue.
2640 1028 127 43 Nous

1610 1082 222 42 touchons
1879 1084 280 43 maintenant
2203 1086 21 40 à
2271 1101 59 26 un
2377 1087 249 52 important
2669 1104 75 38 pro-

1610 1141 140 45 blème
1787 1145 50 40 de
1878 1146 11 40 l
1911 1146 254 42 habitation
2205 1148 255 45 minimum,
2499 1151 107 41 celui
2646 1151 49 40 de
2732 1152 37 39 la

1610 1202 166 55 fatigue
1810 1206 198 53 exagérée
2043 1208 76 54 qui
2157 1208 156 43 résulte
2349 1211 49 40 de
2436 1211 310 52 l'accomplisse-

1612 1277 121 30 ment
1760 1270 175 40 normal
1964 1268 70 42 des
2065 1280 188 31 travaux
2283 1270 237 54 ménagers.

1679 1325 112 44 Mlle
1827 1329 397 45 Trouard-Riolle.
2260 1334 248 42 conseillère
2542 1334 231 54 technique

1612 1387 20 41 à
1698 1388 221 44 l'lnstitut
1980 1392 142 42 Social
2184 1393 205 43 Familial
2452 1394 210 55 Ménager
2724 1397 49 40 de

1611 1449 173 43 France,
1825 1467 21 25 a
1882 1452 182 53 procédé
2100 1455 21 40 à
2158 1455 211 54 quelques
2403 1457 125 42 essais
2567 1458 50 40 de
2655 1472 88 27 men-

1611 1512 199 41 suration
1855 1513 49 42 de
1945 1514 40 42 la
2029 1515 167 54 fatigue
2241 1532 83 39 que
2366 1528 177 31 causent
2585 1519 56 42 les
2686 1531 65 29 tra-

1610 1595 118 26 vaux
1763 1580 236 54 ménagers.

1679 1642 108 41 Sans
1825 1642 147 47 doute,
2012 1644 57 40 les
2107 1642 203 42 résultats
2348 1642 50 41 de
2433 1656 62 26 ces
2533 1642 240 41 recherches

1611 1719 52 26 ne
1691 1704 183 41 doivent
1899 1705 51 43 ils
1978 1719 76 38 pas
2081 1704 85 41 être
2193 1703 244 42 considérés
2464 1717 171 28 comme
2662 1702 88 42 défi-

1612 1765 139 46 nitifs,
1788 1766 109 41 mais
1928 1767 28 40 il
1987 1778 61 30 est
2081 1781 96 38 sage
2206 1766 101 41 d'en
2339 1765 157 42 retenir
2528 1765 72 41 dès
2632 1764 112 42 main-

1610 1838 153 31 tenant
1806 1828 210 53 quelques
2060 1828 361 53 enseignements.
2467 1826 183 42 Notons
2694 1842 76 38 par

1610 1889 210 52 exemple,
1855 1905 83 38 que
1972 1889 284 42 l'utilisation
2292 1900 102 41 trop
2427 1887 240 55 prolongée
2702 1887 71 41 des

1610 1951 214 52 appareils
1858 1950 222 54 ménagers
2111 1950 252 55 électriques
2393 1950 243 42 détermine
2668 1950 104 40 chez

1608 2013 206 41 certaines
1854 2028 237 37 personnes
2132 2028 59 26 un
2234 2012 302 42 ébranlement
2579 2025 191 27 nerveux

1609 2087 39 31 et
1680 2089 96 40 que,
1811 2075 50 40 de
1893 2074 131 53 façon
2059 2074 209 54 générale,
2306 2075 40 41 la
2380 2074 167 53 fatigue
2579 2084 62 31 est
2674 2082 74 33 tou-

1606 2135 125 53 jours
1774 2134 149 44 moins
1963 2136 165 52 grande
2168 2138 155 50 quand
2365 2136 31 42 il
2440 2151 27 38 y
2509 2150 23 27 a
2572 2134 198 42 aération

1608 2207 247 38 constante,
1893 2213 58 26 ou
1989 2213 84 39 que
2112 2200 35 40 le
2187 2198 114 51 sujet
2342 2214 21 25 a
2403 2197 62 42 été
2502 2197 179 54 préparé
2718 2211 53 26 au

1609 2260 194 43 matériel
1832 2275 203 26 nouveau
2065 2275 78 37 par
2173 2275 60 25 un
2266 2259 326 53 enseignement
2622 2257 120 42 ména-

1608 2337 70 38 ger
1712 2322 250 53 intelligent
1998 2333 39 31 et
2077 2337 58 25 un
2171 2321 326 41 entraînement
2533 2319 236 42 rationnel.

1608 2383 233 52 Ajoutons
1869 2399 85 38 que
1982 2385 56 40 les
2065 2382 270 54 expériences
2364 2383 50 42 de
2442 2381 222 44 l'lnstitut
2691 2381 54 42 So-

1606 2446 79 42 cial
1724 2446 204 42 Familial
1967 2445 213 54 Ménager
2215 2459 82 30 ont
2333 2445 62 41 été
2431 2444 126 42 faites
2593 2459 73 27 sur
2700 2442 72 43 des

1606 2522 238 38 personnes
1884 2508 50 40 de
1970 2507 274 54 professions
2280 2519 39 29 et
2357 2507 295 41 d'endurance
2688 2505 84 42 très

1606 2569 256 42 différentes
1903 2582 39 29 et
1983 2569 176 54 qu'afin
2204 2570 50 40 de
2296 2568 218 42 renforcer
2554 2566 196 53 l'objecti-

1605 2631 89 42 vité
1723 2632 70 40 des
1823 2630 284 54 expériences,
2140 2646 59 26 on
2231 2646 22 26 a
2287 2630 154 46 limité,
2476 2630 110 42 dans
2615 2630 40 41 la
2686 2642 58 29 me-

1606 2709 94 26 sure
1735 2694 59 40 du
1831 2693 192 53 possible
2062 2692 274 43 .l'influence
2371 2692 59 42 du
2467 2691 167 42 facteur
2670 2705 77 39 psy-

1604 2755 281 54 chologique.

1672 2818 94 40 Nul
1800 2818 135 40 doute
1963 2832 83 39 que
2076 2816 162 42 l'étude
2266 2816 50 42 de
2344 2817 39 41 la
2413 2815 167 54 fatigue
2610 2828 135 41 appor-

1606 2891 86 30 tera
1727 2880 50 41 de
1815 2879 202 53 précieux
2055 2879 370 53 renseignements
2459 2893 114 38 pour
2610 2878 139 52 l'orga-

1605 2940 196 43 nisation
1836 2942 71 40 des
1940 2941 279 41 habitations
2252 2952 39 30 et
2324 2955 115 38 pour
2474 2939 297 53 l'adaptation

1604 3004 72 40 des
1712 3003 231 41 méthodes
1978 3002 261 54 ménagères.

1671 3076 129 41 Nous
1846 3091 51 26 ne
1940 3091 211 39 pouvons
2192 3091 157 39 songer
2392 3077 21 40 à
2459 3075 200 55 analyser
2700 3075 72 41 dès

1605 3139 283 41 maintenant
1918 3140 57 40 les
2005 3138 233 43 différents
2268 3149 124 43 types
2420 3140 49 40 de
2497 3138 183 42 cuisines
2709 3151 42 27 ra-

1606 3201 171 42 tionnel
1801 3216 40 26 es
1853 3217 8 28 ;
1902 3216 111 26 vous
2050 3201 200 42 visiterez
2286 3201 174 42 bientôt
2499 3202 56 41 les
2589 3200 183 42 cuisines

1604 3263 50 41 de
1688 3262 237 42 Francfort
1955 3263 76 54 qui
2062 3275 103 30 sont
2196 3264 143 52 parmi
2374 3263 56 41 les
2462 3262 240 43 meilleures
2734 3272 38 31 et

1604 3325 77 53 qui
1729 3337 102 29 sont
1879 3324 162 54 placées
2091 3325 109 41 dans
2250 3336 144 32 toutes
2441 3326 56 40 les
2547 3324 224 42 nouvelles

1603 3388 330 41 constructions
1966 3387 50 42 de
2051 3387 37 42 la
2122 3387 117 43 ville.

1672 3450 284 40 Consacrons
1987 3449 153 53 plutôt
2169 3449 211 55 quelques
2411 3450 190 41 instants
2634 3450 21 41 à
2688 3463 82 26 une

1602 3511 329 42 considération
1956 3512 76 54 qui
2058 3524 105 40 peut
2187 3511 190 53 paraître
2401 3511 232 53 étrangère,
2661 3510 108 42 mais

1602 3573 77 54 qui
1721 3574 294 41 conditionne
2055 3585 123 30 toute
2217 3575 38 41 la
2294 3574 205 54 question
2547 3589 7 26 :
2599 3572 147 43 l'archi-

1603 3648 105 31 teet?
1754 3653 51 25 ne
1852 3650 106 40 peut
2003 3638 89 41 rien
2138 3652 98 27 sans
2285 3638 34 41 le
2363 3638 259 52 professeur,
2670 3651 97 27 sans
