3124 4252
2131 330 313 53 TEK
2522 330 60 53 H
2662 331 60 53 N
2804 322 47 62 Ê

309 3774 321 57 15/122

375 470 73 40 dre
470 480 105 30 cette
600 467 222 42 difficulté
844 482 78 37 par
950 466 224 44 l'habileté
1199 466 58 41 du
1284 465 111 43 tracé
1420 476 40 31 et
1485 465 51 41 de

375 530 263 41 l'exécution
666 529 50 40 de
744 529 38 40 la
809 527 149 44 voirie,
988 527 110 42 ainsi
1128 541 84 40 que
1237 541 79 38 par
1343 526 36 41 le
1404 540 104 39 grou-

372 602 177 42 pement
586 591 71 41 des
697 590 194 40 maisons
930 589 110 41 dans
1078 588 72 42 des
1190 602 134 28 zones
1360 587 170 43 calmes,

371 666 123 39 parce
525 653 165 52 qu'une
723 651 209 41 isolation
963 650 194 41 obtenue
1188 665 54 26 au
1275 664 162 37 moyen
1474 649 59 40 du

371 713 195 53 principe
598 712 304 41 architectural
934 712 50 40 de
1016 712 106 52 plan
1155 723 39 30 et
1226 711 50 41 de
1310 721 198 32 construc-

371 775 95 40 tion
513 775 109 40 n'est
665 788 76 37 pas
784 772 223 42 réalisable
1048 772 331 54 pratiquement
1423 772 110 41 dans

370 847 56 30 les
459 851 93 25 rues
584 833 256 43 ordinaires.

436 908 155 53 Quant
624 907 21 41 à
682 906 244 42 l'isolation
962 906 254 54 réciproque
1250 907 71 41 des
1355 906 151 41 habita-

370 969 92 41 tion
470 984 29 30 s,
531 985 83 37 que
640 984 40 25 ce
706 969 86 41 soit
817 967 412 42 horizontalement
1254 967 137 53 (entre
1419 966 84 42 mai-

367 1045 102 27 sons
494 1030 226 54 contigues
738 1030 15 52 )
779 1045 57 25 ou
859 1030 329 42 verticalement
1212 1028 137 53 (entre
1374 1042 130 38 appar-

368 1103 185 30 tements
581 1091 255 53 superposés
854 1091 29 52 ),
916 1092 38 41 la
983 1090 200 43 solution
1212 1102 63 31 est
1301 1091 229 52 beaucoup

364 1154 100 51 plus
495 1153 170 53 simple.

433 1226 149 41 D'une
609 1226 131 51 façon
767 1225 207 54 générale,
1005 1240 115 38 pour
1146 1240 42 27 ce
1214 1225 78 54 qui
1320 1239 209 27 concerne

366 1287 55 40 les
468 1287 261 41 immeubles
776 1287 114 41 dont
937 1288 10 40 l
970 1298 196 31 ossature
1212 1295 61 34 est
1322 1286 107 41 faite
1477 1300 50 27 en

364 1348 132 42 métal
529 1364 58 26 ou
621 1364 49 25 en
705 1348 163 42 ciment
903 1348 130 44 armé,
1068 1348 30 42 il
1130 1348 210 42 convient
1372 1347 133 42 d'atté-

364 1425 105 26 nuer
500 1413 55 40 les
584 1410 128 41 effets
741 1410 78 54 qui
850 1410 211 44 résultent
1094 1410 50 42 de
1176 1411 38 41 la
1244 1409 200 42 solution
1477 1409 50 40 de

361 1472 248 41 continuité
649 1482 118 31 entre
807 1472 38 41 la
885 1486 182 27 carcasse
1106 1483 40 31 et
1189 1473 56 41 les
1285 1469 149 55 parois
1476 1470 51 41 de

362 1533 278 53 remplissage
688 1533 71 41 des
803 1533 149 53 pièces.
1002 1533 97 54 Que
1144 1548 42 27 ce
1234 1533 158 43 travail
1440 1532 86 41 soit

361 1609 115 26 assez
502 1594 207 44 onéreux,
737 1609 112 27 nous
875 1610 50 26 ne
951 1596 36 41 le
1012 1605 257 31 contestons
1294 1609 92 38 pas,
1416 1593 109 42 mais

357 1656 27 40 il
414 1667 61 31 est
499 1656 328 52 indispensable
849 1672 116 37 pour
989 1672 85 38 que
1099 1656 58 42 les
1179 1656 143 43 bruits
1346 1656 176 42 suscités

358 1733 78 37 par
461 1732 60 27 un
548 1717 106 42 choc
680 1717 146 44 direct,
858 1717 99 42 telle
983 1733 83 39 que
1093 1718 40 41 la
1160 1718 186 46 marche,
1375 1717 149 42 n'aille

356 1795 77 37 pas
469 1779 307 41 incommoder
810 1781 57 41 les
900 1778 183 45 voisins.

424 1852 118 44 Bref,
573 1852 248 43 n'hésitons
846 1868 77 38 pas
949 1853 21 42 à
996 1852 229 55 employer
1252 1853 56 43 les
1337 1853 187 42 isolants

352 1913 204 53 (Celotex
585 1930 57 26 ou
672 1926 121 31 autre
810 1916 30 52 ).
869 1915 202 53 Plaçons,
1101 1931 79 38 par
1206 1915 212 52 exemple,
1449 1915 71 42 des

355 1976 166 41 bandes
554 1987 119 31 entre
703 1976 57 42 les
790 1976 187 43 hourdis
1008 1978 50 40 de
1090 1976 136 43 béton
1257 1989 40 30 et
1326 1976 57 42 les
1413 1976 83 42 lam-

356 2037 190 42 bourdes
578 2039 77 53 qui
688 2038 288 43 soutiennent
1009 2041 57 41 les
1097 2039 253 53 planchers;
1387 2039 113 42 inter-

355 2100 149 42 calons
532 2100 35 41 le
596 2100 139 42 même
760 2100 187 53 produit
971 2112 119 30 entre
1113 2100 57 42 les
1196 2100 161 42 mêmes
1384 2101 110 41 hour-

356 2161 65 42 dis
452 2173 40 30 et
522 2163 57 41 les
611 2177 120 26 murs
766 2162 237 53 mitoyens,
1039 2178 51 26 en
1122 2175 138 41 ayant
1290 2162 99 42 soin
1421 2174 75 30 tou-

354 2223 143 44 tefois,
534 2223 50 42 de
618 2223 203 54 ménager
852 2239 61 26 un
954 2239 22 26 «
1009 2224 102 42 vide
1146 2239 41 28 ».

422 2309 184 41 Faisons
652 2324 152 27 encore
850 2311 117 41 deux
1010 2310 311 43 observations
1372 2326 9 26 :
1431 2327 88 27 aux

353 2385 120 27 murs
521 2386 21 25 «
584 2371 237 53 maçonnés
864 2387 22 26 »
929 2372 135 42 d'une
1104 2372 157 55 brique
1301 2384 40 31 et
1380 2371 140 44 demie

351 2432 103 45 (une
485 2433 169 54 brique,
690 2434 101 41 c'est
826 2445 102 31 tout
962 2434 21 42 à
1016 2434 85 43 fait
1136 2434 315 52 insuffisant),
1488 2434 30 42 il

350 2494 207 43 vaudrait
588 2495 150 42 mieux
769 2495 241 43 substituer
1039 2497 72 41 des
1144 2512 120 27 murs
1298 2513 52 27 en
1381 2497 137 41 béton

349 2556 218 42 cellulaire
614 2557 115 42 dont
774 2557 36 42 le
854 2557 254 44 coefficient
1153 2558 257 56 acoustique
1458 2570 62 31 est

349 2618 101 53 plus
493 2618 244 45 favorable,
786 2619 21 42 à
854 2620 148 42 moins
1045 2621 143 55 qu'on
1231 2636 53 26 ne
1328 2620 192 54 préférât

349 2681 155 52 placer,
537 2681 51 41 de
614 2682 167 54 chaque
806 2682 95 42 côté
926 2683 58 41 du
1013 2698 114 33 mur,
1160 2698 85 27 une
1270 2682 171 43 cloison
1468 2683 51 42 de

350 2742 187 42 Celotex
577 2758 58 26 ou
678 2743 110 42 d'un
830 2754 122 32 autre
989 2744 166 44 isolant
1195 2760 99 27 avec
1336 2745 182 42 matelas

350 2804 123 42 d'air.
525 2805 188 42 D'autre
759 2817 113 41 part,
921 2806 101 42 bien
1070 2822 84 39 que
1205 2806 35 42 le
1287 2807 231 53 complexe

349 2865 144 42 formé
522 2882 78 37 par
629 2867 71 42 des
740 2883 22 26 «
795 2867 109 55 gîtes
939 2883 23 27 »
994 2883 51 28 en
1072 2868 98 43 bois
1200 2868 97 54 (par
1327 2868 57 43 les
1414 2868 82 43 soli-

348 2944 70 26 ves
436 2928 30 52 ),
497 2930 36 42 le
561 2929 210 53 plancher
796 2940 39 32 et
861 2933 35 40 le
920 2930 276 55 plafonnage
1222 2930 87 43 soit
1334 2946 61 28 un
1422 2931 93 41 bon

348 2991 271 41 conducteur
659 2992 71 42 des
769 2992 231 44 sonorités,
1042 3008 125 38 parce
1209 2993 280 55 qu'économi-

346 3067 97 38 que,
487 3064 106 31 cette
633 3053 201 43 solution
873 3066 106 41 peut
1016 3054 374 53 provisoirement
1430 3055 85 42 être

343 3115 185 53 adoptée
560 3116 109 42 dans
701 3117 56 41 les
789 3116 195 43 maisons
1017 3116 313 45 individuelles
1360 3119 59 42 où
1451 3133 61 29 ses

347 3176 337 44 inconvénients
723 3190 104 30 sont
869 3178 223 43 d'ailleurs
1132 3179 175 43 limités.

413 3250 37 42 Il
501 3250 309 43 conviendrait
859 3252 244 54 également
1151 3253 273 56 d'envisager
1475 3253 38 41 la

344 3312 205 54 question
610 3313 72 42 des
740 3314 309 53 trépidations,
1112 3314 109 44 mais
1278 3317 37 41 le
1370 3328 143 40 temps

343 3390 152 37 presse.
532 3375 143 42 Notre
711 3376 224 43 ambition
972 3377 111 42 n'est
1116 3394 76 37 pas
1228 3390 98 30 tant
1364 3379 51 41 de
1451 3378 42 42 ré-

343 3436 159 42 soudre
532 3440 56 41 les
617 3438 250 52 problèmes
897 3439 51 43 de
977 3438 291 44 l'habitation
1298 3455 85 40 que
1412 3440 100 41 d'en

342 3498 214 43 favoriser
591 3515 85 27 une
709 3500 128 42 étude
870 3500 179 44 sérieuse
1082 3516 38 30 et
1157 3502 187 42 efficace.

410 3572 78 41 Un
535 3584 121 31 autre
701 3587 144 40 aspect
891 3575 51 41 de
984 3586 107 31 cette
1137 3575 207 56 question
1394 3592 114 27 nous

341 3636 153 40 attend
542 3652 8 25 :
596 3636 343 54 l'organisation
981 3638 240 55 ménagère.
1264 3639 157 42 Avant
1461 3640 50 41 de

1687 468 271 45 l'examiner,
2003 468 32 41 si
2075 482 113 27 nous
2228 468 197 41 tentions
2465 469 50 40 de
2556 468 203 45 résumer,
2800 482 50 26 en

1683 529 210 54 quelques
1924 529 217 42 formules
2173 529 245 53 lapidaires,
2456 532 56 40 les
2543 529 122 42 bases
2694 529 130 54 physi-

1684 605 104 38 ques
1830 590 50 40 de
1924 590 289 41 l'habitation
2256 590 259 46 minimum,
2561 605 114 27 nous
2717 605 108 38 pour-

1686 651 120 41 rions
1835 651 90 41 dire
1964 666 8 26 :

1753 725 109 43 AIR
1903 741 8 25 :
1950 725 257 42 L'aération
2239 733 245 34 constante.

1751 812 308 42 CHALEUR
2088 828 8 25 :
2122 813 59 41 Le
2201 812 238 53 chauffage
2458 813 165 41 central
2643 811 205 43 collectif.

1751 896 291 44 LUMIERE
2094 913 9 26 :
2148 898 64 42 La
2254 898 166 42 fenêtre
2462 898 198 42 ramenée
2702 898 24 41 à
2766 912 86 26 une

1684 959 208 41 fonction
1922 959 220 42 exclusive
2170 959 199 42 d'éclairé
2373 968 137 33 ment.

1750 1046 122 41 SON
1912 1062 8 25 :
1958 1045 526 44 CONSTRUCTION
2524 1061 9 26 :
2570 1045 255 42 L'interven-

1682 1107 96 41 tion
1810 1108 74 41 des
1914 1107 250 42 matériaux
2196 1105 241 44 cellulaires
2468 1117 41 32 et
2540 1108 73 41 des
2647 1105 200 42 isolants.

1748 1194 502 43 URBANISATION
2307 1209 13 26 ;
2374 1195 117 43 Rues
2543 1203 41 32 et
2635 1192 216 54 quartiers

1680 1256 269 41 résidentiels
1980 1255 154 48 (zones
2166 1256 52 41 de
2248 1255 156 42 silence
2420 1253 31 53 ).

1746 1390 190 42 Passons
1969 1390 283 42 maintenant
2280 1389 21 42 à
2330 1388 214 55 l'analyse
2573 1388 197 43 détaillée
2800 1388 50 42 de

1677 1451 342 54 l'organisation
2066 1451 50 41 de
2160 1452 39 41 la
2246 1451 189 46 maison,
2484 1450 268 43 c'est-à-dire
2797 1451 51 41 de

1678 1514 300 52 l'adaptation
2007 1514 72 41 des
2105 1514 149 52 parois
2282 1525 41 30 et
2348 1514 72 41 des
2445 1513 189 42 surfaces
2660 1528 88 26 aux
2775 1512 50 42 be-

1677 1576 120 40 soins
1836 1576 50 41 de
1927 1575 38 42 la
2007 1575 172 42 famille
2221 1575 77 55 qui
2337 1575 80 45 vit,
2460 1575 78 54 qui
2580 1589 172 39 mange;
2769 1574 79 54 qui

1677 1637 214 45 travaille,
1924 1637 78 54 qui
2033 1653 39 26 se
2105 1651 162 39 repose.

1675 1773 51 42 C.
1757 1773 435 43 L'ORGANISATION
2216 1782 64 32 DE
2306 1773 381 42 L'HABITATION.

1745 1835 155 41 Avant
1948 1846 115 33 tout,
2113 1849 84 40 que
2241 1849 115 27 nous
2402 1849 52 27 ne
2500 1832 349 57 revendiquions

1674 1897 132 53 point
1838 1898 35 41 le
1899 1897 211 54 privilège
2138 1897 51 43 de
2216 1896 284 43 l'inventeur.

1739 1971 173 53 Depuis
1946 1971 223 52 toujours,
2209 1971 36 42 le
2278 1985 286 40 programme
2600 1971 51 42 de
2685 1969 138 43 l'habi-

1674 2032 145 44 tation
1852 2045 61 31 est
1943 2032 113 47 basé,
2093 2032 180 55 jusqu'à
2308 2048 62 27 un
2401 2032 163 43 certain
2599 2031 138 55 degré,
2775 2046 73 28 sur

1674 2096 36 40 le
1746 2106 296 43 groupement
2079 2095 71 41 des
2186 2094 247 44 fonctions.

1741 2169 104 42 Une
1872 2170 174 41 maison
2073 2168 261 55 bourgeoise
2361 2185 21 26 a
2408 2168 211 54 toujours
2646 2168 62 42 été
2734 2168 90 42 divi-

1673 2231 62 41 sée
1767 2247 51 25 en
1856 2232 161 42 locaux
2053 2231 52 42 de
2137 2231 118 53 jour,
2292 2231 50 43 de
2377 2230 101 44 nuit
2515 2242 40 31 et
2588 2230 52 43 de
2674 2229 170 44 service.

1673 2293 159 46 Seules,
1873 2295 56 41 les
1966 2293 307 42 installations
2310 2293 228 43 santiaires
2575 2309 39 26 se
2650 2292 168 43 confon-

1673 2356 106 41 dent
1806 2371 51 26 en
1886 2356 140 52 partie
2054 2371 99 26 avec
2179 2356 58 41 les
2268 2355 230 42 chambres
2526 2356 21 41 à
2576 2355 199 42 coucher.

1739 2429 163 45 Certes,
1936 2431 38 41 la
2007 2428 254 42 réalisation
2294 2443 62 30 est
2383 2441 191 31 souvent
2605 2427 237 47 mauvaise,

1672 2491 110 42 mais
1807 2491 36 42 le
1868 2491 199 53 principe
2092 2491 135 42 existe
2251 2491 155 55 quand
2432 2490 155 43 même.
2614 2489 206 57 Pratique-

1672 2564 135 32 ment,
1839 2568 116 38 pour
1979 2568 42 26 ce
2046 2553 78 55 qui
2151 2568 210 27 concerne
2387 2552 294 43 l'habitation
2710 2552 108 43 mini-

1671 2630 140 29 mum,
1950 2615 57 42 les
2044 2615 356 55 questionnaires
2434 2627 105 30 sont
2574 2615 21 42 à
2630 2629 84 38 peu
2749 2614 97 55 près

1671 2677 247 45 unanimes,
2041 2678 39 41 la
2106 2677 102 54 plus
2235 2677 166 54 grande
2427 2676 243 43 confusion
2701 2676 141 54 règne,

1670 2739 100 41 sauf
1790 2738 301 44 évidemment
2111 2740 110 41 dans
2244 2740 59 42 les
2322 2738 221 54 exemples
2565 2738 177 43 récents.
2769 2738 75 42 On

1669 2801 177 44 cuisine,
1880 2817 59 26 on
1973 2802 104 42 dort
2110 2813 40 32 et
2179 2817 60 27 on
2272 2801 165 44 lessive,
2472 2802 110 42 dans
2613 2801 231 52 beaucoup

1669 2864 50 41 de
1745 2864 125 42 salles
1897 2879 276 27 communes.
2202 2865 79 43 Or,
2313 2865 140 41 même
2480 2863 37 42 le
2541 2862 108 55 plan
2681 2863 36 42 le
2743 2862 101 55 plus

1668 2926 231 42 concentré
1930 2942 98 27 avec
2070 2942 21 25 «
2126 2926 196 54 Klapbet
2357 2942 23 26 »
2411 2938 169 42 permet
2614 2941 86 27 une
2731 2924 90 43 divi-

1668 2988 97 41 sion
1813 3004 22 25 «
1875 2988 202 43 effective
2120 3004 22 26 »
2183 2989 72 42 des
2289 2987 249 45 fonctions.

1736 3064 126 41 Cette
1894 3064 196 41 division
2122 3064 123 42 étant
2275 3063 248 42 considérée
2555 3079 173 26 comme
2760 3076 86 27 une

1667 3126 123 51 leçon
1840 3137 233 30 constante
2126 3126 50 41 de
2226 3125 299 54 l'expérience,
2576 3123 268 44 examinons

1666 3187 190 42 d'abord
1887 3188 57 41 les
1978 3188 160 41 locaux
2169 3188 50 42 de
2250 3188 170 42 service.

1734 3286 33 42 I.
1809 3288 66 41 La
1905 3286 178 43 cuisine.

1734 3384 21 25 a
1774 3368 14 52 )
1818 3368 62 41 La
1912 3368 201 42 solution
2145 3366 349 44 traditionnelle.

1734 3452 80 41 hzs
1849 3452 193 43 familles
2076 3453 265 42 laborieuses
2376 3453 155 43 vivent
2565 3454 110 41 dans
2709 3453 36 42 le
2778 3453 42 42 lo-

1663 3515 62 41 cal
1764 3514 59 42 où
1864 3515 93 41 l'on
1999 3515 177 42 cuisine.
2218 3516 71 42 Et,
2333 3532 99 26 sans
2474 3516 149 45 doute,
2667 3515 174 43 était-ce

1663 3588 39 30 et
1748 3588 125 30 est-ce
1920 3593 152 26 encore
2120 3579 39 41 la
2204 3578 188 42 volonté
2435 3577 324 44 d'économiser
2804 3578 37 41 le

1663 3639 300 42 combustible
2002 3651 40 30 et
2078 3640 51 41 de
2166 3640 238 54 simplifier
2441 3641 36 42 le
2514 3641 160 44 travail
2713 3641 51 42 de
2801 3640 40 41 la
