3124 4252
2480 3827 293 56 18/125

310 364 311 55 TEK
700 368 57 52 H
838 367 60 54 N
979 359 46 62 É

381 503 60 51 d)
477 503 78 40 Un
589 504 229 52 problème
850 505 234 43 méconnu.

380 588 129 41 Nous
566 605 51 25 ne
675 605 210 38 pouvons
944 591 190 43 clôturer
1191 595 35 40 le
1285 595 194 52 chapitre

313 648 160 42 réservé
512 650 21 40 à
572 651 39 41 ia
649 652 163 41 cuisine
847 668 99 26 sans
984 654 89 41 dire
1111 656 211 53 quelques
1362 665 117 32 mots

312 710 50 40 de
398 710 294 43 l'évacuation
729 714 72 41 des
835 714 172 43 déchets
1044 716 50 41 de
1130 718 38 40 la
1203 717 66 41 vie
1308 717 142 42 domes-

310 770 134 56 tique»

376 833 125 42 Dans
544 835 56 40 les
644 835 122 41 blocs
809 837 224 41 verticaux
1081 838 391 53 d'appartements,

311 894 11 40 1
346 894 259 43 évacuation
649 896 255 43 immédiate
944 910 39 30 et
1023 899 156 42 directe
1221 915 53 26 au
1314 915 163 38 moyen

310 955 26 40 d
360 971 84 26 une
476 957 222 41 cheminée
731 958 78 54 qui
842 959 196 43 donduit
1074 962 56 40 les
1165 961 171 42 déchets
1369 962 110 40 dans

309 1031 85 27 une
428 1018 208 42 chambre
671 1019 23 41 à
728 1020 288 42 combustion
1053 1022 58 41 où
1146 1022 52 41 ils
1232 1035 103 30 sont
1373 1024 84 41 inci-

309 1078 132 45 nérés,
472 1080 203 52 pourrait
703 1080 85 42 être
821 1082 198 52 adoptée,
1052 1083 110 42 mais
1193 1099 114 26 nous
1337 1084 118 53 préfé-

308 1154 104 26 rons
452 1155 84 26 une
576 1141 201 42 solution
816 1143 101 52 plus
959 1144 184 42 radicale
1181 1157 38 30 et
1257 1146 77 53 qui
1372 1157 106 41 peut

308 1201 273 55 s'appliquer
609 1202 21 42 à
661 1214 101 30 tous
791 1204 56 41 les
877 1219 66 26 cas
979 1221 8 25 :
1020 1206 25 41 r
1055 1205 260 44 évacuation
1348 1219 104 30 auto-

308 1263 198 54 matique
542 1264 72 41 des
649 1265 194 41 ordures'
866 1266 249 54 ménagères
1149 1284 51 26 en
1238 1284 99 26 vase
1371 1269 102 44 clos,

306 1324 188 52 système
514 1325 91 54 qui,
632 1337 126 31 outre
778 1342 61 27 ses
863 1339 236 42 avantages
1131 1345 20 25 «
1179 1330 228 42 intérieurs
1435 1345 38 29 »,

306 1400 21 26 a
373 1386 71 41 des
490 1386 320 54 répercussions
857 1389 329 56 urbanistiques
1230 1392 222 41 considéra-

306 1447 104 45 bles,
450 1448 72 41 des
552 1449 154 52 points
739 1450 51 41 de
823 1466 81 26 vue
937 1451 51 41 de
1023 1452 39 42 la
1096 1453 221 52 poussière
1350 1465 40 31 et
1426 1454 51 40 de

306 1508 38 42 la
375 1509 277 43 circulation»

373 1570 288 55 L'ingénieur
687 1573 143 41 Pierre
856 1574 253 42 Gandillon
1141 1592 21 26 a
1190 1576 81 42 fait
1300 1592 53 26 au
1383 1576 69 41 der-

304 1632 92 41 nier
452 1633 200 54 Congrès
713 1634 330 45 International
1102 1637 372 54 d'Organisation

304 1694 291 55 Scientifique
635 1696 59 41 du
737 1696 190 43 Travail
967 1698 155 52 (Paris,
1174 1700 172 53 1929),
1391 1714 85 27 une

302 1757 387 42 communication
722 1758 285 43 intéressante
1037 1760 21 41 à
1093 1776 42 26 ce
1165 1761 128 52 sujet,
1328 1762 77 55 qui
1437 1776 38 26 se

302 1818 194 42 rattache
534 1819 155 53 plutôt
729 1835 54 26 au
827 1821 211 42 domaine
1078 1822 51 42 de
1167 1823 304 42 l'urbanisme.

369 1879 69 41 En
473 1880 116 42 deux
622 1892 133 35 mots,
790 1882 115 42 voici
944 1899 8 25 :
988 1883 81 42 Les
1099 1898 303 28 eaux-vannes
1435 1895 40 31 et

300 1941 183 42 ordures
519 1954 104 31 sont
661 1943 200 42 évacuées
895 1960 80 37 par
1012 1945 57 42 les
1103 1946 217 53 appareils
1355 1947 95 41 sani-

301 2002 127 42 taires
480 2014 41 30 et
570 2004 170 42 vidoirs
791 2006 21 41 à
866 2007 146 42 chasse
1062 2007 126 42 d'eau
1240 2007 110 42 dans
1402 2008 71 42 des

300 2075 174 42 tuyaux
502 2065 51 42 de
578 2067 143 46 chute,
752 2081 39 31 et
818 2068 51 41 de
894 2068 54 46 là,
979 2068 110 42 dans
1116 2069 72 41 des
1218 2070 150 42 drains
1395 2070 78 54 qui

299 2126 278 43 aboutissent
599 2129 22 40 à
644 2143 60 26 un
729 2129 218 54 récepteur
971 2131 232 42 d'ordures
1226 2143 40 30 et
1289 2133 157 41 d'eaux-

297 2203 179 31 vannes,
524 2189 177 43 installé
744 2206 102 28 sous
892 2192 39 42 la
972 2192 100 43 voie
1115 2193 231 56 publique.
1391 2194 80 41 Les

297 2250 200 43 matières
525 2252 160 42 solides
714 2268 40 26 se
782 2253 290 43 rassemblent
1099 2267 40 30 et
1166 2271 39 26 se
1234 2255 210 42 maintien-

296 2324 107 30 nent
433 2313 111 42 dans
572 2315 57 42 les
658 2314 239 54 récepteurs
924 2316 181 55 jusqu'à
1134 2317 39 42 la
1203 2317 178 53 période
1410 2317 60 42 du

295 2388 154 40 curage
476 2376 345 56 automatiquqe
846 2393 79 37 par
953 2378 146 42 chasse
1126 2378 125 47 d'air,
1279 2380 78 54 qui
1384 2379 64 42 uti-

295 2436 75 41 lise
402 2437 39 41 la
473 2437 199 53 pression
704 2439 378 56 atmosphérique,
1118 2441 148 44 tandis
1298 2457 85 40 que
1412 2442 58 41 les

295 2497 189 55 liquides
522 2499 241 43 s'écoulent
800 2502 413 44 continuellement,
1255 2519 99 26 sans
1394 2518 50 26 au-

293 2575 109 26 cune
433 2561 305 43 intervention
770 2562 271 56 mécanique.

362 2622 254 54 L'appareil
643 2624 51 42 de
715 2625 164 42 cuisine
903 2625 230 43 nécessaire
1157 2642 53 27 au
1234 2627 207 42 fonction-

293 2696 181 30 nement
501 2685 59 42 du
586 2686 188 53 système
800 2698 62 31 est
887 2703 60 26 un
974 2687 301 48 évier-vidoir,
1303 2689 139 42 consti-

292 2746 72 41 tué
402 2747 135 43 d'une
577 2759 172 31 cuvette
785 2764 174 27 comme
997 2765 59 27 un
1098 2750 111 42 évier
1246 2750 215 47 habituel,

291 2808 110 41 mais
429 2808 40 42 la
497 2820 171 32 cuvette
693 2824 62 31 est
785 2811 236 53 supportée
1048 2823 106 30 cette
1182 2812 87 42 fois
1295 2829 81 37 par
1403 2827 60 27 un

290 2870 148 42 vidoir
469 2871 111 43 dans
613 2872 142 54 lequel
787 2884 104 31 sont
922 2874 248 42 introduits
1202 2874 57 42 les
1292 2874 173 42 déchets

291 2933 50 41 de
377 2933 165 42 cuisine
574 2945 40 30 et
648 2935 78 54 qui
759 2946 61 30 est
852 2935 99 42 relié
984 2951 54 26 au
1077 2948 140 41 tuyau
1251 2936 50 42 de
1335 2937 130 41 chute

289 3010 78 37 par
402 3010 60 26 un
497 2995 265 43 obturateur
795 3012 99 26 avec
929 2998 181 53 syphon
1146 2999 217 42 intercalé.
1402 2998 62 42 Ce

289 3057 187 52 système
506 3069 61 31 est
596 3058 103 53 plus
727 3058 294 56 économique
1054 3076 84 38 que
1168 3061 57 41 les
1255 3060 208 53 systèmes

287 3119 325 53 généralement
636 3121 242 53 employés,
908 3122 77 54 qui
1011 3121 231 45 cumulent
1273 3122 57 43 les
1356 3122 107 42 frais

288 3181 27 41 d
337 3181 134 53 égoût
499 3192 41 32 et
568 3197 108 27 ceux
706 3182 327 44 d'enlèvement
1063 3183 71 43 des
1163 3185 183 42 ordures
1376 3183 58 42 mé-

287 3243 189 54 nagères.

353 3305 129 43 Tant
523 3306 143 55 qu'on
704 3307 234 53 procédera
979 3308 21 41 à
1040 3308 312 43 l'enlèvement
1389 3309 72 41 des

285 3368 183 42 ordures
502 3384 79 38 par
616 3368 210 48 voitures,
866 3370 167 42 dotons
1070 3385 82 28 nos
1187 3370 187 45 cuisines
1411 3371 50 41 de

284 3430 186 54 baquets
510 3430 23 42 à
575 3430 237 43 fermeture
850 3431 277 56 hermétique
1170 3448 59 27 ou
1271 3434 50 42 de
1360 3432 101 42 bacs

283 3491 141 54 placés
448 3492 110 43 dans
583 3493 72 42 des
679 3493 210 42 armoires
917 3493 155 44 situées
1096 3504 152 32 contre
1272 3509 60 27 un
1360 3509 101 27 mur

282 3554 229 47 extérieur,
558 3554 115 43 donc
715 3555 287 43 directement
1042 3556 223 47 ventilées,
1310 3556 127 43 l'enlè-

282 3631 179 30 vement
492 3617 72 43 des
598 3617 184 42 ordures
810 3633 40 28 se
883 3618 167 43 faisant
1080 3634 80 38 par
1192 3618 264 44 l'extérieur.

350 3679 159 54 Quant
536 3694 89 28 aux
654 3679 188 48 trémies,
877 3695 99 27 sans
1004 3681 209 42 chambre
1242 3681 192 42 d'inciné-

1629 515 159 45 ration,
1816 516 76 54 qui
1915 529 102 30 sont
2040 519 346 44 ordinairement
2409 523 246 53 employées
2678 525 108 40 dans

1629 591 80 26 nos
1763 578 243 52 logements
2056 581 267 52 superposés,
2376 583 98 41 elles
2528 586 128 40 n'ont
2711 600 75 37 pas

1628 638 162 42 donné,
1842 639 21 40 à
1915 651 125 29 notre
2089 642 320 43 connaissance,
2466 645 70 40 des
2587 645 199 42 résultats

1626 699 274 44 concluants.

1695 831 57 41 II.
1783 833 64 41 La
1877 833 170 43 laverie.

1695 941 149 42 D'une
1889 943 131 52 façon
2070 943 207 54 générale,
2326 946 39 41 la
2410 946 199 42 solution
2655 948 49 40 de
2749 947 38 41 la

1628 1003 155 41 laverie
1804 1004 221 41 collective
2047 1005 198 53 prévaut.
2268 1006 246 42 Comment
2535 1023 49 25 en
2609 1008 178 41 serait-il

1623 1066 273 40 autrement?
1932 1066 79 41 Les
2043 1078 255 42 arguments
2329 1070 77 52 qui
2439 1069 199 52 plaident
2672 1085 112 39 pour

1626 1125 79 41 elle
1734 1138 103 29 sont
1868 1127 240 53 multiples.
2218 1144 10 26 :

1694 1199 220 54 Puisqu'il
1940 1213 60 29 est
2023 1202 257 52 impossible
2303 1205 51 40 de
2378 1207 169 39 lessiver
2571 1205 109 42 dans
2705 1219 84 28 une

1627 1261 163 40 cuisine
1814 1263 230 51 composée
2068 1264 109 41 ainsi
2200 1280 82 39 que
2307 1280 112 26 nous
2446 1268 33 39 le
2507 1267 277 42 souhaitons,

1627 1333 39 29 et
1691 1337 83 39 que
1800 1323 224 42 d'ailleurs
2049 1326 56 40 les
2129 1325 158 43 odeurs
2314 1327 49 41 de
2389 1327 148 41 lessive
2562 1341 102 30 sont
2689 1343 74 38 par-

1628 1383 318 43 ticulièrement
1993 1385 305 54 désagréables,
2349 1389 166 53 chaque
2566 1391 222 52 logement

1627 1445 169 42 devrait
1828 1446 203 52 posséder
2064 1463 59 26 un
2156 1449 109 43 local
2301 1449 159 42 réservé
2496 1451 19 40 à
2549 1463 62 29 cet
2644 1466 140 39 usage.

1694 1518 114 42 Afin
1854 1534 84 39 que
1983 1522 57 40 les
2084 1522 157 40 odeurs
2285 1534 175 40 partent
2506 1524 281 41 directement

1626 1595 98 26 sans
1759 1580 308 43 incommoder
2102 1597 228 38 personne,
2369 1600 56 25 on
2461 1586 201 51 pourrait
2695 1585 68 53 pla-

1625 1656 64 26 cer
1713 1656 41 27 ce
1780 1643 111 41 local
1916 1658 72 26 sur
2014 1644 34 40 le
2073 1644 133 42 toit...
2235 1644 144 43 Hélas,
2412 1646 35 41 le
2473 1646 179 42 résultat
2678 1648 109 41 n'est

1625 1718 76 37 pas
1725 1705 329 52 proportionné
2077 1706 21 40 à
2122 1706 39 41 la
2182 1706 196 53 dépense.
2404 1708 78 41 Un
2510 1707 178 54 ménage
2709 1723 52 26 ou-

1625 1764 112 42 vrier
1773 1766 162 52 peut-il
1973 1778 234 42 supporter
2247 1769 49 40 de
2334 1769 77 41 tels
2448 1769 130 42 frais?
2617 1771 35 42 Il
2689 1769 98 42 faut

1624 1841 134 38 payer
1800 1842 93 26 non
1938 1828 239 42 seulement
2223 1832 37 40 la
2305 1832 304 40 construction
2656 1832 49 41 de
2748 1832 37 40 la

1626 1888 169 45 !averie,
1826 1890 110 41 mais
1964 1891 113 41 aussi
2105 1891 100 41 celle
2232 1892 132 41 d'une
2392 1892 101 41 salle
2520 1893 49 41 de
2597 1892 186 54 séchage.

1624 1950 57 42 Et
1711 1950 21 41 à
1760 1966 62 26 ces
1849 1950 190 43 débours
2064 1952 334 47 considérables,
2430 1954 29 43 il
2490 1955 98 41 faut
2615 1954 172 53 ajouter

1625 2013 56 40 les
1710 2011 106 43 frais
1846 2013 50 41 de
1927 2013 207 46 matériel,
2168 2014 217 54 lessivage,
2418 2016 203 42 douches,
2655 2030 104 38 appa-

1625 2074 97 42 reils
1757 2074 49 41 de
1840 2089 235 40 repassage,
2110 2087 76 31 etc.

1692 2147 103 41 Une
1841 2148 156 42 laverie
2043 2150 186 40 centrale
2280 2150 57 41 où
2387 2151 48 41 de
2485 2151 301 43 confortables

1633 2223 21 26 «
1686 2208 137 43 boxes
1854 2225 22 26 »
1908 2210 50 41 de
1987 2210 205 55 lessivage
2220 2223 102 30 sont
2350 2212 187 53 séparées
2567 2213 70 42 des
2665 2228 90 26 com-

1622 2270 264 53 partiments
1919 2272 50 41 de
2002 2272 174 55 séchage
2209 2274 215 44 artificiel,
2461 2274 119 42 voilà
2613 2275 77 54 qui
2726 2286 59 29 est

1621 2333 101 52 plus
1769 2333 303 55 économique,
2120 2335 100 52 p!us
2267 2335 281 55 hygiénique,
2599 2347 40 29 et
2684 2352 75 36 sup-

1621 2395 153 51 prime,
1819 2410 54 26 au
1918 2396 189 52 surplus,
2155 2411 59 27 un
2259 2397 186 43 élément
2486 2397 50 44 de
2582 2397 203 42 désordre

1621 2456 110 42 dans
1767 2457 56 41 les
1859 2457 129 53 plans
2024 2457 265 45 sévèrement
2327 2460 187 42 mesurés
2550 2460 72 42 des
2658 2460 102 41 habi-

1621 2519 166 42 tations
1825 2519 257 43 minimum.

1685 2654 79 42 III.
1804 2655 64 41 La
1906 2656 104 41 salle
2046 2657 51 41 de
2134 2655 140 43 bains.

1685 2753 44 41 Si
1767 2754 39 41 la
1846 2753 208 43 fonction
2096 2754 324 43 intermittente
2459 2756 50 41 de
2549 2754 39 43 la
2630 2755 155 42 laverie

1617 2815 140 41 milite
1805 2830 50 26 en
1905 2815 155 42 faveur
2107 2816 51 41 de
2205 2818 39 40 la
2296 2818 200 41 solution
2545 2817 237 42 collective,

1617 2877 163 53 l'usage
1812 2889 209 30 constant
2051 2879 134 41 d'une
2214 2879 104 42 salle
2347 2880 50 41 de
2426 2880 128 41 bains
2582 2879 84 42 fait
2693 2879 69 53 pré-

1616 2938 109 42 férer
1759 2940 35 41 le
1825 2951 104 41 type
1959 2940 265 42 individuel.

1683 3001 130 42 Parce
1842 3002 160 54 qu'elle
2030 3013 230 31 concentre
2289 3015 101 30 tout
2418 3018 41 26 ce
2487 3004 77 54 qui
2592 3015 60 30 est
2681 3003 83 41 rela-

1616 3063 56 41 tif
1705 3063 22 41 à
1763 3063 237 54 l'hygiène,
2039 3064 39 41 la
2114 3065 102 41 salle
2255 3065 50 41 de
2340 3065 127 42 bains
2504 3081 39 26 se
2580 3076 204 31 trouvera

1615 3124 358 43 nécessairement
2012 3126 96 53 près
2147 3126 71 42 des
2256 3127 229 42 chambres
2523 3128 21 41 à
2583 3128 197 41 coucher.

1616 3187 90 42 Son
1760 3187 175 42 meuble
2000 3187 235 54 principal,
2291 3189 40 41 la
2381 3189 243 55 baignoire,
2679 3199 105 44 peut

1615 3249 177 42 n'avoir
1819 3265 85 39 que
1945 3265 13 26 1
1997 3265 59 26 m.
2095 3265 53 27 10
2182 3250 38 39 X
2262 3265 12 26 1
2314 3267 57 27 m.
2407 3266 74 39 30,
2514 3266 40 27 ce
2583 3252 78 54 qui
2693 3251 67 42 éco-

1615 3311 171 42 nomise
1820 3311 191 43 d'abord
2043 3312 51 42 de
2126 3313 39 43 la
2197 3312 177 43 matière
2414 3329 22 25 «
2470 3312 230 56 baignoire
2733 3328 46 31 »;

1613 3373 182 46 ensuite,
1835 3374 51 41 de
1924 3374 39 42 la
2000 3373 230 54 superficie
2276 3390 22 26 «
2340 3375 172 42 maison
2553 3390 22 25 »
2590 3391 9 30 ;
2640 3375 138 42 enfin,

1615 3436 58 40 du
1706 3436 183 42 volume
1926 3451 21 27 «
1979 3451 77 28 eau
2089 3451 41 28 »,

1682 3497 240 55 Signalons
1976 3513 172 27 comme
2203 3498 227 43 ustensiles
2482 3498 269 53 complémen-

1614 3559 141 47 taires,
1785 3575 61 28 un
1877 3560 163 43 lavabo
2067 3572 40 31 et
2136 3576 60 26 un
2227 3561 71 41 W.
2331 3561 52 42 C.
2416 3561 99 53 plus
2545 3575 57 28 ou
2635 3560 145 42 moins

1612 3622 121 42 isolé.
1760 3622 56 54 (Il
1839 3634 109 31 vaut
1969 3622 151 43 mieux
2145 3622 176 54 prévoir
2344 3625 36 41 le
2406 3624 73 41 W.
2505 3623 52 42 C.
2583 3623 21 41 à
2630 3622 150 53 l'étage

1611 3685 96 52 près
1733 3685 51 41 de
1808 3685 39 41 la
1872 3684 104 43 salle
2000 3685 53 42 de
2074 3685 128 41 bains
2225 3686 137 54 qu'au
2386 3683 389 46 rez-de-chaussée;
