3124 4252
2477 3835 290 57 12/119

296 361 312 56 TEK
685 367 59 52 H
825 367 60 53 N
966 360 46 62 i

299 506 143 41 tation
475 522 83 38 que
592 508 34 41 le
660 509 301 53 déplacement
992 512 261 45 horizontal
1286 516 50 41 de
1368 515 97 42 l'air

298 567 193 42 enfermé
555 581 61 30 est
678 571 100 52 plus
845 571 128 44 facile
1037 588 85 40 que
1188 590 80 27 son
1337 591 96 27 mou-

297 644 176 29 vement
533 631 192 42 vertical.
788 633 68 42 En
920 633 122 49 effet,
1105 636 115 43 alors
1280 652 84 40 que
1423 653 42 26 ce

298 691 168 41 dernier
491 692 122 54 exige
639 708 60 26 un
728 694 111 42 écart
865 696 51 41 de
948 697 52 41 16
1032 696 22 42 à
1085 712 58 39 24
1171 699 148 54 degrés
1345 712 119 33 entre

298 752 37 40 la
364 753 294 52 température
686 755 51 42 de
764 756 249 44 l'extérieur
1039 770 40 31 et
1109 759 101 43 celle
1237 761 51 41 de
1317 761 122 43 Tinté-

297 813 125 43 rieur,
469 826 39 30 et
552 830 52 27 ne
648 816 154 43 réussit
846 833 61 27 un
950 820 95 41 vrai
1085 823 380 43 renouvellement

294 889 85 40 que
404 891 78 37 par
510 877 36 41 le
573 892 163 39 moyen
764 879 71 43 des
860 892 209 32 courants
1096 882 124 45 d'air,
1253 886 36 41 le
1315 885 123 54 dépla-

294 948 170 31 cement
489 938 261 45 horizontal
779 957 51 26 ne
857 942 217 44 demande
1098 945 143 52 qu'un
1274 946 112 44 écart
1413 947 51 43 de

297 1013 73 39 0,5
414 999 139 54 degré,
595 1002 143 53 lequel
776 1002 136 44 existe
948 1004 209 54 toujours
1199 1023 92 28 non
1330 1010 110 41 seule-

294 1072 123 29 ment
447 1072 119 31 entre
596 1062 116 43 deux
743 1063 111 44 faces
886 1065 51 42 de
966 1066 222 44 bâtiment
1219 1070 219 43 d'orienta-

294 1120 96 42 tion
428 1124 204 52 opposée,
668 1125 110 43 mais
813 1126 141 43 même
988 1139 119 32 entre
1141 1129 248 46 l'extérieur
1422 1143 41 31 et

293 1183 243 44 l'intérieur
571 1185 111 43 d'un
714 1187 126 43 local
874 1188 236 53 Ajoutons
1142 1207 83 39 que
1259 1192 56 43 les
1347 1195 86 42 bou-

291 1245 97 42 ches
422 1246 211 43 d'arrivée
668 1260 41 31 et
741 1249 311 45 d'évacuation
1086 1253 113 42 d'air
1232 1267 103 31 sont
1368 1255 69 55 pla-

291 1307 85 41 cées
406 1307 50 42 de
485 1308 133 53 façon
649 1310 113 54 qu'il
790 1312 78 53 n'y
901 1312 61 45 ait
990 1313 134 54 point
1155 1316 50 41 de
1235 1317 132 52 trajet
1395 1319 44 42 di-

292 1380 84 30 rect
404 1381 118 30 entre
554 1371 112 42 elles.
699 1372 89 42 Dès
816 1374 89 42 lors
933 1387 105 31 sont
1065 1378 249 51 supprimés
1345 1380 92 41 radi-

290 1430 215 44 calement
531 1434 57 40 les
614 1445 209 32 courants
850 1435 127 43 d'air.

357 1505 140 42 Etant
525 1505 150 43 donné
705 1523 84 39 que
820 1511 57 41 les
904 1510 280 44 habitations
1216 1514 244 43 minimum

289 1578 149 30 seront
475 1568 329 45 normalement
841 1570 191 45 réalisées
1070 1573 110 43 dans
1216 1573 72 45 des
1328 1591 106 40 quar-

290 1628 100 42 tiers
437 1644 21 25 «
496 1628 270 46 résidentiels
807 1648 40 31 »,
887 1634 21 41 à
946 1634 130 43 l'abri
1112 1635 72 43 des
1218 1637 242 54 poussières

289 1689 50 42 de
368 1691 39 41 la
434 1692 165 53 grande
626 1693 278 48 circulation,
935 1695 40 43 la
1002 1697 207 54 question
1243 1700 50 42 de
1323 1699 114 54 l'épu-

289 1753 145 41 ration
470 1754 51 41 de
554 1755 98 41 l'air
684 1771 52 26 ne
769 1771 40 28 se
840 1772 155 38 posera
1028 1774 78 39 pas
1140 1776 173 28 comme
1348 1764 111 40 dans

286 1815 186 41 certains
503 1816 217 54 quartiers
754 1819 51 41 de
836 1820 187 53 grandes
1057 1821 126 43 villes
1214 1823 59 42 où
1307 1825 58 43 les
1397 1823 41 44 fe-

287 1875 139 42 nêtres
472 1889 201 32 ouvertes
721 1881 226 52 appellent
995 1882 72 42 des
1114 1884 241 54 poussières
1403 1901 54 26 au

287 1937 84 42 lieu
402 1939 201 43 d'attirer
632 1941 51 42 de
712 1942 98 43 l'air
837 1958 98 39 pur.

353 2000 37 41 Il
419 2002 196 42 resterait
647 2018 153 28 encore
828 2004 23 42 à
882 2006 225 55 envisager
1139 2008 39 42 la
1208 2009 222 42 combinai-

285 2076 81 27 son
404 2063 59 42 du
500 2064 238 55 chauffage
773 2078 41 32 et
847 2067 52 42 de
934 2068 232 44 l'aération
1201 2085 55 27 au
1292 2086 164 39 moyen

284 2123 135 43 d'une
451 2125 263 44 circulation
748 2127 112 44 d'air
890 2145 85 38 pur
1007 2130 23 43 à
1071 2132 52 42 18
1161 2133 162 54 degrés.

351 2197 128 43 Dans
506 2210 108 32 cette
645 2200 265 55 hypothèse,
940 2204 58 42 les
1026 2204 341 46 inconvénients
1396 2208 60 42 du

283 2260 196 52 pouvoir
516 2262 178 44 radiant
730 2263 72 43 des
838 2265 149 54 parois
1027 2279 104 31 sont
1169 2268 285 55 supprimées,

282 2321 122 54 grâce
432 2323 22 42 à
486 2323 39 43 la
553 2324 255 45 réalisation
837 2326 52 44 de
917 2328 188 42 doubles
1134 2345 135 35 murs,
1299 2331 23 42 à
1352 2331 84 44 l'in-

282 2383 158 44 térieur
468 2385 200 56 desquels
696 2388 72 42 des
800 2389 183 43 matelas
1013 2390 111 44 d'air
1154 2392 185 45 seraient
1369 2394 88 45 soit

281 2446 217 46 chauffés,
540 2448 88 43 soit
665 2450 207 44 refroidis
910 2451 423 58 scientifiquement.
1373 2456 84 42 Cet

282 2520 216 44 avantage
533 2511 129 43 serait
696 2513 220 54 complété
948 2530 82 39 par
1065 2530 62 28 un
1166 2529 290 31 mouvement

281 2571 112 42 d'air
427 2572 51 42 de
511 2573 169 54 qualité
714 2587 40 30 et
788 2575 51 43 de
870 2577 297 54 température
1202 2591 253 31 constantes

279 2632 22 42 à
330 2633 246 44 l'intérieur
604 2636 72 42 des
708 2637 174 47 locaux.
915 2638 64 43 La
1009 2639 299 55 répercussion
1340 2643 91 41 sani-

280 2695 107 43 taire
429 2697 51 41 de
522 2709 107 31 cette
670 2698 191 45 réforme
901 2716 84 40 que
1028 2702 59 43 Le
1130 2704 244 43 Corbusier
1414 2716 40 30 et

278 2756 49 43 P.
373 2758 238 45 Jeanneret
653 2761 356 54 expérimentent
1050 2765 22 41 à
1117 2764 188 45 Moscou
1348 2767 23 41 à
1414 2767 39 41 la

278 2818 184 45 Maison
505 2822 52 42 de
597 2823 197 43 l'Union
837 2824 72 44 des
947 2826 335 54 Coopératives,
1325 2829 129 42 serait

279 2882 193 48 sérieuse,
519 2899 69 28 car
628 2886 207 44 combien
876 2888 323 55 d'organismes
1240 2904 105 30 sont
1386 2890 44 43 in-

277 2945 260 44 commodés
573 2963 80 38 par
689 2947 243 56 l'inégalité
970 2951 51 42 de
1060 2952 110 44 l'air,
1211 2968 82 28 son
1333 2953 120 43 excès

277 3022 59 27 ou
373 3023 82 28 son
491 3008 293 45 insuffisance
818 3011 287 46 d'humidité,
1145 3025 92 37 etc.,
1275 3026 78 34 etc.
1391 3017 62 42 Ce

276 3070 189 53 système
510 3083 62 31 est
614 3088 154 26 encore
807 3089 85 39 peu
936 3075 214 54 répandu.
1197 3077 82 42 Les
1321 3077 105 53 expé-

276 3132 159 45 riences
469 3149 116 28 nous
618 3134 156 45 diront
807 3136 70 44 s'il
908 3152 61 30 est
1001 3137 248 55 applicable
1281 3140 23 42 à
1337 3140 92 44 l'ha-

276 3194 196 44 bitation
503 3196 262 46 minimum.

343 3257 59 43 Et
439 3259 87 43 cela
563 3274 116 28 nous
715 3272 171 43 permet
925 3261 51 45 de
1013 3278 146 40 passer
1196 3279 55 27 au
1290 3265 161 42 second

272 3319 135 54 point
435 3321 52 42 de
516 3332 130 33 notre
674 3323 164 54 exposé
866 3324 239 56 technique
1143 3341 11 27 :

272 3450 57 42 II.
364 3450 66 43 La
457 3452 192 45 chaleur.

340 3551 60 42 Le
432 3552 188 53 procédé
652 3553 51 43 de
735 3554 239 56 chauffage
1007 3571 84 41 que
1127 3572 116 28 nous
1277 3572 172 29 venons

271 3613 262 56 d'esquisser
582 3616 281 53 rapidement
908 3629 63 32 est
1018 3620 36 42 le
1100 3618 92 44 seul
1237 3620 79 56 qui
1361 3620 88 45 soit

272 3676 237 44 rationnel*
545 3678 38 45 Il
614 3680 163 42 touche
809 3680 37 42 le
874 3680 124 44 froid
1028 3681 23 42 à
1085 3697 44 28 sa
1161 3697 125 29 cause
1326 3699 22 27 «
1383 3697 43 28 ac-

1616 514 84 41 cive
1736 530 37 26 ».
1811 517 44 40 Si
1888 518 56 41 les
1976 534 120 26 murs
2130 522 26 40 d
2179 536 83 28 une
2295 523 112 53 pièce
2441 541 27 25 n
2491 526 281 44 absorbaient

1614 576 130 50 point
1790 578 37 40 la
1867 579 175 42 chaleur
2080 582 79 53 qui
2199 585 209 50 provient
2450 587 70 42 des
2559 602 126 40 corps
2723 590 50 41 de

1613 652 60 25 ses
1702 652 254 39 occupants,
1986 656 43 26 sa
2060 644 291 52 température
2380 648 126 41 serait
2536 651 209 52 insuppor-

1612 698 130 43 table.

1681 760 73 42 Au
1783 762 190 52 surplus,
2006 778 42 27 ce
2074 766 187 52 système
2287 769 50 40 de
2363 769 235 55 chauffage
2630 776 143 41 mural

1613 833 59 28 est
1707 822 270 55 hygiénique
2008 840 124 38 parce
2164 842 96 40 que,
2295 830 359 45 conformément
2685 848 87 27 aux

1614 882 173 43 besoins
1814 884 50 42 de
1891 887 284 53 l'organisme
2202 889 202 48 humain,
2434 893 31 43 il
2490 894 179 43 chauffe
2696 910 78 39 par

1614 959 326 37 rayonnement
1973 948 173 47 obscur,
2179 966 98 27 sans
2306 952 159 52 jamais
2497 956 278 43 surchauffer

1613 1005 96 42 l'air
1734 1021 173 28 comme
1926 1007 106 44 font
2055 1010 57 42 les
2132 1012 208 52 systèmes
2362 1016 160 41 actuels
2545 1017 51 41 de
2617 1018 132 40 chauf-

1613 1066 110 54 fage,
1756 1068 183 54 lesquels
1966 1070 224 44 d'ailleurs
2217 1073 205 53 ajoutent
2449 1091 189 30 souvent
2664 1080 22 40 à
2712 1092 63 30 cet

1612 1127 318 46 inconvénient
1959 1133 211 54 quelques
2197 1146 143 31 autres
2368 1138 77 54 qui
2478 1140 297 52 proviennent

1613 1190 280 54 quelquefois
1924 1193 51 41 de
2005 1194 324 45 l'insuffisance
2358 1199 27 40 d
2406 1200 268 44 herméticité
2705 1202 70 44 des

1611 1253 231 52 appareils.

1679 1313 241 56 L'antique
1947 1317 221 43 cheminée
2204 1334 21 26 «
2255 1333 179 31 ouverte
2465 1338 22 26 »
2520 1324 255 44 satisfaisait

1611 1373 243 54 également
1884 1392 87 27 aux
2000 1379 257 44 conditions
2288 1382 109 43 d'un
2425 1384 236 56 chauffage
2690 1388 56 52 hy-

1611 1435 205 56 giénique
1853 1437 346 55 (rayonnement
2236 1454 40 30 et
2313 1445 377 45 renouvellement
2726 1449 49 41 de

1614 1498 9 40 1
1648 1498 61 41 air
1727 1498 30 53 ),
1819 1500 109 41 mais
1983 1516 82 27 son
2123 1504 257 43 rendement
2436 1506 223 58 calorique
2715 1521 60 31 est

1611 1559 135 42 faible
1785 1573 40 29 et
1864 1562 309 45 inconciliable
2214 1581 98 27 avec
2353 1569 56 40 les
2450 1583 160 29 mœurs
2651 1570 98 43 d'au-

1611 1621 251 51 jourd'hui.

1678 1683 75 42 Du
1782 1685 133 52 point
1943 1686 51 42 de
2023 1702 83 27 vue
2133 1688 51 41 de
2213 1689 339 54 l'organisation
2584 1695 52 41 de
2664 1695 88 43 l'ha-

1610 1744 210 47 bitation,
1860 1762 83 27 une
1979 1748 189 44 réforme
2202 1752 145 52 paraît
2381 1754 185 54 acquise.
2604 1755 37 42 Il
2677 1756 98 44 faut

1609 1808 204 50 prescrire
1853 1809 245 44 l'ancienne
2137 1823 40 31 et
2215 1813 217 54 fatigante
2474 1816 208 44 méthode
2725 1817 50 41 de

1615 1870 38 40 la
1698 1870 223 42 cheminée
1963 1883 40 31 et
2048 1873 59 42 du
2151 1874 127 54 foyer
2321 1890 183 39 propres
2545 1877 23 41 à
2612 1879 165 54 chaque

1609 1931 221 42 chambre.
1869 1933 66 42 De
1971 1934 140 42 même
2147 1951 84 39 que
2265 1938 185 44 certains
2484 1940 204 54 procédés
2726 1942 50 41 de

1609 1995 307 41 construction
1966 1995 265 56 (squelettes,
2284 1999 187 43 hourdis
2520 2017 52 27 en
2622 2002 150 49 béton,

1608 2055 193 42 cloisons
1844 2056 168 54 légères,
2056 2069 77 32 etc.
2153 2059 16 54 )
2211 2073 290 41 augmentent
2544 2063 40 43 la
2625 2063 152 44 liberté

1609 2116 51 42 de
1691 2117 12 40 1
1726 2118 230 43 architecte
1989 2120 110 42 dans
2131 2136 44 27 sa
2204 2122 194 44 création
2431 2125 73 42 des
2535 2126 240 42 élévations

1609 2179 115 41 aussi
1764 2180 100 41 bien
1905 2196 85 40 que
2029 2182 110 43 dans
2177 2184 100 43 celle
2317 2185 60 42 du
2417 2187 121 53 plan,
2581 2187 111 44 ainsi
2735 2189 40 43 la

1609 2242 282 52 suppression
1923 2243 72 42 des
2025 2258 126 39 corps
2184 2246 50 42 de
2264 2248 242 43 cheminées
2538 2251 107 42 rend
2674 2251 101 55 plus

1608 2302 84 41 aisé
1720 2302 319 56 l'équipement
2068 2307 72 42 des
2167 2310 173 42 locaux.
2372 2310 235 53 Ajoutons
2631 2312 144 56 qu'est

1608 2364 94 42 fort
1730 2364 114 44 éfevé
1873 2366 36 42 le
1935 2368 103 52 prix
2068 2370 50 42 de
2148 2370 166 43 revient
2343 2371 60 43 du
2431 2373 237 56 chauffage
2697 2390 75 40 par

1609 2426 150 53 foyers
1798 2428 205 53 spéciaux
2043 2430 22 42 à
2104 2432 168 54 chaque
2309 2434 208 43 chambre
2561 2451 9 26 :
2613 2436 159 56 poêles,

1608 2489 257 48 cheminées,
1907 2506 121 27 caves
2070 2508 60 27 ou
2173 2494 157 54 dépôts
2370 2497 52 41 de
2461 2497 309 45 combustible,

1608 2561 101 32 tout
1737 2552 86 42 cela
1851 2554 127 41 coûte
2006 2554 98 42 cher
2131 2568 39 29 et
2199 2571 52 27 ne
2279 2570 207 40 rapporte
2516 2560 144 55 qu'un
2689 2561 63 43 fai-

1606 2612 70 43 ble
1705 2614 258 44 rendement
1990 2616 223 56 calorique
2241 2619 21 41 à
2290 2619 94 41 côté
2410 2621 110 42 d'un
2548 2636 101 39 gros
2676 2638 72 27 ren-

1608 2675 177 43 dement
1817 2677 51 41 de
1896 2678 255 54 poussières.

1674 2737 59 41 Le
1762 2738 237 55 chauffage
2026 2740 22 42 à
2079 2742 110 41 l'eau
2218 2743 181 47 chaude,
2432 2759 59 27 un
2523 2745 71 43 des
2624 2745 148 44 moins

1606 2799 157 46 nocifs,
1790 2815 100 27 avec
1914 2801 294 45 distribution
2233 2820 79 38 par
2338 2805 122 43 usine
2484 2808 201 47 centrale,
2711 2820 62 30 est

1603 2862 102 50 plus
1735 2874 280 43 avantageux
2042 2865 114 42 aussi
2182 2865 101 43 bien
2313 2883 51 26 en
2391 2883 42 28 ce
2458 2869 79 54 qui
2563 2884 209 28 concerne

1605 2923 57 41 les
1695 2923 108 43 frais
1837 2925 376 45 d'établissement
2246 2943 84 40 que
2362 2944 107 28 ceux
2505 2931 242 53 d'exploita-

1603 2984 113 44 tion.

1673 3046 157 44 Moins
1867 3049 261 44 intéressant
2166 3066 59 30 est
2263 3055 36 41 le
2336 3053 237 55 chauffage
2608 3056 164 41 central

1605 3109 250 45 individuel
1882 3127 124 38 parce
2036 3114 113 54 qu'il
2176 3114 122 54 exige
2324 3131 85 28 une
2435 3116 234 45 cheminée,
2700 3116 72 44 des

1605 3172 156 53 dépôts
1785 3173 51 42 de
1860 3174 311 48 combustible,
2201 3177 71 42 des
2298 3188 249 43 transports
2575 3180 50 42 de
2650 3180 97 41 char-

1605 3234 91 41 bon
1727 3250 78 38 par
1837 3236 155 52 petites
2022 3238 238 54 quantités,
2295 3239 50 42 de
2376 3240 246 43 l'entretien
2653 3255 40 30 et
2721 3241 52 42 de

1604 3297 38 42 la
1680 3297 302 45 surveillance.

1602 3426 80 43 III.
1719 3428 65 43 La
1817 3428 196 45 lumière.

1670 3527 41 41 A
1730 3526 15 53 )
1786 3527 62 43 La
1876 3528 165 43 fenêtre
2078 3545 9 26 :

1670 3626 75 41 On
1783 3641 40 26 se
1862 3626 84 43 fait
1983 3627 72 43 des
2090 3628 207 43 illusions
2333 3645 72 28 sur
2442 3632 36 41 le
2514 3630 91 44 rôle
2641 3631 51 43 de
2730 3631 39 42 la

1599 3687 177 43 fenêtre.
1805 3688 120 43 Avec
1949 3704 62 28 un
2034 3691 188 52 système
2250 3692 246 43 d'aération
2520 3704 243 36 constante,
