3124 4252
219 276 313 54 TEK
609 276 58 54 H
747 276 60 54 N
887 269 47 61 Ê

2605 3719 132 55 131

224 414 1453 112 INFORMATIONS
1844 414 854 112 DIVERSES

293 682 184 42 LIEGE
517 697 136 39 1930.
684 680 368 44 PROCHAINS
1081 677 309 45 CONGRES.

225 744 132 42 Voici
409 745 38 41 la
496 742 94 44 liste
638 744 70 40 des
757 742 200 53 Congrès
1006 740 300 53 scientifiques
1354 750 40 30 et

226 805 256 42 industriels
517 806 78 53 qui
629 820 39 26 se
706 804 232 42 tiendront
973 804 22 41 à
1032 802 128 54 Liège
1195 802 200 54 pendant

226 867 39 41 la
298 868 128 40 durée
458 868 50 40 de
542 866 309 53 l'Exposition
892 881 9 25 :

297 943 114 42 Date
455 938 328 45 indéterminée.
828 939 199 52 Congrès
1067 939 219 41 National
1328 937 71 41 des

226 1004 270 41 Architectes
529 1002 51 42 de
610 1001 234 55 Belgique;

295 1077 81 41 Les
411 1091 55 38 29
502 1087 39 30 et
576 1090 57 39 30
666 1074 101 53 juin
774 1107 9 13 t
816 1073 200 54 Congrès
1046 1073 71 42 des
1147 1073 57 42 H.
1241 1073 50 42 B.
1327 1073 67 43 M.

227 1150 40 30 et
298 1139 71 41 des
400 1137 291 42 Institutions
722 1136 50 42 de
802 1136 281 52 Prévoyance
1113 1135 187 46 Sociale;

297 1199 80 42 Les
412 1214 50 39 15
493 1210 41 30 et
569 1198 52 42 16
651 1197 162 54 juillet,
841 1197 200 54 Congrès
1068 1197 328 45 International

228 1263 71 40 des
334 1261 142 42 Villes
507 1272 41 31 et
578 1260 217 54 pouvoirs
828 1259 180 44 locaux;

295 1324 82 41 Fin
414 1322 161 53 juillet,
612 1320 201 55 Congrès
849 1320 328 44 International
1211 1336 115 39 pour
1359 1319 39 41 la

228 1385 252 54 protection
515 1385 51 41 de
601 1383 238 45 l'enfance;

298 1447 76 42 Du
418 1462 12 26 lerI
443 1454 34 16 er
513 1462 54 25 au
608 1461 27 38 4
674 1446 121 44 août,
835 1444 201 53 Congrès
1072 1444 327 42 International

230 1510 50 40 de
315 1509 38 41 la
387 1520 147 33 route;

298 1571 76 40 Du
419 1585 13 26 lerI
445 1577 34 17 er
515 1585 53 27 au
607 1585 22 40 5
671 1569 121 44 août.
833 1567 202 54 Congrès
1070 1566 331 43 International

231 1633 50 40 de
316 1632 363 54 renseignement
711 1630 258 54 technique;

299 1694 81 41 Les
412 1709 21 39 3
468 1705 40 31 et
537 1708 27 39 4
595 1694 120 43 août,
748 1693 200 54 Congrès
979 1691 331 42 International
1343 1691 59 40 du

231 1756 138 42 Génie
397 1755 140 45 rural;

299 1818 77 41 Du
404 1833 24 39 7
458 1832 55 27 au
545 1832 54 26 10
623 1818 121 45 août,
769 1816 202 54 Congrès
997 1815 331 43 International
1353 1813 51 43 de

233 1880 25 42 Y
268 1879 314 42 amélioration
614 1879 51 41 de
694 1879 40 41 la
762 1877 68 44 vie
859 1877 162 47 rurale;

299 1941 77 42 Du
412 1957 59 38 30
505 1941 108 42 août
646 1955 54 27 au
738 1956 23 38 7
798 1938 258 56 septembre,
1094 1940 200 52 Congrès
1329 1938 50 43 In-

233 2004 272 42 ternational
539 2002 60 42 du
632 2002 146 42 Béton
812 2014 41 30 et
888 2002 60 41 du
981 2001 146 42 Béton
1161 2000 138 44 armé;

300 2066 77 41 Du
413 2081 60 39 30
507 2065 109 42 août
649 2079 54 28 au
743 2080 23 38 7
802 2063 258 53 septembre,
1097 2063 199 53 Congrès
1329 2062 50 42 In-

233 2128 272 43 ternational
533 2127 50 42 de
609 2126 39 43 la
674 2124 328 45 Construction
1032 2123 276 57 métallique;

303 2190 84 42 Fin
430 2190 121 45 août,
595 2188 201 54 Congrès
835 2188 73 41 des
948 2185 457 56 géomètres-experts;

301 2253 77 40 Du
418 2267 23 39 7
478 2266 54 27 au
573 2266 53 39 14
661 2249 258 54 septembre,
954 2248 45 43 X
1003 2257 14 16 e
1051 2247 275 46 Conférence
1357 2248 50 40 de

234 2315 198 42 l'Union
482 2312 356 43 Internationale
886 2312 51 42 de
985 2309 180 45 Chimie
1212 2326 107 40 pure
1369 2321 38 31 et

235 2375 255 55 appliquée;

302 2438 159 46 Enfin,
491 2437 69 43 IV
566 2445 14 17 e
609 2437 201 54 Congrès
836 2436 51 42 de
910 2437 41 42 la
975 2434 265 44 Fédération
1270 2435 115 41 Inter-

235 2500 228 43 nationale
496 2500 51 42 de
578 2500 40 42 la
650 2498 147 44 Presse
827 2497 251 55 technique.

305 2562 240 53 Signalons
576 2562 114 42 aussi
720 2561 145 55 qu'un
897 2575 217 27 concours
1143 2557 242 45 internatio-

237 2628 72 41 nal
348 2625 50 42 de
432 2623 333 55 dépoussiérage
800 2623 72 42 des
906 2622 169 43 fumées
1112 2620 299 45 industrielles

236 2699 119 30 entre
388 2689 57 41 les
478 2687 152 42 firmes
662 2686 78 55 qui
773 2686 256 52 s'occupent
1060 2684 52 42 de
1144 2694 107 32 cette
1284 2698 102 39 ques-

237 2751 95 41 tion
364 2765 104 27 aura
498 2749 85 42 lieu
611 2764 51 26 en
695 2749 107 42 août
829 2759 40 31 et
896 2746 260 55 septembre.

574 2925 15 14 «

306 2970 312 43 LONDRES.
668 2970 42 41 A
759 2967 245 45 PROPOS
1050 2966 163 44 D'UN
1258 2965 115 45 CON-

237 3033 213 43 COURS
484 3030 448 44 SIGNIFICATIF.
966 3030 60 42 Le
1057 3029 184 54 journal
1280 3027 134 42 «The

237 3096 139 53 Daily
412 3094 170 43 Mails»
621 3110 22 27 a
679 3105 158 30 ouvert
873 3103 121 31 entre
1028 3106 61 28 ses
1127 3090 188 43 lectrices
1353 3103 60 29 un

238 3173 214 26 concours
484 3157 50 41 de
564 3156 40 41 la
637 3154 184 43 Maison
852 3154 151 43 idéale.
1035 3153 82 43 Les
1148 3168 239 27 concurren-

238 3232 61 31 tes
325 3219 176 43 avaient
527 3219 21 41 à
578 3217 218 54 répondre
821 3217 23 41 à
872 3232 61 26 un
960 3216 335 55 questionnaire
1321 3213 69 57 pré-

239 3283 71 45 cis,
352 3281 160 54 réparti
550 3297 50 26 en
642 3279 187 42 diverses
865 3277 233 56 rubriques
1143 3293 9 26 :
1196 3276 217 43 situation

239 3357 39 30 et
305 3344 257 54 exposition
591 3342 50 42 de
667 3342 41 42 la
736 3340 197 46 maison;
965 3338 272 47 matériaux;
1268 3338 122 54 répar-

239 3407 137 42 tition
402 3406 72 42 des
499 3405 180 54 piècees;
712 3406 39 42 la
777 3403 184 45 cuisine;
989 3401 248 56 planchers,
1267 3410 147 47 portes

242 3481 39 31 et
322 3469 208 45 fenêtres;
574 3466 284 56 équipement
899 3465 157 42 divers.
1100 3464 62 42 Ce
1201 3477 216 27 concours

238 3531 78 56 qui
348 3547 52 26 ne
429 3545 194 40 manque
650 3545 77 39 pas
757 3527 207 43 d'intérêt
991 3526 156 42 n'était
1176 3523 216 43 naturelle-

240 3605 124 32 ment
411 3609 76 39 pas
532 3591 224 44 accessible
802 3605 87 27 aux
934 3586 477 46 femmes-architectes.

1546 680 78 41 Les
1661 680 248 41 architectes
1948 679 181 54 anglais,
2170 695 113 26 nous
2319 679 65 42 dit
2424 695 82 26 une
2541 679 163 54 grande

1546 756 125 26 revue
1704 742 317 41 londonienne,
2057 742 230 40 attendent
2320 756 97 26 avec
2450 740 171 42 anxiété
2654 742 50 40 de

1549 802 228 41 connaître
1821 803 35 41 le
1898 803 131 52 point
2071 803 50 41 de
2164 817 81 26 vue
2287 801 190 42 féminin
2522 801 109 44 dans
2673 805 34 40 le

1546 864 228 52 problème
1802 864 276 54 domestique
2105 864 318 41 architectural.

1616 1095 248 43 DRESDE
1903 1110 133 39 1930.
2067 1094 392 42 EXPOSITION
2489 1093 185 43 INTER-

1548 1157 389 42 NATIONALE
1964 1155 366 43 D'HYGIENE.
2361 1156 149 42 Parmi
2543 1156 55 41 les
2627 1154 63 43 dif-

1550 1219 163 41 férents
1742 1219 249 53 problèmes
2016 1220 76 53 qui
2120 1229 147 30 seront
2294 1217 180 53 exposés
2500 1218 22 41 à
2548 1217 165 43 Dresde

1550 1281 381 52 prochainement,
1970 1279 228 54 signalons
2233 1281 56 40 les
2322 1278 200 42 suivants
2561 1294 9 25 :
2607 1278 85 41 rela-

1552 1344 95 40 tion
1676 1355 118 29 entre
1825 1344 38 40 la
1892 1344 200 39 hauteur,
2123 1342 38 40 la
2191 1342 169 52 largeur
2388 1353 38 29 et
2456 1340 38 42 la
2523 1339 164 54 profon-

1553 1406 104 40 deur
1695 1405 72 41 des
1806 1404 135 53 pièces
1978 1404 109 41 dans
2126 1405 34 39 le
2198 1403 165 40 double
2400 1401 226 54 problème
2666 1400 49 41 de

1553 1466 309 42 l'éclaiiement
1884 1477 39 30 et
1945 1466 50 41 de
2017 1465 251 44 l'aération;
2297 1464 37 42 la
2354 1464 184 43 fenêtre;
2564 1461 130 56 l'équi-

1553 1540 177 40 pement
1761 1528 49 40 de
1838 1530 38 39 la
1905 1527 162 41 cuisine
2103 1542 8 28 ;
2121 1527 55 41 les
2205 1525 302 43 installations
2535 1524 158 42 sanitai-

1555 1605 61 26 res
1641 1589 49 41 de
1719 1590 39 41 la
1784 1590 193 44 maison;
2007 1589 238 53 l'éclairage
2268 1587 223 44 artificiel;
2522 1587 56 42 les
2604 1587 89 41 revê-

1555 1662 188 30 tements
1771 1666 206 29 muraux,
2008 1659 75 33 etc.

1625 1858 557 44 L'URBANISATION
2206 1859 42 41 A
2270 1856 409 43 BLANKENBER-

1556 1922 144 43 GHE.
1728 1922 61 41 La
1815 1920 308 42 Commission
2148 1920 58 40 du
2232 1918 345 53 Grand-Bruges
2599 1918 121 42 vient

1558 1985 300 52 d'approuver
1893 1999 59 25 un
1984 1981 147 54 projet
2163 1981 76 54 qui
2273 1981 60 41 lui
2368 1981 72 41 fut
2471 1979 167 43 soumis
2669 1994 50 25 en

1566 2061 118 39 1925
1720 2057 40 30 et
1791 2045 78 55 qui
1902 2060 21 26 a
1952 2059 115 38 pour
2098 2042 125 53 objet
2253 2042 367 52 l'aménagement
2652 2041 71 40 des

1559 2109 138 41 dunes
1732 2108 50 41 de
1816 2105 371 54 Blankenberghe
2221 2117 40 30 et
2298 2104 248 52 Zeebrugge
2580 2115 38 30 et
2653 2103 71 41 des

1559 2171 151 53 étangs
1743 2169 78 55 qui
1860 2170 65 52 s'y
1961 2178 225 32 trouvent.

1628 2244 61 42 Ce
1731 2244 147 52 projet
1921 2242 174 53 prévoit
2140 2241 36 41 le
2220 2238 215 44 maintien
2477 2237 72 44 des
2590 2239 138 41 dunes

1559 2322 53 26 au
1650 2307 114 40 nord
1800 2305 70 42 des
1905 2305 151 53 étangs
2090 2304 110 41 dans
2236 2304 90 41 leur
2360 2314 142 40 aspect
2537 2299 185 43 naturel.

1560 2369 80 41 Les
1668 2379 154 43 quatre
1847 2367 151 53 étangs
2023 2366 91 54 qui,
2145 2381 52 25 au
2225 2363 127 47 total,
2383 2375 82 30 ont
2501 2363 137 41 1,800
2667 2376 57 26 m.

1563 2431 50 41 de
1654 2431 232 52 longueur,
1931 2439 148 31 seront
2121 2427 145 41 réunis
2305 2438 40 30 et
2386 2440 51 27 ne
2476 2425 254 40 formeront

1560 2493 100 52 plus
1691 2493 142 53 qu'un
1862 2493 88 40 seul
1981 2491 76 42 lac.
2088 2489 73 42 Au
2190 2488 152 42 milieu
2370 2488 50 41 de
2446 2486 181 43 celui-ci,
2657 2499 71 27 sur

1564 2555 38 41 la
1636 2554 126 54 berge
1795 2554 113 40 nord
1941 2564 39 30 et
2011 2553 22 40 à
2065 2552 193 41 chacune
2290 2550 49 42 de
2372 2564 60 27 ses
2463 2547 262 43 extrémités,

1562 2630 149 30 seront
1736 2615 177 42 établies
1940 2615 71 41 des
2037 2611 198 44 laiteries.
2265 2613 59 41 Le
2351 2611 160 43 terrain
2537 2608 193 53 compris

1563 2691 118 30 entre
1716 2679 35 41 le
1780 2679 63 40 lac
1874 2689 38 30 et
1943 2677 39 40 la
2013 2674 200 43 chaussée
2244 2675 49 41 de
2326 2674 263 52 Zeebrugge,
2622 2684 39 30 et
2695 2673 35 41 le

1565 2741 159 42 terrain
1765 2740 50 41 de
1855 2740 155 42 l'autre
2049 2737 93 43 côté
2180 2737 50 41 de
2267 2737 40 41 la
2344 2733 201 44 chaussée
2584 2743 148 32 seront

1564 2803 117 42 lotis.
1718 2803 73 41 On
1827 2817 26 37 y
1888 2799 247 43 construira
2170 2799 71 41 des
2272 2797 130 43 villas
2435 2796 188 53 séparées
2653 2809 79 39 par

1565 2881 59 26 un
1654 2879 144 39 espace
1823 2864 51 41 de
1896 2862 161 43 terrain
2082 2861 156 53 frappé
2262 2861 50 41 de
2337 2858 219 43 servitude
2591 2874 20 25 «
2639 2871 92 27 non

1565 2927 254 42 aedificandi
1845 2942 39 27 »,
1912 2926 49 40 de
1985 2924 190 42 manière
2199 2924 21 40 à
2244 2938 51 26 ne
2318 2937 77 38 pas
2418 2921 134 42 briser
2575 2922 39 41 la
2638 2933 72 40 per-

1567 2989 187 54 spective
1793 2989 58 41 du
1889 2987 94 42 côté
2020 2987 71 41 des
2128 2986 138 41 dunes
2304 2996 39 30 et
2383 2984 58 41 du
2479 2982 94 42 côté
2609 2983 50 40 de
2695 2980 40 43 la

1565 3066 255 39 campagne.

1635 3126 82 42 Les
1752 3124 162 42 abords
1951 3123 59 41 du
2048 3125 61 41 lac
2147 3133 148 30 seront
2333 3119 172 54 plantés
2544 3118 192 42 d'arbres

1567 3189 77 54 qui
1667 3187 343 42 contribueront
2034 3185 21 41 à
2081 3185 172 41 donner
2279 3197 59 27 un
2364 3194 142 40 aspect
2530 3182 183 51 pittores-

1567 3266 84 39 que
1682 3251 21 40 à
1733 3265 42 26 ce
1804 3249 99 41 coin
1938 3248 59 41 du
2032 3246 184 43 littoral.

1637 3337 76 41 Du
1751 3335 94 42 côté
1884 3335 51 42 de
1973 3331 384 54 Blankenberghe,
2401 3330 39 42 la
2482 3328 129 55 digue
2650 3342 86 28 sera

1568 3398 242 54 prolongée
1847 3398 49 41 de
1936 3411 93 40 500
2068 3395 154 42 mètres
2258 3392 213 54 jusqu'au
2509 3391 132 54 point
2679 3389 57 42 où

1571 3461 205 41 aboutira
1822 3461 34 40 le
1900 3473 204 27 nouveau
2148 3455 246 43 boulevard
2438 3455 50 41 de
2532 3452 203 42 ceinture.

1569 3524 61 41 Ce
1666 3523 347 53 prolongement
2050 3535 88 28 sera
2173 3518 115 43 suivi
2322 3517 109 41 d'un
2470 3530 100 41 parc
2608 3513 127 42 fleuri

1569 3585 51 42 de
1660 3600 93 39 300
1790 3583 170 42 mètres.
