3124 4252
294 268 312 56 TEK
685 270 58 56 H
827 273 61 55 N
969 265 46 63 É

2488 3745 281 57 10/117

296 404 54 41 A.
397 404 403 47 INTRODUCTION,

364 503 41 41 A
443 505 11 41 1
478 504 244 44 invitation
764 508 134 42 d'une
936 510 283 44 Association
1258 514 177 43 Interna-

296 563 165 42 tionale
517 566 332 45 d'Architectes,
908 571 72 40 des
1037 572 320 53 représentants
1411 576 51 40 de

294 625 203 43 dix-huit
524 642 109 38 pays
662 629 227 54 d'Europe
915 644 39 29 et
981 633 303 48 d'outre-mer,
1315 649 40 30 et
1383 639 76 53 qui

299 688 344 51 appartiennent
689 705 87 27 aux
825 692 186 44 mondes
1058 694 56 43 les
1159 695 101 52 plus
1305 698 155 44 divers,

298 748 200 43 étudient
545 752 36 40 le
623 752 231 52 problème
897 754 36 41 le
978 757 100 51 plus
1121 757 222 45 ordinaire
1387 762 75 52 qui

293 810 85 41 soit
412 826 9 25 :
454 812 291 42 l'habitation
773 814 117 43 saine
917 828 40 30 et
982 818 283 44 confortable
1293 821 40 42 la
1359 822 101 54 plus

292 872 196 41 modeste
521 874 167 53 qu'une
722 875 155 43 société
911 880 366 52 contemporaine
1310 884 78 53 qui
1422 898 38 26 se

296 945 197 40 respecte,
538 936 144 51 puisse
727 948 155 31 mettre
924 939 21 40 à
992 941 37 40 la
1076 941 270 53 disposition
1391 945 71 41 des

292 995 148 42 moins
480 995 212 45 favorisés
731 999 50 42 de
821 1014 60 27 ses
921 1001 229 47 membres,
1192 1004 144 54 quelle
1376 1020 84 39 que

291 1056 87 42 soit
416 1059 39 40 la
497 1059 304 52 composition
846 1061 50 42 de
937 1062 91 42 leur
1066 1064 185 44 famille.
1294 1067 162 43 Certes,

291 1132 114 27 nous
447 1119 168 42 devons
656 1136 113 27 nous
807 1122 183 44 féliciter
1030 1126 51 41 de
1119 1141 190 40 grouper
1348 1129 111 42 dans

291 1192 83 28 nne
413 1180 330 46 collaboration
782 1184 204 48 cordiale,
1028 1187 72 41 des
1138 1190 321 51 personnalités

289 1240 77 54 qui
403 1243 345 51 appartiennent
781 1246 22 40 à
839 1246 51 41 de
926 1248 286 44 nombreuses
1249 1253 183 41 nationa-

294 1302 109 44 lités,
453 1304 109 41 mais
605 1305 28 42 il
681 1320 114 28 nous
838 1308 204 53 apparaît
1086 1311 101 51 plus
1228 1325 232 41 opportun

289 1379 151 27 encore
472 1366 50 42 de
555 1381 115 28 nous
701 1367 166 53 réjouir
896 1371 52 41 de
978 1371 40 42 la
1052 1372 331 46 réconciliation
1418 1388 40 30 et

289 1425 51 42 de
381 1426 38 42 la
457 1428 331 44 collaboration
828 1431 71 42 des
938 1432 186 44 milieux
1161 1435 33 42 si
1232 1436 138 44 variés
1408 1437 50 41 de

289 1487 358 54 l'organisation,
675 1491 51 42 de
751 1492 39 42 la
820 1493 172 45 science,
1023 1509 39 31 et
1087 1496 60 42 du
1173 1498 155 43 service
1351 1499 84 42 civi-

287 1563 96 39 que.

354 1623 67 42 De
446 1636 106 31 cette
576 1627 241 45 solidarité,
845 1628 29 44 il
902 1645 52 27 ne
977 1643 105 40 peut
1107 1632 179 44 résulter
1311 1635 144 54 qu'un

286 1686 142 50 grand
467 1687 146 53 profit
655 1704 230 35 commun,
930 1705 40 29 et
1013 1707 114 29 nous
1170 1695 288 43 considérons

286 1762 173 28 comme
501 1764 60 26 un
607 1750 153 44 devoir
803 1752 51 42 de
896 1753 189 55 signaler
1126 1756 205 45 combien
1376 1773 82 27 nos

284 1810 289 53 conceptions
609 1827 39 27 se
684 1825 104 31 sont
824 1814 203 54 précisées
1061 1829 40 31 et
1140 1818 223 47 enrichies,
1406 1822 50 41 de

285 1872 39 40 la
352 1874 308 43 consultation
688 1875 72 42 des
787 1876 214 53 opinions
1028 1890 41 31 et
1094 1879 72 42 des
1194 1881 262 44 documents

284 1933 113 54 qu'il
428 1950 113 26 vous
573 1952 20 26 a
623 1937 80 53 plu
736 1938 51 42 de
820 1954 113 27 nous
967 1940 190 43 adresser
1190 1943 72 42 des
1291 1955 165 31 centres

284 1995 229 54 multiples
547 1998 50 41 de
630 2013 80 27 vos
742 2001 272 52 expériences
1047 2003 404 53 professionnelles.

352 2070 61 42 Ce
453 2070 134 43 choix
632 2072 50 42 de
734 2089 21 25 «
802 2074 292 45 l'habitation
1140 2078 244 44 minimum
1430 2095 22 26 »

282 2146 172 28 comme
486 2133 116 53 sujet
635 2135 177 43 d'étude
840 2149 41 31 et
910 2153 42 26 ce
981 2141 373 51 rapprochement
1383 2142 71 41 des

281 2194 275 49 professions
588 2196 266 55 réintègrent
883 2200 321 45 l'architecture
1231 2204 111 42 dans
1371 2219 81 27 son

280 2256 125 41 cadre
437 2258 188 45 naturel,
658 2260 266 43 c'est-à-dire
955 2262 22 41 à
1009 2261 40 44 la
1080 2263 89 44 fois
1202 2265 247 55 technique,

282 2316 293 57 économique
630 2332 40 31 et
727 2322 146 44 social,
933 2324 28 42 d
983 2324 59 42 où
1101 2324 58 43 les
1215 2327 239 43 académies

280 2380 212 43 l'avaient
522 2382 207 50 éloignée,
763 2396 40 31 et
828 2386 304 44 caractérisent
1159 2388 36 42 le
1220 2405 95 27 sens
1343 2390 87 42 véri-

281 2441 117 43 table
436 2443 51 41 de
525 2444 173 44 l'effort
735 2446 212 44 moderne
983 2448 103 43 bien
1121 2448 102 55 plus
1260 2467 85 39 que
1382 2451 72 42 des

279 2505 231 52 questions
541 2507 50 41 de
619 2507 167 44 formes
814 2525 58 26 ou
901 2510 51 42 de
981 2512 249 55 technique.

349 2578 78 45 Or,
465 2595 50 26 en
553 2596 40 26 se
629 2594 279 32 soumettant
941 2584 52 42 de
1025 2585 152 43 bonne
1209 2586 121 55 grâce
1366 2603 87 27 aux

284 2640 92 42 fins
418 2657 276 33 communes,
743 2644 266 45 l'architecte
1055 2663 52 26 ne
1151 2647 98 44 voit
1291 2663 77 37 pas
1415 2665 41 26 sa

280 2703 185 42 mission
511 2705 237 44 restreinte,
795 2707 110 43 mais
948 2707 169 56 élargie,
1164 2710 263 55 puisqu'har-

279 2765 232 44 monisant
552 2767 57 42 les
647 2768 223 55 exigences
910 2772 57 41 les
1005 2771 101 54 plus
1147 2771 230 56 éloignées,
1422 2774 29 43 il

279 2827 179 43 devient
500 2844 50 27 en
594 2830 191 55 quelque
825 2844 116 30 sorte
983 2849 61 27 un
1087 2834 286 45 observateur
1413 2847 40 30 et

277 2904 59 27 vn
368 2891 366 44 administrateur
764 2895 51 40 de
844 2906 144 31 toutes
1017 2898 57 40 les
1101 2898 172 42 valeurs
1305 2898 141 43 utiles.

346 2953 98 54 Que
477 2969 115 27 nous
621 2954 120 45 voilà
774 2956 93 42 loin
898 2957 73 42 des
1001 2958 160 44 efforts
1191 2959 233 43 individua-

277 3015 137 42 lités!

936 3063 14 9 •%

351 3089 80 42 Les
476 3090 252 54 problèmes
773 3093 219 45 essentiels
1038 3095 51 42 de
1135 3095 321 43 l'architecture

278 3152 211 42 moderne
529 3168 52 27 ne
619 3166 195 41 peuvent
854 3156 86 42 être
979 3156 165 44 résolus
1185 3159 46 42 ni
1268 3174 79 32 par
1388 3171 61 30 un

277 3214 243 47 architecte,
569 3215 45 43 ni
660 3217 139 43 même
841 3234 80 38 par
962 3219 39 43 la
1044 3220 290 54 corporation
1378 3223 73 42 des

275 3276 273 47 architectes;
577 3278 30 43 il
633 3279 256 53 appartient
913 3297 89 26 aux
1026 3281 272 54 expériences
1327 3283 124 44 unies

275 3338 50 42 de
353 3340 288 43 nombreuses
668 3342 258 56 techniques
953 3344 51 42 de
1030 3355 183 33 trouver
1240 3347 56 42 les
1324 3345 100 43 meil-

275 3401 113 42 leurs
468 3403 226 43 solutions
774 3405 367 47 architecturales.
1223 3408 225 44 Combien

273 3464 27 40 d
323 3464 176 43 ailleurs
534 3466 181 43 celles-ci
747 3467 258 44 n'ont-elles
1035 3485 77 38 pas
1143 3470 63 42 été
1238 3471 212 42 retardées

276 3540 79 29 nar
397 3528 36 41 le
475 3528 154 42 besoin
676 3529 246 43 immodéré
964 3531 304 56 d'originalité
1312 3533 117 42 esthé-

272 3587 148 56 tique?
456 3590 68 42 Ne
554 3592 292 52 pourrait-on
884 3593 141 43 même
1058 3610 78 38 pas
1170 3594 91 44 dire
1295 3612 84 39 que
1414 3595 35 41 le

1612 422 275 44 formalisme
1923 426 310 56 (conséquence
2269 433 212 43 naturelle
2514 436 51 41 de
2598 450 62 30 cet
2697 454 47 26 ex-

1610 483 62 41 cès
1691 484 29 52 ),
1765 496 73 32 est,
1881 501 114 37 pour
2038 490 36 40 le
2115 505 286 31 mouvement
2441 497 223 47 moderne,
2707 513 59 27 un

1611 545 241 43 adversaire
1891 548 99 41 bien
2031 550 100 52 plus
2170 553 257 44 redoutable
2466 571 84 40 que
2587 558 159 44 l'acadé-

1611 607 110 40 mie?

1679 668 124 43 Cette
1829 670 98 42 base
1957 671 168 47 établie,
2161 674 150 43 disons
2338 678 211 53 quelques
2577 693 116 31 mots
2721 682 49 42 de

1612 729 10 39 1
1646 742 141 39 aspect
1814 731 213 43 financier
2055 735 57 40 du
2138 736 228 52 problème
2398 754 8 25 :
2436 741 33 40 si
2497 742 36 40 le
2558 756 182 29 commer-

1609 802 100 39 çant
1737 803 39 30 et
1806 793 266 45 l'industriel
2100 801 252 40 travaillent
2379 816 114 36 pour
2521 807 71 37 des
2618 809 152 36 clients

1611 852 231 47 solvables,
1887 854 109 42 dans
2039 857 38 41 la
2119 858 181 53 plupart
2338 862 71 41 des
2448 878 110 37 pays
2597 865 152 41 l'archi-

1612 924 104 31 tecte
1741 915 76 52 qui
1842 928 103 29 veut
1971 917 171 43 donner
2168 935 59 26 un
2255 922 221 52 logement
2501 926 270 45 convenable

1611 974 20 40 à
1669 975 71 41 des
1778 978 214 41 membres
2028 979 50 41 de
2114 979 38 44 la
2189 981 128 43 classe
2352 999 82 37 peu
2473 985 118 47 aisée,
2634 988 136 41 arrive

1611 1035 355 47 nécessairement
1996 1040 20 40 à
2051 1055 60 27 un
2145 1042 101 52 prix
2277 1044 176 43 d'achat
2485 1062 57 26 ou
2575 1047 50 42 de
2657 1048 91 43 loca-

1611 1107 96 31 tion
1736 1099 76 53 qui
1842 1099 174 53 dépasse
2048 1103 55 40 les
2131 1105 269 50 possibilités
2426 1107 258 45 financières
2711 1111 59 41 du

1609 1159 152 51 public
1797 1162 159 52 auquel
1994 1163 28 42 il
2060 1164 216 47 s'adresse,
2316 1167 56 41 les
2408 1169 195 43 ouvriers
2638 1183 40 31 et
2716 1171 56 41 les

1609 1221 226 52 employés
1865 1238 51 26 ne
1945 1238 205 38 pouvant
2182 1241 165 28 assurer
2374 1229 39 41 la
2442 1230 328 45 rémunération

1611 1283 200 41 normale
1848 1284 58 41 du
1943 1286 160 52 capital
2143 1289 160 52 engagé
2340 1290 108 42 dans
2485 1293 56 40 les
2577 1293 194 41 maisons

1609 1344 76 52 qui
1719 1344 90 41 leur
1839 1359 103 29 sont
1972 1347 224 45 destinées.

1679 1405 35 41 Il
1738 1406 98 41 faut
1864 1408 115 41 donc
2004 1409 175 52 prévoir
2204 1412 334 44 l'intervention
2565 1416 72 42 des
2660 1431 84 39 pou-

1609 1467 119 42 voirs
1766 1468 188 53 publics.

1678 1529 258 45 Toutefois,
1976 1547 84 39 que
2096 1545 105 30 cette
2237 1535 301 44 intervention
2577 1540 85 41 soit
2698 1555 49 26 ex-

1608 1590 288 45 clusivement
1928 1594 221 43 consacrée
2182 1611 87 27 aux
2304 1597 240 43 initiatives
2576 1601 77 53 qui
2684 1616 58 26 em-

1609 1652 173 51 ploient
1811 1654 70 41 des
1914 1655 228 43 méthodes
2169 1674 181 38 propres
2378 1660 21 41 à
2429 1660 142 54 guérir
2603 1664 35 41 le
2668 1662 100 45 mal,

1608 1725 40 29 et
1674 1729 90 26 non
1790 1716 132 52 point
1946 1717 21 41 à
1992 1733 50 26 en
2069 1719 198 42 atténuer
2293 1721 56 42 les
2373 1721 129 43 effets
2527 1723 173 43 actuels,

1679 1787 39 42 A
1750 1788 108 54 quoi
1887 1790 138 43 sert-il
2056 1792 311 54 d'encourager
2399 1795 38 41 la
2466 1797 304 43 construction

1609 1848 310 44 d'immeubles
1959 1853 91 53 qui,
2092 1867 135 29 avant
2268 1856 134 42 d'être
2441 1857 184 44 habités,
2667 1860 78 41 coû-

1610 1922 92 30 tent
1743 1923 101 42 trop
1884 1913 50 41 de
1973 1914 345 44 main-d'œuvre
2356 1930 40 31 et
2434 1919 51 42 de
2526 1921 244 41 matériaux

1609 1983 39 30 et
1689 1973 91 54 qui,
1827 1975 184 44 habités,
2059 1977 182 43 coûtent
2283 1993 60 27 un
2385 1980 237 55 gaspillage
2664 1982 87 40 d'ef-

1608 2034 114 42 forts
1754 2035 20 41 à
1808 2037 111 41 leurs
1952 2051 239 40 occupants
2224 2053 38 29 et
2295 2053 176 31 surtout
2505 2059 87 25 aux
2627 2042 116 43 ména-

1607 2096 140 53 gères?

1675 2159 120 42 Pour
1841 2160 85 42 être
1974 2161 221 43 vraiment
2241 2164 221 44 économe,
2512 2167 260 44 c'est-à-dire

1607 2220 229 43 améliorer
1869 2224 34 40 le
1933 2223 174 53 présent
2138 2236 102 31 tout
2271 2242 50 27 en
2356 2228 250 52 prévoyant
2641 2229 109 42 l'ave-

1607 2297 81 29 nr\
1729 2283 11 41 1
1763 2284 105 44 Etat
1903 2300 51 26 ne
1991 2286 97 42 doit
2124 2286 117 43 aider
2275 2304 84 38 que
2395 2288 57 43 les
2490 2290 282 43 institutions

1606 2345 76 52 qui
1724 2360 40 27 se
1804 2357 105 32 sont
1951 2347 212 54 assignées
2205 2349 202 43 d'édifier
2450 2352 50 41 de
2541 2352 231 43 véritables

1607 2407 244 52 logements
1879 2408 244 44 minimum
2154 2411 244 43 modernes.

1674 2469 155 42 Avant
1861 2470 236 43 d'aborder
2130 2472 55 42 les
2217 2473 166 43 thèmes
2414 2476 77 53 qui
2521 2476 104 43 font
2657 2478 11 41 l
2692 2477 53 41 ob-

1605 2542 60 37 jet
1716 2531 59 41 du
1823 2532 173 52 présent
2045 2546 198 41 rapport,
2296 2544 378 45 permettez-nous
2723 2538 49 43 de

1607 2592 179 52 préciser
1812 2594 38 42 la
1885 2609 21 26 «
1935 2594 209 43 méthode
2171 2611 22 26 »
2221 2612 84 39 que
2331 2613 113 27 nous
2470 2615 139 26 avons
2633 2599 112 53 adop-

1607 2653 75 44 tée.

1674 2717 75 43 On
1781 2730 106 41 peut
1919 2721 265 52 rapprocher
2217 2721 318 44 l'architecture
2562 2723 210 55 classique

1606 2779 71 41 Hes
1713 2780 180 42 sciences
1930 2781 109 43 dites
2077 2784 298 43 rationnelles.
2415 2785 113 42 Leur
2563 2786 208 42 méthode

1611 2851 61 32 est
1716 2841 289 56 synthétique
2057 2858 8 27 :
2117 2844 79 43 elle
2241 2845 184 52 procède
2470 2846 49 42 de
2563 2848 209 54 quelques

1604 2903 218 54 principes
1851 2919 58 26 ou
1939 2905 198 43 axiomes
2164 2906 93 43 fort
2288 2907 191 54 simples.

1672 2963 80 45 Les
1777 2966 243 43 théorèmes
2046 2968 302 56 académiques
2375 2971 51 41 de
2454 2971 317 44 l'architecture

1604 3027 202 47 posaient
1880 3044 79 38 par
2029 3031 198 53 exemple
2298 3031 218 44 l'homme
2591 3048 177 39 moyen,

1605 3090 218 42 l'homme
1864 3091 231 48 universel,
2136 3109 50 26 en
2227 3105 97 31 tant
2362 3110 83 39 que
2485 3095 194 45 module,
2721 3110 49 27 on

1604 3163 98 31 tant
1733 3153 207 53 qu'unité
1974 3154 50 42 de
2057 3170 167 27 mesure
2254 3156 257 55 esthétique.
2547 3158 126 42 Cette
2707 3158 42 41 af-

1605 3213 238 44 firmation
1884 3217 211 52 première
2138 3218 240 42 entraînait
2421 3229 123 32 toute
2588 3218 38 43 la
2670 3235 77 26 con-

1602 3276 173 53 ception
1809 3278 329 43 architecturale
2164 3280 77 54 qui
2269 3280 186 43 domina
2480 3280 178 57 jusqu'à
2690 3296 80 28 nos

1602 3337 125 53 jours
1765 3354 8 26 :
1810 3355 91 26 non
1934 3356 77 38 pas
2041 3342 175 49 l'ordre,
2250 3342 109 43 mais
2391 3343 56 42 les
2478 3344 161 41 ordres.

1672 3412 329 53 Aujourd'hui,
2043 3415 181 44 associée
2260 3431 88 28 aux
2386 3418 179 42 sciences
2603 3417 144 54 expéri-

1604 3475 212 42 mentales
1850 3492 58 26 ou
1940 3477 350 46 d'observation,
2326 3479 318 43 l'architecture
2678 3479 69 42 oré-

1601 3537 87 42 fere
1726 3538 38 41 la
1800 3538 210 43 méthode
2043 3539 273 56 analytique,
2353 3542 78 54 qui
2464 3556 53 28 va
2551 3543 50 41 de
2637 3543 110 41 l'exa-

1601 3614 99 27 men
1733 3600 72 41 des
1836 3600 106 43 faits
1971 3601 21 42 à
2025 3602 287 53 l'expression
2345 3604 71 41 des
2448 3603 94 43 lois.
