3500 4445
1712 180 93 63 138

155 336 183 54 schwer
367 342 386 46 vorauszusetzen
785 333 56 51 ist
872 332 62 68 (!).
983 332 158 52 Wenn
1187 331 78 50 Ihr
1299 329 110 54 aber
1453 331 268 69 behauptet,

153 421 130 52 Alles
322 421 143 52 schön
496 438 54 31 zu
585 418 150 50 finden
768 417 94 51 und
894 435 54 33 zu
983 417 306 58 bewundern,
1319 417 79 49 das
1431 416 215 58 Quintett
1681 416 42 49 in

161 507 39 50 C
226 505 95 52 und
353 506 70 48 die
463 502 101 49 lünf
598 502 169 49 letzten
800 502 270 60 Quartette,
1114 502 69 49 die
1225 499 501 51 Mondschein-Sonate

159 590 93 50 und
284 588 70 51 die
385 588 171 47 Sonate
588 585 91 68 Op.
720 586 132 61 106,
885 586 72 51 die
989 586 201 51 Sinfonie
1241 585 43 49 in
1319 585 169 49 C-moll
1519 583 92 51 und
1653 583 71 50 die

155 680 172 45 neunte
358 668 221 60 Sinfonie,
625 687 63 32 so
734 670 132 68 lügt
910 670 99 49 Ihr
1056 680 132 56 (vous
1581 668 145 68 vraij,

156 756 143 51 oder
331 753 98 50 Ihr
461 755 282 49 versteht
774 774 87 31 von
894 755 119 58 dem,
1046 771 94 33 was
1171 753 78 50 Ihr
1281 771 54 31 zu
1369 751 147 51 lieben
1543 752 93 50 und
1670 771 53 31 zu

152 836 292 52 bewundern
476 837 215 66 vorgebt,
738 839 132 49 kein
919 839 187 58 Wort,
1152 837 113 50 oder
1310 836 77 48 Ihr
1432 835 94 49 seid
1564 836 128 67 Adep-

327 922 74 68 (!!)
447 922 48 51 S.
531 921 136 52 252.

284 1005 88 49 Die
404 1005 214 68 Adepten
653 1005 237 51 schreiben
934 1004 110 58 sich,
1097 1001 113 51 nach
1255 1001 275 57 Ulibischeff,
1583 1002 141 50 schon

157 1105 84 36 aus
274 1087 210 53 früherer
513 1090 118 58 Zeit,
661 1089 86 51 seit
778 1089 80 48 der
890 1086 319 65 Erscheinung
1241 1085 81 51 der
1352 1086 374 50 Rasumowskv's

156 1174 110 59 her;
294 1174 72 51 die
396 1173 230 66 Ausleger
659 1173 84 66 (les
790 1173 308 63 Glossateurs}
1140 1169 101 49 sind
1282 1178 94 40 erst
1423 1169 152 51 1848
1627 1178 75 42 ent-

159 1258 196 52 standen
386 1256 60 69 (!).
503 1256 190 59 „Durch
727 1255 70 50 die
846 1255 213 67 Adepten
1110 1253 56 48 ist
1196 1253 90 67 Op.
1323 1251 72 51 59
1446 1253 80 49 der
1569 1254 122 58 Quar-

165 1349 119 42 tette
315 1339 169 49 bereits
517 1338 114 49 über
663 1340 90 66 Op.
790 1336 67 51 18
895 1336 208 68 gestellt;
1135 1335 99 50 eine
1266 1336 116 49 nahe
1413 1336 203 49 Zukunft

162 1425 64 50 sie
268 1423 189 66 beginnt
487 1423 141 49 schon
773 1421 114 50 wird
922 1421 91 68 Op.
1050 1419 133 58 127,
1234 1418 131 61 130,
1416 1418 129 61 131,
1595 1418 129 61 132,

165 1505 114 54 135
312 1507 71 49 die
428 1514 283 59 grossesten,
758 1505 107 68 jene
910 1505 80 50 des
1028 1504 92 69 Op.
1157 1503 71 51 59
1282 1522 88 32 nur
1412 1504 69 48 die
1534 1521 190 49 grossen

161 1590 252 60 Quartette
438 1607 198 33 nennen.
682 1589 103 51 Und
820 1589 79 50 mit
929 1588 172 56 Recht;
1133 1587 118 49 denn
1296 1588 78 48 das
1407 1588 178 66 längste
1641 1604 86 32 von

164 1674 94 69 Op.
299 1673 70 51 18
405 1674 77 50 hat
514 1674 41 50 in
589 1673 83 51 der
702 1675 203 47 Partitur
954 1670 73 52 30
1074 1672 172 57 Seiten,
1290 1672 79 48 das
1412 1670 179 68 längste
1638 1689 90 32 von

164 1757 94 68 Op.
296 1757 72 51 59
420 1757 76 49 hat
529 1754 73 52 38
640 1758 44 48 S.
716 1757 90 49 und
841 1757 77 48 das
964 1757 180 64 längste
1191 1771 86 33 von
1317 1754 86 50 den
1432 1754 102 50 fünf
1561 1754 163 50 letzten

162 1842 80 49 hat
277 1839 73 52 62
387 1841 172 50 Seiten.
604 1841 170 49 Zahlen

292 1926 96 48 Der
418 1941 142 49 ganze
594 1923 174 51 Beweis
800 1940 148 50 gegen
981 1923 91 66 Op.
1105 1921 72 50 59
1214 1918 184 52 besteht
1455 1922 45 48 in
1533 1921 168 64 Folgen-

164 2008 134 50 dem:
341 2008 171 59 „Diese
552 2008 250 60 Quartette
844 2007 98 49 sind
985 2006 104 49 sehr
1145 2021 97 33 arm
1303 2022 56 32 an
1404 2004 211 59 Melodie,
1658 2004 73 50 die

159 2092 174 50 Motive
364 2091 99 51 sind
498 2092 202 66 weniger
731 2109 163 48 wegen
921 2091 121 49 ihres
1077 2088 225 51 Werthes
1342 2106 55 32 an
1430 2088 112 59 sich,
1573 2089 64 49 als
1670 2088 57 50 im

161 2176 234 49 Interesse
428 2173 82 51 der
541 2173 471 69 contrapunktischen
1045 2172 312 66 Operationen
1401 2171 214 66 gewählt.

162 2258 129 50 Zwei
338 2257 228 69 Beispiele
612 2258 189 49 werden
849 2257 122 50 diese
1003 2255 311 67 Behauptung

292 2342 140 50 Diese
476 2342 98 48 sind
621 2341 72 49 die
738 2349 155 41 ersten
937 2341 34 48 4
1020 2341 142 48 Tacte
1211 2340 55 48 de
1295 2340 79 48 Nr.
1411 2340 30 48 2
1479 2340 41 49 in
1550 2340 180 49 E-moll

162 2426 56 67 (2
251 2426 144 50 Tacte
420 2426 194 57 E-moll,
679 2425 18 48 1
741 2426 113 48 Tact
889 2426 164 56 Pause,
1102 2422 31 48 2
1176 2423 141 49 Tacte
1355 2422 188 66 F-dur),
1585 2422 145 50 worin

161 2507 269 52 Ulibischeff
487 2510 133 56 „eine
665 2509 82 49 der
787 2506 432 67 nichtssagendsten
1274 2506 90 50 und
1409 2506 321 50 schwächsten

160 2591 470 67 Aufeinanderfolgen
663 2592 132 59 sieht,
827 2591 72 50 die
931 2590 81 51 auf
1053 2591 101 47 dem
1188 2589 163 49 Gebiet
1393 2589 83 50 der
1516 2589 189 50 verbote-

161 2691 90 36 nen
284 2676 209 50 Octaven
524 2675 230 67 gefunden
786 2675 189 49 werden
1376 2674 93 48 und
1516 2672 80 51 der
1634 2674 63 48 An-

164 2760 106 67 fang
301 2760 78 51 des
413 2759 267 51 Scherzo's:

162 3196 165 33 wovon
355 3194 51 33 er
438 3177 70 49 die
543 3177 31 49 9
613 3183 153 42 ersten
799 3177 141 48 Tacte
971 3173 304 58 ausschreibt,
1324 3191 77 33 um
1444 3173 56 49 im
1538 3173 51 48 4.
1641 3172 91 50 und

167 3260 52 52 8.
251 3263 141 49 Tacte
425 3262 103 49 dem
557 3260 183 50 Accord
772 3262 32 47 d
833 3278 28 31 a
882 3263 28 63 f
933 3260 70 65 gis
1035 3260 29 49 h
1096 3259 86 48 den
1211 3260 195 47 Process
1437 3276 55 30 zu
1528 3257 205 49 machen.

161 3344 89 50 Die
282 3345 318 65 Aeusserung,
642 3343 140 58 „dass
816 3343 148 48 dieses
998 3342 287 48 Bruchstück
1327 3340 117 50 eben
1496 3358 51 31 so
1581 3340 154 66 wenig

164 3428 45 50 in
241 3427 361 57 harmonischer,
635 3427 63 49 als
731 3427 42 48 in
807 3426 304 49 melodischer
1153 3424 91 50 und
1277 3423 336 53 rhvthmischer
1642 3424 59 47 Be-

593 3474 9 11 -7
1336 3479 14 12 %J

164 3511 200 64 ziehung
396 3511 251 64 angenehm
889 3511 70 54 ist,
992 3508 263 66 abgesehen
1289 3525 84 31 von
1416 3508 80 47 des
1542 3506 159 49 Verfas-

161 3611 98 33 sers
292 3592 292 66 subjectivem
620 3592 167 49 Urlheil
819 3592 114 49 über
962 3591 277 68 Rhythmus,
1281 3591 40 48 in
1355 3591 159 63 Bezug
1545 3588 80 50 auf
1649 3589 79 50 das

159 3676 284 52 Melodische
475 3676 122 49 nicht
628 3676 158 48 einmal
820 3676 184 58 ehrlich,
1039 3676 54 48 da
1128 3673 69 51 die
1228 3673 198 50 Melodie
1468 3680 95 43 erst
1594 3672 130 49 nach

161 3760 170 50 diesem
363 3758 284 50 Bruchstück
679 3758 203 66 beginnt.

287 3845 96 47 Der
419 3842 250 57 Verfasser,
701 3841 81 49 der
814 3842 40 48 in
887 3841 79 51 der
987 3841 248 51 Kenntniss
1270 3841 80 48 der
1374 3838 215 68 heutigen
1623 3856 66 33 mu-

157 3927 267 51 sicalischen
457 3926 231 49 Literatur
720 3925 81 49 der
832 3926 263 49 Deutschen
1128 3944 76 30 um
1238 3925 211 49 mehrere
1481 3922 138 50 Jahre
1644 3941 52 32 zu-

155 4011 114 51 rück
303 4010 74 57 ist,
410 4007 259 67 begründet
701 4007 122 50 seine
854 4024 143 49 ganze
1028 4008 239 50 Aesthetik
1310 4007 82 50 auf
1420 4006 271 67 Empfindun-

157 4111 89 43 gen
278 4092 95 51 und
407 4091 210 58 Gefühle,
649 4091 171 50 welche
853 4090 70 51 die
954 4091 149 48 Musik
1144 4091 287 50 ausdrücken
1463 4090 141 59 solle;
1633 4106 89 35 von

157 4179 104 50 dem
294 4177 186 52 wahren
515 4175 143 49 Inhalt
696 4175 78 47 der
806 4174 240 49 absoluten
1079 4174 167 58 Musik,
1281 4175 79 49 der
1393 4175 42 48 in
1468 4172 211 52 musica-

1818 329 235 52 lischen
2086 328 182 51 Ideen
2302 328 198 61 besteht,
2549 327 71 52 die
2650 324 145 52 nichts
2841 323 160 51 weiter
3050 324 65 51 als
3162 324 81 51 das
3287 325 100 51 sind

1820 416 91 48 und
1944 413 94 51 sein
2076 413 182 58 wollen,
2290 413 76 50 hat
2398 431 50 32 er
2499 411 130 50 keine
2662 408 313 66 Vorstellung.
3021 407 66 49 Er
3130 408 88 50 will
3264 427 123 32 zwar

1817 498 131 50 keine
1980 497 466 66 Programm-Musik,
2478 496 110 50 aber
2619 494 115 51 doch
2768 493 99 50 eine
2899 491 165 58 Musik,
3097 492 82 48 auf
3205 492 173 49 welche

1820 600 101 33 man
1954 581 92 51 sich
2079 581 134 51 leicht
2244 582 71 51 ein
2351 583 271 65 Programm
2664 578 189 51 machen
2903 577 165 49 könne.
3142 576 156 49 Daher
3330 577 56 48 ist

1818 667 89 48 ihm
1940 666 120 49 denn
2103 666 114 57 „der
2249 663 517 70 psychologische
2798 659 353 51 Charakter
3181 658 81 51 der
3288 659 60 51 Ra-

1818 747 541 70 sumowsky-Quartette
2404 748 107 49 sehr
2542 746 295 58 unbesimmt,
2870 745 105 50 sehr
3006 742 152 66 wenig
3189 742 168 51 erkenn-

1821 833 81 51 bar
1934 833 90 50 und
2058 832 252 59 erzählbar,
2344 832 102 48 weil
2479 832 62 48 sie
2575 849 88 31 nur
2692 831 150 66 wenig
2870 830 315 64 Anregungen
3219 827 69 48 lür
3307 827 80 50 das

1818 919 124 48 Herz
1977 917 92 50 und
2122 916 117 51 noch
2286 915 203 66 weniger
2532 912 475 51 Einschmeichelndes
3057 912 70 48 lür
3173 908 79 51 das
3284 910 103 49 Ohr

2147 1000 225 58 „Reicher
2404 1016 54 32 an
2492 997 267 50 mühsamen
2804 995 274 52 Grübeleien
3110 995 63 49 als
3205 1011 55 33 an
3290 995 64 48 Eu-

1823 1086 166 67 phonie
2022 1084 119 66 zeigt
2171 1085 91 66 Op.
2300 1082 71 51 59
2405 1082 168 50 bereits
2598 1082 108 66 jene
2739 1079 325 67 Ueberladung
3106 1079 80 49 mit
3214 1079 170 58 Noten,

1817 1169 360 56 Modulationen,
2191 1166 389 66 Nachahmungen
2605 1165 91 49 und
2719 1164 239 52 vielfacher
2975 1162 281 66 Zeichnung,
3275 1161 108 67 jene

1821 1251 399 68 Polyphonie,
2251 1250 86 50 wie
2368 1250 70 50 die
2470 1249 267 49 Deutschen
2780 1265 48 32 es
2865 1264 198 42 nennen,
3116 1246 174 51 welche
3321 1246 41 50 ei-

1820 1353 80 33 nes
1948 1336 80 49 der
2074 1334 490 49 unterscheidendsien
2619 1333 199 49 Zeichen
2865 1331 81 50 der
2987 1330 167 51 dritten
3204 1330 179 50 Manier

2099 1418 188 49 Endlich
2337 1416 100 50 darf
2478 1416 222 50 natürlich
2744 1415 116 50 auch
2907 1415 81 50 der
3034 1414 227 49 Vorwurf
3299 1414 82 49 der

1822 1500 347 66 Schwierigkeit
2199 1500 82 50 der
2301 1500 305 66 Ausführung
2636 1499 122 49 nicht
2790 1498 161 58 fehlen,
2984 1496 118 50 denn
3124 1495 264 51 Ulibischeff

1823 1587 56 48 ist
1911 1584 141 51 selbst
2086 1584 315 67 Violinspieler
2433 1581 93 51 und
2564 1583 176 58 „findet
2771 1583 44 48 in
2839 1581 91 68 Op.
2965 1579 73 49 59
3068 1579 140 49 schon
3232 1580 155 50 solche

1825 1668 437 67 Ungehörigkeiten,
2309 1668 101 48 dass
2462 1667 70 49 die
2564 1665 363 68 geschicktesten
2966 1664 251 48 Virtuosen
3257 1663 129 49 mehr

1823 1753 112 49 oder
1967 1752 207 66 weniger
2206 1769 56 32 an
2295 1750 80 50 der
2406 1750 304 65 Ausführung

1950 1837 181 48 Zuletzt
2165 1837 114 48 noch
2326 1834 108 50 dies.
2499 1834 79 50 Bei
2612 1833 203 49 Damcke
2857 1832 42 49 in
2933 1828 287 68 Petersburg
3252 1829 134 51 hörte

1825 1938 139 32 unser
2006 1921 204 48 Veteran
2272 1917 263 67 (Schreiber
2582 1917 146 49 dieses
2784 1915 55 50 ist
2894 1914 217 66 übrigens
3154 1912 117 50 auch
3316 1913 71 49 ein

1823 2003 298 67 Sechsziger;
2166 2020 49 31 es
2269 2003 176 48 kommt
2497 2017 86 33 nur
2615 1999 162 50 darauf
2803 2016 71 42 an,
2922 1997 61 52 ob
3038 1997 82 49 wir
3167 1997 103 49 mit
3299 1997 87 49 den

1822 2088 187 56 Jahren,
2044 2086 111 49 oder
2187 2084 70 50 die
2286 2086 139 49 Jahre
2456 2083 146 51 über
2632 2101 108 32 uns
2770 2082 237 65 hinweg
3049 2078 166 69 gehen)
3261 2079 125 51 eines

1821 2173 63 47 Ta
1892 2189 79 48 ges
2032 2169 77 50 das
2160 2171 220 58 Quartett
2438 2168 43 50 in
3173 2171 55 54 F,
2638 2168 88 66 Op.
2780 2167 91 57 59,
2928 2167 78 48 Nr.
3060 2164 47 58 1,
3156 2181 86 33 von
3274 2163 105 51 dem

1830 2255 171 49 damals
2048 2253 409 50 vollkommensten
2514 2249 413 61 Quartett-Verein
2980 2249 53 50 L.
3077 2248 307 59 Maurer's,

1825 2338 147 50 seiner
2005 2336 163 49 beiden
2213 2336 201 49 Söhne
2460 2335 92 49 und
2598 2333 79 50 des
2719 2333 311 50 Bratschisten
3073 2329 313 53 Albrecht.

1825 2423 89 49 Am
1947 2421 217 49 Schlüsse
2208 2420 80 49 des
2323 2418 191 50 Finale's
2561 2426 129 58 sagte
2734 2435 76 32 er:
2874 2416 194 58 „Dieses
3114 2431 126 32 arme
3284 2431 77 33 rus-

1825 2506 145 50 sische
2001 2505 174 48 Thema
2207 2502 165 59 macht,
2425 2519 51 33 so
2522 2502 85 48 wie
2653 2519 48 31 es
2747 2501 96 48 hier
2894 2517 86 32 von
3012 2497 263 51 Beethoven
3308 2515 53 49 ge-

1826 2586 231 52 handhabt
2089 2587 91 49 und
2243 2586 41 50 in
2315 2586 168 50 Fluten
2527 2603 86 31 von
2648 2583 245 50 deutscher
2923 2581 364 51 Gelehrsamkeit
3316 2597 48 33 er-

1826 2672 119 50 säuft
1990 2671 192 50 worden
2224 2670 71 58 ist,
2343 2671 77 48 auf
2447 2669 116 49 mich
2596 2670 85 49 den
2710 2667 230 51 Eindruck
2974 2666 125 51 eines
3130 2665 258 51 russischen

1827 2757 190 55 Bauers,
2060 2755 103 48 dem
2194 2771 103 31 man
2316 2752 131 50 einen
2471 2751 374 51 Doctor-Mantel
2873 2766 267 50 angezogen
3173 2749 91 49 und
3290 2749 98 49 eine

1830 2837 230 50 Perriicke
2079 2836 268 66 aufgesetzt,
2378 2836 89 48 ihm
2492 2835 109 49 aber
2632 2835 153 49 seinen
2813 2834 268 66 struppigen
3109 2832 124 55 Bart,
3265 2832 123 49 seine

1830 2921 294 51 Holzschuhe
2155 2920 91 50 und
2279 2920 122 48 seine
2427 2919 363 51 Muschikmütze
2822 2918 205 66 gelassen
3060 2916 91 56 hat,
3185 2916 69 48 die
3275 2915 113 49 über

1831 3006 71 49 die
1934 3004 230 49 Perrücke
2197 3003 203 67 gestülpt
2431 3003 68 49 ist.
2549 3004 68 47 Da
2646 3003 58 49 ist
2740 3001 45 66 ja
2817 3000 156 51 weder
3005 3000 109 48 Sinn
3144 2998 121 50 noch
3298 2999 60 49 Ge-

1832 3088 212 52 schmack
2103 3086 140 50 darin.
2307 3086 77 50 Sie
2438 3086 175 49 kennen
2669 3085 85 50 alle
2805 3084 70 49 die
2918 3081 339 51 Kamarinskaia
3299 3099 87 32 von

1832 3172 188 57 Glinka;
2051 3188 61 32 so
2144 3187 125 31 muss
2301 3187 102 31 man
2446 3169 227 49 russische
2712 3168 213 48 Thema's
3321 3166 65 65 (S.

1835 3254 155 67 265.)
2100 3253 270 49 Ulibischeff
2394 3253 118 48 fährt
2545 3253 113 49 fort:
2700 3252 108 58 „Ich
2851 3250 160 50 wurde
3053 3249 122 50 nicht
3220 3249 143 66 gestei-

1834 3339 109 65 nigt.
1989 3339 66 47 Im
2111 3337 288 66 Gegentheil,
2446 3335 118 51 alle
2611 3335 175 50 diese
2828 3333 296 51 Künstler
3170 3333 217 48 fanden

1834 3422 195 50 meine
2074 3420 386 65 Bemerkung
2894 3420 93 47 Das
3021 3415 205 51 beweis't
3256 3417 107 48 aller-

1834 3507 130 63 dings
1997 3512 171 42 etwas:
2210 3503 210 57 nämlich,
2455 3503 101 50 dass
2582 3503 106 66 jene
2734 3502 250 51 deutschen
3019 3499 219 51 Künstler
3280 3499 107 51 sehr

1834 3588 163 50 höflich
2044 3605 171 39 waren,
2260 3586 94 49 und
2406 3586 97 49 ihre
2542 3584 341 51 Liebedienerei
2925 3584 146 49 einem
3124 3583 263 48 russischen

1834 3673 200 50 Grossen
2069 3668 265 70 gegenüber
2365 3669 152 50 diesen
2549 3671 138 49 leider
2718 3668 111 51 nach
2859 3667 187 51 solchen
3064 3667 322 65 Erfahrungen

1831 3757 282 62 wenigstens
2159 3753 172 67 einiger
2361 3754 209 50 Maassen
2615 3752 324 65 entschuldigt,
2984 3767 136 33 wenn
3177 3767 50 31 er
3273 3748 113 48 über

1830 3838 244 51 deutsches
2107 3838 177 50 Wesen
2325 3837 203 69 spöttelt.
2601 3838 96 47 Der
2728 3834 213 50 Freiherr
2979 3851 103 33 vom
3124 3832 126 49 Stein
3295 3838 93 42 trat

1827 3921 167 49 freilich
2058 3920 153 50 1812
2259 3920 142 50 selbst
2455 3937 54 32 an
2565 3920 81 48 der
2688 3917 296 50 kaiserlichen
3035 3914 126 51 Tafel
3220 3913 164 51 anders

1834 4006 89 49 auf.
1971 4006 119 56 Nun,
2114 4005 106 66 jene
2251 4005 181 48 Herren
2465 4002 132 50 leben
2624 4002 44 66 ja
2704 4002 144 57 noch;
2878 4002 62 48 sie
2970 4000 187 49 werden
3190 3997 169 51 hoffent-

1830 4088 86 50 lich
1961 4088 42 50 in
2050 4088 147 50 dieser
2229 4086 426 66 Veröffentlichung
2696 4086 99 48 eine
2839 4082 347 66 Aufforderung
3231 4081 155 60 sehen,

1831 4172 80 51 der
1944 4172 245 54 Wahrheit
2239 4171 71 51 die
2357 4170 126 49 Ehre
2526 4186 56 33 zu
2629 4167 162 69 geben.
2834 4166 157 52 Ueber
3019 4165 176 61 Glinka,
3256 4165 128 50 einen
