2725 4092
642 255 0 0 216

578 305 236 66 THE
919 305 972 79 ARCHITECTURE

578 407 257 66 AND
967 404 640 74 COSTUME
1739 412 152 66 OF

578 508 854 82 SHAKESPEARE'S
1521 516 368 76 GREEK

581 618 338 66 PLAYS

990 619 110 79 by
1146 618 99 68 E.
1317 621 121 65 W.
1508 623 378 67 Godwin.

583 764 236 65 pericles—
821 773 42 22 so
900 765 160 37 popular
1096 767 39 28 in
1172 766 67 30 the
1266 769 256 29 seventeenth
1545 771 163 36 century
1741 772 87 29 that
1861 773 31 29 it

642 828 151 30 divided
828 828 66 30 the
931 828 170 30 honours
1138 829 94 29 with
1256 830 97 29 Jane
1386 831 121 30 Shore
1509 833 75 29 —is
1617 833 93 30 such
1745 842 21 22 a
1799 842 92 29 very

580 890 177 31 doubtful
781 891 99 38 play,
904 899 48 22 no
977 892 143 30 matter
1142 892 105 30 what
1269 893 109 36 point
1394 892 39 32 of
1447 894 97 30 view
1567 903 58 22 we
1647 894 105 38 take,
1767 898 88 29 that
1879 899 12 28 I

581 955 122 36 might
724 953 115 38 fairly
862 955 45 29 be
932 955 161 30 excused
1118 953 28 32 if
1171 956 12 28 I
1207 957 162 29 omitted
1394 957 31 29 it
1447 956 220 38 altogether
1689 957 99 32 from
1812 960 79 30 this

579 1018 132 29 series.
737 1018 32 29 It
791 1018 46 36 is,
860 1025 212 29 moreover,
1096 1026 21 21 a
1140 1019 133 28 drama
1305 1019 87 30 that
1415 1019 68 30 has
1507 1021 68 28 not
1592 1021 95 29 been
1704 1022 110 29 acted
1830 1021 61 31 for

580 1089 22 21 a
635 1079 90 38 long
757 1080 107 37 time,
896 1081 74 29 and
1005 1081 32 29 it
1059 1081 32 30 is
1114 1080 180 38 devoutly
1320 1082 40 29 to
1378 1082 46 30 foe
1447 1082 121 36 hoped
1594 1091 118 22 never
1735 1092 86 29 may
1844 1085 45 30 be

579 1144 109 29 acted
712 1144 125 36 again.
861 1144 136 30 Gower
1019 1152 41 22 as
1084 1144 138 30 chorus
1252 1143 96 31 fixes
1377 1145 68 29 the
1473 1146 90 29 date
1597 1145 39 30 of
1668 1146 67 30 the
1769 1148 121 37 story,

579 1207 73 30 and
676 1206 126 30 shows
831 1206 87 31 that
939 1207 67 30 the
1079 1207 225 37 Antiochus,
1328 1207 97 37 King
1447 1206 39 31 of
1507 1209 178 36 Antioch,
1756 1208 39 31 of
1825 1211 65 29 the

581 1268 201 31 dramatis
802 1276 189 32 petsonsc
994 1292 10 14 ,
1027 1270 32 30 is
1082 1270 66 30 the
1171 1277 104 22 same
1298 1277 41 22 as
1362 1270 211 31 Antiochus
1588 1272 67 29 the
1674 1272 116 30 Great
1806 1273 84 30 who

579 1332 158 37 reigned
755 1339 91 23 over
861 1333 109 36 Syria
988 1334 40 29 B.
1045 1333 39 30 C.
1101 1339 68 29 233
1171 1332 118 37 —187.
1314 1332 121 30 There
1452 1334 32 29 is
1501 1334 174 37 nothing,
1692 1336 197 37 probably,

579 1395 39 30 in
642 1395 66 30 the
730 1395 124 30 whole
870 1403 119 29 range
1013 1394 38 31 of
1073 1396 187 29 dramatic
1282 1396 158 36 writing
1463 1397 130 29 where
1609 1397 66 29 the
1692 1399 144 29 unities
1853 1398 38 31 of

579 1459 93 28 time
696 1459 73 29 and
793 1458 104 36 place
920 1466 66 22 are
1009 1466 42 23 so
1067 1458 251 37 persistently
1334 1459 247 37 disregarded
1600 1468 40 22 as
1655 1461 38 28 in
1712 1461 177 31 Pericles.

580 1522 39 29 In
643 1521 67 30 the
732 1520 89 30 four
843 1527 133 24 scenes
1000 1520 38 30 of
1071 1521 67 30 the
1172 1522 110 29 short
1315 1520 89 31 first
1437 1522 70 30 Act
1539 1529 58 23 we
1632 1531 65 22 are
1731 1524 157 30 hurried

578 1584 98 30 from
707 1584 163 30 Antioch
892 1585 42 28 to
958 1583 110 38 Tyre,
1091 1584 73 29 and
1188 1583 98 31 from
1314 1583 96 38 Tyre
1440 1586 42 28 to
1513 1584 178 32 Tharsus.
1738 1587 52 36 By
1823 1587 66 30 the

578 1647 93 30 time
714 1654 58 23 we
816 1647 113 29 reach
974 1647 67 30 the
1085 1647 138 30 second
1269 1648 70 29 Act
1385 1655 57 22 we
1497 1647 81 30 find
1616 1648 197 32 ourselves
1850 1651 39 28 in

620 1709 218 36 Pentapolis
901 1709 239 37 (Cyrenaica)
1157 1710 59 37 (1),
1249 1710 158 30 whence
1440 1717 56 23 we
1531 1718 47 29 go
1611 1712 41 29 to
1686 1711 97 37 Tyre
1814 1713 74 29 and

579 1772 96 31 back
697 1773 124 36 again.
846 1773 39 29 In
909 1773 65 29 the
998 1772 103 30 third
1125 1773 71 29 Act
1218 1780 57 22 we
1299 1780 65 22 are
1390 1781 48 22 on
1473 1781 21 22 a
1522 1774 84 37 ship
1630 1776 40 28 at
1692 1782 79 29 sea,
1793 1776 95 30 then

579 1837 40 30 at
642 1835 182 37 Ephesus,
846 1835 94 30 then
964 1836 42 29 at
1031 1835 180 37 Tharsus,
1245 1836 207 37 returning
1485 1838 111 36 again
1630 1839 41 28 to
1706 1837 181 37 Ephesus.

580 1900 40 29 In
642 1898 68 30 the
741 1899 91 29 next
864 1899 62 29 act
958 1905 58 22 we
1050 1905 46 29 go
1131 1899 40 28 to
1205 1899 72 29 and
1311 1898 60 30 fro
1406 1900 173 29 between
1614 1900 166 31 Tharsus
1814 1903 73 28 and

579 1961 196 37 Mitylene,
799 1961 72 29 and
897 1961 38 29 in
958 1961 66 30 the
1049 1961 73 30 last
1144 1969 58 22 we
1226 1969 46 29 go
1294 1960 99 31 from
1417 1962 183 37 Mitylene
1630 1964 40 30 to
1706 1964 181 37 Ephesus.

579 2024 104 30 Then
706 2024 111 36 again
840 2024 66 29 the
930 2025 84 29 text
1028 2025 122 29 teems
1165 2024 95 30 with
1276 2025 301 38 anachronisms,
1594 2034 34 22 e.
1644 2036 52 29 g.,
1713 2028 173 37 stringed

578 2086 109 36 viols,
710 2086 146 38 pistols,
880 2086 168 38 bellows,
1078 2088 128 36 parish
1238 2088 185 31 churches
1453 2089 94 30 with
1576 2089 103 31 their
1708 2091 179 38 steeples,

580 2150 94 31 bells
703 2150 74 30 and
808 2149 62 38 all,
899 2149 164 38 beadles,
1095 2151 131 29 tennis
1253 2152 143 36 courts,
1425 2152 283 38 tournaments,
1745 2154 142 31 shields

579 2213 162 37 charged
765 2213 95 31 with
884 2213 196 31 mediaeval
1104 2214 150 30 devices
1278 2215 74 29 and
1377 2216 178 37 mottoes,
1580 2215 68 31 ink
1670 2218 73 29 and
1757 2225 130 31 paper,

579 2284 21 22 a
632 2276 185 36 Spaniard
852 2276 38 29 in
925 2284 21 22 a
979 2274 91 39 ruff,
1103 2284 22 22 a
1159 2275 145 32 French
1340 2276 253 39 knight—one
1692 2281 196 31 Monsieur

144 775 203 31 Peric
370 774 16 31 1
416 784 21 22 e
459 783 21 23 s
504 796 8 10 .

579 2338 167 37 Veroles,
816 2346 22 22 a
865 2338 173 37 Puritan,
1061 2339 73 29 and
1160 2339 113 30 other
1296 2339 77 31 late
1397 2341 194 31 sixteenth
1617 2343 163 37 century
1804 2351 130 25 names
1959 2345 38 31 of
2020 2353 160 30 persons
2204 2348 73 29 and
2302 2348 133 36 things
2457 2347 124 30 which

577 2402 32 31 it
631 2402 32 29 is
687 2402 68 29 not
778 2408 202 30 necessary
1002 2402 41 29 to
1066 2402 193 30 rehearse.
2534 2414 45 26 &

578 2470 45 26 &
647 2463 76 31 The
746 2463 165 38 Comedy
934 2463 38 31 of
995 2463 148 38 Errors,
1167 2472 47 23 on
1238 2465 67 30 the
1329 2466 113 30 other
1466 2467 112 36 hand,
1602 2475 193 29 possesses
1819 2470 188 37 complete
2031 2472 111 37 unity
2166 2472 38 30 of
2226 2473 98 30 time
2349 2473 74 30 and
2455 2472 127 37 place;

577 2527 73 30 and
674 2526 185 37 although
881 2527 67 30 the
971 2528 85 29 text
1078 2528 32 29 is
1132 2529 212 30 somewhat
1367 2528 111 32 laden
1496 2530 94 30 with
1609 2532 303 39 anachronisms,
1929 2535 111 30 there
2058 2536 31 29 is
2107 2535 162 38 nothing
2288 2543 41 23 so
2350 2536 233 37 outrageous

577 2597 41 23 as
635 2597 21 23 a
672 2589 196 31 medieval
891 2590 250 30 tournament
1162 2590 137 37 taking
1320 2599 22 22 a
1357 2592 106 36 place
1494 2593 38 29 In
1567 2593 66 30 the
1668 2595 128 29 action
1821 2595 38 30 of
1884 2604 21 22 a
1928 2598 105 35 piece
2057 2597 123 30 which
2204 2599 38 28 in
2267 2597 105 31 itself
2393 2597 190 37 professes

577 2653 40 29 to
642 2651 138 38 belong
802 2653 40 29 to
865 2652 67 30 the
955 2653 93 29 time
1072 2652 39 30 of
1132 2654 211 30 Antiochus
1367 2655 65 29 the
1461 2656 134 30 Great.
1640 2656 77 31 The
1742 2665 112 23 scene
1880 2658 39 31 of
1941 2660 79 29 this
2054 2660 166 38 Comedy
2249 2661 33 30 is
2305 2660 183 38 Ephesus,
2511 2662 72 29 and

577 2715 65 30 the
672 2715 93 30 time
799 2715 88 30 that
916 2716 111 29 when
1058 2716 66 29 the
1162 2716 61 30 old
1258 2717 114 30 order
1406 2717 38 30 of
1477 2718 133 38 things
1640 2728 77 21 was
1757 2721 130 37 giving
1922 2721 105 37 place
2061 2724 40 29 to
2125 2723 67 30 the
2223 2731 97 23 new.
2364 2723 220 38 Therefore,

577 2777 186 38 although
786 2778 13 29 1
823 2778 94 30 have
942 2777 143 31 classed
1111 2779 75 30 this
1209 2779 108 30 work
1350 2780 94 30 with
1477 2781 66 30 the
1579 2782 126 30 Greek
1738 2782 119 38 plays,
1881 2785 31 29 it
1936 2785 30 30 is
1990 2785 120 38 really
2141 2785 169 31 classical
2338 2786 90 38 only
2451 2787 38 29 in
2512 2788 68 29 the

578 2841 248 30 associations
850 2839 38 31 of
910 2842 51 29 its
984 2849 159 30 scenery
1167 2843 72 29 and
1275 2843 38 29 in
1347 2843 66 29 the
1448 2844 169 35 pictures
1651 2845 32 29 it
1717 2853 85 30 may
1824 2849 159 34 present
2016 2856 44 23 us
2082 2848 40 31 of
2143 2849 93 30 such
2260 2850 174 35 portions
2458 2849 38 31 of
2517 2851 66 29 the

577 2905 155 30 ancient
754 2905 77 36 city
853 2905 123 29 which
1000 2912 85 29 may
1119 2905 94 30 have
1249 2906 94 29 been
1374 2907 204 35 preserved
1614 2915 40 22 as
1688 2907 77 31 late
1799 2916 41 22 as
1873 2910 67 30 the
1965 2910 94 31 time
2084 2910 38 31 of
2143 2912 265 31 Constantine.
2432 2912 72 31 For
2526 2921 56 22 we

579 2969 115 35 must,
718 2968 12 29 i
753 2966 125 38 think,
902 2968 120 29 admit
1044 2968 87 29 that
1152 2969 67 28 the
1244 2969 165 37 Comedy
1432 2969 38 30 of
1494 2970 135 31 Errors
1652 2971 68 30 has
1743 2971 199 32 reference
1973 2975 41 29 to
2031 2982 21 22 a
2070 2975 93 31 time
2178 2976 112 30 when
2305 2976 68 30 the
2390 2977 192 30 Christian

579 3030 150 32 Church
767 3029 38 31 of
842 3030 169 36 Ephesus
1047 3039 78 21 was
1162 3030 180 38 enjoying
1378 3032 126 30 either
1536 3032 66 30 the
1640 3034 254 31 undisturbed
1931 3037 93 37 days
2064 3037 87 31 that
2183 3037 177 32 followed
2390 3037 101 32 after
2517 3039 66 30 the

580 3093 210 31 Diocletian
813 3095 243 35 persecution
1081 3094 57 37 (A.
1163 3095 41 29 D.
1226 3095 96 36 303),
1346 3102 44 22 or
1412 3095 66 30 the
1502 3095 139 31 earlier
1665 3096 67 30 lull
1755 3097 88 31 that
1866 3100 145 30 ensued
2040 3102 118 29 about
2189 3100 90 38 fifty
2310 3109 111 30 years
2452 3101 129 31 before

577 3157 92 37 this,
692 3164 43 22 or
758 3156 259 37 immediately
1041 3156 100 31 after
1164 3157 66 30 the
1255 3157 175 31 Valerian
1453 3159 259 35 persecution.
1736 3161 49 29 As
1809 3161 110 31 there
1944 3163 32 29 is
2009 3164 70 29 not
2101 3164 67 30 the
2190 3163 161 31 faintest
2373 3165 208 30 indication

578 3222 39 29 In
640 3220 68 30 the
730 3220 84 30 text
837 3218 38 31 of
897 3220 67 29 the
988 3220 165 36 worship
1178 3219 38 31 of
1231 3220 126 30 either
1378 3222 67 29 the
1471 3220 124 31 Greek
1618 3229 44 22 or
1685 3222 187 36 Ephesian
1896 3226 185 37 Artemis,
2105 3235 40 22 as
2169 3234 49 23 no
2241 3235 73 22 one
2343 3228 240 36 throughout

578 3283 65 30 the
667 3282 86 37 play
776 3281 122 31 refers
921 3283 40 29 to
985 3290 74 29 any
1082 3283 71 36 god
1179 3290 43 22 or
1244 3284 162 35 goddess
1430 3283 38 30 of
1492 3284 155 37 Roman,
1673 3284 137 39 Greek,
1834 3295 43 22 or
1901 3289 144 30 Asiatic
2068 3289 239 39 mythology,
2323 3291 73 29 and
2414 3298 40 22 as
2470 3291 111 30 there

579 3346 32 30 is
633 3353 49 23 an
705 3345 135 30 abbess
863 3345 195 37 evidently
1080 3346 188 36 regarded
1292 3346 93 29 with
1421 3354 48 22 no
1502 3346 109 31 small
1645 3351 164 34 respect,
1834 3351 13 29 I
1870 3359 60 21 am
1955 3351 165 31 inclined
2155 3354 40 28 to
2220 3354 132 35 accept
2374 3353 66 30 the
2464 3352 116 32 latest

579 3410 87 29 date
690 3416 44 22 or
755 3408 67 31 the
844 3408 110 36 reign
979 3408 37 30 of
1040 3408 252 31 Constantine
1322 3409 68 30 the
1425 3410 128 37 Great,
1576 3411 42 30 A.
1643 3411 42 30 D.
1709 3412 169 39 306-337,
1901 3422 42 22 as
1965 3415 67 31 the
2066 3416 131 35 period
2232 3415 38 31 of
2301 3416 68 30 the
2396 3417 141 36 action,
2559 3425 22 21 a

579 3472 92 30 time
694 3472 111 30 when
837 3471 182 38 Ephesus,
1053 3471 185 38 although
1272 3472 70 30 her
1376 3473 109 37 glory
1520 3472 72 32 had
1628 3474 197 40 departed,
1859 3486 78 23 was
1967 3478 79 31 still
2070 3487 22 22 a
2115 3481 96 36 busy
2233 3479 119 37 place,
2375 3480 112 30 when
2512 3480 69 29 her

579 3535 160 37 temples
755 3535 73 30 and
845 3533 127 38 public
995 3534 193 39 buildings
1211 3535 72 31 had
1308 3536 68 30 not
1396 3537 68 36 yet
1487 3537 95 29 been
1605 3540 168 30 scanned
1795 3539 99 32 from
1918 3541 66 30 the
2008 3542 266 38 quarryman's
2289 3543 110 36 point
2416 3542 38 31 of
2468 3543 112 35 view,

580 3598 72 29 and
675 3598 112 30 when
810 3606 22 22 a
854 3599 179 36 stranger
1056 3598 123 38 might
1201 3606 92 30 very
1316 3598 86 31 well
1426 3598 125 32 desire
1574 3608 44 23 or
1640 3608 95 24 even
1760 3603 46 30 be
1837 3605 161 31 anxious
2020 3606 41 29 to
2132 3606 96 30 view
2257 3606 66 30 the
2347 3606 90 37 city,
2507 3605 73 31 and

627 3669 90 29 gaze
741 3669 101 29 upon
864 3662 67 30 the
955 3661 192 37 buildings

144 2477 103 32 The
284 2477 150 32 Come
449 2478 63 38 dy

143 2520 67 30 of
249 2519 263 36 Errors*

580 3753 46 31 (1)
658 3753 41 25 As
714 3758 72 20 even
802 3753 50 25 the
867 3753 102 25 author
985 3755 29 23 of
1030 3755 127 24 Pericles
1172 3754 73 27 with
1260 3754 52 24 the
1327 3754 157 25 assistance
1500 3755 29 24 of
1545 3761 15 18 a
1577 3755 102 26 chorus
1695 3762 53 20 can
1766 3758 102 31 hardly
1884 3759 93 30 bring,
1995 3760 30 24 at
2040 3765 53 19 one
2109 3760 54 25 and
2178 3760 52 25 the
2245 3766 77 19 same
2339 3760 81 28 time,
2435 3759 50 24 the
2501 3757 68 31 good

580 3795 77 30 King
673 3793 158 26 Simonides
846 3795 55 24 and
918 3795 46 25 his
979 3795 110 25 friends
1104 3797 60 24 into
1180 3797 60 23 five
1257 3796 94 29 cities,
1368 3801 45 21 we
1430 3797 77 23 must
1522 3797 91 24 select
1628 3804 53 18 one
1705 3800 49 23 out
1778 3801 26 23 ol
1829 3800 163 31 Pentapolis
2016 3802 44 24 for
2085 3802 50 23 the
2160 3802 102 30 King's
2282 3801 155 27 residence,
2455 3799 54 25 and
2525 3799 50 24 the

579 3837 63 30 city
658 3837 112 30 Cyrene
786 3835 60 27 will
863 3836 33 24 do
913 3842 31 19 as
960 3837 67 26 well
1044 3844 31 17 as
1091 3844 59 24 any
1166 3837 90 25 other.
1321 3841 1118 28 &&£>&&>&&&&■
2538 3844 38 23 &
