2725 4092
2055 237 63 30 217

2183 314 367 35 SHAKESPEARE'S

2185 356 151 33 GREEK
2361 356 189 32 PLAYS.

2186 428 94 31 The
2304 428 162 32 Scene
2479 436 72 31 ry.

2189 1370 162 30 A2te
2381 1377 38 23 m
2450 1369 16 31 i
2494 1378 19 22 s

2192 2433 275 32 Architecture
2520 2434 37 30 &

2195 2475 362 40 Sculpture.

2195 3250 94 30 The
2311 3250 176 29 houses
2510 3248 52 31 of

2193 3291 364 40 J^phesus.

145 324 44 24 &
212 317 76 31 The
312 326 157 30 scenery
491 326 41 22 as
554 319 60 29 set
636 318 109 29 down
767 315 60 30 for
849 315 77 30 this
949 315 154 37 comedy
1127 315 161 30 consists
1310 314 58 31 of:
1389 332 40 5 —

393 388 26 23 1.
444 381 28 30 A
495 380 75 31 hall
593 380 39 29 in
655 380 65 28 the
745 376 139 32 Duke's
907 376 140 37 palace.

392 451 32 22 2.
448 444 28 29 A
499 441 126 37 public
646 440 104 36 place
774 439 87 38 (for
881 438 95 31 Acts
999 447 22 24 2
1043 437 82 31 and
1147 439 55 38 4).

392 512 33 28 3.
449 506 28 28 A
499 502 127 38 public
647 501 105 37 place
775 500 65 40 (in
863 500 111 31 front
996 500 47 31 of
1062 500 66 31 the
1150 500 124 31 house
1296 499 47 31 of
1361 499 247 40 Antipholus
1630 500 68 32 for
1717 501 84 31 Act.
1825 500 53 39 3).

392 575 32 27 4.
450 568 29 28 A
501 564 125 38 public
648 564 105 37 place
776 564 59 37 (in
858 563 112 31 front
992 562 47 32 of
1057 571 24 21 a
1103 569 188 32 nunnery
1312 561 68 31 for
1392 561 73 31 Act
1481 564 48 37 5).

146 634 44 25 &
214 628 74 30 The
312 628 136 30 second
479 629 118 29 Scene
631 625 38 31 of
701 627 65 29 the
799 625 90 31 first
922 627 68 29 Act
1019 626 32 29 is
1081 625 78 30 also
1192 633 23 22 a
1246 624 127 37 public
1401 624 106 37 place
1540 634 42 22 or
1615 628 141 35 street;
1790 627 72 29 and
1896 625 28 30 if
1954 632 47 23 an
2025 631 96 29 open

145 690 187 31 vestibule
355 699 44 22 or
419 691 146 35 portico
588 688 38 31 of
647 689 66 30 the
736 688 127 37 palace
887 689 46 30 be
956 688 187 37 arranged
1166 695 42 23 so
1231 695 40 22 as
1293 689 40 28 to
1356 687 97 30 form
1477 689 86 35 part
1586 688 38 31 of
1646 690 42 36 it,
1705 696 71 23 one
1792 689 59 30 set
1867 695 110 23 scene
2001 688 122 36 might

145 752 86 31 well
254 761 108 22 serve
383 752 61 31 for
465 753 66 29 the
564 750 89 32 first
685 752 82 30 Act.
802 750 76 31 The
915 758 158 29 scenery
1107 750 91 30 thus
1231 751 149 29 treated
1416 750 123 30 would
1575 752 45 29 be
1651 750 139 38 wholly
1827 749 184 38 external,
2048 750 73 29 and

146 815 229 31 illustrative
399 814 38 31 of
459 815 66 29 the
548 815 122 29 street
693 814 256 30 architecture
973 813 38 30 of
1034 812 167 38 Ephesus
1224 812 109 31 circa
1355 815 40 28 A.
1420 813 42 29 D.
1486 820 78 29 330.
1609 815 101 29 With
1735 822 21 22 a
1779 812 98 32 little
1906 820 85 24 care
2014 813 107 29 these

145 876 87 31 four
254 885 132 23 scenes
409 877 122 37 might
553 878 46 29 be
622 877 108 30 made
753 883 91 30 very
867 875 243 38 interesting,
1133 874 59 33 for
1216 876 176 30 nowhere
1416 876 61 29 did
1496 876 65 29 the
1577 876 166 37 twilight
1765 875 38 31 of
1829 877 64 29 the
1917 875 60 30 old
2008 875 114 30 order

146 938 39 30 of
205 940 131 36 things
359 940 71 29 and
454 939 66 30 the
543 940 110 29 dawn
677 938 38 31 of
736 939 66 30 the
827 946 84 23 new
935 938 224 37 commingle
1182 945 104 23 more
1321 936 228 39 completely
1577 938 93 30 than
1694 939 38 28 in
1761 938 78 30 this
1862 938 109 37 great
1994 937 128 31 Ionian

146 1002 89 37 city.
259 1003 73 29 But
354 1003 65 29 the
443 1001 60 30 old
528 1002 112 29 order
664 1001 37 30 of
722 1002 131 36 things
886 1008 77 22 was
995 1008 92 30 very
1120 999 181 31 different
1335 1001 38 28 in
1406 1000 66 30 the
1507 1000 128 30 Ionian
1671 999 123 31 Greek
1821 999 133 38 colony
1978 999 37 30 of
2037 999 86 30 Asia

149 1063 124 30 Minor
296 1065 40 28 to
359 1063 103 30 what
484 1064 31 29 it
536 1071 78 22 was
637 1064 38 29 in
700 1062 124 31 Hellas
846 1069 149 30 proper.
1041 1062 74 31 The
1140 1063 102 30 basic
1264 1061 191 32 influence
1478 1060 38 31 of
1537 1062 65 29 the
1627 1062 126 29 native
1776 1069 44 22 or
1836 1062 139 29 Asiatic
1991 1062 39 29 in
2046 1060 77 30 this

147 1124 133 39 colony
301 1133 78 23 was
402 1127 195 35 immense,
620 1124 129 32 whilst
771 1126 66 30 the
860 1126 231 36 operations,
1113 1124 89 31 first
1224 1124 38 31 of
1284 1125 102 29 their
1403 1124 211 36 neighbour
1631 1124 184 36 Crceseus,
1833 1124 93 30 then
1943 1122 38 32 of
1996 1123 128 30 Persia

147 1196 47 21 on
218 1189 66 29 the
308 1196 70 22 one
402 1187 113 38 hand,
538 1189 73 29 and
635 1188 221 30 Macedonia
879 1196 48 22 on
950 1188 66 30 the
1040 1188 123 36 other,
1186 1195 101 22 were
1312 1187 66 29 not
1401 1185 114 38 likely
1544 1187 41 29 to
1615 1193 85 29 pass
1729 1194 90 22 over
1847 1187 65 29 the
1944 1186 114 30 heads
2088 1184 38 31 of

146 1248 92 31 such
261 1258 23 21 a
306 1249 112 38 lively
440 1250 312 36 impressionable
775 1251 121 29 mixed
921 1249 221 37 population
1166 1257 41 22 as
1229 1250 65 29 the
1318 1248 205 36 Ephesians
1545 1256 99 23 were
1666 1248 165 30 without
1853 1248 149 36 leaving
2021 1255 103 22 some

146 1312 179 30 evidence
348 1312 138 31 behind
510 1313 117 30 them.
673 1312 75 31 The
771 1313 143 30 Asiatic
941 1314 87 35 part
1056 1312 39 30 in
1129 1312 66 30 the
1230 1312 257 30 combination
1521 1319 76 22 was
1624 1310 196 37 markedly
1843 1310 132 30 visible
1997 1311 39 29 in
2059 1310 66 30 the

148 1375 109 36 great
279 1373 89 33 idol.
392 1374 77 31 The
492 1375 166 31 Artemis
680 1375 39 31 of
751 1376 66 30 the
853 1374 142 31 Greeks
1028 1374 139 38 closely
1199 1373 172 31 fellowed
1405 1375 38 28 in
1477 1372 66 31 the
1568 1372 116 31 Diana
1707 1372 38 31 of
1766 1373 65 30 the
1867 1374 160 32 Romans
2048 1380 78 22 was

148 1442 89 25 ever
259 1445 22 22 a
297 1437 150 30 maiden
470 1437 174 37 goddess,
667 1438 73 30 and
757 1437 39 30 in
813 1437 104 37 early
941 1436 218 38 mythology
1175 1443 77 23 was
1268 1443 41 23 as
1326 1435 156 30 distinct
1497 1432 97 33 from
1610 1436 67 29 the
1695 1435 165 30 Goddess
1877 1434 38 30 of
1928 1435 66 30 the
2013 1434 111 30 Moon

150 1504 41 25 as
212 1498 130 38 Apollo
365 1505 77 25 was
463 1498 98 32 from
586 1499 136 31 Helios.
748 1500 75 30 The
847 1500 129 30 chaste
1000 1499 161 37 goddess
1183 1497 38 31 of
1235 1498 65 30 the
1316 1497 115 31 silver
1447 1498 82 30 bow
1545 1498 160 36 sending
1719 1497 105 30 forth
1839 1504 143 23 arrows
1997 1497 127 29 armed

343 1540 10 10 0

150 1561 93 30 with
266 1561 155 38 plagues
443 1563 73 29 and
540 1562 114 30 death
676 1560 61 32 for
756 1570 87 22 man
860 1563 73 29 and
950 1562 120 35 beast,
1084 1562 66 36 yet
1165 1559 142 38 helpful
1324 1557 72 34 and
1415 1561 181 35 curative,
1613 1560 71 30 and
1718 1559 199 37 especially
1945 1557 179 32 watchful

150 1621 39 32 of
209 1624 66 29 the
296 1631 141 29 young,
459 1624 33 30 is
515 1631 21 23 a
557 1631 92 30 very
672 1623 182 31 different
877 1625 82 29 sort
985 1622 38 31 of
1046 1624 162 36 divinity
1239 1622 98 31 from
1373 1629 70 23 one
1477 1622 127 31 whose
1638 1622 139 36 priests
1809 1629 100 23 were
1943 1621 182 37 eunuchs,

150 1685 72 29 and
246 1684 85 31 who
357 1685 195 31 embodied
576 1694 41 22 as
650 1686 69 30 her
752 1685 99 31 chief
873 1686 228 30 attractions
1133 1685 67 30 the
1234 1685 104 30 ideas
1370 1683 38 32 of
1439 1683 275 31 fructification
1745 1684 71 30 and
1842 1684 284 30 nourishment:

149 1753 72 23 one
244 1746 85 31 who
352 1755 77 23 was
452 1749 246 35 represented
725 1749 67 28 not
812 1756 41 21 as
877 1756 21 21 a
919 1747 69 30 tall
1021 1746 279 36 small-hipped,
1335 1745 184 32 beautiful
1549 1753 146 23 woman
1725 1747 48 36 by
1805 1754 73 29 any
1908 1753 159 23 manner
2089 1744 38 31 of

150 1815 142 30 means,
315 1808 70 31 but
407 1816 41 23 as
470 1816 21 23 a
513 1810 156 36 strange
693 1810 149 29 archaic
865 1817 99 22 mass
994 1808 38 30 of
1065 1808 230 38 symbolism,
1329 1808 39 30 of
1395 1808 122 30 which
1547 1808 31 30 it
1606 1808 31 30 is
1667 1808 150 36 enough
1844 1809 40 29 to
1910 1816 66 29 say
1997 1808 87 30 that
2105 1815 21 23 a

150 1869 121 31 mural
300 1876 125 25 crown
457 1872 127 29 rested
616 1878 101 29 upon
744 1871 66 30 the
845 1871 109 36 head,
985 1871 72 29 and
1089 1870 66 30 the
1179 1871 97 35 body
1305 1878 77 21 was
1412 1869 166 37 literally
1609 1870 158 29 covered
1797 1870 93 29 with
1921 1877 206 23 numerous

151 1933 147 30 breasts
321 1933 58 37 (1).
404 1933 111 32 Later
539 1941 62 29 on,
625 1941 43 22 or
692 1934 39 30 B.
749 1933 53 37 C.,
820 1940 80 30 355,
915 1932 110 31 when
1049 1932 66 30 the
1141 1933 115 28 Great
1271 1931 152 37 Temple
1439 1932 143 36 (whose
1599 1932 210 36 character,
1825 1932 66 29 has
1908 1932 94 29 been
2020 1932 106 30 made

150 1992 138 33 known
325 1996 41 29 to
404 2003 43 22 us
484 1996 167 36 through
689 1996 71 29 Mr.
797 1996 34 29 J.
870 1994 38 31 T.
938 1992 151 33 Wood's
1125 1994 257 37 excavations)
1418 2001 77 23 was
1532 1994 192 36 designed,
1761 1994 66 30 the
1863 1993 191 31 influence
2090 1992 38 31 of

152 2054 259 39 Persepolitan
434 2059 61 29 art
518 2059 173 29 becomes
714 2056 191 32 manifest.
950 2057 76 30 The
1062 2055 197 32 colunince
1282 2055 155 31 ccelatce
1459 2064 65 22 are
1548 2055 138 31 almost
1707 2064 40 22 as
1769 2055 137 38 widely
1928 2056 199 37 separated

150 2118 97 31 from
270 2120 66 30 the
359 2119 130 37 pillars
513 2119 37 32 of
571 2121 67 29 the
661 2120 190 30 Athenian
885 2118 169 39 Propylae
1089 2126 44 22 or
1164 2119 67 30 the
1265 2118 217 31 Parthenon
1517 2126 40 22 as
1580 2119 65 30 the
1677 2117 389 35 freest-Renaissance
2097 2119 31 29 is

152 2181 99 31 from
274 2182 67 30 the
367 2184 171 29 severest
564 2184 156 32 Roman.
766 2182 246 30 Commercial
1028 2182 217 36 prosperity
1261 2181 72 29 and
1351 2180 274 37 undisciplined
1641 2180 169 32 freedom
1827 2188 99 23 were
1942 2180 187 37 tolerably

152 2243 81 31 safe
255 2243 248 32 foundations
524 2245 61 30 for
607 2245 67 30 the
697 2244 293 30 licentiousness
1014 2245 72 29 and
1110 2243 231 36 voluptuous
1364 2243 137 37 luxury
1522 2244 87 29 that
1631 2241 170 32 towered
1826 2244 67 29 not
1924 2242 88 38 only
2035 2250 93 23 over

153 2305 185 37 Ephesian
361 2308 158 36 society,
536 2308 70 29 but
621 2314 91 23 over
733 2307 67 30 the
823 2306 122 30 whole
969 2307 129 29 Ionian
1124 2307 163 35 district,
1303 2306 72 29 and
1391 2306 78 29 this
1492 2305 305 37 licentiousness,
1820 2305 172 37 splendid
2017 2306 38 29 in
2078 2306 51 29 its

153 2369 290 37 extravagance,
465 2377 57 23 we
546 2377 85 29 may
654 2370 45 29 be
723 2370 105 35 quite
851 2375 89 23 sure
962 2366 117 32 found
1105 2368 218 35 expression
1346 2368 39 28 in
1409 2367 256 30 architecture
1682 2368 72 29 and
1771 2366 195 37 sculpture
1989 2375 40 21 as
2043 2365 85 31 well

153 2437 41 24 as
218 2431 38 29 in
279 2433 137 36 poetry
439 2433 72 29 and
530 2432 133 36 music,
686 2439 44 21 or
752 2433 39 27 in
808 2431 126 29 habits
950 2429 37 30 of
1002 2429 78 30 life.
1125 2428 77 31 The
1216 2427 214 39 fragments
1446 2429 38 30 of
1498 2429 66 30 the
1581 2429 150 37 Temple
1749 2437 84 22 now
1851 2431 37 28 in
1905 2429 66 30 the
1988 2429 141 30 British

153 2493 186 37 Museum,
357 2493 200 38 especially
571 2493 38 30 of
623 2493 67 30 the
707 2492 197 31 colunince
920 2490 168 38 ccelatce,
1104 2498 44 23 or
1162 2490 219 37 sculptured
1399 2491 141 36 pillars,
1558 2499 64 22 are
1639 2492 104 36 quite
1759 2490 195 31 sufficient
1968 2492 41 29 to
2025 2491 103 30 show

152 2554 91 38 this,
266 2556 73 29 and
363 2555 182 38 although
567 2554 99 32 from
691 2556 49 29 its
763 2555 76 31 size
863 2554 72 30 and
953 2554 50 29 its
1020 2552 212 37 costliness,
1256 2553 91 29 both
1364 2554 38 28 in
1419 2553 173 30 material
1615 2554 72 29 and
1704 2553 147 37 labour,
1866 2554 77 29 this
1959 2552 170 37 building

155 2617 121 37 might
299 2617 92 31 have
415 2618 172 30 arrested
611 2617 67 30 the
701 2617 193 30 attention
912 2615 38 30 of
964 2615 66 30 the
1054 2622 100 23 mass
1170 2614 38 31 of
1223 2615 66 30 the
1312 2614 144 37 people,
1473 2615 72 29 and
1563 2616 94 29 have
1674 2617 95 28 been
1792 2615 185 37 regarded
2000 2622 41 23 as
2058 2621 70 23 one

155 2678 38 31 of
207 2680 65 29 the
288 2680 175 30 wonders
477 2678 37 31 of
529 2680 66 29 the
611 2679 118 30 world
756 2679 46 37 by
827 2685 85 23 men
929 2678 85 29 who
1030 2676 166 31 revelled
1221 2678 39 28 in
1283 2676 65 30 the
1372 2676 88 30 luck
1482 2675 38 31 of
1541 2676 103 30 their
1666 2676 263 38 geographical
1952 2676 177 38 position,

154 2742 83 29 who
262 2742 107 29 loved
394 2749 139 28 uproar
550 2742 73 29 and
640 2740 230 37 witchcraft,
888 2740 68 30 but
973 2739 108 30 could
1100 2739 67 29 not
1187 2737 328 38 fight—although
1534 2745 47 22 no
1599 2738 118 30 doubt
1738 2739 112 29 there
1865 2745 101 23 were
1983 2738 145 30 certain

152 2803 198 37 elegances
373 2804 38 28 in
435 2804 51 29 its
509 2803 102 30 Ionic
626 2803 258 37 proportions,
901 2802 234 35 enchanting
1152 2799 135 32 effects
1303 2801 39 28 in
1358 2801 50 28 its
1425 2798 69 31 tall
1512 2798 170 31 columns
1698 2800 72 29 and
1788 2800 102 30 their
1906 2801 91 35 long
2011 2800 118 29 vistas

153 2867 72 28 and
249 2866 230 36 bewitching
495 2867 140 36 beauty
658 2867 39 28 in
720 2867 51 28 its
793 2863 274 32 architectural
1083 2862 172 32 features
1272 2863 108 29 made
1397 2863 40 29 to
1454 2861 88 31 look
1557 2862 103 30 their
1676 2862 84 30 best
1783 2863 47 36 by
1853 2861 87 37 help
1963 2861 38 31 of
2023 2862 106 36 paint

155 2928 70 28 and
247 2927 66 29 the
336 2927 134 35 plastic
492 2930 79 34 art;
592 2929 66 36 yet
679 2925 99 33 from
801 2928 67 29 the
891 2927 180 30 evidence
1089 2925 130 30 before
1237 2933 44 21 us
1297 2925 67 29 the
1382 2925 110 29 Doric
1514 2923 141 37 temple
1672 2923 38 30 of
1725 2925 172 29 Minerva
1916 2925 39 29 at
1970 2924 158 36 Athens,

155 2989 177 36 covering
350 2991 68 28 not
440 2997 21 22 a
484 2991 156 35 quarter
656 2990 38 29 of
709 2990 66 29 the
792 2997 90 22 area
897 2989 77 30 this
990 2989 40 30 at
1046 2988 168 36 Ephesus
1232 2988 191 36 occupied,
1440 2986 102 30 must
1557 2986 94 30 have
1669 2986 93 29 been
1780 2994 40 22 as
1837 2986 291 37 immeasurably

154 3050 174 35 superior
350 3052 41 28 to
415 3052 31 29 it
469 3059 41 22 as
533 3052 112 29 order
672 3053 31 28 is
729 3054 40 27 to
801 3050 198 31 confusion
1031 3057 43 23 or
1103 3050 171 36 sobriety
1302 3050 41 29 to
1375 3050 297 36 intemperance.
1716 3048 75 30 The
1822 3048 155 37 general
2007 3049 122 29 street

153 3112 258 30 architecture
434 3111 38 30 of
496 3111 179 38 Ephesus,
691 3115 42 27 A.
751 3114 42 28 D.
811 3120 78 30 330,
905 3113 125 30 would
1050 3113 79 35 not,
1146 3113 190 35 however,
1354 3109 45 32 be
1416 3110 197 38 composed
1630 3109 39 31 of
1685 3111 100 29 Ionic
1801 3109 241 38 colonnades,
2059 3118 70 22 nor

155 3173 125 32 would
305 3175 66 30 the
395 3175 118 29 house
536 3174 38 30 of
596 3174 240 37 Antipholus,
860 3182 71 23 nor
952 3182 95 23 even
1069 3174 88 30 that
1180 3173 38 30 of
1239 3174 66 29 the
1330 3173 100 30 chief
1452 3174 237 36 magistrate,
1717 3172 113 36 duke,
1858 3179 43 23 or
1926 3172 202 36 proconsul

154 3238 45 30 be
223 3244 21 23 a
267 3238 208 29 miniature
498 3237 273 36 reproduction
795 3236 39 30 of
848 3237 66 29 the
930 3236 140 37 temple
1087 3235 38 31 of
1140 3236 166 30 Artemis
1323 3243 43 23 or
1383 3236 131 30 Diana.
1559 3235 97 29 That
1671 3235 67 29 the
1755 3235 137 29 houses
1909 3233 38 30 of
1963 3233 166 37 Ephesus

153 3306 100 24 were
277 3307 104 23 more
405 3299 197 31 elaborate
626 3300 72 29 and
724 3306 104 23 more
844 3298 157 31 fanciful
1023 3299 94 30 than
1141 3299 110 29 those
1268 3297 39 31 of
1329 3297 126 31 towns
1470 3299 126 29 where
1613 3297 66 30 the
1697 3297 111 29 Doric
1823 3296 97 37 style
1936 3295 192 37 prevailed

154 3369 84 29 may
260 3362 46 30 be
329 3364 41 28 at
392 3369 94 23 once
510 3360 207 36 admitted;
741 3360 84 30 that
847 3361 38 28 in
908 3361 67 29 the
999 3362 128 29 better
1150 3360 96 30 class
1270 3359 38 30 of
1331 3359 192 37 buildings
1545 3360 66 29 the
1636 3365 118 30 upper
1775 3357 100 31 floor
1897 3358 122 37 might
2034 3359 95 30 have

157 3424 92 30 been
273 3424 163 37 planned
460 3431 41 23 as
524 3431 48 23 an
596 3430 97 29 open
720 3422 125 37 loggia
870 3423 238 29 surrounded
1134 3422 46 37 by
1205 3423 101 29 Ionic
1329 3421 171 31 columns
1529 3422 225 35 supporting
1782 3420 243 30 entablature
2056 3421 72 29 and

155 3485 242 37 low-pitched
421 3485 85 32 roof
527 3486 32 30 is
584 3487 68 28 not
675 3483 254 37 improbable;
955 3485 88 29 that
1069 3483 126 37 public
1225 3482 158 32 leschai
1413 3485 93 30 with
1538 3491 98 22 rows
1666 3482 38 30 of
1734 3482 143 30 marble
1905 3481 122 31 shafts
2055 3482 73 30 and

154 3548 326 35 picture-covered
503 3547 107 32 walls
633 3547 122 37 might
778 3547 46 29 be
846 3553 90 23 seen
959 3548 38 28 in
1023 3553 111 30 many
1157 3553 49 23 an
1230 3553 96 29 open
1350 3546 104 36 place
1479 3548 31 28 is
1534 3553 103 23 more
1660 3545 94 29 than
1776 3544 200 37 probable,
1999 3545 74 29 and
2097 3545 31 29 it

155 3610 31 28 is
210 3612 67 28 not
301 3610 169 39 unlikely
491 3612 87 29 that
600 3617 104 23 some
728 3607 38 31 of
788 3609 108 29 these
913 3608 122 36 might
1051 3609 94 29 have
1162 3609 145 29 existed
1324 3609 39 29 in
1379 3609 67 29 the
1464 3609 115 29 midst
1595 3606 38 31 of
1649 3614 82 23 new
1749 3607 141 33 Roman
1906 3607 133 31 arches
2055 3607 72 29 and

154 3671 93 37 piles
270 3670 38 32 of
331 3674 141 33 Roman
488 3673 178 37 pilasters
689 3673 39 28 in
752 3671 42 29 A.
820 3671 41 28 D.
886 3676 66 29 330
976 3668 69 31 but
1066 3671 66 29 the
1156 3678 112 23 scene
1291 3671 165 36 painter,
1481 3671 127 30 whose
1632 3669 89 37 only
1738 3670 132 29 notion
1898 3668 38 31 of
1963 3668 166 38 Ephesus

155 3732 47 30 (i)
220 3733 135 29 Artemis,
372 3731 30 27 in
419 3733 80 32 early
516 3733 94 26 Greek
627 3733 92 31 myth,
737 3733 35 26 Is,
784 3737 30 18 so
830 3731 29 23 to
874 3729 95 31 speak,
982 3728 49 26 the
1043 3730 102 24 female
1156 3732 30 23 of
1201 3731 108 30 Apollo;
1327 3731 82 26 when
1427 3732 101 29 Apollo
1546 3730 54 25 and
1617 3729 92 25 Helios
1721 3735 76 20 were
1808 3730 171 24 confounded
1990 3730 139 29 together,

152 3773 54 24 and
227 3773 110 24 treated
358 3780 31 19 as
406 3781 51 19 one
473 3776 187 30 personality,
678 3774 127 25 Artemis
827 3772 53 24 and
902 3771 102 25 Selene
1020 3771 114 24 became
1150 3778 62 18 one.
1254 3771 54 25 The
1325 3773 148 28 greatness
1490 3773 30 24 of
1535 3772 50 24 the
1601 3771 139 30 Ephesian
1757 3771 124 30 divinity
1897 3776 91 19 seems
2010 3772 28 23 to
2059 3771 71 24 have

152 3814 141 25 consisted
302 3816 30 23 in
342 3816 39 23 its
397 3816 64 25 dual
476 3817 111 24 nature.
