2355 4092
187 210 72 27 222

189 294 41 22 as
246 284 211 32 Alexandre
473 292 99 28 says,
600 284 33 29 it
654 283 126 30 would
804 284 45 29 be
872 291 22 22 a
917 282 174 31 blunder.
1107 289 45 24 &

188 339 97 29 Here
315 337 39 29 in
384 337 164 29 Moscow
577 336 92 36 they
698 334 80 31 risk
802 335 68 30 the
892 334 163 31 blunder
1077 335 73 29 and

188 390 153 31 achieve
362 389 68 30 the
453 388 223 30 distinction
701 386 38 31 of
762 388 114 36 being
896 387 67 30 the
987 387 83 30 best
1091 387 61 29 set

188 442 39 31 of
248 442 126 31 actors
398 449 100 28 upon
520 440 67 30 the
610 440 198 36 European
830 440 122 36 stage.

188 495 87 30 Less
295 492 38 32 of
348 501 23 22 a
385 493 258 37 spontaneous
658 491 214 31 whirlwind
888 491 95 29 than
1001 492 150 35 Qrasso,

186 546 104 31 their
310 545 91 31 first
422 546 109 29 actor
552 543 275 38 Stanislawsky
849 544 32 29 is
904 550 105 23 more
1039 542 95 32 intel-

188 597 152 32 lectual.
420 603 45 25 jg?
591 602 46 25 &
762 601 47 25 &
935 600 45 26 j£*

187 650 88 30 This
291 651 31 29 is
340 651 68 29 not
421 651 42 28 to
480 650 45 29 be
541 647 321 31 misunderstood.
907 648 78 29 You
1003 655 64 22 are
1084 648 68 29 not

185 704 42 29 to
249 703 165 36 imagine
435 701 89 30 that
544 701 78 30 this
646 701 108 30 actor
775 701 32 28 is
831 699 83 32 cold
937 707 44 22 or
1006 699 145 32 stilted.

187 756 29 29 A
248 753 156 38 simpler
434 753 219 37 technique,
683 761 22 22 a
738 760 105 23 more
865 753 141 29 human
1030 751 122 31 result

186 806 126 31 would
350 807 45 29 be
433 805 166 31 difficult
634 806 41 30 to
712 804 95 31 find.
865 805 29 30 A
931 805 143 29 master
1114 804 38 31 of

186 858 242 39 psychology,
451 858 57 30 his
532 859 129 36 acting
683 858 32 29 is
736 858 100 29 most
850 856 221 31 realistic....
1086 857 66 37 yet

187 912 46 29 he
267 911 130 30 avoids
431 910 132 38 nearly
597 910 49 29 all
679 910 66 30 the
779 909 270 31 brutalities.,.,
1093 909 57 30 his

186 962 281 38 performances
501 969 65 23 are
599 962 50 30 all
686 960 238 32 remarkable
957 960 61 32 for
1049 961 103 30 their

185 1023 125 31 grace.
334 1016 14 28 I
371 1022 70 23 can
463 1013 81 31 find
569 1022 49 22 no
641 1014 128 30 better
789 1014 120 30 word.
1105 1018 47 26 <£?

186 1068 13 30 I
216 1068 95 30 have
328 1068 95 30 been
441 1067 100 29 most
562 1066 150 37 pleased
730 1067 48 37 by
799 1066 67 30 the
889 1065 261 38 performance

186 1121 24 15 44
223 1119 38 31 of
273 1119 119 31 Onkel
406 1119 134 36 Wanja
606 1119 183 38 although
804 1119 79 29 this
908 1126 188 29 company
1120 1119 31 28 is

186 1172 83 31 able
284 1174 42 28 to
362 1171 138 31 handle
534 1179 74 30 any
636 1171 86 38 play
755 1170 224 37 admirably.
1106 1175 45 25 &

187 1226 39 29 In
250 1226 24 15 44
287 1225 79 30 The
390 1224 141 37 Enemy
547 1223 39 31 of
599 1224 67 30 the
683 1223 135 37 People
877 1221 274 37 Stanislawsky

185 1277 125 31 shows
334 1284 44 22 us
401 1277 85 29 how
507 1277 41 29 to
573 1277 62 29 act
658 1277 52 28 Dr
731 1274 233 31 Stockmann
987 1273 165 31 without

186 1330 114 37 being
318 1329 25 16 44
354 1327 205 32 theatrical
620 1328 73 29 and
710 1327 165 30 without
898 1327 112 36 being
1033 1326 119 30 comic

186 1389 44 23 or
246 1380 92 31 dull.
372 1381 77 30 The
465 1381 182 29 audience
663 1378 108 31 smile
788 1378 51 31 all
860 1379 67 29 the
949 1379 93 28 time
1064 1377 88 30 that

184 1434 93 37 they
300 1441 64 23 are
383 1433 68 30 not
466 1433 114 37 being
595 1432 134 29 moved
752 1432 41 29 to
815 1432 118 36 tears,
950 1431 70 29 but
1036 1436 116 24 never

187 1486 89 30 does
300 1494 22 21 a
344 1493 131 22 coarse
496 1491 91 23 roar
609 1493 47 29 go
674 1491 49 29 up
738 1483 94 31 such
849 1491 40 23 as
905 1491 56 22 we
978 1490 64 22 are
1060 1482 90 30 used

184 1539 42 29 to
248 1539 39 28 in
310 1538 67 29 the
401 1536 154 38 English
579 1536 176 30 Theatre.

187 1591 68 30 Let
279 1597 59 23 me
363 1587 268 39 congratulate
664 1595 74 30 you
778 1595 49 23 on
865 1595 98 30 your
992 1586 159 31 Journal

185 1643 124 29 which
355 1643 91 29 does
492 1642 68 30 not
603 1642 170 35 improve
827 1641 69 29 but
950 1639 202 37 developes

185 1694 259 38 delightfully.

265 1748 13 28 I
313 1747 142 30 cannot
482 1745 145 31 believe
665 1753 73 30 you
776 1744 79 30 will
891 1743 120 38 really
1048 1745 106 35 print

184 1807 126 30 10,000
333 1800 126 35 copies
475 1799 39 29 in
532 1798 206 37 February.
762 1799 79 29 You
858 1797 120 37 really
994 1797 158 30 deserve

183 1852 68 30 the
296 1852 197 37 gratitude
534 1851 39 30 of
609 1851 67 30 the
716 1850 199 37 European
959 1850 193 30 theatre...

565 1903 189 33 GORDON
779 1903 153 34 CRAIG.
962 1901 190 31 Moscow.

185 2495 511 75 FOREIGN
780 2495 369 71 NOTES

190 2666 823 54 FLORENCE

182 2771 107 33 'TMhe
323 2779 73 24 one
426 2773 213 36 important
668 2774 106 36 piece
804 2773 38 31 of
874 2782 103 22 news
996 2775 91 29 here
1112 2776 37 28 in

199 2813 22 24 *
240 2824 165 31 relation
429 2826 41 29 to
493 2825 66 30 the
582 2826 154 30 theatre
759 2828 33 29 is
814 2827 88 30 that
917 2828 59 29 Mr
997 2827 152 30 Gordon

181 2877 113 37 Craig
316 2877 67 30 has
406 2877 117 31 taken
547 2878 67 30 the
638 2879 126 30 Arena
788 2878 174 31 Goldoni.
986 2879 46 38 (1)
1104 2886 46 25 .<&

181 2930 88 30 This
295 2931 32 28 is
357 2930 164 36 perhaps
550 2931 66 30 the
648 2933 101 28 most
779 2931 187 30 beautiful
996 2932 154 30 theatre

181 2983 40 29 in
246 2982 149 36 Europe
425 2983 95 29 with
550 2984 67 29 the
642 2984 201 36 exception
867 2984 39 30 of
927 2984 67 31 the
1027 2984 123 31 Greek

180 3035 74 30 and
279 3035 144 33 Roman
446 3036 173 30 theatres
653 3037 73 29 and
762 3036 202 31 Palladio's
994 3038 156 29 theatre

180 3088 40 29 in
246 3088 174 31 Vicenza.
588 3094 46 24 jg>
761 3095 45 24 jg?
1105 3095 45 24 &

182 3140 32 29 It
237 3140 31 30 is
291 3147 97 28 open
417 3140 41 30 to
480 3141 68 29 the
579 3141 70 36 air,
680 3141 51 30 its
760 3142 103 29 seats
887 3149 66 22 are
988 3140 98 31 built
1112 3141 38 30 of

180 3192 126 36 stone,
329 3199 106 23 more
458 3192 94 30 than
568 3191 137 31 fifteen
729 3193 175 31 hundred
922 3192 134 39 people
1080 3201 70 22 can

181 3245 46 29 be
250 3245 131 29 seated
406 3245 73 29 and
503 3245 67 29 the
594 3246 107 36 stage
726 3246 31 30 is
781 3254 21 21 a
825 3254 94 29 very
941 3246 105 37 large
1065 3253 84 22 one.

180 3297 29 29 A
231 3297 154 36 portion
410 3296 39 30 of
477 3297 68 29 the
568 3297 163 31 Theatre
756 3298 47 30 he
833 3298 67 30 has
928 3299 69 35 put
1020 3299 42 28 at
1083 3298 66 30 the

182 3349 164 36 disposal
370 3348 39 31 of
429 3349 67 30 the
519 3349 217 36 publishers
759 3349 39 31 of
834 3349 81 31 The
938 3349 124 31 Mask
1089 3349 61 31 for

180 3401 104 30 their
307 3409 67 22 use
397 3409 41 22 as
461 3401 178 31 editorial
663 3401 146 31 offices.
933 3408 45 24 jg/

181 3453 60 30 Mr
258 3454 151 30 Gordon
427 3454 124 37 Craig,
562 3453 101 32 after
677 3462 104 23 some
795 3454 166 30 months'
975 3456 174 36 absence,

183 3506 66 29 has
272 3505 155 31 himself
455 3507 186 30 returned
670 3508 40 29 to
743 3507 194 37 Florence,
953 3507 124 29 which
1102 3507 47 30 he

181 3557 154 31 intends
357 3559 41 29 to
422 3558 111 31 make
556 3559 59 30 his
639 3560 295 36 head-quarters
957 3559 73 30 and
1057 3559 92 38 will,

183 3610 14 28 I
234 3611 250 37 understand,
516 3619 85 23 now
632 3613 182 30 continue
843 3612 67 31 the
950 3611 108 31 work
1102 3612 47 31 he

183 3662 122 37 began
335 3664 92 30 here
454 3665 40 29 in
519 3664 194 38 February
736 3672 98 30 1907,
858 3674 22 21 a
913 3666 88 29 date
1023 3664 125 31 which

183 3721 45 32 (1)
245 3723 46 24 An
301 3724 102 25 article
413 3732 35 18 on
459 3726 60 25 this
530 3726 172 30 Interesting
703 3721 2 37 1
721 3727 54 24 and
791 3733 72 25 very
880 3726 139 25 beautiful
1036 3726 111 25 theatre

182 3763 52 25 has
248 3765 72 24 been
336 3767 141 28 promised
501 3774 43 23 us,
563 3768 55 25 and
634 3768 61 28 will
712 3774 105 25 appear
841 3769 81 31 early
949 3769 31 24 in
1005 3768 51 25 the
1079 3774 67 22 new

181 3810 80 26 year.
294 3805 57 26 Ed:

1217 281 159 32 marked
1397 289 22 23 a
1442 288 84 23 new
1549 280 131 36 period
1703 279 40 29 in
1768 278 57 30 his
1853 277 267 37 development
2143 279 37 31 of

1214 335 88 30 that
1333 334 123 30 which
1491 334 48 29 he
1572 330 109 32 holds
1705 331 42 29 to
1778 331 46 29 be
1853 330 68 30 the
1951 331 70 29 Art
2047 329 39 31 of
2113 331 67 29 the

1215 386 164 31 Theatre
1401 388 39 28 in
1464 386 51 30 its
1537 384 134 37 purest
1685 382 112 31 form.
1964 389 45 25 &
2135 389 45 25 &

1214 438 77 31 The
1305 440 177 36 carrying
1496 437 165 31 forward
1680 435 39 30 of
1732 435 77 30 this
1826 433 77 32 will
1920 435 59 35 be,
1995 441 41 23 as
2053 435 13 28 I
2086 434 95 30 have

1214 492 94 37 said,
1331 492 59 30 his
1412 492 102 30 main
1538 489 127 37 work;
1696 489 70 29 but
1788 490 42 28 at
1858 487 66 30 the
1954 494 104 23 same
2087 487 94 29 time

1215 544 46 30 he
1284 544 154 30 intends
1459 545 42 29 to
1525 542 114 31 assist
1661 542 38 29 in
1723 549 22 22 a
1766 539 75 32 few
1866 539 249 38 productions
2141 539 40 29 in

1215 597 146 29 certain
1397 596 38 30 of
1468 596 69 30 the
1574 595 199 36 European
1809 593 187 31 theatres.
2061 591 120 31 These

1214 648 174 31 theatres
1403 649 48 29 he
1466 647 79 31 will
1561 647 115 31 assist
1692 647 162 29 because
1870 645 66 30 the
1952 643 174 32 workers
2141 644 40 30 in

1212 701 106 30 them
1353 701 95 31 have
1482 708 49 23 an
1565 698 162 38 especial
1762 698 211 31 attraction
2009 696 62 31 for
2103 697 78 30 him

1214 753 217 38 personally
1454 754 72 29 and
1552 754 68 29 not
1644 753 160 30 because
1828 751 45 30 he
1901 750 166 31 believes
2095 749 88 30 that

1212 806 113 30 those
1358 805 211 37 particular
1604 805 175 30 theatres
1816 804 95 30 have
1947 802 130 31 solved
2115 802 66 30 the

1214 858 170 36 problem
1402 857 115 42 of|the
1534 858 62 31 art
1611 865 75 29 any
1701 857 130 30 better
1846 856 95 30 than
1952 856 69 29 the
2037 856 146 29 others.

1215 911 65 29 His
1313 912 169 29 decision
1519 912 40 29 to
1593 912 85 36 give
1712 910 59 30 his
1804 908 88 38 help
1925 909 32 29 is
1985 906 198 32 therefore

1214 963 134 37 purely
1364 971 48 22 on
1426 964 162 29 account
1604 963 39 30 of
1652 963 68 30 the
1733 970 87 22 men
1830 962 39 30 in
1882 961 111 31 those
2009 960 174 30 theatres

1214 1016 73 30 and
1313 1016 160 30 because
1494 1016 94 37 they
1618 1016 95 30 have
1745 1014 202 37 expressed
1977 1014 67 30 the
2069 1012 115 32 belief

1214 1068 87 30 that
1323 1068 48 30 he
1395 1075 69 23 can
1482 1068 45 30 be
1550 1068 39 30 of
1612 1075 67 23 use
1695 1068 39 30 in
1750 1068 147 37 raising
1912 1066 67 31 the
1999 1066 183 30 standard

1215 1119 39 31 of
1280 1120 68 29 the
1380 1119 109 31 work
1519 1120 38 30 in
1586 1120 105 30 their
1719 1120 187 30 theatres.
1950 1120 48 30 So
2030 1119 111 29 much
2172 1119 13 29 I

1215 1173 183 36 gathered
1421 1172 99 30 from
1545 1181 22 22 a
1589 1173 110 30 short
1723 1173 267 31 conversation
2006 1172 95 30 with
2124 1173 61 29 Mr

1216 1225 112 36 Craig
1349 1226 217 36 yesterday.
1618 1231 46 26 &

1215 1276 88 31 This
1317 1277 167 30 attitude
1498 1278 31 28 is
1543 1277 198 36 explained
1757 1278 46 36 by
1815 1277 67 30 the
1896 1278 118 30 above
2024 1284 159 29 passage

1214 1329 129 30 where
1360 1330 12 28 I
1390 1329 95 30 have
1501 1330 156 36 pointed
1675 1331 68 28 out
1758 1330 88 29 that
1858 1329 59 30 his
1932 1327 124 32 whole
2073 1329 111 30 heart

1215 1382 32 29 is
1269 1390 41 21 so
1335 1381 165 38 entirely
1523 1383 112 35 given
1659 1390 92 22 over
1769 1383 41 29 to
1833 1382 68 30 the
1925 1382 197 36 discovery
2147 1380 38 31 of

1214 1433 66 30 the
1303 1433 205 37 principles
1532 1433 38 32 of
1598 1434 67 31 the
1694 1435 61 29 art
1778 1435 39 29 in
1841 1435 50 28 its
1920 1434 136 36 purest
2084 1432 99 31 form

1214 1486 87 30 that
1324 1486 45 29 he
1395 1494 47 22 no
1466 1486 135 37 longer
1613 1487 145 30 desires
1781 1488 40 29 to
1837 1486 102 37 fight
1960 1486 96 30 with
2072 1485 111 30 those

1214 1538 134 36 people
1371 1539 85 29 who
1480 1539 89 29 hold
1595 1540 174 35 opinions
1792 1538 185 31 different
2002 1537 99 31 from
2126 1537 59 30 his

1216 1598 85 22 own
1324 1592 119 29 about
1463 1591 79 29 this
1566 1599 43 22 or
1630 1591 89 30 that
1741 1591 268 37 development
2042 1590 39 31 of
2117 1591 67 30 the

1216 1644 158 29 modern
1397 1643 166 36 theatre,
1588 1644 66 30 the
1678 1644 159 30 modern
1868 1644 152 29 theatre
2044 1643 141 36 having

1217 1696 132 30 ceased
1358 1697 42 28 to
1412 1696 167 29 interest
1591 1696 77 30 him
1683 1696 147 37 beyond
1845 1704 21 22 a
1880 1697 147 29 certain
2037 1698 147 29 extent.

1217 1749 31 29 It
1271 1748 30 29 is
1326 1749 81 36 not,
1430 1748 38 30 in
1491 1748 92 37 fact,
1605 1750 42 28 to
1676 1748 185 32 different
1891 1748 132 39 styles
2051 1750 39 29 in
2117 1750 67 29 the

1216 1801 157 29 modern
1386 1801 154 30 theatre
1557 1801 87 30 that
1659 1802 60 30 Mr
1736 1802 113 37 Craig
1860 1801 112 31 takes
1984 1802 200 36 exception

1216 1855 68 29 but
1317 1855 40 28 to
1381 1854 66 30 the
1471 1855 126 29 entire
1620 1855 168 29 theatre.
1838 1854 98 30 That
1961 1855 46 29 he
2032 1855 152 36 should,

1216 1906 348 37 notwithstanding
1592 1907 92 36 this,
1708 1908 44 29 be
1783 1907 185 37 prepared
2000 1908 40 29 to
2072 1907 113 31 assist

1214 1966 104 22 some
1343 1957 38 31 of
1402 1958 67 30 the
1493 1959 158 29 modern
1675 1959 189 30 directors
1886 1959 94 30 with
2004 1959 59 30 his
2080 1959 105 30 ideas

1214 2009 61 31 for
1298 2011 195 36 bettering
1508 2011 66 30 the
1599 2010 239 39 artificiality
1864 2011 39 31 of
1926 2012 68 29 the
2016 2011 169 37 theatre,

1216 2063 72 28 and
1320 2062 155 37 making
1510 2063 88 30 that
1633 2063 239 37 artificiality
1908 2072 106 22 more
2049 2064 136 29 distin*

1216 2115 159 35 guished
1400 2116 30 28 is
1461 2116 112 29 much
1597 2117 40 28 to
1672 2117 59 28 Mr
1765 2116 145 37 Craig's
1945 2117 135 30 credit.

1216 2168 59 29 Mr
1305 2168 113 36 Craig
1441 2168 31 30 is
1499 2168 80 30 also
1609 2169 170 37 engaged
1812 2177 48 22 on
1890 2169 109 30 work
2027 2168 61 31 for
2117 2170 67 30 the

1216 2220 163 29 Moscow
1423 2222 71 27 Art
1538 2220 163 31 Theatre
1745 2222 123 29 which
1905 2222 77 30 will
2021 2222 38 29 in
2098 2223 87 35 part

1216 2280 142 29 occupy
1381 2272 77 30 him
1481 2272 60 31 for
1560 2275 41 28 at
1624 2273 97 31 least
1743 2274 139 31 twelve
1905 2275 167 30 months.
2097 2274 88 31 This

1215 2326 211 29 statement
1441 2325 77 31 will
1541 2326 184 38 probably
1748 2328 45 29 be
1818 2328 309 34 piisunderstood
2145 2328 38 29 in

1216 2377 170 38 England
1411 2378 129 31 unless
1563 2380 32 29 it
1610 2380 31 29 is
1659 2379 197 37 explained
1880 2381 88 29 that
1983 2381 78 29 this
2076 2380 109 31 work

1215 2430 32 30 is
1259 2432 70 28 not
1336 2431 67 29 the
1416 2432 245 35 preparation
1672 2432 40 30 of
1724 2433 106 36 eight
1842 2440 44 23 or
1898 2434 89 29 nine
2002 2433 183 31 different

1215 2483 248 36 productions
1486 2484 123 30 which
1633 2486 59 28 Mr
1709 2485 113 37 Craig
1838 2486 67 30 has
1922 2487 40 29 to
1986 2487 67 37 get
2067 2487 118 37 ready

1216 2536 48 38 by
1293 2545 22 21 a
1339 2538 146 29 certain
1520 2538 89 29 date
1632 2538 74 29 and
1729 2538 40 30 in
1793 2547 21 21 a
1838 2540 147 29 certain
2015 2547 97 29 way,
2142 2547 41 23 so

1214 2590 87 29 that
1323 2590 32 28 it
1378 2597 85 29 may
1540 2589 127 37 please
1690 2590 67 30 the
1781 2590 139 37 public.
2000 2592 139 30 Indeed
2171 2593 13 29 I

1216 2643 236 29 understand
1475 2643 87 29 that
1578 2644 50 28 M.
1645 2642 299 32 Stanislawski's
1966 2644 154 30 theatre
2144 2644 39 30 in

1214 2695 164 29 Moscow
1416 2693 130 31 makes
1584 2702 48 22 no
1666 2696 166 35 attempt
1870 2697 42 29 to
1956 2695 127 38 please
2117 2697 66 29 the

1215 2747 179 35 public....
1418 2747 74 30 and
1516 2747 213 37 invariably
1751 2749 182 29 succeeds
1956 2749 39 29 in
2012 2749 172 37 pleasing

1217 2798 171 31 without
1404 2799 156 37 making
1574 2799 67 30 the

1216 2852 12 29 I
1251 2851 78 30 also
1354 2851 236 30 understand
1612 2852 89 30 that
1722 2853 111 30 when
1857 2853 93 38 they
1972 2854 167 36 produce
2163 2863 21 21 a

1214 2903 85 37 play
1322 2904 38 29 in
1385 2904 77 29 this
1489 2904 154 30 theatre
1671 2904 38 30 of
1736 2906 60 29 Mr
1823 2905 298 32 Stanislawski's
2144 2907 38 29 in

1214 2957 164 29 Moscow
1393 2957 94 37 they
1503 2957 137 30 devote
1657 2966 41 21 as
1715 2958 113 30 much
1844 2959 94 30 time
1954 2960 41 29 to
2012 2959 32 30 it
2060 2967 41 23 as
2117 2960 66 30 the

1213 3008 108 31 work
1345 3010 182 29 demands
1550 3010 150 30 instead
1718 3010 38 31 of
1780 3012 189 36 hurrying
1991 3013 68 29 the
2074 3011 111 32 work

1212 3063 41 28 to
1276 3060 49 31 fit
1346 3062 66 29 the
1436 3063 107 29 time.
1588 3062 102 38 They
1719 3064 47 29 do
1794 3065 70 29 not
1893 3065 60 29 set
1982 3073 23 21 a
2035 3066 147 29 certain

1214 3114 89 30 date
1318 3113 60 31 for
1395 3122 21 22 a
1432 3115 227 36 production
1677 3117 73 28 and
1768 3116 93 30 then
1886 3117 93 30 rush
1995 3118 67 29 the
2075 3116 108 31 work

1214 3166 181 37 through.
1441 3168 152 37 Indeed,
1616 3176 42 22 so
1686 3170 164 35 opposed
1874 3170 41 29 to
1931 3170 78 29 this
2025 3171 32 28 is
2080 3170 104 29 their

1214 3219 154 30 method
1381 3220 88 30 that
1482 3221 13 29 I
1511 3220 107 30 learn
1630 3221 89 30 that
1732 3229 21 22 a
1769 3221 87 37 play
1871 3223 41 29 to
1927 3224 45 28 be
1988 3223 193 35 produced

1212 3272 202 30 sometime
1444 3273 38 29 in
1514 3280 81 29 1910
1617 3274 33 30 is
1673 3272 154 39 already
1853 3274 38 30 in
1922 3276 260 35 preparation.

1213 3324 24 15 44
1254 3323 31 31 If
1301 3324 88 37 only
1452 3326 80 29 said
1549 3326 60 30 Mr
1634 3326 112 37 Craig
1765 3328 39 28 in
1826 3326 67 30 the
1918 3335 135 23 course
2070 3326 39 32 of
2124 3328 58 30 his

1214 3379 281 36 conversation,
1505 3378 192 37 referring
1705 3380 41 28 to
1755 3379 79 30 this
1845 3379 93 37 fact,
1946 3380 24 15 44
1981 3380 28 30 if
2018 3380 89 37 only
2115 3380 66 30 the

1407 3439 202 30 managers
1618 3431 125 31 would
1755 3432 237 30 understand
2002 3433 88 30 that
2105 3434 78 29 this

1213 3483 23 15 44
1254 3484 30 28 is
1308 3483 66 30 the
1393 3492 84 29 way
1504 3486 41 28 to
1574 3486 61 29 set
1663 3486 120 29 about
1803 3486 67 29 the
1892 3485 122 31 work.
2038 3486 30 30 If
2094 3485 87 38 only

1213 3535 25 17 44
1252 3536 93 37 they
1360 3536 125 30 would
1504 3539 236 29 understand
1764 3539 88 29 that
1867 3546 152 22 success
2033 3538 148 31 follows

1388 3591 94 29 such
1516 3599 22 21 a
1561 3591 175 36 method;
1760 3589 29 31 if
1815 3591 89 37 only
1933 3592 93 37 they
2054 3591 125 31 would

1213 3643 23 16 44
1255 3644 68 29 not
1345 3643 115 30 listen
1484 3645 40 29 to
1547 3644 69 30 the
1637 3644 75 30 few
1736 3646 182 35 ignorant
1941 3646 129 30 critics
2095 3645 85 31 who

1212 3696 23 15 44
1253 3695 95 38 keep
1364 3696 137 37 telling
1517 3697 106 30 them
1639 3697 88 30 that
1742 3697 66 31 the
1824 3698 129 36 public
1974 3699 105 29 must
2093 3697 88 31 first

1211 3749 24 16 44
1253 3751 45 28 be
1321 3751 185 28 educated
1532 3757 63 29 up,
1618 3750 73 30 and
1715 3751 87 29 that
1827 3751 111 30 there
1960 3752 33 29 is
2015 3752 11 14 4
2042 3751 92 30 such
2158 3758 21 22 a

1211 3803 24 15 44
1253 3801 94 32 risk'
1370 3803 39 30 in
1433 3803 227 38 presenting
1683 3803 187 32 beautiful
1893 3804 145 38 things,
2061 3803 72 31 and
2150 3802 29 31 if
