1689 2286
135 2107 33 23 18

115 166 70 33 Die
213 163 310 35 Ausstellungen
556 160 38 32 in
628 157 180 34 Rußland

148 238 35 17 Der
196 237 82 17 Oktober
291 237 29 15 hat
333 235 52 17 vieles
398 235 15 15 in
426 233 81 17 Rußland
520 232 115 17 auseinander
648 231 91 22 gestäubt;
752 237 19 10 so
784 231 41 16 auch

113 268 29 16 die
157 266 125 21 Gruppierung
298 264 31 16 der
344 263 82 16 Künstler
444 263 17 15 in
477 261 33 17 den
525 261 141 21 Ausstellungen.
693 259 41 17 Was
747 258 78 18 verband

113 295 59 17 früher
190 294 28 17 die
230 292 89 18 einzelnen
331 291 82 17 Künstler
425 289 149 18 untereinander?
587 289 44 20 „Die
644 287 181 21 Kunstausstellung“.

113 324 42 16 Was
167 322 46 17 stellt
225 322 38 16 eine
277 321 56 16 solche
345 319 44 17 vor?
413 318 31 18 Ein
456 318 43 17 oder
512 318 78 16 mehrere
603 317 79 19 Zimmer,
695 317 53 16 deren
757 315 69 17 Wände

113 358 39 11 vom
171 350 95 17 Fußboden
286 350 27 16 bis
331 355 30 10 zur
379 348 60 16 Decke
458 347 32 17 mit
510 345 157 22 mannigfaltigster
687 344 98 20 Leinwand,
809 344 17 16 in

114 381 34 16 den
166 378 160 22 mannigfaltigsten
347 376 68 17 Farben
433 376 32 16 mit
485 374 196 21 verschiedenartigsten
697 373 77 17 Rahmen
797 379 20 14 ge-

114 408 87 17 schmückt
213 407 45 16 sind.
312 405 42 17 Hier
367 405 68 21 hängen
451 404 48 16 diese
512 403 58 16 Bilder
583 404 16 15 in
613 402 31 17 der
656 401 108 22 Erwartung,
780 401 47 16 eines

114 437 76 17 schönen
210 435 56 21 Tages
289 440 33 11 von
345 433 55 17 einem
421 433 73 21 gütigen
513 431 66 17 Käufer
597 430 90 17 erworben
709 436 20 10 zu
752 429 76 20 werden,

115 472 28 10 um
167 465 45 16 dann
237 463 24 17 als
285 461 136 18 Wandschmuck
447 461 63 16 dessen
537 459 52 18 Salon
618 466 20 9 zu
665 459 61 16 zieren.
767 457 62 22 Einige

115 494 67 21 wenige
199 491 121 21 „Glückliche“
334 492 51 15 unter
397 489 51 17 ihnen
463 489 57 16 haben
533 489 29 15 die
571 488 85 20 Aussicht,
669 487 88 22 späterhin
771 487 16 16 in
801 486 27 17 die

115 522 44 17 stille
178 521 48 17 Ruhe
248 520 47 16 eines
308 518 160 18 Museumalkovens
483 524 20 10 zu
521 517 92 21 gelangen.
638 516 39 16 Und
696 522 34 10 von
748 514 42 22 Jahr
808 521 20 10 zu

115 550 40 22 Jahr
167 550 37 16 und
216 555 33 10 von
262 548 61 17 Saison
336 554 21 10 zu
370 546 61 17 Saison
444 546 89 16 bemalten
545 545 28 17 die
587 544 81 18 Künstler
680 544 37 17 ihre
730 543 98 19 Leinwand,

115 586 28 9 um
157 579 31 16 mit
200 578 25 16 ihr
238 578 28 15 die
278 576 68 17 Wände
359 576 31 16 der
402 574 181 21 Ausstellungsräume
600 580 20 10 zu
639 573 97 20 behängen,
754 572 35 17 und
804 572 24 16 sie

116 607 99 21 behängten
231 605 48 17 diese
297 611 19 10 so
329 604 51 20 dicht,
396 604 34 16 daß
446 604 25 15 sie
487 609 18 10 es
524 602 54 17 selbst
596 602 44 16 nicht
658 601 71 22 gewahr
751 600 77 20 wurden,

116 636 31 16 wie
162 635 25 16 sie
202 635 34 16 sich
251 640 39 10 vom
306 632 113 22 eigentlichen
432 631 59 17 Leben
506 631 83 16 loslösten
604 630 36 17 und
652 637 44 15 ganz
709 630 16 16 in
738 630 32 16 der
782 628 47 17 Welt

116 665 32 15 der
166 663 57 16 Kunst
241 662 25 16 als
284 661 56 17 solche
360 659 94 18 versanken
478 659 35 17 und
538 659 41 16 dort
600 659 131 16 versteinerten.
762 658 67 16 Bereits

117 692 56 21 einige
188 691 51 22 Jahre
253 697 31 10 vor
296 690 31 16 der
345 689 95 17 russischen
454 687 81 18 Oktober
543 696 5 3 -
555 687 105 17 Revolution
682 687 92 21 begannen
792 692 28 11 ver-

117 720 72 18 einzelte
202 718 134 18 Revolutionäre
349 718 30 16 der
392 717 62 19 Kunst,
467 717 34 16 sich
513 716 65 17 wieder
590 716 34 16 den
633 715 45 22 Weg
691 722 29 10 zur
728 714 52 21 Erde,
793 721 37 10 zum

117 748 59 17 Leben
190 748 62 16 zurück
265 753 20 11 zu
298 746 106 21 erkämpfen.
435 745 28 17 Sie
479 745 101 17 verbanden
595 745 33 16 sich
644 750 21 10 zu
680 743 67 17 diesem
760 743 71 17 Zwecke

117 784 20 9 zu
155 777 108 20 vereinigten
276 774 210 21 Ausstellungsgruppen;
508 773 43 17 aber
569 773 37 17 dies
619 779 57 11 waren
689 772 143 21 Vereinigungen

117 812 33 11 von
163 805 87 17 einzelnen
270 811 21 9 zu
308 803 82 16 einander
402 803 16 16 in
435 802 100 21 Gegensatz
548 801 96 17 stehenden
658 800 108 18 Individuen.
795 800 37 17 Nur

118 834 31 17 der
160 833 117 22 gemeinsame
289 832 79 19 Wunsch,
387 831 29 16 die
428 830 72 17 Mauern
515 830 32 17 des
562 830 25 17 sie
603 830 31 16 alle
647 830 137 16 bedrückenden
797 828 24 17 Ge-

117 862 97 22 fängnisses
226 868 20 10 zu
259 866 91 16 sprengen,
369 859 48 17 hatte
435 859 25 16 sie
473 858 174 22 zusammengeführt.
675 858 23 17 So
718 858 114 17 entstanden:

118 891 48 20 „Der
186 889 45 17 Caro
250 889 60 17 Bube“
341 887 37 23 (die
397 887 97 18 russischen
512 886 116 17 Cesannisten
648 887 36 16 und
705 887 53 16 deren
771 885 51 23 Folge-

119 917 147 23 erscheinungen),
282 917 45 19 „Der
339 916 145 20 Eselsschwanz“,
498 915 44 21 „Die
554 915 121 20 Zielscheibe“,
688 915 48 20 „Der
745 915 88 21 Tramway

119 948 29 20 B“,
162 947 43 20 „Die
218 947 52 17 letzte
282 945 141 19 Futuristische“,
436 944 44 20 „Die
493 943 51 21 0,10“
557 944 35 16 und
605 944 65 16 andere
682 944 53 16 mehr.

153 981 90 22 Ungefähr
261 981 33 16 seit
313 979 66 23 Beginn
398 979 30 17 des
447 978 59 22 Jahres
526 978 44 17 1910
588 978 114 22 bekämpften
720 978 49 17 diese
787 978 35 16 Aus-

119 1011 97 21 stellungen
225 1010 29 16 die
263 1009 44 17 alten
316 1008 130 22 Auffassungen
456 1008 45 17 nicht
509 1014 32 10 nur
549 1007 31 17 mit
593 1006 118 18 ästhetischen
721 1006 110 17 Geschossen

119 1039 34 17 Die
165 1039 119 16 anarchistisch
296 1038 92 21 gesinnten
401 1036 82 17 Künstler
494 1037 32 15 mit
534 1036 36 16 und
580 1036 45 16 ohne
633 1035 70 22 System
716 1035 51 17 liefen
776 1042 58 15 gegen

120 1068 32 16 das
159 1067 58 17 Leben
226 1066 67 17 Sturm:
302 1073 34 10 von
345 1066 31 17 der
383 1065 58 17 Bühne
450 1065 32 17 des
490 1065 58 19 Cafés,
555 1071 39 10 vom
602 1064 92 17 Katheder
702 1063 31 17 des
740 1064 94 17 Hörsaales

120 1096 35 17 und
167 1102 33 11 von
214 1096 34 16 den
261 1095 76 17 Blättern
350 1094 106 22 gedruckter
468 1093 125 22 Flugschriften
606 1099 36 14 aus,
657 1093 90 22 kämpften
762 1093 26 16 sie
803 1093 31 17 mit

120 1125 75 16 scharfer
208 1124 88 17 Dialektik
309 1124 35 16 und
357 1124 31 15 mit
400 1123 39 16 dem
452 1122 54 17 Feuer
525 1123 82 16 intuitver
616 1121 136 22 Prophezeiung
766 1121 28 17 für
803 1121 36 17 ihre

121 1153 60 18 Sache.
205 1152 23 17 So
242 1155 57 14 traten
312 1153 24 16 sie
348 1152 18 16 in
378 1152 29 16 die
420 1152 64 16 Reihen
498 1151 55 19 derer,
567 1150 28 17 die
608 1150 32 17 das
648 1150 59 16 Leben
715 1150 119 21 organisieren

121 1182 34 17 und
169 1182 45 17 nicht
226 1181 106 21 derjenigen,
345 1181 28 16 die
386 1180 80 17 dasselbe
479 1179 107 18 schmücken.

155 1213 36 17 Vor
204 1213 31 17 der
247 1212 103 17 Revolution
362 1212 62 21 jedoch
439 1211 61 22 spielte
515 1211 35 16 sich
566 1211 40 16 alles
622 1211 57 16 dieses
692 1211 16 15 in
731 1210 33 16 den
780 1210 44 16 Dach-

122 1242 82 17 stübchen
212 1241 28 17 ab.
261 1241 35 17 Das
305 1240 55 17 Feuer
368 1240 31 17 der
407 1239 103 17 Revolution
519 1239 106 17 verbrannte
639 1239 52 17 diese.
710 1238 34 17 Die
752 1238 72 22 Möglich-

122 1271 58 16 keiten
200 1271 80 16 weiteten
301 1270 33 16 sich
355 1268 78 23 plötzlich
454 1268 130 17 erschreckend.
616 1267 33 17 Die
669 1267 54 17 Alten
749 1274 32 10 von
809 1267 22 17 de

122 1299 97 16 Akademie
231 1298 135 17 verschwanden
379 1298 16 15 in
408 1296 102 22 Erwartung
524 1296 107 19 „normaler“
641 1296 64 17 Zeiten.
725 1296 33 16 Die
766 1295 69 23 Jugend

123 1327 39 17 eilte
180 1334 21 9 an
219 1327 54 16 deren
286 1326 64 20 Plätze,
368 1326 114 21 organisierte
500 1326 34 15 sich
553 1325 127 21 professionell,
700 1325 17 21 je
736 1326 41 15 nach
796 1325 39 16 dem

124 1356 70 17 Zeichen
213 1355 45 17 ihrer
273 1355 63 16 Arbeit
355 1355 16 16 in
390 1354 31 17 der
439 1353 114 22 schöpferisch
571 1353 68 22 tätigen
656 1353 118 17 Gesellschaft.
805 1353 33 17 Die

124 1384 57 17 Kunst
193 1384 60 16 wurde
266 1383 39 17 dem
319 1385 88 19 gesamten
420 1382 57 17 Volke
490 1385 86 19 entgegen
590 1385 89 19 getragen.
705 1382 37 17 Der
758 1381 76 18 Künstle

124 1413 50 17 hörte
183 1413 33 19 auf,
225 1419 32 10 nur
265 1412 32 16 der
306 1411 94 17 Belieferer
409 1418 33 10 von
451 1411 136 21 Ausstellungen
599 1418 19 9 zu
627 1411 41 20 sein,
681 1411 29 17 die
720 1411 48 17 seine
778 1411 61 17 Werk

124 1448 21 10 en
152 1447 41 16 gros
206 1440 34 17 und
253 1447 21 10 en
282 1440 52 17 détail
347 1446 38 10 zum
399 1439 84 17 Schmuck
498 1439 112 22 gemütlicher
623 1439 95 17 Kabinette
733 1439 101 17 verkauften

158 1472 93 17 Trotzdem
273 1472 61 17 bedarf
350 1472 29 15 die
392 1470 57 17 Kunst
465 1471 41 16 noch
523 1471 31 16 der
570 1470 131 23 Schaustellung
717 1470 125 23 (Automobile

124 1501 35 16 und
172 1500 100 22 Aéroplane
284 1500 86 17 bedürfen
385 1500 47 16 einer
447 1500 68 16 solchen
531 1499 58 21 nicht).
619 1499 40 16 Und
677 1500 37 16 hier
733 1500 53 21 ergab
804 1500 35 16 sich

125 1530 35 16 klar
176 1529 25 17 als
218 1531 45 15 erste
276 1528 91 22 Aufgabe:
386 1528 28 17 auf
430 1528 29 17 die
471 1527 63 20 Kunst,
550 1527 24 17 als
590 1528 38 16 eine
644 1527 30 18 der
689 1528 106 22 lebendigen
807 1527 21 18 Er-

125 1558 114 21 scheinungen
257 1557 31 17 der
306 1557 105 16 materiellen
430 1556 121 17 menschlichen
570 1555 62 18 Kultur
651 1556 122 17 hinzuweisen.
804 1556 33 17 Die

125 1585 138 18 Einheitlichkeit
278 1585 46 17 ihres
339 1585 117 17 Anwachsens
476 1585 35 16 und
527 1585 46 16 ihrer
591 1584 127 17 Meisterschaft
736 1592 20 9 zu
774 1585 61 21 zeigen

126 1616 28 16 die
162 1614 137 18 Einheitlichkeit
308 1614 45 16 ihrer
361 1613 120 22 Entwicklung
490 1614 32 16 mit
534 1613 32 17 der
575 1613 31 17 der
616 1616 107 19 gesammten
733 1613 62 17 Kultur
804 1613 28 17 auf-

126 1643 94 20 zudecken,
278 1642 88 17 Aktivität
378 1648 21 10 zu
411 1642 139 16 demonstrieren
563 1642 35 16 und
611 1642 66 16 endlich
693 1648 20 10 zu
726 1642 66 21 zeigen,
805 1649 35 9 was

127 1672 16 16 in
159 1672 25 16 ihr
200 1671 116 17 revolutionär
328 1671 35 16 und
379 1677 35 10 was
430 1670 176 21 gegenrevolutionär
625 1670 27 17 ist.
679 1670 38 16 Das
733 1670 57 17 Leben
809 1670 31 17 der

127 1700 56 17 Kunst
195 1700 57 17 selbst.

162 1731 32 17 Die
210 1731 94 17 russischen
325 1730 102 20 Futuristen,
451 1730 54 17 Maler
523 1730 34 17 und
577 1730 74 20 Dichter,
670 1731 55 16 riefen
743 1731 51 16 schon
813 1737 26 10 am

128 1762 57 15 ersten
202 1759 48 22 Tage
268 1759 31 17 der
313 1759 105 17 Revolution
476 1759 60 21 bringt
551 1759 41 16 alles
607 1759 30 16 auf
652 1759 28 16 die
694 1758 63 17 Straße
772 1758 68 20 heraus,

128 1789 36 17 holt
176 1788 57 17 Eimer
245 1788 31 16 mit
288 1787 67 17 Farben
367 1787 35 17 und
416 1787 64 17 bemalt
493 1787 29 17 die
534 1787 67 17 Zäune!
618 1787 55 21 (Alles
686 1787 57 17 dieses
752 1788 22 16 ist
783 1788 58 20 später

129 1818 16 16 in
157 1823 44 15 ganz
214 1816 79 17 Rußland
305 1816 114 16 verwirklicht
431 1816 76 16 worden.
532 1815 40 17 Und
586 1816 41 16 noch
639 1816 44 21 jetzt
696 1815 68 22 hängen
777 1822 21 10 an
811 1816 32 16 der

129 1845 45 16 Ecke
190 1846 28 15 bei
234 1845 31 16 der
278 1844 161 17 Kusnezowbrücke
456 1845 16 15 in
486 1844 72 16 Moskau
577 1845 42 16 zwei
632 1844 86 16 Gemälde
734 1844 108 21 Burljuck’s.)

130 1874 57 15 Daher
206 1873 40 16 muß
265 1879 38 10 man
322 1872 23 17 als
366 1875 45 14 erste
429 1872 113 21 Ausstellung
561 1872 28 16 die
604 1879 29 10 zur
646 1872 48 16 Feier
707 1872 32 17 des
753 1872 78 17 Oktober-

130 1901 107 21 jahrestages
255 1901 29 16 auf
302 1901 34 16 den
352 1900 74 17 Straßen
443 1900 35 17 und
494 1900 70 17 Plätzen
580 1900 115 22 Petersburgs
711 1901 34 16 und
761 1900 83 17 Moskaus

131 1930 125 20 organisierten
268 1929 145 21 Riesengemälde
425 1929 36 16 und
474 1928 66 17 Bauten
553 1929 106 16 betrachten.

165 1960 47 16 Doch
225 1961 63 15 kehren
301 1961 30 15 wir
343 1961 42 20 jetzt
398 1960 16 16 in
427 1960 33 16 den
473 1959 100 17 Innenraum
586 1960 63 16 zurück
662 1966 27 10 um
702 1966 20 10 zu
738 1960 57 20 sehen,
809 1967 34 9 was

131 1989 40 17 dort
184 1989 22 16 im
218 1988 52 17 Laufe
284 1988 57 17 dieser
353 1987 51 22 Jahre
417 1995 30 9 vor
460 1988 33 16 sich
505 1995 93 14 gegangen
611 1988 27 17 ist.

165 2020 106 21 Petersburg
286 2020 35 16 und
334 2019 73 16 Moskau
422 2019 93 22 gelangten
531 2020 29 16 auf
574 2020 134 17 verschiedenen
722 2019 66 22 Wegen
804 2027 39 10 zum

132 2048 50 17 Ziele.
212 2048 107 21 Petersburg
336 2048 31 16 mit
386 2048 58 16 seiner
461 2047 104 21 Akademie,
585 2049 59 16 seinen
663 2048 125 17 Monumenten
808 2049 36 16 und

860 155 109 22 Prospekten
991 156 48 21 legte
1060 155 40 15 auch
1122 155 47 15 seine
1188 153 115 21 Ausstellung
1327 151 118 18 monumental
1466 151 31 16 mit
1517 151 59 16 weiter

860 183 114 22 Perspektive
986 190 27 10 an.
1041 183 23 16 Im
1080 183 86 21 einstigen
1178 181 128 22 Winterpalais,
1322 181 32 16 das
1366 186 35 11 nun
1414 186 38 10 zum
1465 179 111 21 Kunstpalais

860 212 94 21 geworden
974 218 39 13 war,
1032 211 59 17 wurde
1111 211 51 21 lange
1182 210 107 22 gesammelt.
1326 208 41 17 Und
1388 209 46 15 dann
1454 207 61 17 wurde
1539 208 38 16 eine

861 240 210 21 Gründerversammlung
1089 246 33 10 von
1141 239 103 17 Vertretern
1260 238 42 16 aller
1315 237 89 21 Gruppen,
1422 242 33 10 von
1469 236 34 16 den
1519 235 58 17 Ultra-

861 268 127 17 Akademisten
1004 268 26 17 bis
1043 275 38 10 zum
1097 266 182 23 ~Jugendverbande“
1296 265 106 17 einberufen.
1427 264 51 17 Mehr
1493 264 24 16 als
1533 263 45 17 3500

861 297 126 17 verschiedene
999 296 100 17 Nummern.
1124 296 46 17 Noch
1187 296 28 16 nie
1230 296 49 15 hatte
1292 293 81 17 Rußland
1392 294 38 16 eine
1448 299 20 11 so
1486 292 92 22 gewaltige

862 326 114 21 Ausstellung
988 325 81 22 gesehen.
1095 324 30 17 Sie
1137 331 36 11 war
1185 324 40 17 sehr
1237 324 40 19 öde,
1290 322 39 17 sehr
1342 324 32 14 tot.
1399 321 23 17 Es
1437 328 35 10 war
1488 321 90 21 eigentlich

861 355 51 16 keine
927 355 57 16 rechte
997 355 119 21 Ausstellung,
1132 353 77 18 sondern
1225 353 26 16 ein
1267 351 138 21 mittelmäßiges
1424 350 85 17 Museum.
1536 349 44 17 Hier

862 390 34 10 war
910 390 37 10 zum
963 386 58 14 ersten
1035 383 34 17 Mal
1085 383 31 17 das
1131 388 56 16 ganze
1199 380 81 18 Schaffen
1295 379 103 17 Filolonows
1414 385 20 10 zu
1449 379 60 16 sehen.
1540 377 40 17 Und

863 418 36 10 was
912 412 34 16 den
955 411 157 22 Expressionismus
1124 410 97 19 anbetrifft,
1234 416 19 10 so
1266 408 61 17 mußte
1340 408 28 16 die
1377 412 55 17 ganze
1441 407 139 21 Schagalowsche

863 439 62 17 Erotik
943 440 31 16 des
990 440 108 22 gepuderten
1114 440 73 17 Rokoko
1202 444 32 11 vor
1252 437 32 17 der
1302 437 57 16 Macht
1378 437 58 15 dieses
1455 436 125 16 versteinerten

864 468 78 23 Skythen
956 468 104 18 verblassen.
1079 468 22 17 Es
1112 469 36 21 gab
1157 468 37 16 hier
1202 467 41 17 auch
1253 466 49 16 einen
1315 464 77 21 „Clou“:
1408 464 29 17 die
1448 464 54 17 letzte
1514 463 67 22 Etappe

864 498 32 15 des
907 497 132 20 Naturalismus,
1053 498 49 16 einen
1115 495 138 23 ~Gegenstand“
1269 501 34 10 von
1317 494 44 16 Iwan
1374 493 42 17 Puni
1463 493 51 16 einen
1526 492 56 17 Teller

865 525 57 21 (einen
934 525 112 23 wirklichen),
1060 526 31 17 der
1103 526 32 17 mit
1146 524 68 22 Nägeln
1227 523 111 22 (wirklichen)
1352 529 21 9 an
1387 522 26 17 ein
1426 521 95 18 Holzbrett
1534 520 48 22 (auch

865 555 26 16 ein
905 554 102 22 wirkliches)
1020 555 104 21 geschlagen
1136 560 39 11 war.

898 591 34 18 Die
945 591 114 23 Ausstellung
1071 591 59 18 wurde
1143 597 34 11 von
1193 591 48 16 einer
1258 589 68 22 großen
1342 588 64 21 Menge
1422 588 65 16 Volkes
1506 588 76 16 besucht.

864 622 23 16 Im
901 619 131 23 Empfangssaal
1046 621 31 16 des
1090 620 56 17 Palais
1159 619 71 17 wurden
1242 617 150 18 außerordentlich
1408 616 76 17 lebhafte
1497 616 87 22 Meetings

865 649 34 16 und
912 649 75 21 Dispute
1007 649 114 22 abgehalten,
1141 648 35 17 und
1195 647 29 17 die
1243 653 56 11 neuen
1319 645 52 18 Ideen
1390 645 70 18 wurden
1479 645 31 17 mit
1528 645 55 17 vollen

864 677 76 17 Händen
953 678 16 16 in
983 678 28 16 die
1024 677 58 18 Masse
1095 677 95 21 geworfen.

901 717 113 22 Gleichzeitig
1021 718 42 16 fand
1072 718 17 16 in
1098 718 31 16 der
1136 717 98 17 Akademie
1242 716 38 16 eine
1284 715 115 21 Ausstellung
1408 720 33 11 von
1446 713 127 18 Wettbewerbs-

867 746 79 17 arbeiten
969 753 20 10 zu
1016 746 127 21 Denkmälern,
1164 745 96 19 Modellen,
1281 743 90 17 Gravüren
1395 743 35 16 und
1449 742 80 17 Porträts
1554 742 31 16 der

867 782 55 10 neuen
935 774 66 18 Führer
1016 775 67 17 zwecks
1096 774 105 21 Ausfüllung
1217 773 32 17 der
1262 779 33 11 von
1309 772 33 17 den
1355 772 86 21 einstigen
1455 771 130 17 Kaiserbildern

867 804 87 17 befreiten
975 804 77 17 Rahmen
1076 805 48 15 statt.
1157 802 37 17 Das
1219 802 41 16 alles
1284 801 51 17 sollte
1359 801 41 16 dem
1426 800 107 16 Gedächtnis
1555 800 32 16 der

868 832 104 17 Revolution
985 832 68 17 dienen.
1077 832 53 22 Möge
1142 832 22 16 all
1176 831 61 17 diesen
1249 830 86 17 Arbeiten
1349 830 28 16 die
1390 828 46 17 Erde
1448 828 50 17 leicht
1507 828 79 17 werden!

903 869 78 18 Moskau.
1002 870 35 16 Das
1050 872 44 17 rote,
1107 869 90 17 siedende.
1216 868 43 16 Hier
1272 868 48 16 hatte
1333 867 35 17 sich
1380 868 45 16 stets
1438 866 29 16 die
1475 865 68 17 Vorhut
1556 865 32 17 der

869 899 97 16 russischen
978 898 58 17 Kunst
1051 898 94 17 befunden.
1169 896 44 17 Hier
1230 896 60 17 hatten
1304 896 29 16 die
1345 901 56 11 neuen
1415 894 81 18 Künstler
1509 894 29 17 die
1550 894 25 16 Ab-

869 927 67 21 teilung
945 927 31 17 der
988 927 94 16 bildenden
1093 925 68 18 Künste
1173 926 30 17 des
1215 925 121 21 Narkompros
1348 924 16 16 in
1376 924 29 16 die
1414 922 52 18 Hand
1478 929 110 16 genommen,

870 956 36 16 und
921 956 25 16 als
959 955 38 17 eine
1010 955 31 17 der
1055 955 95 17 Sektionen
1163 953 83 18 entstand
1258 953 33 17 das
1303 952 77 17 zentrale
1392 952 197 21 Ausstellungsbureau.

870 985 63 16 Dieses
948 984 51 16 sollte
1014 983 32 17 das
1062 990 55 15 ganze
1129 983 181 21 Ausstellungswesen
1323 981 23 17 im
1359 981 59 16 Lande
1431 981 123 21 organisieren.

870 1013 23 17 Es
920 1013 51 17 sollte
989 1013 46 16 nicht
1053 1012 28 17 die
1106 1012 109 21 Aufklärung
1232 1011 43 17 über
1295 1011 29 16 die
1343 1009 63 20 Kunst,
1432 1009 77 17 sondern
1535 1008 54 17 deren

870 1041 169 22 Propagandierung
1051 1041 57 17 leiten.
1133 1040 37 17 Wir
1183 1040 61 17 wollen
1257 1039 36 17 hier
1306 1039 45 16 nicht
1364 1039 48 16 diese
1424 1037 53 17 Pläne
1486 1038 103 18 kritisieren,

870 1071 75 16 sondern
958 1070 90 21 verfolgen
1060 1076 35 10 was
1108 1068 79 23 geschah-
1206 1068 17 17 In
1232 1068 73 16 Moskau
1317 1067 72 17 wurden
1402 1066 49 17 mehr
1463 1066 25 17 als
1501 1065 21 17 20
1531 1066 56 21 große

874 1099 137 21 Ausstellungen
1030 1098 103 22 organisiert
1151 1098 36 16 und
1205 1097 44 16 viele
1267 1097 42 16 auch
1326 1096 21 16 im
1364 1102 66 15 ganzen
1446 1095 64 17 Lande.
1538 1094 52 17 Diese

875 1128 136 22 Ausstellungen
1027 1133 57 11 waren
1102 1126 77 20 bemüht,
1196 1133 32 9 nur
1243 1125 115 21 Erzeugnisse
1375 1124 31 17 der
1423 1130 56 10 neuen
1493 1123 57 16 Kunst
1571 1129 19 10 zu

876 1158 66 20 zeigen.
968 1156 29 17 Sie
1009 1156 70 17 lehnten
1092 1155 51 22 jeden
1154 1154 177 22 Retrospektivismus
1344 1153 27 17 ab.
1397 1153 30 17 Sie
1439 1152 123 17 marschierten
1575 1152 16 15 in

877 1186 31 16 der
931 1185 85 21 Richtung
1039 1191 56 15 gegen
1119 1184 34 16 den
1176 1183 141 21 hartnäckigsten
1340 1181 120 18 Widerstand.
1492 1180 33 17 Die
1545 1182 47 15 erste

877 1214 113 21 Ausstellung
997 1220 35 10 war
1044 1213 35 16 den
1086 1213 76 16 Werken
1176 1212 31 16 der
1213 1211 82 17 während
1304 1211 46 16 ihrer
1357 1210 86 17 Arbeiten
1456 1216 38 10 zum
1502 1209 79 17 Oktober-

876 1243 84 22 jubiläum
979 1242 29 16 auf
1027 1242 34 16 den
1081 1241 111 17 öffentlichen
1210 1240 71 16 Plätzen
1302 1239 104 17 erkrankten
1425 1239 35 16 und
1479 1237 114 17 mittlerweile

877 1272 125 17 verstorbenen
1027 1270 100 17 Künstlerin
1149 1268 46 22 Olga
1216 1268 86 17 Rosanoff
1319 1267 99 22 gewidmet.
1451 1266 30 18 Sie
1501 1272 35 11 war
1555 1266 38 16 eine

879 1301 31 16 der
922 1300 68 19 Ersten,
1003 1306 30 10 aus
1046 1299 31 16 der
1090 1298 41 17 Zahl
1144 1298 32 16 der
1187 1298 64 21 jungen
1265 1297 96 16 russischen
1374 1296 81 16 Neuerer.
1479 1294 39 18 Von
1531 1294 62 17 hohem

879 1328 80 18 Intellekt
971 1331 84 19 getragen
1068 1327 35 16 und
1112 1327 31 16 mit
1151 1326 81 17 feinstem
1241 1325 116 17 Farbensinne
1366 1324 72 22 begabt,
1451 1324 49 17 hatte
1508 1324 25 16 sie
1542 1323 52 16 durch

879 1358 35 16 den
931 1357 100 19 Kubismus,
1050 1356 34 17 den
1101 1355 112 19 Futurismus,
1231 1354 36 17 und
1286 1354 34 17 den
1339 1353 147 23 Suprematismus
1504 1350 80 18 hindurch-

879 1386 97 17 schreitend
992 1385 25 17 als
1030 1385 39 16 eine
1084 1384 31 16 der
1128 1383 95 17 Frühesten
1237 1383 33 16 den
1279 1382 46 22 Weg
1337 1389 30 10 zur
1380 1381 172 18 Produktionskunst
1564 1380 20 16 be-

879 1418 57 14 treten
952 1414 35 17 und
1001 1420 38 10 man
1052 1413 48 17 hatte
1113 1413 25 16 sie
1150 1413 32 15 mit
1194 1412 40 16 dem
1242 1411 70 17 Umbau
1326 1411 31 17 der
1367 1409 228 18 Kunsthandwerksstätten

879 1444 29 16 auf
921 1444 31 16 der
965 1442 102 21 Grundlage
1079 1442 31 16 der
1123 1440 109 17 Produktion
1245 1440 74 16 betraut.

912 1484 33 16 Die
958 1484 81 16 r.ächsten
1051 1480 138 22 Ausstellungen
1204 1487 58 10 waren
1277 1480 29 16 die
1319 1480 31 16 der
1386 1480 16 21 je
1415 1479 41 17 nach
1469 1479 53 16 ihrem
1535 1477 60 17 Hand-

878 1519 15 10 W
895 1513 29 16 erk
933 1512 44 16 —in
986 1510 143 23 professionellen
1138 1508 106 18 Verbänden
1254 1508 126 22 organisierten
1389 1508 90 16 Künstler:
1493 1507 32 17 der
1536 1506 59 20 Maler,

879 1541 31 17 der
922 1541 99 19 Bildhauer,
1034 1538 99 22 Graphiker
1146 1538 35 16 und
1194 1537 178 17 Kunsthandwerker.

912 1578 33 17 Die
954 1577 54 17 Maler
1016 1576 91 22 verfügten
1117 1575 93 17 außerdem
1219 1574 44 17 noch
1272 1574 43 17 über
1324 1574 38 16 eine
1371 1573 105 18 Föderation
1485 1573 31 16 der
1524 1573 72 16 Linken.

912 1613 33 16 Die
957 1611 131 18 bedeutendste
1095 1609 112 21 Ausstellung
1220 1609 31 16 des
1260 1608 61 22 Jahres
1330 1607 44 18 1919
1383 1614 35 11 war
1431 1607 29 17 die
1472 1607 32 16 der
1513 1606 72 21 „Gegen-

877 1641 110 17 standslosen
999 1641 35 16 und
1044 1638 155 23 Supremätisten“.
1216 1637 43 17 Hier
1271 1644 36 10 war
1326 1637 31 16 das
1369 1636 48 17 Fazit
1429 1636 32 16 der
1475 1634 121 21 Entwicklung

875 1670 31 16 der
919 1669 87 17 Malkunst
1020 1668 24 17 als
1056 1665 155 19 Farbenausdruck
1221 1672 79 14 gezogen
1313 1665 77 18 worden,
1404 1664 36 17 und
1449 1663 37 17 hier
1498 1663 49 17 hatte
1556 1669 40 10 man

877 1698 33 17 den
922 1698 66 16 letzten
1001 1697 57 17 Punkt
1070 1696 43 16 über
1127 1695 31 17 das
1171 1694 5 16 i
1188 1696 74 19 gesetzt.
1286 1693 105 17 Malewitsch
1407 1693 58 16 stellte
1480 1691 72 17 Weißes
1568 1691 28 17 auf

876 1728 79 17 Weißem
962 1732 39 13 aus;
1013 1724 113 18 Rodschenko
1135 1723 97 17 Schwarzes
1239 1722 29 17 auf
1277 1722 115 17 Schwarzem.
1408 1721 100 19 Udalzowa,
1515 1720 81 22 Popoffa,

876 1756 52 22 Kljun
946 1755 81 16 loderten
1044 1754 17 15 in
1081 1752 43 17 allen
1137 1751 72 17 Farben.
1234 1750 43 17 Hier
1291 1750 42 17 fand
1347 1750 31 17 das
1390 1750 39 16 Bild
1439 1750 24 16 als
1475 1749 65 17 solches
1549 1749 47 16 seine

877 1784 117 19 Vollendung.
1024 1781 43 18 Hier
1085 1780 59 17 wurde
1157 1780 16 16 in
1194 1780 31 16 der
1241 1779 123 22 Komposition
1377 1779 38 16 eine
1431 1785 44 10 neue
1491 1777 105 22 Symmetrie

878 1813 84 21 geboren.
986 1811 17 17 In
1019 1811 32 16 der
1064 1809 96 18 Sehnsucht
1178 1808 42 17 nach
1233 1808 32 16 der
1278 1807 74 17 Materie
1367 1807 53 16 hüllte
1436 1813 40 10 man
1491 1807 34 16 sich
1538 1806 16 16 in
1568 1806 28 16 die

878 1841 76 17 Flamme
963 1841 32 15 des
1004 1839 131 17 abstraktesten
1143 1836 101 17 Idealismus
1253 1836 35 17 und
1302 1836 104 17 vernichtete
1420 1835 41 16 alles
1474 1834 93 17 Stoffliche
1580 1834 16 15 in

879 1870 39 19 sich,
931 1875 30 11 um
976 1868 37 17 rein
1026 1874 20 10 zu
1059 1866 70 18 werden
1138 1865 28 16 für
1178 1865 29 16 die
1220 1863 113 23 Empfängnis
1347 1864 31 17 des
1391 1870 57 11 neuen
1461 1862 136 22 Gegenstandes

879 1898 43 17 Hier
934 1896 59 18 wurde
1012 1896 31 16 mit
1061 1895 33 17 der
1112 1893 122 22 Komposition
1248 1893 139 21 abgeschlossen,
1402 1899 29 10 um
1449 1891 101 17 demnächst
1567 1896 29 11 zur

879 1926 127 17 Konstruktion
1020 1922 128 23 überzugehen.

912 1962 35 17 Die
959 1962 41 17 nach
1009 1962 32 16 der
1049 1959 136 18 Rosenoffschen
1198 1959 83 21 folgende
1290 1958 115 21 Ausstellung
1416 1964 35 10 war
1464 1956 85 17 ebenfalls
1561 1955 35 17 den

879 1991 75 17 Werken
964 1991 47 16 eines
1020 1988 88 18 einzelnen
1117 1987 92 17 Künstlers
1218 1987 79 21 geweiht,
1307 1987 35 16 und
1355 1987 58 21 zeigte
1426 1986 28 16 die
1466 1985 16 16 in
1496 1985 21 16 20
1521 1984 76 22 jähriger

879 2019 63 16 Arbeit
951 2018 122 22 geschaffenen
1081 2016 64 17 Werke
1158 2015 21 17 K.
1187 2015 120 17 Malewitschs.
1326 2015 36 16 Auf
1371 2015 61 16 diesen
1441 2014 66 21 großen
1515 2012 82 16 Künstler

880 2048 34 17 und
927 2048 98 18 Menschen,
1039 2046 33 17 den
1086 2045 83 23 Schöpfer
1183 2044 31 18 des
1228 2043 152 24 Suprematismus,
1394 2042 31 17 der
1438 2042 25 18 als
1471 2041 65 18 Führer
1550 2041 47 18 einer
