1677 2286
150 2111 18 22 2

146 171 106 22 allüberall
258 171 51 20 noch
317 169 109 22 machtvoll
431 177 77 19 genug,
519 168 80 21 sowohl

146 202 19 19 in
178 200 88 26 Europa,
283 198 30 22 als
327 200 19 19 in
357 198 48 21 dem
416 205 37 13 aus
465 197 40 21 den
514 195 84 28 Angeln

146 228 126 27 gehobenen
282 226 102 22 Rußland.
408 225 69 21 Allein
486 225 38 20 der
533 232 65 20 ganze

146 256 156 22 Kraftaufwand
319 255 38 20 der
372 254 153 27 Altgläubigen
544 252 54 21 kann

146 285 40 21 den
203 282 166 29 Autbauprozeß
389 291 64 12 neuer
468 282 71 21 Seins-
556 282 41 20 und

146 311 244 23 Meisterschaftsformen
416 310 113 21 höchstens
554 318 34 12 ver-

145 343 84 25 zögern.
263 340 40 21 Die
324 339 59 28 Tage
406 339 37 21 der
466 338 133 26 Zerstörung,

146 371 37 20 der
207 369 139 27 Belagerung,
372 367 38 21 der
432 366 167 27 Unterwühlung

145 398 69 27 liegen
230 398 67 20 hinter
313 405 44 12 uns.
388 395 77 21 Darum
482 395 50 21 auch
548 395 51 21 wird

148 426 37 21 der

197 461 350 31 „GEGENSTAND“

145 505 33 19 ein
197 503 106 20 Minimum
328 510 25 12 an
376 501 170 26 Papierquanten
569 499 31 21 für

145 531 41 21 den
205 530 79 27 Kampf
306 531 36 19 mit
365 529 41 21 den
428 529 111 27 Epigonen
563 527 37 21 der

145 559 117 21 Akademie
273 567 35 12 zur
319 558 125 27 Verfügung
458 557 75 21 haben.
559 556 41 21 Die

145 587 140 22 verneinende
301 586 76 21 Taktik
395 586 37 21 der
449 585 150 26 „Dadaisten“,

145 616 34 21 die
201 616 41 21 den
265 619 69 18 ersten
351 614 117 22 Futuristen
491 614 37 21 der
546 613 40 21 Vor-

145 645 111 26 kriegszeit
281 645 38 20 wie
345 644 33 21 ein
402 642 21 21 Ei
447 642 48 21 dem
521 642 78 21 andern

145 673 101 26 gleichen,
259 672 69 21 halten
337 673 36 19 wir
381 672 32 20 für
422 672 61 20 einen
492 670 94 21 Anachro-

145 702 84 20 nismus.
261 700 26 21 Es
303 702 26 19 ist
345 709 26 12 an
386 700 38 20 der
435 699 51 26 Zeit,
502 699 34 21 auf
552 699 38 20 frei-

145 730 106 27 gelegtem
263 729 97 21 Gelände
371 737 25 12 zu
407 729 75 20 bauen.
506 727 51 21 Was
568 731 32 17 tot

145 759 32 25 ist,
181 758 52 21 wird
240 757 50 21 auch
299 757 55 21 ohne
362 766 62 12 unser
432 756 67 21 Zutun
506 756 92 24 sterben;

145 786 31 21 für
192 786 38 21 das
245 785 163 28 brachliegende
425 785 57 21 Land
501 788 32 17 tut
548 784 51 21 aber

145 815 55 21 nicht
211 816 32 19 ein
255 814 128 27 Programm,
394 813 55 21 nicht
461 814 45 20 eine
515 812 83 25 Schule,

145 844 91 21 sondern
247 842 75 22 Arbeit
333 846 42 17 not.
395 842 85 21 Ebenso
491 841 107 21 lächerlich

145 872 29 21 als
190 873 49 20 naiv
254 872 26 20 ist
296 879 30 17 es,
341 871 63 21 heute
418 870 52 21 noch
484 870 115 24 „Puschkin

145 900 52 21 über
216 899 55 21 Bord
294 899 77 21 werfen
393 908 25 12 zu
441 898 97 22 wollen“.
571 898 28 21 Im

145 928 52 21 Fluß
211 928 37 21 der
259 928 88 21 Formen
363 927 46 28 gibt
421 936 23 12 es
454 927 145 21 verbindende

145 957 99 25 Gesetze,
261 957 42 21 und
314 957 34 20 die
360 956 87 21 Meister
462 956 37 20 der
511 955 89 21 Neuzeit

145 985 94 21 fürchten
246 985 34 21 die
284 985 128 21 klassischen
416 984 114 22 Vorbilder
539 983 60 21 nicht.

145 1014 34 20 An
195 1014 103 20 Puschkin
314 1013 42 21 und
372 1013 89 21 Poussin
480 1013 54 20 kann
553 1021 47 12 man

146 1042 77 25 lernen,
233 1042 53 21 nicht
294 1046 52 17 etwa
357 1043 38 20 wie
405 1045 98 17 erstarrte
512 1040 88 21 Formen

145 1079 24 12 zu
186 1070 90 21 beleben
292 1070 54 25 sind,
362 1070 92 21 sondern
468 1070 35 20 die
519 1070 81 26 ewigen

146 1099 93 21 Gesetze
254 1098 38 22 der
308 1098 100 26 Klarheit,
425 1098 37 21 der
473 1095 127 27 Ökonomie,

146 1127 37 21 der
199 1127 203 27 Gesetzmäßigkeit.
432 1126 44 22 Der

198 1166 351 32 „GEGENSTAND“

146 1207 57 21 lehnt
212 1207 37 21 das
258 1207 142 27 Vergangene
409 1207 26 20 im
444 1206 157 28 Vergangenen

146 1235 54 21 nicht
216 1235 33 21 ab.
280 1235 26 21 Er
324 1235 41 21 ruft
383 1243 45 13 zum
445 1234 98 22 Schaffen
563 1234 38 21 des

146 1263 178 28 Gegenwärtigen
341 1265 19 19 in
372 1263 37 21 der
421 1262 127 27 Gegenwart
560 1263 41 21 auf.

146 1293 77 21 Darum
248 1293 50 20 auch
322 1292 46 21 sind
388 1300 38 12 uns
445 1291 34 21 die
498 1291 91 21 unmittel-

146 1321 64 21 baren
218 1317 149 24 Überbleibsel
374 1320 38 21 des
420 1317 115 30 gestrigen
535 1317 49 30 Übe-

146 1353 129 23 rgangstages
286 1348 57 22 feind
393 1348 159 28 Symbolismus,
564 1348 24 21 Im-

146 1378 163 27 pressionismus
325 1386 19 12 u.
356 1386 17 12 a.
386 1386 25 12 m.

175 1406 154 27 Grundlegend
357 1405 31 22 für
416 1414 75 13 unsere
517 1405 70 27 Gegen-

146 1439 51 16 wart
222 1435 69 20 halten
316 1435 36 20 wir
375 1434 41 21 den
440 1434 100 27 Triumph
564 1434 38 20 der

146 1463 159 21 konstruktiven
324 1462 108 22 Methode.
466 1462 45 22 Wir
529 1462 72 21 finden

147 1492 31 20 sie
196 1491 79 21 sowohl
294 1493 19 19 in
332 1491 38 21 der
388 1499 67 13 neuen
472 1490 128 25 Ökonomie,

148 1521 19 19 in
183 1519 38 21 der
236 1519 143 28 Entwicklung
395 1519 38 21 der
446 1519 108 26 Industrie,
571 1519 29 21 als

148 1548 49 21 auch
221 1549 19 20 in
264 1548 37 21 der
323 1548 138 27 Psychologie
487 1548 37 21 der
547 1547 44 22 Zeit-

148 1585 104 19 genossen
268 1578 20 19 in
305 1576 37 21 der
358 1576 74 21 Kunst.
463 1576 43 21 Der

199 1615 348 32 „GEGENSTAND“

148 1656 51 20 wird
214 1656 31 20 für
261 1656 34 20 die
312 1656 144 21 konstruktive
472 1656 69 21 Kunst
559 1657 33 20 ein-

148 1688 73 21 treten,
239 1684 63 21 deren
314 1684 100 27 Aufgabe
430 1684 54 21 nicht
500 1689 53 16 etwa
569 1686 33 24 ist,

148 1712 38 21 das
198 1712 71 21 Leben
284 1721 24 12 zu
324 1712 131 26 schmücken,
472 1713 91 21 sondern
580 1721 22 13 es

148 1749 24 12 zu
189 1742 148 26 organisieren.

176 1769 45 21 Wir
237 1769 67 21 haben
320 1778 75 12 unsere
411 1769 72 21 Revue

200 1809 352 32 „GEGENSTAND“

150 1852 97 23 genannt,
269 1849 46 20 weil
333 1848 68 22 Kunst
423 1849 31 21 für
476 1858 39 12 uns
538 1849 65 21 nichts

150 1877 89 20 anderes
265 1877 101 21 bedeutet
389 1877 30 21 als
444 1877 38 21 das
505 1877 98 21 Schaffen

150 1913 64 13 neuer
223 1904 187 28 „Gegenstände“.
430 1905 70 21 Damit
509 1907 25 20 ist
541 1914 62 12 unser

150 1933 100 27 Drängen
259 1942 46 12 zum
314 1933 122 26 Realismus,
446 1942 45 13 zum
501 1933 101 27 Gewicht,

150 1969 45 13 zum
212 1961 98 28 Umfang,
326 1970 36 12 zur
376 1962 54 21 Erde
446 1962 34 21 hin
496 1962 106 28 gegeben.

151 1989 47 21 Man
228 1992 63 24 möge
321 1990 50 21 aber
401 1990 113 28 deswegen
548 1991 55 21 nicht

151 2018 98 26 glauben,
265 2018 41 21 daß
317 2020 36 19 wir
364 2022 60 17 unter
435 2018 167 28 Gegenständen

151 2046 145 21 ausdrücklich
329 2046 273 28 Gebrauchsgegenstände

646 167 75 21 Russie
740 165 102 28 déplacée
866 165 27 21 de
908 173 35 13 ses
962 165 140 21 fondements.

646 195 53 21 Mais
707 198 48 18 tous
767 195 30 20 les
809 193 73 22 efforts
894 193 27 21 de
933 195 61 19 vieux
1006 197 97 23 croyants

646 231 26 13 ne
688 226 92 24 peuvent
797 231 40 18 que
854 221 93 22 retarder
961 221 19 21 la
995 225 96 17 construc-

646 253 42 20 tion
705 251 28 21 de
744 251 109 20 nouvelles
864 250 77 21 formes
957 250 27 21 de
995 251 33 20 vie
1044 253 21 18 et
1076 249 27 21 de

646 281 80 20 métier.
752 279 40 21 Les
807 281 56 25 jours
880 278 27 21 de
922 278 138 25 destruction,
1076 278 27 21 de

646 310 71 25 sièges
736 311 21 18 et
772 308 27 20 de
822 306 108 22 tranchées
952 311 48 17 sont
1023 309 80 24 passés.

646 336 59 22 C’est
721 337 104 26 pourquoi

760 375 229 29 „L’OBJET“

646 418 61 13 usera
729 410 19 20 le
771 411 68 19 moins
861 409 96 28 possible
980 409 27 21 de
1030 410 75 26 papier

646 439 53 20 dans
722 438 18 21 la
761 438 52 21 lutte
834 442 73 17 contre
926 437 30 21 les
974 438 129 27 „épigones“

646 467 27 21 de
689 466 139 21 l’Academie.

674 495 29 21 La
734 496 93 26 tactique
865 497 97 25 négative
988 494 38 21 des
1055 494 37 25 „da-

646 524 102 24 daïstes“,
757 525 35 25 qui
806 524 120 26 rappellent
941 524 27 21 de
977 524 17 21 si
1006 525 48 25 près
1066 531 38 12 nos

647 552 106 21 futuristes
769 552 178 27 d’avant-guerre,
968 560 53 13 nous
1037 553 68 25 paraît

647 589 26 13 un
689 580 164 22 anachronisme.

675 609 14 21 Il
705 613 32 17 est
759 613 69 23 temps
847 609 27 21 de
891 610 115 20 construire
1023 616 34 13 sur
1074 607 31 21 les

646 639 87 20 terrains
753 637 106 28 déblayés.
898 637 31 21 Ce
945 639 35 25 qui
1004 640 31 18 est
1051 640 54 17 mort

647 666 124 27 disparaîtra
797 666 26 21 de
849 666 117 25 soi-même,
997 666 52 20 mais
1074 665 31 20 les

646 696 88 19 terrains
756 703 80 18 vagues
860 698 36 17 ont
919 694 75 21 besoin
1017 701 41 13 non
1077 693 28 20 de

647 731 145 19 programmes
809 726 21 17 et
846 722 101 26 d’écoles,
963 724 52 19 mais
1027 722 27 21 de
1065 726 30 17 tra-

646 752 47 20 vail.
730 751 139 27 Aujourd’hui
893 752 12 20 il
924 755 33 17 est
980 750 86 22 ridicule
1084 753 21 18 et

646 779 43 21 naïf
696 779 26 21 de
730 781 66 26 „jeter
806 779 29 21 les
843 779 131 21 Pouchkines
981 779 124 27 par-dessus

646 808 74 22 bord“.
755 808 59 22 Dans
833 809 19 20 la
867 809 54 20 suite
938 808 38 21 des
992 807 78 21 formes
1086 807 19 20 le

647 837 40 21 lien
707 838 35 26 qui
766 837 29 21 les
819 838 44 20 unit
886 837 58 21 obéit
967 838 11 18 à
1001 836 104 21 certaines

647 865 46 26 lois,
726 869 21 17 et
777 865 30 21 les
837 866 120 27 spécimens
988 864 117 27 classiques

647 894 58 21 n’ont
721 902 39 19 pas
776 894 26 21 de
819 895 49 25 quoi
886 893 50 21 faire
952 901 52 19 peur
1020 901 39 12 aux
1074 901 21 12 ar-

647 924 65 19 tisans
721 922 120 21 modernes.
857 922 119 21 Pouchkine
986 925 20 17 et
1015 921 90 21 Poussin

647 955 93 23 peuvent
756 959 53 13 nous
821 952 112 26 enseigner
943 959 42 12 non
996 950 19 21 la
1027 953 67 18 restau-

647 980 66 20 ration
736 979 135 21 d’anciennes
893 979 83 25 formes,
1002 979 52 20 mais
1075 978 30 21 les

647 1007 39 21 lois
717 1007 123 21 immuables
871 1007 27 21 de
928 1007 19 21 la
978 1007 69 25 clarté,
1078 1006 27 21 de

647 1036 133 25 l’économie,
796 1036 27 21 de
839 1035 19 22 la
874 1044 88 13 mesure.

761 1075 229 31 „L’OBJET“

648 1119 25 12 ne
690 1111 32 20 nie
739 1119 39 18 pas
793 1110 20 21 le
824 1112 63 25 passé
903 1110 52 21 dans
971 1110 19 21 le
1006 1112 64 24 passé

648 1138 13 21 Il
678 1140 63 19 invite
764 1140 12 19 à
792 1138 50 21 faire
865 1138 19 21 le
901 1138 101 21 moderne
1018 1138 52 21 dans
1087 1138 18 21 le

648 1167 107 21 moderne.

677 1195 59 21 C’est
752 1197 105 26 pourquoi
881 1195 31 21 les
927 1196 96 26 vestiges
1044 1195 27 21 de
1088 1195 18 21 la

647 1226 86 25 journée
757 1224 153 21 intermédiaire
936 1223 73 26 d’hier,
1035 1224 28 20 tel
1086 1223 19 21 le

649 1252 142 27 symbolisme,
814 1252 195 27 l’impressionisme
1032 1256 40 17 etc.
1084 1252 4 27 .
1101 1252 4 27 .

649 1289 52 13 nous
712 1285 48 16 sont
769 1280 93 21 hostiles.
896 1280 59 21 Nous
967 1280 138 21 considérons

648 1309 19 21 le
682 1309 106 27 triomphe
805 1309 27 21 de
848 1309 19 21 la
881 1308 100 22 méthode
998 1313 96 17 construc-

648 1338 42 21 tive
700 1346 81 13 comme
793 1338 19 21 le
823 1338 47 20 trait
880 1337 100 22 essentiel
988 1337 39 21 des
1035 1341 70 23 temps

648 1366 86 21 actuels.
760 1366 60 21 Nous
836 1366 131 21 l’observons
984 1367 55 20 aussi
1056 1366 49 21 bien

648 1395 52 21 dans
717 1394 155 27 l’économique
884 1394 97 21 nouvelle
1000 1403 41 18 que
1053 1395 53 20 dans

648 1423 19 21 le
683 1423 180 27 développement
880 1423 27 20 de
923 1422 116 22 l’industrie
1056 1427 20 17 et
1087 1423 19 21 la

649 1451 136 28 psychologie
814 1451 38 21 des
882 1451 141 25 „modernes“
1054 1451 53 21 dans

649 1480 51 21 l’art.

764 1508 119 30 „LOB
891 1508 101 25 JET“

650 1552 32 17 est
693 1557 54 19 pour
755 1548 45 21 l’art
809 1548 129 25 constructif,
948 1549 34 25 qui
992 1547 115 21 n’embellit

650 1585 38 19 pas
704 1577 19 20 la
738 1578 40 24 vie,
795 1578 51 19 mais
858 1578 35 25 qui
905 1576 118 27 l’organise.
1047 1575 60 22 Nous

649 1614 66 13 avons
731 1606 76 26 appelé
823 1609 59 18 notre
899 1613 63 13 revue

764 1644 120 31 „LOB
891 1644 101 26 JET“

650 1693 34 13 car
707 1693 53 19 pour
783 1693 52 13 nous
859 1684 45 21 l’art
923 1688 32 17 est
978 1684 18 21 la
1015 1685 92 20 création

650 1713 92 27 d’objets
759 1722 115 13 nouveaux.
906 1712 60 22 C’est
981 1721 25 12 ce
1023 1714 34 25 qui
1074 1721 22 12 ex-

650 1742 72 27 plique
731 1742 125 20 l’attraction
868 1741 135 27 qu’exercent
1012 1749 35 13 sur
1055 1748 52 13 nous

650 1770 18 21 le
687 1770 102 25 réalisme,
813 1770 19 21 le
848 1769 70 28 poids,
941 1769 20 21 le
976 1769 91 25 volume,
1090 1768 17 21 la

650 1802 61 18 terre.

679 1827 52 21 Mais
748 1827 12 21 il
780 1835 26 13 ne
822 1826 43 21 faut
882 1834 37 19 pas
931 1825 99 21 conclure
1046 1825 27 21 de
1089 1825 18 21 là

651 1863 41 19 que
708 1864 38 18 par
762 1855 18 21 le
797 1859 43 16 mot

781 1893 192 31 „OBJET“

651 1943 52 12 nous
727 1935 119 20 entendons
872 1934 30 20 les
926 1933 69 26 objets
1021 1932 86 27 d’usage

651 1967 92 17 courant.
788 1962 173 23 Naturellement,
995 1961 52 21 dans
1077 1961 30 21 les

650 1992 69 26 objets
738 1991 114 24 utilitaires,
877 1990 109 26 fabriqués
1007 1989 52 21 dans
1078 1990 29 21 les

650 2021 77 23 usines,
753 2019 53 21 dans
831 2027 27 12 un
881 2018 112 26 aéroplane
1018 2026 27 13 ou
1068 2027 39 12 une

650 2047 136 25 automobile,
811 2055 52 13 nous
882 2054 81 19 voyons
986 2046 46 21 l’art
1047 2046 27 21 de
1090 2046 17 22 la

1147 166 66 25 будет
1239 171 93 19 уделять
1358 169 158 13 минимальное
1540 169 62 12 коли-

1145 200 80 13 чество
1246 193 82 26 бумаги
1347 191 83 26 борьбе
1449 197 11 13 с
1479 197 125 12 эпигонами

1146 220 127 24 Академий.
1304 218 186 27 Отрицательная
1513 225 92 13 тактика

1147 249 155 25 „дадаистов“,
1329 255 66 13 столь
1421 254 183 18 напоминающих

1146 284 75 14 наших
1237 285 87 19 первых
1342 281 139 22 футуристов
1497 282 105 16 до-воен-

1146 314 54 13 ного
1211 313 103 19 периода,
1326 311 84 14 мнится
1421 311 42 13 нам
1472 310 130 19 анахрониз-

1147 342 52 13 мом.
1216 332 83 23 ПОРА
1310 341 26 13 на
1348 339 164 21 расчищенных
1524 339 81 12 местах

1147 361 142 23 СТРОИТЬ.
1324 361 103 27 Мертвое
1451 367 55 14 само
1528 367 76 19 умрет,

1147 399 99 19 пустыни
1264 398 30 13 же
1312 391 108 26 требуют,
1439 397 26 12 не
1483 396 121 19 программ,

1147 428 25 12 не
1184 427 68 17 школ,
1264 427 27 13 но
1302 421 93 24 работы.
1416 417 86 27 Теперь
1514 424 91 13 смешно

1147 456 12 12 и
1175 456 83 12 наивно
1277 449 153 24 „сбрасывать
1448 445 130 28 Пушкиных
1594 452 11 13 с

1147 477 130 26 парохода“.
1312 475 15 21 В
1349 483 95 13 течении
1468 479 63 22 форм
1554 481 51 13 есть

1146 513 85 12 законы
1255 512 71 17 связи,
1350 512 12 12 и
1383 510 163 14 классические
1569 504 35 18 об-

1147 541 71 19 разцы
1249 541 26 12 не
1305 540 106 19 страшны
1443 538 163 20 современным

1146 569 120 19 мастерам.
1297 560 18 21 У
1338 560 110 27 Пушкина
1470 568 12 12 и
1506 559 100 27 Пуссэна

1147 597 76 14 можно
1248 597 93 19 учиться
1402 597 26 12 не
1455 595 151 20 реставрации

1146 626 106 19 умерших
1271 623 70 21 форм,
1363 626 12 11 а
1390 624 166 20 непреложным
1573 624 31 12 за-

1147 654 70 13 конам
1234 645 153 25 ЯСНОСТИ,
1403 644 203 25 ЭКОНОМИКИ,

1147 672 302 24 ЗАКОНОМЕРНОСТИ.

1284 736 185 32 „ВЕЩЬ“

1147 797 26 12 не
1192 796 109 19 отрицает
1322 796 119 19 прошлого
1460 796 12 12 в
1491 795 115 19 прошлом.

1147 816 50 22 Она
1221 825 67 13 зовет
1310 825 80 15 делать
1416 824 155 19 современное
1595 824 11 12 в

1147 853 189 19 современности.
1367 845 105 27 Поэтому
1495 853 42 12 нам
1558 853 47 18 вра-

1147 876 92 22 ждебны
1247 881 226 20 непосредственные
1479 880 127 20 пережитки

1147 910 142 20 вчерашнего
1300 910 200 19 промежуточного
1509 910 46 16 дня,
1568 909 38 13 как

1147 939 26 13 то
1189 939 136 17 символизм,
1342 938 186 19 импрессионизм
1544 938 12 12 и
1573 938 33 19 пр.

1176 971 121 21 Основной
1319 973 82 24 чертой
1425 977 181 20 современности

1147 1008 34 13 мы
1203 1007 111 14 почитаем
1333 998 182 22 ТОРЖЕСТВО
1534 997 69 23 КОН-

1148 1026 238 23 СТРУКТИВНОГО
1404 1026 131 26 МЕТОДА.
1566 1026 39 21 Мы

1148 1065 72 16 видим
1245 1065 38 12 его
1307 1065 12 12 и
1342 1065 12 12 в
1378 1058 69 19 новой
1473 1063 133 17 экономике,

1148 1094 13 13 и
1176 1094 12 12 в
1200 1093 108 19 развитии
1324 1093 131 19 индустрии,
1472 1093 12 12 и
1501 1093 11 12 в
1529 1091 75 14 психо-

1147 1122 69 13 логии
1232 1121 190 20 современников,
1432 1121 12 13 и
1456 1121 11 12 в
1480 1120 125 20 искусстве.

1286 1175 184 33 „ВЕЩЬ“

1148 1237 24 12 за
1179 1236 121 20 искусство
1308 1235 198 20 конструктивное,
1513 1235 25 12 не
1545 1234 59 19 укра-

1148 1265 101 18 шающее
1265 1264 78 18 жизни,
1363 1265 27 12 но
1406 1253 198 24 ОРГАНИЗУЮ-

1148 1285 65 28 ЩЕЕ
1228 1293 32 14 ее.

1177 1348 40 21 Мы
1234 1355 94 13 назвали
1343 1355 60 13 наше
1420 1349 123 25 обозрение

1286 1397 184 33 „ВЕЩЬ“

1149 1453 41 17 ибо
1201 1458 41 16 для
1254 1458 39 12 нас
1305 1457 120 19 искусство
1470 1448 135 26 СОЗИДА-

1150 1478 59 21 НИЕ
1228 1486 73 12 новых
1322 1472 110 33 ВЕЩЕЙ.
1463 1476 62 22 Этим
1543 1485 63 19 опре-

1148 1514 108 16 деляется
1268 1514 59 13 наше
1336 1514 120 13 тяготение
1468 1514 11 12 к
1491 1514 117 19 реализму,

1149 1543 12 12 к
1174 1543 58 19 весу,
1247 1534 84 28 об’ему,
1345 1543 12 12 к
1371 1543 75 12 земле.
1471 1534 35 21 Но
1520 1542 88 16 отнюдь

1149 1571 25 13 не
1187 1571 92 19 следует
1291 1571 111 17 полагать,
1415 1571 38 12 что
1465 1571 42 15 под
1518 1571 90 18 вещами

1149 1600 33 12 мы
1189 1599 182 19 подразумеваем
1378 1600 117 18 предметы
1503 1594 105 21 обихода.

1150 1620 103 21 Конечно
1269 1628 12 12 в
1296 1628 157 19 утилитарных
1469 1628 80 18 вещах,
1569 1628 36 12 вы-

1149 1656 150 16 делываемых
1306 1657 26 12 на
1339 1651 121 24 фабриках,
1467 1657 11 12 в
1486 1656 122 19 аэроплане

1150 1685 41 13 или
1200 1679 147 23 автомобиле,
1357 1686 34 12 мы
1401 1686 71 15 видим
1482 1685 126 16 подлинное

1150 1713 126 19 искусство.
1308 1706 35 20 Но
1366 1714 33 12 мы
1411 1714 26 13 не
1458 1714 71 13 хотим
1547 1714 59 18 огра-

1150 1742 109 13 ничивать
1281 1742 165 19 производства
1466 1742 142 19 художников

1149 1770 173 19 утилитарными
1334 1771 97 19 вещами.
1451 1762 85 21 Всякое
1547 1770 59 18 орга-

1150 1799 138 13 низованное
1314 1799 166 19 произведение
1535 1790 73 26 ДОМ,

1150 1818 107 23 ПОЭМА
1269 1820 64 21 ИЛИ
1345 1818 260 29 КАРТИНА—ЦЕЛЕ-

1150 1847 207 22 СООБРАЗНАЯ
1377 1848 88 27 ВЕЩЬ,
1489 1856 26 13 не
1532 1856 74 19 уводя-

1150 1884 45 19 щая
1206 1879 76 21 людей
1294 1885 25 13 из
1331 1885 79 17 жизни,
1422 1884 27 13 но
1459 1884 149 18 помагающая

1150 1913 24 13 ее
1185 1913 169 19 организовать.
1375 1905 60 21 Итак
1446 1913 33 13 мы
1491 1912 82 16 далеки
1584 1912 24 13 от

1150 1942 87 16 поэтов,
1247 1942 11 12 в
1268 1942 79 12 стихах
1359 1940 178 21 предлагающих
1547 1941 59 18 пере-

1150 1969 63 14 стать
1228 1970 79 13 писать
1322 1970 67 13 стихи
1404 1969 42 14 или
1460 1969 25 13 от
1499 1969 107 19 художни-

1150 1998 47 17 ков,
1216 1998 237 19 пропагандирующих
1469 1997 10 13 с
1496 1997 112 18 помощью

1150 2027 87 19 картин,
1255 2027 64 13 отказ
1335 2027 26 12 от
1376 2025 122 14 живописи.
1521 2017 85 27 Прими-

1150 2049 87 19 тивный
1252 2055 152 19 утилитаризм
1421 2055 58 19 чужд
1495 2055 47 12 нам.
