1735 2286
373 172 186 32 VERLAG
583 172 308 37 „SKYTHEN“
908 175 56 30 i'S;
981 171 168 31 BERLIN
1173 171 103 31 W3O

258 294 48 19 Von
324 294 58 24 April
403 294 63 19 1922
483 293 111 20 erscheint
611 293 19 19 in
650 292 72 19 Berlin
741 292 35 19 die

190 339 712 56 INTERNATIONALE
943 336 517 57 RUNDSCHAU

190 415 165 53 DER
400 412 273 56 KUNST
715 412 169 54 DER
929 410 533 57 GEGENWART

670 490 245 20 Herausgegeben
937 494 48 11 von

545 518 37 20 EL
600 518 139 20 LISSITZKI
761 521 51 15 UND
832 517 58 20 ILJA
903 516 196 21 EHRENBURG

447 652 130 47 081

658 714 332 112 BEIBb

1033 866 226 44 ERSTAND

254 1012 53 23 Die
322 1011 170 26 Zeitschrift
507 1013 79 22 stellt
602 1012 68 24 sich
687 1013 48 22 als
752 1012 153 28 Aufgabe:

185 1051 20 20 1.
224 1051 40 20 Die
281 1052 19 19 in
320 1052 112 20 Rußland
449 1046 151 34 Schwenden
618 1052 37 20 mit
671 1052 40 19 der
727 1054 107 17 neuesten
851 1052 217 25 westeuropäischen
1083 1051 70 20 Kunst
1164 1051 96 20 bekannt
1270 1057 26 14 zu
1309 1051 93 19 machen
1418 1051 42 19 und

182 1091 21 19 2.
226 1091 151 26 Westeuropa
393 1092 54 20 über
463 1092 35 20 die
515 1092 114 23 russische
647 1092 69 20 Kunst
733 1092 43 20 und
795 1091 107 20 Literatur
918 1098 26 13 zu
963 1091 147 21 informieren.

255 1125 37 20 Ein
304 1125 47 20 Teil
368 1126 41 20 des
427 1124 114 25 Materials
554 1126 53 25 ууЫ
625 1126 20 20 in
662 1125 120 20 deutscher
799 1125 42 20 und
858 1125 166 20 französischer
1039 1125 102 26 Sprache
1158 1125 113 26 gedruckt.

253 1177 183 23 Mitarbeiter
454 1178 82 22 sind:

184 1211 114 20 Beauduin
316 1219 13 16 /
345 1211 27 21 G.
386 1212 63 20 Behn
466 1220 13 15 /
496 1211 80 27 Charly
592 1211 93 26 Chaplin
703 1219 13 16 /
734 1211 76 20 Biaise
827 1211 112 21 Cendrars
956 1219 12 16 /
985 1211 123 20 Corbusier
1118 1211 112 26 Saugnier
1246 1219 12 14 /
1275 1210 61 26 Crag
1352 1219 12 14 /
1383 1210 79 20 Dulluk

184 1245 112 26 Duisburg
313 1253 13 15 /
350 1245 73 21 Divoir
443 1255 12 15 /
477 1245 111 27 Eggeling
606 1254 13 15 /
633 1246 55 20 'Karl
706 1245 96 20 Einstein
828 1253 12 15 /
863 1245 24 20 S.
901 1245 93 20 Essenin
1014 1253 13 16 /
1051 1245 120 20 Ewreinow
1190 1252 13 16 /
1228 1244 118 26 Feininger
1371 1253 12 15 /
1409 1244 53 21 Fels

181 1279 132 20 Woldernar
326 1279 93 27 George
439 1288 12 15 /
470 1279 92 21 Gleizes
585 1289 12 14 /
621 1272 54 31 Iwàp
691 1280 53 20 Goll
765 1288 13 15 /
799 1280 130 19 Hausmann
953 1288 13 15 /
991 1280 68 19 Franz
1078 1279 94 20 Hellens
1194 1287 13 15 /
1230 1279 93 20 Vicente
1345 1279 116 19 Huidobro

184 1313 87 20 Hussar
290 1322 13 15 /
322 1314 120 20 Jeanneret
462 1323 12 14 /
496 1314 22 20 L.
535 1314 83 20 Kassäk
637 1322 13 16 /
672 1314 60 20 Loeb
752 1322 12 16 /
786 1314 73 26 Léger
878 1322 12 15 /
906 1314 37 20 W.
955 1313 139 26 Majakowski
1115 1322 13 15 /
1146 1313 137 20 Malewitsch
1305 1321 12 15 /
1336 1313 125 19 Meierhold

184 1347 97 26 Ljbomir
293 1348 67 20 Micic
372 1357 12 14 /
396 1348 110 20 Ozehfant
527 1356 14 16 /
554 1348 88 20 I.Punin
659 1357 13 14 /
687 1345 160 29 6\Pasternak
863 1357 11 12 /
891 1348 149 20 Rodschenko
1054 1356 14 15 /
1078 1348 63 19 Jules
1153 1348 92 19 Romain
1261 1355 13 16 /
1284 1348 74 19 André
1369 1347 92 20 Salmon

428 1382 38 20 W.
477 1382 133 20 Schklowski
636 1392 11 14 /
672 1383 98 29 Sevékjni
795 1391 12 15 /
944 1383 76 19 Soffici
1049 1391 12 15 /
1085 1382 126 20 Sternheim

430 1416 85 20 Tairow
527 1425 13 15 /
551 1416 71 20 Tatlin
634 1416 171 25 /Guermd\del
817 1417 72 20 Torro
902 1425 12 15 /
929 1417 49 20 Uitz
991 1425 13 15 /
1016 1416 94 21 Charles
1122 1416 90 20 Vildrac

397 1467 40 20 Die
459 1468 126 19 Zeitschrift
608 1463 253 29 „GEGENSTAND“
884 1468 112 19 erscheint
1021 1468 80 19 einmal
1129 1467 118 20 monatlich

395 1494 850 17 •mmiiiiiHiiiiniiMiniiiiiiHiiiliHniilniuiiiiiiiiiiiiiiiiiiiiiMiiiiiiiiiiiiiiiimiuiiitiiiiiiiiiiiiiiiiiiiiiuiiiiiiiiiiiiiiiiiiiiiiimiiiiiiiitiHiiiiiiiiiiiiiiiiiiiiiiliiiim

397 1514 19 19 in
437 1514 82 25 großen
542 1514 88 22 Heften,
649 1513 88 21 23x31
756 1519 41 15 cm.
817 1512 36 21 24-
869 1513 75 20 Seiten
965 1514 63 21 stark,
1052 1513 58 20 reich
1138 1513 109 20 illustriert

395 1541 851 14 iiiiiiiiiimimiiiiiiiiiiuiiniiiimmiiiiiiiiiimiiiiiiiiiiMiiiiiiiiiiiiiimiiiiiiiiiiiiiiimiiiiiiiiiiiiiiiiiiiiiitiiiiiiiiiiiiiiiiiiiiiimiiiiiiiiMiiniiiiniiiiiiiiimmumi

287 1914 222 18 Annoncentarife:
532 1915 7 14 1
550 1915 47 15 Seite
610 1915 53 16 2500
676 1915 85 16 deutsche
776 1915 55 18 Mark,
845 1915 16 16 in
876 1915 78 16 Ländern
969 1915 28 16 mit
1013 1915 74 16 höherer
1100 1915 62 15 Valuta
1176 1915 41 15 300
1230 1915 54 15 franz.
1298 1914 55 18 Frcs.;

289 1942 21 23 V»
317 1943 48 16 Seite
371 1943 48 16 1300
428 1943 31 17 M..
473 1943 36 16 160
517 1943 56 17 Frcs.;
591 1943 7 9 x
600 1943 14 21 /<
622 1943 48 16 Seite
677 1944 38 15 675
724 1943 31 18 M.,
767 1944 28 15 45
804 1943 48 16 Frcs.
870 1944 35 15 Auf
913 1945 41 14 dem
965 1943 104 20 Umschlag:
1090 1943 49 16 Seite
1147 1943 54 16 3500
1209 1943 32 17 M.,
1253 1943 44 16 420
1305 1943 48 16 Frcs.

110 2021 122 20 Auslieferung
245 2022 15 15 in
275 2022 100 16 MOSKAU
389 2023 16 16 in
418 2023 34 15 den
467 2023 161 20 Buchhandlungen
642 2023 83 18 „Znamia
727 2028 10 6 11
750 2024 34 15 und
798 2023 74 18 „Nasch
945 2023 33 16 und
993 2023 15 15 in
1022 2024 31 14 der
1067 2023 140 20 Buchhandlung
1220 2024 31 15 der
1263 2022 94 20 „Iswestija
1369 2023 18 14 d.
1399 2021 29 16 W.
1442 2021 21 16 Z.
1477 2021 12 15 I.
