2436 4386
335 324 700 115 BRUNO'S
1086 319 696 112 WEEKLY

87 470 191 49 Edited
307 470 72 58 by
411 469 177 48 Guido
618 468 182 47 Bruno
832 469 55 46 in
920 467 98 47 His
1048 465 195 48 Garret
1275 483 72 30 on
1378 462 360 58 Washington
1770 461 211 58 Square

585 586 400 49 FEBRUARY
1021 584 132 58 12th,
1191 582 306 51 MCMXVI

1851 576 198 54 Vol.II.

70 589 101 49 No.
207 596 25 41 7

157 708 20 47 I
221 708 70 47 do
334 707 93 47 the
469 722 132 42 very
643 707 121 47 best
807 707 19 45 I
869 705 163 47 know
1072 703 143 56 how,

78 804 93 47 the
204 820 132 40 very
370 803 118 47 best
543 803 20 46 I
620 821 102 28 can
779 800 109 49 and
943 818 158 29 mean
1157 809 58 37 to

78 898 140 59 keep
261 898 165 57 doing
468 916 61 29 so
573 897 78 47 'til
693 897 92 47 the
826 894 123 49 end.
1038 894 43 46 If
1123 894 92 46 the

80 995 105 47 end
216 994 187 57 brings
436 1011 86 30 me
557 1001 96 38 out
686 991 73 48 all
794 990 161 59 right,
991 991 146 47 what
1171 992 44 45 is

79 1090 116 48 said
252 1091 213 56 against
522 1108 87 28 me
647 1086 167 49 won't
873 1095 226 40 amount
1157 1095 58 38 to

75 1184 272 56 anything.

532 1244 300 49 Abraham
877 1242 243 50 Lincoln.

76 1371 370 86 Lincoln
487 1371 134 86 As
667 1368 236 87 Seen
944 1368 137 107 By
1122 1366 160 89 the
1328 1366 576 86 Cartoonists
1945 1361 104 86 of

76 1495 159 87 His
279 1495 261 87 Time

74 1618 185 82 IpHE
296 1618 290 50 caricature
625 1618 59 50 of
724 1617 184 60 to-day
945 1616 106 51 will
1089 1616 61 48 be
1190 1616 87 49 the
1316 1613 271 51 historical
1623 1612 193 48 mirror
1856 1609 60 51 of
1957 1609 87 50 the

234 1697 118 51 past
394 1688 86 50 for
522 1688 87 50 the
656 1688 178 50 future
875 1686 356 61 generations.

144 1752 164 49 Small
341 1752 353 59 peculiarities
728 1750 52 49 in
816 1749 287 61 seemingly
1138 1748 150 51 small
1322 1749 103 50 and
1460 1747 363 59 unimportant
1856 1744 192 59 things,

75 1832 247 33 manners
352 1815 60 50 of
445 1815 185 59 speech
662 1815 103 48 and
797 1814 59 49 of
888 1820 226 54 gesture,
1146 1811 171 51 habits
1349 1811 60 51 of
1443 1813 147 47 dress
1623 1811 102 47 and
1758 1810 86 48 the
1876 1808 173 58 hobby

80 1879 266 49 diversion
385 1879 60 48 of
486 1895 118 32 men
644 1877 52 49 in
737 1877 88 49 the
864 1877 257 58 limelight
1160 1876 58 48 of
1262 1875 285 58 every-day
1588 1872 94 49 life
1723 1889 87 33 are
1853 1870 168 49 indica-

77 1941 104 49 tive
219 1942 60 48 of
317 1942 136 47 their
489 1943 286 47 character.

139 2007 113 48 The
284 2006 290 49 cartoonist
606 2022 112 33 sees
751 2006 105 48 and
889 2006 247 48 observes
1168 2003 101 50 and
1302 2017 272 46 preserves
1607 1999 53 50 in
1691 1999 81 51 his
1808 1998 237 51 sketches

73 2069 103 48 and
218 2068 265 58 drawings
526 2069 140 48 what
705 2068 87 51 the
836 2067 166 49 ablest
1044 2067 178 49 writer
1264 2073 193 41 cannot
1496 2081 218 42 express
1756 2063 53 48 in
1851 2062 192 49 words.

75 2133 102 49 We
216 2133 155 58 study
408 2133 86 47 the
534 2131 94 49 life
666 2131 203 59 history
906 2130 60 50 of
1002 2138 150 52 great
1189 2145 118 32 men
1348 2129 51 48 in
1438 2128 86 49 the
1565 2123 238 63 writings
1842 2125 58 50 of
1942 2125 81 48 his-

78 2195 201 51 torians
334 2196 102 48 and
489 2195 51 48 in
593 2196 88 47 the
737 2210 177 42 essays
968 2204 56 38 ot
1081 2209 120 32 men
1255 2194 120 48 who
1430 2192 218 47 deemed
1702 2191 85 48 the
1843 2189 206 58 subject

75 2260 209 59 worthy
320 2258 87 50 for
447 2258 136 50 their
620 2275 113 43 pen.
803 2258 105 49 But
943 2266 92 39 not
1072 2257 125 59 only
1232 2274 30 31 a
1300 2256 153 49 much
1490 2257 168 47 better
1695 2253 320 51 understand-

73 2323 89 59 ing
195 2322 152 49 could
380 2338 76 32 we
488 2321 123 59 gain
643 2323 66 57 by
743 2319 247 60 studying
1023 2321 86 48 the
1143 2319 190 49 results
1368 2318 59 50 of
1462 2324 330 53 momentary
1824 2331 190 44 impres-

70 2388 141 48 sions
262 2387 236 48 received
548 2388 66 57 by
661 2387 86 47 the
799 2384 332 50 caricaturist
1180 2384 126 48 with
1353 2383 81 49 his
1484 2379 425 62 quick-catching
1956 2393 93 46 eye

73 2450 92 50 but
216 2467 78 31 we
346 2450 154 48 could
550 2450 108 47 find
710 2448 112 49 also
875 2464 157 42 many
1082 2445 220 61 missing
1354 2446 135 49 links
1545 2454 92 39 not
1689 2443 237 61 supplied
1977 2445 69 57 by

74 2512 203 60 history
323 2512 292 50 chronicles
662 2512 52 49 in
761 2512 86 51 the
894 2511 218 50 oftimes
1159 2511 241 59 abruptly
1447 2509 292 50 successive
1789 2523 256 42 sequence

77 2577 59 48 of
173 2576 339 60 happenings.
583 2576 113 48 The
734 2575 332 49 caricaturist
1105 2590 94 32 can
1235 2573 155 60 bring
1425 2591 61 32 us
1527 2590 63 32 an
1629 2570 421 58 understanding

78 2639 87 49 for
206 2639 104 50 this
352 2656 60 33 or
454 2639 112 49 that
607 2639 224 47 element
877 2637 50 48 in
969 2637 88 49 the
1099 2637 270 49 character
1413 2637 58 48 of
1516 2653 27 31 a
1584 2652 121 32 man
1748 2636 103 48 and
1894 2634 151 49 make

73 2721 62 33 us
178 2719 84 35 see
304 2703 89 49 the
433 2702 136 59 logic
610 2702 52 48 in
705 2702 230 49 hitherto
980 2702 219 48 obscure
1244 2699 279 51 situations
1566 2717 60 32 or
1672 2698 245 60 startling
1959 2714 58 33 oc-

65 2784 292 35 currences.

138 2830 174 58 Every
351 2845 136 42 man,
530 2846 206 32 woman
779 2846 60 32 or
879 2827 139 51 child
1061 2829 185 48 knows
1287 2827 88 49 the
1413 2826 128 48 kind
1584 2826 102 47 and
1728 2840 160 43 grave
1933 2824 84 49 fea-

75 2901 144 43 tures
257 2893 58 50 of
353 2892 280 51 President
667 2892 235 50 Lincoln.
968 2892 151 51 With
1156 2906 279 34 reverence
1472 2891 102 48 and
1611 2890 117 49 love
1764 2888 125 61 they
1922 2905 127 44 gaze

73 2957 112 51 into
230 2958 88 48 the
366 2957 219 58 serious,
633 2956 175 59 manly
854 2971 133 43 eyes,
1035 2956 270 48 wherever
1353 2954 81 50 his
1482 2949 224 64 portrait
1753 2953 43 50 is
1846 2968 137 35 seen.

138 3020 115 50 The
295 3036 142 34 same
479 3036 121 33 men
643 3020 102 49 and
788 3034 203 33 women
1038 3017 173 49 notice
1253 3015 139 60 daily
1434 3017 87 49 the
1565 3024 245 41 cartoons
1853 3015 52 49 in
1949 3032 97 33 our

74 3099 352 43 newspapers.
493 3083 165 59 Many
690 3099 29 33 a
751 3081 185 60 hearty
969 3081 158 59 laugh
1162 3081 103 49 and
1298 3097 158 43 many
1488 3097 64 33 an
1589 3079 277 58 indignant
1899 3079 150 51 word

75 3163 137 37 were
253 3147 271 60 provoked
564 3147 230 58 through
839 3146 86 48 the
967 3144 331 50 cartoonists'
1342 3144 215 50 oftimes
1602 3151 281 52 grotesque
1926 3159 93 33 con-

74 3208 206 63 ception
319 3211 60 49 of
419 3210 303 49 candidates
762 3208 192 60 during
992 3207 339 60 presidential
1372 3207 317 60 campaigns.

140 3276 103 48 But
282 3274 37 49 it
359 3274 43 50 is
441 3291 147 32 more
629 3274 126 47 than
798 3272 248 51 doubtful
1086 3272 113 49 that
1239 3288 100 44 any
1377 3272 60 49 of
1477 3272 87 49 the
1604 3271 214 49 readers
1858 3271 61 50 of
1961 3272 87 48 the

74 3353 334 43 newspapers
447 3335 60 50 of
548 3338 185 57 to-day
773 3335 133 49 have
948 3351 120 33 ever
1109 3334 310 50 considered
1465 3334 113 50 that
1618 3333 220 51 Lincoln
1881 3334 169 59 might

74 3401 133 51 have
251 3401 129 49 been
426 3400 86 50 the
558 3408 170 52 target
774 3399 58 49 of
879 3400 87 47 the
1011 3399 334 49 caricaturist
1390 3399 193 58 during
1626 3399 81 48 his
1752 3396 138 59 time,
1936 3396 114 61 just

77 3481 55 33 as
173 3464 286 49 Roosevelt
498 3480 60 32 or
597 3462 132 49 Taft
769 3470 68 42 or'
867 3461 207 50 Wilson
1117 3462 132 47 have
1287 3462 128 49 been
1457 3461 50 48 in
1552 3478 97 31 our
1687 3460 140 51 time.
1902 3461 146 50 Even

73 3528 87 49 the
193 3526 225 61 thought
451 3526 60 49 of
543 3542 28 32 a
605 3525 255 50 ridiculed
893 3525 220 49 Lincoln
1147 3525 123 59 they
1303 3525 176 49 would
1512 3525 167 49 brand
1717 3523 267 60 sacrilege.

139 3593 60 47 In
251 3592 87 48 the
389 3591 319 49 caricatures
761 3589 59 50 of
873 3588 215 60 pioneer
1141 3588 289 55 American
1486 3588 333 55 cartoonists,
1877 3588 40 50 it
1968 3606 54 32 re-

74 3654 174 60 quires
281 3671 69 33 no
383 3652 335 61 magnifying
747 3652 141 61 glass
921 3659 55 42 to
1010 3650 206 51 discern
1253 3650 354 61 immediately
1640 3650 86 51 the
1763 3653 287 57 important

74 3716 152 52 traits
263 3718 60 50 of
360 3716 263 50 Lincoln's
660 3716 287 50 character.
1014 3715 85 48 He
1136 3715 42 50 is
1216 3730 119 35 seen
1372 3714 194 61 always
1603 3716 88 49 the
1729 3732 142 34 same
1909 3730 137 45 man,

80 3798 290 63 Copyright
400 3805 121 42 1916
552 3798 62 59 by
647 3796 170 51 Guido
850 3796 182 50 Bruno
