2436 4386
310 331 95 43 474

942 331 322 53 BRUNO'S
1382 335 329 49 WEEKLY

310 431 179 63 Every
524 434 186 51 article
739 435 44 51 is
817 454 58 33 so
907 439 347 61 enormously
1282 439 143 61 high,
1458 442 23 48 I
1514 458 229 43 suppose
1776 443 126 61 they
1931 452 197 42 cannot
2159 442 181 52 afford

309 506 56 42 to
417 500 217 51 furnish
681 519 64 33 us
794 503 131 50 with
973 505 188 51 better.
1244 506 105 50 But
1399 508 127 49 dear
1578 508 180 50 friend
1809 510 23 47 I
1882 528 59 32 so
1992 510 158 51 much
2199 510 138 60 hope

309 564 24 49 I
380 564 108 50 will
534 566 65 50 be
644 585 135 33 soon
825 569 180 50 where
1049 570 70 49 all
1164 580 172 42 wants
1385 572 109 50 will
1537 574 65 49 be
1649 574 256 62 supplied,
1957 576 106 50 and
2109 576 227 51 without

308 646 197 45 money
552 649 60 33 or
661 632 230 52 without
934 635 160 61 price,
1145 636 21 48 I
1214 637 139 60 hope
1401 639 23 46 I
1472 654 88 33 am
1608 640 165 59 ready
1820 649 55 40 to
1922 658 68 43 go
2040 641 154 50 when
2247 642 89 50 the

309 697 145 58 good
496 697 118 51 God
656 698 128 51 calls
825 716 97 34 me.
996 699 53 50 If
1086 717 107 45 you
1234 703 223 50 succeed
1498 703 53 49 in
1590 705 209 61 getting
1838 722 84 32 me
1966 722 31 33 a
2036 707 155 50 small
2229 708 111 50 box

308 760 62 51 of
409 763 261 62 anything
706 772 54 43 to
799 767 104 48 add
940 773 55 43 to
1032 783 90 43 my
1157 768 253 61 comfort,
1449 769 171 51 direct
1656 787 58 36 as
1750 788 107 44 you
1895 772 69 49 do
2002 772 94 51 the)
2135 773 201 51 letters.

306 826 178 53 Write
530 847 133 34 soon
708 839 54 42 to
806 848 165 43 yours
1016 832 276 61 sincerely,

1799 900 75 53 M.
1917 901 222 52 Clemm.

314 973 168 60 (This
515 975 188 51 Letter
737 976 47 51 is
822 978 86 49 the
944 979 268 62 Property
1254 980 62 62 of
1350 981 111 50 Mr.
1500 983 217 49 Patrick
1758 983 58 50 F.
1853 983 319 60 Madigan).

311 1102 202 89 The
574 1103 185 90 Old
802 1107 184 89 Ass

303 1226 294 88 •J'HREE
633 1232 226 52 animals
896 1252 139 33 were
1079 1234 294 65 frolicking
1407 1254 72 35 on
1517 1239 87 52 the
1641 1239 116 51 soft
1788 1257 185 44 young
2006 1257 165 43 green
2209 1242 60 51 of
2307 1257 29 33 a

461 1303 197 61 joyous
689 1314 247 51 pasture:
972 1324 29 32 a
1032 1324 182 46 young
1246 1310 120 60 dog,
1400 1328 30 32 a
1460 1328 184 45 young
1673 1313 160 49 horse
1866 1314 105 50 and
2004 1331 68 33 an
2106 1315 89 50 old
2228 1329 102 35 ass.

366 1369 117 49 The
526 1388 183 44 young
748 1373 112 59 dog
908 1374 145 49 said:
1324 1378 21 47 I
1391 1394 85 32 am
1521 1376 200 63 having
1764 1397 30 31 a
1837 1380 143 60 good
2025 1379 306 61 time—but,

301 1434 84 59 oh,
426 1435 134 49 later
599 1437 99 49 on!
770 1436 154 62 They
960 1439 108 50 will
1107 1441 139 50 train
1284 1459 99 42 me,
1423 1442 125 61 they
1587 1444 108 49 will
1734 1445 152 49 teach
1923 1461 85 33 me
2048 1445 181 52 tricks.
2305 1446 23 48 I

298 1498 109 51 will
444 1501 135 51 have
614 1510 54 42 to
701 1503 64 50 be
799 1503 276 63 watchful,
1114 1507 22 47 I
1171 1506 108 51 will
1314 1507 134 54 have
1484 1517 53 42 to
1571 1517 90 52 get
1695 1512 341 49 accustomed
2072 1519 54 43 to
2161 1511 166 58 kicks,

304 1567 103 48 and
463 1568 21 46 I
538 1567 107 51 will
695 1569 136 51 have
883 1577 53 43 to
987 1572 127 48 bear
1165 1573 260 61 patiently
1474 1574 88 51 the
1615 1576 210 51 wildest
1875 1585 206 52 temper
2133 1578 61 51 of
2243 1595 90 44 my

300 1641 216 41 master.
593 1634 61 48 In
696 1634 89 50 the
827 1635 128 61 long
995 1655 98 31 run
1141 1655 29 31 a
1209 1639 116 60 dog.
1357 1641 213 49 catcher
1612 1641 109 50 will
1759 1651 90 50 get
1888 1658 30 33 a
1956 1643 130 51 hold
2128 1643 61 51 of
2230 1660 100 33 me.

299 1698 147 49 Does
488 1698 41 50 it
569 1717 104 43 pay
713 1708 54 43 to
812 1701 141 51 live?
1029 1703 207 61 Surely,
1282 1705 38 50 it
1362 1707 128 49 does

366 1764 123 49 And
529 1765 89 50 the
659 1784 183 44 young
880 1768 160 50 horse
1081 1769 145 51 said:
1485 1773 22 47 I
1548 1789 86 33 am
1674 1774 216 61 leading
1927 1792 30 31 a
1993 1774 184 61 joyful
2216 1774 114 60 life,

298 1827 208 62 indeed,
508 1831 176 61 —but,
731 1832 83 60 oh,
863 1832 134 51 later
1043 1835 98 49 on!
1222 1835 154 61 They
1418 1837 109 50 will
1570 1840 154 48 catch
1768 1856 99 42 me,
1912 1839 125 62 they
2082 1840 109 51 will
2236 1848 95 55 put

296 1911 31 33 a
372 1896 224 51 harness
643 1900 210 49 around
870 1916 118 57 _my
1030 1901 135 48 neck
1167 1902 92 48 —I
1310 1901 108 51 will
1462 1903 136 51 have
1644 1912 54 42 to
1747 1906 148 49 draw
1942 1906 173 62 heavy
2159 1906 167 53 loads.

426 1978 254 33 someone
714 1962 45 51 is
793 1963 167 61 going
995 1972 54 43 to
1087 1966 69 49 sit
1190 1983 69 33 on
1294 1985 89 43 my
1416 1968 135 50 back
1585 1971 106 48 and
1728 1971 107 49 will
1871 1972 164 50 abuse
2076 1990 83 33 me
2196 1971 130 53 with

296 2025 144 63 whip
488 2028 104 49 and
642 2046 170 44 spurs.
893 2030 127 51 And
1068 2032 127 50 then
1249 2049 147 35 some
1443 2034 105 61 day
1593 2034 127 62 they
1764 2037 108 51 will
1922 2038 95 50 sell
2064 2057 83 32 me
2195 2048 53 42 to
2299 2057 28 32 a

291 2093 225 50 butcher
554 2095 108 50 and
698 2095 127 62 they
856 2095 111 52 will
1000 2104 141 45 mete
1176 2107 96 43 out
1306 2114 89 46 my
1428 2100 134 50 flesh
1598 2102 70 61 by
1702 2103 90 49 the
1827 2103 199 61 pound.
2097 2103 146 53 Does
2285 2103 42 49 it

291 2173 106 45 pay
433 2166 56 43 to
531 2157 141 52 live?
747 2161 53 50 Is
846 2160 41 52 it
926 2163 177 50 worth
1143 2164 195 49 while?
1415 2165 207 61 Surely,
1664 2166 41 51 it
1747 2168 41 50 is

360 2225 108 49 But
502 2225 90 51 the
630 2225 89 52 old
759 2244 101 42 ass,
901 2227 122 52 who
1062 2229 105 50 had
1207 2230 227 51 listened
1474 2231 130 51 with
1642 2232 314 52 astonished
1997 2251 138 45 eyes,
2177 2234 145 52 said:

384 2290 170 62 really
587 2292 69 51 do
695 2301 97 42 not
823 2293 160 51 know
1021 2295 187 52 what's
1245 2296 89 51 the
1369 2305 195 43 matter
1601 2298 129 51 with
1766 2319 120 42 you.
1959 2302 24 48 I
2020 2302 136 51 have
2191 2303 132 50 been

291 2354 54 51 in
391 2356 89 50 the
526 2358 213 61 employ
783 2359 59 50 of
888 2361 89 49 the
1024 2378 145 33 same
1214 2378 263 45 company
1522 2364 90 50 for
1658 2366 87 49 the
1792 2366 102 51 last
1940 2367 169 61 thirty
2149 2383 173 46 years.

294 2420 24 50 I
357 2420 137 51 have
534 2438 29 33 a
606 2424 144 60 good
789 2424 235 61 position
1063 2427 104 49 and
1209 2429 181 59 surely
1429 2429 22 48 I
1491 2446 85 33 am
1617 2429 166 62 doing
1820 2447 132 46 very
1989 2433 136 51 well.
2197 2432 126 51 And

291 2486 24 51 I
356 2488 110 49 find
508 2489 116 51 that
666 2489 98 51 life
806 2490 43 51 is
893 2491 175 51 worth
1110 2493 159 51 while

1912 2563 175 52 Guido
2133 2565 185 51 Bruno

296 2682 527 91 Boulevard
887 2686 132 89 St.
1065 2688 405 89 Michael

488 2811 159 82 CJTN,
685 2811 109 64 Sin,
832 2814 106 50 and
972 2814 63 51 be
1068 2832 196 44 merry.
1334 2817 99 50 Let
1467 2818 121 52 who
1625 2818 109 52 will

648 2884 108 61 Say
799 2886 243 51 Bacchus
1089 2888 42 52 is
1176 2905 68 33 an
1291 2889 104 51 evil
1435 2891 122 60 god,
1603 2893 24 48 I
1674 2909 172 35 swear

611 2951 78 50 I'd
731 2952 182 50 rather
954 2970 100 35 run
1094 2971 91 44 my
1223 2955 200 60 fingers
1465 2956 235 59 through
1742 2959 82 51 his
1865 2960 119 50 hair

480 3016 122 60 Just
643 3034 147 43 once,
833 3018 106 50 and
981 3018 100 61 die,
1123 3020 128 51 than
1296 3021 103 51 live
1442 3021 302 62 insensible,

482 3081 265 52 Forever!
825 3083 116 52 Lift
981 3086 90 49 the
1112 3102 100 45 cup
1254 3088 105 50 and
1400 3088 159 50 drink
1597 3107 136 44 your
1773 3091 76 49 fill

612 3149 79 50 Of
731 3149 264 63 pleasure,
1040 3151 91 52 for
1173 3171 29 32 a
1244 3153 137 51 wine
1423 3153 44 52 is
1512 3156 49 49 in
1608 3156 89 50 the
1740 3157 79 49 air

606 3214 83 52 To
729 3217 137 49 stain
908 3218 91 49 the
1040 3218 294 52 afternoon
1376 3220 104 50 and
1522 3222 109 50 dull
1673 3223 89 49 the
1804 3224 147 54 glare

483 3279 79 51 Of
606 3281 88 50 the
736 3281 179 51 drunk
958 3283 237 50 October
1237 3302 129 42 sun;
1409 3286 104 50 and
1555 3304 67 33 on
1667 3289 87 50 the
1796 3289 94 50 hill

482 3346 78 51 Of
606 3347 75 51 St.
728 3347 235 51 Michael
1006 3350 290 52 Autumn's
1343 3351 186 62 purple
1574 3369 164 47 grape

610 3412 192 62 Hangs
844 3415 113 61 ripe
996 3416 105 50 and
1147 3416 252 52 luscious.
1476 3419 146 50 Soon
1665 3420 107 51 will
1813 3439 149 33 come
2004 3422 88 51 the
2133 3422 152 63 night

607 3478 179 51 When
826 3479 68 51 all
934 3482 164 50 about
1134 3500 78 35 us,
1254 3482 335 52 underneath
1630 3485 89 50 the
1758 3486 135 61 light

482 3542 77 53 Of
599 3543 304 63 arc-lamps,
943 3546 109 50 will
1093 3548 200 60 parade
1334 3549 89 50 the
1470 3548 175 62 lovely
1686 3552 162 60 shape

610 3610 80 51 Of
734 3612 105 50 lust
884 3612 292 61 incarnate,
1223 3615 104 50 and
1374 3615 89 50 the
1510 3614 94 51 hill
1650 3617 108 50 will
1804 3619 136 50 burn

607 3676 152 51 With
795 3679 211 60 youth's
1049 3680 324 62 consuming
1409 3681 104 51 and
1550 3681 96 52 hot
1681 3684 100 60 lips
1820 3684 116 51 that
1970 3702 182 43 yearn.

1659 3765 230 62 Murray
1932 3767 253 53 Sheehan
