2270 3718
755 189 146 28 COURS
937 189 58 27 DU
1030 181 201 34 COLLÈGE
1262 189 54 26 DE
1350 188 171 27 FRANCE

129 190 77 36 442

186 284 61 41 Ce
269 285 130 40 mode
419 286 115 39 avait
554 297 87 27 une
670 291 155 45 quarte
844 287 21 34 à
890 282 136 50 l'aigu
1059 289 41 32 et
1120 294 87 27 une
1230 281 153 52 quinte
1404 294 55 25 au
1479 292 138 37 grave
1639 292 8 26 :
1671 277 41 41 fa
1738 278 66 41 sol
1825 278 40 40 la
1890 279 37 39 si
1951 278 53 39 do
2048 278 5 52 |
2098 285 42 35 ré

128 355 58 38 mi
211 353 56 40 fa.
291 352 87 41 Les
402 352 136 42 Grecs
567 353 38 40 le
629 353 261 49 rangeaient
911 351 111 40 dans
1048 350 38 40 la
1124 351 223 49 catégorie
1389 349 78 40 des
1497 348 260 40 harmonies
1789 348 289 40 licencieuses
2100 358 40 32 et

129 420 259 54 bachiques.
416 421 68 41 Au
510 435 159 38 moyen
693 424 97 47 âge,
815 434 57 27 on
896 421 59 40 lui
981 434 21 25 a
1040 423 123 48 prêté
1185 433 60 26 un
1269 423 221 35 caractère
1512 417 198 53 pastoral
1737 432 7 25 :
1768 416 141 48 tritus,
1933 416 208 54 agricoLv

126 489 150 45 dictus,
303 491 104 39 écrit
449 488 101 53 Guy
580 489 228 40 d'Arezzo.
852 489 119 40 Pour
1011 485 189 55 justifier
1239 496 111 31 cette
1389 488 237 46 assertion,
1661 499 56 27 on
1751 499 22 26 a
1799 488 237 49 remarqué
2055 491 85 35 très

126 558 386 49 ingénieusement
534 571 86 38 que
644 558 62 39 les
729 559 294 38 instruments
1048 557 241 50 rustiques,
1312 555 38 40 le
1380 569 75 26 cor
1473 555 77 40 des
1572 554 153 53 Alpes,
1749 555 63 39 les
1835 567 303 38 cornemuses,

129 625 62 40 les
214 627 206 50 pipeaux,
441 624 95 41 font
561 626 213 40 entendre
795 626 343 40 naturellement
1163 625 62 40 les
1246 637 106 28 sons
1363 623 276 55 fa-sol-la-si
1724 621 283 53 (Gevaert)...

184 693 61 40 La
280 695 361 51 caractéristique
668 694 54 39 de
758 707 46 27 ce
826 694 131 40 mode
980 703 65 31 est
1067 694 39 40 le
1127 695 37 38 si
1177 691 24 35 &
1225 703 41 31 et
1308 694 39 40 le
1384 692 60 42 mi
1463 691 35 41 S.
1543 691 129 43 Nous
1705 692 40 40 le
1787 701 216 31 trouvons
2028 693 113 39 ainsi

126 764 219 38 constitué
365 762 111 40 dans
501 778 58 25 un
584 762 222 51 fragment
846 764 75 51 qui
959 776 112 27 nous
1107 772 65 32 est
1197 776 198 40 parvenu
1432 763 53 40 de
1510 761 265 53 l'antiquité,
1818 774 88 27 une
1944 760 193 41 mélodie

129 835 86 35 très
249 830 147 49 brève,
421 831 54 40 de
500 832 173 52 rythme
694 832 186 48 bizarre,
903 834 113 39 mais
1039 830 185 43 d'allure
1256 832 164 51 légère,
1441 838 56 35 où
1516 832 38 40 la
1582 831 215 41 modalité
1825 830 59 40 du
1909 829 149 53 lydien
2076 839 64 31 est

128 900 387 49 rigoureusement
538 899 213 43 observée
771 914 7 27 :

190 1223 63 40 La
293 1224 140 41 triade
467 1224 53 40 de
555 1225 185 50 tonique
777 1232 65 32 est
885 1232 241 31 nettement
1164 1222 211 52 indiquée
1397 1222 78 40 dès
1504 1222 39 40 le
1566 1221 137 42 début
1728 1233 9 37 ;
1764 1223 38 38 la
1830 1220 134 41 finale
2003 1234 77 27 sur
2102 1221 38 40 la

131 1293 224 40 médiante
389 1293 53 39 de
482 1292 40 40 la
547 1294 184 51 tonique
762 1300 65 32 est
868 1292 39 39 la
947 1293 362 50 caractéristique
1333 1291 131 40 d'une
1502 1293 166 38 variété
1691 1291 58 40 du
1774 1291 132 40 mode
1931 1292 75 51 qui
2031 1304 22 26 a
2076 1294 66 36 été

129 1360 181 53 appelée
333 1360 286 56 Yhypolydien
650 1360 175 40 intense.
852 1359 62 41 La
934 1362 207 39 tessiture
1161 1360 52 40 de
1237 1360 38 39 la
1295 1360 193 40 mélodie
1504 1361 242 52 comprend
1768 1360 186 40 l'octave
1975 1361 167 39 entière

128 1430 25 39 d
251 1431 52 38 ici
333 1429 178 52 plagale
536 1430 54 40 de
614 1429 108 41 celle
745 1429 54 40 de
831 1429 65 51 fa.
925 1427 127 43 Nous
1077 1438 317 31 retrouverons
1432 1428 171 41 bientôt
1636 1429 113 40 dans
1774 1428 258 41 Beethoven
2055 1441 87 28 une

129 1499 300 39 construction
451 1498 242 50 analogue.
741 1496 63 41 La
830 1506 218 32 structure
1089 1498 298 52 harmonique
1429 1507 65 31 est
1517 1503 87 35 très
1629 1506 118 32 nette
1769 1512 8 33 ;
1804 1506 95 32 tout
1922 1498 39 39 le
1990 1497 152 41 dessin

129 1566 54 40 de
200 1566 39 40 la
277 1567 190 40 mélodie
498 1566 222 41 s'enroule
743 1574 160 32 autour
929 1566 53 40 de
1016 1566 39 40 la
1081 1567 140 39 triade
1244 1566 178 41 modale
1440 1564 227 54 (fa-la-do)
1688 1575 40 31 et
1752 1566 53 40 de
1842 1567 39 39 la
1907 1566 141 41 triade
2088 1566 54 41 de

129 1634 260 41 dominante
413 1634 276 52 (do-mi-sol).
716 1634 126 41 Cette
866 1635 193 40 mélodie
1096 1633 159 52 figure,
1296 1635 113 40 dans
1447 1650 59 25 un
1546 1637 128 38 traité
1716 1648 240 39 anonyme,
1997 1638 144 49 parmi

129 1702 77 40 des
221 1704 216 39 exercices
454 1703 53 39 de
525 1704 208 51 musique
751 1703 340 40 instrumentale
1114 1719 7 32 ;
1142 1707 215 48 peut-être
1380 1712 143 33 est-ce
1547 1704 38 40 le
1605 1702 224 52 fragment
1854 1705 132 39 d'une
2010 1704 104 40 chan-

130 1783 81 28 son
232 1772 75 49 qui
330 1784 54 27 en
404 1784 82 27 son
510 1780 143 43 temps
676 1771 64 40 fut
758 1771 233 52 populaire
1011 1785 56 27 ou
1091 1776 271 37 renommée.

185 1838 116 41 Mais
320 1841 53 38 ici
397 1853 174 33 encore,
597 1853 173 28 comme
786 1840 111 40 dans
922 1839 197 53 l'hymne
1139 1845 22 35 à
1189 1841 168 48 Hélios,
1378 1855 114 27 nous
1514 1851 214 31 trouvons
1749 1851 65 32 cet
1838 1842 232 40 intervalle
2086 1843 54 40 de

131 1908 135 39 triton
301 1907 49 51 fa
373 1905 78 42 *-si
467 1906 17 37 H
510 1910 93 49 qui,
627 1908 218 53 quelques
881 1909 157 40 siècles
1074 1909 102 52 plus
1201 1910 112 48 tard,
1346 1910 123 41 allait
1493 1914 92 37 être
1623 1912 157 52 appelé
1806 1924 19 25 «
1864 1910 210 42 diabolus
2098 1914 43 38 in

130 1977 168 38 musica
325 1989 37 26 ».
388 1975 63 41 De
475 1975 148 41 bonne
644 1977 151 46 heure,
821 1977 40 40 la
886 1980 345 50 préoccupation
1255 1979 54 39 de
1344 1977 170 43 l'éviter
1533 1994 21 26 a
1581 1980 148 40 donné
1752 1982 251 42 naissance,
2029 1980 112 41 dans

131 2043 62 40 les
216 2044 155 40 chants
395 2044 53 40 de
470 2042 183 53 l'Eglise
666 2045 270 49 chrétienne,
950 2051 21 35 à
993 2047 78 39 des
1093 2060 164 38 usages
1274 2048 108 40 dont
1403 2048 330 53 quelques-uns
1756 2049 205 41 devaient
1985 2049 157 42 altérer

131 2112 37 40 le
190 2113 130 39 mode
343 2113 147 51 lydien
516 2129 7 25 :
561 2126 57 28 on
637 2123 104 43 peut
764 2114 63 40 les
852 2115 175 40 réduire
1056 2119 21 35 à
1109 2117 121 39 trois.

193 2185 37 35 i°
253 2180 68 42 Au
342 2182 87 40 lieu
452 2182 53 40 de
529 2182 184 40 s'élever
736 2187 21 35 à
783 2183 136 51 l'aigu
950 2197 124 26 assez
1099 2185 91 40 loin
1214 2185 52 40 de
1290 2185 38 40 la
1351 2189 199 49 tonique,
1583 2188 39 39 la
1649 2189 192 40 mélodie
1877 2188 167 42 s'étend
2086 2204 54 26 au

129 2262 135 37 grave
287 2250 208 52 jusqu'au
518 2260 332 31 renversement
870 2252 52 40 de
941 2265 46 26 sa
1008 2255 170 49 quinte,
1201 2262 56 38 et,
1277 2263 94 31 tout
1394 2268 56 27 en
1470 2265 267 31 conservant
1747 2258 58 52 fa
1820 2255 23 36 Û
1856 2271 112 38 pour
1989 2256 149 50 finale,

131 2331 54 26 ne
207 2318 186 51 dépasse
417 2331 80 38 pas
520 2318 39 39 la
584 2319 225 41 médiante
832 2320 53 40 de
908 2334 47 27 ce
978 2321 176 40 dernier
1176 2337 8 32 ;
1211 2336 80 38 par
1314 2322 57 51 là,
1397 2323 39 40 le
1457 2322 39 41 si
1512 2321 24 36 S
1556 2333 65 31 est
1642 2326 115 39 évité
1783 2337 9 29 ;

187 2729 19 25 2
213 2720 15 14 0
254 2714 33 40 D
308 2726 147 30 autres
471 2716 101 48 fois,
590 2719 38 38 la
654 2719 191 40 mélodie
863 2721 206 51 lydienne
1093 2721 158 42 s'élève
1270 2724 101 52 plus
1389 2725 106 41 haut
1509 2741 8 33 ;
1541 2728 114 40 mais
1673 2728 117 41 alors
1807 2728 84 41 elle
1910 2732 229 50 supprime

130 2783 36 38 le
186 2796 34 25 si
228 2814 9 19 ,
254 2793 40 30 et
317 2797 54 27 en
386 2785 275 42 s'abstenant
681 2788 53 39 de
752 2788 183 40 toucher
950 2797 110 32 cette
1084 2791 146 46 corde,
1244 2792 83 40 elle
1351 2797 149 37 résout
1521 2795 39 39 la
1575 2794 211 43 difficulté
1803 2811 79 38 par
1904 2813 59 25 un
1978 2812 161 40 moyen

130 2853 118 38 aussi
275 2853 179 40 radical.
479 2852 71 43 On
574 2864 103 42 peut
700 2869 53 26 en
778 2858 104 38 citer
906 2870 176 28 comme
1103 2860 200 51 exemple
1320 2861 280 43 l'admirable
1626 2863 151 42 Gloria
1798 2865 45 40 in
1860 2867 176 40 excelsis
2053 2880 12 26 :

641 3039 151 42 Gloria
814 3058 45 24 ni
882 3044 189 49 excelsis,
1099 3062 84 24 aux
1204 3047 121 41 Fêtes
1347 3049 175 40 doubles
1545 3048 72 53 (1).

174 3488 48 43 (1)
249 3490 47 32 Le
319 3490 103 42 signe
446 3490 15 50 ;
482 3491 152 44 indique
647 3495 32 31 la
698 3495 54 31 clé
772 3494 100 41 d'ut;
895 3497 31 31 la
953 3495 102 42 pièce
1078 3506 37 23 se
1135 3497 38 33 lit
1194 3498 93 33 donc
1308 3510 7 21 :
1337 3501 55 38 do,
1420 3502 56 40 do,
1490 3501 46 41 la,
1556 3503 64 39 sol,
1634 3504 62 41 fa,
1720 3505 65 41 sol,
1805 3505 45 40 la,
1871 3506 64 39 sol,
1942 3507 59 40 fa,
2026 3516 65 25 etc.
