2270 3718
742 199 145 28 COURS
922 201 57 26 DU
1016 194 198 33 COLLÈGE
1247 203 56 24 DE
1337 202 169 26 FRANCE

2035 207 76 36 443

186 2227 21 53 J
227 2236 233 43 emprunte
480 2241 46 27 ce
549 2236 112 32 texte
694 2241 54 27 au
777 2227 249 40 Paroissien
1064 2226 167 40 romain
1239 2259 8 17 ,
1273 2226 166 40 édition
1461 2226 54 39 de
1534 2224 230 41 Solesmes
1798 2224 66 52 (p.
1897 2224 78 52 18).
2002 2224 120 41 C'est

133 2308 86 27 une
241 2295 76 39 des
340 2295 156 40 choses
536 2296 236 39 musicales
806 2295 62 40 les
908 2295 99 52 plus
1031 2295 239 45 curieuses,
1297 2293 63 40 les
1393 2293 98 51 plus
1528 2294 276 50 expressives
1840 2301 40 31 et
1924 2293 61 40 les
2021 2293 101 51 plus

135 2362 138 40 belles
297 2376 84 38 que
415 2364 37 50 je
478 2365 251 38 connaisse.

190 2428 63 40 La
277 2431 136 49 pièce,
449 2431 248 50 appartient
738 2434 22 35 à
801 2429 39 39 la
871 2429 177 49 liturgie
1085 2428 53 39 de
1173 2427 186 40 l'aurore
1383 2437 7 27 :
1429 2425 151 41 Gloria
1617 2441 43 24 in
1697 2426 171 39 excelsis
1886 2441 9 33 ;
1942 2426 102 40 c'est
2084 2427 38 39 le

134 2496 115 39 salut
268 2497 54 38 de
344 2495 142 51 l'ange
519 2511 82 25 aux
637 2497 181 49 bergers
855 2497 111 38 dans
990 2495 39 40 la
1065 2497 95 38 nuit
1179 2495 53 38 de
1274 2495 38 38 la
1336 2493 207 41 Nativité.
1570 2492 85 42 Les
1680 2493 212 40 formules
1914 2494 56 39 du
2011 2502 112 31 texte

134 2564 211 39 littéraire
368 2572 99 31 sont
491 2569 85 34 très
614 2565 260 45 anciennes;
899 2577 56 26 on
992 2563 61 39 les
1091 2577 22 24 a
1144 2561 241 41 attribuées
1425 2575 55 26 au
1501 2575 42 26 iv
1547 2565 15 18 e
1582 2561 130 40 siècle
1728 2572 9 37 ;
1775 2563 112 38 mais
1912 2575 101 26 avec
2044 2575 79 26 son

136 2632 173 50 rythme
329 2630 127 49 libre,
482 2631 61 40 les
576 2631 223 40 membres
840 2631 53 39 de
925 2631 161 51 phrase
1116 2632 74 49 qui
1213 2642 45 27 se
1296 2629 246 51 répondent
1573 2629 456 49 harmonieusement,
2062 2629 62 40 les

136 2699 211 51 procédés
388 2699 51 39 de
478 2700 297 51 composition
816 2697 129 41 d'une
978 2698 235 51 simplicité
1252 2700 208 42 extrême,
1599 2705 40 30 et
1676 2696 38 39 le
1746 2693 148 42 thème
1933 2696 162 39 obstiné
2113 2711 7 24 :

138 2766 71 47 do,
234 2766 73 51 do,
329 2766 56 50 la,
406 2766 81 47 sol,
507 2765 59 51 fa,
587 2766 81 47 sol,
691 2767 57 47 la,
770 2766 79 46 sol,
874 2765 40 40 fa
1015 2774 107 31 cette
1147 2765 178 52 hymne,
1352 2766 205 50 musique
1577 2772 40 31 et
1661 2763 189 52 paroles,
1876 2778 21 25 a
1922 2763 38 40 le
1982 2778 120 25 carac-

138 2839 89 34 tère
266 2834 75 40 des
366 2847 175 27 œuvres
561 2842 143 32 toutes
729 2835 266 50 primitives;
1022 2834 81 39 elle
1121 2834 209 51 exprime,
1355 2846 103 26 avec
1481 2845 85 27 une
1592 2831 237 50 allégresse
1870 2832 253 47 intérieure,

140 2902 37 39 la
202 2903 99 50 paix
338 2902 238 51 tranquille
609 2902 53 39 de
705 2902 39 39 la
788 2902 364 51 contemplation.
1192 2900 79 52 (Le
1307 2900 38 40 si
1377 2900 17 33 i?
1429 2899 248 52 n'apparaît
1716 2912 84 39 que
1838 2899 110 40 dans
1971 2898 153 40 Yamen

138 2968 122 49 final,
305 2972 75 49 qui
416 2979 65 31 est
521 2983 103 27 sans
662 2970 133 40 doute
837 2970 130 40 d'une
1008 2974 173 47 époque
1218 2968 263 52 différente.)
1507 2968 31 39 Il
1568 2981 54 27 en
1655 2976 64 31 est
1757 2968 53 38 de
1849 2971 142 35 même
2015 2980 110 39 pour

136 3035 187 55 VAgnus
356 3037 85 40 Dei
472 3037 100 51 (aux
611 3037 130 41 fériés
778 3038 53 39 de
853 3036 173 42 l'Avent
1064 3046 41 32 et
1144 3038 57 40 du
1226 3036 203 47 Carême,
1454 3036 103 40 ibid.
1587 3050 42 37 p.
1656 3038 82 48 39),
1765 3037 74 50 qui
1878 3036 247 51 appartient

139 3119 54 25 au
214 3109 144 36 même
380 3114 101 44 type
501 3106 272 51 mélodique.

197 3177 40 44 3°
268 3171 63 41 Le
347 3173 99 51 plus
470 3182 204 40 souvent,
700 3173 177 53 lorsque
898 3173 38 39 la
958 3182 102 31 note
1080 3172 38 41 si
1139 3181 65 32 est
1227 3172 199 50 touchée,
1450 3172 81 41 elle
1548 3180 65 32 est
1644 3171 201 41 abaissée
1861 3172 105 39 d'un
1987 3171 111 39 demi-

140 3246 90 40 ton,
256 3252 170 28 comme
450 3241 110 40 dans
590 3242 39 39 le
650 3241 135 41 chant
820 3241 54 40 de
903 3254 70 27 ces
996 3241 175 51 paroles
1197 3255 7 25 :
1227 3240 119 54 pleni
1366 3246 97 34 sunt
1486 3240 98 40 cœli
1598 3246 36 33 et
1657 3246 109 33 terra
1796 3238 162 54 (gloria
1982 3236 90 53 tua)
