2278 3807
141 205 77 46 336

987 217 415 27 CORRESPONDANCE

137 321 235 39 surpasser
392 308 253 41 lui-même.
670 308 33 41 Il
725 323 19 26 a
773 309 194 40 acclamé
990 309 212 41 l'homme
1224 324 55 25 au
1301 323 122 27 cœur
1444 314 229 46 généreux
1696 312 75 51 qui
1795 325 21 26 a
1838 311 138 40 voulu
1994 323 135 28 consa-

138 389 94 26 crer
256 376 38 39 le
322 375 196 42 bénéfice
541 377 54 40 de
612 391 70 26 ces
707 377 112 41 deux
844 386 200 32 concerts
1070 382 21 35 à
1116 378 38 40 la
1178 377 158 42 Caisse
1373 379 53 40 de
1448 381 204 38 retraites
1687 379 78 40 des
1789 378 284 53 professeurs
2094 380 59 40 du

138 443 365 43 Conservatoire.

193 511 270 42 N'oublions
487 528 96 37 pas,
610 529 112 37 pour
746 529 211 38 marquer
988 514 188 42 l'intérêt
1206 516 52 40 de
1294 529 71 27 ces
1390 516 115 40 deux
1542 517 224 52 journées,
1805 530 86 39 que
1912 515 44 41 M
1962 522 49 17 me
2032 516 120 42 Rose

137 581 149 40 Caron
313 596 21 25 a
358 582 64 40 dit
447 597 53 25 au
525 585 192 50 premier
755 593 176 31 concert
951 584 39 40 la
1012 584 257 40 Procession
1304 586 53 38 de
1374 584 142 40 César
1540 585 150 40 Frank
1710 594 42 32 et
1775 584 141 41 Chant
1953 586 201 40 d'Alsace

137 649 278 53 d'Alphonse
442 650 242 54 Duvernoy
710 666 8 34 ;
744 652 83 40 elle
857 667 20 25 a
899 654 242 51 interprété
1162 667 70 26 ces
1252 654 112 40 deux
1386 668 183 26 œuvres
1595 668 105 26 avec
1723 669 59 25 un
1808 663 66 31 art
1898 656 36 38 si
1955 654 134 41 noble
2112 664 41 30 et

137 719 35 39 si
193 719 177 53 simple,
390 733 87 26 une
508 720 101 40 telle
631 722 209 39 intensité
865 720 194 42 d'accent
1084 730 41 32 et
1148 736 85 26 une
1252 722 103 41 telle
1374 724 219 49 émotion,
1618 723 162 52 qu'elle
1805 737 22 26 a
1842 723 58 40 dû
1926 723 62 40 les
2011 723 144 40 redire

137 800 55 26 au
213 788 163 39 second
400 797 175 31 concert
597 802 74 26 sur
694 789 38 39 la
758 789 223 41 demande
1001 790 58 40 du
1084 789 164 53 public.

1876 858 47 42 s.

191 995 63 40 LE
278 1010 103 27 TRIO
410 1012 357 27 INSTRUMENTAL.

806 1023 51 5 —
895 1000 62 41 De
997 1010 145 31 toutes
1187 1002 63 39 les
1290 1001 164 41 formes
1495 1003 54 39 de
1576 1005 302 50 composition
1917 1004 57 40 du
2014 1017 139 37 genre

135 1079 189 39 musique
347 1067 50 38 de
420 1066 195 41 chambre
624 1099 7 15 ,
664 1069 39 39 le
735 1070 81 38 trio
848 1083 105 26 avec
994 1072 134 49 piano
1163 1079 64 31 est
1258 1070 37 40 la
1337 1071 101 52 plus
1469 1072 118 39 aisée
1613 1076 21 35 à
1673 1072 183 40 réaliser
1892 1082 40 30 et
1975 1072 40 40 la
2049 1072 100 53 plus

134 1130 129 43 facile
286 1137 21 36 à
333 1138 216 37 exécuter.
576 1135 188 42 Chacun
784 1137 78 40 des
888 1138 214 40 éléments
1126 1139 58 40 du
1211 1147 192 44 quatuor
1425 1144 21 35 à
1472 1140 156 40 cordes
1650 1140 91 40 doit
1759 1144 90 36 être
1872 1156 59 24 un
1954 1142 199 39 virtuose

134 1203 233 51 accompli,
391 1212 57 38 et,
473 1204 53 39 de
550 1205 117 51 plus,
693 1220 58 25 un
777 1206 156 40 travail
968 1208 221 51 opiniâtre
1211 1221 54 27 en
1284 1221 212 27 commun
1520 1217 104 43 peut
1650 1208 94 41 seul
1770 1210 174 39 donner
1965 1210 161 40 l'homo-

132 1272 177 47 généité
331 1279 40 32 et
394 1272 40 39 la
456 1273 211 40 cohésion
692 1274 363 52 indispensables
1077 1290 53 26 au
1156 1285 206 43 quatuor.
1388 1276 121 40 Dans
1534 1277 38 39 le
1590 1278 98 47 trio,
1716 1292 54 26 au
1805 1279 235 47 contraire,
2067 1292 86 26 une

132 1340 135 50 petite
290 1341 151 50 pointe
465 1341 53 40 de
541 1340 208 42 fantaisie
770 1344 289 40 individuelle
1093 1359 54 25 ne
1170 1346 191 39 messied
1398 1359 80 39 pas
1498 1360 8 34 ;
1543 1346 39 40 le
1606 1347 136 51 piano
1773 1356 66 31 est
1862 1345 229 42 d'ailleurs
2113 1348 37 39 là

132 1420 112 39 pour
268 1410 216 50 réprimer
507 1410 53 40 de
589 1424 45 26 sa
667 1425 157 36 grosse
844 1414 100 39 voix
976 1413 62 40 les
1077 1418 142 36 écarts
1258 1424 98 43 trop
1382 1417 174 50 risqués
1575 1429 85 37 que
1689 1417 261 50 pourraient
1984 1429 45 27 se
2050 1430 76 38 per-

132 1485 157 31 mettre
310 1477 39 40 le
370 1478 151 40 violon
547 1488 40 31 et
608 1479 38 40 le
669 1481 278 40 violoncelle.

188 1544 288 42 Choisissant
509 1550 143 49 parmi
686 1549 63 39 les
789 1549 101 52 plus
929 1549 144 41 beaux
1114 1553 108 38 trios
1265 1553 75 50 qui
1380 1553 119 40 aient
1540 1556 67 37 été
1650 1554 146 46 écrits,
1841 1551 113 41 MM.
1997 1553 152 40 Alfred

133 1612 171 48 Cortot,
333 1613 190 54 Jacques
547 1615 212 42 Thibaud
783 1627 40 31 et
848 1617 141 42 Pablo
1020 1619 160 40 Casais
1204 1629 76 31 ont
1303 1625 214 35 consacré
1538 1622 107 39 trois
1681 1626 182 35 séances
1888 1626 21 35 à
1935 1620 216 42 l'histoire

129 1681 59 40 du
212 1683 98 39 trio.
334 1681 63 42 Le
425 1699 11 24 i
446 1688 34 17 er
502 1693 175 32 concert
710 1688 266 50 comportait
1000 1703 59 25 un
1079 1687 155 41 brelan
1257 1689 54 39 de
1337 1690 107 39 trios
1469 1689 249 53 classiques
1736 1689 196 53 (Haydn,
1957 1690 190 47 Mozart,

129 1759 40 31 et
193 1750 11 39 1
225 1751 251 41 admirable
500 1766 69 39 op.
598 1768 49 37 97
670 1754 54 40 de
747 1754 278 54 Beethoven)
1051 1772 7 32 ;
1085 1757 39 39 la
1149 1772 18 24 2
1173 1762 15 17 e
1220 1761 160 36 séance
1404 1757 64 41 fut
1489 1759 350 39 exclusivement
1864 1761 285 50 romantique

129 1817 282 52 (Schumann
436 1829 40 31 et
497 1820 360 56 Mendelssohn).
883 1823 62 41 La
978 1826 181 50 période
1191 1826 213 40 moderne
1427 1826 65 41 fut
1517 1832 282 47 représentée
1834 1831 21 36 à
1881 1827 40 40 la
1946 1828 204 40 dernière

130 1892 157 35 séance
304 1902 79 38 par
408 1904 57 25 un
484 1891 82 39 trio
591 1891 54 40 de
668 1887 206 55 Brahms,
901 1908 55 24 un
979 1894 53 39 de
1056 1893 138 41 César
1217 1895 172 40 Franck
1411 1894 65 53 (sa
1500 1897 221 50 première
1744 1897 172 48 œuvre)
1951 1906 40 31 et
2013 1911 59 26 un
2097 1897 52 40 de

128 1954 62 41 M.
225 1954 128 42 Saint
382 1956 159 42 Saéns.

185 2023 63 41 Ce
272 2024 78 47 fut,
375 2027 37 51 je
436 2042 26 24 n
482 2029 39 37 ai
546 2041 79 41 pas
646 2027 158 42 besoin
829 2030 52 39 de
905 2031 11 38 1
938 2030 206 48 affirmer,
1184 2047 59 24 un
1275 2032 122 50 régal
1421 2038 86 35 très
1533 2031 61 40 fin
1615 2032 137 52 qu'un
1779 2033 55 39 tel
1859 2046 290 38 programme

128 2099 240 47 interprété
391 2109 81 38 par
494 2096 53 40 de
581 2097 81 40 tels
686 2099 193 48 artistes,
905 2109 40 30 et
970 2114 80 37 par
1072 2102 108 39 trois
1204 2099 85 41 fois
1317 2101 39 39 la
1382 2101 110 40 salle
1525 2101 77 40 des
1627 2101 310 50 Agriculteurs
1972 2103 177 39 retentit

128 2160 486 53 d'applaudissements
635 2171 87 35 très
745 2167 238 51 justement
1007 2170 196 38 mérités.

1306 2167 128 42 H.B.

184 2301 293 48 ESTHÉTIQUE
502 2319 56 25 DE
593 2305 141 40 BACH.

802 2330 14 3 -
860 2305 62 41 M.
969 2308 145 48 Pirro,
1141 2309 181 40 licencié
1355 2324 45 25 es
1438 2311 166 48 lettres,
1645 2311 157 39 ancien
1844 2311 145 39 soldat
2021 2311 53 40 de
2108 2311 38 40 la

130 2371 188 40 colonne
366 2373 383 51 expéditionnaire
790 2376 52 39 de
884 2375 314 52 Madagascar,
1249 2377 285 54 aujourd'hui
1585 2382 159 37 maître
1786 2379 54 40 de
1880 2379 202 52 chapelle
2126 2384 21 35 à

130 2439 143 47 Paris,
301 2454 20 25 a
350 2445 67 35 été
443 2455 99 36 reçu
565 2443 184 40 docteur
772 2459 80 37 par
875 2445 38 40 la
957 2446 181 40 Faculté
1164 2447 77 40 des
1266 2447 168 49 lettres,
1471 2448 39 39 le
1549 2462 44 35 14
1619 2448 109 52 juin,
1751 2460 104 27 avec
1880 2448 40 39 la
1946 2450 201 38 mention

128 2510 81 37 très
232 2507 248 41 honorable.
509 2509 31 40 Il
565 2514 243 48 présentait
831 2527 172 27 comme
1029 2516 123 38 thèse
1177 2516 245 52 principale
1447 2530 85 26 une
1569 2516 132 40 étude
1724 2522 88 34 très
1836 2516 311 41 considérable

128 2589 76 26 sur
236 2576 11 39 1
266 2575 247 57 Esthétique
541 2580 50 38 de
610 2579 34 50 J
664 2579 67 41 -S.
760 2581 113 39 Bach
882 2615 8 17 ,
921 2592 40 30 et
984 2596 174 27 comme
1181 2584 125 40 thèse
1336 2585 399 51 complémentaire
1778 2598 85 27 une
1905 2586 131 40 étude
2073 2599 75 27 sur

128 2645 39 39 le
206 2646 107 51 petit
337 2647 129 39 traité
488 2647 54 39 de
571 2650 208 51 musique
802 2650 152 52 publié
977 2666 80 38 par
1079 2651 237 42 Descartes
1339 2667 54 25 en
1423 2656 120 37 1618.
1567 2652 126 41 Nous
1718 2653 351 53 applaudissons
2094 2655 53 39 de

128 2714 143 50 grand
306 2728 123 26 cœur
450 2730 56 26 au
531 2723 152 34 succès
706 2719 53 39 de
779 2718 61 40 M.
864 2719 145 53 Pirro,
1033 2723 75 50 qui
1150 2726 20 35 à
1197 2735 46 26 sa
1278 2722 143 40 solide
1455 2726 290 48 compétence
1782 2723 215 40 musicale
2036 2723 111 52 joint

128 2796 87 26 une
240 2796 95 26 rare
355 2785 224 41 érudition
600 2795 40 31 et
664 2801 59 26 un
748 2788 135 41 talent
911 2795 87 34 très
1023 2789 181 42 brillant
1228 2789 256 42 d'écrivain.
1520 2789 93 42 Son
1640 2791 202 47 attitude,
1885 2792 196 51 pendant
2105 2792 38 39 la

128 2860 288 42 soutenance,
443 2867 21 25 a
490 2858 68 36 été
581 2855 205 52 parfaite.
812 2857 127 41 Nous
960 2859 233 52 parlerons
1213 2861 70 44 ici,
1310 2873 54 27 en
1388 2860 151 49 détail,
1566 2860 54 40 de
1644 2873 81 27 son
1749 2860 109 40 livre
1882 2874 76 26 sur
1990 2860 122 40 Bach
2135 2873 8 34 ;

129 2921 114 39 mais
266 2921 77 39 dès
365 2923 280 41 maintenant
669 2925 37 52 je
730 2926 99 40 dois
847 2927 93 40 dire
958 2942 86 37 que
1067 2927 152 53 j'aurai
1249 2933 21 35 à
1296 2928 108 41 faire
1428 2929 52 39 de
1517 2934 87 35 très
1627 2930 295 50 importantes
1948 2933 198 36 réserves

129 3001 76 26 sur
224 2988 39 39 la
299 2991 129 49 laçon
448 2991 109 41 dont
581 2993 39 39 le
640 2994 115 52 sujet
779 3009 21 25 a
826 3000 67 36 été
916 2999 209 50 compris,
1151 2996 185 42 d'abord
1361 3012 80 38 par
1464 2998 38 40 le
1525 2998 226 49 candidat,
1778 3000 173 38 ensuite
1984 3012 80 38 par
2105 2998 39 40 la

128 3057 182 40 Faculté
347 3060 91 50 qui,
475 3063 347 41 contrairement
866 3069 21 35 à
930 3066 186 50 l'usage,
1155 3067 68 39 n'a
1245 3081 80 37 pas
1350 3066 168 40 abordé
1546 3065 216 41 l'examen
1787 3067 77 39 des
1889 3067 255 52 problèmes

128 3125 204 50 négligés
355 3141 81 37 par
457 3127 40 41 le
521 3142 206 30 nouveau
748 3132 198 52 docteur,
973 3144 41 31 et
1043 3136 76 51 qui
1152 3137 165 38 étaient
1339 3133 133 42 d'une
1496 3137 278 50 importance
1805 3136 188 51 capitale
2032 3137 113 40 dans

127 3193 39 41 le
187 3194 112 52 sujet
323 3194 106 52 qu'il
456 3209 21 27 a
502 3199 144 38 traité.

747 3201 115 53 J.C.

181 3331 454 63 CORRESPONDANCE.
665 3331 31 63 —
726 3331 212 63 Musique
962 3340 256 54 égyptienne
1225 3373 8 8 .

1259 3365 53 3 —-
1341 3340 62 42 M.
1430 3339 230 55 Maspéro,
1701 3339 229 43 réminent
1957 3345 160 49 égypto-

130 3401 41 41 lo
177 3414 104 38 gue,
308 3402 202 40 membre
541 3403 54 41 de
619 3405 10 40 1
651 3404 181 43 Institut
855 3417 41 31 et
929 3410 261 50 professeur
1212 3424 54 26 au
1294 3409 188 52 Collège
1506 3411 54 39 de
1590 3410 185 48 France,
1832 3424 114 27 nous
1974 3411 169 48 envoie,

123 3471 58 40 du
206 3469 148 49 Caire,
382 3470 38 40 la
444 3471 347 56 photographie,
818 3490 86 39 que
923 3492 115 26 nous
1060 3479 325 51 reproduisons
1409 3481 71 49 ici,
1497 3479 135 40 d'une
1649 3479 92 53 lyre
1764 3481 74 51 qui
1853 3493 21 26 a
1891 3483 67 36 été
1982 3483 135 36 récem-

123 3547 120 32 ment
266 3539 265 43 découverte
554 3552 41 32 et
617 3545 75 51 qui
714 3554 200 32 remonte
939 3549 21 37 à
980 3546 41 41 la
1058 3546 98 41 XII
1157 3553 13 17 e
1205 3548 198 51 dynastie
1442 3547 296 52 (l'indication
1775 3549 106 39 était
1920 3549 132 39 écrite
2089 3561 54 26 au
