3497 4374
1724 146 106 50 346

240 288 148 67 Daily
555 288 75 51 Neivs
631 306 79 30 vom
711 288 58 50 29.
797 289 125 55 Juni,
962 289 254 54 „erinnerte
1248 302 81 32 uns
1360 287 169 47 lebhaft
1562 303 54 32 an
1648 289 79 46 das

207 368 205 47 reizende
435 367 400 62 Schwesternpaar
861 364 242 47 Milanollo.
1135 364 74 46 Sie
1233 363 53 47 ist
1308 381 99 29 zum
1433 372 148 38 ersten
1609 365 118 46 Male

205 447 43 45 in
280 444 188 47 London
501 443 215 47 während
756 443 79 47 der
878 442 187 63 jetzigen
1104 442 172 47 Season
1318 440 284 64 aufgetreten
1635 442 92 47 und

205 522 90 63 gab
337 528 178 55 gestern
560 520 57 46 im
664 520 146 46 Palais
852 518 80 47 der
981 518 149 47 hohen
1172 517 87 47 und
1308 517 278 63 freigebigen
1643 518 54 47 Be-

204 598 251 47 schützerin
486 597 80 47 der
599 597 188 50 Künste,
817 595 80 47 der
925 597 117 45 Frau
1070 595 229 64 Marquise
1329 611 82 31 von
1437 595 291 54 Downshire,

208 675 70 46 ein
308 673 428 63 Morgen-Concert.
793 673 73 46 Sie
895 673 155 61 spielte
1080 670 210 47 mehrere
1320 672 167 45 Stücke
1517 688 83 31 von
1632 688 70 31 ver-

204 750 287 49 schiedenem
523 752 96 52 Stil,
659 757 147 39 zuerst
835 749 295 47 Beethoven's
1159 749 168 46 Sonate
1358 749 75 46 für
1465 749 140 47 Piano
1637 749 90 47 und

208 829 192 56 Violine,
429 828 87 63 Op.
543 826 70 50 30
643 828 79 45 Nr.
745 825 50 55 2,
826 826 79 46 mit
936 826 148 46 Herrn
1120 826 278 47 Wilhelm
1431 826 173 54 Ganz,
1634 843 62 30 wo-

208 905 71 47 bei
311 905 80 46 wir
419 904 70 47 die
520 904 343 63 anspruchslose
895 903 132 47 Ruhe
1059 901 87 47 und
1179 901 84 47 den
1303 901 266 49 classischen
1601 904 128 52 Tact,

207 981 155 49 womit
403 981 61 47 sie
508 981 95 46 ihre
635 980 148 47 Partie
824 979 79 47 der
939 979 361 48 Ciavierstimme
1341 980 77 46 mit
1463 980 266 47 Ausnahme

205 1059 80 47 der
309 1059 185 57 Stellen,
527 1059 39 47 in
591 1058 145 48 denen
762 1058 68 47 die
856 1056 174 47 Violine
1054 1058 303 54 vorherrscht,
1388 1058 343 55 unterordnete,

207 1138 62 47 als
299 1136 69 47 ein
392 1136 193 47 Zeichen
617 1135 100 47 echt
748 1134 332 48 musicalischer
1104 1134 197 63 Bildung
1332 1135 79 46 mit
1440 1152 180 47 grosser
1645 1136 56 46 Be-

205 1213 257 63 friedigung
494 1213 279 47 bemerkten.
829 1211 184 47 Darauf
1050 1213 286 47 entwickelte
1379 1213 61 47 sie
1484 1213 41 48 in
1558 1214 173 47 Ernst's

205 1290 452 48 Othello-Phantasie
688 1289 71 48 die
791 1289 202 48 höheren
1022 1289 350 62 Eigenschaften
1405 1290 91 47 und
1522 1290 210 65 Vorzüge

204 1367 121 49 ihres
354 1367 160 64 Spiels,
560 1367 193 47 welches
796 1367 148 47 reiche
975 1367 216 47 Tonfülle
1231 1367 89 47 und
1353 1367 134 47 Kraft
1529 1367 78 47 mit
1635 1370 60 47 An-

208 1445 128 47 muth
370 1444 91 48 und
492 1444 296 48 Lieblichkeit
828 1445 87 47 und
961 1445 239 47 tadelloser
1231 1445 210 47 Reinheit
1482 1445 249 48 verbindet.

208 1521 75 48 Sie
312 1530 107 55 trug
449 1521 70 48 die
546 1524 228 45 Romanze
806 1522 77 46 mit
913 1521 331 65 ergreifendem
1267 1521 236 50 Eindruck
1532 1539 79 32 vor
1642 1522 89 49 und

209 1599 156 48 führte
407 1597 71 49 die
519 1600 296 63 schwierigen
857 1599 499 64 Virtuosen-Passagen
1402 1600 78 48 mit
1524 1600 182 49 Correct-

207 1676 108 55 heit,
344 1676 211 48 Klarheit
584 1676 90 48 und
704 1676 271 65 glänzender
1005 1677 206 47 Bravour
1242 1694 94 32 aus.
1367 1677 85 49 Ein
1483 1679 143 47 Duett
1656 1679 77 47 für

208 1752 174 47 Violine
429 1752 89 49 und
566 1754 245 48 Violoncell
858 1770 83 31 von
984 1754 142 47 Sivori
1174 1755 90 47 und
1308 1755 264 63 Seligmann
1618 1756 114 47 über

204 1830 215 48 Rossini's
716 1827 136 51 Mira
1040 1830 47 49 la
1184 1828 164 51 bianca
1564 1830 128 61 luna,
1041 1831 79 48 das
1162 1832 63 47 sie
1270 1834 78 45 mit
1391 1834 152 47 Herrn
1574 1834 158 64 Paque

203 1907 174 64 spielte,
408 1907 178 48 machte
617 1908 128 47 einen
787 1908 254 49 herrlichen
1073 1908 246 50 Eindruck.
1375 1911 102 47 Alle
1508 1911 225 65 Vorträge

205 1983 80 49 der
321 1985 171 64 jungen
525 1987 278 55 Künstlerin,
852 1987 172 48 welche
1061 1987 202 65 zugleich
1306 1989 101 46 eine
1435 1990 104 47 sehr
1569 2006 130 32 anmu-

200 2062 126 65 thige
350 2062 316 65 Erscheinung
697 2065 68 54 ist,
796 2063 189 49 wurden
1017 2065 80 47 mit
1118 2081 220 33 warmem
1365 2066 90 48 und
1487 2066 246 50 lebhaftem

203 2140 188 48 Beifalle
415 2141 367 63 aufgenommen.
811 2143 67 46 Zu
903 2143 312 64 angenehmer
1237 2143 372 68 Abwechselung
1637 2154 73 40 tru-

201 2232 87 49 gen
320 2217 99 47 eine
448 2217 216 48 deutsche
693 2218 241 65 Sängerin,
976 2221 210 47 Fräulein
1217 2221 200 48 Elvira
1458 2223 274 58 Behrens,

201 2292 141 48 durch
395 2293 85 49 den
528 2296 198 63 Vortrag
774 2295 242 49 deutscher
1068 2297 179 56 Lieder,
1297 2298 121 47 Herr
1461 2300 83 49 W.
1586 2301 146 48 Ganz

201 2370 143 48 durch
375 2371 100 48 eine
508 2372 530 50 Pianoforte-Phantasie
1068 2375 114 47 über
1212 2375 167 48 Motive
1409 2392 80 32 aus
1517 2377 212 48 Nicolai's

214 2447 245 63 „Lustigen
495 2450 251 48 Weibern''
789 2451 89 47 und
920 2452 122 46 Herr
1085 2451 237 49 Chatter
1334 2461 93 41 ton
1471 2455 144 48 durch
1661 2456 70 47 ein

205 2526 231 47 brillantes
466 2527 237 48 Solostück
739 2528 75 49 für
843 2528 71 49 die
943 2530 145 48 Harfe

318 2662 85 45 Am
438 2658 85 51 30.
551 2660 106 49 Juni
699 2662 158 64 spielte
901 2663 209 48 Fräulein
1151 2663 115 48 Bidö
1314 2665 116 49 noch
1475 2667 164 48 einmal
1687 2667 42 47 in

199 2735 215 50 Hanover
435 2738 177 66 Square
633 2739 173 48 Rooms
838 2740 202 64 zugleich
1073 2742 78 47 mit
1182 2743 193 57 Halle,
1421 2743 90 49 und
1545 2761 71 31 am
1648 2743 81 51 13.

201 2813 91 48 Juli
337 2814 124 48 hatte
502 2815 61 49 sie
605 2815 71 50 die
716 2818 169 47 seltene
923 2818 140 56 Ehre,
1107 2819 41 47 in
1190 2819 86 48 den
1308 2822 151 48 Palast
1489 2822 82 48 der
1600 2823 103 47 Prin-

200 2891 139 47 zessin
364 2908 83 32 von
476 2894 160 47 Wales
659 2894 266 65 eingeladen
950 2913 50 31 zu
1028 2897 202 55 werden,
1259 2914 72 33 wo
1361 2899 71 48 die
1463 2900 119 49 hohe
1607 2902 122 47 Frau

198 2968 138 48 selbst
365 2968 70 49 die
467 2970 262 48 Künstlerin
760 2988 71 32 am
864 2973 143 48 Piano
1040 2971 238 67 begleitete
1317 2975 92 50 und
1438 2978 64 47 sie
1534 2978 80 48 mit
1643 2977 86 48 den

199 3044 335 52 huldreichsten
565 3049 330 65 Lobsprüchen
928 3050 256 65 beglückte.

316 3177 176 48 Amelie
522 3177 114 48 Bidö
679 3178 77 49 hat
798 3178 91 50 sich
933 3181 43 48 in
1005 3182 193 49 London
1239 3185 80 47 mit
1350 3186 151 47 Herrn
1532 3187 80 49 Dr.
1638 3187 91 65 jur.

198 3252 134 50 Otto
374 3255 103 48 Sch
494 3271 40 32 m
553 3256 10 47 i
579 3264 16 39 t
636 3272 81 32 aus
762 3257 205 57 Breslau,
1017 3259 84 48 den
1145 3261 62 48 sie
1262 3262 43 47 in
1356 3264 142 48 Turin
1550 3264 178 49 kennen

200 3331 162 57 lernte,
408 3333 322 58 verheirathet,
781 3335 111 48 wird
938 3336 112 50 aber
1090 3347 135 40 unter
1273 3340 144 49 ihrem
1470 3341 259 67 bisherigen

199 3408 385 51 Künstlernamen
640 3412 97 48 ihre
793 3412 327 52 künstlerische
1174 3417 252 51 Laufbahn
1477 3420 254 51 fortsetzen.

198 3486 86 47 Die
308 3487 386 50 Neuvermählten
725 3490 148 64 gehen
904 3492 114 48 nach
1051 3493 146 49 einem
1230 3495 168 49 kurzen
1428 3497 297 51 Aufenthalte

196 3562 44 48 in
271 3563 198 50 Holland
501 3566 266 49 demnächst
796 3568 113 49 nach
939 3571 132 48 Nizza
1104 3571 89 48 und
1225 3573 114 49 nach
1372 3576 244 57 Marseille,
1653 3594 76 32 um

196 3640 91 48 sich
332 3641 102 48 dort
480 3643 115 49 nach
624 3646 112 48 Java
779 3645 91 49 und
901 3647 261 50 Australien
1206 3651 335 51 einzuschiffen.
1597 3655 131 48 Nach

199 3716 122 49 ihrer
365 3720 248 49 Rückkehr
657 3722 185 50 werden
892 3725 61 48 sie
997 3726 374 52 wahrscheinlich
1416 3731 129 48 ihren
1590 3731 139 49 festen

199 3794 269 51 Aufenthalt
496 3798 42 49 in
570 3800 192 49 London
792 3800 211 51 nehmen.

1826 361 374 54 Musikbericht
2237 378 90 36 aus
2365 361 204 71 Leipzig
2606 362 87 52 für
2722 361 96 54 den
2847 359 167 56 Monat
3043 361 317 71 September.

2322 485 84 33 Von
2451 484 64 35 Dr.
2555 484 147 35 Oscar
2743 484 124 34 Paul.

1827 592 321 46 (Männergesang
2256 593 66 35 Dr.
2353 593 49 34 11.
2432 593 190 45 Langer
2729 595 73 33 Die
2830 593 134 35 Bilse
2969 593 7 14 1
2988 595 89 34 sehe
3107 595 156 46 Capelle
3294 606 67 24 aus

2084 652 175 46 Liegnitz
2367 652 87 34 Die
2485 652 122 47 Oper
2642 653 77 34 und
2748 653 114 35 deren
2891 654 211 47 Personal.)

1945 748 85 47 Die
2054 748 342 47 Musentöchter
2419 748 95 47 sind
2547 764 80 31 aus
2659 748 85 47 den
2775 746 273 49 stärkenden
3075 748 178 48 Bädern
3284 764 48 31 zu-

1827 825 325 62 rückgekehrt,
2185 842 75 29 um
2291 824 91 47 sich
2414 824 42 47 in
2490 824 384 47 bevorstehender
2903 825 159 47 Saison
3093 825 84 46 voll
3201 825 160 47 Grazie

1828 900 89 48 und
1949 900 351 64 Jugendfrische
2348 901 40 47 in
2432 901 83 47 den
2562 901 435 64 wiedergeöffneten
3040 901 320 49 Concertsälen

1827 979 155 63 zeigen
2011 995 51 31 zu
2095 979 194 47 können.
2352 978 268 48 Wünschen
2651 979 83 47 wir
2764 995 78 30 vor
2871 979 116 47 allen
3017 979 199 63 Dingen,
3260 978 103 48 dass

1827 1056 62 47 sie
1932 1056 72 47 die
2049 1055 193 48 beinahe
2286 1056 205 47 verloren
2536 1072 301 48 gegangenen
2895 1056 222 47 Stimmen
3169 1056 165 47 wieder-

1830 1135 177 62 erlangt
2038 1133 89 48 und
2152 1133 229 48 dieselben
2406 1133 192 63 gehörig
2623 1134 80 47 mit
2728 1133 278 49 Bach'schen
3032 1133 90 47 und
3147 1133 214 48 Händel'-

1828 1211 138 47 schen
1991 1210 396 65 Bildungsmitteln
2418 1211 226 64 präparirt
2673 1210 165 48 haben.
2870 1210 179 48 Anders
3073 1211 117 47 steht
3214 1227 44 31 es
3285 1211 79 49 mit

1830 1289 85 47 den
1941 1289 362 53 Musensöhnen;
2334 1287 230 49 dieselben
2597 1287 148 49 haben
2776 1289 91 47 sich
2900 1304 55 32 an
2982 1289 88 47 Ort
3095 1287 88 47 und
3208 1289 156 57 Stelle,

1831 1374 211 56 getrennt
2071 1383 82 30 von
2185 1366 128 47 ihren
2345 1374 154 39 zarten
2529 1365 309 55 Schwestern,
2868 1365 261 48 conservirt.
3178 1366 75 47 Sie
3285 1366 52 47 ha-

1832 1444 85 47 ben
1949 1444 90 47 sich
2071 1460 48 31 so
2151 1444 127 47 recht
2307 1444 62 47 als
2401 1442 109 49 freie
2538 1444 192 47 Männer
2759 1442 182 65 gefühlt
2965 1442 91 47 und
3081 1442 144 47 daher
3248 1444 117 47 auch

1831 1538 86 31 nur
1960 1522 458 63 Männergesang
2474 1520 252 65 getrieben.
2782 1521 76 47 Ihr
2913 1520 229 65 tüchtiger
3197 1521 171 56 Leiter,

1832 1600 122 47 Herr
1983 1600 82 47 Dr.
2100 1600 285 47 Hermann
2415 1600 252 63 Langer,
2706 1600 79 47 hat
2814 1600 136 47 ihnen
2980 1606 111 57 gute
3121 1599 217 63 Bildungs-

1832 1677 99 49 kost
1960 1676 219 65 gereicht,
2208 1693 50 31 so
2289 1676 102 48 dass
2425 1677 82 47 wir
2529 1694 84 30 von
2639 1677 204 49 wirklich
2867 1676 337 48 erstaunlichen
3230 1677 107 47 Fort-

1828 1755 218 47 schritten
2089 1754 235 48 berichten
2369 1754 196 48 können.
2623 1755 181 47 Früher
2847 1770 156 32 waren
3048 1754 82 47 wir
3173 1770 89 31 nur
3304 1754 60 47 im

1830 1831 188 57 Stande,
2048 1831 85 48 den
2164 1832 409 49 Pauliner-Verein
2606 1832 78 47 mit
2711 1832 154 47 seinen
2895 1831 227 48 virtuosen
3154 1832 182 47 Männer-

1831 1910 477 65 gesang-Leistungen
2334 1911 42 46 in
2394 1910 86 48 den
2500 1911 189 47 Bereich
2712 1926 188 33 unserer
2924 1910 361 48 Musikberichte
3313 1926 55 31 zu

1830 1989 179 55 ziehen;
2051 1987 124 48 Herr
2204 1989 83 46 Dr.
2315 1987 185 65 Langer
2529 1987 78 48 hat
2637 1987 113 48 aber
2780 1987 142 48 durch
2952 1989 93 46 sein
3079 1987 164 48 Talent
3274 1986 92 48 und

1831 2067 122 49 seine
1983 2065 385 66 liebenswürdige
2399 2067 199 64 Energie
2630 2067 78 47 mit
2739 2066 231 65 ungefähr
3001 2065 109 49 600
3142 2066 226 63 Sängern,

1833 2145 172 47 welche
2047 2143 71 49 die
2161 2145 213 63 leipziger
2409 2143 553 65 Sängergenossenschaft
3001 2143 170 55 bilden,
3214 2142 152 48 solche

1831 2222 236 48 Resultate
2096 2221 169 57 erzielt,
2296 2221 103 48 dass
2428 2222 84 47 wir
2541 2221 80 48 mit
2653 2220 210 49 Freuden
2894 2221 71 47 die
2994 2220 263 64 Erziehung
3290 2220 78 48 des

1833 2298 211 49 Volkes
2073 2316 80 31 zur
2181 2300 149 47 Kunst
2359 2298 231 50 öffentlich
2622 2298 264 49 bemerken.
2937 2298 315 65 Gesangfeste,
3283 2298 85 47 wie

1831 2377 42 47 in
1908 2376 206 48 Würzen
2160 2376 68 48 bei
2273 2376 201 66 Leipzig,
2518 2376 91 48 und
2653 2376 170 48 andere
2865 2377 473 64 Sänger-Zusammen-

1832 2455 156 47 künfte
2034 2453 268 65 bestätigten
2343 2470 82 32 uns
2471 2455 164 47 immer
2678 2453 171 49 wieder
2891 2455 80 47 das
3012 2453 170 49 schöne
3228 2452 141 48 Wort

1832 2532 140 48 Moriz
2004 2533 365 64 Hauptmanns:
2413 2533 113 55 „Die
2557 2532 149 48 Musik
2736 2533 56 47 ist
2821 2533 124 47 nicht
2975 2532 76 47 für
3081 2531 86 48 den
3194 2532 143 46 Künst-

1830 2611 64 47 ler
1925 2610 91 48 und
2046 2610 326 48 Kunstkenner
2413 2611 354 47 ausschliesslich
2809 2610 72 55 da,
2918 2610 198 48 sondern
3162 2610 76 47 für
3280 2607 86 50 den

2222 2688 71 47 Da
2320 2688 119 46 Herr
2463 2688 80 47 Dr.
2567 2688 185 64 Langer
2777 2687 166 48 bereits
2966 2704 49 31 so
3040 2686 105 48 weit
3175 2684 160 67 gekom-

1831 2781 101 32 men
1964 2766 70 53 ist,
2067 2766 78 47 mit
2173 2766 148 47 seiner
2344 2766 312 63 Sängerschar
2679 2764 71 49 die
2781 2766 184 47 Meister
2995 2763 78 50 des
3096 2763 243 48 sechszehn-

1828 2852 74 39 ten
1925 2843 357 55 Jahrhunderts,
2312 2844 85 46 wie
2427 2843 250 56 Orlandus,
2710 2844 268 56 Palestrina,
3006 2841 153 50 Jakob
3185 2841 180 49 Handel

1830 2938 42 31 u.
1902 2937 33 32 s.
1966 2937 74 40 w.,
2077 2921 92 47 und
2202 2937 162 32 unsere
2396 2921 250 48 modernen
2678 2921 343 64 Coinponisten,
3053 2921 83 47 wie
3169 2918 199 57 Weber,

1828 2997 342 58 Mendelssohn,
2200 2999 162 55 Hiller,
2394 2999 299 64 Hauptmann
2725 3016 42 32 u.
2797 3016 33 30 s.
2863 3016 73 38 w.,
2966 2998 121 48 ohne
3117 2997 251 48 merkliche

1828 3077 386 65 Schwankungen
2254 3077 91 48 und
2377 3078 80 47 mit
2482 3078 256 64 Erfassung
2769 3077 78 48 des
2877 3077 174 48 Geistes
3083 3076 121 48 eines
3229 3074 137 66 jeden

1828 3154 285 49 Tonstückes
2142 3171 79 32 vor
2251 3156 125 47 einer
2402 3154 361 50 Zuhörerschaft
2800 3171 81 33 aus
2910 3156 117 48 allen
3059 3153 202 50 Ständen
3289 3168 80 32 zur

1830 3232 199 65 Geltung
2075 3232 193 65 bringen
2311 3250 52 30 zu
2406 3233 200 56 können,
2649 3248 48 32 so
2739 3232 55 48 ist
2835 3248 46 32 es
2923 3232 72 48 die
3039 3231 165 48 Pflicht
3244 3229 124 49 eines

1828 3309 315 56 Fachblattes,
2178 3311 146 48 davon
2354 3311 132 47 Notiz
2515 3327 54 31 zu
2599 3311 216 54 nehmen,
2860 3309 198 49 welcher
3087 3308 166 50 Pflicht
3285 3307 83 48 wir

1830 3388 183 48 hiermit
2042 3388 395 64 nachgekommen
2467 3389 94 47 sein
2593 3389 179 47 wollen.
2825 3388 209 48 Weitere
3067 3386 301 49 Fortschritte

1830 3482 189 32 unserer
2061 3467 509 65 Sänger-Corporation
2616 3466 185 48 werden
2846 3482 82 32 uns
2971 3466 163 63 gewiss
3176 3481 54 30 zu
3274 3463 68 48 ein-

1828 3543 289 65 gehenderer
2147 3544 328 65 Besprechung
2507 3543 302 65 Gelegenheit
2837 3542 252 49 darbieten.

1945 3622 48 47 In
2019 3622 155 63 Bezug
2203 3622 81 47 auf
2303 3620 405 50 Orchestermusik
2738 3620 97 49 sind
2867 3619 276 50 namentlich
3169 3618 72 48 die
3263 3618 78 48 Lei-

1827 3706 197 57 stungen
2054 3699 78 50 des
2162 3700 318 49 Bilse'schen
2510 3699 273 50 Orchesters
2827 3716 81 31 aus
2940 3699 202 64 Liegnitz
3182 3698 42 47 in
3263 3697 103 47 dem

1828 3775 135 49 Saale
1991 3775 79 49 des
2098 3775 143 50 Hotel
2265 3775 56 50 de
2347 3775 204 69 Pobgne
2589 3775 219 50 während
2838 3777 81 48 der
2948 3777 148 52 Messe
3126 3775 218 49 hervorzu-

1830 3853 165 49 heben.
2051 3855 124 49 Herr
2207 3854 345 65 Capellmeister
2583 3855 174 59 Bilse,
2799 3855 283 65 königlicher
3107 3854 233 50 Musik-Di-

1827 3939 169 50 rector,
2039 3932 78 49 hat
2159 3932 218 49 ebenfalls
2421 3933 79 49 das
2546 3934 268 59 Bestreben,
2866 3933 71 49 die
2979 3942 109 56 gute
3131 3932 238 52 classische

1827 4009 151 48 Musik
2023 4010 66 47 ins
2133 4010 117 49 Volk
2294 4010 356 66 einzubürgern,
2703 4013 85 47 wie
2832 4012 123 48 seine
2997 4009 372 65 Vorführungen

1826 4103 86 33 von
1944 4088 292 49 Tonwerken
2279 4106 187 31 unserer
2509 4094 208 60 grössten
2758 4090 185 49 Meister
2984 4089 241 48 beweisen.
3284 4088 87 49 Die
