2176 3640
704 158 70 33 LA
809 158 242 43 MUSIQUE
1083 159 77 33 AU
1194 159 187 33 MOYEN
1415 158 106 33 AGE

2065 161 50 40 77

94 260 26 36 il
141 273 25 35 y
190 273 23 23 a
234 267 92 30 tout
350 263 259 47 simplement
630 265 102 36 trois
752 272 120 29 notes
894 267 50 34 de
969 269 92 45 trop
1068 294 8 8 .
1101 267 59 34 La
1185 267 182 34 clausule
1399 267 73 43 mi,
1506 264 56 47 rè,
1592 264 55 47 rè,
1672 277 77 35 par
1771 277 79 23 une
1873 265 243 35 distraction

96 341 118 23 assez
247 330 219 47 fréquente
498 333 97 35 chez
628 338 97 31 tous
760 345 101 25 ceux
884 334 66 46 qui
973 334 197 46 écrivent,
1202 347 42 23 se
1267 340 160 40 trouve,
1453 336 24 33 à
1498 338 99 42 tort,
1622 335 167 45 répétée
1820 334 108 34 deux
1948 333 94 36 fois.
2062 333 54 35 Ce

93 398 68 46 qui
179 410 65 24 me
268 400 196 37 confirme
488 400 105 37 dans
618 407 107 30 cette
746 402 180 47 opinion,
946 402 101 35 c'est
1069 404 95 45 qu'à
1185 403 41 35 la
1247 403 155 46 reprise
1425 403 48 36 de
1491 402 40 35 la
1552 404 132 34 même
1702 402 168 47 période
1887 401 204 49 (immédia-

93 471 158 32 tement
271 471 135 44 après,
431 468 188 37 dernière
642 470 110 47 ligne
779 470 49 35 de
851 471 41 34 la
912 482 40 35 p.
979 470 81 49 105)
1081 471 39 35 la
1141 473 131 34 même
1297 472 185 35 clausule
1505 472 106 35 n'est
1627 470 215 49 employée
1858 470 65 47 qfi
1930 482 79 24 une
2015 470 97 42 fois.

97 534 36 35 D
141 547 91 35 onc,
257 536 27 35 il
303 538 139 45 paraît
464 538 202 47 suffisant,
689 550 105 35 pour
824 550 78 35 que
927 544 93 30 tout
1040 545 138 29 rentre
1201 540 102 35 dans
1325 539 163 46 l'ordre,
1514 540 48 34 de
1584 540 150 47 rejeter
1761 541 40 34 la
1818 538 223 49 répétition
2065 538 50 35 de

96 614 67 25 ces
197 604 102 36 trois
336 611 118 31 notes
489 611 39 31 et
555 607 221 36 d'avancer
807 619 53 23 un
895 619 79 35 peu
1002 608 40 35 la
1076 608 170 46 reprise,
1280 620 49 24 en
1363 608 156 35 faisant
1540 608 208 36 coïncider
1771 620 74 24 son
1868 608 126 36 début
2013 619 101 25 avec

96 672 106 36 celui
222 674 53 34 du
294 685 107 25 vers.
496 675 40 35 Si
558 676 80 34 l'on
661 675 76 35 fait
759 681 109 30 cette
892 677 231 45 opération,
1148 677 26 35 il
1197 688 228 36 manquera
1447 676 105 36 deux
1579 681 135 41 notes,
1735 677 104 34 dans
1861 677 40 34 la
1921 677 191 42 mélodie,

94 752 106 35 pour
221 741 59 36 les
301 743 167 45 paroles
487 754 8 32 ;
532 743 103 35 mais
662 743 42 47 je
739 755 233 36 remarque,
1012 745 104 35 dans
1152 746 40 34 la
1215 745 222 47 répétition
1474 745 49 36 de
1545 746 39 35 la
1604 745 169 47 période
1795 744 214 47 musicale,
2033 756 79 24 une

91 809 131 46 petite
243 810 143 36 lacune
413 822 8 24 :
447 811 28 35 il
497 811 54 35 lui
573 823 177 35 manque
770 812 232 46 justement
1036 813 103 36 deux
1160 819 119 30 notes
1303 813 67 49 (un
1392 815 75 45 mi,
1492 813 171 36 dixième
1691 818 97 31 note
1811 812 50 36 de
1883 813 41 35 la
1942 813 167 46 phrase,

90 882 40 29 et
152 889 53 23 un
229 877 56 45 rè,
310 879 330 36 avant-dernière
663 886 97 29 note
783 880 52 36 du
862 881 180 46 premier
1063 882 195 44 membre)
1294 894 105 35 pour
1429 881 145 48 qu'elle
1595 881 243 47 reproduise
1853 886 257 30 exactement

86 945 41 35 la
158 946 173 36 formule
366 947 172 48 initiale,
567 950 32 34 Il
630 961 27 36 y
679 950 134 35 aurait
836 950 105 36 donc
965 952 24 33 à
1009 950 152 47 rejeter
1184 950 173 37 d'abord
1378 950 104 37 trois
1505 957 134 37 notes,
1663 952 92 46 puis
1780 954 24 33 à
1826 951 183 36 combler
2030 962 78 24 une

83 1013 114 36 vraie
221 1029 17 18 «
259 1015 150 36 lacune
433 1032 18 18 »
472 1030 8 30 ;
516 1023 40 30 et
590 1018 85 35 rien
713 1018 106 36 n'est
852 1020 93 45 plus
976 1019 155 47 simple,
1156 1020 36 35 le
1214 1025 110 30 texte
1346 1019 121 36 d'une
1488 1021 151 46 phrase
1664 1020 256 46 quelconque
1943 1024 166 31 servant

82 1082 48 36 de
155 1083 209 37 critérium
388 1096 106 35 pour
513 1086 105 36 celui
641 1086 49 36 de
712 1088 40 34 la
776 1088 161 47 reprise
944 1117 7 7 .
976 1096 21 39 5
1002 1093 14 17 0
1035 1088 56 35 Le
1114 1090 211 34 caractère
1342 1088 50 36 de
1416 1094 108 30 cette
1547 1088 153 36 édition
1724 1094 64 30 est
1811 1093 176 31 souvent
2009 1100 75 23 con-

77 1151 181 47 jectural
290 1151 221 50 (certaines
545 1154 158 47 parties
738 1156 53 35 du
825 1161 108 30 texte
965 1156 196 47 poétique
1195 1157 156 35 n'étant
1384 1168 75 36 pas
1495 1158 146 34 notées
1675 1157 101 35 dans
1809 1157 59 35 les
1897 1155 140 49 mss.);
2068 1157 37 34 le

83 1220 158 35 lecteur
261 1232 49 24 en
336 1222 116 34 est-il
475 1223 303 36 suffisamment
805 1224 131 36 averti
952 1223 17 37 ?
999 1223 40 37 6°
1070 1225 33 34 Il
1126 1230 62 30 est
1216 1224 222 49 dommage
1461 1237 77 34 que
1559 1226 57 34 les
1640 1227 195 45 quelques
1858 1223 247 37 fac-similés

87 1288 325 48 phototypiques
435 1291 101 35 dont
556 1291 36 35 le
621 1291 97 37 livre
749 1297 63 31 est
835 1294 97 34 orné
955 1305 49 23 ne
1029 1292 133 36 soient
1181 1305 77 35 pas
1280 1293 277 47 précisément
1579 1293 152 36 choisis
1754 1293 130 47 parmi
1914 1304 100 25 ceux
2039 1292 68 46 qui

87 1362 71 29 ont
181 1357 106 35 servi
307 1360 23 33 à
356 1364 108 30 cette
485 1359 269 47 publication.
774 1361 198 47 —Enfin,
997 1373 78 24 une
1094 1361 171 47 coquille
1285 1374 6 23 :
1318 1364 24 33 à
1364 1363 41 34 la
1423 1362 111 35 table
1559 1363 70 34 des
1652 1362 209 44 matières,
1882 1373 109 36 page
2018 1360 82 49 169,

88 1425 74 35 lire
184 1437 84 34 xin,
292 1438 51 24 au
365 1427 79 35 lieu
466 1427 50 36 de
538 1439 111 25 XVIII.

188 1494 49 48 Je
259 1494 116 36 n'irai
393 1507 77 35 pas
485 1496 166 46 jusqu'à
673 1502 207 41 regretter
901 1509 78 34 que
1000 1509 67 24 ces
1092 1498 205 35 chansons
1320 1498 153 36 n'aient
1492 1510 77 35 pas
1595 1500 64 34 été
1682 1498 202 36 traduites
1908 1510 47 24 en
1977 1503 98 30 nota-

87 1560 87 36 tion
211 1561 194 36 moderne
524 1564 113 35 selon
668 1565 158 46 l'usage
943 1571 41 29 et
1014 1567 131 34 même
1179 1566 296 36 harmonisées.
1509 1566 160 47 Soyons
1700 1566 338 36 reconnaissants
2075 1568 23 33 à

87 1629 55 35 M.
177 1629 138 35 Pierre
343 1629 146 48 Aubry
521 1631 52 35 du
601 1634 84 32 très
717 1633 108 34 beau
847 1632 147 35 travail
1027 1634 97 44 qu'il
1158 1645 102 24 nous
1293 1634 155 45 donne;
1476 1634 32 35 si
1538 1646 103 23 nous
1679 1636 188 34 relevons
1900 1634 196 47 quelques

82 1697 172 45 vétilles,
280 1697 101 35 c'est
410 1709 76 35 que
516 1711 102 22 nous
649 1711 127 24 avons
801 1700 41 34 la
863 1700 92 45 plus
978 1701 124 34 haute
1124 1700 89 36 idée
1233 1701 71 35 des
1329 1701 179 36 services
1533 1702 93 45 qu'il
1647 1707 101 41 peut
1768 1702 144 35 rendre
1936 1708 40 29 et
1999 1702 99 46 qu'il

82 1776 23 23 a
128 1764 95 47 déjà
243 1766 150 35 rendus
418 1768 23 33 à
463 1766 41 36 la
524 1766 160 36 science
705 1767 48 35 de
777 1768 40 34 la
839 1767 187 47 musique
1049 1768 219 44 française.

180 1833 110 35 Pour
325 1834 228 46 compléter
574 1846 68 25 ces
664 1834 248 37 indications
937 1847 51 24 au
1018 1836 118 47 point
1168 1837 48 34 de
1249 1848 77 24 vue
1358 1837 380 47 bibliographique,
1771 1838 27 34 il
1821 1838 192 34 convient
2044 1838 49 34 de

80 1901 101 36 citer
205 1904 23 32 à
251 1904 92 33 côté
365 1902 53 35 du
440 1903 224 45 précédent
685 1904 165 46 travail,
874 1904 40 35 la
935 1905 306 35 monumentale
1259 1905 216 36 collection
1493 1905 47 35 de
1558 1905 58 36 M.
1641 1906 36 35 le
1693 1906 235 46 professeur
1948 1905 119 36 Wool-

80 1969 143 48 dridge
249 1969 10 48 (
261 1971 129 46 Eariy
418 1970 182 49 English
631 1971 232 49 Harmony)
894 1978 224 30 contenant
1141 1973 185 36 soixante
1356 1973 244 37 fac-similés
1624 1973 48 36 de
1694 1974 187 46 musique
1905 1973 54 36 du
1980 1985 22 23 x
2008 1980 12 16 e
2044 1985 51 24 au

78 2050 50 22 xv
136 2044 12 15 e
182 2038 122 36 siècle
329 2038 123 48 (cette
473 2039 258 46 publication
761 2045 142 31 exacte
927 2041 71 35 des
1023 2046 132 31 textes
1185 2054 49 23 ne
1256 2042 77 36 fait
1355 2053 78 35 que
1454 2042 198 46 précéder
1674 2041 87 37 leur
1788 2042 234 36 traduction
2044 2053 49 24 en

78 2107 188 35 notation
288 2107 208 47 moderne)
522 2112 40 30 et
583 2108 36 35 le
642 2109 221 45 répertoire
892 2109 49 35 de
967 2109 163 36 Chants
1158 2113 42 32 et
1227 2110 260 48 madrigaux
1515 2111 49 34 de
1587 2112 301 46 compositeurs
1919 2111 174 47 anglais

76 2173 24 36 à
129 2175 41 35 la
186 2177 64 45 fin
270 2175 55 35 du
348 2187 57 24 xv
411 2182 12 15 e
445 2177 141 45 siècle,
619 2177 138 45 publié
779 2189 106 34 pour
905 2178 60 35 les
988 2178 203 35 membres
1214 2179 48 34 de
1294 2180 40 34 la
1359 2193 18 19 «
1413 2178 163 36 Société
1606 2179 47 35 de
1675 2179 269 46 plain-chant
1972 2185 41 29 et
2040 2178 49 35 de

76 2242 187 47 musique
298 2243 228 36 médiévale
562 2259 35 21 ».
632 2245 115 35 Dans
780 2257 45 23 ce
861 2246 159 35 dernier
1055 2258 198 36 ouvrage,
1291 2249 82 33 très
1403 2247 226 36 accessible
1656 2259 52 24 au
1736 2248 156 35 lecteur
1922 2259 163 35 moyen,

75 2316 140 31 toutes
235 2312 59 35 les
315 2312 222 36 difficultés
560 2313 49 36 de
632 2313 155 36 lecture
811 2319 94 31 sont
927 2315 202 46 aplanies,
1156 2321 39 30 et
1224 2316 60 35 les
1306 2316 199 35 mélodies
1529 2321 93 30 sont
1643 2316 298 36 harmonisées.
1964 2316 120 35 Parm

71 2380 58 35 les
158 2380 309 46 madrigalistes
491 2381 165 48 anglais
685 2382 100 35 dont
807 2382 59 35 les
890 2394 160 25 œuvres
1081 2389 95 30 sont
1197 2384 201 46 publiées,
1430 2396 43 23 se
1495 2389 193 30 trouvent
1711 2396 7 24 :
1744 2384 69 35 W.
1839 2384 174 35 Cornish
2030 2383 53 46 jr.

70 2447 118 50 (ainsi
208 2448 312 49 orthographié,
545 2450 93 35 bien
663 2462 77 34 que
764 2450 102 36 dans
889 2451 36 35 le
1065 2452 97 36 add.
1186 2453 79 34 Ms.
1290 2452 52 35 du
1367 2452 153 35 British
1543 2452 204 46 Muséum,
1770 2464 51 22 on
1843 2452 74 34 lise
1944 2464 6 22 :
1980 2452 78 35 Cor-

68 2515 161 49 nysshe)
245 2530 6 29 ;
278 2517 183 46 Browne,
484 2518 102 35 dont
606 2519 41 34 la
662 2518 246 48 biographie
930 2518 105 36 n'est
1056 2532 75 34 pas
1156 2532 178 31 connue;
1357 2520 71 36 W.
1446 2520 176 35 Newark
1639 2518 160 49 (maître
1822 2520 50 34 de
1896 2520 186 46 chapelle

71 2584 53 36 du
145 2584 62 36 roi
229 2585 287 47 d'Angleterre
534 2598 47 23 en
609 2586 127 49 1509);
761 2593 40 29 et
823 2587 52 35 R.
902 2587 178 43 Fairfax,
1105 2589 35 34 le
1168 2588 203 47 principal
1392 2589 287 45 représentant
1707 2587 50 36 de
1780 2593 107 30 cette
1914 2587 168 47 période

69 2651 66 49 (né
159 2658 113 30 entre
309 2662 91 38 1450
424 2659 40 30 et
491 2662 92 39 1475
614 2657 23 33 à
661 2654 197 48 Bayford,
885 2655 354 44 Hertford-Shire,
1266 2656 210 47 organiste
1503 2655 49 35 dé
1576 2655 313 45 Saint-Albans,
1912 2657 168 34 musicce

68 2721 146 35 doctor
235 2723 24 34 à
273 2721 250 49 Cambridge
546 2722 91 47 puis
661 2724 24 33 à
698 2722 168 46 Oxford,
887 2724 181 36 membre
1086 2725 48 35 de
1152 2725 39 35 la
1207 2724 185 46 chapelle
1413 2724 48 35 de
1482 2724 129 35 Henri
1627 2724 121 44 VIII,
1764 2729 108 31 mort
1886 2736 49 23 en
1955 2723 120 49 1529).

71 2788 55 36 Le
148 2791 164 35 volume
335 2802 43 24 se
400 2791 171 36 termine
593 2803 77 35 par
691 2805 78 23 une
787 2793 101 47 jolie
909 2805 108 36 page
1041 2793 53 36 du
1107 2793 61 35 roi
1192 2793 130 34 Henri
1343 2792 121 46 VIII,
1487 2793 101 34 dont
1611 2805 51 22 on
1686 2805 49 23 ne
1760 2793 81 35 sait
1861 2804 75 35 pas
1961 2805 97 23 exac-

68 2862 157 32 tement
248 2859 32 35 si
303 2859 76 36 elle
401 2859 61 35 fut
484 2860 171 35 d'abord
675 2873 77 24 une
776 2862 276 46 composition
1073 2860 317 37 instrumentale
1414 2873 51 23 ou
1486 2861 158 35 vocale.

168 2927 81 35 Nul
283 2939 50 23 ne
358 2928 233 36 s'étonnera
613 2940 78 35 que
727 2941 67 24 ces
815 2930 139 47 pièces
979 2930 134 36 soient
1139 2930 91 45 plus
1254 2930 297 35 intéressantes
1573 2940 104 35 pour
1699 2940 53 25 un
1774 2928 201 37 musicien
1995 2940 79 36 que

65 2994 60 34 les
147 2994 75 35 lais
244 2994 179 46 français
446 2996 53 36 du
527 3008 76 25 xin
607 3004 13 15 e
644 2998 138 45 siècle,
807 3010 124 35 parce
955 3010 76 35 que
1050 2999 91 35 l'art
1162 2998 54 35 du
1240 2997 261 47 contrepoint
1523 3010 25 34 y
1567 2998 97 46 joue
1686 2998 35 34 le
1749 2998 87 35 rôle
1858 2997 219 47 principal.

67 3061 78 35 Les
177 3074 99 23 unes
300 3069 71 30 ont
391 3076 54 23 un
468 3068 211 34 caractère
698 3067 185 46 pastoral
901 3078 7 33 ;
932 3067 61 35 les
1016 3072 138 30 autres
1178 3066 226 47 expriment
1429 3066 187 35 l'amour.
1638 3065 111 36 Celle
1772 3066 48 35 de
1842 3066 40 35 la
1898 3077 108 36 page
2030 3074 45 39 27

67 3141 23 22 a
112 3141 77 24 une
210 3130 131 37 forme
364 3137 185 42 savante,
574 3140 40 29 et
635 3135 67 35 n'a
722 3147 55 34 pu
797 3137 84 33 être
904 3135 159 36 réduite
1091 3147 102 35 pour
1220 3135 123 46 piano
1367 3135 171 46 qu'avec
1567 3135 58 33 les
1644 3134 91 47 plus
1760 3134 181 47 grandes
1964 3134 91 35 diffi-

65 3198 144 36 cultés.
244 3199 114 36 Dans
393 3201 40 35 la
466 3203 183 45 préface,
689 3203 186 36 l'éditeur
908 3211 160 28 montre
1105 3204 59 35 les
1200 3203 242 35 différences
1477 3202 67 46 qui
1578 3204 193 44 séparent
1802 3201 39 36 la
1877 3202 189 36 notation

63 3265 191 37 moderne
277 3268 48 34 de
351 3269 101 35 celle
474 3269 53 37 du
557 3282 149 36 moyen
729 3273 93 45 âge.
845 3271 274 49 Aujourd'hui
1148 3272 41 35 la
1209 3271 271 47 progression
1504 3271 72 35 des
1596 3271 163 35 valeurs
1790 3270 50 36 de
1863 3276 120 30 notes
2010 3275 64 30 est

63 3332 154 36 binaire
243 3347 7 23 :
273 3348 78 24 une
371 3338 130 36 ronde
519 3345 102 30 vaut
638 3340 109 36 deux
769 3341 212 46 blanches,
1003 3353 77 24 une
1108 3341 172 36 blanche
1303 3344 100 31 vaut
1433 3340 108 34 deux
1564 3339 151 45 noires,
1741 3351 77 24 une
1842 3339 113 35 noire
1974 3342 100 30 vaut

64 3399 108 36 deux
195 3404 186 46 croches,
406 3410 110 32 etc...
537 3407 228 45 Autrefois,
785 3421 76 24 une
879 3415 96 30 note
1000 3409 113 36 avait
1137 3410 108 35 trois
1266 3408 79 36 fois
1367 3407 41 36 la
1426 3408 144 35 valeur
1593 3408 48 35 de
1663 3408 40 35 la
1726 3413 95 30 note
1841 3405 229 45 inférieure,

66 3468 52 48 (le
140 3471 169 35 nombre
334 3475 106 33 trois
461 3475 113 34 étant
597 3476 211 37 considéré
836 3490 158 24 comme
1017 3490 53 23 un
1093 3478 186 46 symbole
1313 3476 49 36 de
1385 3475 266 48 perfection);
1675 3487 78 24 une
1776 3475 150 46 longue
1945 3473 129 35 valait
