2176 3640
719 94 92 33 LES
847 94 238 33 SONATES
1121 96 69 32 DE
1223 97 239 33 KUHNATJ

2044 109 51 41 73

78 196 131 46 essai;
233 197 25 36 il
281 198 178 47 publiait
480 201 58 35 les
562 201 248 37 Biblischen
835 203 225 35 Historien
1084 202 149 50 (1700),
1258 203 68 47 qui
1356 210 95 30 sont
1477 205 169 38 l'œuvre
1675 208 42 34 la
1738 209 92 45 plus
1853 210 244 47 magistrale

80 265 49 36 de
150 266 40 35 la
208 267 192 47 musique
420 271 23 34 à
464 281 267 35 programme
753 270 213 37 ancienne.
993 271 163 47 Malgré
1178 273 59 35 les
1253 273 130 36 belles
1401 274 143 36 études
1568 280 40 30 et
1629 275 183 36 l'édition
1835 280 263 34 commencée

77 345 78 36 par
177 335 59 36 M.
263 335 219 48 Shedlock,
508 349 68 25 ces
598 340 180 35 Sonates
801 341 206 46 bibliques
1037 346 96 29 sont
1153 341 84 35 loin
1260 341 49 36 de
1331 342 105 35 tenir
1459 354 148 25 encore
1637 344 103 35 dans
1765 344 200 37 l'histoire
1989 346 49 36 de
2059 348 40 34 la

78 403 192 48 musique
292 406 42 35 la
355 406 120 46 place
499 407 202 36 éminente
725 408 68 46 qui
814 408 89 35 leur
926 408 252 47 appartient.
1204 410 34 35 Il
1268 415 65 31 est
1355 410 94 37 bien
1472 412 120 36 facile
1614 412 49 36 de
1691 413 138 36 railler
1851 414 40 36 la
1913 415 185 46 musique

82 473 24 34 à
126 484 266 36 programme
416 488 49 23 en
488 476 186 47 général,
699 488 53 24 ou
774 476 49 35 de
846 477 205 48 s'égayer,
1075 490 23 23 a
1118 480 144 46 priori
1267 508 7 16 ,
1298 491 71 25 sur
1388 481 39 35 la
1445 481 234 46 prétention
1701 482 93 36 d'un
1819 483 282 48 compositeur

82 541 68 47 qui
174 548 102 31 veut
303 549 149 31 mettre
475 544 196 37 l'histoire
702 545 132 36 sainte
864 558 48 23 en
938 552 183 36 sonates,
1146 560 160 24 comme
1333 549 241 37 Mascarille
1599 552 164 35 mettait
1785 564 49 24 en
1855 553 244 40 madrigaux

79 609 201 38 l'histoire
298 613 200 36 romaine.
525 614 60 35 En
606 614 160 45 réalité,
792 614 181 37 Kuhnau
997 627 23 24 a
1043 616 102 36 écrit
1166 617 40 35 là
1228 617 72 36 des
1324 618 341 44 chefs-d'œuvre,
1691 631 80 25 non
1795 622 232 36 seulement
2048 623 50 35 de

78 679 190 48 musique
292 682 248 46 expressive,
565 682 105 36 mais
691 682 49 36 de
759 683 187 47 musique
968 696 115 36 pure.
1109 685 34 35 Il
1166 692 62 30 est
1247 688 24 34 à
1289 699 242 34 remarquer
1549 688 206 36 d'ailleurs
1778 701 99 24 avec
1901 692 92 44 quel
2012 697 88 30 tact

79 753 42 30 et
143 749 134 46 quelle
306 749 263 47 intelligence
601 750 27 36 il
651 762 24 24 a
708 763 47 24 su
784 752 152 36 choisir
958 758 40 31 et
1019 753 248 49 interpréter
1292 767 65 24 ses
1389 755 130 48 sujets
1550 756 217 47 bibliques.
1797 756 99 37 Bien
1927 758 96 47 qu'il
2051 771 49 24 ne

79 816 165 47 néglige
264 829 77 34 pas
361 819 41 35 la
421 819 254 46 description
698 820 73 36 des
793 821 99 36 faits
912 822 240 47 extérieurs,
1178 835 44 24 ce
1242 824 68 46 qui
1329 823 152 37 l'attire
1505 825 348 47 principalement
1875 832 39 31 et
1938 838 45 25 ce
2004 828 97 45 qu'il

82 885 100 35 rend
202 887 24 34 à
247 887 221 43 merveille,
494 899 45 24 ce
558 893 95 30 sont
675 889 59 35 les
757 901 184 25 nuances
959 891 72 36 des
1051 892 219 47 émotions,
1291 894 36 35 le
1350 893 143 36 drame
1515 894 209 37 intérieur.
1743 895 186 37 Prend-il
1942 908 159 24 comme

81 953 109 49 sujet
217 954 168 37 Gedèon
407 968 181 24 sauveur
609 956 197 48 d'lsraël,
832 970 45 25 ce
901 960 68 46 qui
990 959 37 36 le
1056 960 147 48 frappe
1226 967 162 31 surtout
1411 962 103 36 dans
1544 969 110 31 cette
1683 965 156 46 épopée
1872 965 224 47 guerrière,

86 1033 45 25 ce
155 1028 95 31 sont
273 1024 59 35 les
362 1024 146 37 doutes
539 1026 50 35 de
613 1026 187 48 Gédéon,
822 1028 253 36 l'hésitation
1103 1029 94 48 qu'il
1218 1035 84 31 met
1322 1032 23 34 à
1367 1037 194 41 accepter
1587 1044 47 24 sa
1653 1033 136 45 tâche,
1816 1039 40 30 et
1878 1036 23 33 à
1924 1034 131 36 croire
2077 1036 25 34 à

82 1103 45 24 sa
150 1092 184 37 mission.
358 1092 40 37 Si
422 1094 183 37 Kuhnau
626 1096 66 35 n'a
710 1108 76 35 pas
802 1097 294 47 parfaitement
1115 1098 132 36 réussi
1267 1101 22 33 à
1306 1099 242 47 l'exprimer,
1573 1101 59 36 les
1648 1113 174 36 moyens
1842 1103 102 35 dont
1962 1103 27 34 il
2012 1115 86 34 use,

84 1165 40 32 et
145 1161 97 47 qu'il
277 1163 186 46 explique
492 1164 103 36 dans
631 1176 46 24 sa
698 1165 182 47 préface,
905 1165 91 37 n'en
1021 1172 95 31 sont
1135 1179 76 35 pas
1241 1168 132 36 moins
1405 1169 86 36 fort
1516 1169 233 49 ingénieux.
1778 1171 62 36 De
1868 1174 145 43 même,
2042 1172 60 35 s'il

82 1236 170 31 raconte
277 1231 11 35 l
292 1230 196 38 'histoire
517 1233 49 35 de
580 1235 133 44 Jacob
734 1233 97 51 che\
851 1236 139 35 Laban
997 1264 8 15 ,
1032 1247 74 24 son
1131 1248 145 25 amour
1296 1249 106 36 pour
1425 1238 174 47 Rachel,
1625 1244 41 31 et
1692 1251 74 25 son
1790 1240 186 49 mariage
1999 1252 103 25 avec

88 1297 86 48 Lia,
197 1311 45 24 ce
264 1301 69 45 qui
351 1300 230 37 l'intéresse
603 1303 36 34 le
670 1303 94 47 plus
788 1304 101 35 dans
910 1316 45 24 ce
974 1316 161 35 roman,
1167 1306 101 36 c'est
1289 1307 40 36 la
1348 1307 194 47 duplicité
1562 1308 49 36 de
1631 1308 160 47 Laban,
1817 1309 97 47 qu'il
1936 1321 44 24 se
2001 1310 101 47 plaît

87 1369 24 33 à
132 1367 155 38 décrire
310 1374 41 30 et
377 1372 24 33 à
426 1371 195 47 analyser
648 1372 291 47 longuement;
971 1378 41 31 et
1040 1374 103 36 c'est
1174 1375 112 36 aussi
1312 1387 77 24 une
1420 1378 120 34 scène
1568 1377 201 47 curieuse,
1802 1381 52 33 où
1881 1390 42 24 se
1952 1379 150 35 mêlent

89 1437 73 35 des
186 1437 240 36 sentiments
446 1439 238 47 complexes
708 1445 41 31 et
769 1441 179 37 troubles
971 1454 7 23 :
1000 1442 133 49 Jacob
1157 1444 85 34 seul
1266 1456 100 24 avec
1391 1444 86 46 Lia,
1501 1445 104 36 dans
1631 1447 41 35 la
1691 1447 101 45 nuit,
1816 1447 108 47 plein
1949 1448 48 36 de
2017 1448 85 46 joie

91 1517 262 35 amoureuse,
378 1511 41 31 et
442 1518 48 24 en
512 1510 131 34 même
666 1514 134 42 temps
816 1516 268 40 pressentant
1108 1523 52 23 un
1182 1513 201 45 malheur,
1408 1513 97 46 qu'il
1533 1525 48 25 ne
1603 1526 43 24 se
1669 1515 142 35 définit
1830 1516 131 46 point.
1985 1517 49 48 Je
2053 1529 49 23 ne

89 1574 83 35 sais
196 1574 32 35 si
244 1575 81 34 l'on
343 1580 242 32 retrouvera
607 1577 102 35 dans
733 1583 108 31 cette
858 1579 186 36 dernière
1058 1591 111 36 page
1190 1580 59 36 les
1267 1581 227 36 intentions
1510 1583 50 35 de
1579 1583 194 45 l'auteur;
1794 1585 104 36 mais
1915 1585 41 47 je
1977 1586 125 35 doute

85 1642 124 45 qu'on
232 1641 91 37 n'en
348 1648 115 30 sente
485 1655 75 35 pas
578 1645 37 35 le
639 1647 165 34 charme
828 1647 155 45 exquis.
1080 1647 79 36 Les
1173 1654 140 31 autres
1335 1650 129 47 sujets
1485 1657 95 29 sont
1595 1652 120 35 d'une
1740 1654 187 45 ampleur
1942 1654 134 35 drama-

84 1709 112 46 tique
223 1710 68 46 qui
321 1722 43 24 se
393 1713 117 44 prête
535 1712 344 37 admirablement
904 1717 24 33 à
952 1715 266 47 l'expression
1245 1717 214 38 musicale.
1484 1718 110 36 C'est
1620 1732 52 23 un
1697 1721 163 35 malade
1894 1721 17 49 (.
1911 1722 188 46 Hiskias)

85 1778 68 46 qui
177 1790 42 23 se
251 1779 178 36 lamente
458 1780 50 36 de
538 1792 47 24 sa
605 1781 54 35 fin
681 1782 241 46 prochaine,
953 1783 81 46 prie
1065 1783 121 48 Dieu,
1213 1790 61 30 est
1296 1788 153 34 exaucé
1474 1799 77 34 par
1578 1787 70 46 lui,
1679 1793 40 31 et
1741 1800 43 24 se
1811 1789 152 47 réjouit
1992 1791 47 35 de
2062 1790 40 36 la

87 1846 196 48 guérison
301 1860 7 22 :
335 1859 139 25 œuvre
489 1849 92 35 d'un
594 1850 253 48 magnifique
865 1852 141 35 souffle
1028 1852 213 47 religieux,
1264 1854 119 36 d'une
1399 1856 243 35 mélancolie
1664 1857 228 47 poignante
1909 1864 41 30 et
1972 1859 109 35 solen-

85 1915 119 44 nelle,
225 1916 251 47 qu'illumine
499 1919 25 34 à
539 1919 40 34 la
597 1918 54 35 fin
669 1919 41 36 la
731 1920 346 37 reconnaissance
1100 1927 40 30 et
1159 1922 40 35 la
1216 1922 85 47 joie
1322 1923 49 36 de
1389 1923 175 48 revivre,
1583 1939 18 18 «
1627 1931 108 30 cette
1748 1926 100 47 joie,
1868 1938 160 25 comme
2044 1927 58 35 dit

85 1983 33 36 si
137 1983 93 38 bien
258 1985 181 36 Kuhnau
461 1986 102 36 dans
597 1999 45 24 sa
663 1988 184 46 préface,
872 2000 78 35 que
971 1995 184 41 peuvent
1176 1997 165 30 surtout
1363 1993 268 46 comprendre
1657 2006 100 24 ceux
1778 1995 68 47 qui
1870 2001 72 30 ont
1966 1996 136 46 appris

83 2064 76 35 par
179 2054 42 35 la
244 2054 233 37 souffrance
501 2057 24 34 à
548 2056 167 35 estimer
736 2057 36 35 le
793 2056 90 48 prix
906 2058 48 35 de
973 2059 41 35 la
1039 2061 119 33 santé
1182 2065 40 29 et
1240 2059 49 36 de
1311 2061 40 35 la
1372 2061 63 35 vie
1459 2075 34 23 ».
1587 2061 111 37 C'est
1710 2063 40 35 la
1766 2063 189 37 tristesse
1973 2065 129 36 douce

84 2127 41 30 et
148 2122 161 36 sereine
326 2123 25 35 d
356 2134 20 25 e
390 2125 130 44 Jacob
539 2129 202 32 mourant
746 2155 7 17 ,
779 2127 170 35 entouré
967 2127 49 35 de
1037 2127 40 35 la
1091 2129 216 35 tendresse
1328 2129 50 36 de
1397 2142 64 24 ses
1484 2131 78 47 fils,
1585 2136 41 30 et
1646 2132 38 35 le
1703 2143 211 36 pompeux
1933 2136 169 44 cortège

84 2190 68 46 qui
176 2190 168 37 conduit
375 2204 74 23 son
473 2204 136 36 corps,
635 2206 52 23 au
719 2194 138 36 milieu
883 2195 72 37 des
976 2197 241 45 pleureuses
1240 2199 287 47 égyptiennes,
1552 2202 24 33 à
1606 2201 41 34 la
1674 2206 109 30 terre
1806 2202 49 35 de
1885 2201 213 37 Chanaan.

151 2260 51 34 Le
224 2261 165 35 combat
407 2261 50 35 de
479 2262 144 35 David
644 2266 42 33 et
705 2263 50 34 de
781 2263 185 37 Goliath
990 2270 65 30 est
1077 2265 93 36 d'un
1194 2269 212 34 caractère
1425 2268 92 46 plus
1535 2268 234 47 descriptif;
1795 2269 105 37 mais
1919 2271 182 36 Kuhnau

84 2340 26 35 y
134 2334 163 30 montre
325 2330 216 48 beaucoup
566 2330 170 48 d'esprit
754 2338 42 29 et
817 2333 264 37 d'invention.
1105 2333 80 37 Son
1204 2334 168 37 Goliath
1392 2342 63 31 est
1477 2340 146 45 campé
1646 2350 156 24 comme
1823 2351 54 23 un
1899 2340 129 45 géant
2050 2340 50 35 de

83 2396 245 50 Rhetngold
333 2427 7 17 ,
367 2404 39 30 et
436 2399 37 35 le
502 2400 136 35 David
660 2401 154 47 respire
843 2402 234 37 l'héroïsme
1108 2406 107 34 mâle
1243 2410 40 30 et
1307 2405 154 48 joyeux
1484 2406 49 36 de
1558 2406 180 46 Hândel,
1766 2419 78 34 que
1868 2408 232 46 rappellent

85 2477 148 24 encore
270 2467 58 35 les
361 2468 147 35 chants
533 2468 48 36 de
610 2469 208 48 triomphe
854 2477 40 30 et
920 2472 260 48 l'allégresse
1211 2474 49 36 de
1286 2474 41 35 la
1348 2474 70 36 fin.
1519 2474 109 36 Mais
1656 2476 37 34 le
1719 2475 299 37 chef-d'œuvre
2045 2477 53 35 du

82 2536 152 35 recueil
260 2536 49 36 de
343 2536 195 47 Kuhnau,
577 2543 65 30 est
677 2538 41 36 la
748 2545 148 30 sonate
929 2541 49 35 de
1006 2542 111 36 Saûl
1136 2542 126 48 guéri
1284 2547 86 44 par
1396 2544 43 34 la
1478 2545 192 46 musique
1696 2545 49 34 de
1771 2545 155 36 David.
1965 2544 49 50 Je
2049 2557 49 23 ne

83 2604 107 37 crois
211 2617 77 34 pas
312 2617 79 34 que
415 2605 102 36 dans
536 2611 116 31 toute
669 2607 41 35 la
731 2608 186 46 musique
938 2609 313 37 instrumentale
1266 2612 53 35 du
1341 2623 84 24 xvn
1429 2618 13 16 e
1465 2611 137 47 siècle,
1624 2613 25 34 il
1665 2625 25 35 y
1713 2613 57 35 ait
1788 2613 86 36 rien
1889 2614 68 47 qui
1979 2614 119 47 égale

81 2673 39 35 la
152 2674 253 47 profondeur
425 2675 194 48 tragique
642 2676 70 36 des
740 2677 221 46 premières
990 2690 156 36 pages;
1171 2685 40 30 et
1232 2683 133 34 même
1388 2682 98 35 chez
1509 2682 114 36 Bach
1647 2688 40 30 et
1715 2684 99 35 chez
1844 2682 178 46 Hândel,
2048 2694 51 24 on

82 2748 195 32 trouvera
299 2750 211 30 rarement
532 2750 108 31 cette
655 2745 264 47 intelligence
936 2747 70 36 des
1025 2748 193 46 passions
1236 2755 39 30 et
1289 2762 45 23 ce
1352 2751 243 46 pathétique
1611 2752 209 47 puissant.
1843 2752 59 35 La
1921 2752 157 45 descrip-

83 2811 86 36 tion
191 2811 49 37 de
263 2813 40 35 la
324 2814 245 35 mélancolie
592 2814 50 35 de
667 2813 111 47 Saûl,
799 2815 72 35 des
895 2816 131 36 éclats
1051 2816 131 37 subits
1206 2818 50 35 de
1274 2830 45 24 sa
1340 2819 111 47 folie,
1477 2820 73 36 des
1574 2820 212 36 éclaircies
1810 2821 48 35 de
1880 2832 46 24 sa
1941 2820 155 43 raison,

84 2880 48 35 de
153 2891 45 24 sa
221 2881 195 36 démence
439 2882 182 47 inquiète
642 2888 41 31 et
701 2884 249 47 trépidante,
970 2885 48 36 de
1041 2886 163 36 l'abîme
1227 2887 48 35 de
1297 2900 46 23 sa
1362 2888 204 47 tristesse,
1590 2889 152 47 —puis
1762 2889 263 47 l'apparition
2049 2889 49 36 de

90 2948 148 46 David,
275 2951 40 34 la
346 2950 184 37 douceur
557 2952 48 35 de
630 2964 45 23 sa
700 2953 224 47 tranquille
948 2954 204 48 musique,
1183 2956 37 35 le
1242 2968 139 35 repos,
1406 2957 36 35 le
1467 2957 165 47 silence,
1661 2959 42 35 la
1722 2958 97 47 paix
1842 2959 257 35 descendant

85 3016 102 36 dans
219 3019 35 34 le
278 3030 113 25 cœur
411 3020 179 47 troublé,
684 3021 108 35 enfin
821 3023 37 35 le
879 3023 132 36 calme
1037 3035 163 35 revenu,
1225 3030 40 30 et
1286 3026 40 35 la
1347 3026 212 48 gratitude
1582 3027 220 46 attendrie,-
1823 3028 38 36 le
1882 3028 93 46 pâle
2001 3039 73 24 sou-

84 3085 77 35 rire
184 3086 48 35 de
254 3086 118 36 l'âme
395 3089 319 37 convalescente
739 3096 39 30 et
795 3103 150 24 encore
966 3092 226 48 endolorie,
1284 3095 180 35 forment
1486 3107 53 24 un
1555 3096 169 36 tableau
1747 3096 121 35 d'une
1891 3096 208 46 grandeur

85 3157 40 31 et
146 3153 119 36 d'une
289 3156 179 36 émotion
492 3158 171 46 uniques
687 3171 52 24 au
760 3171 82 25 xvn
848 3166 12 16 e
885 3160 136 37 siècle.
1051 3161 63 36 On
1134 3174 49 23 ne
1207 3162 80 36 sait
1310 3175 45 24 ce
1380 3164 120 46 qu'on
1517 3164 87 36 doit
1624 3166 37 34 le
1683 3165 94 47 plus
1792 3164 177 37 admirer
1989 3164 48 37 de
2058 3166 42 35 la

85 3221 150 36 beauté
261 3225 155 35 morale
443 3237 51 24 ou
513 3227 50 35 de
585 3227 40 36 la
644 3229 149 34 beauté
818 3229 48 36 de
889 3230 42 35 la
951 3230 144 37 forme.
1120 3231 50 35 Et
1191 3231 27 35 il
1240 3243 27 36 y
1282 3243 24 24 a
1327 3233 54 44 là,
1406 3244 76 35 par
1502 3232 193 44 instants,
1720 3246 81 24 une
1825 3233 274 49 psychologie

89 3291 207 45 complexe
332 3297 40 30 et
391 3293 155 47 hardie,
578 3307 53 24 un
655 3297 220 36 sentiment
904 3298 211 48 moderne,
1140 3311 177 36 presque
1340 3301 276 48 romantique,
1639 3302 71 47 qui
1730 3302 78 36 fait
1825 3315 52 23 un
1900 3314 82 35 peu
2001 3313 73 24 son-

88 3368 74 35 ger
185 3359 22 33 à
224 3359 11 33 1
252 3359 166 37 Hérode
441 3363 49 35 de
512 3364 23 34 Y
539 3365 187 44 Enfance
748 3366 55 35 du
828 3366 151 38 Christ
1000 3368 49 35 de
1072 3368 173 47 Berlioz,
1270 3375 40 30 et
1332 3369 69 47 qui
1423 3382 42 24 se
1487 3371 169 46 traduit,
1685 3372 98 35 chez
1806 3371 193 45 Kuhnau,
2024 3380 77 36 par

87 3423 73 37 des
182 3425 234 39 harmonies
437 3435 90 31 tout
550 3434 23 33 à
593 3432 75 36 fait
689 3446 153 25 neuves
866 3441 40 30 et
929 3436 279 37 saisissantes.

287 3501 51 35 R.
362 3503 59 35 M.

1877 3513 23 36 6
