2176 3640
2041 136 50 40 81

882 145 420 34 BIBLIOGRAPHIE

72 245 233 38 l'influence
328 249 50 35 de
398 256 109 30 cette
528 252 156 46 qualité
708 264 68 24 sur
792 254 36 34 le
847 252 163 46 timbre,
1036 256 164 31 surtout
1220 250 139 47 quand
1381 261 53 24 un
1460 249 123 36 siècle
1607 261 23 24 a
1651 251 124 46 passé
1800 261 69 24 sur
1891 250 37 35 le
1947 249 148 47 fragile

75 314 262 39 instrument.
370 318 53 36 Ce
459 321 93 34 côté
587 320 50 36 de
673 321 39 36 la
747 320 191 47 question
968 325 62 31 est
1056 322 83 33 très
1175 320 240 46 important.
1451 319 49 48 Je
1531 318 190 47 pourrais
1754 318 100 36 citer
1874 330 54 24 un
1951 326 149 29 savant

73 383 218 38 industriel
310 386 83 47 qui,
409 388 147 47 frappé
578 389 49 35 de
656 388 88 36 voir
762 401 77 34 que
861 390 59 34 les
942 388 90 36 bois
1056 388 54 36 du
1124 388 140 36 violon
1287 392 189 43 gagnent
1500 398 49 25 en
1570 386 245 37 vieillissant
1837 392 40 31 et
1897 398 78 35 que
1997 398 100 25 ceux

78 452 54 36 du
153 453 124 46 piano
301 466 49 24 ne
373 462 189 41 gagnent
583 469 90 35 pas,
698 469 22 23 a
743 457 174 36 cherché
942 458 24 33 à
992 456 158 36 donner
1178 458 24 34 à
1227 468 68 24 ces
1319 456 181 36 derniers
1532 468 80 24 une
1634 456 203 36 vieillesse
1871 455 226 36 artificielle

152 527 93 31 tout
267 535 159 25 comme
449 536 52 24 on
527 525 77 36 fait
624 537 104 35 pour
756 524 206 37 certaines
985 524 258 37 eaux-de-vie
1348 537 49 23 en
1418 524 61 36 les
1501 525 174 35 traitant
1696 536 76 35 par
1793 524 307 38 l'électricité.,»

79 811 107 42 Les
218 812 278 43 Théâtres
529 812 68 43 de
627 813 55 43 la
712 812 143 44 foire
886 818 261 51 (1660-1789).
1175 819 199 37 MAURICE
1406 818 170 37 ALBERT
1610 818 31 49 (I
1681 819 82 37 vol.
1799 818 128 47 in-16,
1961 830 69 36 312
2055 831 24 36 p
2086 847 10 10 c

954 887 239 48 Hachette).

179 1022 115 36 Dans
316 1034 46 26 ce
382 1023 100 37 livre
507 1023 130 37 solide
660 1029 40 31 et
722 1025 213 46 agréable,
968 1027 253 34 récemment
1244 1026 207 35 couronné
1472 1035 76 37 par
1569 1024 268 43 l'Académie,
1868 1025 58 36 M.
1951 1025 149 36 Albert

77 1090 77 36 fait
174 1091 160 36 revivre
350 1103 79 25 une
441 1093 168 46 période
632 1093 247 45 accessoire,
902 1093 105 36 mais
1023 1096 85 33 très
1124 1094 258 46 pittoresque
1406 1099 40 30 et
1468 1093 340 47 singulièrement
1839 1093 185 36 curieuse
2049 1093 50 36 de

78 1159 199 37 l'histoire
300 1159 54 37 du
374 1161 180 37 théâtre.
579 1161 78 36 Les
679 1161 157 36 forains
860 1162 81 47 qui,
962 1167 95 31 tous
1086 1163 59 35 les
1173 1174 87 32 ans,
1286 1171 78 27 aux
1391 1162 124 35 foires
1545 1161 331 36 Saint-Germain
1906 1167 41 30 et
1969 1161 135 36 Saint-

79 1228 198 47 Laurent,
299 1229 310 36 divertissaient
628 1230 36 35 le
682 1230 137 47 public
837 1242 76 35 par
933 1231 109 36 leurs
1062 1231 316 43 marionnettes,
1397 1231 110 36 leurs
1524 1230 234 37 acrobaties
1776 1236 40 30 et
1834 1231 110 35 leurs
1960 1230 140 47 pièces

80 1297 261 45 bouffonnes,
367 1303 71 31 ont
459 1298 49 36 de
531 1299 226 36 nombreux
785 1298 120 37 titres
931 1301 24 34 à
986 1305 119 31 notre
1134 1300 204 35 attention
1369 1299 312 47 rétrospective.
1714 1298 220 37 Favorisés
1962 1310 77 35 par
2062 1298 38 37 le

80 1366 175 46 pouvoir
284 1368 119 46 royal
437 1367 116 47 qu'ils
585 1367 233 37 amusaient
850 1373 40 31 et
919 1368 222 47 flattaient,
1174 1368 50 36 ils
1248 1374 145 30 eurent
1414 1368 173 36 d'abord
1606 1368 212 38 l'honneur
1839 1368 126 35 d'être
1985 1378 88 25 com-

81 1434 144 36 battus
259 1446 77 35 par
369 1435 39 37 la
440 1436 194 35 Comédie
669 1436 207 44 française
894 1449 9 34 ;
947 1448 48 24 en
1025 1449 55 23 un
1110 1442 135 42 temps
1279 1439 52 33 où
1360 1437 38 35 le
1429 1436 201 48 privilège
1666 1436 216 36 absorbait
1907 1441 103 42 tout,
2048 1436 49 35 ils

81 1503 219 36 traitèrent
330 1503 90 46 plus
451 1504 117 35 d'une
599 1504 80 36 fois
708 1505 49 35 de
789 1505 224 47 puissance
1036 1507 24 33 à
1079 1505 222 47 puissance
1329 1517 101 24 avec
1453 1504 181 48 l'Opéra.
1665 1505 59 35 En
1751 1513 106 40 1709,
1882 1516 53 24 un
1966 1505 132 35 arrêté

81 1572 88 35 leur
199 1571 170 36 interdit
400 1571 51 36 de
485 1573 174 35 chanter
688 1574 60 35 les
780 1574 189 46 couplets
1002 1574 49 35 de
1073 1575 109 34 leurs
1200 1574 138 46 pièces
1357 1585 9 33 ;
1401 1585 48 25 en
1474 1583 105 38 1714,
1606 1585 53 24 un
1682 1573 149 36 nouvel
1854 1574 133 35 arrêté
2008 1573 88 35 leur

81 1639 178 37 accorde
291 1645 107 31 cette
431 1641 289 43 autorisation,
755 1648 41 28 et
827 1643 100 34 c'est
959 1643 97 34 chez
1086 1654 87 34 eux,
1204 1644 24 33 à
1249 1643 41 35 la
1312 1642 103 35 foire
1437 1643 50 34 de
1513 1651 42 38 17
1564 1651 57 38 15,
1647 1643 263 45 qu'apparaît
1931 1653 104 35 pour
2056 1642 40 35 la

80 1707 202 48 première
303 1708 80 35 fois
407 1709 36 35 le
461 1714 88 30 mot
571 1708 134 48 (sinon
728 1710 36 34 le
786 1709 141 48 genre)
952 1709 27 35 d
1380 1722 48 23 en
1452 1712 85 33 tête
1557 1711 72 34 des
1652 1711 169 34 affiches
1840 1711 49 34 de
1910 1711 42 34 la
1973 1710 121 36 dame

83 1776 138 35 Baron
243 1781 40 30 et
304 1776 72 36 des
401 1775 276 37 Saint-Edme.
704 1777 59 35 En
790 1785 107 40 1745,
922 1778 25 34 E
967 1791 19 19 «
1007 1778 338 46 opéra-comique
1364 1792 19 19 »
1414 1779 86 34 leur
1529 1784 64 29 est
1619 1777 168 36 interdit
1809 1778 49 35 de
1881 1788 213 34 nouveau;

80 1844 107 37 mais
205 1856 50 23 en
280 1844 106 48 1784,
407 1844 163 37 Nicolet
593 1844 64 49 (ou
676 1846 41 34 la
738 1851 145 41 troupe
905 1845 68 48 qui
994 1846 158 47 portait
1174 1858 74 23 son
1272 1846 109 48 nom)
1403 1846 92 47 paie
1520 1848 23 33 à
1561 1845 253 37 l'Académie
1837 1845 50 36 de
1910 1845 187 46 musique

80 1913 284 48 vingt-quatre
386 1914 110 35 mille
515 1913 122 37 livres
661 1915 209 35 annuelles
892 1926 106 35 pour
1020 1914 116 37 avoir
1153 1914 35 36 le
1209 1914 108 37 droit
1345 1914 137 36 d'user
1510 1915 73 36 des
1620 1914 221 36 anciennes
1866 1914 237 35 tolérances,

82 1981 235 37 musicales.
349 1982 118 35 Dans
499 1982 201 48 l'analyse
732 1982 49 36 de
812 1983 89 35 leur
933 1983 224 47 répertoire
1183 1984 235 46 burlesque,
1443 1989 40 30 et
1504 1984 41 35 la
1566 1983 313 35 nomenclature
1912 1982 49 36 de
1990 1982 109 35 leurs

82 2050 291 47 fournisseurs,
412 2062 51 24 on
498 2056 215 30 rencontre
745 2051 36 35 le
814 2063 96 24 nom
946 2051 244 37 d'écrivains
1230 2051 183 37 célèbres
1453 2051 193 49 (Lesage,
1672 2050 184 49 Piron...)
1878 2064 8 30 ;
1921 2050 33 36 si
1989 2050 109 36 leurs

82 2119 195 47 parodies
311 2132 103 23 nous
440 2119 237 46 paraissent
711 2119 262 49 aujourd'hui
1002 2132 52 24 un
1087 2132 80 35 peu
1197 2120 156 36 froides
1390 2126 40 30 et
1464 2120 243 46 enfantines,
1747 2120 97 35 elles
1879 2119 92 35 n'en
2007 2124 93 30 sont

82 2198 78 35 pas
191 2187 136 36 moins
350 2199 50 24 un
426 2189 186 47 chapitre
633 2189 236 36 nécessaire
890 2189 49 35 de
954 2189 198 35 l'histoire
1168 2189 54 36 du
1244 2200 103 25 xviu
1350 2196 12 16 c
1387 2189 123 36 siècle
1527 2200 7 34 ;
1557 2189 57 36 M.
1638 2189 146 35 Albert
1806 2189 52 34 l'a
1880 2187 101 36 écrit
2001 2199 99 24 avec

87 2260 146 31 autant
254 2256 264 46 d'éloquence
541 2269 78 35 que
642 2257 263 36 d'érudition.

186 2324 82 48 (Un
306 2325 126 35 détail
458 2337 6 24 :
503 2337 45 24 ce
574 2326 105 35 n'est
708 2337 78 35 pas
819 2338 49 23 en
905 2336 107 36 1712,
1110 2338 40 24 v.
1171 2326 40 35 la
1233 2331 97 30 note
1354 2326 49 35 de
1426 2326 41 35 la
1493 2338 40 34 p.
1558 2334 46 39 57
1696 2325 103 36 mais
1824 2337 49 24 en
1896 2324 90 47 1708
2009 2323 97 47 qu'a

86 2394 64 34 été
172 2392 127 47 repris
322 2394 36 35 le
389 2392 138 38 Thètis
550 2398 41 32 et
610 2393 120 38 Pèlèe
737 2424 8 17 ,
770 2394 49 36 de
843 2394 205 48 Colasse.)

86 2689 107 42 Les
224 2689 364 54 Campagnes
620 2688 134 43 d'un
784 2688 283 43 musicien
1107 2687 386 55 d'état-major
1528 2688 254 54 pendant
1822 2688 54 42 la
1916 2688 148 54 Répu-

169 2763 193 53 blique
394 2766 57 40 et
470 2762 271 53 l'Empire
757 2761 365 55 (1791-1810),
1142 2781 76 34 par
1241 2769 155 37 Ph.-R.
1416 2769 207 47 GIRAULT,
1649 2770 277 36 ex-musicien
1944 2768 130 38 dètat-

171 2841 144 45 major
338 2851 55 23 au
418 2837 212 50 régiment
658 2837 46 37 de
735 2837 170 46 Perche,
930 2841 78 33 etc.
1043 2850 13 23 i
1082 2837 82 37 vol.
1188 2837 113 46 in-B°,
1324 2836 69 37 268
1423 2850 40 34 p.
1486 2837 148 49 (Paris,
1657 2837 178 37 librairie
1858 2837 242 49 Ollendorf).

164 2982 329 47 Philippe-René
517 2981 176 46 Girault,
717 2981 49 35 né
787 2982 24 34 à
832 2980 189 44 Poitiers,
1045 2981 36 35 le
1099 2989 19 39 7
1135 2980 163 48 janvier
1324 2989 107 40 1775,
1455 2981 63 36 fils
1555 2980 96 37 d'un
1673 2980 163 37 tailleur
1858 2980 49 37 de
1929 2980 173 47 pierres,

93 3052 113 34 entré
230 3052 23 33 à
273 3050 108 48 l'âge
410 3051 50 35 de
489 3055 145 42 quatre
665 3060 75 26 ans
770 3054 41 30 et
835 3049 108 36 demi
973 3051 24 33 à
1021 3050 40 34 la
1082 3050 198 46 psallette
1312 3050 50 35 de
1855 3050 59 35 fut
1944 3049 137 35 soldat-

90 3119 197 36 musicien
309 3121 230 34 volontaire
560 3119 186 48 pendant
766 3120 95 45 près
885 3118 50 36 de
957 3118 117 48 vingt
1091 3130 88 31 ans,
1195 3123 40 31 et
1255 3119 156 36 témoin
1434 3119 48 36 de
1497 3124 95 31 tous
1608 3119 60 36 les
1686 3118 98 36 faits
1806 3119 51 35 de
1872 3129 146 37 guerre
2034 3119 69 45 qui

93 3194 71 30 ont
181 3187 158 37 illustré
359 3188 59 36 les
442 3188 283 46 Kellermann,
756 3188 59 36 les
842 3187 204 49 Jourdan,
1070 3188 59 36 les
1153 3188 163 44 Kleber,
1342 3188 59 36 les
1423 3188 213 47 Marceau,
1659 3188 58 36 les
1742 3187 162 47 Hoche,
1928 3188 57 35 les
2009 3187 63 36 Mo-

92 3267 115 35 reau,
230 3257 105 34 —la
363 3256 164 37 Grande
557 3259 152 40 armée,
740 3256 269 48 Napoléon...
1041 3255 92 36 Une
1161 3256 79 36 fois
1269 3258 136 34 rentré
1435 3268 51 25 au
1513 3269 121 35 pays,
1658 3257 26 36 il
1716 3257 139 36 devint
1882 3257 145 35 maître
2055 3255 49 35 de

94 3324 185 46 chapelle
296 3326 24 33 à
341 3324 40 35 la
397 3324 240 37 cathédrale
651 3324 50 36 de
724 3323 192 38 Poitiers.
941 3323 76 36 Sur
1037 3324 37 35 le
1091 3324 106 46 tard,
1222 3324 26 35 il
1267 3324 203 48 consigna
1487 3337 66 24 ses
1576 3326 211 35 souvenirs
1803 3324 50 36 de
1873 3333 232 37 campagne

96 3391 103 36 dans
218 3392 71 35 des
312 3393 216 36 mémoires
546 3392 122 47 qu'on
689 3393 137 48 publie
849 3392 274 49 aujourd'hui.
1143 3393 89 36 «Ce
1251 3405 191 25 morceau
1456 3394 49 37 de
1523 3395 154 36 basson
1700 3394 106 37 n'est
1827 3393 116 48 point
1963 3389 142 37 inutile

96 3462 25 33 à
141 3460 183 46 l'épopée
347 3474 34 31 »,
406 3460 59 35 dit
484 3460 56 37 M.
563 3460 191 37 Frédéric
778 3462 170 35 Masson
973 3462 101 35 dans
1094 3462 41 35 la
1152 3462 167 47 préface
1342 3462 97 47 qu'il
1462 3475 22 24 a
1505 3463 124 37 écrite
1650 3474 105 35 pour
1770 3463 36 35 le
1827 3461 179 37 volume.
2027 3458 78 37 Les
