2176 3640
888 131 418 33 BIBLIOGRAPHIE

2039 130 53 41 79

85 235 154 36 travail
271 236 96 48 qu'il
400 239 177 49 reprend
613 240 281 48 aujourd'hui;
926 241 25 34 il
985 239 53 36 l'a
1077 240 180 45 expurgé
1294 237 51 36 de
1377 238 197 47 quelques
1613 236 273 37 affirmations
1927 247 53 24 un
2016 245 82 37 peu

85 303 242 47 hasardées,
357 313 41 31 et
419 309 320 47 profondément
760 309 197 37 remanié.
982 309 59 35 En
1064 307 105 37 voici
1191 308 36 35 le
1242 308 97 46 plan
1362 319 7 23 :
1395 309 33 33 i°
1447 306 60 36 les
1529 318 195 36 psaumes
1748 311 42 30 et
1803 306 41 35 la
1865 302 232 51 psalmodie

87 372 105 37 dans
214 375 61 35 les
296 376 198 47 premiers
518 378 145 36 siècles
680 378 49 36 de
751 379 96 35 l'ère
864 377 237 37 chrétienne
1116 381 62 39 ;2°
1198 376 60 36 les
1278 377 194 47 hymnes;
1498 386 20 36 3
1522 377 12 18 0
1555 374 348 48 développement
1923 373 173 48 général

85 442 49 35 de
156 443 40 35 la
219 443 168 50 liturgie
405 451 39 31 et
466 446 55 36 du
543 447 126 36 chant
690 445 221 49 liturgique
934 457 52 24 au
1008 456 148 37 moyen
1181 445 78 48 âge
1276 456 8 33 ;
1303 457 22 35 4
1329 451 13 17 0
1358 445 60 36 les
1438 443 198 49 premiers
1659 445 148 35 chants
1828 443 49 35 de
1900 443 39 35 la
1959 452 136 26 messe

84 510 223 50 (introitus,
324 515 128 47 Kyrie
467 515 170 47 eleison,
652 514 155 49 Gloria)
822 524 43 38 ;5
871 521 13 16 0
900 515 59 35 les
977 515 145 35 chants
1143 514 50 35 de
1215 514 39 35 la
1272 525 135 24 messe
1430 519 116 30 entre
1567 514 59 35 les
1648 513 177 36 lectures
1847 511 51 49 (le
1919 513 150 45 répons-

85 581 193 46 graduel,
301 583 222 48 l'Alleluia,
548 584 36 36 le
605 584 127 46 Trait,
755 583 37 36 le
821 583 266 45 Benedictus,
1110 583 38 36 le
1176 582 171 49 Credo);
1373 581 38 37 6°
1433 583 60 35 les
1523 582 146 36 chants
1694 581 188 48 pendant
1907 581 37 36 le
1967 579 110 37 Sacri-

90 647 76 38 fice
200 650 279 48 (l'Offertoire,
512 654 36 35 le
575 653 190 44 Sanctus,
791 652 40 35 la
857 651 286 49 Communion)
1162 663 9 35 ;
1200 661 18 40 7
1223 657 14 18 0
1266 663 105 35 coup
1395 651 108 36 d'œil
1529 662 68 24 sur
1618 652 37 34 le
1684 650 343 47 développement
2049 650 49 35 de

85 716 188 49 l'Office;
299 720 39 35 8°
360 722 37 34 le
420 721 276 47 développent
716 721 54 35 du
793 720 126 36 chant
944 720 280 48 responsorial
1240 732 9 33 ;
1271 732 21 37 9
1297 726 14 17 0
1332 721 37 35 le
1394 720 343 47 développement
1764 718 54 37 du
1840 719 125 35 chant
1988 718 88 35 anti-

92 788 228 47 phonique;
349 796 61 29 io°
442 790 36 36 le
511 790 344 48 développement
878 789 72 36 des
978 790 175 48 hymnes
1179 788 50 36 de
1256 788 170 45 l'office;
1458 794 60 30 ii°
1539 787 169 37 fixation
1736 788 49 35 de
1814 788 40 34 la
1875 786 160 49 liturgie
2060 791 40 32 et

96 856 54 35 du
173 856 124 36 chant
315 857 221 49 liturgique
556 870 77 36 par
654 859 36 35 le
718 870 106 36 pape
849 857 200 49 Grégoire
1066 859 17 35 lerI
1089 864 31 17 er
1136 857 10 50 (
1162 863 27 44 f
1200 857 85 50 604)
1306 869 9 34 ;
1343 869 39 24 12
1387 864 14 18 0
1421 857 211 37 extension
1656 868 52 24 au
1724 856 149 36 dehors
1897 856 53 35 du
1972 856 126 36 chant

83 924 223 47 grégorien
321 937 8 33 ;
357 938 42 36 13
403 932 14 16 0
437 928 60 36 les
521 929 251 45 séquences;
810 939 42 35 14
856 933 14 17 0
897 928 60 36 les
986 932 163 43 tropes;
1178 936 41 38 15
1223 934 14 16 0
1259 927 58 36 les
1343 926 141 36 offices
1505 925 137 37 rimés.
1749 924 113 37 C'est
1888 925 210 47 peut-être

86 1004 80 24 une
184 995 284 36 énumération
480 997 137 45 plutôt
631 997 122 46 qu'un
771 997 97 46 plan
882 1007 7 35 ;
908 995 103 37 mais
1025 996 103 35 dans
1144 1000 93 31 tous
1252 1007 67 24 ces
1338 995 224 47 chapitres,
1581 994 58 37 M.
1654 994 189 46 Wagner
1861 998 161 32 montre
2044 1003 54 25 un

87 1061 131 48 esprit
240 1064 84 34 très
348 1068 83 43 net,
457 1064 192 48 appliqué
674 1066 24 33 à
722 1076 41 24 se
785 1065 145 36 rendre
953 1070 165 41 compte
1143 1064 48 36 de
1214 1070 94 30 tout
1324 1069 41 31 et
1386 1066 24 34 à
1430 1063 139 48 puiser
1590 1075 77 24 aux
1686 1075 168 25 sources
1876 1064 152 35 mêmes
2049 1061 49 36 de

85 1129 200 38 l'histoire
316 1132 222 47 religieuse
560 1134 61 35 les
653 1134 198 35 éléments
875 1134 117 35 d'une
1021 1133 185 37 doctrine
1235 1137 127 44 ayant
1388 1144 78 25 une
1487 1132 143 37 valeur
1658 1131 217 49 objective.
1901 1131 55 36 Ce
1981 1131 115 45 livre,

88 1198 102 37 dont
204 1200 203 47 plusieurs
430 1201 115 36 idées
569 1207 93 31 sont
682 1203 229 46 nouvelles,
933 1202 201 36 intéresse
1156 1201 37 37 le
1214 1202 203 46 liturgiste
1439 1202 92 47 plus
1554 1212 147 25 encore
1725 1212 78 36 que
1821 1200 38 37 le
1881 1198 216 47 musicien;

87 1268 104 37 mais
205 1269 28 36 il
245 1275 64 30 est
326 1282 76 24 une
417 1270 278 37 introduction
718 1271 307 47 indispensable
1040 1273 23 33 à
1079 1282 78 25 une
1176 1270 179 36 sérieuse
1378 1270 118 36 étude
1514 1270 53 35 du
1583 1269 277 48 plain-chant,
1880 1274 40 31 et
1942 1281 51 23 on
2007 1270 92 35 n'en

84 1338 161 36 saurait
265 1343 93 42 trop
380 1339 316 37 recommander
715 1340 42 36 la
777 1341 167 44 lecture,
967 1340 206 36 d'ailleurs
1195 1339 120 37 facile
1338 1345 40 30 et
1396 1339 208 47 agréable.
1626 1338 116 36 Nous
1767 1337 202 37 assistons
1990 1336 88 36 vrai-

92 1411 112 31 ment
218 1407 258 47 aujourd'hui
493 1409 25 34 à
532 1419 78 25 une
629 1408 265 36 renaissance
911 1409 49 35 de
979 1409 40 35 la
1033 1409 160 35 science
1207 1413 40 31 et
1262 1409 50 35 de
1327 1408 93 36 l'art
1435 1407 243 48 grégoriens
1695 1419 7 33 ;
1721 1407 57 37 M.
1793 1407 37 36 le
1849 1407 35 35 D
1890 1412 13 18 r
1915 1406 186 48 Wagner

83 1486 27 36 y
132 1474 214 37 contribue
369 1487 99 25 avec
490 1487 77 25 une
589 1476 303 37 incontestable
915 1477 192 36 autorité.

170 1543 207 47 Quelques
400 1545 141 45 lapsus
563 1555 8 26 :
596 1545 84 36 àla
701 1557 40 35 p.
766 1548 60 45 51.
851 1545 40 36 6°
911 1546 27 36 1.
963 1545 50 36 de
1041 1546 40 35 la
1101 1550 112 42 note,
1244 1557 53 24 au
1320 1545 81 36 lieu
1423 1545 49 35 de
1496 1543 59 45 ih,
1581 1544 73 36 lire
1678 1543 65 37 ich
1753 1555 14 35 ;
1792 1555 39 37 p.
1856 1552 60 40 53,
1937 1548 97 31 note
2059 1555 37 35 4,

81 1621 53 24 au
169 1610 80 35 lieu
278 1612 48 35 de
351 1614 259 45 responsalis
616 1642 7 17 ,
647 1612 72 37 lire
752 1614 347 47 responsorialis;
1120 1626 40 35 p.
1185 1616 61 45 çl,
1276 1625 39 25 n.
1342 1624 35 35 2,
1408 1625 53 24 au
1488 1612 79 37 lieu
1589 1612 50 37 de
1668 1624 61 35 or,
1755 1612 73 36 lire
1851 1624 69 23 cor
1930 1625 14 31 ;
1965 1623 39 35 P-
2035 1619 61 40 95>

102 1680 155 33 eccesia
296 1685 51 41 (p.
378 1679 215 49 ecclesia)',
624 1692 41 36 p.
707 1692 81 35 141,
821 1681 26 36 1.
882 1692 19 24 2
936 1686 40 31 et
1005 1692 42 35 4:
1077 1684 238 45 tengentem
1350 1680 52 48 (p.
1442 1684 206 48 tegentem
1656 1680 10 49 )
1696 1686 40 30 et
1757 1682 98 45 fiïli
1886 1680 54 48 (p.
1970 1680 90 45 filii
2063 1679 33 48 );

90 1758 40 35 p.
155 1745 86 50 56.5,
265 1747 74 36 de'o
365 1748 51 47 (p.
443 1746 89 51 dèo)
555 1754 40 30 et
618 1745 88 39 edm
729 1748 55 49 (p.
809 1748 104 49 èam)
932 1762 7 30 ;
969 1760 40 35 p.
1034 1760 89 37 330,
1151 1750 192 35 exultate
1368 1748 54 48 (p.
1447 1749 212 36 exsultate
1666 1776 7 16 ,
1697 1748 51 36 cf.
1769 1760 40 36 p.
1833 1748 68 48 265
1925 1753 40 31 et
1985 1748 109 48 323);

82 1826 43 35 p.
147 1826 86 37 332,
265 1819 182 46 exurgat
466 1817 54 47 (p.
546 1816 234 50 exsurgat).
880 1816 54 37 Ce
957 1822 94 31 sont
1077 1816 40 37 là
1146 1816 72 37 des
1238 1816 159 37 vétilles
1428 1816 103 36 dans
1555 1828 52 24 un
1638 1817 107 36 beau
1766 1816 99 37 livre
1888 1828 79 35 que
1989 1828 104 25 nous

77 1883 185 36 verrions
283 1896 101 24 avec
402 1884 141 47 plaisir
562 1885 155 37 traduit
739 1898 47 23 en
806 1886 196 44 français.

86 2164 315 43 Harmonie
424 2167 57 40 et
517 2165 426 55 Complication,
977 2184 76 36 par
1084 2173 37 36 le
1159 2173 35 34 D
1199 2181 14 17 R
1234 2173 146 36 Victor
1422 2173 312 36 GOLDSCHMIDT.
1763 2184 13 23 I
1812 2173 97 45 vol.,
1951 2173 67 48 136
2049 2184 40 36 p.

676 2241 150 43 Berlin,
856 2253 109 37 1901,
991 2242 96 35 chez
1105 2241 133 48 Julius
1260 2240 210 49 Springer.

187 2362 119 38 Voici
334 2376 53 23 un
412 2366 84 34 très
523 2364 160 37 curieux
704 2365 115 47 livre,
841 2366 117 36 d'une
978 2366 233 47 originalité
1230 2366 93 36 bien
1345 2366 243 36 allemande.
1611 2366 191 36 L'auteur
1835 2371 63 30 est
1931 2365 138 48 profes-

83 2442 95 25 seur
202 2432 48 35 de
276 2432 185 37 sciences
491 2434 226 36 naturelles
750 2435 24 34 à
807 2434 266 37 l'Université
1109 2435 48 36 de
1190 2434 255 47 Heidelberg
1463 2446 7 33 ;
1507 2445 158 25 comme
1698 2434 225 47 épigraphe
1946 2434 48 36 de
2017 2446 75 24 son

80 2500 166 47 travail,
270 2501 27 35 il
316 2501 79 36 cite
418 2513 182 35 queques
623 2514 92 24 vers
738 2503 53 35 du
811 2505 135 35 Faust
958 2505 49 35 de
1024 2503 161 46 Gœthe,
1201 2509 41 30 et
1256 2504 34 35 le
1312 2508 87 31 mot
1415 2501 316 49 pythagoricien
1750 2514 7 24 :
1781 2517 18 17 «
1818 2502 59 36 les
1897 2503 192 37 nombres

83 2574 92 30 sont
209 2569 197 37 l'essence
442 2570 71 36 des
547 2571 147 36 choses
717 2585 18 19 »
757 2583 7 34 ;
801 2577 41 31 et
871 2584 74 24 son
972 2573 73 35 but
1070 2578 63 30 est
1158 2572 48 36 de
1231 2577 181 31 montrer
1433 2583 78 36 que
1533 2572 40 34 la
1593 2570 274 47 composition
1890 2571 199 37 musicale

80 2637 109 35 obéit
226 2639 24 34 à
283 2639 42 35 la
355 2637 55 37 loi
442 2638 122 47 qu'on
600 2639 174 36 observe
806 2640 102 36 dans
940 2641 40 36 la
1011 2641 269 36 formation...
1315 2641 71 35 des
1419 2639 192 36 cristaux.
1646 2639 71 36 Ses
1738 2651 99 24 vues
1869 2640 218 36 sont-elles

86 2706 192 36 exactes?
297 2707 48 48 Je
362 2719 48 23 ne
436 2707 158 36 saurais
614 2708 104 35 m'en
747 2714 142 41 porter
910 2715 166 42 garant.
1098 2710 55 35 M.
1172 2710 37 35 le
1232 2708 36 36 D
1274 2715 14 16 r
1303 2707 292 37 Goldschmidt
1616 2708 71 44 dit,
1713 2708 102 35 dans
1839 2720 47 24 sa
1902 2708 182 47 préface,

85 2775 199 48 qu'ayant
306 2776 243 36 conscience
571 2776 158 37 d'avoir
749 2776 75 36 fait
843 2789 77 24 une
943 2776 208 37 incursion
1175 2777 102 37 dans
1299 2789 53 24 un
1374 2776 193 37 domaine
1595 2776 69 47 qui
1681 2776 103 37 n'est
1804 2776 116 47 point
1940 2777 36 36 le
2000 2777 87 36 sien

81 2842 53 48 (la
157 2844 219 49 musique),
400 2844 28 35 il
452 2856 23 25 a
498 2845 154 36 soumis
676 2856 74 25 son
771 2845 116 45 livre,
911 2851 127 31 avant
1057 2846 48 36 de
1131 2848 36 33 le
1186 2846 174 47 publier,
1385 2857 50 25 au
1455 2845 91 37 visa
1567 2846 49 35 de
1637 2846 203 46 plusieurs
1865 2846 219 36 musiciens

87 2914 272 45 compétents.
396 2914 56 36 Le
488 2914 172 47 critique
694 2914 172 36 musical
900 2914 174 43 devrait,
1110 2926 48 24 en
1191 2919 115 31 toute
1335 2914 168 48 justice,
1527 2914 136 36 imiter
1684 2919 108 32 cette
1814 2914 209 47 méthode,
2044 2919 41 31 et

87 2985 221 32 soumettre
332 2994 46 23 sa
410 2996 18 19 «
445 2982 214 36 recension
678 2997 18 19 »
728 2994 50 24 au
800 2982 89 36 visa
913 2983 73 35 des
1009 2983 265 37 naturalistes
1294 2982 56 38 !...
1374 2983 106 46 Quoi
1503 2983 96 46 qu'il
1621 2994 47 24 en
1693 2982 92 40 soit,
1809 2983 35 35 le
1860 2982 149 37 travail
2032 2983 49 36 de

80 3046 59 37 M.
165 3048 289 38 Goldschmidt
478 3051 132 36 donne
629 3052 215 46 beaucoup
864 3053 24 35 à
908 3063 169 35 penser;
1108 3051 26 36 il
1157 3058 62 30 est
1240 3051 108 49 plein
1374 3051 47 37 de
1448 3051 93 37 faits
1568 3051 274 37 intéressants
1872 3057 41 31 et
1938 3051 144 37 mérite

80 3114 126 37 d'être
227 3116 157 47 signalé
403 3121 25 33 à
448 3124 95 32 tous
572 3120 57 36 les
648 3120 176 37 lecteurs
847 3132 78 35 que
956 3121 60 36 les
1040 3121 184 36 routines
1256 3121 263 36 d'éducation
1540 3119 113 37 n'ont
1672 3131 76 36 pas
1773 3120 180 37 confinés
1977 3119 105 38 dans

74 3183 182 37 d'étroits
276 3187 352 46 compartiments.

179 3252 207 48 L'auteur,
423 3256 120 47 donc,
577 3270 25 24 a
630 3257 94 48 déjà
753 3259 136 46 publié
922 3259 344 37 antérieurement
1299 3271 77 24 une
1412 3259 103 37 série
1543 3258 182 37 d'études
1755 3270 67 24 sur
1849 3260 59 35 les
1930 3259 150 35 formes

85 3319 276 49 cristallisées,
393 3323 87 37 leur
510 3325 238 49 fréquence,
779 3328 110 36 leurs
922 3333 194 42 rapports
1149 3335 41 29 et
1215 3330 88 34 leur
1333 3328 355 48 développement.
1726 3327 76 36 Ces
1839 3327 242 36 recherches

81 3388 101 35 l'ont
202 3391 140 34 amené
363 3392 24 35 à
405 3392 195 38 formuler
620 3407 78 24 une
720 3396 54 36 loi
797 3397 95 46 qu'il
906 3398 160 46 appelle
1090 3412 17 19 «
1125 3398 55 35 loi
1200 3398 49 36 de
1266 3396 291 48 complication
1572 3410 18 20 »
1615 3396 221 49 (régissant
1851 3396 36 34 le
1901 3404 184 37 passage

80 3456 49 35 de
152 3455 137 37 l'unité
322 3460 24 33 à
367 3460 40 35 la
427 3461 187 49 variété),
639 3469 40 31 et
700 3465 66 46 qui
798 3471 159 41 permet
979 3467 50 35 de
1052 3465 246 38 déterminer
1318 3466 37 36 le
1378 3466 182 44 nombre,
1586 3464 148 36 l'ordre
1758 3469 39 30 et
1814 3463 41 35 la
1875 3463 117 46 place
2012 3462 72 36 des
