2176 3640
728 138 239 44 MUSIQUE
1002 138 458 34 CONTEMPORAINE

2048 145 53 40 93

75 244 252 47 populaires.
359 244 74 37 Ses
460 257 285 36 personnages
773 245 240 47 principaux
1043 251 95 30 sont
1164 245 73 36 des
1268 244 172 45 forains,
1472 245 83 35 très
1582 244 135 36 divers
1747 244 49 36 de
1826 247 213 34 caractère
2069 251 40 31 et

77 313 49 36 de
150 313 262 47 sentiments,
437 314 146 47 depuis
605 314 42 36 la
665 313 252 47 grossièreté
939 314 160 35 brutale
1114 313 197 47 jusqu'au
1331 313 274 36 dévouement
1622 324 178 35 presque
1822 313 227 49 mystique.
2075 315 34 35 Il

75 381 68 49 n'y
163 393 23 25 a
207 395 77 34 pas
309 384 230 35 seulement
561 383 103 36 dans
694 383 35 35 le
757 384 146 45 poème
927 381 72 37 des
1025 382 179 46 parades
1228 381 254 47 drolatiques
1507 386 41 32 et
1567 381 282 37 d'amusantes
1872 383 194 45 parodies
2092 395 8 24 :

76 450 28 35 il
126 463 27 35 y
176 463 24 24 a
223 451 50 36 de
297 452 42 36 la
360 451 122 49 pitié.
509 452 111 35 C'est
642 452 40 35 là
706 462 45 24 ce
771 450 69 47 qui
861 461 65 24 me
953 450 147 47 frappe
1124 451 102 35 dans
1249 451 38 35 le
1309 451 162 35 résumé
1491 462 79 36 que
1592 451 176 36 l'auteur
1785 451 209 36 lui-même
2012 457 97 30 veut

78 520 95 35 bien
197 532 64 24 me
280 520 119 46 faire,
424 526 41 31 et
484 520 101 36 c'est
607 520 40 35 là
667 524 100 43 peut
788 521 84 33 être
896 530 45 24 ce
965 518 67 47 qui
1061 519 38 35 le
1120 518 262 49 distinguera
1404 519 50 36 de
1477 519 59 36 M.
1562 519 49 36 G.
1637 519 287 48 Charpentier,
1950 520 103 36 dont
2068 521 41 36 la

75 589 149 35 Louise
244 588 69 49 (un
332 601 81 35 peu
435 588 255 48 épisodique,
715 587 219 48 appliquée
950 598 47 25 en
1023 588 157 46 grande
1202 587 134 47 partie
1354 589 23 34 à
1400 587 157 36 décrire
1576 588 42 35 la
1638 599 70 24 rue
1728 588 47 35 de
1795 588 150 49 Paris),
1961 595 76 38 est,
2056 601 49 24 en

77 656 154 37 dehors
266 658 72 35 des
370 658 195 36 tableaux
600 657 48 35 de
675 668 141 37 genre,
846 667 79 24 une
958 668 138 24 œuvre
1128 656 50 36 de
1209 656 160 36 révolte
1397 661 42 31 et
1471 656 49 36 de
1555 656 281 47 protestation
1870 663 141 30 contre
2046 658 59 36 les

79 739 19 20 «
115 727 196 47 préjugés
329 741 19 19 »
368 726 180 43 sociaux,
565 726 219 46 étrangère
802 726 24 33 à
840 724 119 36 l'idée
976 724 50 36 de
1042 725 141 35 bonté.
1204 739 18 18 «
1242 724 142 46 Quant
1400 726 24 34 à
1439 725 42 35 la
1496 725 145 47 forme,
1661 725 140 46 ajoute
1819 725 58 35 M.
1896 725 207 47 Coquard,

70 793 43 47 je
143 806 64 24 me
237 794 86 36 suis
355 800 163 30 surtout
551 794 181 45 attaché,
760 793 113 36 selon
903 805 96 23 mon
1028 793 213 46 habitude,
1267 795 24 34 à
1309 794 241 35 construire
1575 807 35 32 »,
1643 805 52 23 au
1717 793 95 43 lieu,
1838 805 98 24 sans
1965 794 138 45 doute,

77 861 232 37 d'émietter
334 863 37 35 le
391 863 184 48 langage
598 862 49 36 de
665 861 241 36 l'orchestre
943 873 47 25 en
1021 873 170 25 menues
1211 863 212 47 analyses.
1448 862 118 35 Nous
1588 861 107 36 voici
1719 866 149 32 autour
1886 862 52 35 du
1959 862 146 46 piano;

76 942 53 24 au
143 931 180 46 pupitre,
341 943 80 24 une
443 930 198 48 partition
659 930 102 36 dont
780 930 204 36 certaines
1002 942 134 36 pages
1154 935 95 31 sont
1272 930 173 36 criblées
1463 931 48 35 de
1532 936 121 30 notes
1672 931 276 36 manuscrites
1965 936 41 30 et
2022 931 81 47 qui,

75 1004 129 42 ayant
223 999 97 48 déjà
340 1001 126 45 passé
495 1011 76 35 par
598 999 37 35 le
665 999 178 46 théâtre,
868 1011 49 23 en
939 1005 120 41 porte
1091 1000 41 35 la
1154 1011 170 35 marque
1350 1011 7 24 :
1378 999 28 36 il
1424 1011 26 35 y
1473 1011 23 24 a
1519 999 71 36 des
1614 998 224 48 coupures!
1863 999 100 36 Près
1986 1000 119 35 d'une

73 1068 125 35 heure
221 1068 165 44 durant,
411 1068 59 35 M.
499 1068 195 46 Coquard
716 1073 98 30 veut
835 1068 93 35 bien
957 1080 62 23 me
1047 1068 173 35 chanter
1244 1068 61 35 les
1326 1067 253 47 principales
1610 1070 145 33 scènes
1786 1068 49 35 de
1867 1080 74 23 son
1964 1070 139 45 opéra.

77 1136 110 36 Tout
207 1148 46 24 ce
270 1136 97 47 qu'il
381 1148 64 24 me
464 1136 79 36 fait
564 1135 197 37 entendre
783 1148 64 23 me
870 1137 139 45 paraît
1031 1136 202 36 excellent
1253 1141 38 31 et
1311 1136 215 37 délicieux.
1552 1134 109 37 Mais
1686 1136 42 47 je
1758 1136 84 36 suis
1868 1136 235 47 incapable,

79 1217 49 24 en
151 1217 46 24 ce
226 1209 197 39 moment,
446 1204 119 37 d'une
589 1204 168 47 opinion
781 1204 185 47 critique.
992 1205 48 48 Je
1062 1217 64 23 me
1147 1205 130 35 borne
1298 1207 24 33 à
1344 1209 214 31 constater
1576 1205 37 35 le
1636 1207 214 33 caractère
1873 1210 233 30 nettement

79 1273 234 47 mélodique
336 1273 55 36 du
414 1274 119 47 style.
556 1273 200 46 D'abord,
780 1273 141 47 quand
939 1273 42 47 je
1006 1273 84 36 suis
1112 1275 149 45 auprès
1286 1273 95 36 d'un
1405 1273 142 35 artiste
1568 1273 158 36 sérieux
1750 1279 41 29 et
1813 1273 247 45 convaincu,
2079 1273 26 36 il

81 1343 123 35 m'est
230 1342 240 48 impossible
497 1342 246 46 d'éprouver
763 1354 104 35 pour
890 1341 55 37 lui
966 1347 117 31 autre
1106 1343 126 35 chose
1256 1343 149 45 qu'une
1427 1341 198 36 immense
1650 1341 255 49 sympathie;
1931 1341 171 46 ensuite,

80 1422 53 24 un
158 1411 293 46 compositeur,
476 1412 133 34 même
633 1410 141 46 quand
797 1422 46 23 sa
861 1409 94 37 voix
971 1416 62 30 est
1053 1410 273 46 insuffisante,
1352 1411 150 35 chante
1526 1422 64 24 ses
1615 1421 173 36 propres
1816 1421 162 25 œuvres
2004 1421 101 25 avec

83 1491 79 24 une
184 1479 95 36 telle
298 1479 184 47 justesse
509 1479 189 36 d'accent
726 1484 41 30 et
789 1491 78 24 une
895 1479 95 35 telle
1018 1479 229 46 perfection
1270 1479 49 35 de
1343 1490 197 34 nuances,
1567 1490 93 35 que,
1681 1479 158 47 malgré
1865 1479 75 46 soi,
1966 1491 51 24 on
2041 1484 64 30 est

83 1547 138 36 séduit
250 1552 41 31 et
318 1547 100 47 pris.
454 1548 59 35 En
547 1547 224 36 attendant
806 1548 205 46 l'épreuve
1044 1547 179 36 décisive
1255 1547 49 35 de
1334 1547 42 35 la
1406 1559 158 35 rampe,
1593 1548 42 47 je
1667 1559 64 23 me
1765 1547 192 36 bornerai
1989 1547 116 48 (sans

79 1614 163 36 vouloir
275 1616 134 34 même
443 1615 175 36 déflorer
651 1615 169 36 l'œuvre
856 1615 190 35 nouvelle
1077 1627 76 34 par
1186 1627 80 23 une
1296 1614 172 48 analyse
1505 1614 221 49 anticipée)
1762 1616 24 33 à
1818 1616 193 46 rappeler
2043 1617 59 34 les

78 1682 192 37 brillants
294 1684 110 34 états
428 1683 49 35 de
501 1682 155 36 service
676 1682 49 36 de
748 1682 58 35 M.
832 1682 208 46 Coquard.

178 1752 33 34 Il
233 1763 25 24 a
280 1750 151 37 débuté
461 1762 51 25 au
541 1756 171 31 concert
745 1762 99 24 avec
873 1751 36 34 le
936 1750 144 37 Chant
1102 1750 70 35 des
1195 1749 115 48 èpèes
1315 1780 7 15 ,
1353 1750 166 36 ballade
1548 1751 176 35 chantée
1754 1762 100 25 avec
1884 1763 51 23 un
1966 1752 136 45 grand

79 1822 144 34 succès
247 1831 52 24 au
322 1824 170 32 concert
508 1819 197 43 Colonne,
725 1830 49 25 en
790 1818 163 47 janvier
975 1818 107 49 1876,
1098 1830 77 35 par
1189 1818 203 37 Lassalle.
1411 1818 371 47 Successivement,
1806 1830 76 25 aux
1899 1818 201 37 Concerts

78 1888 254 47 Pasdeloup,
344 1888 201 46 Colonne,
563 1888 339 42 Lamoureux,on
924 1887 186 35 entendit
1124 1887 48 35 de
1186 1887 55 35 lui
1260 1898 8 24 :
1287 1886 127 43 Hèro,
1431 1888 122 34 scène
1569 1886 160 49 lyrique
1752 1886 148 49 (1881);
1929 1888 172 45 Ossian,

75 1959 148 45 poème
253 1957 302 47 symphonique
586 1968 99 24 avec
707 1956 129 46 harpe
861 1955 229 47 principale
1120 1954 152 50 (1882);
1308 1955 238 35 Cassandre
1554 1985 7 17 ,
1588 1956 162 35 chœurs
1773 1961 42 29 et
1841 1955 188 47 musique
2051 1956 51 36 de

77 2028 120 34 scène
220 2025 163 47 d'après
408 2025 319 49 YAgamemnon
755 2024 173 36 d'Henri
952 2023 50 37 de
1028 2023 172 36 Bornier
1216 2035 8 34 ;
1251 2025 209 34 Ha'i-Luli
1466 2051 7 15 ,
1502 2023 166 36 ballade
1689 2035 105 35 pour
1816 2035 195 36 soprano,
2033 2025 68 46 qui

76 2095 75 43 fut,
184 2095 99 35 chez
318 2093 197 45 Colonne,
543 2093 35 36 le
607 2093 127 35 début
767 2093 50 35 de
844 2093 42 35 la
913 2093 159 35 célèbre
1105 2091 229 37 cantatrice
1368 2092 201 35 Marcelia
1601 2091 145 49 Pregi;
1782 2092 300 48 Andromaque

82 2162 257 49 Christophe
378 2162 170 35 Colomb
556 2191 8 17 ,
602 2164 146 33 scènes
779 2161 181 47 lyriques
979 2172 9 38 ;
1022 2161 57 35 les
1117 2160 177 36 Chœurs
1324 2159 195 37 d'Esther
1524 2188 7 16 ,
1555 2160 68 47 qui
1654 2161 138 35 furent
1823 2162 192 35 exécutés
2048 2173 52 24 au

78 2230 149 47 Cirque
259 2230 167 47 d'hiver,
457 2230 92 47 puis
582 2242 53 23 au
666 2229 316 36 Conservatoire
998 2242 8 30 ;
1038 2235 41 30 et
1106 2240 54 24 un
1192 2230 84 35 très
1309 2229 135 47 grand
1474 2229 169 35 nombre
1676 2229 49 35 de
1757 2229 197 36 mélodies
1983 2230 115 47 (chez

80 2300 190 36 Hamelle
293 2304 39 31 et
355 2299 98 36 chez
473 2297 221 50 Durdilly).

175 2368 167 36 Comme
382 2368 281 45 compositeur
694 2366 273 47 dramatique,
993 2366 60 36 M.
1088 2365 196 47 Coquard
1315 2365 155 36 débuta
1502 2376 49 25 en
1592 2365 108 46 1884,
1734 2368 25 33 à
1786 2366 180 47 Angers,
1998 2377 100 25 avec

77 2436 133 49 VEpèe
229 2437 56 35 du
309 2437 82 35 Roi
397 2465 7 17 ,
430 2436 185 36 comédie
638 2435 200 36 musicale
868 2446 48 24 en
945 2446 18 24 2
994 2439 114 31 actes
1136 2432 181 51 (paroles
1348 2434 92 35 d'A.
1465 2432 210 50 Silvestre)
1689 2445 8 33 ;
1723 2444 65 25 ses
1812 2445 159 24 œuvres
1997 2434 82 35 ulté-

74 2505 154 37 rieures
252 2510 96 31 sont
369 2516 7 24 :
398 2506 37 34 le
459 2505 121 35 Mari
594 2503 100 37 d'un
707 2505 111 47 jour
832 2502 143 50 (1886),
987 2514 21 36 3
1026 2508 129 37 actes,
1172 2503 24 34 à
1208 2501 392 48 l'Opéra-Comique
1612 2512 8 35 ;
1645 2502 43 35 la
1698 2502 231 47 Jacquerie
1952 2500 143 50 (1895),

74 2587 23 34 4
120 2579 114 31 actes
263 2573 103 36 dont
389 2573 42 35 la
460 2584 143 35 presse
632 2572 46 36 fit
713 2584 53 23 un
792 2571 165 37 vibrant
988 2571 135 46 éloge,
1153 2576 40 30 et
1222 2570 83 47 qui,
1340 2573 118 44 après
1484 2570 35 35 le
1544 2571 142 34 succès
1717 2570 49 36 de
1790 2570 306 48 Monte-Carlo,

74 2642 138 36 furent
238 2641 120 48 joués
396 2643 24 33 à
446 2640 396 48 l'Opéra-Comique
872 2646 41 29 et
941 2639 103 36 dans
1076 2643 139 31 toutes
1244 2639 60 35 les
1334 2638 184 47 grandes
1550 2637 117 37 villes
1694 2638 49 36 de
1766 2639 158 35 France
1940 2651 8 33 ;
1966 2638 134 46 Jahel

77 2710 143 49 (1900),
245 2709 191 49 tragédie
465 2709 160 48 lyrique
654 2721 49 23 en
731 2721 22 34 4
785 2713 114 31 actes
924 2707 125 47 jouée
1082 2708 23 34 à
1132 2707 128 47 Lyon,
1291 2711 40 30 et
1357 2706 68 46 qui
1451 2707 230 45 reparaîtra
1701 2707 341 46 prochainement
2074 2709 25 34 à

76 2778 180 37 Genève.
278 2778 130 36 Outre
428 2789 68 24 ces
517 2789 163 24 œuvres
698 2780 219 44 purement
939 2774 297 47 dramatiques,
1262 2775 57 36 M.
1345 2773 195 48 Coquard
1562 2786 24 24 a
1608 2775 78 36 fait
1707 2775 49 36 de
1779 2777 41 34 la
1843 2776 187 46 musique
2046 2776 51 36 de

77 2849 121 34 scène
233 2858 106 37 pour
369 2844 242 39 Philoctète
644 2844 178 50 (Odéon,
858 2843 122 50 1898),
1013 2855 78 24 une
1116 2844 164 45 Jeanne
1315 2842 126 37 d'Arc
1474 2854 99 25 avec
1602 2844 211 35 orchestre
1847 2850 40 29 et
1915 2844 180 47 chœurs,

77 2917 193 34 exécutée
293 2917 24 34 à
337 2914 178 37 Orléans
536 2920 40 31 et
595 2916 24 34 à
637 2914 132 45 Blois;
792 2924 100 25 avec
905 2914 40 34 la
961 2911 302 37 collaboration
1287 2911 49 36 de
1360 2912 105 37 MM.
1487 2912 162 48 d'lndy,
1674 2912 233 46 Chausson,
1931 2912 166 37 Samuel

77 2983 237 46 Rousseau,
339 2984 50 35 de
412 2984 191 45 Bréville,
625 2984 26 35 il
673 2994 24 24 a
718 2982 172 36 terminé
912 2980 334 37 l'orchestration
1270 2980 49 36 de
1341 2980 41 36 la
1409 2980 198 37 Ghiselle
1630 2981 51 36 de
1705 2980 44 37 C.
1776 2981 164 36 Franck
1961 2980 136 49 (jouée

78 3053 25 35 à
125 3051 291 37 Monte-Carlo
440 3064 49 24 en
515 3051 124 50 1896).
663 3051 134 44 Enfin,
819 3050 28 36 il
875 3062 25 24 a
926 3062 49 24 en
997 3048 262 49 portefeuille
1280 3048 174 49 Pompèi
1459 3078 8 17 ,
1491 3049 143 36 drame
1665 3049 160 48 lyrique
1851 3061 49 24 en
1922 3062 23 35 4
1967 3051 128 42 actes,

79 3121 41 35 la
143 3121 132 35 Reine
297 3121 49 35 de
367 3122 167 35 Beauce
541 3150 7 17 ,
571 3120 186 37 comédie
792 3119 158 49 lyrique
983 3130 48 24 en
1059 3130 21 35 3
1111 3123 133 40 actes;
1267 3123 41 30 et
1340 3129 68 24 sur
1435 3118 38 35 le
1505 3118 187 35 chantier
1714 3129 7 25 :
1750 3119 109 35 Ca'in
1868 3147 7 17 ,
1905 3118 191 47 tragédie

77 3189 160 47 lyrique
259 3201 50 24 en
331 3202 20 36 3
374 3194 129 32 actes.

177 3257 55 35 Ce
260 3258 105 35 n'est
395 3270 77 35 pas
503 3258 50 36 de
586 3258 51 36 R.
666 3258 204 48 Wagner,
900 3256 104 36 mais
1037 3255 49 37 de
1115 3255 44 36 C.
1185 3255 177 44 Franck,
1387 3255 50 35 de
1460 3255 241 36 Beethoven
1722 3260 41 30 et
1785 3255 49 35 de
1858 3255 134 35 Gluck
2014 3265 79 36 que

79 3323 59 36 M.
162 3325 49 36 A.
228 3325 192 47 Coquard
444 3339 41 23 se
507 3328 180 35 réclame
710 3331 40 31 et
766 3326 99 35 s'est
880 3325 152 36 nourri.
1049 3323 143 37 Puisse
1214 3323 387 47 l'Opéra-Comique
1616 3334 199 36 procurer
1828 3323 160 36 bientôt
2008 3324 23 34 à
2048 3333 45 25 ce

78 3391 199 36 musicien
301 3393 49 36 de
372 3395 124 36 haute
518 3396 143 36 valeur
681 3396 37 35 le
741 3396 143 35 succès
908 3394 104 36 dont
1029 3393 24 36 il
1077 3398 63 30 est
1165 3391 124 48 digne
1305 3390 7 38 !

1831 3458 37 48 J.
1895 3458 44 36 C.
