2176 3640
107 169 56 48 96

800 174 240 43 MUSIQUE
1072 173 314 34 RELIGIEUSE

106 279 71 36 des
205 292 42 25 ix
249 286 13 17 e
266 292 49 23 -x
318 287 13 16 e
367 280 143 37 siècles
536 280 209 49 (883-970).
780 281 55 36 Ce
866 282 105 35 n'est
1004 293 78 34 que
1116 281 91 46 plus
1230 280 92 35 tard
1341 291 77 35 que
1441 279 182 35 l'illustre
1646 279 120 36 Ecole
1790 285 117 30 entra
1933 281 101 36 dans
2055 282 40 36 la

108 347 166 48 période
294 349 49 35 de
365 349 145 36 déclin.

205 416 56 35 M.
285 417 202 35 Houdard
505 428 102 24 nous
629 417 112 46 parle
764 417 323 47 négligemment
1103 414 96 37 d'un
1214 416 93 42 fait
1328 415 48 34 de
1392 414 196 35 notation
1606 415 174 34 curieux
1796 418 42 31 et
1853 426 113 35 rare,
1984 418 111 35 celui

104 484 49 35 de
171 484 41 35 la
233 484 193 47 séquence
438 495 180 24 VICTIME
630 496 23 23 P
660 495 187 25 ASCHALI.
864 484 34 35 Il
915 496 23 23 a
951 496 49 23 eu
1013 484 34 35 le
1063 488 84 31 tort
1162 483 49 35 de
1226 494 49 23 ne
1293 494 75 34 pas
1389 481 164 36 étendre
1569 480 301 37 suffisamment
1886 494 64 23 ses
1968 483 105 37 infor-

103 551 178 36 mations
307 562 8 25 :
346 552 34 34 le
402 551 75 35 fait
499 551 93 46 qu'il
615 551 159 48 signale
804 556 41 31 et
872 551 68 47 qui
961 550 177 37 consiste
1158 552 22 33 à
1200 551 255 47 juxtaposer
1475 560 95 23 sous
1601 550 59 33 les
1681 552 116 33 notes
1825 550 49 34 de
1896 552 197 36 vocalises

104 630 176 24 connues
303 631 52 23 un
380 622 111 33 texte
513 619 178 48 composé
713 620 195 35 d'autant
929 619 48 35 de
999 620 179 40 syllabes
1193 618 107 47 qu'il
1310 630 30 35 y
1363 618 115 35 avait
1505 617 49 34 de
1576 620 117 33 notes
1715 615 23 36 à
1761 617 196 36 traduire
1988 619 103 35 dans

105 687 43 34 la
167 687 179 34 vocalise
365 692 63 30 est
449 699 52 23 un
524 687 77 35 fait
621 688 173 34 curieux
813 699 95 23 sans
931 686 139 46 doute,
1092 686 102 35 mais
1218 686 31 34 si
1270 697 79 35 peu
1368 696 99 24 rare
1483 684 95 47 qu'il
1599 684 165 47 remplit
1775 696 178 35 presque
1975 691 116 32 toute

103 754 42 34 la
164 754 228 35 littérature
414 754 219 48 liturgique
663 754 54 36 du
742 766 74 25 vni
820 760 13 16 e
864 754 121 36 siècle
1012 766 50 23 au
1087 765 88 25 xvn
1180 760 12 16 0
1199 782 8 17 ,
1236 764 69 24 car
1331 752 33 35 si
1385 752 158 47 l'usage
1571 752 71 35 des
1674 755 135 44 tropes
1830 761 263 38 proprement

105 821 77 36 dits
205 834 24 23 a
251 824 113 33 cessé
387 834 51 23 au
458 834 74 24 xui
535 829 12 15 e
571 821 135 46 siècle,
731 821 102 36 celui
855 821 72 35 des
947 821 214 47 séquences
1184 822 96 34 s'est
1298 820 191 36 continué
1510 820 214 45 beaucoup
1747 820 92 45 plus
1861 820 106 37 tard.

203 889 65 45 Or,
289 890 99 35 c'est
409 901 45 23 ce
472 889 88 45 fait,
577 889 41 47 je
639 889 36 35 le
696 891 152 45 répète,
868 889 66 45 qui
957 888 181 36 contient
1152 889 41 34 la
1212 900 149 34 preuve
1376 887 214 36 manifeste
1606 887 49 35 de
1674 886 188 48 Végalité
1874 887 69 35 des
1961 893 128 39 notes,

103 961 40 31 et
164 956 66 46 qui
252 956 225 36 condamne
500 959 24 32 à
544 968 94 24 mon
661 968 107 33 sens,
793 968 95 23 sans
912 956 134 46 appel,
1068 956 42 35 la
1129 955 157 35 théorie
1307 955 52 35 du
1381 957 316 45 neume-temps.

198 1023 153 49 J'avais
384 1024 151 45 promis
571 1023 48 36 de
649 1028 181 30 montrer
866 1035 77 34 que
981 1024 79 34 l'on
1088 1023 182 36 trouvait
1298 1022 101 36 dans
1434 1023 60 35 les
1523 1021 247 37 manuscrits
1799 1023 40 35 la
1865 1035 153 34 preuve
2043 1024 48 36 de

101 1091 176 47 l'égalité
300 1091 69 35 des
397 1096 117 30 notes
540 1091 72 35 des
635 1102 167 24 neumes
835 1101 7 25 :
866 1091 36 35 le
930 1091 152 34 lecteur
1103 1090 88 35 dira
1220 1090 31 35 si
1272 1090 40 35 la
1335 1101 151 35 preuve
1515 1095 64 30 est
1602 1089 112 36 faite.
1738 1089 87 36 Elle
1848 1102 43 24 se
1911 1091 134 36 réduit
2067 1095 24 33 à

103 1159 83 35 ceci
211 1170 7 24 :
254 1165 35 29 i°
310 1159 65 35 Au
400 1170 43 24 ix
445 1165 13 16 e
486 1158 136 46 siècle,
648 1159 24 34 à
699 1157 228 36 Saint-Gall
948 1160 146 41 même,
1122 1169 50 23 on
1202 1169 23 23 a
1246 1169 48 23 eu
1315 1157 116 36 l'idée
1453 1157 214 46 d'adapter
1688 1157 72 35 des
1782 1158 163 45 paroles
1970 1161 24 33 à
2020 1160 70 35 des

103 1227 146 34 chants
280 1227 179 43 neumés,
491 1230 40 30 et
558 1230 105 30 cette
693 1224 241 47 adaptation
964 1225 97 35 s'est
1086 1225 99 35 faite
1214 1225 48 35 de
1287 1225 93 35 telle
1409 1225 178 35 manière
1616 1225 93 46 qu'à
1736 1225 158 47 chaque
1922 1232 95 30 note
2039 1227 53 35 du

103 1303 143 25 neume
269 1291 312 47 correspondait
606 1303 78 24 une
706 1292 156 46 syllabe
885 1291 53 36 du
959 1296 121 30 texte.
1103 1291 166 36 Comme
1292 1292 101 35 dans
1421 1297 92 31 tout
1534 1293 125 35 chant
1680 1293 225 47 syllabique
1931 1295 58 34 les
2012 1295 60 47 syl-

103 1359 115 36 labes
234 1365 93 30 sont
343 1360 137 47 égales
498 1364 40 30 et
556 1371 76 34 que
652 1359 180 35 chacune
853 1364 100 30 vaut
967 1370 73 23 son
1059 1364 132 40 temps
1207 1359 247 46 rythmique,
1472 1360 25 34 il
1515 1371 27 35 y
1563 1371 24 24 a
1609 1361 102 34 dans
1732 1372 45 23 ce
1790 1361 75 34 fait
1879 1362 40 34 la
1940 1373 150 34 preuve

104 1427 216 35 manifeste
345 1438 76 34 que
442 1427 100 34 dans
564 1426 40 35 la
624 1425 190 46 pratique
831 1425 70 35 des
924 1425 192 35 chantres
1139 1425 49 35 de
1211 1425 226 36 Saint-Gall
1459 1438 50 23 au
1525 1433 55 29 ix®
1601 1427 119 35 siècle
1735 1432 39 30 et
1796 1428 101 35 dans
1914 1429 41 34 la
1974 1430 117 40 suite,

106 1495 156 44 chaque
282 1499 95 30 note
396 1493 53 35 du
463 1504 156 35 groupe
632 1493 144 34 neumé
798 1491 127 36 valait
936 1503 52 23 un
1004 1497 148 40 temps.
1174 1492 40 35 Si
1231 1493 79 35 l'on
1333 1504 193 35 suppose,
1551 1505 159 24 comme
1731 1495 37 34 le
1789 1501 97 29 veut
1900 1496 54 35 M.
1971 1496 90 36 Hou-

103 1561 112 43 dard,
242 1572 74 34 que
339 1571 67 24 ces
428 1564 118 31 notes
568 1571 49 23 ne
639 1559 182 35 valaient
837 1570 78 36 que
938 1563 82 43 1/2,
1047 1557 80 49 1/3,
1154 1558 80 49 1/4,
1263 1559 72 48 1/5,
1355 1565 94 39 etc.,
1475 1560 49 36 de
1546 1566 150 41 temps,
1712 1561 150 47 jamais
1884 1563 38 35 la
1940 1566 150 43 pensée

98 1627 174 36 n'aurait
291 1639 55 34 pu
367 1626 113 36 venir
501 1628 25 33 à
545 1637 203 35 personne
770 1626 49 35 de
840 1626 202 35 convertir
1059 1626 58 35 les
1140 1627 144 35 chants
1303 1629 166 34 neumés
1493 1640 47 23 en
1565 1629 146 35 chants
1736 1630 264 46 syllabiques.

196 1706 18 24 2
221 1700 14 17 0
256 1695 59 35 La
337 1693 182 37 création
541 1694 71 35 des
634 1693 215 47 séquences
856 1722 7 17 ,
879 1704 114 24 —ou
1013 1705 103 34 pour
1137 1694 132 35 mieux
1286 1695 83 35 dire
1392 1695 73 35 des
1484 1700 139 43 proses
1629 1724 8 14 ,
1651 1717 48 6 —
1712 1702 62 29 est
1794 1697 33 35 si
1847 1709 81 35 peu
1946 1701 120 43 posté-

98 1762 130 35 rieure
261 1763 23 34 à
315 1775 20 19 «
368 1762 40 34 la
437 1761 156 47 grande
623 1763 159 44 époque
812 1760 48 36 de
887 1760 41 35 la
956 1761 155 35 culture
1140 1761 54 35 du
1223 1762 124 35 chant
1375 1773 67 24 sur
1463 1774 167 24 neumes
1653 1778 35 31 »,
1715 1775 158 25 comme
1898 1765 192 47 l'objecte

99 1829 57 36 M.
174 1829 214 43 Houdard,
405 1828 143 46 qu'elle
562 1839 24 24 a
600 1827 176 47 précédé
794 1827 48 35 de
858 1829 90 45 plus
971 1827 92 35 d'un
1089 1828 120 35 siècle
1223 1829 85 47 (150
1331 1841 72 23 ans
1427 1841 52 24 au
1500 1830 146 48 moins)
1664 1832 41 34 la
1726 1832 273 45 composition
2015 1833 71 36 des

98 1896 247 35 manuscrits
374 1895 180 36 célèbres
586 1897 23 32 à
632 1894 111 47 juste
773 1895 93 34 titre
889 1906 78 34 que
993 1895 58 35 M.
1077 1895 200 36 Houdard
1305 1908 24 23 a
1355 1897 82 46 pris
1466 1897 209 36 lui-même
1695 1910 101 35 pour
1811 1899 101 36 base
1935 1900 49 36 de
2013 1913 74 24 son

98 1963 149 36 travail
270 1968 40 30 et
337 1963 102 45 qu'iL
458 1961 211 36 considère
701 1973 75 35 par
807 1963 253 44 conséquent
1091 1973 156 25 comme
1280 1964 70 35 des
1381 1965 176 34 témoins
1582 1966 289 46 authentiques
1901 1968 48 35 de
1981 1973 107 31 cette

100 2032 172 45 époque.
298 2030 77 34 Les
404 2041 98 24 mss.
534 2041 69 36 qqp
632 2029 48 35 de
705 2027 232 37 Saint-Gall
959 2035 39 29 et
1025 2041 68 23 121
1120 2029 272 37 d'Einsiedeln
1420 2032 160 45 publiés
1611 2044 77 35 par
1714 2033 41 35 la
1778 2034 310 49 Paléographie

99 2098 205 35 musicale
325 2108 48 23 ne
396 2101 92 30 sont
508 2108 75 35 pas
607 2096 225 35 antérieurs
856 2107 75 24 aux
952 2097 219 46 premières
1197 2100 151 33 années
1370 2099 53 35 du
1442 2111 40 23 xi
1485 2105 12 16 e
1512 2100 139 45 siècle;
1669 2105 91 31 tout
1778 2113 50 24 au
1849 2103 91 45 plus
1959 2115 103 34 pour-

98 2164 165 46 rait-on,
287 2175 51 24 au
353 2164 82 35 dire
458 2163 71 35 des
547 2164 123 47 juges
693 2164 270 44 compétents,
985 2164 58 35 les
1065 2163 99 36 faire
1185 2171 204 30 remonter
1410 2178 76 24 aux
1507 2166 203 37 dernières
1734 2169 53 35 du
1809 2170 119 36 siècle
1949 2172 117 45 précé-

99 2232 118 44 dent;
247 2232 101 35 c'est
375 2231 105 35 donc
504 2242 91 24 vers
623 2231 80 34 l'an
735 2241 90 24 1000
854 2242 52 23 au
927 2231 91 46 plus
1047 2234 63 32 tôt
1132 2243 75 35 que
1229 2233 77 35 l'on
1329 2239 63 30 est
1415 2246 184 24 convenu
1621 2235 49 36 de
1691 2237 141 45 placer
1850 2238 41 34 la
1918 2238 95 36 date
2036 2238 50 36 de

99 2300 87 35 leur
207 2298 285 47 composition.

197 2366 69 45 Or,
291 2366 40 35 la
358 2365 181 36 création
563 2365 69 34 des
661 2376 146 35 proses
832 2376 50 24 ou
909 2365 156 48 l'usage
1087 2366 49 35 de
1155 2368 259 47 juxtaposer
1435 2384 18 18 «
1484 2381 53 24 un
1559 2375 109 30 texte
1695 2373 160 45 rythmé
1886 2384 96 24 sous
2013 2373 72 35 des

94 2434 202 35 vocalises
324 2432 299 47 préexistantes
653 2446 18 19 »
700 2437 186 30 remonte
915 2433 295 36 certainement
1244 2437 24 32 à
1300 2436 40 34 la
1369 2437 200 44 première
1601 2438 137 35 moitié
1774 2439 53 35 du
1855 2451 43 23 ix
1903 2446 12 16 e
1949 2441 135 45 siècle,

94 2501 173 47 puisque
289 2511 102 25 nous
414 2500 36 35 le
472 2511 157 36 voyons
650 2498 186 47 pratiqué
860 2500 22 34 à
904 2499 187 48 l'abbaye
1105 2500 49 35 de
1176 2501 209 48 Jumièges
1409 2504 346 37 antérieurement
1771 2508 23 34 à
1809 2506 158 36 l'année
1990 2508 91 47 851;

98 2574 40 30 et
153 2573 108 31 cette
278 2568 94 35 date
393 2578 169 35 marque
579 2567 185 45 l'époque
778 2568 50 33 où
844 2566 160 35 Notker
1021 2567 198 47 inaugure
1243 2571 22 33 à
1286 2569 283 39 Saint-Galice
1588 2584 126 36 genre
1731 2574 49 35 de
1797 2575 285 45 composition.

96 2636 117 35 Cette
235 2635 182 36 création
441 2639 64 30 est
526 2634 103 35 donc
656 2633 95 36 bien
778 2636 334 45 contemporaine
1134 2635 49 34 de
1213 2636 179 48 l'époque
1421 2639 210 47 classique
1660 2640 70 35 des
1750 2653 167 24 neumes
1929 2654 7 33 ;
1961 2643 75 35 elle
2062 2655 24 23 a

95 2702 171 48 précédé
290 2702 100 35 celle
416 2713 76 34 que
512 2701 58 36 M.
598 2700 201 36 Houdard
821 2712 160 24 nomme
1003 2702 43 35 la
1067 2702 159 47 grande
1249 2703 152 49 époque
1415 2716 8 34 ;
1448 2706 74 36 elle
1545 2719 24 24 a
1592 2707 102 37 suivi
1716 2709 49 35 de
1786 2712 83 32 très
1890 2721 80 35 peu
1990 2711 76 35 l'ar-

95 2770 108 35 rivée
232 2781 48 24 en
306 2769 130 35 Gaule
463 2768 69 36 des
564 2769 190 35 chantres
783 2768 196 46 romains,
1004 2775 38 29 et
1070 2781 103 24 nous
1199 2771 41 35 la
1267 2784 158 35 voyons
1455 2774 150 44 fleurir,
1630 2777 23 33 à
1682 2775 232 37 Saint-Gall
1936 2780 144 43 même,

98 2849 51 24 au
171 2842 182 30 moment
375 2838 51 33 où
449 2841 106 30 cette
578 2836 124 35 Ecole
726 2841 61 30 est
809 2838 101 33 dans
929 2841 90 30 tout
1041 2848 73 24 son
1138 2838 118 46 éclat,
1282 2842 119 44 après
1423 2841 114 36 avoir
1559 2853 50 25 eu
1628 2854 105 34 pour
1747 2845 172 45 premier
1940 2850 145 31 auteur

93 2915 53 24 un
170 2904 49 35 de
238 2914 64 24 ses
320 2903 90 46 plus
431 2902 152 45 grands
606 2903 182 44 maîtres,
813 2902 115 36 sinon
951 2903 36 35 le
1008 2902 92 47 plus
1122 2904 133 45 grand
1279 2906 48 34 de
1349 2911 109 32 tous.

191 3001 117 37 P.-S.
402 3000 38 34 A
459 3000 152 35 l'Ecole
635 3000 49 35 de
713 3000 184 46 musique
924 3001 201 47 classique
1154 3002 146 37 fondée
1328 3015 76 35 par
1431 3005 46 35 L.
1501 3006 305 49 Niedermeyer,
1835 3009 56 43 18,
1917 3021 70 24 rue
2009 3010 73 35 des

91 3069 111 45 Pins,
231 3071 23 33 à
287 3066 456 48 Boulogne-sur-Seine,
781 3067 95 48 Mgr
907 3067 184 47 l'évêque
1129 3070 48 34 de
1209 3069 214 37 Saint-Dié
1452 3084 24 23 a
1512 3073 87 47 fait,
1633 3075 37 34 le
1700 3076 113 46 jeudi
1846 3087 46 26 20
1920 3078 159 45 février,

91 3148 78 25 une
192 3135 239 37 conférence
456 3136 83 34 très
561 3135 150 47 goûtée
740 3146 69 24 sur
835 3136 35 34 le
894 3135 273 47 plain-chant.
1195 3137 59 36 M.
1282 3139 166 45 Eugène
1471 3139 166 47 Gigout,
1667 3144 212 46 organiste
1902 3147 24 33 à
1949 3145 131 35 Saint-

91 3203 208 47 Augustin
318 3208 40 30 et
378 3202 236 46 professeur
635 3201 169 48 d'orgue
827 3204 24 33 à
871 3203 169 44 l'Ecole,
1065 3215 23 24 a
1115 3204 218 47 improvisé
1357 3218 99 24 avec
1477 3219 74 24 son
1572 3209 131 36 talent
1723 3211 184 36 habituel
1929 3224 68 24 sur
2023 3213 58 35 les

92 3272 142 36 modes
258 3270 254 47 grégoriens.

974 3373 56 37 Le
1061 3372 459 53 Propriétaire-Gérant
1552 3386 12 28 :
1597 3376 63 41 H.
1701 3378 208 41 WELTER.

599 3461 99 27 Paris.
778 3460 34 28 L.
835 3461 220 35 MARETHEUX,
1079 3464 189 34 imprimeur,
1292 3473 25 25 i,
1338 3472 57 19 rue
1417 3464 158 30 Cassette.
