<?xml version="1.0" encoding="UTF-8"?>
<alto xmlns:xsi="http://www.w3.org/2001/XMLSchema-instance" xmlns="http://www.loc.gov/standards/alto/ns-v2#" xsi:schemaLocation="http://www.loc.gov/standards/alto/ns-v2# http://www.loc.gov/standards/alto/alto-v2.0.xsd" xmlns:xlink="http://www.w3.org/1999/xlink">
	<Description>
		<MeasurementUnit>mm10</MeasurementUnit>
		<sourceImageInformation>
			<fileName>//fileserver7/IN2-2/Princeton/bmtnabj/1902/02_01/00000091.tif</fileName>
		</sourceImageInformation>
		<OCRProcessing ID="OCRPROCESSING_1">
			<preProcessingStep>
				<processingSoftware>
					<softwareCreator>CCS Content Conversion Specialists GmbH, Germany</softwareCreator>
					<softwareName>CCS docWorks</softwareName>
					<softwareVersion>6.7-1.20</softwareVersion>
				</processingSoftware>
			</preProcessingStep>
			<ocrProcessingStep>
				<processingSoftware>
					<softwareCreator>ABBYY (BIT Software), Russia</softwareCreator>
					<softwareName>FineReader</softwareName>
					<softwareVersion>10.0</softwareVersion>
				</processingSoftware>
			</ocrProcessingStep>
		</OCRProcessing>
		<OCRProcessing ID="OCRPROCESSING_2">
			<preProcessingStep>
				<processingSoftware>
					<softwareCreator>CCS Content Conversion Specialists GmbH, Germany</softwareCreator>
					<softwareName>CCS docWorks</softwareName>
					<softwareVersion>6.7-1.20</softwareVersion>
				</processingSoftware>
			</preProcessingStep>
			<ocrProcessingStep>
				<processingSoftware>
					<softwareCreator>ABBYY (BIT Software), Russia</softwareCreator>
					<softwareName>NA</softwareName>
				</processingSoftware>
			</ocrProcessingStep>
		</OCRProcessing>
	</Description>
	<Styles>
		<TextStyle ID="TXT_0" FONTSIZE="13" FONTFAMILY="Times New Roman"/>
		<TextStyle ID="TXT_1" FONTSIZE="14" FONTFAMILY="Times New Roman"/>
		<TextStyle ID="TXT_2" FONTSIZE="12" FONTFAMILY="Times New Roman"/>
		<TextStyle ID="TXT_3" FONTSIZE="14" FONTFAMILY="Times New Roman" FONTSTYLE="italics"/>
		<TextStyle ID="TXT_4" FONTSIZE="11" FONTFAMILY="Times New Roman" FONTSTYLE="bold"/>
		<TextStyle ID="TXT_5" FONTSIZE="17" FONTFAMILY="Times New Roman" FONTSTYLE="bold"/>
		<TextStyle ID="TXT_6" FONTSIZE="10" FONTFAMILY="Times New Roman"/>
		<TextStyle ID="TXT_7" FONTSIZE="10" FONTFAMILY="Times New Roman" FONTSTYLE="italics"/>
		<TextStyle ID="TXT_8" FONTSIZE="10" FONTFAMILY="Times New Roman"/>
		<TextStyle ID="TXT_9" FONTSIZE="9" FONTFAMILY="Times New Roman"/>
		<ParagraphStyle ID="PAR_CENTER" ALIGN="Center"/>
		<ParagraphStyle ID="PAR_RIGHT" ALIGN="Right"/>
		<ParagraphStyle ID="PAR_BLOCK" ALIGN="Block"/>
		<ParagraphStyle ID="PAR_LEFT" ALIGN="Left"/>
	</Styles>
	<Layout>
		<Page ID="P15" PHYSICAL_IMG_NR="15" HEIGHT="3640" WIDTH="2176" PRINTED_IMG_NR="71" PC="0.865">
			<TopMargin ID="P15_TM00001" HPOS="0" VPOS="0" WIDTH="2176" HEIGHT="187">
				<TextBlock ID="P15_TB00001" HPOS="718" VPOS="138" WIDTH="739" HEIGHT="37" STYLEREFS="TXT_0 PAR_CENTER">
					<TextLine ID="P15_TL00001" HPOS="718" VPOS="139" WIDTH="739" HEIGHT="36">
						<String ID="P15_ST00001" HPOS="718" VPOS="142" WIDTH="94" HEIGHT="33" CONTENT="LES" WC="0.98" CC="500"/>
						<SP ID="P15_SP00001" HPOS="812" VPOS="175" WIDTH="37"/>
						<String ID="P15_ST00002" HPOS="849" VPOS="140" WIDTH="237" HEIGHT="34" CONTENT="SONATES" WC="0.98" CC="4106660"/>
						<SP ID="P15_SP00002" HPOS="1086" VPOS="175" WIDTH="35"/>
						<String ID="P15_ST00003" HPOS="1121" VPOS="140" WIDTH="69" HEIGHT="32" CONTENT="DE" WC="0.69" CC="60"/>
						<SP ID="P15_SP00003" HPOS="1190" VPOS="175" WIDTH="33"/>
						<String ID="P15_ST00004" HPOS="1223" VPOS="139" WIDTH="234" HEIGHT="32" CONTENT="KUHNAU" WC="0.58" CC="436324"/>
					</TextLine>
				</TextBlock>
				<TextBlock ID="P15_TB00002" HPOS="2031" VPOS="145" WIDTH="48" HEIGHT="40" STYLEREFS="TXT_1 PAR_RIGHT">
					<TextLine ID="P15_TL00002" HPOS="2032" VPOS="145" WIDTH="47" HEIGHT="39">
						<String ID="P15_ST00005" HPOS="2032" VPOS="145" WIDTH="47" HEIGHT="39" CONTENT="71" WC="0.33" CC="57"/>
					</TextLine>
				</TextBlock>
			</TopMargin>
			<LeftMargin ID="P15_LM00001" HPOS="0" VPOS="187" WIDTH="75" HEIGHT="3333"/>
			<RightMargin ID="P15_RM00001" HPOS="2104" VPOS="187" WIDTH="72" HEIGHT="3333"/>
			<BottomMargin ID="P15_BM00001" HPOS="0" VPOS="3520" WIDTH="2176" HEIGHT="120"/>
			<PrintSpace ID="P15_PS00001" HPOS="75" VPOS="187" WIDTH="2029" HEIGHT="3333">
				<TextBlock ID="P15_TB00003" HPOS="75" VPOS="244" WIDTH="2017" HEIGHT="536" STYLEREFS="TXT_1 PAR_BLOCK">
					<TextLine ID="P15_TL00003" HPOS="78" VPOS="244" WIDTH="2008" HEIGHT="53">
						<String ID="P15_ST00006" HPOS="78" VPOS="248" WIDTH="50" HEIGHT="37" CONTENT="de" WC="0.61" CC="43"/>
						<SP ID="P15_SP00004" HPOS="128" VPOS="285" WIDTH="32"/>
						<String ID="P15_ST00007" HPOS="160" VPOS="247" WIDTH="177" HEIGHT="38" CONTENT="certains" WC="1.00" CC="00500202"/>
						<SP ID="P15_SP00005" HPOS="337" VPOS="285" WIDTH="32"/>
						<String ID="P15_ST00008" HPOS="369" VPOS="250" WIDTH="370" HEIGHT="47" CONTENT="rapprochements" WC="1.00" CC="00000006002000"/>
						<SP ID="P15_SP00006" HPOS="739" VPOS="297" WIDTH="33"/>
						<String ID="P15_ST00009" HPOS="772" VPOS="259" WIDTH="100" HEIGHT="25" CONTENT="avec" WC="1.00" CC="0000"/>
						<SP ID="P15_SP00007" HPOS="872" VPOS="297" WIDTH="31"/>
						<String ID="P15_ST00010" HPOS="903" VPOS="247" WIDTH="355" HEIGHT="36" CONTENT="I'INTAVOLATURA" WC="0.63" CC="10096340450563" STYLEREFS="TXT_2"/>
						<SP ID="P15_SP00008" HPOS="1258" VPOS="297" WIDTH="27"/>
						<String ID="P15_ST00011" HPOS="1285" VPOS="256" WIDTH="79" HEIGHT="24" CONTENT="DEL" WC="0.51" CC="805" STYLEREFS="TXT_2"/>
						<SP ID="P15_SP00009" HPOS="1364" VPOS="297" WIDTH="29"/>
						<String ID="P15_ST00012" HPOS="1393" VPOS="245" WIDTH="164" HEIGHT="46" CONTENT="ROTTA," WC="0.85" CC="202003" STYLEREFS="TXT_2"/>
						<SP ID="P15_SP00010" HPOS="1557" VPOS="297" WIDTH="33"/>
						<String ID="P15_ST00013" HPOS="1590" VPOS="244" WIDTH="103" HEIGHT="36" CONTENT="dont" WC="0.98" CC="0080"/>
						<SP ID="P15_SP00011" HPOS="1693" VPOS="297" WIDTH="24"/>
						<String ID="P15_ST00014" HPOS="1717" VPOS="244" WIDTH="42" HEIGHT="47" CONTENT="je" WC="1.00" CC="00"/>
						<SP ID="P15_SP00012" HPOS="1759" VPOS="297" WIDTH="28"/>
						<String ID="P15_ST00015" HPOS="1787" VPOS="245" WIDTH="177" HEIGHT="46" CONTENT="parlerai" WC="1.00" CC="00300003"/>
						<SP ID="P15_SP00013" HPOS="1964" VPOS="297" WIDTH="30"/>
						<String ID="P15_ST00016" HPOS="1994" VPOS="247" WIDTH="92" HEIGHT="45" CONTENT="plus" WC="0.98" CC="0420"/>
					</TextLine>
					<TextLine ID="P15_TL00004" HPOS="75" VPOS="313" WIDTH="2013" HEIGHT="52">
						<String ID="P15_ST00017" HPOS="75" VPOS="317" WIDTH="100" HEIGHT="44" CONTENT="loin," WC="0.98" CC="20573"/>
						<SP ID="P15_SP00014" HPOS="175" VPOS="361" WIDTH="29"/>
						<String ID="P15_ST00018" HPOS="204" VPOS="317" WIDTH="73" HEIGHT="48" CONTENT="j'ai" WC="0.98" CC="2305"/>
						<SP ID="P15_SP00015" HPOS="277" VPOS="365" WIDTH="26"/>
						<String ID="P15_ST00019" HPOS="303" VPOS="318" WIDTH="130" HEIGHT="36" CONTENT="réussi" WC="0.99" CC="104000"/>
						<SP ID="P15_SP00016" HPOS="433" VPOS="365" WIDTH="34"/>
						<String ID="P15_ST00020" HPOS="467" VPOS="320" WIDTH="24" HEIGHT="33" CONTENT="à" WC="0.33" CC="6"/>
						<SP ID="P15_SP00017" HPOS="491" VPOS="365" WIDTH="28"/>
						<String ID="P15_ST00021" HPOS="519" VPOS="316" WIDTH="276" HEIGHT="37" CONTENT="reconstruire" WC="1.00" CC="400350000440"/>
						<SP ID="P15_SP00018" HPOS="795" VPOS="365" WIDTH="33"/>
						<String ID="P15_ST00022" HPOS="828" VPOS="317" WIDTH="42" HEIGHT="34" CONTENT="la" WC="1.00" CC="00"/>
						<SP ID="P15_SP00019" HPOS="870" VPOS="365" WIDTH="29"/>
						<String ID="P15_ST00023" HPOS="899" VPOS="326" WIDTH="179" HEIGHT="25" CONTENT="canzone" WC="0.72" CC="0054054"/>
						<SP ID="P15_SP00020" HPOS="1078" VPOS="365" WIDTH="26"/>
						<String ID="P15_ST00024" HPOS="1104" VPOS="325" WIDTH="7" HEIGHT="25" CONTENT=":" WC="0.73" CC="2"/>
						<SP ID="P15_SP00021" HPOS="1111" VPOS="365" WIDTH="32"/>
						<String ID="P15_ST00025" HPOS="1143" VPOS="315" WIDTH="225" HEIGHT="47" CONTENT="Fringotes" WC="0.90" CC="002000700" STYLEREFS="TXT_3"/>
						<SP ID="P15_SP00022" HPOS="1368" VPOS="365" WIDTH="24"/>
						<String ID="P15_ST00026" HPOS="1392" VPOS="314" WIDTH="156" HEIGHT="48" CONTENT="jeunes" WC="0.99" CC="000700" STYLEREFS="TXT_3"/>
						<SP ID="P15_SP00023" HPOS="1548" VPOS="365" WIDTH="21"/>
						<String ID="P15_ST00027" HPOS="1569" VPOS="314" WIDTH="122" HEIGHT="46" CONTENT="filles" WC="0.99" CC="105400" STYLEREFS="TXT_3"/>
						<SP ID="P15_SP00024" HPOS="1691" VPOS="365" WIDTH="19"/>
						<String ID="P15_ST00028" HPOS="1710" VPOS="325" WIDTH="8" HEIGHT="34" CONTENT=";" WC="1.00" CC="0"/>
						<SP ID="P15_SP00025" HPOS="1718" VPOS="365" WIDTH="31"/>
						<String ID="P15_ST00029" HPOS="1749" VPOS="313" WIDTH="105" HEIGHT="36" CONTENT="mais" WC="1.00" CC="0000"/>
						<SP ID="P15_SP00026" HPOS="1854" VPOS="365" WIDTH="30"/>
						<String ID="P15_ST00030" HPOS="1884" VPOS="314" WIDTH="100" HEIGHT="35" CONTENT="c'est" WC="0.99" CC="04010"/>
						<SP ID="P15_SP00027" HPOS="1984" VPOS="365" WIDTH="27"/>
						<String ID="P15_ST00031" HPOS="2011" VPOS="325" WIDTH="77" HEIGHT="23" CONTENT="une" WC="0.95" CC="760"/>
					</TextLine>
					<TextLine ID="P15_TL00005" HPOS="76" VPOS="381" WIDTH="2013" HEIGHT="53">
						<String ID="P15_ST00032" HPOS="76" VPOS="386" WIDTH="277" HEIGHT="48" CONTENT="composition" WC="1.00" CC="00001030403"/>
						<SP ID="P15_SP00028" HPOS="353" VPOS="434" WIDTH="33"/>
						<String ID="P15_ST00033" HPOS="386" VPOS="386" WIDTH="32" HEIGHT="37" CONTENT="si" WC="0.80" CC="04"/>
						<SP ID="P15_SP00029" HPOS="418" VPOS="434" WIDTH="27"/>
						<String ID="P15_ST00034" HPOS="445" VPOS="386" WIDTH="186" HEIGHT="47" CONTENT="vulgaire" WC="0.99" CC="00090330"/>
						<SP ID="P15_SP00030" HPOS="631" VPOS="434" WIDTH="33"/>
						<String ID="P15_ST00035" HPOS="664" VPOS="390" WIDTH="40" HEIGHT="31" CONTENT="et" WC="1.00" CC="00"/>
						<SP ID="P15_SP00031" HPOS="704" VPOS="434" WIDTH="28"/>
						<String ID="P15_ST00036" HPOS="732" VPOS="384" WIDTH="33" HEIGHT="37" CONTENT="si" WC="0.85" CC="02"/>
						<SP ID="P15_SP00032" HPOS="765" VPOS="434" WIDTH="31"/>
						<String ID="P15_ST00037" HPOS="796" VPOS="383" WIDTH="292" HEIGHT="50" CONTENT="insignifiante," WC="0.99" CC="45030418706034"/>
						<SP ID="P15_SP00033" HPOS="1088" VPOS="434" WIDTH="34"/>
						<String ID="P15_ST00038" HPOS="1122" VPOS="383" WIDTH="146" HEIGHT="47" CONTENT="qu'elle" WC="0.99" CC="0301522"/>
						<SP ID="P15_SP00034" HPOS="1268" VPOS="434" WIDTH="35"/>
						<String ID="P15_ST00039" HPOS="1303" VPOS="394" WIDTH="49" HEIGHT="24" CONTENT="ne" WC="0.86" CC="20"/>
						<SP ID="P15_SP00035" HPOS="1352" VPOS="434" WIDTH="34"/>
						<String ID="P15_ST00040" HPOS="1386" VPOS="387" WIDTH="101" HEIGHT="31" CONTENT="vaut" WC="0.99" CC="0030"/>
						<SP ID="P15_SP00036" HPOS="1487" VPOS="434" WIDTH="32"/>
						<String ID="P15_ST00041" HPOS="1519" VPOS="393" WIDTH="77" HEIGHT="36" CONTENT="pas" WC="0.98" CC="050"/>
						<SP ID="P15_SP00037" HPOS="1596" VPOS="434" WIDTH="32"/>
						<String ID="P15_ST00042" HPOS="1628" VPOS="381" WIDTH="40" HEIGHT="36" CONTENT="la" WC="0.77" CC="40"/>
						<SP ID="P15_SP00038" HPOS="1668" VPOS="434" WIDTH="27"/>
						<String ID="P15_ST00043" HPOS="1695" VPOS="381" WIDTH="121" HEIGHT="48" CONTENT="peine" WC="0.98" CC="05511"/>
						<SP ID="P15_SP00039" HPOS="1816" VPOS="434" WIDTH="37"/>
						<String ID="P15_ST00044" HPOS="1853" VPOS="381" WIDTH="121" HEIGHT="47" CONTENT="qu'on" WC="0.99" CC="04005"/>
						<SP ID="P15_SP00040" HPOS="1974" VPOS="434" WIDTH="32"/>
						<String ID="P15_ST00045" HPOS="2006" VPOS="381" WIDTH="83" HEIGHT="37" CONTENT="s'en" WC="0.99" CC="0402"/>
					</TextLine>
					<TextLine ID="P15_TL00006" HPOS="78" VPOS="451" WIDTH="1679" HEIGHT="52">
						<String ID="P15_ST00046" HPOS="78" VPOS="467" WIDTH="155" HEIGHT="36" CONTENT="occupe" WC="0.99" CC="000600"/>
						<SP ID="P15_SP00041" HPOS="233" VPOS="503" WIDTH="17"/>
						<String ID="P15_ST00047" HPOS="250" VPOS="467" WIDTH="9" HEIGHT="34" CONTENT=";" WC="0.50" CC="4"/>
						<SP ID="P15_SP00042" HPOS="259" VPOS="503" WIDTH="22"/>
						<String ID="P15_ST00048" HPOS="281" VPOS="461" WIDTH="41" HEIGHT="31" CONTENT="et" WC="1.00" CC="00"/>
						<SP ID="P15_SP00043" HPOS="322" VPOS="503" WIDTH="21"/>
						<String ID="P15_ST00049" HPOS="343" VPOS="456" WIDTH="88" HEIGHT="36" CONTENT="cela" WC="0.99" CC="0060"/>
						<SP ID="P15_SP00044" HPOS="431" VPOS="503" WIDTH="21"/>
						<String ID="P15_ST00050" HPOS="452" VPOS="456" WIDTH="78" HEIGHT="36" CONTENT="m'a" WC="0.97" CC="206"/>
						<SP ID="P15_SP00045" HPOS="530" VPOS="503" WIDTH="21"/>
						<String ID="P15_ST00051" HPOS="551" VPOS="455" WIDTH="141" HEIGHT="36" CONTENT="enlevé" WC="1.00" CC="040000"/>
						<SP ID="P15_SP00046" HPOS="692" VPOS="503" WIDTH="21"/>
						<String ID="P15_ST00052" HPOS="713" VPOS="458" WIDTH="91" HEIGHT="31" CONTENT="tout" WC="0.98" CC="0440"/>
						<SP ID="P15_SP00047" HPOS="804" VPOS="503" WIDTH="20"/>
						<String ID="P15_ST00053" HPOS="824" VPOS="458" WIDTH="140" HEIGHT="41" CONTENT="regret" WC="1.00" CC="110300"/>
						<SP ID="P15_SP00048" HPOS="964" VPOS="503" WIDTH="19"/>
						<String ID="P15_ST00054" HPOS="983" VPOS="452" WIDTH="50" HEIGHT="36" CONTENT="de" WC="0.83" CC="03"/>
						<SP ID="P15_SP00049" HPOS="1033" VPOS="503" WIDTH="19"/>
						<String ID="P15_ST00055" HPOS="1052" VPOS="451" WIDTH="156" HEIGHT="37" CONTENT="n'avoir" WC="0.99" CC="0300006"/>
						<SP ID="P15_SP00050" HPOS="1208" VPOS="503" WIDTH="20"/>
						<String ID="P15_ST00056" HPOS="1228" VPOS="463" WIDTH="77" HEIGHT="35" CONTENT="pas" WC="1.00" CC="000"/>
						<SP ID="P15_SP00051" HPOS="1305" VPOS="503" WIDTH="19"/>
						<String ID="P15_ST00057" HPOS="1324" VPOS="451" WIDTH="179" HEIGHT="48" CONTENT="compris" WC="1.00" CC="0000500"/>
						<SP ID="P15_SP00052" HPOS="1503" VPOS="503" WIDTH="18"/>
						<String ID="P15_ST00058" HPOS="1521" VPOS="452" WIDTH="58" HEIGHT="36" CONTENT="les" WC="0.98" CC="401"/>
						<SP ID="P15_SP00053" HPOS="1579" VPOS="503" WIDTH="24"/>
						<String ID="P15_ST00059" HPOS="1603" VPOS="457" WIDTH="154" HEIGHT="31" CONTENT="autres." WC="0.99" CC="0600204"/>
					</TextLine>
					<TextLine ID="P15_TL00007" HPOS="177" VPOS="519" WIDTH="1914" HEIGHT="54">
						<String ID="P15_ST00060" HPOS="177" VPOS="524" WIDTH="79" HEIGHT="49" CONTENT="J'ai" WC="0.98" CC="0405"/>
						<SP ID="P15_SP00054" HPOS="256" VPOS="573" WIDTH="22"/>
						<String ID="P15_ST00061" HPOS="278" VPOS="525" WIDTH="145" HEIGHT="36" CONTENT="trouvé" WC="1.00" CC="060000"/>
						<SP ID="P15_SP00055" HPOS="423" VPOS="573" WIDTH="20"/>
						<String ID="P15_ST00062" HPOS="443" VPOS="524" WIDTH="102" HEIGHT="36" CONTENT="dans" WC="0.99" CC="0060"/>
						<SP ID="P15_SP00056" HPOS="545" VPOS="573" WIDTH="22"/>
						<String ID="P15_ST00063" HPOS="567" VPOS="523" WIDTH="353" HEIGHT="36" CONTENT="I'INTABOLATURA" WC="0.69" CC="20323560800307"/>
						<SP ID="P15_SP00057" HPOS="920" VPOS="573" WIDTH="20"/>
						<String ID="P15_ST00064" HPOS="940" VPOS="534" WIDTH="51" HEIGHT="23" CONTENT="DE" WC="0.69" CC="60" STYLEREFS="TXT_2"/>
						<SP ID="P15_SP00058" HPOS="991" VPOS="573" WIDTH="18"/>
						<String ID="P15_ST00065" HPOS="1009" VPOS="532" WIDTH="136" HEIGHT="26" CONTENT="LAUTO" WC="0.56" CC="50735" STYLEREFS="TXT_2"/>
						<SP ID="P15_SP00059" HPOS="1145" VPOS="573" WIDTH="20"/>
						<String ID="P15_ST00066" HPOS="1165" VPOS="533" WIDTH="53" HEIGHT="24" CONTENT="DE" WC="0.58" CC="70" STYLEREFS="TXT_2"/>
						<SP ID="P15_SP00060" HPOS="1218" VPOS="573" WIDTH="20"/>
						<String ID="P15_ST00067" HPOS="1238" VPOS="519" WIDTH="413" HEIGHT="38" CONTENT="L'ECCELLENTISSIMO" WC="0.82" CC="60001206050104000" STYLEREFS="TXT_2"/>
						<SP ID="P15_SP00061" HPOS="1651" VPOS="573" WIDTH="23"/>
						<String ID="P15_ST00068" HPOS="1674" VPOS="532" WIDTH="149" HEIGHT="25" CONTENT="MUSICO" WC="0.87" CC="010320" STYLEREFS="TXT_2"/>
						<SP ID="P15_SP00062" HPOS="1823" VPOS="573" WIDTH="23"/>
						<String ID="P15_ST00069" HPOS="1846" VPOS="532" WIDTH="43" HEIGHT="25" CONTENT="M." WC="0.78" CC="04" STYLEREFS="TXT_4"/>
						<SP ID="P15_SP00063" HPOS="1889" VPOS="573" WIDTH="23"/>
						<String ID="P15_ST00070" HPOS="1912" VPOS="531" WIDTH="179" HEIGHT="26" CONTENT="ANTONIO" WC="0.61" CC="0726900" STYLEREFS="TXT_2"/>
					</TextLine>
					<TextLine ID="P15_TL00008" HPOS="78" VPOS="589" WIDTH="2014" HEIGHT="50">
						<String ID="P15_ST00071" HPOS="78" VPOS="592" WIDTH="164" HEIGHT="47" CONTENT="ROTTA," WC="0.78" CC="400404" STYLEREFS="TXT_2"/>
						<SP ID="P15_SP00064" HPOS="242" VPOS="639" WIDTH="38"/>
						<String ID="P15_ST00072" HPOS="280" VPOS="599" WIDTH="78" HEIGHT="31" CONTENT="etc." WC="0.98" CC="6003"/>
						<SP ID="P15_SP00065" HPOS="358" VPOS="639" WIDTH="34"/>
						<String ID="P15_ST00073" HPOS="392" VPOS="604" WIDTH="124" HEIGHT="25" CONTENT="LIBRO" WC="0.63" CC="02635" STYLEREFS="TXT_2"/>
						<SP ID="P15_SP00066" HPOS="516" VPOS="639" WIDTH="35"/>
						<String ID="P15_ST00074" HPOS="551" VPOS="603" WIDTH="145" HEIGHT="34" CONTENT="PRIMO," WC="0.98" CC="804054" STYLEREFS="TXT_2"/>
						<SP ID="P15_SP00067" HPOS="696" VPOS="639" WIDTH="33"/>
						<String ID="P15_ST00075" HPOS="729" VPOS="592" WIDTH="50" HEIGHT="34" CONTENT="In" WC="0.75" CC="04" STYLEREFS="TXT_3"/>
						<SP ID="P15_SP00068" HPOS="779" VPOS="639" WIDTH="33"/>
						<String ID="P15_ST00076" HPOS="812" VPOS="592" WIDTH="174" HEIGHT="36" CONTENT="Venetia" WC="0.79" CC="0000409" STYLEREFS="TXT_3"/>
						<SP ID="P15_SP00069" HPOS="986" VPOS="639" WIDTH="34"/>
						<String ID="P15_ST00077" HPOS="1020" VPOS="594" WIDTH="168" HEIGHT="44" CONTENT="apresso" WC="0.92" CC="0500000" STYLEREFS="TXT_3"/>
						<SP ID="P15_SP00070" HPOS="1188" VPOS="639" WIDTH="29"/>
						<String ID="P15_ST00078" HPOS="1217" VPOS="589" WIDTH="48" HEIGHT="36" CONTENT="di" WC="1.00" CC="00" STYLEREFS="TXT_3"/>
						<SP ID="P15_SP00071" HPOS="1265" VPOS="639" WIDTH="29"/>
						<String ID="P15_ST00079" HPOS="1294" VPOS="590" WIDTH="188" HEIGHT="36" CONTENT="Antonio" WC="0.99" CC="2060022" STYLEREFS="TXT_3"/>
						<SP ID="P15_SP00072" HPOS="1482" VPOS="639" WIDTH="41"/>
						<String ID="P15_ST00080" HPOS="1523" VPOS="590" WIDTH="208" HEIGHT="36" CONTENT="Gardane" WC="0.96" CC="0000020" STYLEREFS="TXT_3"/>
						<SP ID="P15_SP00073" HPOS="1731" VPOS="639" WIDTH="33"/>
						<String ID="P15_ST00081" HPOS="1764" VPOS="602" WIDTH="236" HEIGHT="35" CONTENT="MDXXXXVI," WC="0.86" CC="033010004" STYLEREFS="TXT_2"/>
						<SP ID="P15_SP00074" HPOS="2000" VPOS="639" WIDTH="34"/>
						<String ID="P15_ST00082" HPOS="2034" VPOS="590" WIDTH="58" HEIGHT="35" CONTENT="les" WC="0.99" CC="300"/>
					</TextLine>
					<TextLine ID="P15_TL00009" HPOS="79" VPOS="659" WIDTH="2012" HEIGHT="49">
						<String ID="P15_ST00083" HPOS="79" VPOS="663" WIDTH="207" HEIGHT="35" CONTENT="chansons" WC="0.99" CC="00060333"/>
						<SP ID="P15_SP00075" HPOS="286" VPOS="698" WIDTH="23"/>
						<String ID="P15_ST00084" HPOS="309" VPOS="673" WIDTH="9" HEIGHT="26" CONTENT=":" WC="0.44" CC="5"/>
						<SP ID="P15_SP00076" HPOS="318" VPOS="699" WIDTH="31"/>
						<String ID="P15_ST00085" HPOS="349" VPOS="663" WIDTH="155" HEIGHT="35" CONTENT="Hellas" WC="0.68" CC="406800" STYLEREFS="TXT_3"/>
						<SP ID="P15_SP00077" HPOS="504" VPOS="699" WIDTH="32"/>
						<String ID="P15_ST00086" HPOS="536" VPOS="673" WIDTH="92" HEIGHT="23" CONTENT="mon" WC="0.99" CC="010" STYLEREFS="TXT_3"/>
						<SP ID="P15_SP00078" HPOS="628" VPOS="699" WIDTH="24"/>
						<String ID="P15_ST00087" HPOS="652" VPOS="659" WIDTH="113" HEIGHT="44" CONTENT="dieu," WC="1.00" CC="00002" STYLEREFS="TXT_3"/>
						<SP ID="P15_SP00079" HPOS="765" VPOS="703" WIDTH="29"/>
						<String ID="P15_ST00088" HPOS="794" VPOS="659" WIDTH="34" HEIGHT="37" CONTENT="A" WC="0.71" CC="2" STYLEREFS="TXT_3"/>
						<SP ID="P15_SP00080" HPOS="828" VPOS="703" WIDTH="26"/>
						<String ID="P15_ST00089" HPOS="854" VPOS="660" WIDTH="77" HEIGHT="47" CONTENT="qui" WC="0.98" CC="600" STYLEREFS="TXT_3"/>
						<SP ID="P15_SP00081" HPOS="931" VPOS="707" WIDTH="22"/>
						<String ID="P15_ST00090" HPOS="953" VPOS="672" WIDTH="61" HEIGHT="23" CONTENT="me" WC="0.58" CC="08" STYLEREFS="TXT_3"/>
						<SP ID="P15_SP00082" HPOS="1014" VPOS="707" WIDTH="32"/>
						<String ID="P15_ST00091" HPOS="1046" VPOS="659" WIDTH="119" HEIGHT="49" CONTENT="doib\" WC="0.68" CC="05009" STYLEREFS="TXT_3"/>
						<SP ID="P15_SP00083" HPOS="1165" VPOS="708" WIDTH="30"/>
						<String ID="P15_ST00092" HPOS="1195" VPOS="660" WIDTH="36" HEIGHT="34" CONTENT="ie" WC="1.00" CC="00" STYLEREFS="TXT_3"/>
						<SP ID="P15_SP00084" HPOS="1231" VPOS="708" WIDTH="30"/>
						<String ID="P15_ST00093" HPOS="1261" VPOS="659" WIDTH="176" HEIGHT="46" CONTENT="retirer," WC="0.99" CC="00800004" STYLEREFS="TXT_3"/>
						<SP ID="P15_SP00085" HPOS="1437" VPOS="708" WIDTH="32"/>
						<String ID="P15_ST00094" HPOS="1469" VPOS="659" WIDTH="51" HEIGHT="35" CONTENT="Si" WC="1.00" CC="00" STYLEREFS="TXT_3"/>
						<SP ID="P15_SP00086" HPOS="1520" VPOS="708" WIDTH="32"/>
						<String ID="P15_ST00095" HPOS="1552" VPOS="659" WIDTH="67" HEIGHT="46" CONTENT="iay" WC="0.95" CC="100" STYLEREFS="TXT_3"/>
						<SP ID="P15_SP00087" HPOS="1619" VPOS="708" WIDTH="30"/>
						<String ID="P15_ST00096" HPOS="1649" VPOS="670" WIDTH="113" HEIGHT="35" CONTENT="ayme" WC="0.77" CC="5030" STYLEREFS="TXT_3"/>
						<SP ID="P15_SP00088" HPOS="1762" VPOS="708" WIDTH="38"/>
						<String ID="P15_ST00097" HPOS="1800" VPOS="659" WIDTH="291" HEIGHT="48" CONTENT="legierement," WC="0.82" CC="700000042204" STYLEREFS="TXT_3"/>
					</TextLine>
					<TextLine ID="P15_TL00010" HPOS="78" VPOS="729" WIDTH="1044" HEIGHT="48">
						<String ID="P15_ST00098" HPOS="78" VPOS="731" WIDTH="205" HEIGHT="36" CONTENT="Malheur" WC="0.98" CC="5648000" STYLEREFS="TXT_3"/>
						<SP ID="P15_SP00089" HPOS="283" VPOS="767" WIDTH="20"/>
						<String ID="P15_ST00099" HPOS="303" VPOS="743" WIDTH="63" HEIGHT="24" CONTENT="me" WC="0.96" CC="00" STYLEREFS="TXT_3"/>
						<SP ID="P15_SP00090" HPOS="366" VPOS="767" WIDTH="22"/>
						<String ID="P15_ST00100" HPOS="388" VPOS="732" WIDTH="89" HEIGHT="34" CONTENT="suit" WC="0.96" CC="0548" STYLEREFS="TXT_3"/>
						<String ID="P15_ST00101" HPOS="483" VPOS="759" WIDTH="7" HEIGHT="17" CONTENT="," WC="0.78" CC="2"/>
						<SP ID="P15_SP00091" HPOS="490" VPOS="776" WIDTH="26"/>
						<String ID="P15_ST00102" HPOS="516" VPOS="735" WIDTH="40" HEIGHT="30" CONTENT="et" WC="0.88" CC="20"/>
						<SP ID="P15_SP00092" HPOS="556" VPOS="776" WIDTH="20"/>
						<String ID="P15_ST00103" HPOS="576" VPOS="729" WIDTH="228" HEIGHT="48" CONTENT="Fringotes" WC="0.81" CC="603600000" STYLEREFS="TXT_3"/>
						<SP ID="P15_SP00093" HPOS="804" VPOS="777" WIDTH="14"/>
						<String ID="P15_ST00104" HPOS="818" VPOS="729" WIDTH="157" HEIGHT="47" CONTENT="jeunes" WC="1.00" CC="000400" STYLEREFS="TXT_3"/>
						<SP ID="P15_SP00094" HPOS="975" VPOS="777" WIDTH="13"/>
						<String ID="P15_ST00105" HPOS="988" VPOS="729" WIDTH="134" HEIGHT="48" CONTENT="filles." WC="0.99" CC="0044002" STYLEREFS="TXT_3"/>
					</TextLine>
				</TextBlock>
				<TextBlock ID="P15_TB00004" HPOS="1440" VPOS="794" WIDTH="452" HEIGHT="40" STYLEREFS="TXT_2 PAR_RIGHT">
					<TextLine ID="P15_TL00011" HPOS="1442" VPOS="795" WIDTH="449" HEIGHT="38">
						<String ID="P15_ST00106" HPOS="1442" VPOS="797" WIDTH="72" HEIGHT="35" CONTENT="D" WC="0.98" CC="1"/>
						<String ID="P15_ST00107" HPOS="1544" VPOS="795" WIDTH="20" HEIGHT="38" CONTENT="re" STYLE="superscript" WC="0.98" CC="00"/>
						<SP ID="P15_SP00095" HPOS="1564" VPOS="833" WIDTH="10"/>
						<String ID="P15_ST00108" HPOS="1574" VPOS="795" WIDTH="20" HEIGHT="38" CONTENT="O." WC="0.98" CC="03"/>
						<SP ID="P15_SP00096" HPOS="1594" VPOS="833" WIDTH="31"/>
						<String ID="P15_ST00109" HPOS="1625" VPOS="796" WIDTH="266" HEIGHT="37" CONTENT="CHILESOTTI." WC="0.75" CC="28050402004"/>
					</TextLine>
				</TextBlock>
				<TextBlock ID="P15_TB00005" HPOS="77" VPOS="1049" WIDTH="394" HEIGHT="58" STYLEREFS="TXT_2 PAR_LEFT">
					<TextLine ID="P15_TL00012" HPOS="78" VPOS="1056" WIDTH="379" HEIGHT="50">
						<String ID="P15_ST00110" HPOS="78" VPOS="1057" WIDTH="171" HEIGHT="49" CONTENT="JOHANN" WC="0.98" CC="307514"/>
						<SP ID="P15_SP00097" HPOS="249" VPOS="1106" WIDTH="20"/>
						<String ID="P15_ST00111" HPOS="269" VPOS="1056" WIDTH="188" HEIGHT="36" CONTENT="KUHNAU" WC="0.44" CC="466644"/>
					</TextLine>
				</TextBlock>
				<TextBlock ID="P15_TB00006" HPOS="179" VPOS="1044" WIDTH="1918" HEIGHT="201" STYLEREFS="TXT_1 PAR_LEFT">
					<Shape>
						<Polygon POINTS="179,1121 479,1121 479,1044 2097,1044 2097,1245 179,1245"/>
					</Shape>
					<TextLine ID="P15_TL00013" HPOS="516" VPOS="1049" WIDTH="1580" HEIGHT="55">
						<String ID="P15_ST00112" HPOS="516" VPOS="1049" WIDTH="456" HEIGHT="52" CONTENT="Klavierwerke," WC="0.96" CC="3230078068057" STYLEREFS="TXT_5"/>
						<SP ID="P15_SP00098" HPOS="972" VPOS="1101" WIDTH="27"/>
						<String ID="P15_ST00113" HPOS="999" VPOS="1054" WIDTH="193" HEIGHT="50" CONTENT="(Œuvres" WC="0.99" CC="0055620"/>
						<SP ID="P15_SP00099" HPOS="1192" VPOS="1104" WIDTH="23"/>
						<String ID="P15_ST00114" HPOS="1215" VPOS="1066" WIDTH="106" HEIGHT="36" CONTENT="pour" WC="0.95" CC="6575"/>
						<SP ID="P15_SP00100" HPOS="1321" VPOS="1104" WIDTH="16"/>
						<String ID="P15_ST00115" HPOS="1337" VPOS="1053" WIDTH="183" HEIGHT="50" CONTENT="clavier)," WC="0.99" CC="017642633"/>
						<SP ID="P15_SP00101" HPOS="1520" VPOS="1104" WIDTH="16"/>
						<String ID="P15_ST00116" HPOS="1536" VPOS="1054" WIDTH="158" HEIGHT="36" CONTENT="éditées" WC="0.98" CC="3356130"/>
						<SP ID="P15_SP00102" HPOS="1694" VPOS="1104" WIDTH="22"/>
						<String ID="P15_ST00117" HPOS="1716" VPOS="1065" WIDTH="75" HEIGHT="36" CONTENT="par" WC="0.94" CC="654"/>
						<SP ID="P15_SP00103" HPOS="1791" VPOS="1104" WIDTH="22"/>
						<String ID="P15_ST00118" HPOS="1813" VPOS="1054" WIDTH="113" HEIGHT="36" CONTENT="Karl" WC="0.99" CC="0004" STYLEREFS="TXT_3"/>
						<SP ID="P15_SP00104" HPOS="1926" VPOS="1104" WIDTH="20"/>
						<String ID="P15_ST00119" HPOS="1946" VPOS="1054" WIDTH="150" HEIGHT="37" CONTENT="Pasler" WC="0.79" CC="160500" STYLEREFS="TXT_3"/>
					</TextLine>
					<TextLine ID="P15_TL00014" HPOS="180" VPOS="1122" WIDTH="1916" HEIGHT="52">
						<String ID="P15_ST00120" HPOS="180" VPOS="1124" WIDTH="244" HEIGHT="50" CONTENT="(Collection" WC="1.00" CC="00004002303"/>
						<SP ID="P15_SP00105" HPOS="424" VPOS="1174" WIDTH="31"/>
						<String ID="P15_ST00121" HPOS="455" VPOS="1124" WIDTH="71" HEIGHT="36" CONTENT="des" WC="0.98" CC="030"/>
						<SP ID="P15_SP00106" HPOS="526" VPOS="1174" WIDTH="32"/>
						<String ID="P15_ST00122" HPOS="558" VPOS="1125" WIDTH="262" HEIGHT="35" CONTENT="Denkmäler" WC="0.96" CC="004630830" STYLEREFS="TXT_3"/>
						<SP ID="P15_SP00107" HPOS="820" VPOS="1174" WIDTH="27"/>
						<String ID="P15_ST00123" HPOS="847" VPOS="1123" WIDTH="225" HEIGHT="37" CONTENT="deutscher" WC="0.80" CC="000004621" STYLEREFS="TXT_3"/>
						<SP ID="P15_SP00108" HPOS="1072" VPOS="1174" WIDTH="35"/>
						<String ID="P15_ST00124" HPOS="1107" VPOS="1124" WIDTH="212" HEIGHT="36" CONTENT="Tonkunst" WC="0.66" CC="40068502" STYLEREFS="TXT_3"/>
						<String ID="P15_ST00125" HPOS="1323" VPOS="1151" WIDTH="9" HEIGHT="9" CONTENT="." WC="0.59" CC="4"/>
						<SP ID="P15_SP00109" HPOS="1332" VPOS="1174" WIDTH="33"/>
						<String ID="P15_ST00126" HPOS="1365" VPOS="1124" WIDTH="119" HEIGHT="35" CONTENT="Erste" WC="0.79" CC="23003"/>
						<SP ID="P15_SP00110" HPOS="1484" VPOS="1174" WIDTH="30"/>
						<String ID="P15_ST00127" HPOS="1514" VPOS="1124" WIDTH="146" HEIGHT="46" CONTENT="Folge." WC="0.60" CC="133724"/>
						<SP ID="P15_SP00111" HPOS="1660" VPOS="1174" WIDTH="30"/>
						<String ID="P15_ST00128" HPOS="1690" VPOS="1122" WIDTH="165" HEIGHT="37" CONTENT="Vierter" WC="0.72" CC="2306006"/>
						<SP ID="P15_SP00112" HPOS="1855" VPOS="1174" WIDTH="32"/>
						<String ID="P15_ST00129" HPOS="1887" VPOS="1122" WIDTH="130" HEIGHT="37" CONTENT="Band." WC="0.77" CC="70004"/>
						<SP ID="P15_SP00113" HPOS="2017" VPOS="1174" WIDTH="30"/>
						<String ID="P15_ST00130" HPOS="2047" VPOS="1143" WIDTH="49" HEIGHT="6" CONTENT="—" WC="0.20" CC="8"/>
					</TextLine>
					<TextLine ID="P15_TL00015" HPOS="180" VPOS="1193" WIDTH="866" HEIGHT="49">
						<String ID="P15_ST00131" HPOS="180" VPOS="1193" WIDTH="219" HEIGHT="48" CONTENT="Breitkopf" WC="0.87" CC="200300005"/>
						<SP ID="P15_SP00114" HPOS="399" VPOS="1241" WIDTH="19"/>
						<String ID="P15_ST00132" HPOS="418" VPOS="1193" WIDTH="84" HEIGHT="37" CONTENT="und" WC="0.81" CC="050"/>
						<SP ID="P15_SP00115" HPOS="502" VPOS="1241" WIDTH="20"/>
						<String ID="P15_ST00133" HPOS="522" VPOS="1193" WIDTH="163" HEIGHT="37" CONTENT="Hartel." WC="0.78" CC="6000440"/>
						<SP ID="P15_SP00116" HPOS="685" VPOS="1241" WIDTH="26"/>
						<String ID="P15_ST00134" HPOS="711" VPOS="1193" WIDTH="182" HEIGHT="48" CONTENT="Leipzig," WC="0.99" CC="10301264"/>
						<SP ID="P15_SP00117" HPOS="893" VPOS="1241" WIDTH="29"/>
						<String ID="P15_ST00135" HPOS="922" VPOS="1193" WIDTH="124" HEIGHT="49" CONTENT="1901.)" WC="0.74" CC="142420"/>
					</TextLine>
				</TextBlock>
				<TextBlock ID="P15_TB00007" HPOS="79" VPOS="1334" WIDTH="2023" HEIGHT="1492" STYLEREFS="TXT_1 PAR_BLOCK">
					<TextLine ID="P15_TL00016" HPOS="182" VPOS="1335" WIDTH="1914" HEIGHT="53">
						<String ID="P15_ST00136" HPOS="182" VPOS="1338" WIDTH="49" HEIGHT="50" CONTENT="Je" WC="0.64" CC="33"/>
						<SP ID="P15_SP00118" HPOS="231" VPOS="1388" WIDTH="21"/>
						<String ID="P15_ST00137" HPOS="252" VPOS="1350" WIDTH="50" HEIGHT="24" CONTENT="ne" WC="0.77" CC="31"/>
						<SP ID="P15_SP00119" HPOS="302" VPOS="1388" WIDTH="25"/>
						<String ID="P15_ST00138" HPOS="327" VPOS="1338" WIDTH="158" HEIGHT="36" CONTENT="saurais" WC="0.97" CC="5776666"/>
						<SP ID="P15_SP00120" HPOS="485" VPOS="1388" WIDTH="23"/>
						<String ID="P15_ST00139" HPOS="508" VPOS="1343" WIDTH="93" HEIGHT="42" CONTENT="trop" WC="0.96" CC="0746"/>
						<SP ID="P15_SP00121" HPOS="601" VPOS="1388" WIDTH="23"/>
						<String ID="P15_ST00140" HPOS="624" VPOS="1338" WIDTH="317" HEIGHT="36" CONTENT="recommander" WC="0.99" CC="31022505400"/>
						<SP ID="P15_SP00122" HPOS="941" VPOS="1388" WIDTH="23"/>
						<String ID="P15_ST00141" HPOS="964" VPOS="1350" WIDTH="76" HEIGHT="23" CONTENT="aux" WC="0.97" CC="070"/>
						<SP ID="P15_SP00123" HPOS="1040" VPOS="1388" WIDTH="23"/>
						<String ID="P15_ST00142" HPOS="1063" VPOS="1337" WIDTH="237" HEIGHT="46" CONTENT="musiciens," WC="1.00" CC="0700010204"/>
						<SP ID="P15_SP00124" HPOS="1300" VPOS="1388" WIDTH="26"/>
						<String ID="P15_ST00143" HPOS="1326" VPOS="1343" WIDTH="40" HEIGHT="30" CONTENT="et" WC="0.85" CC="20"/>
						<SP ID="P15_SP00125" HPOS="1366" VPOS="1388" WIDTH="22"/>
						<String ID="P15_ST00144" HPOS="1388" VPOS="1342" WIDTH="165" HEIGHT="31" CONTENT="surtout" WC="0.99" CC="0000205"/>
						<SP ID="P15_SP00126" HPOS="1553" VPOS="1388" WIDTH="22"/>
						<String ID="P15_ST00145" HPOS="1575" VPOS="1349" WIDTH="78" HEIGHT="24" CONTENT="aux" WC="0.99" CC="003"/>
						<SP ID="P15_SP00127" HPOS="1653" VPOS="1388" WIDTH="20"/>
						<String ID="P15_ST00146" HPOS="1673" VPOS="1336" WIDTH="219" HEIGHT="49" CONTENT="pianistes," WC="0.99" CC="6004200114"/>
						<SP ID="P15_SP00128" HPOS="1892" VPOS="1388" WIDTH="23"/>
						<String ID="P15_ST00147" HPOS="1915" VPOS="1335" WIDTH="181" HEIGHT="37" CONTENT="l'édition" WC="0.99" CC="425050312"/>
					</TextLine>
					<TextLine ID="P15_TL00017" HPOS="85" VPOS="1404" WIDTH="2010" HEIGHT="51">
						<String ID="P15_ST00148" HPOS="85" VPOS="1420" WIDTH="80" HEIGHT="35" CONTENT="que" WC="0.93" CC="665"/>
						<SP ID="P15_SP00129" HPOS="165" VPOS="1455" WIDTH="21"/>
						<String ID="P15_ST00149" HPOS="186" VPOS="1409" WIDTH="39" HEIGHT="35" CONTENT="la" WC="0.79" CC="40"/>
						<SP ID="P15_SP00130" HPOS="225" VPOS="1455" WIDTH="20"/>
						<String ID="P15_ST00150" HPOS="245" VPOS="1407" WIDTH="160" HEIGHT="36" CONTENT="maison" WC="0.97" CC="066426"/>
						<SP ID="P15_SP00131" HPOS="405" VPOS="1455" WIDTH="25"/>
						<String ID="P15_ST00151" HPOS="430" VPOS="1406" WIDTH="215" HEIGHT="48" CONTENT="Breitkopf" WC="0.74" CC="032504006"/>
						<SP ID="P15_SP00132" HPOS="645" VPOS="1455" WIDTH="19"/>
						<String ID="P15_ST00152" HPOS="664" VPOS="1406" WIDTH="114" HEIGHT="36" CONTENT="vient" WC="0.97" CC="63108"/>
						<SP ID="P15_SP00133" HPOS="778" VPOS="1455" WIDTH="22"/>
						<String ID="P15_ST00153" HPOS="800" VPOS="1406" WIDTH="50" HEIGHT="36" CONTENT="de" WC="1.00" CC="00"/>
						<SP ID="P15_SP00134" HPOS="850" VPOS="1455" WIDTH="22"/>
						<String ID="P15_ST00154" HPOS="872" VPOS="1406" WIDTH="162" HEIGHT="47" CONTENT="publier" WC="0.98" CC="0085345"/>
						<SP ID="P15_SP00135" HPOS="1034" VPOS="1455" WIDTH="22"/>
						<String ID="P15_ST00155" HPOS="1056" VPOS="1406" WIDTH="73" HEIGHT="36" CONTENT="des" WC="0.98" CC="040"/>
						<SP ID="P15_SP00136" HPOS="1129" VPOS="1455" WIDTH="17"/>
						<String ID="P15_ST00156" HPOS="1146" VPOS="1418" WIDTH="164" HEIGHT="24" CONTENT="œuvres" WC="0.98" CC="054613"/>
						<SP ID="P15_SP00137" HPOS="1310" VPOS="1455" WIDTH="24"/>
						<String ID="P15_ST00157" HPOS="1334" VPOS="1406" WIDTH="49" HEIGHT="36" CONTENT="de" WC="1.00" CC="00"/>
						<SP ID="P15_SP00138" HPOS="1383" VPOS="1455" WIDTH="24"/>
						<String ID="P15_ST00158" HPOS="1407" VPOS="1406" WIDTH="192" HEIGHT="36" CONTENT="Kuhnau." WC="0.80" CC="2060004"/>
						<SP ID="P15_SP00139" HPOS="1599" VPOS="1455" WIDTH="27"/>
						<String ID="P15_ST00159" HPOS="1626" VPOS="1406" WIDTH="78" HEIGHT="48" CONTENT="J'ai" WC="0.99" CC="2002"/>
						<SP ID="P15_SP00140" HPOS="1704" VPOS="1455" WIDTH="23"/>
						<String ID="P15_ST00160" HPOS="1727" VPOS="1406" WIDTH="164" HEIGHT="36" CONTENT="ailleurs" WC="0.99" CC="03100700"/>
						<SP ID="P15_SP00141" HPOS="1891" VPOS="1455" WIDTH="21"/>
						<String ID="P15_ST00161" HPOS="1912" VPOS="1406" WIDTH="115" HEIGHT="47" CONTENT="parlé" WC="0.99" CC="00008"/>
						<SP ID="P15_SP00142" HPOS="2027" VPOS="1455" WIDTH="17"/>
						<String ID="P15_ST00162" HPOS="2044" VPOS="1404" WIDTH="51" HEIGHT="49" CONTENT="(i)" WC="0.92" CC="200"/>
					</TextLine>
					<TextLine ID="P15_TL00018" HPOS="87" VPOS="1473" WIDTH="2013" HEIGHT="50">
						<String ID="P15_ST00163" HPOS="87" VPOS="1476" WIDTH="49" HEIGHT="36" CONTENT="de" WC="1.00" CC="00"/>
						<SP ID="P15_SP00143" HPOS="136" VPOS="1512" WIDTH="22"/>
						<String ID="P15_ST00164" HPOS="158" VPOS="1475" WIDTH="261" HEIGHT="48" CONTENT="l'originalité" WC="1.00" CC="0350071600100"/>
						<SP ID="P15_SP00144" HPOS="419" VPOS="1523" WIDTH="31"/>
						<String ID="P15_ST00165" HPOS="450" VPOS="1475" WIDTH="221" HEIGHT="48" CONTENT="singulière" WC="0.99" CC="0337723330"/>
						<SP ID="P15_SP00145" HPOS="671" VPOS="1523" WIDTH="29"/>
						<String ID="P15_ST00166" HPOS="700" VPOS="1475" WIDTH="50" HEIGHT="35" CONTENT="de" WC="0.75" CC="05"/>
						<SP ID="P15_SP00146" HPOS="750" VPOS="1523" WIDTH="31"/>
						<String ID="P15_ST00167" HPOS="781" VPOS="1486" WIDTH="46" HEIGHT="25" CONTENT="ce" WC="0.88" CC="02"/>
						<SP ID="P15_SP00147" HPOS="827" VPOS="1523" WIDTH="33"/>
						<String ID="P15_ST00168" HPOS="860" VPOS="1475" WIDTH="135" HEIGHT="47" CONTENT="grand" WC="0.99" CC="01060"/>
						<SP ID="P15_SP00148" HPOS="995" VPOS="1523" WIDTH="25"/>
						<String ID="P15_ST00169" HPOS="1020" VPOS="1474" WIDTH="145" HEIGHT="36" CONTENT="artiste" WC="1.00" CC="4003000"/>
						<SP ID="P15_SP00149" HPOS="1165" VPOS="1523" WIDTH="31"/>
						<String ID="P15_ST00170" HPOS="1196" VPOS="1475" WIDTH="208" HEIGHT="35" CONTENT="allemand" WC="0.99" CC="02040060"/>
						<SP ID="P15_SP00150" HPOS="1404" VPOS="1523" WIDTH="29"/>
						<String ID="P15_ST00171" HPOS="1433" VPOS="1475" WIDTH="53" HEIGHT="35" CONTENT="du" WC="0.71" CC="05"/>
						<SP ID="P15_SP00151" HPOS="1486" VPOS="1523" WIDTH="30"/>
						<String ID="P15_ST00172" HPOS="1516" VPOS="1487" WIDTH="81" HEIGHT="23" CONTENT="xvn" WC="0.72" CC="008"/>
						<String ID="P15_ST00173" HPOS="1600" VPOS="1480" WIDTH="14" HEIGHT="17" CONTENT="e" STYLE="superscript" WC="0.55" CC="4"/>
						<SP ID="P15_SP00152" HPOS="1614" VPOS="1523" WIDTH="34"/>
						<String ID="P15_ST00174" HPOS="1648" VPOS="1475" WIDTH="136" HEIGHT="46" CONTENT="siècle," WC="0.99" CC="2000004"/>
						<SP ID="P15_SP00153" HPOS="1784" VPOS="1523" WIDTH="25"/>
						<String ID="P15_ST00175" HPOS="1809" VPOS="1475" WIDTH="51" HEIGHT="35" CONTENT="né" WC="0.66" CC="60"/>
						<SP ID="P15_SP00154" HPOS="1860" VPOS="1523" WIDTH="23"/>
						<String ID="P15_ST00176" HPOS="1883" VPOS="1486" WIDTH="48" HEIGHT="24" CONTENT="en" WC="0.97" CC="00"/>
						<SP ID="P15_SP00155" HPOS="1931" VPOS="1523" WIDTH="28"/>
						<String ID="P15_ST00177" HPOS="1959" VPOS="1473" WIDTH="92" HEIGHT="37" CONTENT="1660" WC="0.85" CC="0013"/>
						<SP ID="P15_SP00156" HPOS="2051" VPOS="1523" WIDTH="24"/>
						<String ID="P15_ST00178" HPOS="2075" VPOS="1474" WIDTH="25" HEIGHT="34" CONTENT="à" WC="0.41" CC="5"/>
					</TextLine>
					<TextLine ID="P15_TL00019" HPOS="87" VPOS="1541" WIDTH="2011" HEIGHT="51">
						<String ID="P15_ST00179" HPOS="87" VPOS="1543" WIDTH="198" HEIGHT="48" CONTENT="Geysing," WC="0.66" CC="22626204"/>
						<SP ID="P15_SP00157" HPOS="285" VPOS="1591" WIDTH="21"/>
						<String ID="P15_ST00180" HPOS="306" VPOS="1547" WIDTH="92" HEIGHT="43" CONTENT="près" WC="1.00" CC="0010"/>
						<SP ID="P15_SP00158" HPOS="398" VPOS="1591" WIDTH="25"/>
						<String ID="P15_ST00181" HPOS="423" VPOS="1544" WIDTH="50" HEIGHT="35" CONTENT="de" WC="0.71" CC="50"/>
						<SP ID="P15_SP00159" HPOS="473" VPOS="1591" WIDTH="23"/>
						<String ID="P15_ST00182" HPOS="496" VPOS="1543" WIDTH="174" HEIGHT="46" CONTENT="Dresde," WC="0.99" CC="1004004"/>
						<SP ID="P15_SP00160" HPOS="670" VPOS="1591" WIDTH="24"/>
						<String ID="P15_ST00183" HPOS="694" VPOS="1549" WIDTH="109" HEIGHT="29" CONTENT="mort" WC="1.00" CC="0000"/>
						<SP ID="P15_SP00161" HPOS="803" VPOS="1591" WIDTH="18"/>
						<String ID="P15_ST00184" HPOS="821" VPOS="1555" WIDTH="47" HEIGHT="23" CONTENT="en" WC="0.64" CC="06"/>
						<SP ID="P15_SP00162" HPOS="868" VPOS="1591" WIDTH="38"/>
						<String ID="P15_ST00185" HPOS="906" VPOS="1552" WIDTH="106" HEIGHT="38" CONTENT="1722," WC="0.63" CC="26503"/>
						<SP ID="P15_SP00163" HPOS="1012" VPOS="1591" WIDTH="21"/>
						<String ID="P15_ST00186" HPOS="1033" VPOS="1544" WIDTH="294" HEIGHT="46" CONTENT="prédécesseur" WC="1.00" CC="041030000000"/>
						<SP ID="P15_SP00164" HPOS="1327" VPOS="1591" WIDTH="24"/>
						<String ID="P15_ST00187" HPOS="1351" VPOS="1543" WIDTH="48" HEIGHT="36" CONTENT="de" WC="0.98" CC="00"/>
						<SP ID="P15_SP00165" HPOS="1399" VPOS="1591" WIDTH="23"/>
						<String ID="P15_ST00188" HPOS="1422" VPOS="1543" WIDTH="103" HEIGHT="49" CONTENT="J.-S." WC="0.81" CC="03014"/>
						<SP ID="P15_SP00166" HPOS="1525" VPOS="1592" WIDTH="26"/>
						<String ID="P15_ST00189" HPOS="1551" VPOS="1544" WIDTH="128" HEIGHT="43" CONTENT="Bach," WC="0.98" CC="00763"/>
						<SP ID="P15_SP00167" HPOS="1679" VPOS="1592" WIDTH="25"/>
						<String ID="P15_ST00190" HPOS="1704" VPOS="1555" WIDTH="158" HEIGHT="24" CONTENT="comme" WC="1.00" CC="02000"/>
						<SP ID="P15_SP00168" HPOS="1862" VPOS="1592" WIDTH="23"/>
						<String ID="P15_ST00191" HPOS="1885" VPOS="1541" WIDTH="213" HEIGHT="49" CONTENT="organiste" WC="0.99" CC="400360004"/>
					</TextLine>
					<TextLine ID="P15_TL00020" HPOS="85" VPOS="1609" WIDTH="2010" HEIGHT="50">
						<String ID="P15_ST00192" HPOS="85" VPOS="1613" WIDTH="24" HEIGHT="34" CONTENT="à" WC="0.40" CC="5"/>
						<SP ID="P15_SP00169" HPOS="109" VPOS="1647" WIDTH="21"/>
						<String ID="P15_ST00193" HPOS="130" VPOS="1612" WIDTH="41" HEIGHT="35" CONTENT="la" WC="0.81" CC="30"/>
						<SP ID="P15_SP00170" HPOS="171" VPOS="1647" WIDTH="22"/>
						<String ID="P15_ST00194" HPOS="193" VPOS="1611" WIDTH="342" HEIGHT="47" CONTENT="Thomaskirche," WC="0.76" CC="4000001757004"/>
						<SP ID="P15_SP00171" HPOS="535" VPOS="1658" WIDTH="27"/>
						<String ID="P15_ST00195" HPOS="562" VPOS="1617" WIDTH="40" HEIGHT="30" CONTENT="et" WC="1.00" CC="00"/>
						<SP ID="P15_SP00172" HPOS="602" VPOS="1658" WIDTH="22"/>
						<String ID="P15_ST00196" HPOS="624" VPOS="1623" WIDTH="158" HEIGHT="24" CONTENT="comme" WC="1.00" CC="00000"/>
						<SP ID="P15_SP00173" HPOS="782" VPOS="1658" WIDTH="22"/>
						<String ID="P15_ST00197" HPOS="804" VPOS="1614" WIDTH="149" HEIGHT="34" CONTENT="cantor" WC="0.68" CC="605700" STYLEREFS="TXT_3"/>
						<SP ID="P15_SP00174" HPOS="953" VPOS="1658" WIDTH="28"/>
						<String ID="P15_ST00198" HPOS="981" VPOS="1614" WIDTH="24" HEIGHT="33" CONTENT="à" WC="0.31" CC="6"/>
						<SP ID="P15_SP00175" HPOS="1005" VPOS="1658" WIDTH="29"/>
						<String ID="P15_ST00199" HPOS="1034" VPOS="1613" WIDTH="40" HEIGHT="34" CONTENT="la" WC="1.00" CC="00"/>
						<SP ID="P15_SP00176" HPOS="1074" VPOS="1658" WIDTH="19"/>
						<String ID="P15_ST00200" HPOS="1093" VPOS="1612" WIDTH="325" HEIGHT="36" CONTENT="Thomasschule" WC="0.78" CC="373000006500"/>
						<SP ID="P15_SP00177" HPOS="1418" VPOS="1658" WIDTH="23"/>
						<String ID="P15_ST00201" HPOS="1441" VPOS="1611" WIDTH="50" HEIGHT="36" CONTENT="de" WC="1.00" CC="00"/>
						<SP ID="P15_SP00178" HPOS="1491" VPOS="1658" WIDTH="22"/>
						<String ID="P15_ST00202" HPOS="1513" VPOS="1611" WIDTH="181" HEIGHT="48" CONTENT="Leipzig," WC="0.99" CC="20065401"/>
						<SP ID="P15_SP00179" HPOS="1694" VPOS="1659" WIDTH="26"/>
						<String ID="P15_ST00203" HPOS="1720" VPOS="1611" WIDTH="67" HEIGHT="47" CONTENT="qui" WC="0.93" CC="674"/>
						<SP ID="P15_SP00180" HPOS="1787" VPOS="1659" WIDTH="19"/>
						<String ID="P15_ST00204" HPOS="1806" VPOS="1611" WIDTH="63" HEIGHT="37" CONTENT="fut" WC="0.97" CC="060"/>
						<SP ID="P15_SP00181" HPOS="1869" VPOS="1659" WIDTH="24"/>
						<String ID="P15_ST00205" HPOS="1893" VPOS="1623" WIDTH="52" HEIGHT="24" CONTENT="un" WC="0.65" CC="06"/>
						<SP ID="P15_SP00182" HPOS="1945" VPOS="1659" WIDTH="22"/>
						<String ID="P15_ST00206" HPOS="1967" VPOS="1609" WIDTH="103" HEIGHT="37" CONTENT="musi" SUBS_TYPE="HypPart1" SUBS_CONTENT="musicien," WC="1.00" CC="0000"/>
						<HYP HPOS="2070" VPOS="1609" WIDTH="25" CONTENT="-"/>
					</TextLine>
					<TextLine ID="P15_TL00021" HPOS="84" VPOS="1678" WIDTH="2012" HEIGHT="48">
						<String ID="P15_ST00207" HPOS="84" VPOS="1679" WIDTH="102" HEIGHT="47" CONTENT="cien," SUBS_TYPE="HypPart2" SUBS_CONTENT="musicien," WC="0.99" CC="03004"/>
						<SP ID="P15_SP00183" HPOS="186" VPOS="1726" WIDTH="24"/>
						<String ID="P15_ST00208" HPOS="210" VPOS="1691" WIDTH="52" HEIGHT="23" CONTENT="un" WC="0.29" CC="86"/>
						<SP ID="P15_SP00184" HPOS="262" VPOS="1726" WIDTH="25"/>
						<String ID="P15_ST00209" HPOS="287" VPOS="1684" WIDTH="162" HEIGHT="42" CONTENT="savant," WC="0.99" CC="0003394"/>
						<SP ID="P15_SP00185" HPOS="449" VPOS="1726" WIDTH="23"/>
						<String ID="P15_ST00210" HPOS="472" VPOS="1685" WIDTH="40" HEIGHT="29" CONTENT="et" WC="0.80" CC="30"/>
						<SP ID="P15_SP00186" HPOS="512" VPOS="1726" WIDTH="16"/>
						<String ID="P15_ST00211" HPOS="528" VPOS="1691" WIDTH="51" HEIGHT="23" CONTENT="un" WC="0.69" CC="60"/>
						<SP ID="P15_SP00187" HPOS="579" VPOS="1726" WIDTH="21"/>
						<String ID="P15_ST00212" HPOS="600" VPOS="1679" WIDTH="178" HEIGHT="36" CONTENT="écrivain" WC="1.00" CC="00310040"/>
						<SP ID="P15_SP00188" HPOS="778" VPOS="1726" WIDTH="21"/>
						<String ID="P15_ST00213" HPOS="799" VPOS="1680" WIDTH="302" HEIGHT="46" CONTENT="remarquable," WC="0.99" CC="430040003424"/>
						<SP ID="P15_SP00189" HPOS="1101" VPOS="1726" WIDTH="21"/>
						<String ID="P15_ST00214" HPOS="1122" VPOS="1693" WIDTH="17" HEIGHT="19" CONTENT="«" WC="0.31" CC="6"/>
						<SP ID="P15_SP00190" HPOS="1139" VPOS="1726" WIDTH="23"/>
						<String ID="P15_ST00215" HPOS="1162" VPOS="1682" WIDTH="83" HEIGHT="33" CONTENT="très" WC="0.98" CC="0460"/>
						<SP ID="P15_SP00191" HPOS="1245" VPOS="1726" WIDTH="21"/>
						<String ID="P15_ST00216" HPOS="1266" VPOS="1679" WIDTH="178" HEIGHT="47" CONTENT="instruit," WC="0.99" CC="400257404"/>
						<SP ID="P15_SP00192" HPOS="1444" VPOS="1726" WIDTH="21"/>
						<String ID="P15_ST00217" HPOS="1465" VPOS="1679" WIDTH="59" HEIGHT="36" CONTENT="dit" WC="0.98" CC="040"/>
						<SP ID="P15_SP00193" HPOS="1524" VPOS="1726" WIDTH="15"/>
						<String ID="P15_ST00218" HPOS="1539" VPOS="1681" WIDTH="254" HEIGHT="44" CONTENT="Mattheson," WC="0.81" CC="0004600034"/>
						<SP ID="P15_SP00194" HPOS="1793" VPOS="1726" WIDTH="17"/>
						<String ID="P15_ST00219" HPOS="1810" VPOS="1692" WIDTH="49" HEIGHT="23" CONTENT="en" WC="0.60" CC="43"/>
						<SP ID="P15_SP00195" HPOS="1859" VPOS="1726" WIDTH="12"/>
						<String ID="P15_ST00220" HPOS="1871" VPOS="1678" WIDTH="225" HEIGHT="47" CONTENT="théologie," WC="0.99" CC="0600539000"/>
					</TextLine>
					<TextLine ID="P15_TL00022" HPOS="85" VPOS="1747" WIDTH="2011" HEIGHT="49">
						<String ID="P15_ST00221" HPOS="85" VPOS="1747" WIDTH="120" HEIGHT="45" CONTENT="droit," WC="0.99" CC="004432"/>
						<SP ID="P15_SP00196" HPOS="205" VPOS="1792" WIDTH="38"/>
						<String ID="P15_ST00222" HPOS="243" VPOS="1748" WIDTH="239" HEIGHT="46" CONTENT="éloquence," WC="0.99" CC="0020507004"/>
						<SP ID="P15_SP00197" HPOS="482" VPOS="1794" WIDTH="43"/>
						<String ID="P15_ST00223" HPOS="525" VPOS="1747" WIDTH="156" HEIGHT="47" CONTENT="poésie," WC="0.99" CC="0001424"/>
						<SP ID="P15_SP00198" HPOS="681" VPOS="1794" WIDTH="41"/>
						<String ID="P15_ST00224" HPOS="722" VPOS="1747" WIDTH="363" HEIGHT="47" CONTENT="mathématiques," WC="1.00" CC="02000000801104"/>
						<SP ID="P15_SP00199" HPOS="1085" VPOS="1794" WIDTH="43"/>
						<String ID="P15_ST00225" HPOS="1128" VPOS="1747" WIDTH="153" HEIGHT="47" CONTENT="italien," WC="0.99" CC="00544034"/>
						<SP ID="P15_SP00200" HPOS="1281" VPOS="1794" WIDTH="40"/>
						<String ID="P15_ST00226" HPOS="1321" VPOS="1748" WIDTH="197" HEIGHT="46" CONTENT="français," WC="0.99" CC="400500324"/>
						<SP ID="P15_SP00201" HPOS="1518" VPOS="1794" WIDTH="30"/>
						<String ID="P15_ST00227" HPOS="1548" VPOS="1748" WIDTH="168" HEIGHT="46" CONTENT="hébreu," WC="0.99" CC="0002054"/>
						<SP ID="P15_SP00202" HPOS="1716" VPOS="1794" WIDTH="25"/>
						<String ID="P15_ST00228" HPOS="1741" VPOS="1760" WIDTH="99" HEIGHT="36" CONTENT="grec" WC="0.99" CC="0500"/>
						<SP ID="P15_SP00203" HPOS="1840" VPOS="1796" WIDTH="33"/>
						<String ID="P15_ST00229" HPOS="1873" VPOS="1753" WIDTH="40" HEIGHT="30" CONTENT="et" WC="1.00" CC="00"/>
						<SP ID="P15_SP00204" HPOS="1913" VPOS="1796" WIDTH="28"/>
						<String ID="P15_ST00230" HPOS="1941" VPOS="1747" WIDTH="101" HEIGHT="36" CONTENT="latin" WC="0.99" CC="10300"/>
						<SP ID="P15_SP00205" HPOS="2042" VPOS="1796" WIDTH="20"/>
						<String ID="P15_ST00231" HPOS="2062" VPOS="1761" WIDTH="34" HEIGHT="31" CONTENT="»," WC="0.55" CC="62"/>
					</TextLine>
					<TextLine ID="P15_TL00023" HPOS="84" VPOS="1815" WIDTH="2016" HEIGHT="49">
						<String ID="P15_ST00232" HPOS="84" VPOS="1821" WIDTH="146" HEIGHT="30" CONTENT="auteur" WC="0.99" CC="060260"/>
						<SP ID="P15_SP00206" HPOS="230" VPOS="1851" WIDTH="19"/>
						<String ID="P15_ST00233" HPOS="249" VPOS="1816" WIDTH="50" HEIGHT="35" CONTENT="de" WC="0.76" CC="40"/>
						<SP ID="P15_SP00207" HPOS="299" VPOS="1851" WIDTH="24"/>
						<String ID="P15_ST00234" HPOS="323" VPOS="1816" WIDTH="223" HEIGHT="35" CONTENT="nombreux" WC="0.99" CC="53005100"/>
						<SP ID="P15_SP00208" HPOS="546" VPOS="1851" WIDTH="20"/>
						<String ID="P15_ST00235" HPOS="566" VPOS="1827" WIDTH="205" HEIGHT="36" CONTENT="ouvrages" WC="1.00" CC="00030000"/>
						<SP ID="P15_SP00209" HPOS="771" VPOS="1863" WIDTH="22"/>
						<String ID="P15_ST00236" HPOS="793" VPOS="1827" WIDTH="69" HEIGHT="24" CONTENT="sur" WC="0.99" CC="200"/>
						<SP ID="P15_SP00210" HPOS="862" VPOS="1863" WIDTH="17"/>
						<String ID="P15_ST00237" HPOS="879" VPOS="1816" WIDTH="41" HEIGHT="35" CONTENT="la" WC="1.00" CC="00"/>
						<SP ID="P15_SP00211" HPOS="920" VPOS="1863" WIDTH="21"/>
						<String ID="P15_ST00238" HPOS="941" VPOS="1815" WIDTH="188" HEIGHT="47" CONTENT="musique" WC="0.99" CC="0004044"/>
						<SP ID="P15_SP00212" HPOS="1129" VPOS="1863" WIDTH="21"/>
						<String ID="P15_ST00239" HPOS="1150" VPOS="1821" WIDTH="39" HEIGHT="30" CONTENT="et" WC="1.00" CC="00"/>
						<SP ID="P15_SP00213" HPOS="1189" VPOS="1863" WIDTH="20"/>
						<String ID="P15_ST00240" HPOS="1209" VPOS="1815" WIDTH="165" HEIGHT="36" CONTENT="d'écrits" WC="0.99" CC="04611000"/>
						<SP ID="P15_SP00214" HPOS="1374" VPOS="1863" WIDTH="20"/>
						<String ID="P15_ST00241" HPOS="1394" VPOS="1816" WIDTH="329" HEIGHT="48" CONTENT="d'imagination," WC="1.00" CC="00000003410004"/>
						<SP ID="P15_SP00215" HPOS="1723" VPOS="1864" WIDTH="20"/>
						<String ID="P15_ST00242" HPOS="1743" VPOS="1816" WIDTH="103" HEIGHT="36" CONTENT="dont" WC="0.98" CC="0440"/>
						<SP ID="P15_SP00216" HPOS="1846" VPOS="1864" WIDTH="18"/>
						<String ID="P15_ST00243" HPOS="1864" VPOS="1828" WIDTH="53" HEIGHT="23" CONTENT="un" WC="1.00" CC="00"/>
						<SP ID="P15_SP00217" HPOS="1917" VPOS="1864" WIDTH="19"/>
						<String ID="P15_ST00244" HPOS="1936" VPOS="1815" WIDTH="164" HEIGHT="36" CONTENT="curieux" WC="0.99" CC="0023060"/>
					</TextLine>
					<TextLine ID="P15_TL00024" HPOS="83" VPOS="1883" WIDTH="2017" HEIGHT="50">
						<String ID="P15_ST00245" HPOS="83" VPOS="1895" WIDTH="144" HEIGHT="25" CONTENT="roman" WC="0.98" CC="34006"/>
						<SP ID="P15_SP00218" HPOS="227" VPOS="1920" WIDTH="25"/>
						<String ID="P15_ST00246" HPOS="252" VPOS="1885" WIDTH="71" HEIGHT="35" CONTENT=":le" WC="0.96" CC="300"/>
						<SP ID="P15_SP00219" HPOS="323" VPOS="1920" WIDTH="28"/>
						<String ID="P15_ST00247" HPOS="351" VPOS="1884" WIDTH="244" HEIGHT="37" CONTENT="Charlatan" WC="0.98" CC="667056643" STYLEREFS="TXT_3"/>
						<SP ID="P15_SP00220" HPOS="595" VPOS="1921" WIDTH="24"/>
						<String ID="P15_ST00248" HPOS="619" VPOS="1885" WIDTH="184" HEIGHT="35" CONTENT="musical" WC="0.99" CC="4000470" STYLEREFS="TXT_3"/>
						<SP ID="P15_SP00221" HPOS="803" VPOS="1921" WIDTH="19"/>
						<String ID="P15_ST00249" HPOS="822" VPOS="1883" WIDTH="103" HEIGHT="49" CONTENT="(Der" WC="0.73" CC="4050" STYLEREFS="TXT_3"/>
						<SP ID="P15_SP00222" HPOS="925" VPOS="1932" WIDTH="19"/>
						<String ID="P15_ST00250" HPOS="944" VPOS="1884" WIDTH="306" HEIGHT="35" CONTENT="Musicalische" WC="0.86" CC="070060000000" STYLEREFS="TXT_3"/>
						<SP ID="P15_SP00223" HPOS="1250" VPOS="1932" WIDTH="26"/>
						<String ID="P15_ST00251" HPOS="1276" VPOS="1886" WIDTH="321" HEIGHT="46" CONTENT="Quack-Salber" WC="0.76" CC="560562000030" STYLEREFS="TXT_3"/>
						<String ID="P15_ST00252" HPOS="1602" VPOS="1884" WIDTH="24" HEIGHT="49" CONTENT=")," WC="0.87" CC="20"/>
						<SP ID="P15_SP00224" HPOS="1626" VPOS="1933" WIDTH="26"/>
						<String ID="P15_ST00253" HPOS="1652" VPOS="1887" WIDTH="52" HEIGHT="34" CONTENT="où" WC="0.45" CC="55"/>
						<SP ID="P15_SP00225" HPOS="1704" VPOS="1933" WIDTH="20"/>
						<String ID="P15_ST00254" HPOS="1724" VPOS="1896" WIDTH="43" HEIGHT="24" CONTENT="se" WC="1.00" CC="00"/>
						<SP ID="P15_SP00226" HPOS="1767" VPOS="1933" WIDTH="21"/>
						<String ID="P15_ST00255" HPOS="1788" VPOS="1885" WIDTH="189" HEIGHT="35" CONTENT="reflètent" WC="0.99" CC="607400002"/>
						<SP ID="P15_SP00227" HPOS="1977" VPOS="1933" WIDTH="23"/>
						<String ID="P15_ST00256" HPOS="2000" VPOS="1895" WIDTH="100" HEIGHT="24" CONTENT="avec" WC="0.99" CC="0040"/>
					</TextLine>
					<TextLine ID="P15_TL00025" HPOS="83" VPOS="1952" WIDTH="2017" HEIGHT="49">
						<String ID="P15_ST00257" HPOS="83" VPOS="1964" WIDTH="75" HEIGHT="23" CONTENT="une" WC="0.97" CC="601"/>
						<SP ID="P15_SP00228" HPOS="158" VPOS="1987" WIDTH="19"/>
						<String ID="P15_ST00258" HPOS="177" VPOS="1964" WIDTH="120" HEIGHT="25" CONTENT="verve" WC="1.00" CC="02000"/>
						<SP ID="P15_SP00229" HPOS="297" VPOS="1989" WIDTH="23"/>
						<String ID="P15_ST00259" HPOS="320" VPOS="1952" WIDTH="257" HEIGHT="47" CONTENT="pittoresque" WC="1.00" CC="05005000060"/>
						<SP ID="P15_SP00230" HPOS="577" VPOS="1999" WIDTH="23"/>
						<String ID="P15_ST00260" HPOS="600" VPOS="1953" WIDTH="58" HEIGHT="36" CONTENT="les" WC="0.98" CC="400"/>
						<SP ID="P15_SP00231" HPOS="658" VPOS="1999" WIDTH="22"/>
						<String ID="P15_ST00261" HPOS="680" VPOS="1964" WIDTH="151" HEIGHT="25" CONTENT="mœurs" WC="1.00" CC="00000"/>
						<SP ID="P15_SP00232" HPOS="831" VPOS="1999" WIDTH="32"/>
						<String ID="P15_ST00262" HPOS="863" VPOS="1952" WIDTH="219" HEIGHT="37" CONTENT="musicales" WC="0.99" CC="000502320"/>
						<SP ID="P15_SP00233" HPOS="1082" VPOS="1999" WIDTH="24"/>
						<String ID="P15_ST00263" HPOS="1106" VPOS="1953" WIDTH="49" HEIGHT="36" CONTENT="de" WC="0.90" CC="10"/>
						<SP ID="P15_SP00234" HPOS="1155" VPOS="1999" WIDTH="29"/>
						<String ID="P15_ST00264" HPOS="1184" VPOS="1952" WIDTH="275" HEIGHT="49" CONTENT="l'Allemagne" WC="1.00" CC="03314100041"/>
						<SP ID="P15_SP00235" HPOS="1459" VPOS="2001" WIDTH="29"/>
						<String ID="P15_ST00265" HPOS="1488" VPOS="1953" WIDTH="49" HEIGHT="36" CONTENT="de" WC="0.83" CC="03"/>
						<SP ID="P15_SP00236" HPOS="1537" VPOS="2001" WIDTH="27"/>
						<String ID="P15_ST00266" HPOS="1564" VPOS="1965" WIDTH="73" HEIGHT="24" CONTENT="son" WC="1.00" CC="000"/>
						<SP ID="P15_SP00237" HPOS="1637" VPOS="2001" WIDTH="21"/>
						<String ID="P15_ST00267" HPOS="1658" VPOS="1958" WIDTH="150" HEIGHT="43" CONTENT="temps," WC="1.00" CC="000004"/>
						<SP ID="P15_SP00238" HPOS="1808" VPOS="2001" WIDTH="25"/>
						<String ID="P15_ST00268" HPOS="1833" VPOS="1959" WIDTH="40" HEIGHT="30" CONTENT="et" WC="1.00" CC="00"/>
						<SP ID="P15_SP00239" HPOS="1873" VPOS="2001" WIDTH="24"/>
						<String ID="P15_ST00269" HPOS="1897" VPOS="1965" WIDTH="66" HEIGHT="24" CONTENT="ses" WC="1.00" CC="000"/>
						<SP ID="P15_SP00240" HPOS="1963" VPOS="2001" WIDTH="22"/>
						<String ID="P15_ST00270" HPOS="1985" VPOS="1952" WIDTH="115" HEIGHT="36" CONTENT="idées" WC="0.99" CC="40010"/>
					</TextLine>
					<TextLine ID="P15_TL00026" HPOS="82" VPOS="2020" WIDTH="576" HEIGHT="51">
						<String ID="P15_ST00271" HPOS="82" VPOS="2022" WIDTH="279" HEIGHT="46" CONTENT="personnelles" WC="0.99" CC="007043024406"/>
						<SP ID="P15_SP00241" HPOS="361" VPOS="2068" WIDTH="25"/>
						<String ID="P15_ST00272" HPOS="386" VPOS="2032" WIDTH="70" HEIGHT="24" CONTENT="sur" WC="0.97" CC="060"/>
						<SP ID="P15_SP00242" HPOS="456" VPOS="2068" WIDTH="20"/>
						<String ID="P15_ST00273" HPOS="476" VPOS="2022" WIDTH="93" HEIGHT="35" CONTENT="l'art" WC="1.00" CC="02000"/>
						<SP ID="P15_SP00243" HPOS="569" VPOS="2068" WIDTH="24"/>
						<String ID="P15_ST00274" HPOS="593" VPOS="2020" WIDTH="65" HEIGHT="51" CONTENT="(2)." WC="0.73" CC="3033"/>
					</TextLine>
					<TextLine ID="P15_TL00027" HPOS="182" VPOS="2089" WIDTH="1918" HEIGHT="49">
						<String ID="P15_ST00275" HPOS="182" VPOS="2089" WIDTH="108" HEIGHT="37" CONTENT="Mais" WC="0.99" CC="0030"/>
						<SP ID="P15_SP00244" HPOS="290" VPOS="2126" WIDTH="18"/>
						<String ID="P15_ST00276" HPOS="308" VPOS="2090" WIDTH="42" HEIGHT="48" CONTENT="je" WC="0.78" CC="21"/>
						<SP ID="P15_SP00245" HPOS="350" VPOS="2138" WIDTH="23"/>
						<String ID="P15_ST00277" HPOS="373" VPOS="2102" WIDTH="49" HEIGHT="23" CONTENT="ne" WC="0.96" CC="00"/>
						<SP ID="P15_SP00246" HPOS="422" VPOS="2138" WIDTH="23"/>
						<String ID="P15_ST00278" HPOS="445" VPOS="2102" WIDTH="103" HEIGHT="24" CONTENT="veux" WC="0.99" CC="0060"/>
						<SP ID="P15_SP00247" HPOS="548" VPOS="2138" WIDTH="22"/>
						<String ID="P15_ST00279" HPOS="570" VPOS="2091" WIDTH="137" HEIGHT="46" CONTENT="parler" WC="0.99" CC="006015"/>
						<SP ID="P15_SP00248" HPOS="707" VPOS="2138" WIDTH="20"/>
						<String ID="P15_ST00280" HPOS="727" VPOS="2089" WIDTH="53" HEIGHT="37" CONTENT="ici" WC="0.99" CC="003"/>
						<SP ID="P15_SP00249" HPOS="780" VPOS="2138" WIDTH="22"/>
						<String ID="P15_ST00281" HPOS="802" VPOS="2102" WIDTH="78" HEIGHT="36" CONTENT="que" WC="1.00" CC="000"/>
						<SP ID="P15_SP00250" HPOS="880" VPOS="2138" WIDTH="23"/>
						<String ID="P15_ST00282" HPOS="903" VPOS="2091" WIDTH="48" HEIGHT="36" CONTENT="de" WC="0.86" CC="02"/>
						<SP ID="P15_SP00251" HPOS="951" VPOS="2138" WIDTH="23"/>
						<String ID="P15_ST00283" HPOS="974" VPOS="2103" WIDTH="48" HEIGHT="23" CONTENT="sa" WC="0.30" CC="94"/>
						<SP ID="P15_SP00252" HPOS="1022" VPOS="2138" WIDTH="17"/>
						<String ID="P15_ST00284" HPOS="1039" VPOS="2091" WIDTH="201" HEIGHT="47" CONTENT="musique," WC="1.00" CC="00050004"/>
						<SP ID="P15_SP00253" HPOS="1240" VPOS="2138" WIDTH="25"/>
						<String ID="P15_ST00285" HPOS="1265" VPOS="2096" WIDTH="41" HEIGHT="31" CONTENT="et" WC="1.00" CC="00"/>
						<SP ID="P15_SP00254" HPOS="1306" VPOS="2138" WIDTH="22"/>
						<String ID="P15_ST00286" HPOS="1328" VPOS="2091" WIDTH="299" HEIGHT="47" CONTENT="spécialement" WC="1.00" CC="000036110350"/>
						<SP ID="P15_SP00255" HPOS="1627" VPOS="2138" WIDTH="22"/>
						<String ID="P15_ST00287" HPOS="1649" VPOS="2091" WIDTH="49" HEIGHT="36" CONTENT="de" WC="1.00" CC="00"/>
						<SP ID="P15_SP00256" HPOS="1698" VPOS="2138" WIDTH="22"/>
						<String ID="P15_ST00288" HPOS="1720" VPOS="2103" WIDTH="46" HEIGHT="24" CONTENT="sa" WC="0.81" CC="03"/>
						<SP ID="P15_SP00257" HPOS="1766" VPOS="2138" WIDTH="15"/>
						<String ID="P15_ST00289" HPOS="1781" VPOS="2090" WIDTH="189" HEIGHT="48" CONTENT="musique" WC="1.00" CC="0000000"/>
						<SP ID="P15_SP00258" HPOS="1970" VPOS="2138" WIDTH="23"/>
						<String ID="P15_ST00290" HPOS="1993" VPOS="2102" WIDTH="107" HEIGHT="36" CONTENT="pour" WC="0.96" CC="8350"/>
					</TextLine>
					<TextLine ID="P15_TL00028" HPOS="82" VPOS="2157" WIDTH="1635" HEIGHT="50">
						<String ID="P15_ST00291" HPOS="82" VPOS="2157" WIDTH="122" HEIGHT="48" CONTENT="piano" WC="0.97" CC="50762"/>
						<SP ID="P15_SP00259" HPOS="204" VPOS="2205" WIDTH="24"/>
						<String ID="P15_ST00292" HPOS="228" VPOS="2157" WIDTH="66" HEIGHT="50" CONTENT="(3)." WC="0.65" CC="1704"/>
						<SP ID="P15_SP00260" HPOS="294" VPOS="2207" WIDTH="26"/>
						<String ID="P15_ST00293" HPOS="320" VPOS="2159" WIDTH="85" HEIGHT="35" CONTENT="Elle" WC="0.98" CC="1330"/>
						<SP ID="P15_SP00261" HPOS="405" VPOS="2207" WIDTH="23"/>
						<String ID="P15_ST00294" HPOS="428" VPOS="2164" WIDTH="64" HEIGHT="31" CONTENT="est" WC="1.00" CC="000"/>
						<SP ID="P15_SP00262" HPOS="492" VPOS="2207" WIDTH="21"/>
						<String ID="P15_ST00295" HPOS="513" VPOS="2159" WIDTH="49" HEIGHT="35" CONTENT="de" WC="1.00" CC="00"/>
						<SP ID="P15_SP00263" HPOS="562" VPOS="2207" WIDTH="21"/>
						<String ID="P15_ST00296" HPOS="583" VPOS="2159" WIDTH="176" HEIGHT="47" CONTENT="premier" WC="0.99" CC="5100600"/>
						<SP ID="P15_SP00264" HPOS="759" VPOS="2207" WIDTH="22"/>
						<String ID="P15_ST00297" HPOS="781" VPOS="2159" WIDTH="133" HEIGHT="37" CONTENT="ordre." WC="1.00" CC="100002"/>
						<SP ID="P15_SP00265" HPOS="914" VPOS="2207" WIDTH="95"/>
						<String ID="P15_ST00298" HPOS="1009" VPOS="2160" WIDTH="85" HEIGHT="36" CONTENT="Elle" WC="0.96" CC="6251"/>
						<SP ID="P15_SP00266" HPOS="1094" VPOS="2207" WIDTH="24"/>
						<String ID="P15_ST00299" HPOS="1118" VPOS="2160" WIDTH="181" HEIGHT="37" CONTENT="consiste" WC="0.99" CC="02007002"/>
						<SP ID="P15_SP00267" HPOS="1299" VPOS="2207" WIDTH="23"/>
						<String ID="P15_ST00300" HPOS="1322" VPOS="2172" WIDTH="49" HEIGHT="24" CONTENT="en" WC="1.00" CC="00"/>
						<SP ID="P15_SP00268" HPOS="1371" VPOS="2207" WIDTH="24"/>
						<String ID="P15_ST00301" HPOS="1395" VPOS="2165" WIDTH="146" HEIGHT="42" CONTENT="quatre" WC="0.99" CC="024002"/>
						<SP ID="P15_SP00269" HPOS="1541" VPOS="2207" WIDTH="22"/>
						<String ID="P15_ST00302" HPOS="1563" VPOS="2159" WIDTH="123" HEIGHT="37" CONTENT="livres" WC="0.99" CC="330000"/>
						<SP ID="P15_SP00270" HPOS="1686" VPOS="2207" WIDTH="22"/>
						<String ID="P15_ST00303" HPOS="1708" VPOS="2171" WIDTH="9" HEIGHT="26" CONTENT=":" WC="0.58" CC="4"/>
					</TextLine>
					<TextLine ID="P15_TL00029" HPOS="187" VPOS="2228" WIDTH="1410" HEIGHT="51">
						<String ID="P15_ST00304" HPOS="187" VPOS="2239" WIDTH="30" HEIGHT="24" CONTENT="1." WC="0.83" CC="03" STYLEREFS="TXT_3"/>
						<SP ID="P15_SP00271" HPOS="217" VPOS="2263" WIDTH="31"/>
						<String ID="P15_ST00305" HPOS="248" VPOS="2228" WIDTH="112" HEIGHT="36" CONTENT="Neue" WC="0.65" CC="0624" STYLEREFS="TXT_3"/>
						<SP ID="P15_SP00272" HPOS="360" VPOS="2264" WIDTH="23"/>
						<String ID="P15_ST00306" HPOS="383" VPOS="2229" WIDTH="384" HEIGHT="48" CONTENT="Klavier-Uebung." WC="0.72" CC="000800000154577" STYLEREFS="TXT_3"/>
						<SP ID="P15_SP00273" HPOS="767" VPOS="2277" WIDTH="26"/>
						<String ID="P15_ST00307" HPOS="793" VPOS="2241" WIDTH="12" HEIGHT="23" CONTENT="i" WC="1.00" CC="0"/>
						<String ID="P15_ST00308" HPOS="814" VPOS="2234" WIDTH="29" HEIGHT="17" CONTENT="re" STYLE="superscript" WC="0.53" CC="53"/>
						<SP ID="P15_SP00274" HPOS="843" VPOS="2277" WIDTH="21"/>
						<String ID="P15_ST00309" HPOS="864" VPOS="2229" WIDTH="148" HEIGHT="47" CONTENT="partie." WC="1.00" CC="0100200"/>
						<SP ID="P15_SP00275" HPOS="1012" VPOS="2277" WIDTH="25"/>
						<String ID="P15_ST00310" HPOS="1037" VPOS="2229" WIDTH="184" HEIGHT="48" CONTENT="Leipzig," WC="0.99" CC="60305304"/>
						<SP ID="P15_SP00276" HPOS="1221" VPOS="2277" WIDTH="30"/>
						<String ID="P15_ST00311" HPOS="1251" VPOS="2228" WIDTH="93" HEIGHT="51" CONTENT="1689" WC="0.72" CC="8010"/>
						<SP ID="P15_SP00277" HPOS="1344" VPOS="2279" WIDTH="30"/>
						<String ID="P15_ST00312" HPOS="1374" VPOS="2229" WIDTH="37" HEIGHT="49" CONTENT="(7" WC="0.50" CC="09"/>
						<SP ID="P15_SP00278" HPOS="1411" VPOS="2279" WIDTH="29"/>
						<String ID="P15_ST00313" HPOS="1440" VPOS="2229" WIDTH="157" HEIGHT="49" CONTENT="suites)." WC="0.99" CC="00300063"/>
					</TextLine>
					<TextLine ID="P15_TL00030" HPOS="182" VPOS="2296" WIDTH="1725" HEIGHT="51">
						<String ID="P15_ST00314" HPOS="182" VPOS="2307" WIDTH="35" HEIGHT="26" CONTENT="2." WC="0.66" CC="24"/>
						<SP ID="P15_SP00279" HPOS="217" VPOS="2333" WIDTH="30"/>
						<String ID="P15_ST00315" HPOS="247" VPOS="2296" WIDTH="112" HEIGHT="37" CONTENT="Neue" WC="0.84" CC="6000" STYLEREFS="TXT_3"/>
						<SP ID="P15_SP00280" HPOS="359" VPOS="2333" WIDTH="23"/>
						<String ID="P15_ST00316" HPOS="382" VPOS="2297" WIDTH="390" HEIGHT="48" CONTENT="Klavier-Uebung." WC="0.84" CC="000700003000532" STYLEREFS="TXT_3"/>
						<SP ID="P15_SP00281" HPOS="772" VPOS="2345" WIDTH="25"/>
						<String ID="P15_ST00317" HPOS="797" VPOS="2308" WIDTH="19" HEIGHT="25" CONTENT="2" WC="0.42" CC="5"/>
						<String ID="P15_ST00318" HPOS="823" VPOS="2304" WIDTH="12" HEIGHT="15" CONTENT="e" STYLE="superscript" WC="0.54" CC="4"/>
						<SP ID="P15_SP00282" HPOS="835" VPOS="2345" WIDTH="22"/>
						<String ID="P15_ST00319" HPOS="857" VPOS="2298" WIDTH="147" HEIGHT="47" CONTENT="partie." WC="0.99" CC="0040313"/>
						<SP ID="P15_SP00283" HPOS="1004" VPOS="2345" WIDTH="27"/>
						<String ID="P15_ST00320" HPOS="1031" VPOS="2298" WIDTH="183" HEIGHT="47" CONTENT="Leipzig," WC="0.99" CC="00503204"/>
						<SP ID="P15_SP00284" HPOS="1214" VPOS="2345" WIDTH="29"/>
						<String ID="P15_ST00321" HPOS="1243" VPOS="2300" WIDTH="90" HEIGHT="47" CONTENT="1692" WC="0.66" CC="0850"/>
						<SP ID="P15_SP00285" HPOS="1333" VPOS="2347" WIDTH="25"/>
						<String ID="P15_ST00322" HPOS="1358" VPOS="2296" WIDTH="37" HEIGHT="51" CONTENT="(7" WC="0.93" CC="10"/>
						<SP ID="P15_SP00286" HPOS="1395" VPOS="2347" WIDTH="24"/>
						<String ID="P15_ST00323" HPOS="1419" VPOS="2298" WIDTH="127" HEIGHT="36" CONTENT="suites" WC="0.99" CC="063020"/>
						<SP ID="P15_SP00287" HPOS="1546" VPOS="2347" WIDTH="25"/>
						<String ID="P15_ST00324" HPOS="1571" VPOS="2303" WIDTH="40" HEIGHT="31" CONTENT="et" WC="1.00" CC="00"/>
						<SP ID="P15_SP00288" HPOS="1611" VPOS="2347" WIDTH="22"/>
						<String ID="P15_ST00325" HPOS="1633" VPOS="2310" WIDTH="77" HEIGHT="24" CONTENT="une" WC="0.98" CC="050"/>
						<SP ID="P15_SP00289" HPOS="1710" VPOS="2347" WIDTH="20"/>
						<String ID="P15_ST00326" HPOS="1730" VPOS="2296" WIDTH="177" HEIGHT="50" CONTENT="sonate)." WC="0.99" CC="03007074" STYLEREFS="TXT_3"/>
					</TextLine>
					<TextLine ID="P15_TL00031" HPOS="181" VPOS="2364" WIDTH="1271" HEIGHT="51">
						<String ID="P15_ST00327" HPOS="181" VPOS="2375" WIDTH="36" HEIGHT="36" CONTENT="3." WC="0.49" CC="54"/>
						<SP ID="P15_SP00290" HPOS="217" VPOS="2411" WIDTH="35"/>
						<String ID="P15_ST00328" HPOS="252" VPOS="2364" WIDTH="174" HEIGHT="37" CONTENT="Frische" WC="0.67" CC="4200680" STYLEREFS="TXT_3"/>
						<SP ID="P15_SP00291" HPOS="426" VPOS="2411" WIDTH="16"/>
						<String ID="P15_ST00329" HPOS="442" VPOS="2364" WIDTH="398" HEIGHT="38" CONTENT="Klavier-Frûchte." WC="0.80" CC="0000000300780703" STYLEREFS="TXT_3"/>
						<SP ID="P15_SP00292" HPOS="840" VPOS="2411" WIDTH="26"/>
						<String ID="P15_ST00330" HPOS="866" VPOS="2366" WIDTH="186" HEIGHT="47" CONTENT="Leipzig," WC="0.99" CC="01304204"/>
						<SP ID="P15_SP00293" HPOS="1052" VPOS="2413" WIDTH="29"/>
						<String ID="P15_ST00331" HPOS="1081" VPOS="2366" WIDTH="91" HEIGHT="49" CONTENT="1696" WC="0.91" CC="0200"/>
						<SP ID="P15_SP00294" HPOS="1172" VPOS="2415" WIDTH="21"/>
						<String ID="P15_ST00332" HPOS="1193" VPOS="2366" WIDTH="36" HEIGHT="48" CONTENT="(7" WC="0.93" CC="10"/>
						<SP ID="P15_SP00295" HPOS="1229" VPOS="2415" WIDTH="23"/>
						<String ID="P15_ST00333" HPOS="1252" VPOS="2366" WIDTH="200" HEIGHT="49" CONTENT="sonates)." WC="1.00" CC="000020054" STYLEREFS="TXT_3"/>
					</TextLine>
					<TextLine ID="P15_TL00032" HPOS="180" VPOS="2433" WIDTH="1158" HEIGHT="51">
						<String ID="P15_ST00334" HPOS="180" VPOS="2446" WIDTH="35" HEIGHT="34" CONTENT="4." WC="1.00" CC="00"/>
						<SP ID="P15_SP00296" HPOS="215" VPOS="2480" WIDTH="32"/>
						<String ID="P15_ST00335" HPOS="247" VPOS="2433" WIDTH="216" HEIGHT="36" CONTENT="Biblische" WC="0.66" CC="500620690" STYLEREFS="TXT_3"/>
						<SP ID="P15_SP00297" HPOS="463" VPOS="2480" WIDTH="23"/>
						<String ID="P15_ST00336" HPOS="486" VPOS="2435" WIDTH="241" HEIGHT="35" CONTENT="Historien." WC="1.00" CC="0000000054" STYLEREFS="TXT_3"/>
						<SP ID="P15_SP00298" HPOS="727" VPOS="2480" WIDTH="26"/>
						<String ID="P15_ST00337" HPOS="753" VPOS="2434" WIDTH="183" HEIGHT="47" CONTENT="Leipzig," WC="0.99" CC="00300392"/>
						<SP ID="P15_SP00299" HPOS="936" VPOS="2481" WIDTH="28"/>
						<String ID="P15_ST00338" HPOS="964" VPOS="2443" WIDTH="92" HEIGHT="40" CONTENT="1700" WC="1.00" CC="0000"/>
						<SP ID="P15_SP00300" HPOS="1056" VPOS="2483" WIDTH="24"/>
						<String ID="P15_ST00339" HPOS="1080" VPOS="2434" WIDTH="36" HEIGHT="49" CONTENT="(6" WC="0.81" CC="03"/>
						<SP ID="P15_SP00301" HPOS="1116" VPOS="2483" WIDTH="23"/>
						<String ID="P15_ST00340" HPOS="1139" VPOS="2435" WIDTH="199" HEIGHT="49" CONTENT="sonates)." WC="1.00" CC="000060004" STYLEREFS="TXT_3"/>
					</TextLine>
					<TextLine ID="P15_TL00033" HPOS="181" VPOS="2502" WIDTH="1920" HEIGHT="49">
						<String ID="P15_ST00341" HPOS="181" VPOS="2502" WIDTH="43" HEIGHT="35" CONTENT="M" WC="1.00" CC="0"/>
						<String ID="P15_ST00342" HPOS="228" VPOS="2508" WIDTH="43" HEIGHT="16" CONTENT="me" STYLE="superscript" WC="0.60" CC="60"/>
						<SP ID="P15_SP00302" HPOS="271" VPOS="2537" WIDTH="25"/>
						<String ID="P15_ST00343" HPOS="296" VPOS="2502" WIDTH="177" HEIGHT="36" CONTENT="Farrenc" WC="0.87" CC="1000070"/>
						<SP ID="P15_SP00303" HPOS="473" VPOS="2538" WIDTH="22"/>
						<String ID="P15_ST00344" HPOS="495" VPOS="2503" WIDTH="112" HEIGHT="35" CONTENT="avait" WC="0.99" CC="10040"/>
						<SP ID="P15_SP00304" HPOS="607" VPOS="2538" WIDTH="21"/>
						<String ID="P15_ST00345" HPOS="628" VPOS="2502" WIDTH="137" HEIGHT="48" CONTENT="publié" WC="0.98" CC="860030"/>
						<SP ID="P15_SP00305" HPOS="765" VPOS="2550" WIDTH="22"/>
						<String ID="P15_ST00346" HPOS="787" VPOS="2504" WIDTH="60" HEIGHT="35" CONTENT="les" WC="0.98" CC="005"/>
						<SP ID="P15_SP00306" HPOS="847" VPOS="2550" WIDTH="16"/>
						<String ID="P15_ST00347" HPOS="863" VPOS="2503" WIDTH="101" HEIGHT="37" CONTENT="trois" WC="0.99" CC="00522"/>
						<SP ID="P15_SP00307" HPOS="964" VPOS="2550" WIDTH="22"/>
						<String ID="P15_ST00348" HPOS="986" VPOS="2503" WIDTH="199" HEIGHT="48" CONTENT="premiers" WC="1.00" CC="00002003"/>
						<SP ID="P15_SP00308" HPOS="1185" VPOS="2551" WIDTH="22"/>
						<String ID="P15_ST00349" HPOS="1207" VPOS="2505" WIDTH="190" HEIGHT="45" CONTENT="recueils," WC="1.00" CC="000000304"/>
						<SP ID="P15_SP00309" HPOS="1397" VPOS="2551" WIDTH="26"/>
						<String ID="P15_ST00350" HPOS="1423" VPOS="2516" WIDTH="48" HEIGHT="24" CONTENT="en" WC="0.65" CC="06"/>
						<SP ID="P15_SP00310" HPOS="1471" VPOS="2551" WIDTH="27"/>
						<String ID="P15_ST00351" HPOS="1498" VPOS="2503" WIDTH="109" HEIGHT="46" CONTENT="1861," WC="0.79" CC="30204"/>
						<SP ID="P15_SP00311" HPOS="1607" VPOS="2551" WIDTH="25"/>
						<String ID="P15_ST00352" HPOS="1632" VPOS="2503" WIDTH="102" HEIGHT="36" CONTENT="dans" WC="0.99" CC="4000"/>
						<SP ID="P15_SP00312" HPOS="1734" VPOS="2551" WIDTH="25"/>
						<String ID="P15_ST00353" HPOS="1759" VPOS="2515" WIDTH="74" HEIGHT="24" CONTENT="son" WC="0.96" CC="036"/>
						<SP ID="P15_SP00313" HPOS="1833" VPOS="2551" WIDTH="29"/>
						<String ID="P15_ST00354" HPOS="1862" VPOS="2502" WIDTH="147" HEIGHT="37" CONTENT="Trésor" WC="0.99" CC="506000" STYLEREFS="TXT_3"/>
						<SP ID="P15_SP00314" HPOS="2009" VPOS="2551" WIDTH="19"/>
						<String ID="P15_ST00355" HPOS="2028" VPOS="2503" WIDTH="73" HEIGHT="36" CONTENT="des" WC="0.98" CC="303" STYLEREFS="TXT_3"/>
					</TextLine>
					<TextLine ID="P15_TL00034" HPOS="80" VPOS="2570" WIDTH="2020" HEIGHT="52">
						<String ID="P15_ST00356" HPOS="80" VPOS="2570" WIDTH="219" HEIGHT="37" CONTENT="Pianistes" WC="0.99" CC="220050600" STYLEREFS="TXT_3"/>
						<String ID="P15_ST00357" HPOS="304" VPOS="2600" WIDTH="8" HEIGHT="17" CONTENT="," WC="0.56" CC="4"/>
						<SP ID="P15_SP00315" HPOS="312" VPOS="2617" WIDTH="26"/>
						<String ID="P15_ST00358" HPOS="338" VPOS="2577" WIDTH="40" HEIGHT="29" CONTENT="et" WC="0.84" CC="30"/>
						<SP ID="P15_SP00316" HPOS="378" VPOS="2617" WIDTH="25"/>
						<String ID="P15_ST00359" HPOS="403" VPOS="2571" WIDTH="56" HEIGHT="36" CONTENT="M." WC="0.92" CC="10"/>
						<SP ID="P15_SP00317" HPOS="459" VPOS="2617" WIDTH="25"/>
						<String ID="P15_ST00360" HPOS="484" VPOS="2571" WIDTH="207" HEIGHT="37" CONTENT="Shedlock" WC="0.82" CC="06304000"/>
						<SP ID="P15_SP00318" HPOS="691" VPOS="2617" WIDTH="24"/>
						<String ID="P15_ST00361" HPOS="715" VPOS="2584" WIDTH="24" HEIGHT="24" CONTENT="a" WC="1.00" CC="0"/>
						<SP ID="P15_SP00319" HPOS="739" VPOS="2617" WIDTH="22"/>
						<String ID="P15_ST00362" HPOS="761" VPOS="2572" WIDTH="203" HEIGHT="47" CONTENT="entrepris" WC="1.00" CC="000400070"/>
						<SP ID="P15_SP00320" HPOS="964" VPOS="2619" WIDTH="24"/>
						<String ID="P15_ST00363" HPOS="988" VPOS="2572" WIDTH="181" HEIGHT="37" CONTENT="l'édition" WC="0.99" CC="240050550"/>
						<SP ID="P15_SP00321" HPOS="1169" VPOS="2619" WIDTH="21"/>
						<String ID="P15_ST00364" HPOS="1190" VPOS="2573" WIDTH="54" HEIGHT="35" CONTENT="du" WC="0.74" CC="05"/>
						<SP ID="P15_SP00322" HPOS="1244" VPOS="2619" WIDTH="19"/>
						<String ID="P15_ST00365" HPOS="1263" VPOS="2573" WIDTH="228" HEIGHT="46" CONTENT="quatrième" WC="0.99" CC="700003600"/>
						<SP ID="P15_SP00323" HPOS="1491" VPOS="2619" WIDTH="23"/>
						<String ID="P15_ST00366" HPOS="1514" VPOS="2585" WIDTH="48" HEIGHT="23" CONTENT="en" WC="0.59" CC="25"/>
						<SP ID="P15_SP00324" HPOS="1562" VPOS="2619" WIDTH="22"/>
						<String ID="P15_ST00367" HPOS="1584" VPOS="2572" WIDTH="106" HEIGHT="50" CONTENT="1895." WC="0.69" CC="50072"/>
						<SP ID="P15_SP00325" HPOS="1690" VPOS="2622" WIDTH="20"/>
						<String ID="P15_ST00368" HPOS="1710" VPOS="2573" WIDTH="109" HEIGHT="35" CONTENT="Pour" WC="0.96" CC="6244"/>
						<SP ID="P15_SP00326" HPOS="1819" VPOS="2622" WIDTH="23"/>
						<String ID="P15_ST00369" HPOS="1842" VPOS="2573" WIDTH="40" HEIGHT="35" CONTENT="la" WC="0.75" CC="40"/>
						<SP ID="P15_SP00327" HPOS="1882" VPOS="2622" WIDTH="18"/>
						<String ID="P15_ST00370" HPOS="1900" VPOS="2572" WIDTH="200" HEIGHT="48" CONTENT="première" WC="0.99" CC="02102430"/>
					</TextLine>
					<TextLine ID="P15_TL00035" HPOS="80" VPOS="2638" WIDTH="2019" HEIGHT="52">
						<String ID="P15_ST00371" HPOS="80" VPOS="2638" WIDTH="95" HEIGHT="47" CONTENT="fois," WC="0.98" CC="42303"/>
						<SP ID="P15_SP00328" HPOS="175" VPOS="2685" WIDTH="18"/>
						<String ID="P15_ST00372" HPOS="193" VPOS="2640" WIDTH="236" HEIGHT="36" CONTENT="l'ensemble" WC="0.99" CC="5004000064"/>
						<SP ID="P15_SP00329" HPOS="429" VPOS="2685" WIDTH="18"/>
						<String ID="P15_ST00373" HPOS="447" VPOS="2645" WIDTH="64" HEIGHT="31" CONTENT="est" WC="0.98" CC="400"/>
						<SP ID="P15_SP00330" HPOS="511" VPOS="2685" WIDTH="19"/>
						<String ID="P15_ST00374" HPOS="530" VPOS="2640" WIDTH="51" HEIGHT="36" CONTENT="ici" WC="0.98" CC="005"/>
						<SP ID="P15_SP00331" HPOS="581" VPOS="2685" WIDTH="21"/>
						<String ID="P15_ST00375" HPOS="602" VPOS="2641" WIDTH="115" HEIGHT="35" CONTENT="réuni" WC="0.98" CC="02751"/>
						<SP ID="P15_SP00332" HPOS="717" VPOS="2685" WIDTH="18"/>
						<String ID="P15_ST00376" HPOS="735" VPOS="2640" WIDTH="105" HEIGHT="36" CONTENT="dans" WC="1.00" CC="0000"/>
						<SP ID="P15_SP00333" HPOS="840" VPOS="2685" WIDTH="23"/>
						<String ID="P15_ST00377" HPOS="863" VPOS="2653" WIDTH="77" HEIGHT="24" CONTENT="une" WC="0.95" CC="570"/>
						<SP ID="P15_SP00334" HPOS="940" VPOS="2685" WIDTH="24"/>
						<String ID="P15_ST00378" HPOS="964" VPOS="2641" WIDTH="169" HEIGHT="47" CONTENT="édition," WC="0.99" CC="00404204"/>
						<SP ID="P15_SP00335" HPOS="1133" VPOS="2688" WIDTH="13"/>
						<String ID="P15_ST00379" HPOS="1146" VPOS="2641" WIDTH="68" HEIGHT="47" CONTENT="qui" WC="0.96" CC="054"/>
						<SP ID="P15_SP00336" HPOS="1214" VPOS="2688" WIDTH="16"/>
						<String ID="P15_ST00380" HPOS="1230" VPOS="2648" WIDTH="65" HEIGHT="29" CONTENT="est" WC="1.00" CC="000"/>
						<SP ID="P15_SP00337" HPOS="1295" VPOS="2688" WIDTH="21"/>
						<String ID="P15_ST00381" HPOS="1316" VPOS="2654" WIDTH="53" HEIGHT="23" CONTENT="un" WC="0.30" CC="85"/>
						<SP ID="P15_SP00338" HPOS="1369" VPOS="2688" WIDTH="24"/>
						<String ID="P15_ST00382" HPOS="1393" VPOS="2641" WIDTH="159" HEIGHT="36" CONTENT="modèle" WC="0.99" CC="000540"/>
						<SP ID="P15_SP00339" HPOS="1552" VPOS="2688" WIDTH="25"/>
						<String ID="P15_ST00383" HPOS="1577" VPOS="2641" WIDTH="49" HEIGHT="36" CONTENT="de" WC="0.96" CC="00"/>
						<SP ID="P15_SP00340" HPOS="1626" VPOS="2688" WIDTH="21"/>
						<String ID="P15_ST00384" HPOS="1647" VPOS="2641" WIDTH="171" HEIGHT="48" CONTENT="critique" WC="0.99" CC="00403040"/>
						<SP ID="P15_SP00341" HPOS="1818" VPOS="2689" WIDTH="22"/>
						<String ID="P15_ST00385" HPOS="1840" VPOS="2640" WIDTH="73" HEIGHT="50" CONTENT="(4);" WC="0.78" CC="4300"/>
						<SP ID="P15_SP00342" HPOS="1913" VPOS="2690" WIDTH="19"/>
						<String ID="P15_ST00386" HPOS="1932" VPOS="2642" WIDTH="35" HEIGHT="35" CONTENT="le" WC="0.81" CC="30"/>
						<SP ID="P15_SP00343" HPOS="1967" VPOS="2690" WIDTH="23"/>
						<String ID="P15_ST00387" HPOS="1990" VPOS="2646" WIDTH="109" HEIGHT="31" CONTENT="texte" WC="1.00" CC="00000"/>
					</TextLine>
					<TextLine ID="P15_TL00036" HPOS="82" VPOS="2707" WIDTH="2018" HEIGHT="50">
						<String ID="P15_ST00388" HPOS="82" VPOS="2707" WIDTH="172" HEIGHT="37" CONTENT="musical" WC="1.00" CC="0050010"/>
						<SP ID="P15_SP00344" HPOS="254" VPOS="2744" WIDTH="22"/>
						<String ID="P15_ST00389" HPOS="276" VPOS="2720" WIDTH="48" HEIGHT="24" CONTENT="en" WC="0.72" CC="05"/>
						<SP ID="P15_SP00345" HPOS="324" VPOS="2744" WIDTH="16"/>
						<String ID="P15_ST00390" HPOS="340" VPOS="2721" WIDTH="25" HEIGHT="23" CONTENT="a" WC="1.00" CC="0"/>
						<SP ID="P15_SP00346" HPOS="365" VPOS="2744" WIDTH="19"/>
						<String ID="P15_ST00391" HPOS="384" VPOS="2711" WIDTH="64" HEIGHT="34" CONTENT="été" WC="1.00" CC="000"/>
						<SP ID="P15_SP00347" HPOS="448" VPOS="2745" WIDTH="20"/>
						<String ID="P15_ST00392" HPOS="468" VPOS="2709" WIDTH="338" HEIGHT="48" CONTENT="soigneusement" WC="1.00" CC="3400305000000"/>
						<SP ID="P15_SP00348" HPOS="806" VPOS="2757" WIDTH="19"/>
						<String ID="P15_ST00393" HPOS="825" VPOS="2709" WIDTH="126" HEIGHT="36" CONTENT="établi" WC="1.00" CC="000003"/>
						<SP ID="P15_SP00349" HPOS="951" VPOS="2757" WIDTH="20"/>
						<String ID="P15_ST00394" HPOS="971" VPOS="2710" WIDTH="160" HEIGHT="47" CONTENT="d'après" WC="0.99" CC="0290000"/>
						<SP ID="P15_SP00350" HPOS="1131" VPOS="2757" WIDTH="16"/>
						<String ID="P15_ST00395" HPOS="1147" VPOS="2710" WIDTH="152" HEIGHT="36" CONTENT="l'étude" WC="0.99" CC="1400700"/>
						<SP ID="P15_SP00351" HPOS="1299" VPOS="2757" WIDTH="19"/>
						<String ID="P15_ST00396" HPOS="1318" VPOS="2712" WIDTH="220" HEIGHT="45" CONTENT="comparée" WC="1.00" CC="00000000"/>
						<SP ID="P15_SP00352" HPOS="1538" VPOS="2757" WIDTH="16"/>
						<String ID="P15_ST00397" HPOS="1554" VPOS="2710" WIDTH="73" HEIGHT="36" CONTENT="des" WC="0.97" CC="034"/>
						<SP ID="P15_SP00353" HPOS="1627" VPOS="2757" WIDTH="22"/>
						<String ID="P15_ST00398" HPOS="1649" VPOS="2710" WIDTH="235" HEIGHT="37" CONTENT="différentes" WC="1.00" CC="01680000000"/>
						<SP ID="P15_SP00354" HPOS="1884" VPOS="2757" WIDTH="23"/>
						<String ID="P15_ST00399" HPOS="1907" VPOS="2710" WIDTH="193" HEIGHT="46" CONTENT="éditions," WC="1.00" CC="000003003"/>
					</TextLine>
					<TextLine ID="P15_TL00037" HPOS="83" VPOS="2776" WIDTH="2017" HEIGHT="49">
						<String ID="P15_ST00400" HPOS="83" VPOS="2781" WIDTH="40" HEIGHT="31" CONTENT="et" WC="1.00" CC="00"/>
						<SP ID="P15_SP00355" HPOS="123" VPOS="2812" WIDTH="19"/>
						<String ID="P15_ST00401" HPOS="142" VPOS="2776" WIDTH="28" HEIGHT="35" CONTENT="il" WC="0.75" CC="22"/>
						<SP ID="P15_SP00356" HPOS="170" VPOS="2812" WIDTH="19"/>
						<String ID="P15_ST00402" HPOS="189" VPOS="2782" WIDTH="63" HEIGHT="31" CONTENT="est" WC="0.97" CC="250"/>
						<SP ID="P15_SP00357" HPOS="252" VPOS="2813" WIDTH="21"/>
						<String ID="P15_ST00403" HPOS="273" VPOS="2780" WIDTH="286" HEIGHT="45" CONTENT="accompagné" WC="1.00" CC="0000000030"/>
						<SP ID="P15_SP00358" HPOS="559" VPOS="2825" WIDTH="25"/>
						<String ID="P15_ST00404" HPOS="584" VPOS="2778" WIDTH="117" HEIGHT="37" CONTENT="d'une" WC="0.99" CC="00306"/>
						<SP ID="P15_SP00359" HPOS="701" VPOS="2825" WIDTH="23"/>
						<String ID="P15_ST00405" HPOS="724" VPOS="2778" WIDTH="275" HEIGHT="37" CONTENT="introduction" WC="1.00" CC="060050010040"/>
						<SP ID="P15_SP00360" HPOS="999" VPOS="2825" WIDTH="20"/>
						<String ID="P15_ST00406" HPOS="1019" VPOS="2784" WIDTH="39" HEIGHT="31" CONTENT="et" WC="1.00" CC="00"/>
						<SP ID="P15_SP00361" HPOS="1058" VPOS="2825" WIDTH="25"/>
						<String ID="P15_ST00407" HPOS="1083" VPOS="2779" WIDTH="49" HEIGHT="36" CONTENT="de" WC="1.00" CC="00"/>
						<SP ID="P15_SP00362" HPOS="1132" VPOS="2825" WIDTH="23"/>
						<String ID="P15_ST00408" HPOS="1155" VPOS="2784" WIDTH="118" HEIGHT="31" CONTENT="notes" WC="0.98" CC="06006"/>
						<SP ID="P15_SP00363" HPOS="1273" VPOS="2825" WIDTH="22"/>
						<String ID="P15_ST00409" HPOS="1295" VPOS="2779" WIDTH="248" HEIGHT="36" CONTENT="excellentes" WC="1.00" CC="20000206000"/>
						<SP ID="P15_SP00364" HPOS="1543" VPOS="2825" WIDTH="23"/>
						<String ID="P15_ST00410" HPOS="1566" VPOS="2779" WIDTH="48" HEIGHT="36" CONTENT="de" WC="1.00" CC="00"/>
						<SP ID="P15_SP00365" HPOS="1614" VPOS="2825" WIDTH="25"/>
						<String ID="P15_ST00411" HPOS="1639" VPOS="2779" WIDTH="57" HEIGHT="37" CONTENT="M." WC="0.81" CC="03"/>
						<SP ID="P15_SP00366" HPOS="1696" VPOS="2825" WIDTH="23"/>
						<String ID="P15_ST00412" HPOS="1719" VPOS="2779" WIDTH="101" HEIGHT="36" CONTENT="Karl" WC="0.98" CC="1440"/>
						<SP ID="P15_SP00367" HPOS="1820" VPOS="2825" WIDTH="19"/>
						<String ID="P15_ST00413" HPOS="1839" VPOS="2779" WIDTH="156" HEIGHT="37" CONTENT="Pasler." WC="0.75" CC="6004014"/>
						<SP ID="P15_SP00368" HPOS="1995" VPOS="2825" WIDTH="25"/>
						<String ID="P15_ST00414" HPOS="2020" VPOS="2779" WIDTH="80" HEIGHT="36" CONTENT="Les" WC="0.98" CC="500"/>
					</TextLine>
				</TextBlock>
				<TextBlock ID="P15_TB00008" HPOS="83" VPOS="2956" WIDTH="2021" HEIGHT="564" STYLEREFS="TXT_6 PAR_LEFT">
					<TextLine ID="P15_TL00038" HPOS="158" VPOS="2956" WIDTH="621" HEIGHT="40">
						<String ID="P15_ST00415" HPOS="158" VPOS="2956" WIDTH="35" HEIGHT="39" CONTENT="(1)" WC="0.49" CC="742"/>
						<SP ID="P15_SP00369" HPOS="193" VPOS="2995" WIDTH="16"/>
						<String ID="P15_ST00416" HPOS="209" VPOS="2958" WIDTH="104" HEIGHT="28" CONTENT="Revue" WC="0.96" CC="06586" STYLEREFS="TXT_7"/>
						<SP ID="P15_SP00370" HPOS="313" VPOS="2995" WIDTH="17"/>
						<String ID="P15_ST00417" HPOS="330" VPOS="2958" WIDTH="38" HEIGHT="29" CONTENT="de" WC="1.00" CC="00" STYLEREFS="TXT_7"/>
						<SP ID="P15_SP00371" HPOS="368" VPOS="2995" WIDTH="17"/>
						<String ID="P15_ST00418" HPOS="385" VPOS="2960" WIDTH="104" HEIGHT="27" CONTENT="Paris" WC="0.97" CC="45506" STYLEREFS="TXT_7"/>
						<String ID="P15_ST00419" HPOS="493" VPOS="2983" WIDTH="6" HEIGHT="11" CONTENT="," WC="1.00" CC="0"/>
						<SP ID="P15_SP00372" HPOS="499" VPOS="2995" WIDTH="20"/>
						<String ID="P15_ST00420" HPOS="519" VPOS="2967" WIDTH="10" HEIGHT="20" CONTENT="l" WC="0.69" CC="3"/>
						<String ID="P15_ST00421" HPOS="533" VPOS="2964" WIDTH="23" HEIGHT="15" CONTENT="er" STYLE="superscript" WC="0.63" CC="24"/>
						<SP ID="P15_SP00373" HPOS="556" VPOS="2995" WIDTH="14"/>
						<String ID="P15_ST00422" HPOS="570" VPOS="2959" WIDTH="109" HEIGHT="37" CONTENT="juillet" WC="0.98" CC="2775075"/>
						<SP ID="P15_SP00374" HPOS="679" VPOS="2996" WIDTH="18"/>
						<String ID="P15_ST00423" HPOS="697" VPOS="2968" WIDTH="82" HEIGHT="27" CONTENT="igoo." WC="0.38" CC="68780"/>
					</TextLine>
					<TextLine ID="P15_TL00039" HPOS="157" VPOS="3002" WIDTH="1946" HEIGHT="41">
						<String ID="P15_ST00424" HPOS="157" VPOS="3003" WIDTH="40" HEIGHT="36" CONTENT="(2)" WC="0.91" CC="200"/>
						<SP ID="P15_SP00375" HPOS="197" VPOS="3039" WIDTH="21"/>
						<String ID="P15_ST00425" HPOS="218" VPOS="3003" WIDTH="43" HEIGHT="26" CONTENT="Le" WC="0.58" CC="16"/>
						<SP ID="P15_SP00376" HPOS="261" VPOS="3039" WIDTH="18"/>
						<String ID="P15_ST00426" HPOS="279" VPOS="3013" WIDTH="109" HEIGHT="17" CONTENT="roman" WC="0.96" CC="64087"/>
						<SP ID="P15_SP00377" HPOS="388" VPOS="3039" WIDTH="18"/>
						<String ID="P15_ST00427" HPOS="406" VPOS="3006" WIDTH="37" HEIGHT="25" CONTENT="de" WC="0.40" CC="56"/>
						<SP ID="P15_SP00378" HPOS="443" VPOS="3039" WIDTH="26"/>
						<String ID="P15_ST00428" HPOS="469" VPOS="3005" WIDTH="141" HEIGHT="27" CONTENT="Kuhnau" WC="0.57" CC="352453"/>
						<SP ID="P15_SP00379" HPOS="610" VPOS="3039" WIDTH="25"/>
						<String ID="P15_ST00429" HPOS="635" VPOS="3008" WIDTH="94" HEIGHT="31" CONTENT="parut" WC="0.98" CC="60442"/>
						<SP ID="P15_SP00380" HPOS="729" VPOS="3039" WIDTH="18"/>
						<String ID="P15_ST00430" HPOS="747" VPOS="3005" WIDTH="18" HEIGHT="27" CONTENT="à" WC="0.23" CC="7"/>
						<SP ID="P15_SP00381" HPOS="765" VPOS="3039" WIDTH="18"/>
						<String ID="P15_ST00431" HPOS="783" VPOS="3005" WIDTH="125" HEIGHT="27" CONTENT="Dresde" WC="0.97" CC="755047"/>
						<SP ID="P15_SP00382" HPOS="908" VPOS="3039" WIDTH="20"/>
						<String ID="P15_ST00432" HPOS="928" VPOS="3013" WIDTH="39" HEIGHT="19" CONTENT="en" WC="0.33" CC="58"/>
						<SP ID="P15_SP00383" HPOS="967" VPOS="3039" WIDTH="19"/>
						<String ID="P15_ST00433" HPOS="986" VPOS="3011" WIDTH="82" HEIGHT="28" CONTENT="1700," WC="0.40" CC="77607"/>
						<SP ID="P15_SP00384" HPOS="1068" VPOS="3039" WIDTH="17"/>
						<String ID="P15_ST00434" HPOS="1085" VPOS="3002" WIDTH="28" HEIGHT="30" CONTENT="Il" WC="0.61" CC="70"/>
						<SP ID="P15_SP00385" HPOS="1113" VPOS="3039" WIDTH="16"/>
						<String ID="P15_ST00435" HPOS="1129" VPOS="3015" WIDTH="17" HEIGHT="18" CONTENT="a" WC="0.34" CC="6"/>
						<SP ID="P15_SP00386" HPOS="1146" VPOS="3039" WIDTH="17"/>
						<String ID="P15_ST00436" HPOS="1163" VPOS="3002" WIDTH="49" HEIGHT="32" CONTENT="été" WC="0.94" CC="808"/>
						<SP ID="P15_SP00387" HPOS="1212" VPOS="3039" WIDTH="16"/>
						<String ID="P15_ST00437" HPOS="1228" VPOS="3003" WIDTH="122" HEIGHT="31" CONTENT="féédité" WC="0.31" CC="8889209"/>
						<SP ID="P15_SP00388" HPOS="1350" VPOS="3039" WIDTH="19"/>
						<String ID="P15_ST00438" HPOS="1369" VPOS="3012" WIDTH="38" HEIGHT="21" CONTENT="cri" WC="0.93" CC="676"/>
						<SP ID="P15_SP00389" HPOS="1407" VPOS="3039" WIDTH="20"/>
						<String ID="P15_ST00439" HPOS="1427" VPOS="3013" WIDTH="71" HEIGHT="30" CONTENT="igoo" WC="0.58" CC="2724"/>
						<SP ID="P15_SP00390" HPOS="1498" VPOS="3043" WIDTH="18"/>
						<String ID="P15_ST00440" HPOS="1516" VPOS="3011" WIDTH="58" HEIGHT="30" CONTENT='pal"' WC="0.96" CC="6067"/>
						<SP ID="P15_SP00391" HPOS="1574" VPOS="3043" WIDTH="14"/>
						<String ID="P15_ST00441" HPOS="1588" VPOS="3003" WIDTH="47" HEIGHT="31" CONTENT="M," WC="0.27" CC="77"/>
						<SP ID="P15_SP00392" HPOS="1635" VPOS="3043" WIDTH="18"/>
						<String ID="P15_ST00442" HPOS="1653" VPOS="3003" WIDTH="86" HEIGHT="30" CONTENT="Kuft" WC="0.50" CC="6480"/>
						<SP ID="P15_SP00393" HPOS="1739" VPOS="3043" WIDTH="17"/>
						<String ID="P15_ST00443" HPOS="1756" VPOS="3004" WIDTH="165" HEIGHT="30" CONTENT="Benndorf" WC="0.44" CC="77823284"/>
						<SP ID="P15_SP00394" HPOS="1921" VPOS="3043" WIDTH="13"/>
						<String ID="P15_ST00444" HPOS="1934" VPOS="3005" WIDTH="9" HEIGHT="38" CONTENT="(" WC="1.00" CC="0"/>
						<String ID="P15_ST00445" HPOS="1946" VPOS="3003" WIDTH="157" HEIGHT="30" CONTENT="Deutsche" WC="0.97" CC="45789777" STYLEREFS="TXT_7"/>
					</TextLine>
					<TextLine ID="P15_TL00040" HPOS="84" VPOS="3046" WIDTH="1696" HEIGHT="39">
						<String ID="P15_ST00446" HPOS="84" VPOS="3046" WIDTH="373" HEIGHT="28" CONTENT="Litteraiurdenkmale" WC="0.61" CC="208826567000406910" STYLEREFS="TXT_7"/>
						<SP ID="P15_SP00395" HPOS="457" VPOS="3074" WIDTH="18"/>
						<String ID="P15_ST00447" HPOS="475" VPOS="3051" WIDTH="39" HEIGHT="24" CONTENT="de" WC="1.00" CC="00"/>
						<SP ID="P15_SP00396" HPOS="514" VPOS="3075" WIDTH="18"/>
						<String ID="P15_ST00448" HPOS="532" VPOS="3048" WIDTH="40" HEIGHT="28" CONTENT="A." WC="0.66" CC="24"/>
						<SP ID="P15_SP00397" HPOS="572" VPOS="3076" WIDTH="19"/>
						<String ID="P15_ST00449" HPOS="591" VPOS="3048" WIDTH="127" HEIGHT="37" CONTENT="Sauef.)" WC="0.88" CC="0000701"/>
						<SP ID="P15_SP00398" HPOS="718" VPOS="3085" WIDTH="19"/>
						<String ID="P15_ST00450" HPOS="737" VPOS="3049" WIDTH="79" HEIGHT="26" CONTENT="Voir" WC="0.99" CC="6000"/>
						<SP ID="P15_SP00399" HPOS="816" VPOS="3085" WIDTH="18"/>
						<String ID="P15_ST00451" HPOS="834" VPOS="3051" WIDTH="152" HEIGHT="33" CONTENT="l'analyse" WC="0.99" CC="000004506"/>
						<SP ID="P15_SP00400" HPOS="986" VPOS="3085" WIDTH="19"/>
						<String ID="P15_ST00452" HPOS="1005" VPOS="3050" WIDTH="79" HEIGHT="26" CONTENT="dans" WC="0.98" CC="0602"/>
						<SP ID="P15_SP00401" HPOS="1084" VPOS="3085" WIDTH="19"/>
						<String ID="P15_ST00453" HPOS="1103" VPOS="3048" WIDTH="135" HEIGHT="30" CONTENT="l'article" WC="0.99" CC="120400054"/>
						<SP ID="P15_SP00402" HPOS="1238" VPOS="3085" WIDTH="23"/>
						<String ID="P15_ST00454" HPOS="1261" VPOS="3050" WIDTH="64" HEIGHT="28" CONTENT="cité" WC="0.97" CC="4008"/>
						<SP ID="P15_SP00403" HPOS="1325" VPOS="3085" WIDTH="18"/>
						<String ID="P15_ST00455" HPOS="1343" VPOS="3053" WIDTH="38" HEIGHT="24" CONTENT="de" WC="0.65" CC="07"/>
						<SP ID="P15_SP00404" HPOS="1381" VPOS="3085" WIDTH="23"/>
						<String ID="P15_ST00456" HPOS="1404" VPOS="3051" WIDTH="33" HEIGHT="26" CONTENT="la" WC="0.61" CC="07" STYLEREFS="TXT_7"/>
						<SP ID="P15_SP00405" HPOS="1437" VPOS="3085" WIDTH="18"/>
						<String ID="P15_ST00457" HPOS="1455" VPOS="3051" WIDTH="105" HEIGHT="26" CONTENT="Revue" WC="0.98" CC="00470" STYLEREFS="TXT_7"/>
						<SP ID="P15_SP00406" HPOS="1560" VPOS="3085" WIDTH="18"/>
						<String ID="P15_ST00458" HPOS="1578" VPOS="3050" WIDTH="38" HEIGHT="27" CONTENT="de" WC="1.00" CC="00" STYLEREFS="TXT_7"/>
						<SP ID="P15_SP00407" HPOS="1616" VPOS="3085" WIDTH="19"/>
						<String ID="P15_ST00459" HPOS="1635" VPOS="3050" WIDTH="113" HEIGHT="28" CONTENT="Paris." WC="0.98" CC="403026" STYLEREFS="TXT_7"/>
						<SP ID="P15_SP00408" HPOS="1748" VPOS="3085" WIDTH="26"/>
						<String ID="P15_ST00460" HPOS="1774" VPOS="3064" WIDTH="6" HEIGHT="4" CONTENT="-" WC="0.51" CC="4" STYLEREFS="TXT_7"/>
					</TextLine>
					<TextLine ID="P15_TL00041" HPOS="158" VPOS="3089" WIDTH="1945" HEIGHT="42">
						<String ID="P15_ST00461" HPOS="158" VPOS="3089" WIDTH="42" HEIGHT="36" CONTENT="(3)" WC="0.45" CC="455" STYLEREFS="TXT_8"/>
						<SP ID="P15_SP00409" HPOS="200" VPOS="3125" WIDTH="24"/>
						<String ID="P15_ST00462" HPOS="224" VPOS="3090" WIDTH="139" HEIGHT="26" CONTENT="Kuhnau" WC="0.62" CC="756003"/>
						<SP ID="P15_SP00410" HPOS="363" VPOS="3125" WIDTH="23"/>
						<String ID="P15_ST00463" HPOS="386" VPOS="3091" WIDTH="111" HEIGHT="28" CONTENT="écrivit" WC="0.99" CC="7000040"/>
						<SP ID="P15_SP00411" HPOS="497" VPOS="3125" WIDTH="38"/>
						<String ID="P15_ST00464" HPOS="535" VPOS="3095" WIDTH="84" HEIGHT="24" CONTENT="aussi" WC="0.98" CC="07064"/>
						<SP ID="P15_SP00412" HPOS="619" VPOS="3125" WIDTH="24"/>
						<String ID="P15_ST00465" HPOS="643" VPOS="3095" WIDTH="39" HEIGHT="24" CONTENT="de" WC="1.00" CC="00"/>
						<SP ID="P15_SP00413" HPOS="682" VPOS="3125" WIDTH="25"/>
						<String ID="P15_ST00466" HPOS="707" VPOS="3095" WIDTH="241" HEIGHT="31" CONTENT="remarquables" WC="0.99" CC="270010802050"/>
						<SP ID="P15_SP00414" HPOS="948" VPOS="3126" WIDTH="26"/>
						<String ID="P15_ST00467" HPOS="974" VPOS="3097" WIDTH="146" HEIGHT="24" CONTENT="cantates" WC="0.99" CC="00007040"/>
						<SP ID="P15_SP00415" HPOS="1120" VPOS="3126" WIDTH="24"/>
						<String ID="P15_ST00468" HPOS="1144" VPOS="3094" WIDTH="142" HEIGHT="34" CONTENT="d'église," WC="0.99" CC="038700042"/>
						<SP ID="P15_SP00416" HPOS="1286" VPOS="3128" WIDTH="27"/>
						<String ID="P15_ST00469" HPOS="1313" VPOS="3102" WIDTH="62" HEIGHT="19" CONTENT="une" WC="0.96" CC="702"/>
						<SP ID="P15_SP00417" HPOS="1375" VPOS="3128" WIDTH="30"/>
						<String ID="P15_ST00470" HPOS="1405" VPOS="3094" WIDTH="270" HEIGHT="34" CONTENT="Marcuspassion" WC="0.64" CC="0005507809017" STYLEREFS="TXT_7"/>
						<SP ID="P15_SP00418" HPOS="1675" VPOS="3128" WIDTH="28"/>
						<String ID="P15_ST00471" HPOS="1703" VPOS="3094" WIDTH="99" HEIGHT="37" CONTENT="(1721)," WC="0.74" CC="6030080"/>
						<SP ID="P15_SP00419" HPOS="1802" VPOS="3131" WIDTH="31"/>
						<String ID="P15_ST00472" HPOS="1833" VPOS="3097" WIDTH="39" HEIGHT="24" CONTENT="de" WC="0.79" CC="04"/>
						<SP ID="P15_SP00420" HPOS="1872" VPOS="3131" WIDTH="27"/>
						<String ID="P15_ST00473" HPOS="1899" VPOS="3097" WIDTH="32" HEIGHT="24" CONTENT="la" WC="0.56" CC="08"/>
						<SP ID="P15_SP00421" HPOS="1931" VPOS="3131" WIDTH="26"/>
						<String ID="P15_ST00474" HPOS="1957" VPOS="3097" WIDTH="146" HEIGHT="32" CONTENT="musique" WC="0.99" CC="0306054"/>
					</TextLine>
					<TextLine ID="P15_TL00042" HPOS="83" VPOS="3133" WIDTH="2021" HEIGHT="39">
						<String ID="P15_ST00475" HPOS="83" VPOS="3133" WIDTH="250" HEIGHT="33" CONTENT="instrumentale," WC="1.00" CC="00606600000230"/>
						<SP ID="P15_SP00422" HPOS="333" VPOS="3166" WIDTH="27"/>
						<String ID="P15_ST00476" HPOS="360" VPOS="3137" WIDTH="31" HEIGHT="24" CONTENT="et" WC="0.92" CC="10"/>
						<SP ID="P15_SP00423" HPOS="391" VPOS="3166" WIDTH="18"/>
						<String ID="P15_ST00477" HPOS="409" VPOS="3137" WIDTH="55" HEIGHT="24" CONTENT="des" WC="1.00" CC="010"/>
						<SP ID="P15_SP00424" HPOS="464" VPOS="3166" WIDTH="25"/>
						<String ID="P15_ST00478" HPOS="489" VPOS="3136" WIDTH="114" HEIGHT="34" CONTENT="opéras" WC="0.98" CC="208950"/>
						<SP ID="P15_SP00425" HPOS="603" VPOS="3170" WIDTH="25"/>
						<String ID="P15_ST00479" HPOS="628" VPOS="3138" WIDTH="54" HEIGHT="32" CONTENT="qui" WC="0.96" CC="063"/>
						<SP ID="P15_SP00426" HPOS="682" VPOS="3170" WIDTH="18"/>
						<String ID="P15_ST00480" HPOS="700" VPOS="3145" WIDTH="38" HEIGHT="18" CONTENT="ne" WC="0.78" CC="04"/>
						<SP ID="P15_SP00427" HPOS="738" VPOS="3170" WIDTH="20"/>
						<String ID="P15_ST00481" HPOS="758" VPOS="3145" WIDTH="79" HEIGHT="17" CONTENT="nous" WC="0.99" CC="0040"/>
						<SP ID="P15_SP00428" HPOS="837" VPOS="3170" WIDTH="19"/>
						<String ID="P15_ST00482" HPOS="856" VPOS="3140" WIDTH="54" HEIGHT="23" CONTENT="ont" WC="1.00" CC="000"/>
						<SP ID="P15_SP00429" HPOS="910" VPOS="3170" WIDTH="22"/>
						<String ID="P15_ST00483" HPOS="932" VPOS="3146" WIDTH="56" HEIGHT="25" CONTENT="pas" WC="1.00" CC="000"/>
						<SP ID="P15_SP00430" HPOS="988" VPOS="3171" WIDTH="19"/>
						<String ID="P15_ST00484" HPOS="1007" VPOS="3137" WIDTH="51" HEIGHT="28" CONTENT="été" WC="0.96" CC="090"/>
						<SP ID="P15_SP00431" HPOS="1058" VPOS="3171" WIDTH="24"/>
						<String ID="P15_ST00485" HPOS="1082" VPOS="3137" WIDTH="181" HEIGHT="28" CONTENT="conservés." WC="0.99" CC="0002016924"/>
						<SP ID="P15_SP00432" HPOS="1263" VPOS="3171" WIDTH="21"/>
						<String ID="P15_ST00486" HPOS="1284" VPOS="3137" WIDTH="28" HEIGHT="27" CONTENT="Il" WC="0.74" CC="50"/>
						<SP ID="P15_SP00433" HPOS="1312" VPOS="3171" WIDTH="26"/>
						<String ID="P15_ST00487" HPOS="1338" VPOS="3138" WIDTH="105" HEIGHT="34" CONTENT="paraît" WC="0.99" CC="000060"/>
						<SP ID="P15_SP00434" HPOS="1443" VPOS="3172" WIDTH="21"/>
						<String ID="P15_ST00488" HPOS="1464" VPOS="3147" WIDTH="39" HEIGHT="17" CONTENT="en" WC="0.77" CC="40"/>
						<SP ID="P15_SP00435" HPOS="1503" VPOS="3172" WIDTH="19"/>
						<String ID="P15_ST00489" HPOS="1522" VPOS="3144" WIDTH="37" HEIGHT="21" CONTENT="Ce" WC="0.50" CC="72" STYLEREFS="TXT_9"/>
						<SP ID="P15_SP00436" HPOS="1559" VPOS="3172" WIDTH="20"/>
						<String ID="P15_ST00490" HPOS="1579" VPOS="3140" WIDTH="139" HEIGHT="25" CONTENT="moment" WC="1.00" CC="000000"/>
						<SP ID="P15_SP00437" HPOS="1718" VPOS="3172" WIDTH="27"/>
						<String ID="P15_ST00491" HPOS="1745" VPOS="3137" WIDTH="80" HEIGHT="28" CONTENT="dans" WC="0.98" CC="3005"/>
						<SP ID="P15_SP00438" HPOS="1825" VPOS="3172" WIDTH="19"/>
						<String ID="P15_ST00492" HPOS="1844" VPOS="3140" WIDTH="46" HEIGHT="25" CONTENT="les" WC="1.00" CC="000"/>
						<SP ID="P15_SP00439" HPOS="1890" VPOS="3172" WIDTH="18"/>
						<String ID="P15_ST00493" HPOS="1908" VPOS="3140" WIDTH="138" HEIGHT="25" CONTENT="recueils" WC="0.99" CC="06021510"/>
						<SP ID="P15_SP00440" HPOS="2046" VPOS="3172" WIDTH="19"/>
						<String ID="P15_ST00494" HPOS="2065" VPOS="3140" WIDTH="39" HEIGHT="25" CONTENT="de" WC="0.70" CC="05"/>
					</TextLine>
					<TextLine ID="P15_TL00043" HPOS="83" VPOS="3175" WIDTH="2019" HEIGHT="43">
						<String ID="P15_ST00495" HPOS="83" VPOS="3177" WIDTH="9" HEIGHT="23" CONTENT="1" WC="1.00" CC="0"/>
						<SP ID="P15_SP00441" HPOS="92" VPOS="3200" WIDTH="14"/>
						<String ID="P15_ST00496" HPOS="106" VPOS="3175" WIDTH="258" HEIGHT="28" CONTENT="International" WC="0.99" CC="3780040761600" STYLEREFS="TXT_7"/>
						<SP ID="P15_SP00442" HPOS="364" VPOS="3203" WIDTH="17"/>
						<String ID="P15_ST00497" HPOS="381" VPOS="3177" WIDTH="339" HEIGHT="37" CONTENT="Musikgesellschaft" WC="0.75" CC="28000050403050057" STYLEREFS="TXT_7"/>
						<SP ID="P15_SP00443" HPOS="720" VPOS="3214" WIDTH="22"/>
						<String ID="P15_ST00498" HPOS="742" VPOS="3182" WIDTH="32" HEIGHT="23" CONTENT="la" WC="1.00" CC="00"/>
						<SP ID="P15_SP00444" HPOS="774" VPOS="3214" WIDTH="17"/>
						<String ID="P15_ST00499" HPOS="791" VPOS="3179" WIDTH="155" HEIGHT="35" CONTENT="première" WC="0.99" CC="01200630"/>
						<SP ID="P15_SP00445" HPOS="946" VPOS="3214" WIDTH="19"/>
						<String ID="P15_ST00500" HPOS="965" VPOS="3184" WIDTH="101" HEIGHT="31" CONTENT="partie" WC="0.98" CC="006066"/>
						<SP ID="P15_SP00446" HPOS="1066" VPOS="3215" WIDTH="19"/>
						<String ID="P15_ST00501" HPOS="1085" VPOS="3180" WIDTH="73" HEIGHT="28" CONTENT="d'un" WC="0.97" CC="0437"/>
						<SP ID="P15_SP00447" HPOS="1158" VPOS="3215" WIDTH="18"/>
						<String ID="P15_ST00502" HPOS="1176" VPOS="3184" WIDTH="174" HEIGHT="31" CONTENT="important" WC="1.00" CC="000530000"/>
						<SP ID="P15_SP00448" HPOS="1350" VPOS="3215" WIDTH="19"/>
						<String ID="P15_ST00503" HPOS="1369" VPOS="3189" WIDTH="140" HEIGHT="26" CONTENT="ouvrage" WC="0.98" CC="0503096"/>
						<SP ID="P15_SP00449" HPOS="1509" VPOS="3215" WIDTH="15"/>
						<String ID="P15_ST00504" HPOS="1524" VPOS="3184" WIDTH="40" HEIGHT="24" CONTENT="de" WC="0.96" CC="00"/>
						<SP ID="P15_SP00450" HPOS="1564" VPOS="3215" WIDTH="21"/>
						<String ID="P15_ST00505" HPOS="1585" VPOS="3180" WIDTH="47" HEIGHT="30" CONTENT="M." WC="0.81" CC="03"/>
						<SP ID="P15_SP00451" HPOS="1632" VPOS="3215" WIDTH="19"/>
						<String ID="P15_ST00506" HPOS="1651" VPOS="3184" WIDTH="31" HEIGHT="24" CONTENT="le" WC="1.00" CC="00"/>
						<SP ID="P15_SP00452" HPOS="1682" VPOS="3215" WIDTH="18"/>
						<String ID="P15_ST00507" HPOS="1700" VPOS="3180" WIDTH="29" HEIGHT="27" CONTENT="D" WC="0.30" CC="6"/>
						<String ID="P15_ST00508" HPOS="1734" VPOS="3185" WIDTH="11" HEIGHT="13" CONTENT="r" STYLE="superscript" WC="0.24" CC="7"/>
						<SP ID="P15_SP00453" HPOS="1745" VPOS="3215" WIDTH="17"/>
						<String ID="P15_ST00509" HPOS="1762" VPOS="3180" WIDTH="156" HEIGHT="28" CONTENT="Miinnich" WC="0.57" CC="07806506"/>
						<SP ID="P15_SP00454" HPOS="1918" VPOS="3215" WIDTH="21"/>
						<String ID="P15_ST00510" HPOS="1939" VPOS="3191" WIDTH="5" HEIGHT="18" CONTENT=":" WC="0.42" CC="5"/>
						<SP ID="P15_SP00455" HPOS="1944" VPOS="3215" WIDTH="20"/>
						<String ID="P15_ST00511" HPOS="1964" VPOS="3182" WIDTH="138" HEIGHT="36" CONTENT="Johann" WC="0.97" CC="836077" STYLEREFS="TXT_7"/>
					</TextLine>
					<TextLine ID="P15_TL00044" HPOS="83" VPOS="3218" WIDTH="2018" HEIGHT="42">
						<String ID="P15_ST00512" HPOS="83" VPOS="3218" WIDTH="159" HEIGHT="35" CONTENT="Kulinau,," WC="0.54" CC="272438730" STYLEREFS="TXT_7"/>
						<SP ID="P15_SP00456" HPOS="242" VPOS="3253" WIDTH="19"/>
						<String ID="P15_ST00513" HPOS="261" VPOS="3229" WIDTH="71" HEIGHT="18" CONTENT="sein" WC="0.97" CC="0554" STYLEREFS="TXT_7"/>
						<SP ID="P15_SP00457" HPOS="332" VPOS="3253" WIDTH="20"/>
						<String ID="P15_ST00514" HPOS="352" VPOS="3222" WIDTH="100" HEIGHT="27" CONTENT="Leben" WC="0.89" CC="00005" STYLEREFS="TXT_7"/>
						<SP ID="P15_SP00458" HPOS="452" VPOS="3253" WIDTH="21"/>
						<String ID="P15_ST00515" HPOS="473" VPOS="3222" WIDTH="73" HEIGHT="28" CONTENT="und" WC="0.60" CC="650" STYLEREFS="TXT_7"/>
						<SP ID="P15_SP00459" HPOS="546" VPOS="3253" WIDTH="16"/>
						<String ID="P15_ST00516" HPOS="562" VPOS="3225" WIDTH="90" HEIGHT="25" CONTENT="seine" WC="1.00" CC="00000" STYLEREFS="TXT_7"/>
						<SP ID="P15_SP00460" HPOS="652" VPOS="3253" WIDTH="28"/>
						<String ID="P15_ST00517" HPOS="680" VPOS="3223" WIDTH="121" HEIGHT="28" CONTENT="Werke." WC="0.94" CC="000003" STYLEREFS="TXT_7"/>
						<SP ID="P15_SP00461" HPOS="801" VPOS="3253" WIDTH="75"/>
						<String ID="P15_ST00518" HPOS="876" VPOS="3224" WIDTH="91" HEIGHT="27" CONTENT="Nous" WC="0.97" CC="5230"/>
						<SP ID="P15_SP00462" HPOS="967" VPOS="3253" WIDTH="24"/>
						<String ID="P15_ST00519" HPOS="991" VPOS="3234" WIDTH="138" HEIGHT="25" CONTENT="pensons" WC="0.99" CC="0510200"/>
						<SP ID="P15_SP00463" HPOS="1129" VPOS="3259" WIDTH="19"/>
						<String ID="P15_ST00520" HPOS="1148" VPOS="3227" WIDTH="88" HEIGHT="25" CONTENT="avoir" WC="0.98" CC="00329"/>
						<SP ID="P15_SP00464" HPOS="1236" VPOS="3259" WIDTH="18"/>
						<String ID="P15_ST00521" HPOS="1254" VPOS="3227" WIDTH="173" HEIGHT="25" CONTENT="l'occasion" WC="1.00" CC="0010000050"/>
						<SP ID="P15_SP00465" HPOS="1427" VPOS="3259" WIDTH="18"/>
						<String ID="P15_ST00522" HPOS="1445" VPOS="3227" WIDTH="174" HEIGHT="32" CONTENT="prochaine" WC="0.99" CC="034560400"/>
						<SP ID="P15_SP00466" HPOS="1619" VPOS="3259" WIDTH="19"/>
						<String ID="P15_ST00523" HPOS="1638" VPOS="3224" WIDTH="39" HEIGHT="28" CONTENT="de" WC="0.96" CC="00"/>
						<SP ID="P15_SP00467" HPOS="1677" VPOS="3259" WIDTH="17"/>
						<String ID="P15_ST00524" HPOS="1694" VPOS="3227" WIDTH="152" HEIGHT="33" CONTENT="reparler," WC="1.00" CC="000053040"/>
						<SP ID="P15_SP00468" HPOS="1846" VPOS="3260" WIDTH="22"/>
						<String ID="P15_ST00525" HPOS="1868" VPOS="3224" WIDTH="19" HEIGHT="28" CONTENT="à" WC="0.24" CC="7"/>
						<SP ID="P15_SP00469" HPOS="1887" VPOS="3260" WIDTH="16"/>
						<String ID="P15_ST00526" HPOS="1903" VPOS="3234" WIDTH="56" HEIGHT="18" CONTENT="son" WC="0.99" CC="011"/>
						<SP ID="P15_SP00470" HPOS="1959" VPOS="3260" WIDTH="17"/>
						<String ID="P15_ST00527" HPOS="1976" VPOS="3234" WIDTH="125" HEIGHT="25" CONTENT="propos," WC="1.00" CC="0300000"/>
					</TextLine>
					<TextLine ID="P15_TL00045" HPOS="85" VPOS="3263" WIDTH="384" HEIGHT="30">
						<String ID="P15_ST00528" HPOS="85" VPOS="3263" WIDTH="38" HEIGHT="25" CONTENT="de" WC="0.77" CC="04"/>
						<SP ID="P15_SP00471" HPOS="123" VPOS="3288" WIDTH="19"/>
						<String ID="P15_ST00529" HPOS="142" VPOS="3265" WIDTH="32" HEIGHT="23" CONTENT="la" WC="0.63" CC="07"/>
						<SP ID="P15_SP00472" HPOS="174" VPOS="3288" WIDTH="16"/>
						<String ID="P15_ST00530" HPOS="190" VPOS="3265" WIDTH="50" HEIGHT="25" CONTENT="vie" WC="0.99" CC="003"/>
						<SP ID="P15_SP00473" HPOS="240" VPOS="3290" WIDTH="18"/>
						<String ID="P15_ST00531" HPOS="258" VPOS="3267" WIDTH="39" HEIGHT="23" CONTENT="de" WC="1.00" CC="00"/>
						<SP ID="P15_SP00474" HPOS="297" VPOS="3290" WIDTH="21"/>
						<String ID="P15_ST00532" HPOS="318" VPOS="3264" WIDTH="151" HEIGHT="29" CONTENT="Kuhnau." WC="0.72" CC="5700033"/>
					</TextLine>
					<TextLine ID="P15_TL00046" HPOS="123" VPOS="3304" WIDTH="1980" HEIGHT="44">
						<String ID="P15_ST00533" HPOS="123" VPOS="3304" WIDTH="39" HEIGHT="36" CONTENT="(4)" WC="0.37" CC="665"/>
						<SP ID="P15_SP00475" HPOS="162" VPOS="3340" WIDTH="17"/>
						<String ID="P15_ST00534" HPOS="179" VPOS="3306" WIDTH="19" HEIGHT="34" CONTENT="J" WC="0.51" CC="4"/>
						<String ID="P15_ST00535" HPOS="202" VPOS="3316" WIDTH="16" HEIGHT="17" CONTENT="e" STYLE="superscript" WC="0.26" CC="7"/>
						<SP ID="P15_SP00476" HPOS="218" VPOS="3340" WIDTH="22"/>
						<String ID="P15_ST00536" HPOS="240" VPOS="3311" WIDTH="142" HEIGHT="30" CONTENT="regrette" WC="0.99" CC="76062100"/>
						<SP ID="P15_SP00477" HPOS="382" VPOS="3341" WIDTH="26"/>
						<String ID="P15_ST00537" HPOS="408" VPOS="3312" WIDTH="175" HEIGHT="26" CONTENT="seulement" WC="0.98" CC="057278540"/>
						<SP ID="P15_SP00478" HPOS="583" VPOS="3341" WIDTH="23"/>
						<String ID="P15_ST00538" HPOS="606" VPOS="3319" WIDTH="60" HEIGHT="26" CONTENT="que" WC="0.95" CC="067"/>
						<SP ID="P15_SP00479" HPOS="666" VPOS="3345" WIDTH="26"/>
						<String ID="P15_ST00539" HPOS="692" VPOS="3311" WIDTH="46" HEIGHT="28" CONTENT="M." WC="0.84" CC="03"/>
						<SP ID="P15_SP00480" HPOS="738" VPOS="3345" WIDTH="30"/>
						<String ID="P15_ST00540" HPOS="768" VPOS="3311" WIDTH="112" HEIGHT="28" CONTENT="Pasler" WC="0.72" CC="600530"/>
						<SP ID="P15_SP00481" HPOS="880" VPOS="3345" WIDTH="24"/>
						<String ID="P15_ST00541" HPOS="904" VPOS="3312" WIDTH="78" HEIGHT="27" CONTENT="n'ait" WC="0.99" CC="11010"/>
						<SP ID="P15_SP00482" HPOS="982" VPOS="3345" WIDTH="26"/>
						<String ID="P15_ST00542" HPOS="1008" VPOS="3323" WIDTH="56" HEIGHT="24" CONTENT="pas" WC="0.98" CC="050"/>
						<SP ID="P15_SP00483" HPOS="1064" VPOS="3347" WIDTH="26"/>
						<String ID="P15_ST00543" HPOS="1090" VPOS="3316" WIDTH="136" HEIGHT="32" CONTENT="compris" WC="1.00" CC="0000000"/>
						<SP ID="P15_SP00484" HPOS="1226" VPOS="3348" WIDTH="25"/>
						<String ID="P15_ST00544" HPOS="1251" VPOS="3315" WIDTH="77" HEIGHT="26" CONTENT="dans" WC="0.99" CC="0003"/>
						<SP ID="P15_SP00485" HPOS="1328" VPOS="3348" WIDTH="26"/>
						<String ID="P15_ST00545" HPOS="1354" VPOS="3323" WIDTH="56" HEIGHT="17" CONTENT="son" WC="0.98" CC="060"/>
						<SP ID="P15_SP00486" HPOS="1410" VPOS="3348" WIDTH="17"/>
						<String ID="P15_ST00546" HPOS="1427" VPOS="3315" WIDTH="120" HEIGHT="26" CONTENT="recueil" WC="0.99" CC="0714401"/>
						<SP ID="P15_SP00487" HPOS="1547" VPOS="3348" WIDTH="29"/>
						<String ID="P15_ST00547" HPOS="1576" VPOS="3322" WIDTH="60" HEIGHT="18" CONTENT="une" WC="0.97" CC="062"/>
						<SP ID="P15_SP00488" HPOS="1636" VPOS="3348" WIDTH="26"/>
						<String ID="P15_ST00548" HPOS="1662" VPOS="3314" WIDTH="63" HEIGHT="26" CONTENT="fort" WC="1.00" CC="0000"/>
						<SP ID="P15_SP00489" HPOS="1725" VPOS="3348" WIDTH="24"/>
						<String ID="P15_ST00549" HPOS="1749" VPOS="3315" WIDTH="83" HEIGHT="25" CONTENT="belle" WC="0.99" CC="00205"/>
						<SP ID="P15_SP00490" HPOS="1832" VPOS="3348" WIDTH="23"/>
						<String ID="P15_ST00550" HPOS="1855" VPOS="3313" WIDTH="131" HEIGHT="27" CONTENT="Toccata" WC="0.98" CC="3012870" STYLEREFS="TXT_7"/>
						<SP ID="P15_SP00491" HPOS="1986" VPOS="3348" WIDTH="19"/>
						<String ID="P15_ST00551" HPOS="2005" VPOS="3321" WIDTH="38" HEIGHT="18" CONTENT="en" WC="1.00" CC="00"/>
						<SP ID="P15_SP00492" HPOS="2043" VPOS="3348" WIDTH="27"/>
						<String ID="P15_ST00552" HPOS="2070" VPOS="3312" WIDTH="33" HEIGHT="26" CONTENT="la" WC="0.50" CC="09" STYLEREFS="TXT_7"/>
					</TextLine>
					<TextLine ID="P15_TL00047" HPOS="85" VPOS="3348" WIDTH="2018" HEIGHT="44">
						<String ID="P15_ST00553" HPOS="85" VPOS="3348" WIDTH="131" HEIGHT="34" CONTENT="majeur," WC="0.99" CC="5020603"/>
						<SP ID="P15_SP00493" HPOS="216" VPOS="3382" WIDTH="28"/>
						<String ID="P15_ST00554" HPOS="244" VPOS="3359" WIDTH="59" HEIGHT="24" CONTENT="que" WC="0.99" CC="030"/>
						<SP ID="P15_SP00494" HPOS="303" VPOS="3383" WIDTH="26"/>
						<String ID="P15_ST00555" HPOS="329" VPOS="3351" WIDTH="45" HEIGHT="28" CONTENT="Fa" WC="0.71" CC="50"/>
						<SP ID="P15_SP00495" HPOS="374" VPOS="3383" WIDTH="17"/>
						<String ID="P15_ST00556" HPOS="391" VPOS="3361" WIDTH="75" HEIGHT="19" CONTENT="renc" WC="0.97" CC="0000"/>
						<SP ID="P15_SP00496" HPOS="466" VPOS="3383" WIDTH="26"/>
						<String ID="P15_ST00557" HPOS="492" VPOS="3357" WIDTH="86" HEIGHT="25" CONTENT="avait" WC="0.99" CC="70000"/>
						<SP ID="P15_SP00497" HPOS="578" VPOS="3383" WIDTH="24"/>
						<String ID="P15_ST00558" HPOS="602" VPOS="3354" WIDTH="126" HEIGHT="35" CONTENT="publiée" WC="0.99" CC="0700060"/>
						<SP ID="P15_SP00498" HPOS="728" VPOS="3389" WIDTH="23"/>
						<String ID="P15_ST00559" HPOS="751" VPOS="3355" WIDTH="19" HEIGHT="27" CONTENT="à" WC="0.20" CC="7"/>
						<SP ID="P15_SP00499" HPOS="770" VPOS="3389" WIDTH="23"/>
						<String ID="P15_ST00560" HPOS="793" VPOS="3358" WIDTH="32" HEIGHT="24" CONTENT="la" WC="0.64" CC="70"/>
						<SP ID="P15_SP00500" HPOS="825" VPOS="3389" WIDTH="19"/>
						<String ID="P15_ST00561" HPOS="844" VPOS="3358" WIDTH="82" HEIGHT="25" CONTENT="suite" WC="1.00" CC="00004"/>
						<SP ID="P15_SP00501" HPOS="926" VPOS="3389" WIDTH="22"/>
						<String ID="P15_ST00562" HPOS="948" VPOS="3359" WIDTH="39" HEIGHT="25" CONTENT="de" WC="0.94" CC="01"/>
						<SP ID="P15_SP00502" HPOS="987" VPOS="3389" WIDTH="25"/>
						<String ID="P15_ST00563" HPOS="1012" VPOS="3360" WIDTH="32" HEIGHT="24" CONTENT="la" WC="0.66" CC="06"/>
						<SP ID="P15_SP00503" HPOS="1044" VPOS="3389" WIDTH="25"/>
						<String ID="P15_ST00564" HPOS="1069" VPOS="3361" WIDTH="136" HEIGHT="24" CONTENT="seconde" WC="0.99" CC="0602001"/>
						<SP ID="P15_SP00504" HPOS="1205" VPOS="3389" WIDTH="24"/>
						<String ID="P15_ST00565" HPOS="1229" VPOS="3360" WIDTH="103" HEIGHT="32" CONTENT="partie" WC="0.99" CC="006002"/>
						<SP ID="P15_SP00505" HPOS="1332" VPOS="3392" WIDTH="25"/>
						<String ID="P15_ST00566" HPOS="1357" VPOS="3359" WIDTH="38" HEIGHT="26" CONTENT="de" WC="1.00" CC="00"/>
						<SP ID="P15_SP00506" HPOS="1395" VPOS="3392" WIDTH="23"/>
						<String ID="P15_ST00567" HPOS="1418" VPOS="3360" WIDTH="32" HEIGHT="24" CONTENT="la" WC="0.54" CC="09"/>
						<SP ID="P15_SP00507" HPOS="1450" VPOS="3392" WIDTH="29"/>
						<String ID="P15_ST00568" HPOS="1479" VPOS="3357" WIDTH="313" HEIGHT="35" CONTENT="Klavier-Uebung," WC="0.89" CC="000000030600500" STYLEREFS="TXT_7"/>
						<SP ID="P15_SP00508" HPOS="1792" VPOS="3392" WIDTH="22"/>
						<String ID="P15_ST00569" HPOS="1814" VPOS="3359" WIDTH="33" HEIGHT="25" CONTENT="et" WC="0.63" CC="70"/>
						<SP ID="P15_SP00509" HPOS="1847" VPOS="3392" WIDTH="23"/>
						<String ID="P15_ST00570" HPOS="1870" VPOS="3358" WIDTH="77" HEIGHT="25" CONTENT="dont" WC="1.00" CC="0000"/>
						<SP ID="P15_SP00510" HPOS="1947" VPOS="3392" WIDTH="23"/>
						<String ID="P15_ST00571" HPOS="1970" VPOS="3359" WIDTH="29" HEIGHT="24" CONTENT="le" WC="0.72" CC="14"/>
						<SP ID="P15_SP00511" HPOS="1999" VPOS="3392" WIDTH="19"/>
						<String ID="P15_ST00572" HPOS="2018" VPOS="3358" WIDTH="85" HEIGHT="24" CONTENT="texte" WC="0.98" CC="04007"/>
					</TextLine>
					<TextLine ID="P15_TL00048" HPOS="87" VPOS="3394" WIDTH="2017" HEIGHT="44">
						<String ID="P15_ST00573" HPOS="87" VPOS="3394" WIDTH="172" HEIGHT="25" CONTENT="manuscrit" WC="0.99" CC="000500630"/>
						<SP ID="P15_SP00512" HPOS="259" VPOS="3419" WIDTH="15"/>
						<String ID="P15_ST00574" HPOS="274" VPOS="3397" WIDTH="49" HEIGHT="23" CONTENT="est" WC="1.00" CC="000"/>
						<SP ID="P15_SP00513" HPOS="323" VPOS="3420" WIDTH="19"/>
						<String ID="P15_ST00575" HPOS="342" VPOS="3395" WIDTH="31" HEIGHT="36" CONTENT="(d" WC="0.64" CC="70"/>
						<SP ID="P15_SP00514" HPOS="373" VPOS="3431" WIDTH="13"/>
						<String ID="P15_ST00576" HPOS="386" VPOS="3396" WIDTH="90" HEIGHT="34" CONTENT="après" WC="0.99" CC="00170"/>
						<SP ID="P15_SP00515" HPOS="476" VPOS="3431" WIDTH="18"/>
						<String ID="P15_ST00577" HPOS="494" VPOS="3400" WIDTH="47" HEIGHT="26" CONTENT="les" WC="0.99" CC="030"/>
						<SP ID="P15_SP00516" HPOS="541" VPOS="3431" WIDTH="17"/>
						<String ID="P15_ST00578" HPOS="558" VPOS="3396" WIDTH="191" HEIGHT="30" CONTENT="indications" WC="1.00" CC="01010005620"/>
						<SP ID="P15_SP00517" HPOS="749" VPOS="3431" WIDTH="16"/>
						<String ID="P15_ST00579" HPOS="765" VPOS="3408" WIDTH="61" HEIGHT="25" CONTENT="que" WC="0.97" CC="043"/>
						<SP ID="P15_SP00518" HPOS="826" VPOS="3433" WIDTH="16"/>
						<String ID="P15_ST00580" HPOS="842" VPOS="3399" WIDTH="61" HEIGHT="28" CONTENT="m'a" WC="1.00" CC="000"/>
						<SP ID="P15_SP00519" HPOS="903" VPOS="3433" WIDTH="28"/>
						<String ID="P15_ST00581" HPOS="931" VPOS="3399" WIDTH="140" HEIGHT="30" CONTENT="données" WC="0.98" CC="0275700"/>
						<SP ID="P15_SP00520" HPOS="1071" VPOS="3433" WIDTH="25"/>
						<String ID="P15_ST00582" HPOS="1096" VPOS="3401" WIDTH="47" HEIGHT="29" CONTENT="M." WC="0.54" CC="44"/>
						<SP ID="P15_SP00521" HPOS="1143" VPOS="3433" WIDTH="26"/>
						<String ID="P15_ST00583" HPOS="1169" VPOS="3402" WIDTH="111" HEIGHT="27" CONTENT="Pasler" WC="0.77" CC="700104"/>
						<SP ID="P15_SP00522" HPOS="1280" VPOS="3433" WIDTH="25"/>
						<String ID="P15_ST00584" HPOS="1305" VPOS="3401" WIDTH="188" HEIGHT="37" CONTENT="lui-même,)" WC="0.99" CC="1554040447"/>
						<SP ID="P15_SP00523" HPOS="1493" VPOS="3438" WIDTH="16"/>
						<String ID="P15_ST00585" HPOS="1509" VPOS="3401" WIDTH="18" HEIGHT="27" CONTENT="à" WC="0.24" CC="7"/>
						<SP ID="P15_SP00524" HPOS="1527" VPOS="3438" WIDTH="17"/>
						<String ID="P15_ST00586" HPOS="1544" VPOS="3403" WIDTH="32" HEIGHT="24" CONTENT="la" WC="1.00" CC="00"/>
						<SP ID="P15_SP00525" HPOS="1576" VPOS="3438" WIDTH="22"/>
						<String ID="P15_ST00587" HPOS="1598" VPOS="3401" WIDTH="83" HEIGHT="35" CONTENT="Kgl." WC="0.56" CC="9061" STYLEREFS="TXT_7"/>
						<SP ID="P15_SP00526" HPOS="1681" VPOS="3438" WIDTH="25"/>
						<String ID="P15_ST00588" HPOS="1706" VPOS="3399" WIDTH="194" HEIGHT="28" CONTENT="Bibliothek" WC="0.76" CC="2000007930" STYLEREFS="TXT_7"/>
						<SP ID="P15_SP00527" HPOS="1900" VPOS="3438" WIDTH="27"/>
						<String ID="P15_ST00589" HPOS="1927" VPOS="3401" WIDTH="38" HEIGHT="25" CONTENT="de" WC="0.97" CC="00"/>
						<SP ID="P15_SP00528" HPOS="1965" VPOS="3438" WIDTH="29"/>
						<String ID="P15_ST00590" HPOS="1994" VPOS="3399" WIDTH="110" HEIGHT="27" CONTENT="Berlin" WC="0.99" CC="800006"/>
					</TextLine>
					<TextLine ID="P15_TL00049" HPOS="88" VPOS="3430" WIDTH="2015" HEIGHT="49">
						<String ID="P15_ST00591" HPOS="88" VPOS="3430" WIDTH="220" HEIGHT="41" CONTENT="(Sammlung" WC="0.62" CC="420660570" STYLEREFS="TXT_7"/>
						<SP ID="P15_SP00529" HPOS="308" VPOS="3471" WIDTH="15"/>
						<String ID="P15_ST00592" HPOS="323" VPOS="3443" WIDTH="77" HEIGHT="30" CONTENT="194)." WC="0.37" CC="27857" STYLEREFS="TXT_7"/>
						<SP ID="P15_SP00530" HPOS="400" VPOS="3473" WIDTH="30"/>
						<String ID="P15_ST00593" HPOS="430" VPOS="3439" WIDTH="86" HEIGHT="29" CONTENT="C'est" WC="1.00" CC="10000"/>
						<SP ID="P15_SP00531" HPOS="516" VPOS="3473" WIDTH="18"/>
						<String ID="P15_ST00594" HPOS="534" VPOS="3452" WIDTH="62" HEIGHT="17" CONTENT="une" WC="0.93" CC="863"/>
						<SP ID="P15_SP00532" HPOS="596" VPOS="3473" WIDTH="25"/>
						<String ID="P15_ST00595" HPOS="621" VPOS="3445" WIDTH="56" HEIGHT="24" CONTENT="des" WC="1.00" CC="010"/>
						<SP ID="P15_SP00533" HPOS="677" VPOS="3473" WIDTH="19"/>
						<String ID="P15_ST00596" HPOS="696" VPOS="3452" WIDTH="123" HEIGHT="18" CONTENT="œuvres" WC="1.00" CC="030000"/>
						<SP ID="P15_SP00534" HPOS="819" VPOS="3473" WIDTH="20"/>
						<String ID="P15_ST00597" HPOS="839" VPOS="3443" WIDTH="39" HEIGHT="26" CONTENT="où" WC="0.36" CC="48"/>
						<SP ID="P15_SP00535" HPOS="878" VPOS="3473" WIDTH="19"/>
						<String ID="P15_ST00598" HPOS="897" VPOS="3443" WIDTH="142" HEIGHT="29" CONTENT="Kuhnau" WC="0.72" CC="304107"/>
						<SP ID="P15_SP00536" HPOS="1039" VPOS="3473" WIDTH="24"/>
						<String ID="P15_ST00599" HPOS="1063" VPOS="3449" WIDTH="123" HEIGHT="24" CONTENT="montre" WC="0.98" CC="036034"/>
						<SP ID="P15_SP00537" HPOS="1186" VPOS="3473" WIDTH="21"/>
						<String ID="P15_ST00600" HPOS="1207" VPOS="3449" WIDTH="30" HEIGHT="24" CONTENT="le" WC="0.53" CC="35"/>
						<SP ID="P15_SP00538" HPOS="1237" VPOS="3473" WIDTH="18"/>
						<String ID="P15_ST00601" HPOS="1255" VPOS="3446" WIDTH="71" HEIGHT="33" CONTENT="plus" WC="0.97" CC="0087"/>
						<SP ID="P15_SP00539" HPOS="1326" VPOS="3479" WIDTH="25"/>
						<String ID="P15_ST00602" HPOS="1351" VPOS="3447" WIDTH="38" HEIGHT="26" CONTENT="de" WC="0.83" CC="03"/>
						<SP ID="P15_SP00540" HPOS="1389" VPOS="3479" WIDTH="25"/>
						<String ID="P15_ST00603" HPOS="1414" VPOS="3448" WIDTH="82" HEIGHT="25" CONTENT="libre" WC="0.98" CC="04390"/>
						<SP ID="P15_SP00541" HPOS="1496" VPOS="3479" WIDTH="23"/>
						<String ID="P15_ST00604" HPOS="1519" VPOS="3446" WIDTH="149" HEIGHT="26" CONTENT="fantaisie" WC="0.99" CC="060500070"/>
						<SP ID="P15_SP00542" HPOS="1668" VPOS="3479" WIDTH="15"/>
						<String ID="P15_ST00605" HPOS="1683" VPOS="3453" WIDTH="6" HEIGHT="25" CONTENT=";" WC="0.37" CC="6"/>
						<SP ID="P15_SP00543" HPOS="1689" VPOS="3479" WIDTH="24"/>
						<String ID="P15_ST00606" HPOS="1713" VPOS="3446" WIDTH="32" HEIGHT="25" CONTENT="et" WC="0.61" CC="07"/>
						<SP ID="P15_SP00544" HPOS="1745" VPOS="3479" WIDTH="21"/>
						<String ID="P15_ST00607" HPOS="1766" VPOS="3442" WIDTH="62" HEIGHT="29" CONTENT="l'on" WC="0.98" CC="1160"/>
						<SP ID="P15_SP00545" HPOS="1828" VPOS="3479" WIDTH="23"/>
						<String ID="P15_ST00608" HPOS="1851" VPOS="3453" WIDTH="20" HEIGHT="25" CONTENT="y" WC="0.37" CC="6"/>
						<SP ID="P15_SP00546" HPOS="1871" VPOS="3479" WIDTH="20"/>
						<String ID="P15_ST00609" HPOS="1891" VPOS="3444" WIDTH="153" HEIGHT="34" CONTENT="aperçoit," WC="0.99" CC="302560000"/>
						<SP ID="P15_SP00547" HPOS="2044" VPOS="3479" WIDTH="20"/>
						<String ID="P15_ST00610" HPOS="2064" VPOS="3448" WIDTH="39" HEIGHT="21" CONTENT="Cn" WC="0.56" CC="80"/>
					</TextLine>
					<TextLine ID="P15_TL00050" HPOS="88" VPOS="3479" WIDTH="994" HEIGHT="41">
						<String ID="P15_ST00611" HPOS="88" VPOS="3479" WIDTH="140" HEIGHT="25" CONTENT="certains" WC="0.99" CC="31350100"/>
						<SP ID="P15_SP00548" HPOS="228" VPOS="3504" WIDTH="18"/>
						<String ID="P15_ST00612" HPOS="246" VPOS="3488" WIDTH="161" HEIGHT="28" CONTENT="passages," WC="0.99" CC="000230064"/>
						<SP ID="P15_SP00549" HPOS="407" VPOS="3516" WIDTH="20"/>
						<String ID="P15_ST00613" HPOS="427" VPOS="3493" WIDTH="57" HEIGHT="24" CONTENT="par" WC="0.95" CC="094"/>
						<SP ID="P15_SP00550" HPOS="484" VPOS="3517" WIDTH="17"/>
						<String ID="P15_ST00614" HPOS="501" VPOS="3486" WIDTH="74" HEIGHT="27" CONTENT="delà" WC="0.97" CC="0507"/>
						<SP ID="P15_SP00551" HPOS="575" VPOS="3517" WIDTH="20"/>
						<String ID="P15_ST00615" HPOS="595" VPOS="3486" WIDTH="98" HEIGHT="34" CONTENT="Bach," WC="0.98" CC="70064"/>
						<SP ID="P15_SP00552" HPOS="693" VPOS="3520" WIDTH="22"/>
						<String ID="P15_ST00616" HPOS="715" VPOS="3486" WIDTH="186" HEIGHT="28" CONTENT="Beethoven" WC="0.99" CC="603706074"/>
						<SP ID="P15_SP00553" HPOS="901" VPOS="3520" WIDTH="17"/>
						<String ID="P15_ST00617" HPOS="918" VPOS="3489" WIDTH="164" HEIGHT="27" CONTENT="lui-même" WC="0.98" CC="00001697"/>
					</TextLine>
				</TextBlock>
			</PrintSpace>
		</Page>
	</Layout>
</alto>
