2176 3640
723 106 245 44 MUSIQUE
1004 106 456 34 CONTEMPORAINE

2046 105 23 39 8
2077 116 23 40 9

76 210 51 36 de
150 210 177 37 Mozart.
355 211 238 50 Babillages
616 213 49 36 de
696 225 183 34 sources,
914 214 266 47 gentillesses
1213 214 203 47 ingénues
1440 214 50 36 de
1521 214 207 37 Chérubin
1756 216 278 47 improvisant
2057 230 52 24 au

80 279 198 47 clavecin,
301 291 199 38 ramages
529 282 50 36 de
607 282 172 47 pinsons
802 283 103 35 dans
934 284 59 34 les
1019 283 206 35 branches
1251 282 213 37 fleuries...
1497 282 120 37 Cette
1646 284 189 47 musique
1862 285 243 38 charmante

78 353 42 30 et
137 348 196 48 ingénue,
360 349 120 37 d'une
496 350 256 47 tranquillité
772 351 133 35 d'âme
925 350 68 47 qui
1012 350 107 36 n'est
1136 351 94 46 plus
1250 351 41 35 la
1313 353 129 44 nôtre,
1459 352 155 36 semble
1635 352 192 48 toujours
1844 353 85 37 dire
1953 365 7 25 :
1982 369 18 19 «
2015 354 92 36 Mes

78 428 147 33 sœurs,
252 418 167 36 l'ombre
441 424 64 30 est
525 420 94 46 plus
648 419 156 37 fraîche
832 431 76 23 aux
929 419 198 47 premiers
1156 419 95 36 feux
1273 419 53 37 du
1340 419 164 48 jour!..-.
1531 435 18 19 »
1576 420 56 36 Le
1652 421 163 36 dernier
1842 428 266 31 mouvement

76 485 53 36 du
151 485 206 38 Concerto
383 492 63 31 est
468 487 118 36 d'une
610 488 218 47 simplicité
848 488 50 35 de
917 487 123 37 motif
1059 489 181 46 poussée
1260 490 24 34 à
1303 488 206 37 l'extrême
1536 494 41 31 et
1606 502 24 24 a
1651 491 70 46 plu
1747 489 228 38 infiniment
2000 503 106 36 pour

77 555 105 37 cela.
208 556 44 35 M
256 562 44 17 mc
322 557 173 36 Wanda
514 557 262 35 Landowska
793 557 65 35 fut
878 556 300 46 légitimement
1197 557 224 45 acclamée,
1449 560 121 45 après
1594 559 116 36 avoir
1732 560 176 46 épanoui
1928 565 96 31 tous
2048 561 60 35 les

75 623 170 48 visages
277 637 78 35 par
397 630 88 31 cete
520 637 139 24 œuvre
687 624 359 37 rafraîchissante.
1081 626 80 35 Pas
1201 626 41 35 la
1272 626 188 37 moindre
1500 627 247 36 défaillance
1785 635 41 30 et
1950 641 43 24 ce
2027 641 77 35 que

70 691 231 49 j'apprécie
317 694 215 46 beaucoup
549 694 91 46 plus
722 705 77 35 pas
818 693 40 36 la
875 694 94 46 plus
985 694 137 47 légère
1146 694 242 37 affectation
1407 695 103 36 dans
1532 707 74 24 son
1618 695 85 48 jeu.
1727 696 87 35 Elle
1835 708 24 24 a
1876 697 227 47 interprété

78 761 167 36 Mozart
263 774 161 25 comme
447 762 245 37 Rubinstein
717 761 259 48 interprétait
999 762 238 37 Beethoven
1256 775 82 25 :en
1359 776 42 23 se
1423 766 222 45 pénétrant
1664 764 50 36 de
1733 776 74 24 son
1830 765 134 46 génie.
2046 766 56 36 Le

80 830 302 37 Concertstuck
405 830 225 49 (pourquoi
649 842 45 24 ce
715 835 87 31 mot
823 830 255 50 allemand?)
1099 832 49 35 de
1170 832 58 37 M.
1252 832 167 36 Diémer
1442 844 24 24 a
1483 844 105 36 paru
1607 845 53 23 un
1679 845 80 34 peu
1778 833 145 44 mince,
1940 834 159 46 malgré

75 898 59 36 les
159 899 248 35 excellentes
426 900 174 46 qualités
623 898 54 36 du
698 899 236 43 violoniste,
959 900 57 36 M.
1040 900 235 36 Boucherit.

176 967 57 35 Le
253 978 62 36 23,
341 968 57 35 M.
423 967 301 49 Weingartner
743 980 24 23 a
787 970 196 34 retrouvé
1006 971 149 45 auprès
1179 969 53 36 du
1246 969 137 47 public
1407 981 74 25 son
1507 973 146 33 succès
1673 971 200 36 habituel.

190 1100 281 42 Concerts
500 1100 323 54 classiques
849 1101 68 41 de
950 1101 306 42 Marseille.
1367 1102 72 41 M.
1475 1102 60 42 R.
1571 1102 230 42 Marthe
1809 1134 7 7 .
1924 1108 153 37 L'Asso-

77 1173 153 37 ciation
255 1174 216 47 artistique
496 1174 50 37 de
568 1174 228 46 Marseille,
814 1176 191 46 présidée
1026 1187 77 35 par
1117 1176 58 36 M.
1193 1176 44 37 P.
1255 1176 208 49 Reynaud
1484 1176 111 49 (chef
1610 1176 255 37 d'orchestre
1884 1188 8 26 :
1920 1178 56 35 M.
2001 1178 100 35 Paul

76 1241 208 50 Viardot),
310 1254 48 25 en
383 1247 62 32 est
468 1244 24 35 à
514 1254 73 25 son
619 1252 70 40 395
694 1249 12 17 e
737 1249 184 32 concert.
945 1244 115 37 Celui
1086 1244 55 37 du
1169 1244 220 37 dimanche
1418 1256 22 38 9
1468 1244 152 37 février
1642 1258 25 23 a
1689 1247 62 35 été
1778 1246 134 36 donné
1944 1258 100 24 avec
2067 1247 38 35 le

75 1312 168 35 brillant
270 1323 203 25 concours
502 1312 49 36 de
576 1312 57 38 M.
659 1312 225 49 Raymond
909 1313 180 46 Marthe,
1115 1313 145 37 ancien
1288 1314 183 36 membre
1494 1314 49 36 de
1565 1314 39 36 la
1627 1314 166 36 Société
1821 1314 70 36 des
1915 1321 190 30 concerts

78 1381 54 35 du
161 1380 317 36 Conservatoire
514 1381 50 36 de
596 1381 133 45 Paris,
762 1381 300 37 violoncelliste
1091 1382 33 36 si
1155 1382 209 47 apprécié,
1401 1395 160 24 comme
1598 1383 240 47 professeur
1870 1388 40 31 et
1944 1395 159 25 comme

79 1449 201 43 virtuose,
321 1449 81 36 soit
429 1449 104 36 dans
560 1449 61 36 les
659 1449 89 46 soli,
784 1449 81 38 soit
896 1451 103 35 dans
1033 1451 37 35 le
1098 1456 193 42 quatuor.
1321 1452 125 35 Entre
1484 1452 40 35 la
1556 1451 245 48 symphonie
1829 1453 194 46 héroïque
2053 1453 50 35 de

81 1517 237 37 Beethoven
348 1523 42 31 et
415 1517 249 37 l'ouverture
687 1518 49 36 de
758 1518 166 37 Phèdre
946 1517 261 51 (Massenet),
1233 1519 57 37 M.
1322 1519 167 36 Marthe
1518 1531 24 24 a
1564 1522 170 33 exécuté
1758 1532 100 24 avec
1886 1533 76 22 une
1985 1522 95 34 tech-

78 1585 121 46 nique
240 1585 179 47 parfaite
444 1591 40 30 et
520 1587 217 46 beaucoup
776 1587 50 34 de
858 1588 165 35 charme
1045 1598 8 25 :
1086 1588 37 35 le
1161 1587 178 36 Scherzo
1373 1588 48 35 de
1460 1588 47 35 B.
1542 1588 184 44 Godard,
1764 1588 41 36 la
1846 1588 174 37 Rêverie
2053 1590 48 35 de

78 1653 45 36 P.
155 1653 189 45 Viardot,
376 1654 40 35 la
444 1654 233 35 Tarentelle
710 1655 49 34 de
793 1655 177 46 Popper,
1006 1661 53 41 et,
1094 1656 50 35 de
1180 1668 45 23 ce
1251 1655 177 44 dernier,
1458 1656 38 35 le
1526 1656 203 36 Concerto
1763 1668 49 24 en
1839 1658 61 35 mi
1926 1658 173 44 mineur,

79 1721 227 36 accessible
331 1722 231 35 seulement
583 1733 77 24 aux
678 1722 170 35 maîtres
869 1722 50 35 de
944 1722 246 37 l'exécution
1213 1728 40 31 et
1275 1735 77 24 aux
1372 1723 305 37 connaisseurs.
1702 1724 111 35 Tous
1835 1737 75 23 nos
1935 1725 144 46 compli-

76 1795 136 31 ments
235 1792 24 34 à
280 1789 299 37 l'Association
594 1789 217 48 artistique
835 1790 51 36 de
905 1790 227 37 Marseille.

190 1928 248 42 Théâtre
471 1928 68 42 de
571 1928 250 42 FOdéon.
941 1927 171 37 L'étude
1136 1928 73 36 des
1232 1929 128 35 Noces
1384 1928 334 37 Corinthiennes
1724 1956 7 15 ,
1759 1928 49 36 de
1839 1928 58 36 M.
1921 1929 181 36 Anatole

76 2003 175 42 France,
277 2002 238 49 appartient
537 2004 23 34 à
580 2004 41 34 la
647 2002 174 47 critique
845 2002 217 37 littéraire.
1088 2002 58 37 M.
1172 2002 172 36 Francis
1371 2003 157 35 Thomé
1555 2015 27 35 y
1608 2015 24 23 a
1651 2002 134 37 inséré
1808 2015 78 24 une
1910 2004 192 45 musique

77 2071 68 46 qui
183 2072 120 47 n'est,
359 2080 94 38 trop
492 2077 193 36 souvent,
720 2071 148 46 qu'une
901 2071 197 48 agréable
1127 2070 317 47 improvisation
1477 2070 50 37 de
1550 2071 192 46 pianiste.
1771 2071 106 36 Mais
1897 2072 205 46 pourquoi

75 2140 103 36 faire
201 2141 204 41 exécuter,
430 2145 127 30 avant
578 2140 37 35 le
637 2139 215 47 prologue,
877 2138 249 37 l'ouverture
1155 2140 49 35 de
1229 2140 204 36 Coriolan
1468 2139 51 36 de
1542 2140 254 45 Beethoven,
1828 2145 54 41 et,
1916 2145 128 30 avant
2066 2141 36 34 le

78 2208 163 36 dernier
260 2214 108 41 acte,
393 2220 49 24 un
464 2208 211 47 fragment
694 2207 50 36 de
767 2208 105 35 Peer
892 2208 127 47 Gynt,
1042 2208 115 36 d'Ed.
1178 2207 152 48 Grieg?
1355 2208 163 46 Malgré
1537 2208 37 36 le
1602 2208 146 47 plaisir
1768 2209 120 46 qu'on
1913 2211 181 44 éprouve

75 2277 190 47 toujours
299 2279 24 33 à
357 2277 196 35 entendre
585 2277 243 35 l'orchestre
861 2276 200 47 Colonne,
1096 2288 46 24 ce
1174 2277 192 47 mélange
1399 2276 106 36 d'art
1540 2288 113 35 grec,
1697 2277 206 36 allemand
1936 2283 41 29 et
2011 2289 67 24 nor-

74 2345 149 46 végien
275 2350 64 31 est
393 2356 79 26 une
515 2345 114 36 faute
678 2344 49 36 de
777 2346 102 45 goût
924 2345 205 46 qu'aurait
1163 2345 53 35 dû
1262 2344 228 36 s'interdire
1526 2350 120 30 notre
1689 2359 18 19 «
1748 2345 154 36 second
1938 2347 162 33 théâtre

77 2414 184 44 français
285 2427 35 24 ».

193 2545 77 41 La
302 2544 270 53 musique
600 2544 32 42 à
666 2545 200 42 Rouen
1004 2544 134 34 D'une
1167 2544 124 35 lettre
1321 2544 95 35 d'un
1444 2543 345 47 correspondant,
1821 2548 95 42 trop
1947 2544 153 46 longue

74 2631 109 36 pour
204 2625 173 30 trouver
395 2618 51 37 ici
467 2620 137 46 place,
624 2630 105 24 nous
749 2624 223 42 extrayons
995 2618 60 36 les
1075 2621 117 34 notes
1217 2618 215 36 suivantes
1461 2631 7 22 :

173 2688 67 35 Au
257 2688 166 35 théâtre
456 2688 50 35 de
542 2687 165 46 Rouen,
741 2698 52 24 on
824 2698 44 24 se
898 2686 170 37 croirait
1097 2687 262 46 quelquefois
1390 2689 24 32 à
1437 2687 223 42 Toulouse,
1682 2691 93 30 tant
1815 2686 60 36 les
1905 2686 195 47 passions

75 2763 97 29 sont
190 2756 184 36 chaudes
398 2761 42 30 et
462 2755 368 36 démonstratives.
854 2755 34 36 Il
910 2767 26 36 y
957 2766 24 24 a
1002 2756 178 46 quelque
1203 2760 149 42 temps,
1378 2756 36 34 le
1439 2754 209 37 directeur
1668 2755 64 35 fut
1756 2754 137 47 obligé
1922 2755 50 36 de
1995 2754 104 36 faire

76 2825 169 36 afficher
280 2837 75 24 son
388 2830 92 31 acte
513 2824 49 36 de
597 2824 196 47 baptême
825 2834 106 36 pour
957 2822 184 37 décliner
1171 2835 54 23 un
1254 2823 98 36 titre
1388 2822 124 47 qu'on
1547 2824 55 34 lui
1637 2824 155 43 lançait
1821 2835 160 24 comme
2020 2834 80 24 une

74 2894 147 46 injure.
247 2893 87 37 Des
358 2893 168 37 cabales
548 2892 180 48 perfides
752 2894 40 34 et
814 2891 290 37 embrouillées
1129 2897 73 30 ont
1221 2904 117 23 assez
1355 2892 239 47 longtemps
1617 2891 163 37 troublé
1802 2892 60 35 les
1882 2893 190 45 représen-

73 2962 173 37 tations.
284 2961 57 37 Le
362 2961 141 49 public
525 2974 25 24 a
569 2961 51 37 de
644 2960 181 48 grandes
845 2959 277 48 prétentions,
1145 2960 104 36 mais
1274 2972 43 24 se
1338 2966 162 30 montre
1524 2965 164 31 surtout
1711 2960 181 36 sensible
1915 2961 23 33 à
1960 2960 139 35 l'éclat

75 3036 42 29 et
137 3042 54 23 au
207 3031 166 36 volume
397 3031 73 35 des
493 3030 109 37 voix.
628 3030 217 36 Certaines
868 3029 183 48 reprises
1081 3030 329 46 remarquables,
1437 3041 158 24 comme
1620 3030 43 34 la
1696 3027 125 38 Flûte
1856 3027 241 45 enchantée,

72 3104 72 30 ont
162 3111 82 34 peu
265 3099 148 37 réussi.
436 3099 230 48 Siegfried
688 3104 56 41 et,
770 3110 49 23 en
844 3099 187 45 général,
1056 3098 40 35 la
1115 3098 189 46 musique
1327 3097 50 36 de
1402 3098 52 35 R.
1479 3098 207 47 Wagner,
1708 3102 73 31 ont
1802 3109 50 23 eu
1879 3097 223 45 beaucoup

71 3168 96 46 plus
191 3166 52 37 de
269 3170 161 34 succès.
455 3168 59 35 La
530 3168 146 37 Louise
699 3166 51 37 de
771 3166 48 37 G.
836 3166 291 48 Charpentier,
1144 3166 68 47 qui
1234 3179 24 23 a
1281 3167 65 35 été
1369 3166 162 35 donnée
1554 3166 36 35 le
1614 3177 42 24 21
1680 3165 50 36 de
1745 3177 45 24 ce
1809 3165 122 43 mois,
1952 3164 155 36 semble

73 3236 141 36 devoir
235 3236 160 36 fournir
427 3248 77 24 une
537 3236 195 36 carrière.
763 3235 60 36 La
849 3235 290 37 circonstance
1162 3236 42 34 la
1227 3235 95 47 plus
1345 3234 234 47 favorable,
1602 3234 103 36 c'est
1723 3234 95 47 qu'à
1840 3234 191 35 l'inverse
2055 3232 50 35 de

75 3304 205 36 certaines
317 3304 183 47 grandes
532 3305 119 36 villes
684 3305 50 35 de
765 3303 216 49 province,
1011 3303 29 36 il
1070 3308 64 31 est
1164 3302 52 37 ici
1247 3303 50 36 de
1325 3302 201 37 tradition
1551 3303 123 46 qu'on
1698 3302 89 36 doit
1805 3302 239 46 fréquenter
2065 3300 37 34 le

82 3370 169 37 Théâtre
273 3373 71 35 des
364 3374 120 36 Arts.
510 3373 55 37 Le
587 3378 73 31 ton
684 3379 63 30 est
769 3372 137 36 donné
924 3384 78 35 par
1019 3384 54 24 un
1095 3383 154 37 groupe
1273 3371 251 36 d'amateurs
1552 3370 175 37 éclairés
1745 3372 25 34 à
1788 3371 41 35 la
1847 3372 84 33 tête
1950 3367 151 46 duquel

73 3450 45 24 se
146 3444 148 32 trouve
324 3453 54 23 un
412 3441 226 48 magistrat
667 3441 211 47 distingué
910 3440 77 49 (M.
1019 3440 44 37 C.
1088 3439 130 50 d'A.);
1256 3441 41 35 la
1327 3440 235 36 Messaline
1599 3438 204 37 d'lsidore
1834 3438 48 35 de
1903 3437 108 35 Lara
2029 3434 66 36 fut

278 3513 53 35 R.
357 3514 57 35 M.

1874 3521 19 37 7
