3591 4437
1759 159 112 50 410

202 303 127 51 nicht
371 301 234 58 beachtet,
658 300 157 50 macht
855 300 93 48 sich
987 300 247 67 jedenfalls
1277 301 124 49 eines
1444 301 318 50 literarischen

200 381 273 65 Vergehens
497 379 227 65 schuldig.
757 380 83 47 Dr.
867 380 184 48 Schöne
1076 379 134 48 führt
1240 395 81 32 aus
1345 379 246 49 Schindler
1616 380 81 48 Bd.
1724 381 35 59 I,

197 461 47 51 S.
279 460 69 51 68
383 478 84 32 an:
526 459 163 57 „Auch
723 459 131 48 weiss
898 475 106 32 man
1049 477 87 31 von
1175 459 149 49 einem
1356 468 156 40 zarten
1544 460 187 48 Verhält-

199 541 119 49 nisse
359 540 81 48 mit
479 539 126 48 einer
637 538 160 49 Gräfin
829 539 149 48 Maria
1011 538 206 66 Erdödy,
1262 539 203 48 welcher
1497 539 262 49 Beethoven

197 619 73 49 die
317 618 166 49 beiden
522 616 149 50 Trio's
710 616 92 66 Op.
845 615 71 51 70
962 616 253 66 gewidmet
1259 616 90 50 hat.
1409 618 133 48 Doch
1585 618 178 49 scheint

197 699 148 48 dieses
374 714 89 33 nur
502 698 73 47 ein
614 696 176 65 inniges
822 695 680 51 Freundschafts-Verhältniss
1544 713 218 49 gewesen

199 795 52 32 zu
282 778 112 49 sein.
426 775 76 50 Ich
535 775 132 48 weiss
698 775 207 50 darüber
935 776 146 49 nichts
1112 776 288 56 Genaueres,
1430 778 65 48 als
1524 776 105 50 dass
1651 776 111 66 jene

201 856 319 65 kunstsinnige
550 855 154 50 Dame
746 855 147 48 ihrem
938 855 180 48 Lehrer
1163 855 94 48 und
1301 855 221 51 Freunde
1564 856 44 50 in
1654 856 105 50 dem

202 936 120 50 Park
355 936 124 49 eines
511 934 126 48 ihrer
660 935 240 48 Schlösser
929 934 43 48 in
1000 934 192 65 Ungarn
1226 934 131 49 einen
1389 935 203 50 schönen
1620 936 104 49 Tem-

199 1018 69 66 pel
300 1016 212 55 erbaute,
557 1014 164 49 dessen
752 1014 216 65 Eingang
999 1014 82 49 mit
1122 1014 127 48 einer
1281 1014 373 51 bezeichnenden
1686 1016 49 49 In-

197 1095 160 50 schrift
385 1095 173 65 geziert
596 1095 72 56 ist,
713 1094 72 48 die
827 1094 45 48 in
915 1094 204 65 sinniger
1155 1094 161 48 Weise
1353 1094 100 49 ihre
1486 1094 276 67 Huldigung

196 1175 105 50 dem
333 1189 193 51 grossen
559 1173 224 49 Künstler
1262 1174 94 47 Der
1386 1173 107 49 dort
1522 1174 240 49 erwähnte

197 1255 195 66 Tempel
423 1270 111 49 mag
563 1254 123 48 wohl
729 1251 110 59 „der
1232 1254 115 57 sein,
1377 1269 87 33 von
1495 1254 104 48 dem
1627 1255 109 48 Beet-

197 1335 149 47 hoven
378 1334 43 48 in
451 1331 106 50 dem
588 1340 153 41 ersten
773 1331 152 50 Briefe
957 1349 56 32 an
1046 1331 72 50 die
1150 1330 161 51 Gräfin
1342 1349 102 32 vom
1484 1333 82 49 19.
1597 1333 132 49 Wein-

201 1420 161 42 monat
399 1410 145 52 1815
576 1411 65 65 (S.
679 1410 87 67 14)
797 1411 185 66 spricht.
1028 1411 89 49 Die
1146 1428 145 48 ganze
1319 1411 142 50 Stelle
1491 1411 147 50 findet
1667 1411 94 50 sich

192 1491 172 69 jedoch
395 1493 44 49 in
470 1491 83 51 der
583 1491 216 50 dritten
830 1491 226 66 Ausgabe
1088 1493 72 49 bei
1183 1491 245 50 Schindler
1456 1493 126 48 nicht
1613 1493 150 59 mehr,

199 1573 214 66 dagegen
454 1571 114 54 aber
609 1571 233 65 folgende,
892 1571 178 50 welche
1100 1570 106 50 dem
1239 1573 82 48 Dr.
1350 1571 187 50 Schöne
1568 1580 164 57 entgan-

197 1669 90 50 gen
315 1651 72 50 ist.

284 1731 45 50 1.
374 1729 131 52 Band
536 1730 36 56 I,
614 1730 46 48 S.
693 1729 87 51 94.
840 1730 79 57 „In
969 1729 83 49 der
1094 1730 343 66 Verzweiflung
1488 1729 137 67 (über
1674 1730 89 50 den

197 1810 160 51 Bruch
388 1809 79 49 des
491 1808 339 54 Verhältnisses
859 1809 229 49 zwischen
1117 1809 95 49 ihm
1245 1810 93 48 und
1372 1810 221 50 Giulietta
1624 1809 112 51 Guic-

197 1889 163 58 ciardi,
398 1889 74 48 die
510 1889 94 53 sieb
643 1889 86 48 fast
759 1889 213 66 plötzlich
1004 1890 81 48 mit
1116 1890 105 48 dem
1254 1889 173 49 Grafen
1458 1907 86 31 von
1574 1889 161 49 Gallen-

196 1969 118 67 berg
336 1969 273 63 vermählte)
639 1969 163 49 suchte
834 1985 49 33 er
907 1970 140 48 Trost
1076 1969 74 49 bei
1182 1969 151 49 seiner
1366 1970 272 50 bewährten
1669 1969 96 49 und

196 2049 340 66 vorzugsweise
561 2048 247 49 verehrten
832 2048 258 58 Freundin,
1121 2048 161 50 Gräfin
1315 2049 183 49 Marie
1528 2048 239 68 Erdödy

196 2126 128 69 (man
356 2128 147 49 findet
533 2126 155 51 diesen
719 2128 184 49 Namen
944 2126 84 51 auf
1061 2128 88 49 den
1189 2128 167 49 beiden
1387 2128 149 49 Trio's
1565 2128 92 66 Op.
1691 2126 72 52 70

199 2208 96 51 und
340 2206 90 51 den
474 2205 169 51 beiden
682 2208 206 49 Sonaten
934 2206 79 50 für
1055 2206 268 51 Pianoforte
1367 2208 94 49 und
1508 2206 254 51 Violoncell

196 2289 93 65 Op.
327 2285 147 67 102),
522 2286 83 50 auf
642 2286 147 50 ihrem
823 2286 122 50 Gute
975 2286 237 51 Jedlersee
1241 2288 62 48 im
1335 2288 306 57 Marchfelde,
1684 2305 78 32 um

196 2369 152 63 einige
371 2369 130 63 Tage
525 2368 43 47 in
601 2366 126 51 ihrer
749 2366 134 51 Nähe
912 2384 52 32 zu
991 2368 295 66 verbringen.
1320 2369 119 48 Dort
1461 2368 301 49 verschwand

196 2464 52 33 er
279 2448 130 53 aber,
450 2445 94 50 und
575 2445 73 50 die
680 2445 161 51 Gräfin
881 2446 193 65 glaubte
1112 2446 78 50 ihn
1231 2448 117 48 nach
1385 2448 54 49 W
1440 2448 8 14 7
1455 2448 72 48 ien
1565 2448 170 49 zurück-

196 2528 217 66 gekehrt,
472 2526 64 50 als
595 2543 75 32 am
728 2525 172 51 dritten
944 2528 130 65 Tage
1131 2526 172 51 darauf
1340 2528 73 49 ihr
1451 2528 314 48 Musiklehrer

196 2608 236 49 Brauchle
469 2606 79 49 ihn
588 2606 45 49 in
674 2606 151 49 einem
856 2608 279 63 entlegenen
1166 2606 163 50 Theile
1358 2606 79 50 des
1467 2608 270 66 Schlossgar-

195 2694 100 43 tens
326 2686 255 67 gewahrte.
641 2685 162 50 Dieser
845 2686 325 50 Zwischenfall
1217 2686 123 50 blieb
1384 2688 138 65 lange
1564 2689 72 47 ein
1682 2686 85 50 fest

197 2765 267 51 bewahrtes
497 2764 292 51 Gebeimniss
829 2764 93 51 und
963 2764 132 51 ward
1137 2774 94 41 erst
1259 2765 119 50 nach
1408 2767 177 49 Jahren
1617 2767 148 48 durch

197 2845 74 51 die
322 2844 167 52 beiden
528 2844 346 55 Mitwissenden
919 2847 207 49 näheren
1168 2845 252 50 Freunden
1460 2848 306 48 Beethoven's

200 2933 291 48 anvertraut,
520 2924 230 50 nachdem
784 2924 123 51 diese
938 2925 575 66 Liebes-Angelegenheit
1542 2925 150 66 längst
1720 2927 45 49 in

200 3004 364 66 Vergessenheit
614 3005 245 64 geratben.
916 3005 111 50 Man
1079 3005 193 66 knüpfte
1323 3004 73 51 die
1433 3005 333 68 Vermuthung

195 3084 166 61 daran,
413 3101 48 33 es
503 3084 64 50 sei
613 3084 78 48 des
736 3085 371 64 Unglücklichen
1154 3085 196 50 Absicht
1392 3102 237 49 gewesen,
1671 3087 95 48 sich

195 3165 146 50 durch
376 3164 285 66 Erhungern
693 3164 87 50 den
813 3164 102 50 Tod
945 3183 52 31 zu
1030 3165 168 66 geben.
1230 3167 66 48 Im
1329 3165 165 50 Stillen
1527 3165 209 50 beobach-

195 3245 142 51 tende
362 3244 221 51 Freunde
608 3244 167 51 wollen
801 3244 215 51 bemerkt
1042 3245 173 57 haben,
1245 3244 104 51 dass
1371 3247 267 49 Beethoven
1671 3245 71 51 die-

196 3342 98 33 sem
340 3324 313 50 Musiklehrer
698 3325 81 49 mit
822 3325 481 51 ausserordentlicher
1334 3327 434 49 Aufmerksamkeit

194 3405 195 50 seitdem
437 3404 234 67 begegnet
712 3405 68 50 ist.
853 3403 109 68 (Die
1003 3407 144 49 Leser
1189 3405 85 50 der
1315 3405 169 52 Revue
1523 3405 83 52 des
1645 3405 123 52 deux

194 3483 193 52 Tnondes
418 3484 187 50 werden
635 3484 157 50 diesen
818 3484 229 67 Vorgang
1076 3503 54 32 zu
1154 3485 238 50 Jedlersee
1418 3485 169 50 bereits
1618 3485 148 51 1850

194 3565 47 50 in
286 3564 106 50 dem
437 3564 221 50 Aufsatze
702 3581 86 33 von
831 3564 216 52 Scudo:
1089 3563 140 61 „Une
1480 3605 11 17 ,
1530 3565 236 68 gefunden

194 3644 171 51 haben.
425 3644 99 50 Auf
550 3644 244 50 Ersuchen
826 3644 79 51 des
936 3647 157 49 Herrn
1124 3645 176 59 Scudo,
1342 3647 96 49 ihm
1470 3654 146 42 etwas
1645 3647 120 49 noch

194 3725 337 51 Unbekanntes
563 3724 335 60 mitzutheilen,
942 3743 97 34 was
1084 3728 44 51 in
1173 3725 166 68 irgend
1380 3727 152 49 einem
1569 3728 165 49 Zusam-

195 3804 268 67 menhange
493 3805 84 50 mit
605 3804 85 51 der
721 3805 176 51 Sonate
926 3805 45 51 in
1245 3807 140 58 steht,
1438 3807 121 49 über
1589 3807 178 50 welche

195 3902 52 34 er
276 3884 119 51 eben
427 3884 230 60 schreibe,
689 3884 131 52 ward
850 3885 97 51 ihm
978 3885 152 52 dieser
1160 3887 177 50 Vorfall
1382 3903 88 34 von
1509 3887 88 49 mir
1625 3904 110 50 zuge-

196 3964 192 51 schickt.
444 3965 66 49 Er
541 3964 81 51 hat
643 3964 173 69 jedoch
849 3965 81 51 für
959 3974 83 59 gut
1074 3965 254 60 befunden,
1363 3967 80 49 ihn
1485 3974 146 42 etwas
1662 3984 68 33 um-

192 4047 305 64 zugestalten,
539 4047 100 48 weil
672 4064 51 31 er
755 4048 93 48 ihm
881 4048 384 51 wahrscheinlich
1306 4064 55 33 zu
1392 4049 154 65 wenig
1577 4066 157 33 roman-

195 4124 115 51 tisch

318 4204 50 51 2.
398 4205 133 52 Band
562 4207 35 58 I,
628 4207 47 50 S.
708 4207 128 50 244.
887 4207 103 58 „An
1022 4205 73 52 die
1467 4226 24 33 e
1522 4208 121 51 reiht
1669 4208 96 51 sich

1866 304 302 48 unmittelbar
2199 304 72 48 die
2302 305 297 66 Entstehung
2631 305 82 50 der
2745 305 165 51 beiden
2937 307 207 49 Sonaten
3174 307 43 48 in
3248 305 57 52 C-
3334 305 94 51 und

1876 381 189 63 D-dur,
2086 383 89 67 Op.
2215 381 124 51 102.
2393 385 97 47 Der
2520 385 188 49 Meister
2737 385 82 49 hat
2849 385 125 50 diese
3005 387 240 63 Dichtung
3276 385 152 50 seiner

1865 463 368 48 hochverehrten
2269 463 255 58 Freundin,
2556 464 160 50 Gräfin
2747 465 190 49 Marie
2979 463 264 68 Erdödy,
3281 464 116 66 gebo-

1862 558 145 33 renen
2052 541 160 50 Gräfin
2256 541 236 68 Niszky,
2543 543 269 66 gewidmet,
2855 543 74 51 die
2972 561 51 31 er
3066 544 170 50 bereits
3280 543 146 49 durch

1867 620 265 65 Widmung
2171 620 81 48 der
2295 620 165 50 beiden
2492 638 191 48 grossen
2714 623 149 49 Trio's
2894 623 90 66 Op.
3019 623 73 51 70
3131 625 270 64 ausgezeich-

1864 708 78 40 net
1982 700 139 48 hatte.
2181 699 121 49 Was
2345 699 126 49 diese
2509 701 153 49 Dame
2707 703 137 63 lange
2881 701 147 51 Jahre
3071 703 231 49 hindurch
3348 704 80 50 für

1864 779 265 49 Beethoven
2161 795 235 49 gewesen,
2435 779 269 51 bezeichnet
2742 783 89 48 ein
2874 783 167 49 Wort:
3080 799 50 33 er
3160 790 173 42 nannte
3362 784 65 50 sie

1862 858 157 49 seinen
2060 896 18 18 „
2101 896 17 19 „
2473 865 45 43 *.
2576 860 85 48 Mit
2690 859 106 49 dem
2827 859 120 51 Adel
2986 860 84 51 der
3101 862 184 49 Geburt
3325 879 75 33 ver-

1862 939 172 65 einigte
2062 938 94 48 sieb
2191 938 70 48 bei
2293 938 72 48 ihr
2396 938 118 51 Adel
2546 938 82 51 der
2659 940 292 66 Gesinnung,
2998 942 203 49 welcher
3231 942 73 49 bei
3337 942 87 50 den

1864 1016 205 51 anderen
2106 1016 357 68 Ebenbürtigen
2507 1018 125 49 nicht
2673 1018 168 49 immer
2883 1019 46 48 in
2972 1019 228 65 gleichem
3247 1022 180 49 Maasse

1862 1114 54 32 zu
1961 1096 155 50 finden
2157 1114 110 32 war.
2327 1096 160 51 Gräfin
2520 1098 192 67 Erdödy
2756 1098 127 49 hatte
2925 1099 45 48 in
3014 1099 132 50 ihren
3193 1102 235 49 wahrhaft

1864 1175 469 51 freundschaftlichen
2365 1176 352 67 Gesinnungen,
2760 1178 127 49 nicht
2929 1176 182 51 minder
3155 1179 114 50 aber
3308 1180 119 50 auch

1862 1256 46 50 in
1951 1255 83 50 der
2077 1255 122 51 offen
2246 1255 298 51 bekundeten
2576 1258 150 48 Pietät
2764 1258 80 48 für
2887 1256 89 51 den
3007 1258 190 49 Meister
3235 1259 194 51 niemals

1864 1335 237 68 gewankt,
2126 1338 87 47 wie
2245 1334 94 49 dies
2372 1335 86 50 fast
2486 1338 89 48 alle
2603 1336 124 50 ihres
2751 1336 223 50 Gleichen
2998 1338 193 65 gethan,
3225 1338 93 49 und
3348 1339 80 50 ihn

1865 1415 245 57 verlassen,
2162 1414 229 49 nachdem
2443 1416 71 47 ein
2566 1432 142 33 neues
2747 1416 186 49 Gestirn
2986 1433 75 33 am
3112 1416 319 53 italiänischen

1865 1495 206 48 Himmel
2102 1494 329 65 aufgegangen
2463 1512 113 33 war.
2612 1497 86 48 Um
2735 1494 150 52 1820
2916 1495 141 50 nahm
3090 1495 65 50 sie
3184 1495 132 51 ihren
3349 1497 53 50 be-

1867 1575 243 65 ständigen
2142 1574 249 50 Wohnsitz
2422 1575 44 49 in
2499 1575 264 57 München;
2789 1575 82 50 das
2894 1577 116 49 Jahr
3040 1577 124 48 ihres
3189 1577 240 50 Ablebens

1866 1670 99 34 war
1994 1653 126 49 nicht
2149 1670 54 32 zu

1989 1734 108 50 Wir
2140 1733 153 66 geben
2339 1733 124 51 diese
2506 1733 169 51 beiden
2720 1734 191 56 Stellen,
2963 1735 102 49 weil
3120 1737 63 48 sie
3228 1735 83 50 auf
3349 1735 83 51 das

1867 1811 684 51 Freundschafts-Verhältniss
2589 1813 228 49 zwischen
2849 1813 83 49 der
2962 1813 161 51 Gräfin
3169 1814 93 50 und
3296 1815 108 50 Beet-

1867 1893 149 49 hoven
2046 1894 73 48 ein
2149 1893 196 49 schönes
2370 1893 134 49 Licht
2528 1894 172 48 werfen
2734 1893 93 49 und
2857 1909 81 33 zur
2960 1894 284 67 Ergänzung
3268 1894 164 51 dessen

1866 1970 186 60 dienen,
2095 1988 95 33 was
2228 1971 258 50 Reichardt
2524 1971 232 64 mittheilt,
2807 1971 164 50 mithin
3014 1971 74 51 die
3130 1991 86 33 von
3247 1974 185 50 Schöne

1867 2050 450 68 herausgegebenen
2341 2051 161 50 Briefe
2525 2053 120 48 noch
2670 2051 310 51 anziehender
3009 2053 212 49 machen.
3253 2054 179 50 Ferner

1866 2130 113 66 geht
2021 2148 83 33 aus
2147 2130 82 50 der
2269 2132 387 49 ausdrücklichen
2688 2132 236 66 Nennung
2963 2148 88 33 von
3094 2132 334 59 „Jedlersee

1865 2212 68 48 im
2410 2210 184 60 hervor,
2626 2210 104 51 dass
2760 2210 154 60 dort,
2939 2210 94 51 und
3057 2212 127 50 nicht
3207 2213 84 49 auf
3306 2214 94 48 Pau-

1866 2290 186 56 kowitz,
2095 2290 87 50 wie
2220 2290 74 50 die
2331 2290 300 66 Mittheilung
2676 2292 73 49 bei
2779 2292 187 49 Schöne
3010 2290 65 68 (S.
3109 2292 31 49 7
3174 2292 95 50 und
3299 2293 47 49 S.
3379 2292 52 66 9)

1865 2370 164 66 angibt
2072 2369 119 66 (was
2231 2370 226 50 vielleicht
2504 2372 81 48 mit
2633 2372 282 48 Schindlers
2946 2373 359 48 unbestimmter
3334 2374 66 48 An-

1866 2452 145 63 gabe:
2064 2450 112 57 „auf
2200 2450 149 49 einem
2384 2450 214 50 Schlosse
2636 2450 44 50 in
3009 2453 45 47 in
3098 2452 83 48 der
3225 2459 206 42 ersten

1866 2529 225 66 Ausgabe
2123 2530 82 49 der
2238 2530 282 66 Biographie
2549 2529 458 67 zusammenhängt),
3043 2530 84 50 der
3158 2530 275 50 Aufenthalt

1866 2609 84 50 der
1982 2609 179 58 Gräfin,
2213 2627 134 32 wenn
2391 2612 64 48 sie
2493 2612 126 47 nicht
2648 2612 44 48 in
2727 2610 144 51 Wien
2905 2628 116 41 war,
3062 2629 54 31 zu
3148 2612 174 48 suchen
3351 2612 78 49 sei.

1869 2689 142 50 Hätte
2053 2690 81 47 Dr.
2166 2689 184 50 Schöne
2382 2690 94 49 sich
2509 2690 73 49 die
2614 2689 145 51 Mühe
2802 2707 302 47 genommen,
3148 2689 281 51 Schindlers

1867 2768 139 51 dritte
2035 2768 226 65 Ausgabe
2293 2769 282 57 anzusehen,
2615 2786 51 31 so
2707 2769 165 50 würde
2911 2787 50 30 er
2991 2769 234 64 gefunden
3258 2770 171 56 haben,

1866 2849 104 50 dass
2019 2848 72 51 die
2132 2866 83 33 von
2256 2849 95 48 ihm
2393 2849 448 66 herausgegebenen
2876 2850 151 49 Briefe
3057 2849 141 51 selbst
3229 2850 72 49 die
3333 2854 64 46 An-

1866 2929 123 66 gabe
2011 2928 283 51 Schindlers
2327 2929 272 66 bestätigen.
2631 2930 136 49 Denn
2792 2929 82 50 auf
2895 2932 44 48 S.
2967 2929 66 51 21
3064 2929 204 51 schreibt
3295 2930 107 50 Beet-

1869 3009 147 50 hoven
2048 3027 57 32 an
2138 3008 74 51 die
2243 3008 187 49 Gräfin:
2483 3010 149 56 „Dem
2678 3009 285 51 Violonzello
3008 3010 56 49 ist
3107 3009 326 67 aufzutragen,

1866 3089 95 48 sich
2013 3090 101 49 aufs
2154 3088 160 49 linke
2358 3089 275 50 Donauufer
2661 3107 56 32 zu
2749 3089 214 67 begeben
2995 3089 94 50 und
3120 3107 50 33 so
3201 3090 137 65 lange
3376 3107 55 33 zu

1867 3169 192 66 spielen,
2106 3169 67 50 bis
2204 3169 127 48 Alles
2359 3184 103 35 vom
2495 3169 245 50 rechten
2772 3169 279 50 Donauufer
3081 3169 314 67 herübergezo-

1867 3266 89 49 gen
1989 3248 146 58 wird;
2173 3248 84 49 auf
2283 3248 122 51 diese
2436 3249 165 50 Weise
2632 3249 165 50 würde
2825 3249 108 50 Ihre
2965 3249 327 66 Bevölkerung
3324 3249 107 50 bald

1867 3329 276 48 zunehmen.
2203 3328 75 48 Ich
2308 3337 121 42 setze
2459 3328 224 66 übrigens
2721 3338 178 57 getrost
2929 3329 88 50 den
3050 3329 131 66 Weg
3211 3330 86 49 wie
3330 3346 77 33 vor-

1870 3408 76 49 hin
1979 3409 118 50 über
2126 3408 74 49 die
2233 3409 170 50 Donau
2568 3447 11 12 .
2610 3409 230 51 Schicken
2871 3410 77 49 Sie
2979 3410 95 49 also
3107 3409 165 51 keinen
3310 3409 79 50 Wa-

2142 3489 175 48 Ferner
2347 3506 58 31 an
2439 3489 232 50 Brauchle
2700 3487 69 68 (S.
2802 3488 119 67 27):
2972 3489 244 59 „Nehmen
3248 3489 77 50 Sie
3355 3488 81 51 auf

1870 3569 151 50 meine
2064 3570 178 49 Kosten
2285 3568 170 51 Pferde
2499 3570 41 49 in
2968 3588 44 32 u.
3042 3587 34 32 s.
3109 3587 55 33 w.
3301 3570 131 49 Dazu

1870 3648 180 51 kommt
2092 3648 74 51 die
2195 3648 234 51 Zuschrift
2472 3648 80 51 des
2591 3648 403 52 Oberamtmanns
3023 3650 133 66 Sperl
3189 3649 122 65 (vom
3344 3648 89 52 20.

1866 3729 94 50 Juli
1996 3728 188 68 1815),
2226 3729 82 50 der
2345 3748 53 31 zu
2439 3729 104 51 dem
2580 3729 349 51 musicalischen
2962 3730 165 50 Kreise
3158 3729 82 51 der
3272 3729 161 51 Gräfin

1867 3809 216 66 gehörte,
2115 3827 57 33 an
2205 3809 291 51 Beethoven:

2194 3894 90 49 „Ich
2311 3894 93 36 kam
2431 3907 81 24 von
2542 3894 256 38 Jedlersee
2829 3894 58 38 als
2915 3895 104 37 Both

2189 3960 97 34 Zum
2316 3962 130 33 ersten
2477 3959 274 48 Compositeur
2777 3959 104 36 nach
2911 3959 114 36 Gott:

2190 4022 81 34 Der
2302 4021 134 36 Gräfin
2464 4033 79 24 von
2572 4021 158 48 Erdödy
2760 4021 163 36 Gnaden

2186 4085 116 35 Lässt
2333 4085 63 36 Sie
2427 4097 88 24 zum
2545 4085 181 36 Punsche
2925 4097 38 23 u.
2994 4097 28 24 s.
3054 4097 48 23 w.

1975 4230 38 48 *)
2044 4231 111 37 Nach
2183 4231 74 37 den
2287 4230 142 48 obigen
2458 4229 306 49 Mittheilungen
2794 4230 106 38 starb
2929 4231 57 36 sie
3016 4242 62 24 am
3103 4228 64 40 17.
3190 4230 110 36 März
3324 4226 113 41 1837.
