3591 4437
1728 152 105 52 411

291 300 198 50 Endlich
519 300 209 50 schliesst
758 301 74 49 die
856 300 162 50 Gräfin
1049 298 143 51 selbst
1223 297 63 67 (S.
1312 298 92 66 28)
1437 300 101 48 ihre
1570 300 135 48 humo-

170 380 210 50 ristische
410 378 271 68 Einladung
711 396 58 33 an
796 378 269 51 Beethoven
1100 378 81 49 mit
1211 377 89 50 den
1336 378 228 49 Worten:

303 462 103 55 „An
463 458 75 51 die
594 458 423 51 lorbeerbekrönte
1060 458 216 66 Majestät
1332 458 83 47 der
1470 457 271 50 erhabenen

173 538 248 51 Tonkunst
449 540 205 67 Ludwig
683 556 38 33 v.
748 538 268 51 Beethoven
1046 537 280 50 sehnlichste
1354 538 119 49 Bitte
1503 537 83 50 der
1615 538 95 49 Jed-

173 620 224 48 lerseer
428 620 166 49 Musen
632 618 106 50 dass
767 618 74 50 ihr
868 617 230 66 geliebter
1121 617 169 66 Apollo
1322 617 118 48 noch
1473 617 88 50 den
1594 617 125 50 heuti-

171 714 93 50 gen
294 698 103 66 Tag
428 698 44 50 in
503 698 128 50 ihrer
661 698 134 51 Mitte
825 697 258 65 zubringen
1116 701 154 61 möge.

296 777 240 50 Jedlersee
566 794 101 33 war
696 777 96 50 also
821 794 56 31 zu
903 776 194 66 Wagen
1128 776 92 48 und
1252 774 142 50 selbst
1423 792 54 32 zu
1503 776 116 48 Fuss
1643 774 78 68 jen-

174 857 106 50 seits
311 856 84 49 der
425 858 172 49 Donau
630 874 87 36 von
748 856 146 49 Wien
927 872 84 32 aus
1040 855 138 49 leicht
1208 872 53 32 zu
1293 856 256 48 erreichen.

1486 935 52 49 L.
1573 935 49 49 B.

736 1176 142 55 Aus
942 1174 249 56 Trier.

522 1309 84 48 (Te
647 1308 150 39 Deum
838 1322 96 25 von
976 1310 51 37 H.
1071 1310 325 48 Oberhoffer.)

300 1416 92 48 Am
435 1412 89 52 28.
562 1413 272 51 November
879 1412 108 51 fand
1036 1413 81 50 das
1159 1421 122 42 erste
1327 1413 422 50 Winter-Concert

179 1493 81 51 des
291 1493 209 68 hiesigen
523 1492 381 52 Musik-Vereins
933 1493 136 49 Statt.
1102 1493 95 49 Das
1222 1493 278 66 Programm
1534 1510 100 33 war
1663 1493 62 50 fol-

179 1572 199 67 gendes:
416 1572 49 67 1)
495 1572 210 51 Sinfonie
734 1589 86 33 von
843 1572 42 50 J.
909 1571 172 68 Haydn
1112 1573 83 49 mit
1224 1571 104 51 dem
1361 1572 385 67 Paukenschlag;

180 1651 55 70 2)
373 1651 51 53 T
433 1669 128 35 eum
580 1652 90 50 für
700 1652 369 67 gemischten
1093 1651 154 51 Chor
1277 1652 98 50 mit
1399 1652 346 51 Orchester-

179 1732 114 51 und
352 1732 306 67 obligater
714 1730 553 68 Orgelbegleitung
1322 1747 86 35 von
1459 1732 286 50 Heinrich

179 1812 391 67 Oberhoffer,
613 1812 244 51 Professor
898 1811 84 51 der
1011 1811 153 51 Musik
1195 1812 44 48 in
1270 1811 313 67 Luxemburg
1625 1811 90 67 (Ma-

176 1892 257 69 nuscript);
486 1890 54 68 3)
585 1892 273 51 Ouvertüre
895 1907 83 33 zur
1020 1891 133 67 Oper
1436 1907 85 35 von
1566 1891 180 67 Spohr;

179 1971 53 68 4)
263 1975 115 48 zwei
406 1972 173 51 Lieder
623 1972 80 50 für
741 1971 103 51 eine
876 1971 325 57 Bassstimme;
1261 1970 52 69 5)
1343 1972 271 50 Ouvertüre
1652 1972 95 50 und

176 2051 505 52 Zwischenact-Musik
702 2067 46 35 u.
771 2067 35 35 s.
832 2067 58 33 w.
913 2067 56 33 zu
1304 2067 86 33 von
1421 2051 53 49 L.
1500 2066 85 34 van
1610 2051 110 51 Beet-

178 2132 151 51 hoven
359 2132 84 50 mit
472 2130 344 52 verbindender
844 2130 345 50 Declamation.

297 2212 100 50 Der
425 2211 172 51 Zweck
641 2210 149 52 dieses
832 2210 241 52 Berichtes
1115 2210 56 49 ist
1213 2210 128 49 nicht
1383 2208 100 61 der,
1525 2227 86 33 von
1657 2210 89 50 den

176 2293 243 66 tüchtigen
449 2292 287 66 Leistungen
767 2307 197 35 unserer
993 2290 279 50 städtischen
1307 2291 188 67 Capelle
1536 2290 93 50 und
1660 2307 86 35 von

176 2371 106 51 dem
316 2372 155 50 hohen
503 2371 211 51 Genüsse
741 2389 56 33 zu
827 2370 247 68 sprechen,
1117 2370 210 49 welchen
1359 2387 85 32 uns
1474 2370 74 50 die
1578 2368 168 52 beiden

179 2451 185 52 Werke
393 2451 211 68 Haydn's
644 2450 96 50 und
771 2451 307 49 Beethoven's
1120 2450 334 50 insbesondere
1496 2450 225 50 verschaff-

175 2540 95 49 ten,
300 2532 204 50 sondern
533 2531 102 58 der,
673 2528 75 52 die
776 2531 227 66 geehrten
1035 2531 142 49 Leser
1208 2531 149 48 dieser
1387 2530 280 58 Zeitschrift,
1695 2547 51 33 so

178 2612 87 51 wie
294 2612 74 50 die
401 2610 377 68 Gesangvereine
808 2610 83 50 auf
928 2610 74 50 die
1044 2627 119 33 neue
1196 2610 318 67 Composition
1556 2627 190 33 unseres

176 2692 295 68 geschätzten
500 2691 375 58 Landsmannes,
918 2690 80 52 des
1040 2692 43 48 in
1117 2691 167 49 Pfalzel
1317 2691 72 49 bei
1420 2692 136 48 Trier
1599 2691 117 66 gebo-

175 2789 164 42 renen,
362 2772 113 66 jetzt
503 2771 115 51 aber
646 2771 45 49 in
724 2770 311 67 Luxemburg
1065 2787 74 33 am
1171 2770 575 50 Sehullehrer-Seminare

175 2853 66 49 als
289 2852 245 50 Professor
584 2851 85 49 der
719 2850 152 50 Musik
923 2851 273 49 wirkenden
1248 2850 285 67 Organisten
1586 2851 159 51 Herrn

176 2932 282 51 Heinrich
490 2930 371 52 Oberhoffer
898 2930 316 50 aufmerksam
1246 2947 54 32 zu
1333 2931 209 49 machen.

294 3012 108 51 Sein
440 3012 63 50 im
534 3010 360 52 Oratorienstile
931 3011 271 66 gehaltenes
1241 3008 64 52 Te
1333 3008 179 65 Deum,
1554 3011 45 48 in
1632 3011 83 49 wel-

174 3092 109 51 ches
327 3094 206 49 einzelne
571 3094 134 48 Sätze
745 3090 80 51 des
867 3091 122 51 alten
1022 3091 200 51 Choral-
1232 3088 251 54 Te-Deum
1526 3091 83 50 mit
1652 3091 63 51 Ge-

173 3174 156 49 schick
373 3172 95 51 und
514 3170 294 53 Geschmack
857 3171 343 67 eingeflochten
1257 3171 118 57 sind,
1434 3189 171 49 errang
1648 3171 96 51 sich

174 3254 136 49 einen
340 3251 335 67 vollständigen
708 3251 166 66 Erfolg
914 3250 95 51 und
1040 3251 94 66 legt
1162 3252 227 65 Zeugniss
1418 3268 85 34 von
1536 3251 83 50 der
1650 3251 60 50 Be-

173 3332 195 69 gabung
399 3332 80 51 des
510 3331 334 69 Componisten
877 3331 80 50 für
988 3331 359 50 Kirchenmusik
1383 3331 73 51 ab.
1490 3332 87 50 Die
1608 3331 101 52 Wir-

174 3412 128 68 kung
333 3414 83 50 der
448 3412 321 68 Composition
818 3415 127 47 wäre
993 3430 79 31 um
1114 3411 71 51 ein
1218 3411 325 51 Bedeutendes
1573 3411 172 51 erhöht

173 3494 213 58 worden,
430 3494 126 50 hätte
602 3510 108 33 man
752 3492 128 51 nicht
909 3492 73 50 die
1021 3492 107 51 dem
1161 3492 329 51 Concertsaale
1529 3492 216 51 fehlende

171 3575 150 67 Orgel
352 3574 148 49 durch
531 3572 72 51 ein
635 3572 316 51 Harmonium
984 3580 206 43 ersetzen
1223 3576 200 46 müssen.

292 3655 104 49 Ehe
425 3654 71 49 ich
528 3654 85 50 auf
636 3652 74 51 die
741 3652 174 51 nähere
937 3652 337 69 Besprechung
1304 3654 79 48 des
1409 3652 206 51 Werkes
1647 3654 71 49 ein-

170 3735 138 68 gehe,
348 3735 126 51 halte
501 3735 73 49 ich
614 3751 47 33 es
708 3735 78 48 für
828 3734 183 66 nöthig,
1056 3735 188 67 Einiges
1289 3734 119 49 über
1450 3734 74 50 die
1556 3735 159 49 Entste-

170 3815 132 67 hung
345 3814 95 52 und
486 3812 74 52 die
603 3821 154 43 ersten
787 3812 267 51 Schicksale
1086 3812 83 51 der
1201 3814 319 67 Composition
1552 3830 163 34 voraus-

166 3895 292 52 zuschicken.

287 3976 101 51 Vor
415 3975 116 51 zwei
552 3974 179 52 Jahren
757 3974 165 50 wurde
945 3991 86 33 von
1056 3974 83 50 der
1163 3974 263 50 Akademie
1450 3974 84 50 der
1557 3975 184 51 Künste

166 4056 47 52 in
244 4057 157 51 Berlin
444 4055 84 52 der
570 4054 240 52 bekannte
839 4055 130 51 Preis
1012 4054 85 52 der
1139 4055 602 68 Michael-Beer-Stiftung,

166 4136 261 54 bestehend
474 4137 46 51 in
561 4136 128 51 einer
720 4135 305 52 Geldsumme
1065 4153 88 35 von
1186 4135 113 53 800
1331 4136 164 50 Thlrn.
1525 4154 56 33 zu
1611 4136 130 51 einer

166 4219 141 52 Reise
335 4217 121 53 nach
491 4217 183 61 Italien,
705 4216 409 70 ausgeschrieben.
1171 4217 99 51 Das
1299 4215 174 70 Object
1502 4215 80 53 des
1615 4216 91 52 Con-

1843 313 155 34 curses
2043 313 99 34 war
2182 297 71 50 ein
2751 296 64 51 Te
2964 296 163 51 Deum
2593 296 81 49 mit
2704 294 104 51 dem
2843 296 347 66 Originaltexte
3222 294 77 49 für
3330 311 54 49 ge-

1846 377 225 50 mischten
2118 376 126 51 Chor
2287 376 97 49 und
2428 376 579 66 Orchester-Begleitung.
3066 374 88 50 Die
3193 373 221 51 weiteren

1845 454 433 51 einschränkenden
2310 454 342 68 Bedingungen
2699 453 85 51 der
2813 453 221 66 Stiftung,
3080 453 104 51 dass
3213 451 202 52 nämlich

1848 536 82 49 der
1963 536 294 51 Concurrent
2287 536 127 48 nicht
2456 536 116 48 älter
2615 536 63 48 als
2724 534 194 67 dreissig
2946 534 145 50 Jahre
3135 534 97 50 sein
3264 532 156 60 dürfe,

1849 614 94 50 und
1976 616 104 48 dass
2109 632 50 32 er
2191 616 71 48 ein
2293 614 247 50 deutsches
2570 613 412 51 Conservatorium
3025 613 82 50 der
3135 614 153 50 Musik
3334 613 57 54 be-

1849 693 136 51 sucht
2017 693 153 50 haben
2202 697 170 52 müsse,
2399 710 160 34 waren
2583 692 291 51 Oberhoffer
2903 693 126 50 nicht
3060 692 229 61 bekannt;
3320 694 95 51 und

1850 790 51 33 so
1947 774 108 49 kam
2099 791 64 42 es,
2207 773 104 50 dass
2353 790 50 31 er
2445 791 54 32 zu
2544 772 105 51 dem
2696 772 239 51 Concurse
2977 773 127 50 nicht
3146 776 270 65 zugelassen

1853 853 179 50 wurde.
2090 853 81 48 Als
2212 851 210 67 Mitglied
2471 852 80 49 des
2602 852 307 66 allgemeinen
2955 852 253 51 deutschen
3240 853 176 51 Musik-

1854 932 194 50 Vereins
2079 931 363 67 (Centraipunkt
2471 931 206 67 Leipzig)
2716 932 163 50 sandte
2909 948 50 34 er
2991 932 174 50 darauf
3187 932 97 51 sein
3314 935 70 50 Ma-

1853 1012 208 66 nuscript
2090 1012 104 50 dem
2229 1011 265 51 Vorstande
2523 1011 148 51 dieses
2701 1012 194 50 Vereins
2944 1013 81 49 mit
3062 1012 84 51 der
3174 1013 123 51 Bitte
3326 1015 91 60 ein,

1854 1091 74 51 die
1952 1092 317 65 Composition
2296 1092 71 48 bei
2392 1091 163 49 dessen
2584 1091 215 51 nächster
2824 1092 595 70 General-Versammlung

1853 1187 82 32 zur
1963 1171 314 65 Aufführung
2316 1189 54 30 zu
2417 1169 216 68 bringen,
2683 1171 98 48 falls
2819 1171 205 49 dieselbe
3054 1172 65 48 als
3160 1172 146 58 „dazu
3335 1190 54 49 ge-

2071 1249 238 51 befunden
2335 1251 178 49 würde.
2545 1251 187 49 Darauf
2757 1251 79 51 hin
2859 1251 166 49 erhielt
3047 1267 50 33 er
3119 1252 62 48 im
3207 1252 212 51 October

1853 1328 42 51 d.
1925 1331 41 48 J.
1999 1346 82 34 aus
2113 1331 188 66 Leipzig
2343 1346 103 33 vom
2478 1329 214 51 Secretär
2730 1328 80 51 des
2842 1329 194 51 Vereins
3080 1329 217 69 folgende
3325 1332 62 50 Zu-

1850 1409 186 50 schrift:
2076 1411 97 57 „Im
2206 1409 230 67 Auftrage
2466 1409 80 50 des
2575 1411 85 49 Dr.
2686 1411 201 49 Brendel
2918 1409 122 51 habe
3069 1409 73 51 ich
3172 1409 75 53 die
3270 1411 147 63 Ehre,

1850 1490 148 48 Ihnen
2037 1488 348 51 nachstehende
2424 1490 358 66 Mittheilungen
2826 1507 54 32 zu
2923 1490 215 50 machen.
3194 1491 65 49 So
3295 1490 120 52 eben

1850 1568 55 50 ist
1937 1568 77 50 Ihr
2050 1567 66 52 Te
2141 1567 164 53 Deum
2334 1585 102 33 vom
2471 1570 164 49 letzten
2660 1568 347 69 Beurtheiler*)
3038 1570 345 67 zurückgekom-

1850 1665 125 40 men,
2020 1648 93 49 und
2158 1648 81 51 das
2282 1650 216 49 Resultat
2540 1650 56 48 ist
2640 1648 277 68 folgendes:
2958 1648 340 68 Allgemein
3341 1651 78 49 ist

1850 1727 93 51 die
1999 1728 447 51 Meisterschaft
2502 1730 71 48 im
2631 1730 403 49 Technischen
3086 1730 335 52 anerkannt

1850 1807 264 60 worden;
2163 1826 61 32 es
2273 1810 81 49 sei
2400 1810 86 48 ein
2531 1810 222 49 Muster
2791 1826 109 34 von
2933 1811 200 58 Form,
3179 1811 129 49 rein
3346 1811 70 49 im

1850 1888 197 59 Satze,
2084 1888 302 51 natürlich
2415 1888 54 50 in
2502 1887 101 52 der
2633 1890 257 49 Melodie
2920 1888 118 51 und
3068 1890 312 50 Stimmfüh-

1849 1985 150 48 rung
2038 1967 111 51 und
2188 1968 165 68 zeige
2382 1968 254 68 richtige
2659 1968 372 68 Auffassung
3062 1968 96 51 des
3189 1971 231 49 Textes.

1851 2046 134 49 Doch
2017 2047 156 67 eignet
2202 2047 94 51 sich
2328 2046 81 52 das
2434 2047 155 52 Werk
2619 2048 153 50 seiner
2798 2048 179 51 Gestalt
3003 2048 120 50 nach
3154 2050 157 66 wenig
3339 2066 82 33 zur

1849 2126 312 67 Aufführung
2192 2144 57 33 an
2279 2127 130 51 einer
2437 2127 635 67 Künstler-Versammlung,
3114 2127 143 51 dafür
3285 2130 59 49 ist
3373 2146 48 34 es

1849 2224 55 31 zu
1953 2207 340 67 umfangreich.
2351 2207 86 51 Mit
2489 2207 84 51 der
2615 2207 313 69 Aufführung
2977 2225 87 34 von
3097 2207 324 53 Chorwerken

1851 2287 82 48 hat
1962 2304 46 33 es
2033 2287 269 67 überhaupt
2326 2287 74 51 bei
2424 2286 158 52 diesen
2607 2288 428 68 Versammlungen
3059 2288 127 50 seine
3210 2288 180 51 Schwie-

1850 2367 248 66 rigkeiten,
2130 2368 101 49 weil
2263 2367 74 51 die
2368 2367 342 65 Gesangkräfte
2739 2368 135 50 meist
2903 2386 84 33 aus
3015 2368 291 51 Dilettanten
3334 2368 56 51 be-

1849 2446 178 51 stehen.
2084 2447 234 51 Desshalb
2348 2447 185 51 können
2566 2447 124 51 bloss
2730 2447 209 52 kleinere
2969 2447 185 52 Werke
3182 2450 70 48 ins
3281 2450 140 66 Auge

1850 2526 172 66 gefasst
2052 2528 208 58 werden,
2291 2526 114 52 oder
2433 2527 158 51 solche
2621 2532 232 62 grössere,
2884 2545 83 33 aus
2997 2528 208 51 welchen
3237 2528 152 51 Bruch-

1848 2606 162 49 stücke
2041 2607 278 66 aufgeführt
2342 2606 190 51 werden
2565 2607 202 50 können.
2798 2608 63 50 So
2885 2607 168 51 dachte
3076 2607 84 50 der
3184 2607 241 51 Vorstand

1849 2686 79 49 des
1968 2686 206 66 hiesigen
2205 2686 344 67 Zweigvereins
2578 2686 80 51 des
2687 2687 381 51 Musik-Vereins
3115 2686 166 58 daran,
3336 2705 84 33 aus

1846 2766 157 49 Ihrem
2288 2766 66 52 Te
2382 2766 165 52 Deum
2548 2767 118 66 wenigstens
2713 2767 135 51 einen
2899 2768 135 50 Theil
3082 2767 339 61 vorzuführen,

1849 2853 174 44 musste
2057 2847 174 67 jedoch
2276 2846 172 52 darauf
2484 2847 278 60 verzichten,
2805 2847 61 52 da
2903 2848 95 50 sich
3038 2847 152 51 nichts
3218 2847 168 52 heraus-

1849 2927 171 50 reissen
2051 2927 103 51 Hess
2184 2946 45 32 u.
2259 2944 34 33 s.
2326 2945 58 33 w.

1967 3008 95 49 Das
2100 3006 66 52 Te
2193 3006 164 52 Deum
2385 3007 194 67 beginnt
2610 3007 81 51 mit
2721 3007 152 51 einem
2902 3005 188 72 Allegro
3115 3010 224 49 maestoso
3368 3008 47 51 in

1848 3085 199 59 breiten,
2097 3087 268 66 wuchtigen
2398 3086 266 61 Accorden,
2713 3087 179 51 welche
2936 3086 260 52 überleiten
3232 3105 56 32 zu
3334 3087 85 51 der

1846 3167 266 51 Intonation
2142 3168 64 50 im
2234 3166 180 53 Oantus
2432 3167 198 67 Brmus,
2660 3168 284 66 ausgeführt
2973 3184 103 34 vom
3101 3168 316 51 Männerchor

1845 3246 61 49 im
1940 3248 225 55 Unisono,
2196 3247 213 67 Anfangs
2438 3265 103 33 vom
2574 3247 451 61 Streich-Quartett,
3057 3247 124 52 dann
3212 3262 87 36 von
3331 3248 85 51 der

1846 3326 323 51 eintretenden
2201 3328 148 68 Orgel
2384 3328 243 65 begleitet;
2673 3327 125 51 dann
2843 3327 115 68 folgt
2992 3345 53 32 zu
3086 3327 90 52 den
3209 3328 210 53 Worten

1857 3405 101 59 „Te
1985 3410 247 49 aeternum
2295 3410 72 48 ein
2390 3408 376 68 schwungvoller
2789 3407 128 52 Chor
2936 3408 46 50 in
3006 3407 174 52 D-dur
3203 3408 213 69 Allegro,

1846 3487 84 50 der
1959 3487 94 51 sich
2086 3488 69 51 bis
2184 3508 55 30 zu
2271 3488 105 51 dem
2406 3486 210 55 Sanetus
2645 3487 240 52 erstreckt.
2945 3488 86 51 Mit
3069 3488 107 51 dem
3205 3487 210 54 Sanctus

1846 3568 99 50 tritt
1978 3568 174 51 wieder
2183 3568 82 53 der
2297 3567 178 55 Cantus
2492 3568 181 68 firmus
2715 3570 91 58 ein,
2857 3568 97 51 und
2996 3586 125 35 zwar
3167 3568 120 51 wird
3328 3568 86 51 das

1846 3656 122 43 erste
2006 3646 210 55 Sanctus
2263 3666 103 33 vom
2408 3650 368 66 vierstimmigen
2826 3650 308 49 Frauenchor
3185 3647 98 52 und
3332 3649 83 52 das

1845 3730 161 48 zweite
2028 3726 210 56 Sanctus
2265 3746 105 33 vom
2400 3730 365 66 vierstimmigen
2789 3730 315 49 Männerchor
3134 3729 84 50 mit
3241 3729 145 67 Orgel-

1846 3807 275 70 begleitung
2145 3810 298 67 ausgeführt.
2474 3810 85 51 Mit
2593 3848 19 21 „
2621 3806 147 56 Pleni
2791 3811 115 51 sunt
2930 3806 111 55 coeli
3096 3809 196 68 beginnt
3314 3809 105 50 eine

1846 3889 232 53 herrliche
2119 3891 235 66 Fughette
2394 3890 62 51 im
2489 3889 22 29 3
2513 3886 244 74 /4-Tacte,
2800 3889 145 52 deren
2977 3889 247 69 Wirkung
3266 3889 151 52 durch

1949 4048 39 52 *)
2018 4053 83 35 Das
2129 4051 482 50 Beurtheilungs-Comite
2646 4050 156 38 besteht
2830 4062 70 25 aus
2928 4050 213 49 folgenden
3170 4050 177 37 Herren:
3380 4048 39 51 1)

1842 4116 70 34 Dr.
1941 4115 63 37 Fr.
2032 4115 111 36 Liszt
2184 4116 42 35 in
2266 4116 114 46 Rom,
2421 4116 206 45 Referent;
2672 4113 42 50 2)
2745 4114 43 38 C.
2813 4114 44 37 F.
2885 4114 255 36 Weitzmann
3183 4114 42 35 in
3270 4112 149 48 Berlin,

1842 4176 359 39 stellvertretender
2223 4178 208 45 Referent;
2480 4175 39 50 3)
2547 4177 111 38 Frhr.
2687 4178 69 37 Dr.
2786 4177 112 36 Hans
2927 4189 80 25 von
3033 4177 143 38 Bülow
3220 4178 43 36 in
3303 4178 87 36 Mün-

1843 4242 119 44 chen;
1993 4238 40 51 4)
2064 4241 98 37 Karl
2189 4240 138 39 Riedel
2355 4243 42 35 in
2425 4243 165 48 Leipzig
2617 4241 81 37 und
2727 4239 40 52 5)
2796 4242 97 37 Max
2922 4241 139 38 Seifriz
3091 4243 43 34 in
3161 4241 258 48 Löwenberg.

3108 4298 64 69 n
