2923 4422
279 435 165 56 virement,
478 432 240 48 crustacée
750 433 118 59 long
898 432 111 48 bleu
1045 432 268 61 règlement

279 586 112 60 soigne
424 585 49 47 la
499 583 206 61 parodie
738 587 45 46 et
815 586 170 46 touche
1078 524 107 132 A
1281 519 381 137 BAS

279 775 83 50 étale
393 774 172 52 lentement
597 775 49 47 la
684 775 132 47 taille
856 775 196 61 paradis
1113 712 107 132 A
1317 706 345 138 BAS

277 913 104 50 étalon
412 924 88 35 sur
529 913 70 46 les
631 913 118 47 rails
782 915 28 47 à
843 917 183 45 travers
1060 916 283 60 hypocrisie

275 1040 59 39 sur
367 1040 67 39 mes
467 1029 91 50 dents
589 1040 88 36 sur
706 1032 71 44 tes
809 1029 138 47 dents
979 1030 200 60 j'écoute

275 1142 52 61 qui
360 1142 92 50 baille
484 1143 121 50 extasié
638 1143 261 49 extraction
933 1145 61 45 de
1028 1145 267 61 hameçons

275 1263 109 49 hamac
417 1264 125 58 perforé
576 1265 47 45 et
654 1264 70 47 les
755 1264 201 48 insectes
990 1265 65 47 du
1092 1267 115 47 vide
1249 1268 201 60 (soude)

274 1391 58 48 des
364 1391 149 50 nombres
546 1402 62 35 on
642 1390 186 48 réveille
861 1392 43 47 le
938 1394 206 47 nombril
1183 1394 190 63 (sonde)

270 1517 57 48 fini
359 1518 29 48 le
420 1518 197 60 paragraphe
651 1519 47 46 et
729 1519 48 46 la
810 1519 222 60 seringue
1063 1533 123 47 pour
1221 1522 277 60 phosphore

1881 651 762 238 cataphalque

1881 930 170 38 ressorts
2086 931 292 40 ressemblants

1882 1016 143 49 sentis
2061 1016 118 50 bans
2215 1019 64 48 les
2315 1032 56 35 os

1883 1140 75 39 ou
2015 1123 280 60 corridor
2357 1126 284 59 tricolore

2068 1255 387 254 ïi

912 1848 214 50 UoiSfttage
1178 1852 52 42 au
1285 1851 58 43 fer
1395 1853 191 43 bravoure
1638 1855 272 48 «ymnastique
1961 1856 228 44 balustrade

1243 1979 86 99 les
1395 1979 259 102 chiffres
1721 1984 487 125 astronnmiques
2274 1987 440 101 acclimatisées

875 2185 195 51 SUR
1139 2187 460 49 BILLARD
1665 2190 40 48 A
1771 2190 270 51 TOUS
2112 2192 183 49 LES
2373 2195 336 51 VENTS

1246 2327 655 117 gratuitement

1370 2512 124 38 drogue
1515 2513 224 31 halucination
1759 2515 272 38 transcaspienne
2052 2518 149 30 sacristie

1032 2637 255 51 AVANCE
1322 2639 76 47 LA
1435 2639 294 52 COULEUR
1765 2642 80 47 EN
1881 2643 255 50 LANGUE
2170 2636 387 59 DIFFÉRENTE

1484 2779 1059 130 vivisection

871 3006 743 44 EX-CATAPLASME
1675 3010 261 41 PLAIT
1996 3013 166 40 AUX
2218 3015 494 45 AMOUREUX

948 3130 40 54 à
1027 3127 37 57 3
1089 3128 77 56 fr.
1196 3130 76 57 50
1313 3145 84 42 ou
1436 3136 37 50 3
1508 3135 60 52 h.
1599 3131 76 57 20
1715 3137 341 56 invincible
2099 3139 528 72 martyrologiste

1492 3286 53 27 ton
1569 3285 80 28 cible
1674 3288 31 25 et
1724 3288 52 26 tes
1799 3287 57 28 cils
1880 3288 175 34 rappellent
2079 3290 24 26 la
2129 3291 168 27 naissance
2321 3290 38 28 du
2383 3293 149 33 scorpion
2557 3300 37 20 en
2618 3293 66 28 cire

1093 3396 203 102 syphilis
1334 3399 346 81 blanchissant
1713 3422 89 58 sur
1837 3401 77 82 les
1941 3401 155 84 bancs
2135 3401 91 82 des
2279 3404 216 99 glaciers

848 3559 182 119 joli
1101 3559 767 104 TAMBOUR
1934 3569 513 117 crépuscule

1210 3775 163 79 auto
1431 3772 147 97 gris
1632 3775 325 94 autopsie
2013 3780 350 79 cataracte

871 3941 27 43 ô
942 3940 311 61 nécrologues
1290 3945 424 58 prophylactiques
1750 3948 87 44 des
1874 3948 250 47 entr'actes
2160 3950 321 57 antarctiques
2507 3950 196 60 régions

2037 4211 288 94 TRISTAN
2366 4211 205 94 TZARA

1005 73 977 221 BILAN
