<?xml version="1.0" encoding="UTF-8"?>
<alto xmlns:xsi="http://www.w3.org/2001/XMLSchema-instance" xmlns="http://www.loc.gov/standards/alto/ns-v2#" xsi:schemaLocation="http://www.loc.gov/standards/alto/ns-v2# http://www.loc.gov/standards/alto/alto-v2.0.xsd" xmlns:xlink="http://www.w3.org/1999/xlink">
	<Description>
		<MeasurementUnit>mm10</MeasurementUnit>
		<sourceImageInformation>
			<fileName>//fileserver7/IN2/Princeton/Batch3/bmtnaag/1919/05_01/00000135.tif</fileName>
		</sourceImageInformation>
		<OCRProcessing ID="OCRPROCESSING_1">
			<preProcessingStep>
				<processingSoftware>
					<softwareCreator>CCS Content Conversion Specialists GmbH, Germany</softwareCreator>
					<softwareName>CCS docWORKS</softwareName>
					<softwareVersion>6.6-1.11</softwareVersion>
				</processingSoftware>
			</preProcessingStep>
			<ocrProcessingStep>
				<processingSoftware>
					<softwareCreator>ABBYY (BIT Software), Russia</softwareCreator>
					<softwareName>FineReader</softwareName>
					<softwareVersion>10.0</softwareVersion>
				</processingSoftware>
			</ocrProcessingStep>
		</OCRProcessing>
	</Description>
	<Styles>
		<TextStyle ID="TXT_0" FONTSIZE="10" FONTFAMILY="Times New Roman"/>
		<ParagraphStyle ID="PAR_CENTER" ALIGN="Center"/>
		<ParagraphStyle ID="PAR_RIGHT" ALIGN="Right"/>
		<ParagraphStyle ID="PAR_BLOCK" ALIGN="Block"/>
	</Styles>
	<Layout>
		<Page ID="P15" PHYSICAL_IMG_NR="15" HEIGHT="3619" WIDTH="2649" PC="0.938">
			<TopMargin ID="P15_TM00001" HPOS="0" VPOS="0" WIDTH="2649" HEIGHT="348"/>
			<LeftMargin ID="P15_LM00001" HPOS="0" VPOS="348" WIDTH="63" HEIGHT="3055"/>
			<RightMargin ID="P15_RM00001" HPOS="2588" VPOS="348" WIDTH="61" HEIGHT="3055"/>
			<BottomMargin ID="P15_BM00001" HPOS="0" VPOS="3403" WIDTH="2649" HEIGHT="216"/>
			<PrintSpace ID="P15_PS00001" HPOS="63" VPOS="348" WIDTH="2525" HEIGHT="3055">
				<TextBlock ID="P15_TB00001" HPOS="587" VPOS="348" WIDTH="1472" HEIGHT="82" STYLEREFS="TXT_0 PAR_CENTER">
					<TextLine ID="P15_TL00001" HPOS="587" VPOS="348" WIDTH="1471" HEIGHT="82">
						<String ID="P15_ST00001" HPOS="587" VPOS="348" WIDTH="176" HEIGHT="81" CONTENT="OM" WC="1.00" CC="00"/>
						<SP ID="P15_SP00001" HPOS="763" VPOS="429" WIDTH="66"/>
						<String ID="P15_ST00002" HPOS="829" VPOS="351" WIDTH="378" HEIGHT="78" CONTENT="KUNST" WC="1.00" CC="00000"/>
						<SP ID="P15_SP00002" HPOS="1207" VPOS="429" WIDTH="66"/>
						<String ID="P15_ST00003" HPOS="1273" VPOS="348" WIDTH="165" HEIGHT="81" CONTENT="OG" WC="1.00" CC="00"/>
						<SP ID="P15_SP00003" HPOS="1438" VPOS="429" WIDTH="69"/>
						<String ID="P15_ST00004" HPOS="1507" VPOS="351" WIDTH="551" HEIGHT="79" CONTENT="SKØNHED" WC="1.00" CC="0002021"/>
					</TextLine>
				</TextBlock>
				<TextBlock ID="P15_TB00002" HPOS="63" VPOS="532" WIDTH="1244" HEIGHT="2871" STYLEREFS="TXT_0 PAR_RIGHT">
					<TextLine ID="P15_TL00002" HPOS="64" VPOS="533" WIDTH="1234" HEIGHT="90">
						<String ID="P15_ST00005" HPOS="64" VPOS="533" WIDTH="178" HEIGHT="90" CONTENT="Karl" WC="0.98" CC="2050"/>
						<SP ID="P15_SP00004" HPOS="242" VPOS="623" WIDTH="35"/>
						<String ID="P15_ST00006" HPOS="277" VPOS="534" WIDTH="179" HEIGHT="38" CONTENT="larsen," WC="0.86" CC="0050003"/>
						<SP ID="P15_SP00005" HPOS="456" VPOS="623" WIDTH="35"/>
						<String ID="P15_ST00007" HPOS="491" VPOS="535" WIDTH="199" HEIGHT="29" CONTENT="vilhelm" WC="0.87" CC="5003000"/>
						<SP ID="P15_SP00006" HPOS="690" VPOS="623" WIDTH="27"/>
						<String ID="P15_ST00008" HPOS="717" VPOS="536" WIDTH="270" HEIGHT="30" CONTENT="lundstrøm" WC="1.00" CC="002400000"/>
						<SP ID="P15_SP00007" HPOS="987" VPOS="623" WIDTH="31"/>
						<String ID="P15_ST00009" HPOS="1018" VPOS="545" WIDTH="39" HEIGHT="30" CONTENT="og" WC="0.68" CC="06"/>
						<SP ID="P15_SP00008" HPOS="1057" VPOS="623" WIDTH="30"/>
						<String ID="P15_ST00010" HPOS="1087" VPOS="537" WIDTH="111" HEIGHT="29" CONTENT="aage" WC="0.89" CC="0040"/>
						<SP ID="P15_SP00009" HPOS="1198" VPOS="623" WIDTH="28"/>
						<String ID="P15_ST00011" HPOS="1226" VPOS="538" WIDTH="72" HEIGHT="28" CONTENT="wi-" WC="0.82" CC="005"/>
					</TextLine>
					<TextLine ID="P15_TL00003" HPOS="182" VPOS="594" WIDTH="1116" HEIGHT="41">
						<String ID="P15_ST00012" HPOS="182" VPOS="594" WIDTH="115" HEIGHT="30" CONTENT="BOLT" WC="0.89" CC="4000"/>
						<SP ID="P15_SP00010" HPOS="297" VPOS="624" WIDTH="17"/>
						<String ID="P15_ST00013" HPOS="314" VPOS="595" WIDTH="62" HEIGHT="28" CONTENT="har" WC="0.95" CC="534"/>
						<SP ID="P15_SP00011" HPOS="376" VPOS="624" WIDTH="15"/>
						<String ID="P15_ST00014" HPOS="391" VPOS="595" WIDTH="10" HEIGHT="28" CONTENT="i" WC="1.00" CC="0"/>
						<SP ID="P15_SP00012" HPOS="401" VPOS="624" WIDTH="18"/>
						<String ID="P15_ST00015" HPOS="419" VPOS="594" WIDTH="242" HEIGHT="39" CONTENT="Ovenlyssalen" WC="0.99" CC="060044003603"/>
						<SP ID="P15_SP00013" HPOS="661" VPOS="633" WIDTH="24"/>
						<String ID="P15_ST00016" HPOS="685" VPOS="595" WIDTH="9" HEIGHT="30" CONTENT="i" WC="1.00" CC="0"/>
						<SP ID="P15_SP00014" HPOS="694" VPOS="633" WIDTH="24"/>
						<String ID="P15_ST00017" HPOS="718" VPOS="597" WIDTH="168" HEIGHT="37" CONTENT="Bredgade" WC="0.99" CC="35004000"/>
						<SP ID="P15_SP00015" HPOS="886" VPOS="634" WIDTH="18"/>
						<String ID="P15_ST00018" HPOS="904" VPOS="597" WIDTH="133" HEIGHT="29" CONTENT="afholdt" WC="0.99" CC="9002000"/>
						<SP ID="P15_SP00016" HPOS="1037" VPOS="634" WIDTH="27"/>
						<String ID="P15_ST00019" HPOS="1064" VPOS="606" WIDTH="40" HEIGHT="20" CONTENT="en" WC="1.00" CC="00"/>
						<SP ID="P15_SP00017" HPOS="1104" VPOS="634" WIDTH="18"/>
						<String ID="P15_ST00020" HPOS="1122" VPOS="597" WIDTH="176" HEIGHT="38" CONTENT="Udstilling" WC="0.99" CC="3006023243"/>
					</TextLine>
					<TextLine ID="P15_TL00004" HPOS="64" VPOS="655" WIDTH="1234" HEIGHT="40">
						<String ID="P15_ST00021" HPOS="64" VPOS="664" WIDTH="84" HEIGHT="29" CONTENT="som," WC="0.99" CC="0003"/>
						<SP ID="P15_SP00018" HPOS="148" VPOS="693" WIDTH="36"/>
						<String ID="P15_ST00022" HPOS="184" VPOS="655" WIDTH="159" HEIGHT="38" CONTENT="betragtet" WC="0.99" CC="600298000"/>
						<SP ID="P15_SP00019" HPOS="343" VPOS="693" WIDTH="34"/>
						<String ID="P15_ST00023" HPOS="377" VPOS="664" WIDTH="74" HEIGHT="20" CONTENT="som" WC="1.00" CC="000"/>
						<SP ID="P15_SP00020" HPOS="451" VPOS="693" WIDTH="24"/>
						<String ID="P15_ST00024" HPOS="475" VPOS="655" WIDTH="145" HEIGHT="30" CONTENT="artistisk" WC="1.00" CC="010200000"/>
						<SP ID="P15_SP00021" HPOS="620" VPOS="693" WIDTH="25"/>
						<String ID="P15_ST00025" HPOS="645" VPOS="656" WIDTH="197" HEIGHT="39" CONTENT="Opvisning," WC="0.99" CC="0570000602"/>
						<SP ID="P15_SP00022" HPOS="842" VPOS="695" WIDTH="37"/>
						<String ID="P15_ST00026" HPOS="879" VPOS="666" WIDTH="76" HEIGHT="20" CONTENT="maa" WC="0.75" CC="070"/>
						<SP ID="P15_SP00023" HPOS="955" VPOS="695" WIDTH="37"/>
						<String ID="P15_ST00027" HPOS="992" VPOS="667" WIDTH="95" HEIGHT="19" CONTENT="anses" WC="1.00" CC="00000"/>
						<SP ID="P15_SP00024" HPOS="1087" VPOS="695" WIDTH="25"/>
						<String ID="P15_ST00028" HPOS="1112" VPOS="658" WIDTH="50" HEIGHT="28" CONTENT="for" WC="0.96" CC="055"/>
						<SP ID="P15_SP00025" HPOS="1162" VPOS="695" WIDTH="23"/>
						<String ID="P15_ST00029" HPOS="1185" VPOS="657" WIDTH="113" HEIGHT="29" CONTENT="Aarets" WC="0.67" CC="064072"/>
					</TextLine>
					<TextLine ID="P15_TL00005" HPOS="63" VPOS="714" WIDTH="1236" HEIGHT="41">
						<String ID="P15_ST00030" HPOS="63" VPOS="714" WIDTH="114" HEIGHT="30" CONTENT="bedste" WC="0.98" CC="508002"/>
						<SP ID="P15_SP00026" HPOS="177" VPOS="744" WIDTH="25"/>
						<String ID="P15_ST00031" HPOS="202" VPOS="724" WIDTH="39" HEIGHT="30" CONTENT="og" WC="0.48" CC="27"/>
						<SP ID="P15_SP00027" HPOS="241" VPOS="754" WIDTH="25"/>
						<String ID="P15_ST00032" HPOS="266" VPOS="715" WIDTH="177" HEIGHT="30" CONTENT="stærkeste." WC="1.00" CC="0402000003"/>
						<SP ID="P15_SP00028" HPOS="443" VPOS="754" WIDTH="48"/>
						<String ID="P15_ST00033" HPOS="491" VPOS="716" WIDTH="66" HEIGHT="29" CONTENT="Der" WC="0.97" CC="205"/>
						<SP ID="P15_SP00029" HPOS="557" VPOS="754" WIDTH="29"/>
						<String ID="P15_ST00034" HPOS="586" VPOS="716" WIDTH="113" HEIGHT="29" CONTENT="kunde" WC="1.00" CC="04000"/>
						<SP ID="P15_SP00030" HPOS="699" VPOS="754" WIDTH="28"/>
						<String ID="P15_ST00035" HPOS="727" VPOS="717" WIDTH="78" HEIGHT="37" CONTENT="godt" WC="0.98" CC="7200"/>
						<SP ID="P15_SP00031" HPOS="805" VPOS="754" WIDTH="23"/>
						<String ID="P15_ST00036" HPOS="828" VPOS="716" WIDTH="101" HEIGHT="31" CONTENT="stilles" WC="1.00" CC="0015100"/>
						<SP ID="P15_SP00032" HPOS="929" VPOS="754" WIDTH="25"/>
						<String ID="P15_ST00037" HPOS="954" VPOS="717" WIDTH="64" HEIGHT="30" CONTENT="den" WC="1.00" CC="010"/>
						<SP ID="P15_SP00033" HPOS="1018" VPOS="754" WIDTH="26"/>
						<String ID="P15_ST00038" HPOS="1044" VPOS="717" WIDTH="181" HEIGHT="38" CONTENT="Betingelse" WC="1.00" CC="5200080000"/>
						<SP ID="P15_SP00034" HPOS="1225" VPOS="755" WIDTH="24"/>
						<String ID="P15_ST00039" HPOS="1249" VPOS="717" WIDTH="50" HEIGHT="29" CONTENT="for" WC="0.97" CC="070"/>
					</TextLine>
					<TextLine ID="P15_TL00006" HPOS="64" VPOS="775" WIDTH="1236" HEIGHT="39">
						<String ID="P15_ST00040" HPOS="64" VPOS="775" WIDTH="147" HEIGHT="39" CONTENT="offentlig" WC="0.99" CC="067003538"/>
						<SP ID="P15_SP00035" HPOS="211" VPOS="814" WIDTH="35"/>
						<String ID="P15_ST00041" HPOS="246" VPOS="776" WIDTH="232" HEIGHT="38" CONTENT="Fremvisning" WC="1.00" CC="06000000000"/>
						<SP ID="P15_SP00036" HPOS="478" VPOS="814" WIDTH="35"/>
						<String ID="P15_ST00042" HPOS="513" VPOS="776" WIDTH="35" HEIGHT="30" CONTENT="af" WC="1.00" CC="00"/>
						<SP ID="P15_SP00037" HPOS="548" VPOS="814" WIDTH="31"/>
						<String ID="P15_ST00043" HPOS="579" VPOS="777" WIDTH="118" HEIGHT="37" CONTENT="Kunst," WC="0.98" CC="060054"/>
						<SP ID="P15_SP00038" HPOS="697" VPOS="814" WIDTH="37"/>
						<String ID="P15_ST00044" HPOS="734" VPOS="780" WIDTH="32" HEIGHT="26" CONTENT="at" WC="0.92" CC="01"/>
						<SP ID="P15_SP00039" HPOS="766" VPOS="814" WIDTH="35"/>
						<String ID="P15_ST00045" HPOS="801" VPOS="777" WIDTH="64" HEIGHT="29" CONTENT="den" WC="0.98" CC="004"/>
						<SP ID="P15_SP00040" HPOS="865" VPOS="814" WIDTH="31"/>
						<String ID="P15_ST00046" HPOS="896" VPOS="777" WIDTH="127" HEIGHT="29" CONTENT="ialtfald" WC="0.68" CC="06400940"/>
						<SP ID="P15_SP00041" HPOS="1023" VPOS="814" WIDTH="28"/>
						<String ID="P15_ST00047" HPOS="1051" VPOS="777" WIDTH="109" HEIGHT="30" CONTENT="virker" WC="0.99" CC="004005"/>
						<SP ID="P15_SP00042" HPOS="1160" VPOS="814" WIDTH="28"/>
						<String ID="P15_ST00048" HPOS="1188" VPOS="777" WIDTH="112" HEIGHT="29" CONTENT="stærkt" WC="1.00" CC="000400"/>
					</TextLine>
					<TextLine ID="P15_TL00007" HPOS="64" VPOS="836" WIDTH="1234" HEIGHT="39">
						<String ID="P15_ST00049" HPOS="64" VPOS="836" WIDTH="125" HEIGHT="37" CONTENT="straks;" WC="0.99" CC="0060008"/>
						<SP ID="P15_SP00043" HPOS="189" VPOS="873" WIDTH="25"/>
						<String ID="P15_ST00050" HPOS="214" VPOS="836" WIDTH="49" HEIGHT="29" CONTENT="thi" WC="1.00" CC="000"/>
						<SP ID="P15_SP00044" HPOS="263" VPOS="873" WIDTH="24"/>
						<String ID="P15_ST00051" HPOS="287" VPOS="837" WIDTH="85" HEIGHT="28" CONTENT="dette" WC="0.99" CC="00170"/>
						<SP ID="P15_SP00045" HPOS="372" VPOS="873" WIDTH="24"/>
						<String ID="P15_ST00052" HPOS="396" VPOS="837" WIDTH="126" HEIGHT="30" CONTENT="kræver" WC="0.99" CC="002003"/>
						<SP ID="P15_SP00046" HPOS="522" VPOS="873" WIDTH="16"/>
						<String ID="P15_ST00053" HPOS="538" VPOS="837" WIDTH="352" HEIGHT="38" CONTENT="Udstillingsmaaden," WC="0.78" CC="003505830003200004"/>
						<SP ID="P15_SP00047" HPOS="890" VPOS="875" WIDTH="27"/>
						<String ID="P15_ST00054" HPOS="917" VPOS="846" WIDTH="39" HEIGHT="29" CONTENT="og" WC="0.65" CC="06"/>
						<SP ID="P15_SP00048" HPOS="956" VPOS="875" WIDTH="24"/>
						<String ID="P15_ST00055" HPOS="980" VPOS="838" WIDTH="119" HEIGHT="30" CONTENT="derved" WC="1.00" CC="005000"/>
						<SP ID="P15_SP00049" HPOS="1099" VPOS="875" WIDTH="17"/>
						<String ID="P15_ST00056" HPOS="1116" VPOS="837" WIDTH="87" HEIGHT="30" CONTENT="vilde" WC="1.00" CC="00000"/>
						<SP ID="P15_SP00050" HPOS="1203" VPOS="875" WIDTH="16"/>
						<String ID="P15_ST00057" HPOS="1219" VPOS="846" WIDTH="79" HEIGHT="21" CONTENT="man" WC="1.00" CC="000"/>
					</TextLine>
					<TextLine ID="P15_TL00008" HPOS="64" VPOS="897" WIDTH="1234" HEIGHT="39">
						<String ID="P15_ST00058" HPOS="64" VPOS="906" WIDTH="95" HEIGHT="30" CONTENT="spare" WC="0.98" CC="31070"/>
						<SP ID="P15_SP00051" HPOS="159" VPOS="936" WIDTH="25"/>
						<String ID="P15_ST00059" HPOS="184" VPOS="897" WIDTH="196" HEIGHT="30" CONTENT="Tilskueren" WC="1.00" CC="0060030600"/>
						<SP ID="P15_SP00052" HPOS="380" VPOS="936" WIDTH="32"/>
						<String ID="P15_ST00060" HPOS="412" VPOS="898" WIDTH="51" HEIGHT="29" CONTENT="for" WC="0.98" CC="006"/>
						<SP ID="P15_SP00053" HPOS="463" VPOS="936" WIDTH="32"/>
						<String ID="P15_ST00061" HPOS="495" VPOS="898" WIDTH="64" HEIGHT="29" CONTENT="den" WC="1.00" CC="000"/>
						<SP ID="P15_SP00054" HPOS="559" VPOS="936" WIDTH="34"/>
						<String ID="P15_ST00062" HPOS="593" VPOS="898" WIDTH="98" HEIGHT="35" CONTENT="Lede," WC="0.99" CC="80000"/>
						<SP ID="P15_SP00055" HPOS="691" VPOS="936" WIDTH="35"/>
						<String ID="P15_ST00063" HPOS="726" VPOS="907" WIDTH="71" HEIGHT="20" CONTENT="som" WC="0.97" CC="530"/>
						<SP ID="P15_SP00056" HPOS="797" VPOS="936" WIDTH="35"/>
						<String ID="P15_ST00064" HPOS="832" VPOS="899" WIDTH="196" HEIGHT="28" CONTENT="skræmmer" WC="1.00" CC="00000001"/>
						<SP ID="P15_SP00057" HPOS="1028" VPOS="936" WIDTH="23"/>
						<String ID="P15_ST00065" HPOS="1051" VPOS="898" WIDTH="79" HEIGHT="29" CONTENT="ham" WC="0.98" CC="600"/>
						<SP ID="P15_SP00058" HPOS="1130" VPOS="936" WIDTH="23"/>
						<String ID="P15_ST00066" HPOS="1153" VPOS="898" WIDTH="73" HEIGHT="29" CONTENT="væk" WC="1.00" CC="000"/>
						<SP ID="P15_SP00059" HPOS="1226" VPOS="936" WIDTH="25"/>
						<String ID="P15_ST00067" HPOS="1251" VPOS="898" WIDTH="47" HEIGHT="28" CONTENT="fra" WC="0.97" CC="025"/>
					</TextLine>
					<TextLine ID="P15_TL00009" HPOS="64" VPOS="957" WIDTH="435" HEIGHT="39">
						<String ID="P15_ST00068" HPOS="64" VPOS="957" WIDTH="62" HEIGHT="30" CONTENT="alle" WC="0.98" CC="0630"/>
						<SP ID="P15_SP00060" HPOS="126" VPOS="987" WIDTH="24"/>
						<String ID="P15_ST00069" HPOS="150" VPOS="960" WIDTH="102" HEIGHT="27" CONTENT="større" WC="0.99" CC="001505"/>
						<SP ID="P15_SP00061" HPOS="252" VPOS="987" WIDTH="26"/>
						<String ID="P15_ST00070" HPOS="278" VPOS="957" WIDTH="221" HEIGHT="39" CONTENT="Udstillinger." WC="1.00" CC="0000055005020"/>
					</TextLine>
					<TextLine ID="P15_TL00010" HPOS="129" VPOS="1018" WIDTH="1170" HEIGHT="39">
						<String ID="P15_ST00071" HPOS="129" VPOS="1018" WIDTH="62" HEIGHT="29" CONTENT="Det" WC="0.98" CC="500"/>
						<SP ID="P15_SP00062" HPOS="191" VPOS="1047" WIDTH="33"/>
						<String ID="P15_ST00072" HPOS="224" VPOS="1027" WIDTH="60" HEIGHT="21" CONTENT="var" WC="1.00" CC="001"/>
						<SP ID="P15_SP00063" HPOS="284" VPOS="1048" WIDTH="33"/>
						<String ID="P15_ST00073" HPOS="317" VPOS="1018" WIDTH="76" HEIGHT="29" CONTENT="ikke" WC="1.00" CC="1000"/>
						<SP ID="P15_SP00064" HPOS="393" VPOS="1048" WIDTH="36"/>
						<String ID="P15_ST00074" HPOS="429" VPOS="1019" WIDTH="93" HEIGHT="29" CONTENT="alene" WC="1.00" CC="00002"/>
						<SP ID="P15_SP00065" HPOS="522" VPOS="1048" WIDTH="31"/>
						<String ID="P15_ST00075" HPOS="553" VPOS="1018" WIDTH="239" HEIGHT="39" CONTENT="Udstillingens" WC="1.00" CC="0000031018000"/>
						<SP ID="P15_SP00066" HPOS="792" VPOS="1057" WIDTH="25"/>
						<String ID="P15_ST00076" HPOS="817" VPOS="1018" WIDTH="172" HEIGHT="30" CONTENT="Lidenhed" WC="1.00" CC="00000600"/>
						<SP ID="P15_SP00067" HPOS="989" VPOS="1057" WIDTH="25"/>
						<String ID="P15_ST00077" HPOS="1014" VPOS="1027" WIDTH="72" HEIGHT="21" CONTENT="som" WC="1.00" CC="000"/>
						<SP ID="P15_SP00068" HPOS="1086" VPOS="1057" WIDTH="24"/>
						<String ID="P15_ST00078" HPOS="1110" VPOS="1018" WIDTH="124" HEIGHT="38" CONTENT="gjorde," WC="0.98" CC="8245004"/>
						<SP ID="P15_SP00069" HPOS="1234" VPOS="1057" WIDTH="34"/>
						<String ID="P15_ST00079" HPOS="1268" VPOS="1020" WIDTH="31" HEIGHT="26" CONTENT="at" WC="0.62" CC="70"/>
					</TextLine>
					<TextLine ID="P15_TL00011" HPOS="64" VPOS="1078" WIDTH="1235" HEIGHT="39">
						<String ID="P15_ST00080" HPOS="64" VPOS="1087" WIDTH="80" HEIGHT="20" CONTENT="man" WC="0.96" CC="090"/>
						<SP ID="P15_SP00070" HPOS="144" VPOS="1107" WIDTH="23"/>
						<String ID="P15_ST00081" HPOS="167" VPOS="1078" WIDTH="137" HEIGHT="29" CONTENT="befandt" WC="0.99" CC="7000030"/>
						<SP ID="P15_SP00071" HPOS="304" VPOS="1107" WIDTH="23"/>
						<String ID="P15_ST00082" HPOS="327" VPOS="1078" WIDTH="48" HEIGHT="39" CONTENT="sig" WC="1.00" CC="000"/>
						<SP ID="P15_SP00072" HPOS="375" VPOS="1117" WIDTH="23"/>
						<String ID="P15_ST00083" HPOS="398" VPOS="1079" WIDTH="63" HEIGHT="38" CONTENT="vel," WC="0.99" CC="0014"/>
						<SP ID="P15_SP00073" HPOS="461" VPOS="1117" WIDTH="26"/>
						<String ID="P15_ST00084" HPOS="487" VPOS="1079" WIDTH="54" HEIGHT="29" CONTENT="det" WC="0.99" CC="003"/>
						<SP ID="P15_SP00074" HPOS="541" VPOS="1117" WIDTH="23"/>
						<String ID="P15_ST00085" HPOS="564" VPOS="1089" WIDTH="59" HEIGHT="20" CONTENT="var" WC="0.98" CC="005"/>
						<SP ID="P15_SP00075" HPOS="623" VPOS="1117" WIDTH="23"/>
						<String ID="P15_ST00086" HPOS="646" VPOS="1088" WIDTH="100" HEIGHT="29" CONTENT="ogsaa" WC="0.74" CC="06006"/>
						<SP ID="P15_SP00076" HPOS="746" VPOS="1117" WIDTH="16"/>
						<String ID="P15_ST00087" HPOS="762" VPOS="1079" WIDTH="135" HEIGHT="29" CONTENT="Kraften" WC="0.99" CC="0600005"/>
						<SP ID="P15_SP00077" HPOS="897" VPOS="1117" WIDTH="26"/>
						<String ID="P15_ST00088" HPOS="923" VPOS="1087" WIDTH="40" HEIGHT="30" CONTENT="og" WC="0.76" CC="40"/>
						<SP ID="P15_SP00078" HPOS="963" VPOS="1117" WIDTH="16"/>
						<String ID="P15_ST00089" HPOS="979" VPOS="1079" WIDTH="187" HEIGHT="38" CONTENT="Elegancen" WC="1.00" CC="050000103"/>
						<SP ID="P15_SP00079" HPOS="1166" VPOS="1117" WIDTH="17"/>
						<String ID="P15_ST00090" HPOS="1183" VPOS="1078" WIDTH="10" HEIGHT="29" CONTENT="i" WC="1.00" CC="0"/>
						<SP ID="P15_SP00080" HPOS="1193" VPOS="1117" WIDTH="18"/>
						<String ID="P15_ST00091" HPOS="1211" VPOS="1079" WIDTH="66" HEIGHT="28" CONTENT="Maa" SUBS_TYPE="HypPart1" SUBS_CONTENT="Maaden," WC="1.00" CC="000"/>
						<HYP HPOS="1277" VPOS="1079" WIDTH="22" CONTENT="-"/>
					</TextLine>
					<TextLine ID="P15_TL00012" HPOS="64" VPOS="1138" WIDTH="1234" HEIGHT="40">
						<String ID="P15_ST00092" HPOS="64" VPOS="1139" WIDTH="75" HEIGHT="37" CONTENT="den," SUBS_TYPE="HypPart2" SUBS_CONTENT="Maaden," WC="0.88" CC="0004"/>
						<SP ID="P15_SP00081" HPOS="139" VPOS="1176" WIDTH="26"/>
						<String ID="P15_ST00093" HPOS="165" VPOS="1139" WIDTH="150" HEIGHT="39" CONTENT="hvorpaa" WC="0.83" CC="6022000"/>
						<SP ID="P15_SP00082" HPOS="315" VPOS="1178" WIDTH="24"/>
						<String ID="P15_ST00094" HPOS="339" VPOS="1140" WIDTH="38" HEIGHT="31" CONTENT="de" WC="1.00" CC="00"/>
						<SP ID="P15_SP00083" HPOS="377" VPOS="1178" WIDTH="26"/>
						<String ID="P15_ST00095" HPOS="403" VPOS="1140" WIDTH="141" HEIGHT="29" CONTENT="aktuelle" WC="1.00" CC="00020210"/>
						<SP ID="P15_SP00084" HPOS="544" VPOS="1178" WIDTH="26"/>
						<String ID="P15_ST00096" HPOS="570" VPOS="1140" WIDTH="191" HEIGHT="29" CONTENT="Problemer" WC="0.99" CC="561520006"/>
						<SP ID="P15_SP00085" HPOS="761" VPOS="1178" WIDTH="23"/>
						<String ID="P15_ST00097" HPOS="784" VPOS="1139" WIDTH="75" HEIGHT="30" CONTENT="blev" WC="0.99" CC="4000"/>
						<SP ID="P15_SP00086" HPOS="859" VPOS="1178" WIDTH="25"/>
						<String ID="P15_ST00098" HPOS="884" VPOS="1142" WIDTH="50" HEIGHT="26" CONTENT="sat" WC="0.99" CC="002"/>
						<SP ID="P15_SP00087" HPOS="934" VPOS="1178" WIDTH="23"/>
						<String ID="P15_ST00099" HPOS="957" VPOS="1139" WIDTH="106" HEIGHT="29" CONTENT="under" WC="0.98" CC="60006"/>
						<SP ID="P15_SP00088" HPOS="1063" VPOS="1178" WIDTH="23"/>
						<String ID="P15_ST00100" HPOS="1086" VPOS="1138" WIDTH="116" HEIGHT="30" CONTENT="Debat." WC="0.99" CC="206004"/>
						<SP ID="P15_SP00089" HPOS="1202" VPOS="1178" WIDTH="31"/>
						<String ID="P15_ST00101" HPOS="1233" VPOS="1138" WIDTH="44" HEIGHT="29" CONTENT="Ud" SUBS_TYPE="HypPart1" SUBS_CONTENT="Udstillingen" WC="0.99" CC="00"/>
						<HYP HPOS="1277" VPOS="1138" WIDTH="21" CONTENT="-"/>
					</TextLine>
					<TextLine ID="P15_TL00013" HPOS="63" VPOS="1198" WIDTH="1236" HEIGHT="40">
						<String ID="P15_ST00102" HPOS="63" VPOS="1199" WIDTH="166" HEIGHT="39" CONTENT="stillingen" SUBS_TYPE="HypPart2" SUBS_CONTENT="Udstillingen" WC="0.99" CC="0008000802"/>
						<SP ID="P15_SP00090" HPOS="229" VPOS="1238" WIDTH="25"/>
						<String ID="P15_ST00103" HPOS="254" VPOS="1199" WIDTH="146" HEIGHT="39" CONTENT="opfyldte" WC="0.99" CC="30054000"/>
						<SP ID="P15_SP00091" HPOS="400" VPOS="1238" WIDTH="24"/>
						<String ID="P15_ST00104" HPOS="424" VPOS="1200" WIDTH="149" HEIGHT="29" CONTENT="saaledes" WC="0.85" CC="09010000"/>
						<SP ID="P15_SP00092" HPOS="573" VPOS="1238" WIDTH="25"/>
						<String ID="P15_ST00105" HPOS="598" VPOS="1199" WIDTH="54" HEIGHT="29" CONTENT="det" WC="0.97" CC="600"/>
						<SP ID="P15_SP00093" HPOS="652" VPOS="1238" WIDTH="23"/>
						<String ID="P15_ST00106" HPOS="675" VPOS="1200" WIDTH="99" HEIGHT="29" CONTENT="første" WC="1.00" CC="004000"/>
						<SP ID="P15_SP00094" HPOS="774" VPOS="1238" WIDTH="32"/>
						<String ID="P15_ST00107" HPOS="806" VPOS="1208" WIDTH="39" HEIGHT="29" CONTENT="og" WC="1.00" CC="00"/>
						<SP ID="P15_SP00095" HPOS="845" VPOS="1238" WIDTH="25"/>
						<String ID="P15_ST00108" HPOS="870" VPOS="1199" WIDTH="203" HEIGHT="38" CONTENT="ingenlunde" WC="0.99" CC="0400105080"/>
						<SP ID="P15_SP00096" HPOS="1073" VPOS="1238" WIDTH="23"/>
						<String ID="P15_ST00109" HPOS="1096" VPOS="1198" WIDTH="90" HEIGHT="38" CONTENT="ringe" WC="0.98" CC="10380"/>
						<SP ID="P15_SP00097" HPOS="1186" VPOS="1238" WIDTH="25"/>
						<String ID="P15_ST00110" HPOS="1211" VPOS="1198" WIDTH="88" HEIGHT="29" CONTENT="Krav" WC="0.99" CC="0400"/>
					</TextLine>
					<TextLine ID="P15_TL00014" HPOS="64" VPOS="1258" WIDTH="1236" HEIGHT="41">
						<String ID="P15_ST00111" HPOS="64" VPOS="1263" WIDTH="32" HEIGHT="25" CONTENT="at" WC="0.56" CC="80"/>
						<SP ID="P15_SP00098" HPOS="96" VPOS="1288" WIDTH="22"/>
						<String ID="P15_ST00112" HPOS="118" VPOS="1260" WIDTH="115" HEIGHT="29" CONTENT="kunne" WC="0.99" CC="07000"/>
						<SP ID="P15_SP00099" HPOS="233" VPOS="1289" WIDTH="23"/>
						<String ID="P15_ST00113" HPOS="256" VPOS="1268" WIDTH="76" HEIGHT="30" CONTENT="gøre" WC="0.99" CC="0040"/>
						<SP ID="P15_SP00100" HPOS="332" VPOS="1298" WIDTH="26"/>
						<String ID="P15_ST00114" HPOS="358" VPOS="1260" WIDTH="148" HEIGHT="39" CONTENT="Indtryk." WC="0.99" CC="34004004"/>
						<SP ID="P15_SP00101" HPOS="506" VPOS="1299" WIDTH="39"/>
						<String ID="P15_ST00115" HPOS="545" VPOS="1260" WIDTH="64" HEIGHT="30" CONTENT="Om" WC="0.85" CC="20"/>
						<SP ID="P15_SP00102" HPOS="609" VPOS="1299" WIDTH="25"/>
						<String ID="P15_ST00116" HPOS="634" VPOS="1260" WIDTH="208" HEIGHT="38" CONTENT="Varigheden" WC="0.99" CC="5050540003"/>
						<SP ID="P15_SP00103" HPOS="842" VPOS="1299" WIDTH="26"/>
						<String ID="P15_ST00117" HPOS="868" VPOS="1260" WIDTH="35" HEIGHT="29" CONTENT="af" WC="0.50" CC="90"/>
						<SP ID="P15_SP00104" HPOS="903" VPOS="1299" WIDTH="21"/>
						<String ID="P15_ST00118" HPOS="924" VPOS="1259" WIDTH="84" HEIGHT="30" CONTENT="dette" WC="0.98" CC="00606"/>
						<SP ID="P15_SP00105" HPOS="1008" VPOS="1299" WIDTH="25"/>
						<String ID="P15_ST00119" HPOS="1033" VPOS="1259" WIDTH="138" HEIGHT="38" CONTENT="Indtryk" WC="1.00" CC="2000400"/>
						<SP ID="P15_SP00106" HPOS="1171" VPOS="1299" WIDTH="24"/>
						<String ID="P15_ST00120" HPOS="1195" VPOS="1258" WIDTH="105" HEIGHT="38" CONTENT="drejer" WC="0.98" CC="460006"/>
					</TextLine>
					<TextLine ID="P15_TL00015" HPOS="63" VPOS="1321" WIDTH="608" HEIGHT="38">
						<String ID="P15_ST00121" HPOS="63" VPOS="1321" WIDTH="54" HEIGHT="28" CONTENT="det" WC="0.99" CC="030"/>
						<SP ID="P15_SP00107" HPOS="117" VPOS="1349" WIDTH="23"/>
						<String ID="P15_ST00122" HPOS="140" VPOS="1323" WIDTH="102" HEIGHT="27" CONTENT="næste" WC="1.00" CC="00000"/>
						<SP ID="P15_SP00108" HPOS="242" VPOS="1350" WIDTH="24"/>
						<String ID="P15_ST00123" HPOS="266" VPOS="1324" WIDTH="86" HEIGHT="26" CONTENT="store" WC="0.99" CC="01150"/>
						<SP ID="P15_SP00109" HPOS="352" VPOS="1350" WIDTH="25"/>
						<String ID="P15_ST00124" HPOS="377" VPOS="1321" WIDTH="212" HEIGHT="38" CONTENT="Spørgsmaal" WC="0.69" CC="0726000084"/>
						<SP ID="P15_SP00110" HPOS="589" VPOS="1359" WIDTH="24"/>
						<String ID="P15_ST00125" HPOS="613" VPOS="1321" WIDTH="58" HEIGHT="38" CONTENT="sig." WC="0.99" CC="0004"/>
					</TextLine>
					<TextLine ID="P15_TL00016" HPOS="127" VPOS="1380" WIDTH="1174" HEIGHT="40">
						<String ID="P15_ST00126" HPOS="127" VPOS="1380" WIDTH="87" HEIGHT="39" CONTENT="Aage" WC="1.00" CC="0000"/>
						<SP ID="P15_SP00111" HPOS="214" VPOS="1419" WIDTH="23"/>
						<String ID="P15_ST00127" HPOS="237" VPOS="1380" WIDTH="128" HEIGHT="30" CONTENT="Wibolt" WC="0.75" CC="006340"/>
						<SP ID="P15_SP00112" HPOS="365" VPOS="1419" WIDTH="32"/>
						<String ID="P15_ST00128" HPOS="397" VPOS="1390" WIDTH="114" HEIGHT="30" CONTENT="passer" WC="0.99" CC="000007"/>
						<SP ID="P15_SP00113" HPOS="511" VPOS="1420" WIDTH="33"/>
						<String ID="P15_ST00129" HPOS="544" VPOS="1381" WIDTH="182" HEIGHT="30" CONTENT="forsaavidt" WC="0.85" CC="0060080000"/>
						<SP ID="P15_SP00114" HPOS="726" VPOS="1420" WIDTH="32"/>
						<String ID="P15_ST00130" HPOS="758" VPOS="1380" WIDTH="77" HEIGHT="30" CONTENT="ikke" WC="1.00" CC="0000"/>
						<SP ID="P15_SP00115" HPOS="835" VPOS="1420" WIDTH="35"/>
						<String ID="P15_ST00131" HPOS="870" VPOS="1380" WIDTH="9" HEIGHT="29" CONTENT="i" WC="0.66" CC="3"/>
						<SP ID="P15_SP00116" HPOS="879" VPOS="1420" WIDTH="37"/>
						<String ID="P15_ST00132" HPOS="916" VPOS="1380" WIDTH="202" HEIGHT="29" CONTENT="Ensemblet." WC="0.99" CC="0403264000"/>
						<SP ID="P15_SP00117" HPOS="1118" VPOS="1420" WIDTH="50"/>
						<String ID="P15_ST00133" HPOS="1168" VPOS="1380" WIDTH="74" HEIGHT="28" CONTENT="Han" WC="0.98" CC="006"/>
						<SP ID="P15_SP00118" HPOS="1242" VPOS="1420" WIDTH="26"/>
						<String ID="P15_ST00134" HPOS="1268" VPOS="1388" WIDTH="33" HEIGHT="20" CONTENT="er" WC="1.00" CC="00"/>
					</TextLine>
					<TextLine ID="P15_TL00017" HPOS="65" VPOS="1440" WIDTH="1236" HEIGHT="41">
						<String ID="P15_ST00135" HPOS="65" VPOS="1442" WIDTH="130" HEIGHT="29" CONTENT="mindre" WC="1.00" CC="000040"/>
						<SP ID="P15_SP00119" HPOS="195" VPOS="1471" WIDTH="35"/>
						<String ID="P15_ST00136" HPOS="230" VPOS="1441" WIDTH="111" HEIGHT="40" CONTENT="dygtig" WC="0.98" CC="097000"/>
						<SP ID="P15_SP00120" HPOS="341" VPOS="1481" WIDTH="34"/>
						<String ID="P15_ST00137" HPOS="375" VPOS="1442" WIDTH="106" HEIGHT="29" CONTENT="baade" WC="0.74" CC="57000"/>
						<SP ID="P15_SP00121" HPOS="481" VPOS="1481" WIDTH="33"/>
						<String ID="P15_ST00138" HPOS="514" VPOS="1442" WIDTH="10" HEIGHT="28" CONTENT="i" WC="1.00" CC="0"/>
						<SP ID="P15_SP00122" HPOS="524" VPOS="1481" WIDTH="31"/>
						<String ID="P15_ST00139" HPOS="555" VPOS="1442" WIDTH="63" HEIGHT="38" CONTENT="god" WC="0.97" CC="800"/>
						<SP ID="P15_SP00123" HPOS="618" VPOS="1481" WIDTH="29"/>
						<String ID="P15_ST00140" HPOS="647" VPOS="1450" WIDTH="40" HEIGHT="30" CONTENT="og" WC="0.34" CC="57"/>
						<SP ID="P15_SP00124" HPOS="687" VPOS="1481" WIDTH="24"/>
						<String ID="P15_ST00141" HPOS="711" VPOS="1441" WIDTH="126" HEIGHT="38" CONTENT="daarlig" WC="0.56" CC="0095149"/>
						<SP ID="P15_SP00125" HPOS="837" VPOS="1481" WIDTH="24"/>
						<String ID="P15_ST00142" HPOS="861" VPOS="1441" WIDTH="175" HEIGHT="36" CONTENT="Forstand," WC="1.00" CC="001010104"/>
						<SP ID="P15_SP00126" HPOS="1036" VPOS="1481" WIDTH="26"/>
						<String ID="P15_ST00143" HPOS="1062" VPOS="1441" WIDTH="68" HEIGHT="28" CONTENT="han" WC="0.97" CC="006"/>
						<SP ID="P15_SP00127" HPOS="1130" VPOS="1481" WIDTH="24"/>
						<String ID="P15_ST00144" HPOS="1154" VPOS="1449" WIDTH="34" HEIGHT="20" CONTENT="er" WC="0.66" CC="06"/>
						<SP ID="P15_SP00128" HPOS="1188" VPOS="1481" WIDTH="23"/>
						<String ID="P15_ST00145" HPOS="1211" VPOS="1440" WIDTH="90" HEIGHT="37" CONTENT="langt" WC="0.99" CC="30600"/>
					</TextLine>
					<TextLine ID="P15_TL00018" HPOS="63" VPOS="1500" WIDTH="1238" HEIGHT="41">
						<String ID="P15_ST00146" HPOS="63" VPOS="1502" WIDTH="200" HEIGHT="39" CONTENT="utydeligere" WC="0.99" CC="70003630050"/>
						<SP ID="P15_SP00129" HPOS="263" VPOS="1541" WIDTH="33"/>
						<String ID="P15_ST00147" HPOS="296" VPOS="1502" WIDTH="8" HEIGHT="29" CONTENT="i" WC="1.00" CC="0"/>
						<SP ID="P15_SP00130" HPOS="304" VPOS="1541" WIDTH="34"/>
						<String ID="P15_ST00148" HPOS="338" VPOS="1502" WIDTH="41" HEIGHT="29" CONTENT="sit" WC="1.00" CC="000"/>
						<SP ID="P15_SP00131" HPOS="379" VPOS="1541" WIDTH="33"/>
						<String ID="P15_ST00149" HPOS="412" VPOS="1502" WIDTH="86" HEIGHT="29" CONTENT="Maal" WC="0.94" CC="0002"/>
						<SP ID="P15_SP00132" HPOS="498" VPOS="1541" WIDTH="34"/>
						<String ID="P15_ST00150" HPOS="532" VPOS="1510" WIDTH="39" HEIGHT="30" CONTENT="og" WC="0.69" CC="06"/>
						<SP ID="P15_SP00133" HPOS="571" VPOS="1541" WIDTH="33"/>
						<String ID="P15_ST00151" HPOS="604" VPOS="1502" WIDTH="69" HEIGHT="29" CONTENT="sine" WC="0.99" CC="0320"/>
						<SP ID="P15_SP00134" HPOS="673" VPOS="1541" WIDTH="35"/>
						<String ID="P15_ST00152" HPOS="708" VPOS="1501" WIDTH="126" HEIGHT="37" CONTENT="Midler," WC="0.99" CC="0006004"/>
						<SP ID="P15_SP00135" HPOS="834" VPOS="1541" WIDTH="33"/>
						<String ID="P15_ST00153" HPOS="867" VPOS="1502" WIDTH="67" HEIGHT="28" CONTENT="han" WC="0.94" CC="663"/>
						<SP ID="P15_SP00136" HPOS="934" VPOS="1541" WIDTH="34"/>
						<String ID="P15_ST00154" HPOS="968" VPOS="1510" WIDTH="34" HEIGHT="19" CONTENT="er" WC="0.71" CC="05"/>
						<SP ID="P15_SP00137" HPOS="1002" VPOS="1541" WIDTH="31"/>
						<String ID="P15_ST00155" HPOS="1033" VPOS="1500" WIDTH="136" HEIGHT="29" CONTENT="maaske" WC="1.00" CC="000000"/>
						<SP ID="P15_SP00138" HPOS="1169" VPOS="1541" WIDTH="33"/>
						<String ID="P15_ST00156" HPOS="1202" VPOS="1507" WIDTH="99" HEIGHT="31" CONTENT="ogsaa" WC="0.84" CC="40300"/>
					</TextLine>
					<TextLine ID="P15_TL00019" HPOS="66" VPOS="1560" WIDTH="1236" HEIGHT="41">
						<String ID="P15_ST00157" HPOS="66" VPOS="1562" WIDTH="129" HEIGHT="30" CONTENT="mindre" WC="0.99" CC="320060"/>
						<SP ID="P15_SP00139" HPOS="195" VPOS="1592" WIDTH="25"/>
						<String ID="P15_ST00158" HPOS="220" VPOS="1562" WIDTH="217" HEIGHT="34" CONTENT="Salonmaler," WC="0.99" CC="50204023317"/>
						<SP ID="P15_SP00140" HPOS="437" VPOS="1596" WIDTH="36"/>
						<String ID="P15_ST00159" HPOS="473" VPOS="1571" WIDTH="51" HEIGHT="30" CONTENT="og," WC="0.96" CC="604"/>
						<SP ID="P15_SP00141" HPOS="524" VPOS="1601" WIDTH="33"/>
						<String ID="P15_ST00160" HPOS="557" VPOS="1562" WIDTH="84" HEIGHT="30" CONTENT="hvor" WC="0.97" CC="4036"/>
						<SP ID="P15_SP00142" HPOS="641" VPOS="1601" WIDTH="32"/>
						<String ID="P15_ST00161" HPOS="673" VPOS="1562" WIDTH="68" HEIGHT="29" CONTENT="han" WC="0.97" CC="601"/>
						<SP ID="P15_SP00143" HPOS="741" VPOS="1601" WIDTH="31"/>
						<String ID="P15_ST00162" HPOS="772" VPOS="1565" WIDTH="31" HEIGHT="25" CONTENT="et" WC="0.83" CC="03"/>
						<SP ID="P15_SP00144" HPOS="803" VPOS="1601" WIDTH="23"/>
						<String ID="P15_ST00163" HPOS="826" VPOS="1561" WIDTH="110" HEIGHT="29" CONTENT="enkelt" WC="0.99" CC="000160"/>
						<SP ID="P15_SP00145" HPOS="936" VPOS="1601" WIDTH="26"/>
						<String ID="P15_ST00164" HPOS="962" VPOS="1561" WIDTH="75" HEIGHT="29" CONTENT="Sted" WC="1.00" CC="0000"/>
						<SP ID="P15_SP00146" HPOS="1037" VPOS="1601" WIDTH="25"/>
						<String ID="P15_ST00165" HPOS="1062" VPOS="1560" WIDTH="109" HEIGHT="30" CONTENT="virker" WC="0.99" CC="012005"/>
						<SP ID="P15_SP00147" HPOS="1171" VPOS="1601" WIDTH="23"/>
						<String ID="P15_ST00166" HPOS="1194" VPOS="1560" WIDTH="90" HEIGHT="29" CONTENT="salon" SUBS_TYPE="HypPart1" SUBS_CONTENT="salonmæssig," WC="0.83" CC="00802"/>
						<HYP HPOS="1284" VPOS="1560" WIDTH="18" CONTENT="-"/>
					</TextLine>
					<TextLine ID="P15_TL00020" HPOS="66" VPOS="1623" WIDTH="746" HEIGHT="38">
						<String ID="P15_ST00167" HPOS="66" VPOS="1623" WIDTH="139" HEIGHT="38" CONTENT="mæssig," SUBS_TYPE="HypPart2" SUBS_CONTENT="salonmæssig," WC="0.89" CC="3000004"/>
						<SP ID="P15_SP00148" HPOS="205" VPOS="1661" WIDTH="27"/>
						<String ID="P15_ST00168" HPOS="232" VPOS="1623" WIDTH="129" HEIGHT="29" CONTENT="mindre" WC="0.99" CC="043040"/>
						<SP ID="P15_SP00149" HPOS="361" VPOS="1661" WIDTH="25"/>
						<String ID="P15_ST00169" HPOS="386" VPOS="1623" WIDTH="127" HEIGHT="38" CONTENT='snedig"' WC="0.98" CC="0300297"/>
						<SP ID="P15_SP00150" HPOS="513" VPOS="1661" WIDTH="12"/>
						<String ID="P15_ST00170" HPOS="525" VPOS="1631" WIDTH="40" HEIGHT="30" CONTENT="og" WC="0.27" CC="67"/>
						<SP ID="P15_SP00151" HPOS="565" VPOS="1661" WIDTH="25"/>
						<String ID="P15_ST00171" HPOS="590" VPOS="1632" WIDTH="87" HEIGHT="20" CONTENT="mere" WC="0.99" CC="0050"/>
						<SP ID="P15_SP00152" HPOS="677" VPOS="1661" WIDTH="24"/>
						<String ID="P15_ST00172" HPOS="701" VPOS="1623" WIDTH="111" HEIGHT="29" CONTENT="banal." WC="0.99" CC="501050"/>
					</TextLine>
					<TextLine ID="P15_TL00021" HPOS="130" VPOS="1679" WIDTH="1170" HEIGHT="42">
						<String ID="P15_ST00173" HPOS="130" VPOS="1684" WIDTH="47" HEIGHT="29" CONTENT="De" WC="0.93" CC="10"/>
						<SP ID="P15_SP00153" HPOS="177" VPOS="1713" WIDTH="25"/>
						<String ID="P15_ST00174" HPOS="202" VPOS="1686" WIDTH="33" HEIGHT="27" CONTENT="to" WC="0.70" CC="05"/>
						<SP ID="P15_SP00154" HPOS="235" VPOS="1713" WIDTH="24"/>
						<String ID="P15_ST00175" HPOS="259" VPOS="1683" WIDTH="103" HEIGHT="29" CONTENT="andre" WC="0.98" CC="04043"/>
						<SP ID="P15_SP00155" HPOS="362" VPOS="1713" WIDTH="24"/>
						<String ID="P15_ST00176" HPOS="386" VPOS="1693" WIDTH="33" HEIGHT="19" CONTENT="er" WC="0.72" CC="05"/>
						<SP ID="P15_SP00156" HPOS="419" VPOS="1713" WIDTH="23"/>
						<String ID="P15_ST00177" HPOS="442" VPOS="1683" WIDTH="169" HEIGHT="38" CONTENT="mærkelig" WC="0.98" CC="63600246"/>
						<SP ID="P15_SP00157" HPOS="611" VPOS="1721" WIDTH="24"/>
						<String ID="P15_ST00178" HPOS="635" VPOS="1683" WIDTH="91" HEIGHT="29" CONTENT="klare" WC="0.99" CC="02033"/>
						<SP ID="P15_SP00158" HPOS="726" VPOS="1721" WIDTH="25"/>
						<String ID="P15_ST00179" HPOS="751" VPOS="1691" WIDTH="40" HEIGHT="30" CONTENT="og" WC="0.75" CC="50"/>
						<SP ID="P15_SP00159" HPOS="791" VPOS="1721" WIDTH="25"/>
						<String ID="P15_ST00180" HPOS="816" VPOS="1682" WIDTH="154" HEIGHT="30" CONTENT="elastiske" WC="0.99" CC="060000306"/>
						<SP ID="P15_SP00160" HPOS="970" VPOS="1721" WIDTH="25"/>
						<String ID="P15_ST00181" HPOS="995" VPOS="1681" WIDTH="159" HEIGHT="38" CONTENT="Hjærner," WC="0.70" CC="43130073"/>
						<SP ID="P15_SP00161" HPOS="1154" VPOS="1721" WIDTH="26"/>
						<String ID="P15_ST00182" HPOS="1180" VPOS="1680" WIDTH="86" HEIGHT="30" CONTENT="sikre" WC="1.00" CC="00000"/>
						<SP ID="P15_SP00162" HPOS="1266" VPOS="1721" WIDTH="25"/>
						<String ID="P15_ST00183" HPOS="1291" VPOS="1679" WIDTH="9" HEIGHT="29" CONTENT="i" WC="1.00" CC="0"/>
					</TextLine>
					<TextLine ID="P15_TL00022" HPOS="64" VPOS="1740" WIDTH="1237" HEIGHT="42">
						<String ID="P15_ST00184" HPOS="64" VPOS="1744" WIDTH="93" HEIGHT="29" CONTENT="deres" WC="1.00" CC="00300"/>
						<SP ID="P15_SP00163" HPOS="157" VPOS="1773" WIDTH="25"/>
						<String ID="P15_ST00185" HPOS="182" VPOS="1743" WIDTH="230" HEIGHT="38" CONTENT="Virkemidler," WC="0.99" CC="406070201064"/>
						<SP ID="P15_SP00164" HPOS="412" VPOS="1781" WIDTH="26"/>
						<String ID="P15_ST00186" HPOS="438" VPOS="1743" WIDTH="140" HEIGHT="39" CONTENT="lydhøre" WC="0.99" CC="6060000"/>
						<SP ID="P15_SP00165" HPOS="578" VPOS="1782" WIDTH="24"/>
						<String ID="P15_ST00187" HPOS="602" VPOS="1752" WIDTH="40" HEIGHT="29" CONTENT="og" WC="0.45" CC="55"/>
						<SP ID="P15_SP00166" HPOS="642" VPOS="1782" WIDTH="25"/>
						<String ID="P15_ST00188" HPOS="667" VPOS="1743" WIDTH="142" HEIGHT="29" CONTENT="aktuelle" WC="0.98" CC="02775540"/>
						<SP ID="P15_SP00167" HPOS="809" VPOS="1782" WIDTH="23"/>
						<String ID="P15_ST00189" HPOS="832" VPOS="1742" WIDTH="11" HEIGHT="29" CONTENT="i" WC="0.33" CC="6"/>
						<SP ID="P15_SP00168" HPOS="843" VPOS="1782" WIDTH="18"/>
						<String ID="P15_ST00190" HPOS="861" VPOS="1743" WIDTH="91" HEIGHT="28" CONTENT="deres" WC="1.00" CC="00200"/>
						<SP ID="P15_SP00169" HPOS="952" VPOS="1782" WIDTH="18"/>
						<String ID="P15_ST00191" HPOS="970" VPOS="1743" WIDTH="176" HEIGHT="37" CONTENT="Reageren." WC="0.99" CC="506604054"/>
						<SP ID="P15_SP00170" HPOS="1146" VPOS="1782" WIDTH="28"/>
						<String ID="P15_ST00192" HPOS="1174" VPOS="1740" WIDTH="46" HEIGHT="30" CONTENT="De" WC="1.00" CC="00"/>
						<SP ID="P15_SP00171" HPOS="1220" VPOS="1782" WIDTH="17"/>
						<String ID="P15_ST00193" HPOS="1237" VPOS="1740" WIDTH="43" HEIGHT="30" CONTENT="bæ" SUBS_TYPE="HypPart1" SUBS_CONTENT="bærer" WC="0.96" CC="60"/>
						<HYP HPOS="1280" VPOS="1740" WIDTH="21" CONTENT="-"/>
					</TextLine>
					<TextLine ID="P15_TL00023" HPOS="65" VPOS="1802" WIDTH="1237" HEIGHT="40">
						<String ID="P15_ST00194" HPOS="65" VPOS="1813" WIDTH="51" HEIGHT="21" CONTENT="rer" SUBS_TYPE="HypPart2" SUBS_CONTENT="bærer" WC="0.97" CC="500"/>
						<SP ID="P15_SP00172" HPOS="116" VPOS="1834" WIDTH="25"/>
						<String ID="P15_ST00195" HPOS="141" VPOS="1804" WIDTH="206" HEIGHT="30" CONTENT="Reaktionen" WC="1.00" CC="0000003013"/>
						<SP ID="P15_SP00173" HPOS="347" VPOS="1834" WIDTH="24"/>
						<String ID="P15_ST00196" HPOS="371" VPOS="1804" WIDTH="10" HEIGHT="28" CONTENT="i" WC="1.00" CC="0"/>
						<SP ID="P15_SP00174" HPOS="381" VPOS="1834" WIDTH="25"/>
						<String ID="P15_ST00197" HPOS="406" VPOS="1804" WIDTH="48" HEIGHT="38" CONTENT="sig" WC="0.96" CC="045"/>
						<SP ID="P15_SP00175" HPOS="454" VPOS="1842" WIDTH="24"/>
						<String ID="P15_ST00198" HPOS="478" VPOS="1804" WIDTH="79" HEIGHT="37" CONTENT="selv," WC="0.98" CC="01504"/>
						<SP ID="P15_SP00176" HPOS="557" VPOS="1842" WIDTH="38"/>
						<String ID="P15_ST00199" HPOS="595" VPOS="1804" WIDTH="64" HEIGHT="28" CONTENT="ofte" WC="0.98" CC="2050"/>
						<SP ID="P15_SP00177" HPOS="659" VPOS="1842" WIDTH="36"/>
						<String ID="P15_ST00200" HPOS="695" VPOS="1803" WIDTH="162" HEIGHT="39" CONTENT="optræder" WC="0.99" CC="40050005"/>
						<SP ID="P15_SP00178" HPOS="857" VPOS="1842" WIDTH="34"/>
						<String ID="P15_ST00201" HPOS="891" VPOS="1803" WIDTH="64" HEIGHT="29" CONTENT="den" WC="0.97" CC="007"/>
						<SP ID="P15_SP00179" HPOS="955" VPOS="1842" WIDTH="33"/>
						<String ID="P15_ST00202" HPOS="988" VPOS="1802" WIDTH="155" HEIGHT="29" CONTENT="indenfor" WC="1.00" CC="00005000"/>
						<SP ID="P15_SP00180" HPOS="1143" VPOS="1842" WIDTH="32"/>
						<String ID="P15_ST00203" HPOS="1175" VPOS="1810" WIDTH="127" HEIGHT="20" CONTENT="samme" WC="0.98" CC="06090"/>
					</TextLine>
					<TextLine ID="P15_TL00024" HPOS="66" VPOS="1862" WIDTH="1237" HEIGHT="40">
						<String ID="P15_ST00204" HPOS="66" VPOS="1865" WIDTH="152" HEIGHT="37" CONTENT="Ramme," WC="0.98" CC="960003"/>
						<SP ID="P15_SP00181" HPOS="218" VPOS="1902" WIDTH="36"/>
						<String ID="P15_ST00205" HPOS="254" VPOS="1874" WIDTH="76" HEIGHT="20" CONTENT="men" WC="0.97" CC="015"/>
						<SP ID="P15_SP00182" HPOS="330" VPOS="1902" WIDTH="25"/>
						<String ID="P15_ST00206" HPOS="355" VPOS="1864" WIDTH="9" HEIGHT="29" CONTENT="i" WC="1.00" CC="0"/>
						<SP ID="P15_SP00183" HPOS="364" VPOS="1902" WIDTH="25"/>
						<String ID="P15_ST00207" HPOS="389" VPOS="1864" WIDTH="202" HEIGHT="38" CONTENT="Tilslutning" WC="0.99" CC="04400134060"/>
						<SP ID="P15_SP00184" HPOS="591" VPOS="1902" WIDTH="23"/>
						<String ID="P15_ST00208" HPOS="614" VPOS="1864" WIDTH="35" HEIGHT="29" CONTENT="til" WC="0.97" CC="413"/>
						<SP ID="P15_SP00185" HPOS="649" VPOS="1902" WIDTH="27"/>
						<String ID="P15_ST00209" HPOS="676" VPOS="1863" WIDTH="221" HEIGHT="37" CONTENT="Paastanden," WC="0.77" CC="00000660074"/>
						<SP ID="P15_SP00186" HPOS="897" VPOS="1902" WIDTH="36"/>
						<String ID="P15_ST00210" HPOS="933" VPOS="1866" WIDTH="32" HEIGHT="26" CONTENT="at" WC="0.52" CC="90"/>
						<SP ID="P15_SP00187" HPOS="965" VPOS="1902" WIDTH="34"/>
						<String ID="P15_ST00211" HPOS="999" VPOS="1862" WIDTH="201" HEIGHT="30" CONTENT="Skønheden" WC="0.99" CC="700250000"/>
						<SP ID="P15_SP00188" HPOS="1200" VPOS="1902" WIDTH="26"/>
						<String ID="P15_ST00212" HPOS="1226" VPOS="1862" WIDTH="77" HEIGHT="29" CONTENT="ikke" WC="0.99" CC="3200"/>
					</TextLine>
					<TextLine ID="P15_TL00025" HPOS="67" VPOS="1921" WIDTH="1236" HEIGHT="42">
						<String ID="P15_ST00213" HPOS="67" VPOS="1935" WIDTH="33" HEIGHT="19" CONTENT="er" WC="0.57" CC="61"/>
						<SP ID="P15_SP00189" HPOS="100" VPOS="1954" WIDTH="23"/>
						<String ID="P15_ST00214" HPOS="123" VPOS="1926" WIDTH="169" HEIGHT="29" CONTENT="Kunstens" WC="0.99" CC="06400070"/>
						<SP ID="P15_SP00190" HPOS="292" VPOS="1955" WIDTH="25"/>
						<String ID="P15_ST00215" HPOS="317" VPOS="1926" WIDTH="98" HEIGHT="37" CONTENT="Maal," WC="0.85" CC="00034"/>
						<SP ID="P15_SP00191" HPOS="415" VPOS="1963" WIDTH="26"/>
						<String ID="P15_ST00216" HPOS="441" VPOS="1935" WIDTH="77" HEIGHT="19" CONTENT="men" WC="1.00" CC="000"/>
						<SP ID="P15_SP00192" HPOS="518" VPOS="1963" WIDTH="25"/>
						<String ID="P15_ST00217" HPOS="543" VPOS="1928" WIDTH="30" HEIGHT="26" CONTENT="et" WC="1.00" CC="00"/>
						<SP ID="P15_SP00193" HPOS="573" VPOS="1963" WIDTH="24"/>
						<String ID="P15_ST00218" HPOS="597" VPOS="1925" WIDTH="35" HEIGHT="29" CONTENT="af" WC="0.72" CC="50"/>
						<SP ID="P15_SP00194" HPOS="632" VPOS="1963" WIDTH="20"/>
						<String ID="P15_ST00219" HPOS="652" VPOS="1925" WIDTH="81" HEIGHT="29" CONTENT="dens" WC="0.99" CC="0040"/>
						<SP ID="P15_SP00195" HPOS="733" VPOS="1963" WIDTH="25"/>
						<String ID="P15_ST00220" HPOS="758" VPOS="1924" WIDTH="127" HEIGHT="37" CONTENT="Midler," WC="0.99" CC="0005504"/>
						<SP ID="P15_SP00196" HPOS="885" VPOS="1963" WIDTH="27"/>
						<String ID="P15_ST00221" HPOS="912" VPOS="1933" WIDTH="77" HEIGHT="20" CONTENT="maa" WC="0.73" CC="080"/>
						<SP ID="P15_SP00197" HPOS="989" VPOS="1963" WIDTH="24"/>
						<String ID="P15_ST00222" HPOS="1013" VPOS="1933" WIDTH="79" HEIGHT="19" CONTENT="man" WC="0.96" CC="072"/>
						<SP ID="P15_SP00198" HPOS="1092" VPOS="1963" WIDTH="24"/>
						<String ID="P15_ST00223" HPOS="1116" VPOS="1921" WIDTH="128" HEIGHT="36" CONTENT="hævde," WC="0.99" CC="600001"/>
						<SP ID="P15_SP00199" HPOS="1244" VPOS="1963" WIDTH="27"/>
						<String ID="P15_ST00224" HPOS="1271" VPOS="1924" WIDTH="32" HEIGHT="25" CONTENT="at" WC="1.00" CC="00"/>
					</TextLine>
					<TextLine ID="P15_TL00026" HPOS="67" VPOS="1981" WIDTH="1236" HEIGHT="41">
						<String ID="P15_ST00225" HPOS="67" VPOS="1986" WIDTH="87" HEIGHT="29" CONTENT="disse" WC="0.99" CC="70002"/>
						<SP ID="P15_SP00200" HPOS="154" VPOS="2015" WIDTH="25"/>
						<String ID="P15_ST00226" HPOS="179" VPOS="1986" WIDTH="200" HEIGHT="29" CONTENT="Reaktioner" WC="1.00" CC="0200020005"/>
						<SP ID="P15_SP00201" HPOS="379" VPOS="2015" WIDTH="21"/>
						<String ID="P15_ST00227" HPOS="400" VPOS="1986" WIDTH="78" HEIGHT="29" CONTENT="ikke" WC="1.00" CC="0000"/>
						<SP ID="P15_SP00202" HPOS="478" VPOS="2015" WIDTH="25"/>
						<String ID="P15_ST00228" HPOS="503" VPOS="1985" WIDTH="124" HEIGHT="30" CONTENT="direkte" WC="1.00" CC="0040000"/>
						<SP ID="P15_SP00203" HPOS="627" VPOS="2015" WIDTH="24"/>
						<String ID="P15_ST00229" HPOS="651" VPOS="1986" WIDTH="67" HEIGHT="28" CONTENT="kan" WC="1.00" CC="000"/>
						<SP ID="P15_SP00204" HPOS="718" VPOS="2015" WIDTH="25"/>
						<String ID="P15_ST00230" HPOS="743" VPOS="1985" WIDTH="160" HEIGHT="37" CONTENT="betragtes" WC="0.99" CC="700600001"/>
						<SP ID="P15_SP00205" HPOS="903" VPOS="2022" WIDTH="25"/>
						<String ID="P15_ST00231" HPOS="928" VPOS="1994" WIDTH="73" HEIGHT="19" CONTENT="som" WC="1.00" CC="000"/>
						<SP ID="P15_SP00206" HPOS="1001" VPOS="2022" WIDTH="18"/>
						<String ID="P15_ST00232" HPOS="1019" VPOS="1982" WIDTH="174" HEIGHT="30" CONTENT="Fremstød" WC="1.00" CC="00000900"/>
						<SP ID="P15_SP00207" HPOS="1193" VPOS="2022" WIDTH="16"/>
						<String ID="P15_ST00233" HPOS="1209" VPOS="1981" WIDTH="94" HEIGHT="29" CONTENT="imod" WC="0.99" CC="0020"/>
					</TextLine>
					<TextLine ID="P15_TL00027" HPOS="68" VPOS="2041" WIDTH="1234" HEIGHT="42">
						<String ID="P15_ST00234" HPOS="68" VPOS="2047" WIDTH="167" HEIGHT="29" CONTENT="Kunstens" WC="0.99" CC="66502050"/>
						<SP ID="P15_SP00208" HPOS="235" VPOS="2076" WIDTH="25"/>
						<String ID="P15_ST00235" HPOS="260" VPOS="2046" WIDTH="168" HEIGHT="37" CONTENT="Centrum," WC="0.99" CC="40005404"/>
						<SP ID="P15_SP00209" HPOS="428" VPOS="2083" WIDTH="35"/>
						<String ID="P15_ST00236" HPOS="463" VPOS="2055" WIDTH="77" HEIGHT="20" CONTENT="men" WC="1.00" CC="000"/>
						<SP ID="P15_SP00210" HPOS="540" VPOS="2083" WIDTH="33"/>
						<String ID="P15_ST00237" HPOS="573" VPOS="2055" WIDTH="132" HEIGHT="20" CONTENT="snarere" WC="1.00" CC="0000050"/>
						<SP ID="P15_SP00211" HPOS="705" VPOS="2083" WIDTH="33"/>
						<String ID="P15_ST00238" HPOS="738" VPOS="2054" WIDTH="73" HEIGHT="20" CONTENT="som" WC="1.00" CC="000"/>
						<SP ID="P15_SP00212" HPOS="811" VPOS="2083" WIDTH="29"/>
						<String ID="P15_ST00239" HPOS="840" VPOS="2054" WIDTH="40" HEIGHT="20" CONTENT="en" WC="1.00" CC="00"/>
						<SP ID="P15_SP00213" HPOS="880" VPOS="2083" WIDTH="24"/>
						<String ID="P15_ST00240" HPOS="904" VPOS="2043" WIDTH="192" HEIGHT="39" CONTENT="Jonglering" WC="0.82" CC="0000304007"/>
						<SP ID="P15_SP00214" HPOS="1096" VPOS="2083" WIDTH="24"/>
						<String ID="P15_ST00241" HPOS="1120" VPOS="2042" WIDTH="76" HEIGHT="30" CONTENT="med" WC="0.99" CC="100"/>
						<SP ID="P15_SP00215" HPOS="1196" VPOS="2083" WIDTH="25"/>
						<String ID="P15_ST00242" HPOS="1221" VPOS="2041" WIDTH="61" HEIGHT="29" CONTENT="Mid" SUBS_TYPE="HypPart1" SUBS_CONTENT="Midlerne." WC="0.98" CC="070"/>
						<HYP HPOS="1282" VPOS="2041" WIDTH="20" CONTENT="-"/>
					</TextLine>
					<TextLine ID="P15_TL00028" HPOS="67" VPOS="2102" WIDTH="1236" HEIGHT="40">
						<String ID="P15_ST00243" HPOS="67" VPOS="2107" WIDTH="99" HEIGHT="29" CONTENT="lerne." SUBS_TYPE="HypPart2" SUBS_CONTENT="Midlerne." WC="0.99" CC="004004"/>
						<SP ID="P15_SP00216" HPOS="166" VPOS="2136" WIDTH="49"/>
						<String ID="P15_ST00244" HPOS="215" VPOS="2106" WIDTH="206" HEIGHT="29" CONTENT="Reaktionen" WC="1.00" CC="0400000000"/>
						<SP ID="P15_SP00217" HPOS="421" VPOS="2136" WIDTH="36"/>
						<String ID="P15_ST00245" HPOS="457" VPOS="2106" WIDTH="91" HEIGHT="29" CONTENT="imod" WC="0.99" CC="3000"/>
						<SP ID="P15_SP00218" HPOS="548" VPOS="2136" WIDTH="36"/>
						<String ID="P15_ST00246" HPOS="584" VPOS="2106" WIDTH="54" HEIGHT="29" CONTENT="det" WC="1.00" CC="000"/>
						<SP ID="P15_SP00219" HPOS="638" VPOS="2136" WIDTH="35"/>
						<String ID="P15_ST00247" HPOS="673" VPOS="2105" WIDTH="154" HEIGHT="37" CONTENT="smukke," WC="0.99" CC="7060004"/>
						<SP ID="P15_SP00220" HPOS="827" VPOS="2142" WIDTH="37"/>
						<String ID="P15_ST00248" HPOS="864" VPOS="2114" WIDTH="73" HEIGHT="20" CONTENT="som" WC="1.00" CC="000"/>
						<SP ID="P15_SP00221" HPOS="937" VPOS="2142" WIDTH="24"/>
						<String ID="P15_ST00249" HPOS="961" VPOS="2113" WIDTH="79" HEIGHT="20" CONTENT="man" WC="0.95" CC="066"/>
						<SP ID="P15_SP00222" HPOS="1040" VPOS="2142" WIDTH="26"/>
						<String ID="P15_ST00250" HPOS="1066" VPOS="2104" WIDTH="61" HEIGHT="28" CONTENT="hos" WC="0.96" CC="450"/>
						<SP ID="P15_SP00223" HPOS="1127" VPOS="2142" WIDTH="25"/>
						<String ID="P15_ST00251" HPOS="1152" VPOS="2102" WIDTH="87" HEIGHT="29" CONTENT="disse" WC="0.99" CC="00050"/>
						<SP ID="P15_SP00224" HPOS="1239" VPOS="2142" WIDTH="24"/>
						<String ID="P15_ST00252" HPOS="1263" VPOS="2109" WIDTH="40" HEIGHT="30" CONTENT="og" WC="0.56" CC="08"/>
					</TextLine>
					<TextLine ID="P15_TL00029" HPOS="67" VPOS="2162" WIDTH="1236" HEIGHT="42">
						<String ID="P15_ST00253" HPOS="67" VPOS="2168" WIDTH="101" HEIGHT="29" CONTENT="andre" WC="1.00" CC="00000"/>
						<SP ID="P15_SP00225" HPOS="168" VPOS="2197" WIDTH="34"/>
						<String ID="P15_ST00254" HPOS="202" VPOS="2167" WIDTH="157" HEIGHT="29" CONTENT="moderne" WC="1.00" CC="0000110"/>
						<SP ID="P15_SP00226" HPOS="359" VPOS="2197" WIDTH="25"/>
						<String ID="P15_ST00255" HPOS="384" VPOS="2167" WIDTH="121" HEIGHT="29" CONTENT="Malere" WC="0.99" CC="075000"/>
						<SP ID="P15_SP00227" HPOS="505" VPOS="2197" WIDTH="35"/>
						<String ID="P15_ST00256" HPOS="540" VPOS="2166" WIDTH="106" HEIGHT="38" CONTENT="stadig" WC="0.99" CC="000007"/>
						<SP ID="P15_SP00228" HPOS="646" VPOS="2204" WIDTH="35"/>
						<String ID="P15_ST00257" HPOS="681" VPOS="2168" WIDTH="88" HEIGHT="27" CONTENT="staar" WC="0.87" CC="00006"/>
						<SP ID="P15_SP00229" HPOS="769" VPOS="2204" WIDTH="34"/>
						<String ID="P15_ST00258" HPOS="803" VPOS="2165" WIDTH="139" HEIGHT="37" CONTENT="overfor," WC="0.99" CC="30050354"/>
						<SP ID="P15_SP00230" HPOS="942" VPOS="2204" WIDTH="39"/>
						<String ID="P15_ST00259" HPOS="981" VPOS="2164" WIDTH="85" HEIGHT="29" CONTENT="fører" WC="0.99" CC="00511"/>
						<SP ID="P15_SP00231" HPOS="1066" VPOS="2204" WIDTH="32"/>
						<String ID="P15_ST00260" HPOS="1098" VPOS="2163" WIDTH="76" HEIGHT="29" CONTENT="dem" WC="1.00" CC="000"/>
						<SP ID="P15_SP00232" HPOS="1174" VPOS="2204" WIDTH="28"/>
						<String ID="P15_ST00261" HPOS="1202" VPOS="2162" WIDTH="36" HEIGHT="29" CONTENT="til" WC="1.00" CC="000"/>
						<SP ID="P15_SP00233" HPOS="1238" VPOS="2204" WIDTH="25"/>
						<String ID="P15_ST00262" HPOS="1263" VPOS="2171" WIDTH="40" HEIGHT="20" CONTENT="en" WC="0.81" CC="03"/>
					</TextLine>
					<TextLine ID="P15_TL00030" HPOS="67" VPOS="2222" WIDTH="1236" HEIGHT="43">
						<String ID="P15_ST00263" HPOS="67" VPOS="2227" WIDTH="206" HEIGHT="31" CONTENT="Anvendelse" WC="1.00" CC="0000300402"/>
						<SP ID="P15_SP00234" HPOS="273" VPOS="2258" WIDTH="25"/>
						<String ID="P15_ST00264" HPOS="298" VPOS="2227" WIDTH="35" HEIGHT="29" CONTENT="af" WC="0.77" CC="40"/>
						<SP ID="P15_SP00235" HPOS="333" VPOS="2258" WIDTH="21"/>
						<String ID="P15_ST00265" HPOS="354" VPOS="2227" WIDTH="53" HEIGHT="29" CONTENT="det" WC="1.00" CC="000"/>
						<SP ID="P15_SP00236" HPOS="407" VPOS="2258" WIDTH="23"/>
						<String ID="P15_ST00266" HPOS="430" VPOS="2227" WIDTH="63" HEIGHT="37" CONTENT="(for" WC="0.98" CC="0016"/>
						<SP ID="P15_SP00237" HPOS="493" VPOS="2264" WIDTH="13"/>
						<String ID="P15_ST00267" HPOS="506" VPOS="2227" WIDTH="119" HEIGHT="36" CONTENT="Tiden)" WC="1.00" CC="000000"/>
						<SP ID="P15_SP00238" HPOS="625" VPOS="2264" WIDTH="24"/>
						<String ID="P15_ST00268" HPOS="649" VPOS="2227" WIDTH="151" HEIGHT="38" CONTENT="grimme," WC="1.00" CC="0300011"/>
						<SP ID="P15_SP00239" HPOS="800" VPOS="2265" WIDTH="26"/>
						<String ID="P15_ST00269" HPOS="826" VPOS="2234" WIDTH="40" HEIGHT="30" CONTENT="og" WC="0.71" CC="50"/>
						<SP ID="P15_SP00240" HPOS="866" VPOS="2265" WIDTH="24"/>
						<String ID="P15_ST00270" HPOS="890" VPOS="2226" WIDTH="107" HEIGHT="29" CONTENT="denne" WC="0.99" CC="00151"/>
						<SP ID="P15_SP00241" HPOS="997" VPOS="2265" WIDTH="22"/>
						<String ID="P15_ST00271" HPOS="1019" VPOS="2223" WIDTH="207" HEIGHT="30" CONTENT="Anvendelse" WC="1.00" CC="0000500400"/>
						<SP ID="P15_SP00242" HPOS="1226" VPOS="2265" WIDTH="24"/>
						<String ID="P15_ST00272" HPOS="1250" VPOS="2222" WIDTH="36" HEIGHT="29" CONTENT="be" SUBS_TYPE="HypPart1" SUBS_CONTENT="beviser" WC="0.98" CC="30"/>
						<HYP HPOS="1286" VPOS="2222" WIDTH="17" CONTENT="-"/>
					</TextLine>
					<TextLine ID="P15_TL00031" HPOS="68" VPOS="2285" WIDTH="1235" HEIGHT="41">
						<String ID="P15_ST00273" HPOS="68" VPOS="2288" WIDTH="85" HEIGHT="30" CONTENT="viser" SUBS_TYPE="HypPart2" SUBS_CONTENT="beviser" WC="0.99" CC="00006"/>
						<SP ID="P15_SP00243" HPOS="153" VPOS="2318" WIDTH="23"/>
						<String ID="P15_ST00274" HPOS="176" VPOS="2288" WIDTH="9" HEIGHT="29" CONTENT="i" WC="1.00" CC="0"/>
						<SP ID="P15_SP00244" HPOS="185" VPOS="2318" WIDTH="25"/>
						<String ID="P15_ST00275" HPOS="210" VPOS="2288" WIDTH="47" HEIGHT="38" CONTENT="sig" WC="1.00" CC="000"/>
						<SP ID="P15_SP00245" HPOS="257" VPOS="2326" WIDTH="25"/>
						<String ID="P15_ST00276" HPOS="282" VPOS="2288" WIDTH="68" HEIGHT="30" CONTENT="selv" WC="1.00" CC="0010"/>
						<SP ID="P15_SP00246" HPOS="350" VPOS="2326" WIDTH="24"/>
						<String ID="P15_ST00277" HPOS="374" VPOS="2288" WIDTH="221" HEIGHT="29" CONTENT="Paradokset:" WC="1.00" CC="09000100003"/>
						<SP ID="P15_SP00247" HPOS="595" VPOS="2326" WIDTH="38"/>
						<String ID="P15_ST00278" HPOS="633" VPOS="2290" WIDTH="33" HEIGHT="26" CONTENT="at" WC="1.00" CC="00"/>
						<SP ID="P15_SP00248" HPOS="666" VPOS="2326" WIDTH="34"/>
						<String ID="P15_ST00279" HPOS="700" VPOS="2287" WIDTH="54" HEIGHT="29" CONTENT="det" WC="1.00" CC="000"/>
						<SP ID="P15_SP00249" HPOS="754" VPOS="2326" WIDTH="35"/>
						<String ID="P15_ST00280" HPOS="789" VPOS="2286" WIDTH="138" HEIGHT="38" CONTENT="grimme" WC="0.98" CC="360060"/>
						<SP ID="P15_SP00250" HPOS="927" VPOS="2326" WIDTH="35"/>
						<String ID="P15_ST00281" HPOS="962" VPOS="2285" WIDTH="70" HEIGHT="29" CONTENT="blot" WC="0.98" CC="4200"/>
						<SP ID="P15_SP00251" HPOS="1032" VPOS="2326" WIDTH="33"/>
						<String ID="P15_ST00282" HPOS="1065" VPOS="2293" WIDTH="33" HEIGHT="21" CONTENT="er" WC="0.88" CC="02"/>
						<SP ID="P15_SP00252" HPOS="1098" VPOS="2326" WIDTH="32"/>
						<String ID="P15_ST00283" HPOS="1130" VPOS="2293" WIDTH="39" HEIGHT="19" CONTENT="en" WC="0.98" CC="00"/>
						<SP ID="P15_SP00253" HPOS="1169" VPOS="2326" WIDTH="25"/>
						<String ID="P15_ST00284" HPOS="1194" VPOS="2293" WIDTH="45" HEIGHT="28" CONTENT="ny" WC="0.73" CC="50"/>
						<SP ID="P15_SP00254" HPOS="1239" VPOS="2326" WIDTH="24"/>
						<String ID="P15_ST00285" HPOS="1263" VPOS="2290" WIDTH="40" HEIGHT="29" CONTENT="og" WC="0.39" CC="38"/>
					</TextLine>
					<TextLine ID="P15_TL00032" HPOS="68" VPOS="2343" WIDTH="1235" HEIGHT="44">
						<String ID="P15_ST00286" HPOS="68" VPOS="2348" WIDTH="170" HEIGHT="39" CONTENT="snedigere" WC="0.99" CC="050008053"/>
						<SP ID="P15_SP00255" HPOS="238" VPOS="2387" WIDTH="23"/>
						<String ID="P15_ST00287" HPOS="261" VPOS="2348" WIDTH="100" HEIGHT="29" CONTENT="Form" WC="0.99" CC="0060"/>
						<SP ID="P15_SP00256" HPOS="361" VPOS="2387" WIDTH="25"/>
						<String ID="P15_ST00288" HPOS="386" VPOS="2347" WIDTH="50" HEIGHT="30" CONTENT="for" WC="0.97" CC="123"/>
						<SP ID="P15_SP00257" HPOS="436" VPOS="2387" WIDTH="25"/>
						<String ID="P15_ST00289" HPOS="461" VPOS="2347" WIDTH="158" HEIGHT="30" CONTENT="Skønhed" WC="1.00" CC="0000400"/>
						<SP ID="P15_SP00258" HPOS="619" VPOS="2387" WIDTH="76"/>
						<String ID="P15_ST00290" HPOS="695" VPOS="2355" WIDTH="39" HEIGHT="30" CONTENT="og" WC="0.56" CC="17"/>
						<SP ID="P15_SP00259" HPOS="734" VPOS="2387" WIDTH="24"/>
						<String ID="P15_ST00291" HPOS="758" VPOS="2346" WIDTH="195" HEIGHT="37" CONTENT="Billederne," WC="1.00" CC="00210000004"/>
						<SP ID="P15_SP00260" HPOS="953" VPOS="2387" WIDTH="26"/>
						<String ID="P15_ST00292" HPOS="979" VPOS="2345" WIDTH="84" HEIGHT="29" CONTENT="hvor" WC="0.99" CC="0004"/>
						<SP ID="P15_SP00261" HPOS="1063" VPOS="2387" WIDTH="24"/>
						<String ID="P15_ST00293" HPOS="1087" VPOS="2344" WIDTH="53" HEIGHT="29" CONTENT="det" WC="1.00" CC="000"/>
						<SP ID="P15_SP00262" HPOS="1140" VPOS="2387" WIDTH="23"/>
						<String ID="P15_ST00294" HPOS="1163" VPOS="2343" WIDTH="140" HEIGHT="39" CONTENT="grimme" WC="0.99" CC="602000"/>
					</TextLine>
					<TextLine ID="P15_TL00033" HPOS="68" VPOS="2405" WIDTH="1235" HEIGHT="41">
						<String ID="P15_ST00295" HPOS="68" VPOS="2418" WIDTH="34" HEIGHT="20" CONTENT="er" WC="0.75" CC="04"/>
						<SP ID="P15_SP00263" HPOS="102" VPOS="2438" WIDTH="23"/>
						<String ID="P15_ST00296" HPOS="125" VPOS="2412" WIDTH="51" HEIGHT="26" CONTENT="sat" WC="1.00" CC="000"/>
						<SP ID="P15_SP00264" HPOS="176" VPOS="2438" WIDTH="22"/>
						<String ID="P15_ST00297" HPOS="198" VPOS="2409" WIDTH="10" HEIGHT="29" CONTENT="i" WC="1.00" CC="0"/>
						<SP ID="P15_SP00265" HPOS="208" VPOS="2438" WIDTH="25"/>
						<String ID="P15_ST00298" HPOS="233" VPOS="2408" WIDTH="178" HEIGHT="38" CONTENT="Højsædet," WC="1.00" CC="202000034"/>
						<SP ID="P15_SP00266" HPOS="411" VPOS="2446" WIDTH="38"/>
						<String ID="P15_ST00299" HPOS="449" VPOS="2408" WIDTH="135" HEIGHT="29" CONTENT="afslører" WC="0.99" CC="90000119"/>
						<SP ID="P15_SP00267" HPOS="584" VPOS="2446" WIDTH="35"/>
						<String ID="P15_ST00300" HPOS="619" VPOS="2408" WIDTH="68" HEIGHT="28" CONTENT="blot" WC="0.98" CC="3030"/>
						<SP ID="P15_SP00268" HPOS="687" VPOS="2446" WIDTH="37"/>
						<String ID="P15_ST00301" HPOS="724" VPOS="2408" WIDTH="92" HEIGHT="28" CONTENT="deres" WC="1.00" CC="00300"/>
						<SP ID="P15_SP00269" HPOS="816" VPOS="2446" WIDTH="24"/>
						<String ID="P15_ST00302" HPOS="840" VPOS="2406" WIDTH="145" HEIGHT="30" CONTENT="Skabere" WC="1.00" CC="0002040"/>
						<SP ID="P15_SP00270" HPOS="985" VPOS="2446" WIDTH="33"/>
						<String ID="P15_ST00303" HPOS="1018" VPOS="2414" WIDTH="73" HEIGHT="20" CONTENT="som" WC="0.98" CC="230"/>
						<SP ID="P15_SP00271" HPOS="1091" VPOS="2446" WIDTH="24"/>
						<String ID="P15_ST00304" HPOS="1115" VPOS="2405" WIDTH="39" HEIGHT="27" CONTENT="de" WC="1.00" CC="00"/>
						<SP ID="P15_SP00272" HPOS="1154" VPOS="2446" WIDTH="25"/>
						<String ID="P15_ST00305" HPOS="1179" VPOS="2405" WIDTH="124" HEIGHT="36" CONTENT="argeste" WC="0.99" CC="0280900"/>
					</TextLine>
					<TextLine ID="P15_TL00034" HPOS="69" VPOS="2464" WIDTH="1231" HEIGHT="43">
						<String ID="P15_ST00306" HPOS="69" VPOS="2469" WIDTH="318" HEIGHT="38" CONTENT="Skønhedsdyrkere" WC="0.87" CC="005062000040000"/>
						<SP ID="P15_SP00273" HPOS="387" VPOS="2507" WIDTH="84"/>
						<String ID="P15_ST00307" HPOS="471" VPOS="2468" WIDTH="47" HEIGHT="38" CONTENT="ja," WC="0.98" CC="004"/>
						<SP ID="P15_SP00274" HPOS="518" VPOS="2507" WIDTH="32"/>
						<String ID="P15_ST00308" HPOS="550" VPOS="2477" WIDTH="73" HEIGHT="20" CONTENT="som" WC="0.99" CC="030"/>
						<SP ID="P15_SP00275" HPOS="623" VPOS="2507" WIDTH="34"/>
						<String ID="P15_ST00309" HPOS="657" VPOS="2466" WIDTH="317" HEIGHT="39" CONTENT="Skønhedsdyrkere" WC="0.96" CC="000000000000050"/>
						<SP ID="P15_SP00276" HPOS="974" VPOS="2507" WIDTH="25"/>
						<String ID="P15_ST00310" HPOS="999" VPOS="2465" WIDTH="10" HEIGHT="28" CONTENT="i" WC="0.86" CC="1"/>
						<SP ID="P15_SP00277" HPOS="1009" VPOS="2507" WIDTH="25"/>
						<String ID="P15_ST00311" HPOS="1034" VPOS="2464" WIDTH="109" HEIGHT="29" CONTENT="anden" WC="0.99" CC="01024"/>
						<SP ID="P15_SP00278" HPOS="1143" VPOS="2507" WIDTH="28"/>
						<String ID="P15_ST00312" HPOS="1171" VPOS="2464" WIDTH="129" HEIGHT="28" CONTENT="Potens." WC="0.99" CC="0400004"/>
					</TextLine>
					<TextLine ID="P15_TL00035" HPOS="70" VPOS="2524" WIDTH="1233" HEIGHT="34">
						<String ID="P15_ST00313" HPOS="70" VPOS="2530" WIDTH="92" HEIGHT="28" CONTENT="Dette" WC="1.00" CC="00000"/>
						<SP ID="P15_SP00279" HPOS="162" VPOS="2558" WIDTH="24"/>
						<String ID="P15_ST00314" HPOS="186" VPOS="2530" WIDTH="68" HEIGHT="28" CONTENT="kan" WC="0.98" CC="004"/>
						<SP ID="P15_SP00280" HPOS="254" VPOS="2558" WIDTH="24"/>
						<String ID="P15_ST00315" HPOS="278" VPOS="2528" WIDTH="77" HEIGHT="30" CONTENT="ikke" WC="1.00" CC="0000"/>
						<SP ID="P15_SP00281" HPOS="355" VPOS="2558" WIDTH="24"/>
						<String ID="P15_ST00316" HPOS="379" VPOS="2529" WIDTH="85" HEIGHT="29" CONTENT="bære" WC="0.98" CC="5030"/>
						<SP ID="P15_SP00282" HPOS="464" VPOS="2558" WIDTH="24"/>
						<String ID="P15_ST00317" HPOS="488" VPOS="2538" WIDTH="41" HEIGHT="19" CONTENT="en" WC="0.99" CC="00"/>
						<SP ID="P15_SP00283" HPOS="529" VPOS="2558" WIDTH="26"/>
						<String ID="P15_ST00318" HPOS="555" VPOS="2528" WIDTH="117" HEIGHT="30" CONTENT="Malers" WC="0.99" CC="002060"/>
						<SP ID="P15_SP00284" HPOS="672" VPOS="2558" WIDTH="19"/>
						<String ID="P15_ST00319" HPOS="691" VPOS="2526" WIDTH="217" HEIGHT="30" CONTENT="Produktion." WC="1.00" CC="00105040230"/>
						<SP ID="P15_SP00285" HPOS="908" VPOS="2558" WIDTH="28"/>
						<String ID="P15_ST00320" HPOS="936" VPOS="2525" WIDTH="120" HEIGHT="29" CONTENT="Maalet" WC="0.93" CC="000300"/>
						<SP ID="P15_SP00286" HPOS="1056" VPOS="2558" WIDTH="24"/>
						<String ID="P15_ST00321" HPOS="1080" VPOS="2525" WIDTH="49" HEIGHT="28" CONTENT="for" WC="0.97" CC="008"/>
						<SP ID="P15_SP00287" HPOS="1129" VPOS="2558" WIDTH="24"/>
						<String ID="P15_ST00322" HPOS="1153" VPOS="2524" WIDTH="150" HEIGHT="28" CONTENT="Kunsten" WC="0.99" CC="0530007"/>
					</TextLine>
					<TextLine ID="P15_TL00036" HPOS="70" VPOS="2582" WIDTH="1233" HEIGHT="41">
						<String ID="P15_ST00323" HPOS="70" VPOS="2599" WIDTH="33" HEIGHT="20" CONTENT="er" WC="0.75" CC="05"/>
						<SP ID="P15_SP00288" HPOS="103" VPOS="2619" WIDTH="22"/>
						<String ID="P15_ST00324" HPOS="125" VPOS="2590" WIDTH="78" HEIGHT="29" CONTENT="ikke" WC="1.00" CC="0001"/>
						<SP ID="P15_SP00289" HPOS="203" VPOS="2619" WIDTH="25"/>
						<String ID="P15_ST00325" HPOS="228" VPOS="2588" WIDTH="203" HEIGHT="30" CONTENT="Skønheden" WC="1.00" CC="000150000"/>
						<SP ID="P15_SP00290" HPOS="431" VPOS="2619" WIDTH="25"/>
						<String ID="P15_ST00326" HPOS="456" VPOS="2588" WIDTH="77" HEIGHT="29" CONTENT="eller" WC="0.99" CC="03001"/>
						<SP ID="P15_SP00291" HPOS="533" VPOS="2619" WIDTH="25"/>
						<String ID="P15_ST00327" HPOS="558" VPOS="2587" WIDTH="202" HEIGHT="30" CONTENT="Grimheden" WC="0.99" CC="430140008"/>
						<SP ID="P15_SP00292" HPOS="760" VPOS="2619" WIDTH="32"/>
						<String ID="P15_ST00328" HPOS="792" VPOS="2589" WIDTH="48" HEIGHT="25" CONTENT="sat" WC="1.00" CC="000"/>
						<SP ID="P15_SP00293" HPOS="840" VPOS="2619" WIDTH="29"/>
						<String ID="P15_ST00329" HPOS="869" VPOS="2585" WIDTH="8" HEIGHT="28" CONTENT="i" WC="0.79" CC="2"/>
						<SP ID="P15_SP00294" HPOS="877" VPOS="2619" WIDTH="26"/>
						<String ID="P15_ST00330" HPOS="903" VPOS="2585" WIDTH="141" HEIGHT="38" CONTENT="System," WC="1.00" CC="0000004"/>
						<SP ID="P15_SP00295" HPOS="1044" VPOS="2623" WIDTH="35"/>
						<String ID="P15_ST00331" HPOS="1079" VPOS="2583" WIDTH="107" HEIGHT="29" CONTENT="denne" WC="0.99" CC="00060"/>
						<SP ID="P15_SP00296" HPOS="1186" VPOS="2623" WIDTH="24"/>
						<String ID="P15_ST00332" HPOS="1210" VPOS="2582" WIDTH="75" HEIGHT="29" CONTENT="Virk" SUBS_TYPE="HypPart1" SUBS_CONTENT="Virksomhed" WC="1.00" CC="0000"/>
						<HYP HPOS="1285" VPOS="2582" WIDTH="18" CONTENT="-"/>
					</TextLine>
					<TextLine ID="P15_TL00037" HPOS="72" VPOS="2642" WIDTH="1231" HEIGHT="44">
						<String ID="P15_ST00333" HPOS="72" VPOS="2650" WIDTH="141" HEIGHT="30" CONTENT="somhed" SUBS_TYPE="HypPart2" SUBS_CONTENT="Virksomhed" WC="0.99" CC="040500"/>
						<SP ID="P15_SP00297" HPOS="213" VPOS="2680" WIDTH="32"/>
						<String ID="P15_ST00334" HPOS="245" VPOS="2649" WIDTH="67" HEIGHT="29" CONTENT="kan" WC="1.00" CC="000"/>
						<SP ID="P15_SP00298" HPOS="312" VPOS="2680" WIDTH="34"/>
						<String ID="P15_ST00335" HPOS="346" VPOS="2648" WIDTH="88" HEIGHT="38" CONTENT="højst" WC="1.00" CC="00000"/>
						<SP ID="P15_SP00299" HPOS="434" VPOS="2686" WIDTH="33"/>
						<String ID="P15_ST00336" HPOS="467" VPOS="2648" WIDTH="114" HEIGHT="29" CONTENT="kaldes" WC="0.99" CC="062000"/>
						<SP ID="P15_SP00300" HPOS="581" VPOS="2686" WIDTH="29"/>
						<String ID="P15_ST00337" HPOS="610" VPOS="2646" WIDTH="68" HEIGHT="31" CONTENT="Stil." WC="0.99" CC="00044"/>
						<SP ID="P15_SP00301" HPOS="678" VPOS="2686" WIDTH="49"/>
						<String ID="P15_ST00338" HPOS="727" VPOS="2646" WIDTH="167" HEIGHT="29" CONTENT="Kunstens" WC="0.99" CC="66000070"/>
						<SP ID="P15_SP00302" HPOS="894" VPOS="2686" WIDTH="26"/>
						<String ID="P15_ST00339" HPOS="920" VPOS="2645" WIDTH="87" HEIGHT="28" CONTENT="Maal" WC="0.96" CC="0001"/>
						<SP ID="P15_SP00303" HPOS="1007" VPOS="2686" WIDTH="25"/>
						<String ID="P15_ST00340" HPOS="1032" VPOS="2653" WIDTH="76" HEIGHT="19" CONTENT="maa" WC="1.00" CC="000"/>
						<SP ID="P15_SP00304" HPOS="1108" VPOS="2686" WIDTH="23"/>
						<String ID="P15_ST00341" HPOS="1131" VPOS="2652" WIDTH="84" HEIGHT="20" CONTENT="være" WC="1.00" CC="0000"/>
						<SP ID="P15_SP00305" HPOS="1215" VPOS="2686" WIDTH="25"/>
						<String ID="P15_ST00342" HPOS="1240" VPOS="2642" WIDTH="63" HEIGHT="29" CONTENT="den" WC="1.00" CC="000"/>
					</TextLine>
					<TextLine ID="P15_TL00038" HPOS="70" VPOS="2703" WIDTH="1233" HEIGHT="46">
						<String ID="P15_ST00343" HPOS="70" VPOS="2711" WIDTH="85" HEIGHT="38" CONTENT="dybe" WC="1.00" CC="0010"/>
						<SP ID="P15_SP00306" HPOS="155" VPOS="2749" WIDTH="26"/>
						<String ID="P15_ST00344" HPOS="181" VPOS="2709" WIDTH="158" HEIGHT="30" CONTENT="Sandhed" WC="1.00" CC="0000000"/>
						<SP ID="P15_SP00307" HPOS="339" VPOS="2749" WIDTH="22"/>
						<String ID="P15_ST00345" HPOS="361" VPOS="2718" WIDTH="32" HEIGHT="20" CONTENT="o:" WC="0.33" CC="75"/>
						<SP ID="P15_SP00308" HPOS="393" VPOS="2749" WIDTH="28"/>
						<String ID="P15_ST00346" HPOS="421" VPOS="2708" WIDTH="202" HEIGHT="30" CONTENT="Sandheden" WC="1.00" CC="104040001"/>
						<SP ID="P15_SP00309" HPOS="623" VPOS="2749" WIDTH="25"/>
						<String ID="P15_ST00347" HPOS="648" VPOS="2717" WIDTH="55" HEIGHT="20" CONTENT="om" WC="0.66" CC="60"/>
						<SP ID="P15_SP00310" HPOS="703" VPOS="2749" WIDTH="24"/>
						<String ID="P15_ST00348" HPOS="727" VPOS="2707" WIDTH="40" HEIGHT="28" CONTENT="de" WC="0.87" CC="02"/>
						<SP ID="P15_SP00311" HPOS="767" VPOS="2749" WIDTH="18"/>
						<String ID="P15_ST00349" HPOS="785" VPOS="2706" WIDTH="187" HEIGHT="29" CONTENT="Elementer" WC="0.99" CC="050026135"/>
						<SP ID="P15_SP00312" HPOS="972" VPOS="2749" WIDTH="25"/>
						<String ID="P15_ST00350" HPOS="997" VPOS="2703" WIDTH="162" HEIGHT="30" CONTENT="hvormed" WC="1.00" CC="2004000"/>
						<SP ID="P15_SP00313" HPOS="1159" VPOS="2749" WIDTH="24"/>
						<String ID="P15_ST00351" HPOS="1183" VPOS="2703" WIDTH="57" HEIGHT="29" CONTENT="der" WC="1.00" CC="000"/>
						<SP ID="P15_SP00314" HPOS="1240" VPOS="2749" WIDTH="16"/>
						<String ID="P15_ST00352" HPOS="1256" VPOS="2711" WIDTH="32" HEIGHT="19" CONTENT="ar" SUBS_TYPE="HypPart1" SUBS_CONTENT="arbejdes," WC="0.93" CC="94"/>
						<HYP HPOS="1288" VPOS="2711" WIDTH="15" CONTENT="-"/>
					</TextLine>
					<TextLine ID="P15_TL00039" HPOS="70" VPOS="2763" WIDTH="1234" HEIGHT="46">
						<String ID="P15_ST00353" HPOS="70" VPOS="2770" WIDTH="123" HEIGHT="39" CONTENT="bejdes," SUBS_TYPE="HypPart2" SUBS_CONTENT="arbejdes," WC="0.99" CC="6000004"/>
						<SP ID="P15_SP00315" HPOS="193" VPOS="2809" WIDTH="35"/>
						<String ID="P15_ST00354" HPOS="228" VPOS="2779" WIDTH="40" HEIGHT="29" CONTENT="og" WC="0.70" CC="50"/>
						<SP ID="P15_SP00316" HPOS="268" VPOS="2809" WIDTH="34"/>
						<String ID="P15_ST00355" HPOS="302" VPOS="2770" WIDTH="201" HEIGHT="29" CONTENT="Sandheden" WC="1.00" CC="005030002"/>
						<SP ID="P15_SP00317" HPOS="503" VPOS="2809" WIDTH="32"/>
						<String ID="P15_ST00356" HPOS="535" VPOS="2778" WIDTH="76" HEIGHT="20" CONTENT="maa" WC="1.00" CC="000"/>
						<SP ID="P15_SP00318" HPOS="611" VPOS="2809" WIDTH="30"/>
						<String ID="P15_ST00357" HPOS="641" VPOS="2768" WIDTH="112" HEIGHT="28" CONTENT="bestaa" WC="0.90" CC="500000"/>
						<SP ID="P15_SP00319" HPOS="753" VPOS="2809" WIDTH="28"/>
						<String ID="P15_ST00358" HPOS="781" VPOS="2766" WIDTH="9" HEIGHT="29" CONTENT="i" WC="0.81" CC="1"/>
						<SP ID="P15_SP00320" HPOS="790" VPOS="2809" WIDTH="25"/>
						<String ID="P15_ST00359" HPOS="815" VPOS="2775" WIDTH="41" HEIGHT="20" CONTENT="en" WC="0.82" CC="03"/>
						<SP ID="P15_SP00321" HPOS="856" VPOS="2809" WIDTH="26"/>
						<String ID="P15_ST00360" HPOS="882" VPOS="2764" WIDTH="199" HEIGHT="37" CONTENT="Paavisning" WC="1.00" CC="0000000000"/>
						<SP ID="P15_SP00322" HPOS="1081" VPOS="2809" WIDTH="25"/>
						<String ID="P15_ST00361" HPOS="1106" VPOS="2763" WIDTH="35" HEIGHT="29" CONTENT="af" WC="0.61" CC="70"/>
						<SP ID="P15_SP00323" HPOS="1141" VPOS="2809" WIDTH="20"/>
						<String ID="P15_ST00362" HPOS="1161" VPOS="2763" WIDTH="80" HEIGHT="28" CONTENT="først" WC="0.99" CC="03400"/>
						<SP ID="P15_SP00324" HPOS="1241" VPOS="2809" WIDTH="24"/>
						<String ID="P15_ST00363" HPOS="1265" VPOS="2770" WIDTH="39" HEIGHT="29" CONTENT="og" WC="0.56" CC="25"/>
					</TextLine>
					<TextLine ID="P15_TL00040" HPOS="70" VPOS="2822" WIDTH="1235" HEIGHT="38">
						<String ID="P15_ST00364" HPOS="70" VPOS="2831" WIDTH="170" HEIGHT="29" CONTENT="fremmest" WC="1.00" CC="00010000"/>
						<SP ID="P15_SP00325" HPOS="240" VPOS="2860" WIDTH="33"/>
						<String ID="P15_ST00365" HPOS="273" VPOS="2827" WIDTH="430" HEIGHT="32" CONTENT="Inkommensurabiliteten" WC="0.80" CC="100000520559101260000"/>
						<SP ID="P15_SP00326" HPOS="703" VPOS="2860" WIDTH="33"/>
						<String ID="P15_ST00366" HPOS="736" VPOS="2826" WIDTH="131" HEIGHT="29" CONTENT="mellem" WC="0.99" CC="004300"/>
						<SP ID="P15_SP00327" HPOS="867" VPOS="2860" WIDTH="35"/>
						<String ID="P15_ST00367" HPOS="902" VPOS="2826" WIDTH="229" HEIGHT="28" CONTENT="Elementerne" WC="0.99" CC="06002100660"/>
						<SP ID="P15_SP00328" HPOS="1131" VPOS="2860" WIDTH="33"/>
						<String ID="P15_ST00368" HPOS="1164" VPOS="2831" WIDTH="40" HEIGHT="29" CONTENT="og" WC="0.72" CC="05"/>
						<SP ID="P15_SP00329" HPOS="1204" VPOS="2860" WIDTH="32"/>
						<String ID="P15_ST00369" HPOS="1236" VPOS="2822" WIDTH="52" HEIGHT="29" CONTENT="der" SUBS_TYPE="HypPart1" SUBS_CONTENT="dernæst" WC="1.00" CC="000"/>
						<HYP HPOS="1288" VPOS="2822" WIDTH="17" CONTENT="-"/>
					</TextLine>
					<TextLine ID="P15_TL00041" HPOS="71" VPOS="2883" WIDTH="1234" HEIGHT="43">
						<String ID="P15_ST00370" HPOS="71" VPOS="2893" WIDTH="83" HEIGHT="27" CONTENT="næst" SUBS_TYPE="HypPart2" SUBS_CONTENT="dernæst" WC="0.99" CC="4000"/>
						<SP ID="P15_SP00330" HPOS="154" VPOS="2920" WIDTH="24"/>
						<String ID="P15_ST00371" HPOS="178" VPOS="2891" WIDTH="35" HEIGHT="28" CONTENT="af" WC="0.91" CC="01"/>
						<SP ID="P15_SP00331" HPOS="213" VPOS="2920" WIDTH="13"/>
						<String ID="P15_ST00372" HPOS="226" VPOS="2890" WIDTH="313" HEIGHT="36" CONTENT="Sammenhængen," WC="0.99" CC="5000000087524"/>
						<SP ID="P15_SP00332" HPOS="539" VPOS="2926" WIDTH="26"/>
						<String ID="P15_ST00373" HPOS="565" VPOS="2897" WIDTH="40" HEIGHT="29" CONTENT="og" WC="0.69" CC="32"/>
						<SP ID="P15_SP00333" HPOS="605" VPOS="2926" WIDTH="25"/>
						<String ID="P15_ST00374" HPOS="630" VPOS="2897" WIDTH="71" HEIGHT="19" CONTENT="som" WC="1.00" CC="000"/>
						<SP ID="P15_SP00334" HPOS="701" VPOS="2926" WIDTH="24"/>
						<String ID="P15_ST00375" HPOS="725" VPOS="2886" WIDTH="9" HEIGHT="29" CONTENT="i" WC="0.78" CC="2"/>
						<SP ID="P15_SP00335" HPOS="734" VPOS="2926" WIDTH="18"/>
						<String ID="P15_ST00376" HPOS="752" VPOS="2885" WIDTH="236" HEIGHT="30" CONTENT="Videnskaben" WC="1.00" CC="00010006403"/>
						<SP ID="P15_SP00336" HPOS="988" VPOS="2926" WIDTH="25"/>
						<String ID="P15_ST00377" HPOS="1013" VPOS="2884" WIDTH="124" HEIGHT="29" CONTENT="maaler" WC="0.99" CC="000000"/>
						<SP ID="P15_SP00337" HPOS="1137" VPOS="2926" WIDTH="18"/>
						<String ID="P15_ST00378" HPOS="1155" VPOS="2883" WIDTH="64" HEIGHT="29" CONTENT="den" WC="0.98" CC="005"/>
						<SP ID="P15_SP00338" HPOS="1219" VPOS="2926" WIDTH="25"/>
						<String ID="P15_ST00379" HPOS="1244" VPOS="2883" WIDTH="46" HEIGHT="28" CONTENT="før" SUBS_TYPE="HypPart1" SUBS_CONTENT="første" WC="0.99" CC="030"/>
						<HYP HPOS="1290" VPOS="2883" WIDTH="15" CONTENT="-"/>
					</TextLine>
					<TextLine ID="P15_TL00042" HPOS="72" VPOS="2944" WIDTH="974" HEIGHT="44">
						<String ID="P15_ST00380" HPOS="72" VPOS="2954" WIDTH="46" HEIGHT="26" CONTENT="ste" SUBS_TYPE="HypPart2" SUBS_CONTENT="første" WC="1.00" CC="000"/>
						<SP ID="P15_SP00339" HPOS="118" VPOS="2980" WIDTH="26"/>
						<String ID="P15_ST00381" HPOS="144" VPOS="2951" WIDTH="118" HEIGHT="29" CONTENT="Proces" WC="1.00" CC="000000"/>
						<SP ID="P15_SP00340" HPOS="262" VPOS="2980" WIDTH="24"/>
						<String ID="P15_ST00382" HPOS="286" VPOS="2949" WIDTH="48" HEIGHT="39" CONTENT="sig" WC="0.99" CC="020"/>
						<SP ID="P15_SP00341" HPOS="334" VPOS="2988" WIDTH="23"/>
						<String ID="P15_ST00383" HPOS="357" VPOS="2950" WIDTH="78" HEIGHT="29" CONTENT="ikke" WC="0.99" CC="0006"/>
						<SP ID="P15_SP00342" HPOS="435" VPOS="2988" WIDTH="24"/>
						<String ID="P15_ST00384" HPOS="459" VPOS="2949" WIDTH="10" HEIGHT="28" CONTENT="i" WC="1.00" CC="0"/>
						<SP ID="P15_SP00343" HPOS="469" VPOS="2988" WIDTH="26"/>
						<String ID="P15_ST00385" HPOS="495" VPOS="2947" WIDTH="251" HEIGHT="40" CONTENT="Dybsindighed" WC="1.00" CC="005000000000"/>
						<SP ID="P15_SP00344" HPOS="746" VPOS="2988" WIDTH="26"/>
						<String ID="P15_ST00386" HPOS="772" VPOS="2946" WIDTH="75" HEIGHT="29" CONTENT="med" WC="1.00" CC="000"/>
						<SP ID="P15_SP00345" HPOS="847" VPOS="2988" WIDTH="25"/>
						<String ID="P15_ST00387" HPOS="872" VPOS="2946" WIDTH="40" HEIGHT="28" CONTENT="de" WC="1.00" CC="00"/>
						<SP ID="P15_SP00346" HPOS="912" VPOS="2988" WIDTH="24"/>
						<String ID="P15_ST00388" HPOS="936" VPOS="2944" WIDTH="110" HEIGHT="30" CONTENT="sidste." WC="1.00" CC="0003030"/>
					</TextLine>
					<TextLine ID="P15_TL00043" HPOS="136" VPOS="3002" WIDTH="1169" HEIGHT="44">
						<String ID="P15_ST00389" HPOS="136" VPOS="3011" WIDTH="57" HEIGHT="29" CONTENT="Ser" WC="0.98" CC="006"/>
						<SP ID="P15_SP00347" HPOS="193" VPOS="3040" WIDTH="33"/>
						<String ID="P15_ST00390" HPOS="226" VPOS="3019" WIDTH="79" HEIGHT="20" CONTENT="man" WC="0.99" CC="001"/>
						<SP ID="P15_SP00348" HPOS="305" VPOS="3040" WIDTH="34"/>
						<String ID="P15_ST00391" HPOS="339" VPOS="3010" WIDTH="45" HEIGHT="28" CONTENT="ud" WC="0.77" CC="40"/>
						<SP ID="P15_SP00349" HPOS="384" VPOS="3040" WIDTH="31"/>
						<String ID="P15_ST00392" HPOS="415" VPOS="3010" WIDTH="48" HEIGHT="28" CONTENT="fra" WC="1.00" CC="000"/>
						<SP ID="P15_SP00350" HPOS="463" VPOS="3040" WIDTH="29"/>
						<String ID="P15_ST00393" HPOS="492" VPOS="3010" WIDTH="87" HEIGHT="28" CONTENT="dette" WC="1.00" CC="00000"/>
						<SP ID="P15_SP00351" HPOS="579" VPOS="3040" WIDTH="25"/>
						<String ID="P15_ST00394" HPOS="604" VPOS="3007" WIDTH="194" HEIGHT="39" CONTENT="Synspunkt" WC="0.99" CC="005005800"/>
						<SP ID="P15_SP00352" HPOS="798" VPOS="3046" WIDTH="24"/>
						<String ID="P15_ST00395" HPOS="822" VPOS="3015" WIDTH="63" HEIGHT="30" CONTENT="paa" WC="1.00" CC="000"/>
						<SP ID="P15_SP00353" HPOS="885" VPOS="3046" WIDTH="25"/>
						<String ID="P15_ST00396" HPOS="910" VPOS="3005" WIDTH="77" HEIGHT="29" CONTENT="Karl" WC="0.99" CC="0031"/>
						<SP ID="P15_SP00354" HPOS="987" VPOS="3046" WIDTH="24"/>
						<String ID="P15_ST00397" HPOS="1011" VPOS="3005" WIDTH="141" HEIGHT="28" CONTENT="Larsens" WC="1.00" CC="0000050"/>
						<SP ID="P15_SP00355" HPOS="1152" VPOS="3046" WIDTH="25"/>
						<String ID="P15_ST00398" HPOS="1177" VPOS="3011" WIDTH="39" HEIGHT="29" CONTENT="og" WC="1.00" CC="00"/>
						<SP ID="P15_SP00356" HPOS="1216" VPOS="3046" WIDTH="26"/>
						<String ID="P15_ST00399" HPOS="1242" VPOS="3002" WIDTH="48" HEIGHT="29" CONTENT="Vil" SUBS_TYPE="HypPart1" SUBS_CONTENT="Vilhelm" WC="0.96" CC="608"/>
						<HYP HPOS="1290" VPOS="3002" WIDTH="15" CONTENT="-"/>
					</TextLine>
					<TextLine ID="P15_TL00044" HPOS="73" VPOS="3064" WIDTH="1232" HEIGHT="43">
						<String ID="P15_ST00400" HPOS="73" VPOS="3071" WIDTH="89" HEIGHT="29" CONTENT="helm" SUBS_TYPE="HypPart2" SUBS_CONTENT="Vilhelm" WC="0.99" CC="0050"/>
						<SP ID="P15_SP00357" HPOS="162" VPOS="3100" WIDTH="26"/>
						<String ID="P15_ST00401" HPOS="188" VPOS="3070" WIDTH="221" HEIGHT="29" CONTENT="Lundstrøms" WC="1.00" CC="0660000000"/>
						<SP ID="P15_SP00358" HPOS="409" VPOS="3100" WIDTH="25"/>
						<String ID="P15_ST00402" HPOS="434" VPOS="3067" WIDTH="318" HEIGHT="40" CONTENT="Ekspressionisme," WC="1.00" CC="0000000000000004"/>
						<SP ID="P15_SP00359" HPOS="752" VPOS="3107" WIDTH="26"/>
						<String ID="P15_ST00403" HPOS="778" VPOS="3067" WIDTH="41" HEIGHT="28" CONTENT="da" WC="1.00" CC="00"/>
						<SP ID="P15_SP00360" HPOS="819" VPOS="3107" WIDTH="25"/>
						<String ID="P15_ST00404" HPOS="844" VPOS="3066" WIDTH="103" HEIGHT="29" CONTENT="falder" WC="1.00" CC="000000"/>
						<SP ID="P15_SP00361" HPOS="947" VPOS="3107" WIDTH="24"/>
						<String ID="P15_ST00405" HPOS="971" VPOS="3073" WIDTH="99" HEIGHT="29" CONTENT="ogsaa" WC="1.00" CC="00000"/>
						<SP ID="P15_SP00362" HPOS="1070" VPOS="3107" WIDTH="23"/>
						<String ID="P15_ST00406" HPOS="1093" VPOS="3064" WIDTH="189" HEIGHT="28" CONTENT="Inkommen" SUBS_TYPE="HypPart1" SUBS_CONTENT="Inkommensurabilitets-Virkningen" WC="1.00" CC="00000000"/>
						<HYP HPOS="1282" VPOS="3064" WIDTH="23" CONTENT="-"/>
					</TextLine>
					<TextLine ID="P15_TL00045" HPOS="74" VPOS="3123" WIDTH="1232" HEIGHT="44">
						<String ID="P15_ST00407" HPOS="74" VPOS="3129" WIDTH="421" HEIGHT="38" CONTENT="surabilitets-Virkningen" SUBS_TYPE="HypPart2" SUBS_CONTENT="Inkommensurabilitets-Virkningen" WC="0.82" CC="65006253000010060000003"/>
						<SP ID="P15_SP00363" HPOS="495" VPOS="3167" WIDTH="31"/>
						<String ID="P15_ST00408" HPOS="526" VPOS="3128" WIDTH="81" HEIGHT="29" CONTENT="først" WC="0.99" CC="00500"/>
						<SP ID="P15_SP00364" HPOS="607" VPOS="3167" WIDTH="29"/>
						<String ID="P15_ST00409" HPOS="636" VPOS="3136" WIDTH="39" HEIGHT="29" CONTENT="og" WC="0.50" CC="09"/>
						<SP ID="P15_SP00365" HPOS="675" VPOS="3167" WIDTH="24"/>
						<String ID="P15_ST00410" HPOS="699" VPOS="3127" WIDTH="148" HEIGHT="29" CONTENT="stærkest" WC="1.00" CC="00010030"/>
						<SP ID="P15_SP00366" HPOS="847" VPOS="3167" WIDTH="24"/>
						<String ID="P15_ST00411" HPOS="871" VPOS="3126" WIDTH="9" HEIGHT="28" CONTENT="i" WC="0.39" CC="6"/>
						<SP ID="P15_SP00367" HPOS="880" VPOS="3167" WIDTH="25"/>
						<String ID="P15_ST00412" HPOS="905" VPOS="3125" WIDTH="138" HEIGHT="38" CONTENT="Øjnene." WC="0.99" CC="0130640"/>
						<SP ID="P15_SP00368" HPOS="1043" VPOS="3167" WIDTH="49"/>
						<String ID="P15_ST00413" HPOS="1092" VPOS="3125" WIDTH="11" HEIGHT="28" CONTENT="I" WC="0.82" CC="1"/>
						<SP ID="P15_SP00369" HPOS="1103" VPOS="3167" WIDTH="27"/>
						<String ID="P15_ST00414" HPOS="1130" VPOS="3124" WIDTH="76" HEIGHT="29" CONTENT="Karl" WC="0.99" CC="3000"/>
						<SP ID="P15_SP00370" HPOS="1206" VPOS="3167" WIDTH="25"/>
						<String ID="P15_ST00415" HPOS="1231" VPOS="3123" WIDTH="57" HEIGHT="28" CONTENT="Lar" SUBS_TYPE="HypPart1" SUBS_CONTENT="Larsens" WC="0.99" CC="000"/>
						<HYP HPOS="1288" VPOS="3123" WIDTH="18" CONTENT="-"/>
					</TextLine>
					<TextLine ID="P15_TL00046" HPOS="73" VPOS="3182" WIDTH="1233" HEIGHT="40">
						<String ID="P15_ST00416" HPOS="73" VPOS="3200" WIDTH="75" HEIGHT="19" CONTENT="sens" SUBS_TYPE="HypPart2" SUBS_CONTENT="Larsens" WC="1.00" CC="0000"/>
						<SP ID="P15_SP00371" HPOS="148" VPOS="3219" WIDTH="24"/>
						<String ID="P15_ST00417" HPOS="172" VPOS="3193" WIDTH="33" HEIGHT="26" CONTENT="to" WC="0.93" CC="01"/>
						<SP ID="P15_SP00372" HPOS="205" VPOS="3219" WIDTH="26"/>
						<String ID="P15_ST00418" HPOS="231" VPOS="3190" WIDTH="185" HEIGHT="29" CONTENT="Portrætter" WC="1.00" CC="0230000100"/>
						<SP ID="P15_SP00373" HPOS="416" VPOS="3219" WIDTH="35"/>
						<String ID="P15_ST00419" HPOS="451" VPOS="3198" WIDTH="51" HEIGHT="19" CONTENT="ser" WC="0.98" CC="005"/>
						<SP ID="P15_SP00374" HPOS="502" VPOS="3219" WIDTH="34"/>
						<String ID="P15_ST00420" HPOS="536" VPOS="3197" WIDTH="79" HEIGHT="20" CONTENT="man" WC="1.00" CC="000"/>
						<SP ID="P15_SP00375" HPOS="615" VPOS="3219" WIDTH="36"/>
						<String ID="P15_ST00421" HPOS="651" VPOS="3188" WIDTH="77" HEIGHT="29" CONTENT="ham" WC="1.00" CC="000"/>
						<SP ID="P15_SP00376" HPOS="728" VPOS="3219" WIDTH="37"/>
						<String ID="P15_ST00422" HPOS="765" VPOS="3186" WIDTH="84" HEIGHT="29" CONTENT="stille" WC="1.00" CC="010020"/>
						<SP ID="P15_SP00377" HPOS="849" VPOS="3219" WIDTH="36"/>
						<String ID="P15_ST00423" HPOS="885" VPOS="3185" WIDTH="221" HEIGHT="29" CONTENT="Lazurfarven" WC="0.87" CC="00256000000"/>
						<SP ID="P15_SP00378" HPOS="1106" VPOS="3219" WIDTH="37"/>
						<String ID="P15_ST00424" HPOS="1143" VPOS="3193" WIDTH="40" HEIGHT="29" CONTENT="op" WC="1.00" CC="00"/>
						<SP ID="P15_SP00379" HPOS="1183" VPOS="3222" WIDTH="32"/>
						<String ID="P15_ST00425" HPOS="1215" VPOS="3182" WIDTH="91" HEIGHT="30" CONTENT="imod" WC="0.99" CC="0400"/>
					</TextLine>
					<TextLine ID="P15_TL00047" HPOS="75" VPOS="3243" WIDTH="1232" HEIGHT="40">
						<String ID="P15_ST00426" HPOS="75" VPOS="3250" WIDTH="198" HEIGHT="29" CONTENT="Dækfarven" WC="1.00" CC="100005000"/>
						<SP ID="P15_SP00380" HPOS="273" VPOS="3279" WIDTH="25"/>
						<String ID="P15_ST00427" HPOS="298" VPOS="3259" WIDTH="73" HEIGHT="19" CONTENT="som" WC="0.99" CC="010"/>
						<SP ID="P15_SP00381" HPOS="371" VPOS="3279" WIDTH="24"/>
						<String ID="P15_ST00428" HPOS="395" VPOS="3258" WIDTH="40" HEIGHT="20" CONTENT="en" WC="0.90" CC="01"/>
						<SP ID="P15_SP00382" HPOS="435" VPOS="3279" WIDTH="26"/>
						<String ID="P15_ST00429" HPOS="461" VPOS="3247" WIDTH="226" HEIGHT="30" CONTENT="Disharmoni." WC="1.00" CC="32000001003"/>
						<SP ID="P15_SP00383" HPOS="687" VPOS="3279" WIDTH="49"/>
						<String ID="P15_ST00430" HPOS="736" VPOS="3245" WIDTH="217" HEIGHT="38" CONTENT="Baggrunden" WC="0.99" CC="0008454000"/>
						<SP ID="P15_SP00384" HPOS="953" VPOS="3283" WIDTH="32"/>
						<String ID="P15_ST00431" HPOS="985" VPOS="3254" WIDTH="33" HEIGHT="19" CONTENT="er" WC="0.34" CC="75"/>
						<SP ID="P15_SP00385" HPOS="1018" VPOS="3283" WIDTH="31"/>
						<String ID="P15_ST00432" HPOS="1049" VPOS="3244" WIDTH="99" HEIGHT="29" CONTENT="malet" WC="0.99" CC="07200"/>
						<SP ID="P15_SP00386" HPOS="1148" VPOS="3283" WIDTH="28"/>
						<String ID="P15_ST00433" HPOS="1176" VPOS="3243" WIDTH="66" HEIGHT="38" CONTENT="dyb" WC="0.99" CC="003"/>
						<SP ID="P15_SP00387" HPOS="1242" VPOS="3283" WIDTH="25"/>
						<String ID="P15_ST00434" HPOS="1267" VPOS="3250" WIDTH="40" HEIGHT="30" CONTENT="og" WC="0.80" CC="30"/>
					</TextLine>
					<TextLine ID="P15_TL00048" HPOS="74" VPOS="3303" WIDTH="1233" HEIGHT="44">
						<String ID="P15_ST00435" HPOS="74" VPOS="3310" WIDTH="185" HEIGHT="29" CONTENT="dækkende" WC="1.00" CC="00004000"/>
						<SP ID="P15_SP00388" HPOS="259" VPOS="3339" WIDTH="23"/>
						<String ID="P15_ST00436" HPOS="282" VPOS="3318" WIDTH="92" HEIGHT="29" CONTENT="grøn," WC="0.98" CC="80302"/>
						<SP ID="P15_SP00389" HPOS="374" VPOS="3347" WIDTH="27"/>
						<String ID="P15_ST00437" HPOS="401" VPOS="3317" WIDTH="39" HEIGHT="29" CONTENT="og" WC="0.59" CC="25"/>
						<SP ID="P15_SP00390" HPOS="440" VPOS="3347" WIDTH="24"/>
						<String ID="P15_ST00438" HPOS="464" VPOS="3309" WIDTH="122" HEIGHT="37" CONTENT="derpaa" WC="1.00" CC="000000"/>
						<SP ID="P15_SP00391" HPOS="586" VPOS="3347" WIDTH="24"/>
						<String ID="P15_ST00439" HPOS="610" VPOS="3317" WIDTH="34" HEIGHT="19" CONTENT="er" WC="0.72" CC="05"/>
						<SP ID="P15_SP00392" HPOS="644" VPOS="3347" WIDTH="17"/>
						<String ID="P15_ST00440" HPOS="661" VPOS="3307" WIDTH="181" HEIGHT="29" CONTENT="Portrættet" WC="0.99" CC="0640604000"/>
						<SP ID="P15_SP00393" HPOS="842" VPOS="3347" WIDTH="24"/>
						<String ID="P15_ST00441" HPOS="866" VPOS="3306" WIDTH="117" HEIGHT="28" CONTENT="lazeret" WC="0.95" CC="0000200"/>
						<SP ID="P15_SP00394" HPOS="983" VPOS="3347" WIDTH="24"/>
						<String ID="P15_ST00442" HPOS="1007" VPOS="3313" WIDTH="62" HEIGHT="29" CONTENT="paa" WC="1.00" CC="000"/>
						<SP ID="P15_SP00395" HPOS="1069" VPOS="3347" WIDTH="19"/>
						<String ID="P15_ST00443" HPOS="1088" VPOS="3303" WIDTH="156" HEIGHT="38" CONTENT="gulbrunt" WC="0.99" CC="65060303"/>
						<SP ID="P15_SP00396" HPOS="1244" VPOS="3347" WIDTH="24"/>
						<String ID="P15_ST00444" HPOS="1268" VPOS="3310" WIDTH="39" HEIGHT="29" CONTENT="og" WC="1.00" CC="00"/>
					</TextLine>
					<TextLine ID="P15_TL00049" HPOS="89" VPOS="3363" WIDTH="1218" HEIGHT="40">
						<String ID="P15_ST00445" HPOS="89" VPOS="3370" WIDTH="65" HEIGHT="29" CONTENT="illa." WC="0.78" CC="34002"/>
						<SP ID="P15_SP00397" HPOS="154" VPOS="3399" WIDTH="29"/>
						<String ID="P15_ST00446" HPOS="183" VPOS="3370" WIDTH="114" HEIGHT="30" CONTENT="Havde" WC="1.00" CC="00000"/>
						<SP ID="P15_SP00398" HPOS="297" VPOS="3400" WIDTH="26"/>
						<String ID="P15_ST00447" HPOS="323" VPOS="3368" WIDTH="158" HEIGHT="30" CONTENT="omvendt" WC="0.99" CC="4072700"/>
						<SP ID="P15_SP00399" HPOS="481" VPOS="3400" WIDTH="24"/>
						<String ID="P15_ST00448" HPOS="505" VPOS="3368" WIDTH="62" HEIGHT="28" CONTENT="den" WC="0.95" CC="608"/>
						<SP ID="P15_SP00400" HPOS="567" VPOS="3400" WIDTH="26"/>
						<String ID="P15_ST00449" HPOS="593" VPOS="3366" WIDTH="267" HEIGHT="37" CONTENT="tilbagegaaende" WC="0.77" CC="14210708004000"/>
						<SP ID="P15_SP00401" HPOS="860" VPOS="3403" WIDTH="25"/>
						<String ID="P15_ST00450" HPOS="885" VPOS="3363" WIDTH="174" HEIGHT="39" CONTENT="Baggrund" WC="0.98" CC="68753470"/>
						<SP ID="P15_SP00402" HPOS="1059" VPOS="3403" WIDTH="20"/>
						<String ID="P15_ST00451" HPOS="1079" VPOS="3365" WIDTH="96" HEIGHT="26" CONTENT="været" WC="0.97" CC="88700"/>
						<SP ID="P15_SP00403" HPOS="1175" VPOS="3403" WIDTH="16"/>
						<String ID="P15_ST00452" HPOS="1191" VPOS="3363" WIDTH="116" HEIGHT="27" CONTENT="lazeret" WC="0.83" CC="1000009"/>
					</TextLine>
				</TextBlock>
				<TextBlock ID="P15_TB00003" HPOS="1351" VPOS="536" WIDTH="1237" HEIGHT="2852" STYLEREFS="TXT_0 PAR_BLOCK">
					<Shape>
						<Polygon POINTS="1351,536 2588,536 2588,3326 2206,3326 2206,3388 1351,3388"/>
					</Shape>
					<TextLine ID="P15_TL00050" HPOS="1353" VPOS="537" WIDTH="1227" HEIGHT="41">
						<String ID="P15_ST00453" HPOS="1353" VPOS="546" WIDTH="39" HEIGHT="29" CONTENT="og" WC="0.46" CC="64"/>
						<SP ID="P15_SP00404" HPOS="1392" VPOS="575" WIDTH="24"/>
						<String ID="P15_ST00454" HPOS="1416" VPOS="537" WIDTH="64" HEIGHT="29" CONTENT="den" WC="0.97" CC="404"/>
						<SP ID="P15_SP00405" HPOS="1480" VPOS="575" WIDTH="25"/>
						<String ID="P15_ST00455" HPOS="1505" VPOS="538" WIDTH="240" HEIGHT="29" CONTENT="fremstaaende" WC="0.64" CC="000872470561"/>
						<SP ID="P15_SP00406" HPOS="1745" VPOS="575" WIDTH="25"/>
						<String ID="P15_ST00456" HPOS="1770" VPOS="537" WIDTH="98" HEIGHT="39" CONTENT="Figur" WC="0.98" CC="01536"/>
						<SP ID="P15_SP00407" HPOS="1868" VPOS="576" WIDTH="25"/>
						<String ID="P15_ST00457" HPOS="1893" VPOS="538" WIDTH="193" HEIGHT="33" CONTENT="dækkende," WC="0.99" CC="000008063"/>
						<SP ID="P15_SP00408" HPOS="2086" VPOS="576" WIDTH="37"/>
						<String ID="P15_ST00458" HPOS="2123" VPOS="539" WIDTH="107" HEIGHT="29" CONTENT="havde" WC="0.97" CC="49600"/>
						<SP ID="P15_SP00409" HPOS="2230" VPOS="576" WIDTH="25"/>
						<String ID="P15_ST00459" HPOS="2255" VPOS="538" WIDTH="202" HEIGHT="40" CONTENT="Virkningen" WC="0.98" CC="3220768508"/>
						<SP ID="P15_SP00410" HPOS="2457" VPOS="578" WIDTH="26"/>
						<String ID="P15_ST00460" HPOS="2483" VPOS="542" WIDTH="97" HEIGHT="27" CONTENT="været" WC="0.98" CC="50304"/>
					</TextLine>
					<TextLine ID="P15_TL00051" HPOS="1352" VPOS="597" WIDTH="1225" HEIGHT="40">
						<String ID="P15_ST00461" HPOS="1352" VPOS="597" WIDTH="124" HEIGHT="38" CONTENT="ganske" WC="0.98" CC="960026"/>
						<SP ID="P15_SP00411" HPOS="1476" VPOS="635" WIDTH="24"/>
						<String ID="P15_ST00462" HPOS="1500" VPOS="598" WIDTH="111" HEIGHT="32" CONTENT="banal," WC="0.97" CC="780980"/>
						<SP ID="P15_SP00412" HPOS="1611" VPOS="635" WIDTH="26"/>
						<String ID="P15_ST00463" HPOS="1637" VPOS="607" WIDTH="45" HEIGHT="19" CONTENT="nu" WC="0.80" CC="03"/>
						<SP ID="P15_SP00413" HPOS="1682" VPOS="635" WIDTH="25"/>
						<String ID="P15_ST00464" HPOS="1707" VPOS="607" WIDTH="33" HEIGHT="20" CONTENT="er" WC="0.76" CC="04"/>
						<SP ID="P15_SP00414" HPOS="1740" VPOS="635" WIDTH="23"/>
						<String ID="P15_ST00465" HPOS="1763" VPOS="598" WIDTH="64" HEIGHT="29" CONTENT="den" WC="0.97" CC="007"/>
						<SP ID="P15_SP00415" HPOS="1827" VPOS="635" WIDTH="24"/>
						<String ID="P15_ST00466" HPOS="1851" VPOS="598" WIDTH="99" HEIGHT="29" CONTENT="første" WC="0.98" CC="036663"/>
						<SP ID="P15_SP00416" HPOS="1950" VPOS="635" WIDTH="25"/>
						<String ID="P15_ST00467" HPOS="1975" VPOS="598" WIDTH="241" HEIGHT="29" CONTENT="overraskende" WC="0.99" CC="282506000100"/>
						<SP ID="P15_SP00417" HPOS="2216" VPOS="635" WIDTH="25"/>
						<String ID="P15_ST00468" HPOS="2241" VPOS="597" WIDTH="161" HEIGHT="40" CONTENT="Virkning" WC="0.99" CC="30031059"/>
						<SP ID="P15_SP00418" HPOS="2402" VPOS="637" WIDTH="24"/>
						<String ID="P15_ST00469" HPOS="2426" VPOS="602" WIDTH="151" HEIGHT="35" CONTENT="opnaaet." WC="0.56" CC="06759050"/>
					</TextLine>
					<TextLine ID="P15_TL00052" HPOS="1353" VPOS="656" WIDTH="1227" HEIGHT="38">
						<String ID="P15_ST00470" HPOS="1353" VPOS="657" WIDTH="75" HEIGHT="29" CONTENT="Men" WC="0.96" CC="226"/>
						<SP ID="P15_SP00419" HPOS="1428" VPOS="686" WIDTH="25"/>
						<String ID="P15_ST00471" HPOS="1453" VPOS="656" WIDTH="146" HEIGHT="31" CONTENT="studerer" WC="0.98" CC="32790709"/>
						<SP ID="P15_SP00420" HPOS="1599" VPOS="687" WIDTH="24"/>
						<String ID="P15_ST00472" HPOS="1623" VPOS="667" WIDTH="78" HEIGHT="19" CONTENT="man" WC="0.95" CC="606"/>
						<SP ID="P15_SP00421" HPOS="1701" VPOS="687" WIDTH="26"/>
						<String ID="P15_ST00473" HPOS="1727" VPOS="667" WIDTH="157" HEIGHT="19" CONTENT="nærmere" WC="0.99" CC="7050060"/>
						<SP ID="P15_SP00422" HPOS="1884" VPOS="687" WIDTH="24"/>
						<String ID="P15_ST00474" HPOS="1908" VPOS="658" WIDTH="39" HEIGHT="28" CONTENT="de" WC="1.00" CC="00"/>
						<SP ID="P15_SP00423" HPOS="1947" VPOS="687" WIDTH="24"/>
						<String ID="P15_ST00475" HPOS="1971" VPOS="660" WIDTH="32" HEIGHT="27" CONTENT="to" WC="1.00" CC="00"/>
						<SP ID="P15_SP00424" HPOS="2003" VPOS="687" WIDTH="27"/>
						<String ID="P15_ST00476" HPOS="2030" VPOS="658" WIDTH="194" HEIGHT="36" CONTENT="Portrætter," WC="0.99" CC="21459500063"/>
						<SP ID="P15_SP00425" HPOS="2224" VPOS="694" WIDTH="33"/>
						<String ID="P15_ST00477" HPOS="2257" VPOS="658" WIDTH="117" HEIGHT="29" CONTENT="træder" WC="0.99" CC="510000"/>
						<SP ID="P15_SP00426" HPOS="2374" VPOS="694" WIDTH="23"/>
						<String ID="P15_ST00478" HPOS="2397" VPOS="658" WIDTH="165" HEIGHT="29" CONTENT="efterhaan" SUBS_TYPE="HypPart1" SUBS_CONTENT="efterhaanden" WC="0.44" CC="038058997"/>
						<HYP HPOS="2562" VPOS="658" WIDTH="18" CONTENT="-"/>
					</TextLine>
					<TextLine ID="P15_TL00053" HPOS="1353" VPOS="717" WIDTH="1228" HEIGHT="39">
						<String ID="P15_ST00479" HPOS="1353" VPOS="717" WIDTH="63" HEIGHT="29" CONTENT="den" SUBS_TYPE="HypPart2" SUBS_CONTENT="efterhaanden" WC="0.90" CC="020"/>
						<SP ID="P15_SP00427" HPOS="1416" VPOS="746" WIDTH="24"/>
						<String ID="P15_ST00480" HPOS="1440" VPOS="717" WIDTH="54" HEIGHT="29" CONTENT="det" WC="1.00" CC="000"/>
						<SP ID="P15_SP00428" HPOS="1494" VPOS="746" WIDTH="23"/>
						<String ID="P15_ST00481" HPOS="1517" VPOS="717" WIDTH="10" HEIGHT="29" CONTENT="i" WC="1.00" CC="0"/>
						<SP ID="P15_SP00429" HPOS="1527" VPOS="746" WIDTH="25"/>
						<String ID="P15_ST00482" HPOS="1552" VPOS="717" WIDTH="99" HEIGHT="30" CONTENT="Profil" WC="0.96" CC="386888"/>
						<SP ID="P15_SP00430" HPOS="1651" VPOS="747" WIDTH="24"/>
						<String ID="P15_ST00483" HPOS="1675" VPOS="718" WIDTH="152" HEIGHT="29" CONTENT="stærkere" WC="0.99" CC="50042000"/>
						<SP ID="P15_SP00431" HPOS="1827" VPOS="747" WIDTH="24"/>
						<String ID="P15_ST00484" HPOS="1851" VPOS="718" WIDTH="94" HEIGHT="37" CONTENT="frem," WC="0.98" CC="46007"/>
						<SP ID="P15_SP00432" HPOS="1945" VPOS="755" WIDTH="33"/>
						<String ID="P15_ST00485" HPOS="1978" VPOS="717" WIDTH="53" HEIGHT="30" CONTENT="det" WC="1.00" CC="000"/>
						<SP ID="P15_SP00433" HPOS="2031" VPOS="755" WIDTH="31"/>
						<String ID="P15_ST00486" HPOS="2062" VPOS="726" WIDTH="33" HEIGHT="20" CONTENT="er" WC="0.97" CC="00"/>
						<SP ID="P15_SP00434" HPOS="2095" VPOS="755" WIDTH="29"/>
						<String ID="P15_ST00487" HPOS="2124" VPOS="717" WIDTH="67" HEIGHT="30" CONTENT="helt" WC="0.98" CC="1070"/>
						<SP ID="P15_SP00435" HPOS="2191" VPOS="755" WIDTH="23"/>
						<String ID="P15_ST00488" HPOS="2214" VPOS="717" WIDTH="169" HEIGHT="38" CONTENT="chagallsk" WC="0.64" CC="036292106"/>
						<SP ID="P15_SP00436" HPOS="2383" VPOS="755" WIDTH="24"/>
						<String ID="P15_ST00489" HPOS="2407" VPOS="717" WIDTH="9" HEIGHT="29" CONTENT="i" WC="0.55" CC="4"/>
						<SP ID="P15_SP00437" HPOS="2416" VPOS="755" WIDTH="26"/>
						<String ID="P15_ST00490" HPOS="2442" VPOS="717" WIDTH="139" HEIGHT="39" CONTENT="Styrken" WC="0.98" CC="0067757"/>
					</TextLine>
					<TextLine ID="P15_TL00054" HPOS="1354" VPOS="778" WIDTH="1226" HEIGHT="37">
						<String ID="P15_ST00491" HPOS="1354" VPOS="785" WIDTH="39" HEIGHT="29" CONTENT="og" WC="1.00" CC="00"/>
						<SP ID="P15_SP00438" HPOS="1393" VPOS="814" WIDTH="35"/>
						<String ID="P15_ST00492" HPOS="1428" VPOS="786" WIDTH="33" HEIGHT="20" CONTENT="er" WC="0.70" CC="05"/>
						<SP ID="P15_SP00439" HPOS="1461" VPOS="814" WIDTH="33"/>
						<String ID="P15_ST00493" HPOS="1494" VPOS="780" WIDTH="120" HEIGHT="26" CONTENT="tømret" WC="0.99" CC="900120"/>
						<SP ID="P15_SP00440" HPOS="1614" VPOS="814" WIDTH="33"/>
						<String ID="P15_ST00494" HPOS="1647" VPOS="778" WIDTH="77" HEIGHT="37" CONTENT="godl" WC="0.96" CC="5551"/>
						<SP ID="P15_SP00441" HPOS="1724" VPOS="815" WIDTH="33"/>
						<String ID="P15_ST00495" HPOS="1757" VPOS="787" WIDTH="151" HEIGHT="19" CONTENT="sammen" WC="0.99" CC="073004"/>
						<SP ID="P15_SP00442" HPOS="1908" VPOS="815" WIDTH="33"/>
						<String ID="P15_ST00496" HPOS="1941" VPOS="778" WIDTH="75" HEIGHT="28" CONTENT="med" WC="0.98" CC="013"/>
						<SP ID="P15_SP00443" HPOS="2016" VPOS="815" WIDTH="32"/>
						<String ID="P15_ST00497" HPOS="2048" VPOS="778" WIDTH="173" HEIGHT="29" CONTENT="Rammen." WC="0.98" CC="5460074"/>
						<SP ID="P15_SP00444" HPOS="2221" VPOS="815" WIDTH="48"/>
						<String ID="P15_ST00498" HPOS="2269" VPOS="778" WIDTH="62" HEIGHT="28" CONTENT="Det" WC="0.99" CC="001"/>
						<SP ID="P15_SP00445" HPOS="2331" VPOS="815" WIDTH="23"/>
						<String ID="P15_ST00499" HPOS="2354" VPOS="787" WIDTH="33" HEIGHT="19" CONTENT="er" WC="0.65" CC="07"/>
						<SP ID="P15_SP00446" HPOS="2387" VPOS="815" WIDTH="24"/>
						<String ID="P15_ST00500" HPOS="2411" VPOS="778" WIDTH="145" HEIGHT="29" CONTENT="Sammen" SUBS_TYPE="HypPart1" SUBS_CONTENT="Sammenhængen" WC="0.99" CC="000007"/>
						<HYP HPOS="2556" VPOS="778" WIDTH="24" CONTENT="-"/>
					</TextLine>
					<TextLine ID="P15_TL00055" HPOS="1353" VPOS="837" WIDTH="1227" HEIGHT="38">
						<String ID="P15_ST00501" HPOS="1353" VPOS="837" WIDTH="140" HEIGHT="38" CONTENT="hængen" SUBS_TYPE="HypPart2" SUBS_CONTENT="Sammenhængen" WC="0.99" CC="006801"/>
						<SP ID="P15_SP00447" HPOS="1493" VPOS="875" WIDTH="35"/>
						<String ID="P15_ST00502" HPOS="1528" VPOS="837" WIDTH="56" HEIGHT="30" CONTENT="der" WC="0.97" CC="007"/>
						<SP ID="P15_SP00448" HPOS="1584" VPOS="875" WIDTH="35"/>
						<String ID="P15_ST00503" HPOS="1619" VPOS="838" WIDTH="86" HEIGHT="29" CONTENT="slaar" WC="0.80" CC="30050"/>
						<SP ID="P15_SP00449" HPOS="1705" VPOS="875" WIDTH="36"/>
						<String ID="P15_ST00504" HPOS="1741" VPOS="838" WIDTH="185" HEIGHT="29" CONTENT="Beskueren" WC="0.99" CC="500060446"/>
						<SP ID="P15_SP00450" HPOS="1926" VPOS="875" WIDTH="36"/>
						<String ID="P15_ST00505" HPOS="1962" VPOS="837" WIDTH="8" HEIGHT="29" CONTENT="i" WC="0.77" CC="2"/>
						<SP ID="P15_SP00451" HPOS="1970" VPOS="875" WIDTH="38"/>
						<String ID="P15_ST00506" HPOS="2008" VPOS="837" WIDTH="94" HEIGHT="30" CONTENT="Møde" WC="0.96" CC="6292"/>
						<SP ID="P15_SP00452" HPOS="2102" VPOS="875" WIDTH="33"/>
						<String ID="P15_ST00507" HPOS="2135" VPOS="846" WIDTH="40" HEIGHT="29" CONTENT="og" WC="0.22" CC="69"/>
						<SP ID="P15_SP00453" HPOS="2175" VPOS="875" WIDTH="23"/>
						<String ID="P15_ST00508" HPOS="2198" VPOS="847" WIDTH="71" HEIGHT="19" CONTENT="som" WC="0.95" CC="850"/>
						<SP ID="P15_SP00454" HPOS="2269" VPOS="875" WIDTH="26"/>
						<String ID="P15_ST00509" HPOS="2295" VPOS="837" WIDTH="8" HEIGHT="28" CONTENT="i" WC="0.54" CC="4"/>
						<SP ID="P15_SP00455" HPOS="2303" VPOS="875" WIDTH="25"/>
						<String ID="P15_ST00510" HPOS="2328" VPOS="837" WIDTH="252" HEIGHT="38" CONTENT="Virkeligheden" WC="0.99" CC="0603053570965"/>
					</TextLine>
					<TextLine ID="P15_TL00056" HPOS="1353" VPOS="897" WIDTH="273" HEIGHT="29">
						<String ID="P15_ST00511" HPOS="1353" VPOS="897" WIDTH="103" HEIGHT="29" CONTENT="bærer" WC="0.99" CC="30024"/>
						<SP ID="P15_SP00456" HPOS="1456" VPOS="926" WIDTH="23"/>
						<String ID="P15_ST00512" HPOS="1479" VPOS="897" WIDTH="147" HEIGHT="29" CONTENT="Billedet." WC="1.00" CC="007400000"/>
					</TextLine>
					<TextLine ID="P15_TL00057" HPOS="1418" VPOS="956" WIDTH="1164" HEIGHT="39">
						<String ID="P15_ST00513" HPOS="1418" VPOS="957" WIDTH="142" HEIGHT="29" CONTENT="Vilhelm" WC="0.99" CC="0054030"/>
						<SP ID="P15_SP00457" HPOS="1560" VPOS="986" WIDTH="19"/>
						<String ID="P15_ST00514" HPOS="1579" VPOS="957" WIDTH="220" HEIGHT="30" CONTENT="Lundstrøms" WC="1.00" CC="0660000000"/>
						<SP ID="P15_SP00458" HPOS="1799" VPOS="987" WIDTH="17"/>
						<String ID="P15_ST00515" HPOS="1816" VPOS="957" WIDTH="206" HEIGHT="30" CONTENT="Anvendelse" WC="1.00" CC="1201000100"/>
						<SP ID="P15_SP00459" HPOS="2022" VPOS="987" WIDTH="25"/>
						<String ID="P15_ST00516" HPOS="2047" VPOS="957" WIDTH="34" HEIGHT="29" CONTENT="af" WC="1.00" CC="00"/>
						<SP ID="P15_SP00460" HPOS="2081" VPOS="987" WIDTH="14"/>
						<String ID="P15_ST00517" HPOS="2095" VPOS="956" WIDTH="146" HEIGHT="31" CONTENT="Relieffet" WC="0.99" CC="625500000"/>
						<SP ID="P15_SP00461" HPOS="2241" VPOS="987" WIDTH="23"/>
						<String ID="P15_ST00518" HPOS="2264" VPOS="967" WIDTH="32" HEIGHT="19" CONTENT="er" WC="0.94" CC="01"/>
						<SP ID="P15_SP00462" HPOS="2296" VPOS="987" WIDTH="24"/>
						<String ID="P15_ST00519" HPOS="2320" VPOS="957" WIDTH="8" HEIGHT="29" CONTENT="i" WC="1.00" CC="0"/>
						<SP ID="P15_SP00463" HPOS="2328" VPOS="987" WIDTH="19"/>
						<String ID="P15_ST00520" HPOS="2347" VPOS="957" WIDTH="47" HEIGHT="38" CONTENT="sig" WC="0.99" CC="030"/>
						<SP ID="P15_SP00464" HPOS="2394" VPOS="995" WIDTH="17"/>
						<String ID="P15_ST00521" HPOS="2411" VPOS="966" WIDTH="56" HEIGHT="21" CONTENT="saa" WC="1.00" CC="000"/>
						<SP ID="P15_SP00465" HPOS="2467" VPOS="995" WIDTH="17"/>
						<String ID="P15_ST00522" HPOS="2484" VPOS="957" WIDTH="98" HEIGHT="30" CONTENT="stærk" WC="1.00" CC="00000"/>
					</TextLine>
					<TextLine ID="P15_TL00058" HPOS="1353" VPOS="1016" WIDTH="1229" HEIGHT="39">
						<String ID="P15_ST00523" HPOS="1353" VPOS="1026" WIDTH="40" HEIGHT="20" CONTENT="en" WC="1.00" CC="00"/>
						<SP ID="P15_SP00466" HPOS="1393" VPOS="1046" WIDTH="25"/>
						<String ID="P15_ST00524" HPOS="1418" VPOS="1016" WIDTH="172" HEIGHT="39" CONTENT="Virkning," WC="0.99" CC="006000474"/>
						<SP ID="P15_SP00467" HPOS="1590" VPOS="1055" WIDTH="27"/>
						<String ID="P15_ST00525" HPOS="1617" VPOS="1020" WIDTH="31" HEIGHT="26" CONTENT="at" WC="0.64" CC="07"/>
						<SP ID="P15_SP00468" HPOS="1648" VPOS="1055" WIDTH="24"/>
						<String ID="P15_ST00526" HPOS="1672" VPOS="1027" WIDTH="79" HEIGHT="19" CONTENT="man" WC="1.00" CC="001"/>
						<SP ID="P15_SP00469" HPOS="1751" VPOS="1055" WIDTH="24"/>
						<String ID="P15_ST00527" HPOS="1775" VPOS="1020" WIDTH="125" HEIGHT="26" CONTENT="næsten" WC="1.00" CC="000000"/>
						<SP ID="P15_SP00470" HPOS="1900" VPOS="1055" WIDTH="24"/>
						<String ID="P15_ST00528" HPOS="1924" VPOS="1017" WIDTH="158" HEIGHT="38" CONTENT="glemmer" WC="1.00" CC="0000005"/>
						<SP ID="P15_SP00471" HPOS="2082" VPOS="1055" WIDTH="32"/>
						<String ID="P15_ST00529" HPOS="2114" VPOS="1020" WIDTH="31" HEIGHT="26" CONTENT="at" WC="0.15" CC="96"/>
						<SP ID="P15_SP00472" HPOS="2145" VPOS="1055" WIDTH="26"/>
						<String ID="P15_ST00530" HPOS="2171" VPOS="1017" WIDTH="107" HEIGHT="29" CONTENT="kræve" WC="0.98" CC="06090"/>
						<SP ID="P15_SP00473" HPOS="2278" VPOS="1055" WIDTH="24"/>
						<String ID="P15_ST00531" HPOS="2302" VPOS="1018" WIDTH="80" HEIGHT="28" CONTENT="ham" WC="0.95" CC="770"/>
						<SP ID="P15_SP00474" HPOS="2382" VPOS="1055" WIDTH="24"/>
						<String ID="P15_ST00532" HPOS="2406" VPOS="1018" WIDTH="50" HEIGHT="28" CONTENT="for" WC="0.96" CC="054"/>
						<SP ID="P15_SP00475" HPOS="2456" VPOS="1055" WIDTH="25"/>
						<String ID="P15_ST00533" HPOS="2481" VPOS="1017" WIDTH="81" HEIGHT="30" CONTENT="Sand" SUBS_TYPE="HypPart1" SUBS_CONTENT="Sandheden" WC="0.97" CC="3950"/>
						<HYP HPOS="2562" VPOS="1017" WIDTH="20" CONTENT="-"/>
					</TextLine>
					<TextLine ID="P15_TL00059" HPOS="1353" VPOS="1076" WIDTH="1227" HEIGHT="39">
						<String ID="P15_ST00534" HPOS="1353" VPOS="1076" WIDTH="108" HEIGHT="29" CONTENT="heden" SUBS_TYPE="HypPart2" SUBS_CONTENT="Sandheden" WC="0.99" CC="00004"/>
						<SP ID="P15_SP00476" HPOS="1461" VPOS="1105" WIDTH="25"/>
						<String ID="P15_ST00535" HPOS="1486" VPOS="1086" WIDTH="54" HEIGHT="20" CONTENT="om" WC="0.73" CC="50"/>
						<SP ID="P15_SP00477" HPOS="1540" VPOS="1106" WIDTH="26"/>
						<String ID="P15_ST00536" HPOS="1566" VPOS="1077" WIDTH="84" HEIGHT="28" CONTENT="dette" WC="1.00" CC="00300"/>
						<SP ID="P15_SP00478" HPOS="1650" VPOS="1106" WIDTH="25"/>
						<String ID="P15_ST00537" HPOS="1675" VPOS="1076" WIDTH="111" HEIGHT="31" CONTENT="Relief." WC="0.99" CC="0214000"/>
						<SP ID="P15_SP00479" HPOS="1786" VPOS="1107" WIDTH="28"/>
						<String ID="P15_ST00538" HPOS="1814" VPOS="1077" WIDTH="12" HEIGHT="28" CONTENT="I" WC="1.00" CC="0"/>
						<SP ID="P15_SP00480" HPOS="1826" VPOS="1107" WIDTH="19"/>
						<String ID="P15_ST00539" HPOS="1845" VPOS="1077" WIDTH="136" HEIGHT="29" CONTENT="Billedet" WC="1.00" CC="20130003"/>
						<SP ID="P15_SP00481" HPOS="1981" VPOS="1107" WIDTH="23"/>
						<String ID="P15_ST00540" HPOS="2004" VPOS="1077" WIDTH="77" HEIGHT="28" CONTENT="med" WC="0.99" CC="300"/>
						<SP ID="P15_SP00482" HPOS="2081" VPOS="1107" WIDTH="24"/>
						<String ID="P15_ST00541" HPOS="2105" VPOS="1077" WIDTH="53" HEIGHT="28" CONTENT="det" WC="1.00" CC="000"/>
						<SP ID="P15_SP00483" HPOS="2158" VPOS="1107" WIDTH="24"/>
						<String ID="P15_ST00542" HPOS="2182" VPOS="1077" WIDTH="194" HEIGHT="38" CONTENT="paamalede" WC="1.00" CC="063000000"/>
						<SP ID="P15_SP00484" HPOS="2376" VPOS="1115" WIDTH="25"/>
						<String ID="P15_ST00543" HPOS="2401" VPOS="1078" WIDTH="179" HEIGHT="29" CONTENT="Landskab" WC="0.99" CC="00506096"/>
					</TextLine>
					<TextLine ID="P15_TL00060" HPOS="1353" VPOS="1136" WIDTH="1227" HEIGHT="40">
						<String ID="P15_ST00544" HPOS="1353" VPOS="1145" WIDTH="51" HEIGHT="21" CONTENT="ser" WC="0.98" CC="005"/>
						<SP ID="P15_SP00485" HPOS="1404" VPOS="1166" WIDTH="34"/>
						<String ID="P15_ST00545" HPOS="1438" VPOS="1146" WIDTH="79" HEIGHT="20" CONTENT="man" WC="1.00" CC="000"/>
						<SP ID="P15_SP00486" HPOS="1517" VPOS="1166" WIDTH="35"/>
						<String ID="P15_ST00546" HPOS="1552" VPOS="1137" WIDTH="77" HEIGHT="29" CONTENT="ham" WC="0.99" CC="200"/>
						<SP ID="P15_SP00487" HPOS="1629" VPOS="1166" WIDTH="38"/>
						<String ID="P15_ST00547" HPOS="1667" VPOS="1137" WIDTH="83" HEIGHT="29" CONTENT="stille" WC="0.98" CC="064570"/>
						<SP ID="P15_SP00488" HPOS="1750" VPOS="1166" WIDTH="35"/>
						<String ID="P15_ST00548" HPOS="1785" VPOS="1140" WIDTH="32" HEIGHT="26" CONTENT="to" WC="0.74" CC="05"/>
						<SP ID="P15_SP00489" HPOS="1817" VPOS="1166" WIDTH="33"/>
						<String ID="P15_ST00549" HPOS="1850" VPOS="1137" WIDTH="330" HEIGHT="29" CONTENT="inkommensurable" WC="0.73" CC="450300070253520"/>
						<SP ID="P15_SP00490" HPOS="2180" VPOS="1166" WIDTH="25"/>
						<String ID="P15_ST00550" HPOS="2205" VPOS="1136" WIDTH="196" HEIGHT="39" CONTENT="Virkninger" WC="0.99" CC="0290662902"/>
						<SP ID="P15_SP00491" HPOS="2401" VPOS="1175" WIDTH="24"/>
						<String ID="P15_ST00551" HPOS="2425" VPOS="1147" WIDTH="41" HEIGHT="29" CONTENT="op" WC="0.82" CC="30"/>
						<SP ID="P15_SP00492" HPOS="2466" VPOS="1176" WIDTH="25"/>
						<String ID="P15_ST00552" HPOS="2491" VPOS="1138" WIDTH="89" HEIGHT="29" CONTENT="imod" WC="0.98" CC="3004"/>
					</TextLine>
					<TextLine ID="P15_TL00061" HPOS="1352" VPOS="1196" WIDTH="1230" HEIGHT="39">
						<String ID="P15_ST00553" HPOS="1352" VPOS="1196" WIDTH="182" HEIGHT="38" CONTENT="hinanden," WC="0.99" CC="602000444"/>
						<SP ID="P15_SP00493" HPOS="1534" VPOS="1234" WIDTH="37"/>
						<String ID="P15_ST00554" HPOS="1571" VPOS="1197" WIDTH="121" HEIGHT="38" CONTENT="nemlig" WC="0.99" CC="000008"/>
						<SP ID="P15_SP00494" HPOS="1692" VPOS="1235" WIDTH="35"/>
						<String ID="P15_ST00555" HPOS="1727" VPOS="1197" WIDTH="54" HEIGHT="29" CONTENT="det" WC="1.00" CC="000"/>
						<SP ID="P15_SP00495" HPOS="1781" VPOS="1235" WIDTH="35"/>
						<String ID="P15_ST00556" HPOS="1816" VPOS="1197" WIDTH="155" HEIGHT="37" CONTENT="virkelige" WC="0.99" CC="904004090"/>
						<SP ID="P15_SP00496" HPOS="1971" VPOS="1235" WIDTH="36"/>
						<String ID="P15_ST00557" HPOS="2007" VPOS="1197" WIDTH="105" HEIGHT="29" CONTENT="Relief" WC="0.99" CC="515300"/>
						<SP ID="P15_SP00497" HPOS="2112" VPOS="1235" WIDTH="31"/>
						<String ID="P15_ST00558" HPOS="2143" VPOS="1197" WIDTH="9" HEIGHT="28" CONTENT="i" WC="0.85" CC="1"/>
						<SP ID="P15_SP00498" HPOS="2152" VPOS="1235" WIDTH="35"/>
						<String ID="P15_ST00559" HPOS="2187" VPOS="1197" WIDTH="196" HEIGHT="29" CONTENT="Brædderne" WC="0.99" CC="760003880"/>
						<SP ID="P15_SP00499" HPOS="2383" VPOS="1235" WIDTH="33"/>
						<String ID="P15_ST00560" HPOS="2416" VPOS="1198" WIDTH="78" HEIGHT="28" CONTENT="mod" WC="0.96" CC="901"/>
						<SP ID="P15_SP00500" HPOS="2494" VPOS="1235" WIDTH="25"/>
						<String ID="P15_ST00561" HPOS="2519" VPOS="1197" WIDTH="63" HEIGHT="29" CONTENT="den" WC="0.97" CC="017"/>
					</TextLine>
					<TextLine ID="P15_TL00062" HPOS="1353" VPOS="1256" WIDTH="1227" HEIGHT="40">
						<String ID="P15_ST00562" HPOS="1353" VPOS="1256" WIDTH="209" HEIGHT="30" CONTENT="fremstillede" WC="1.00" CC="040000003000"/>
						<SP ID="P15_SP00501" HPOS="1562" VPOS="1286" WIDTH="26"/>
						<String ID="P15_ST00563" HPOS="1588" VPOS="1266" WIDTH="39" HEIGHT="29" CONTENT="og" WC="0.63" CC="06"/>
						<SP ID="P15_SP00502" HPOS="1627" VPOS="1295" WIDTH="24"/>
						<String ID="P15_ST00564" HPOS="1651" VPOS="1258" WIDTH="104" HEIGHT="28" CONTENT="falske" WC="0.99" CC="084000"/>
						<SP ID="P15_SP00503" HPOS="1755" VPOS="1295" WIDTH="19"/>
						<String ID="P15_ST00565" HPOS="1774" VPOS="1257" WIDTH="115" HEIGHT="39" CONTENT="Dybde" WC="0.98" CC="36600"/>
						<SP ID="P15_SP00504" HPOS="1889" VPOS="1296" WIDTH="25"/>
						<String ID="P15_ST00566" HPOS="1914" VPOS="1257" WIDTH="9" HEIGHT="28" CONTENT="i" WC="1.00" CC="0"/>
						<SP ID="P15_SP00505" HPOS="1923" VPOS="1296" WIDTH="18"/>
						<String ID="P15_ST00567" HPOS="1941" VPOS="1257" WIDTH="213" HEIGHT="29" CONTENT="Landskabet" WC="0.99" CC="0960000403"/>
						<SP ID="P15_SP00506" HPOS="2154" VPOS="1296" WIDTH="24"/>
						<String ID="P15_ST00568" HPOS="2178" VPOS="1257" WIDTH="75" HEIGHT="28" CONTENT="med" WC="0.98" CC="050"/>
						<SP ID="P15_SP00507" HPOS="2253" VPOS="1296" WIDTH="18"/>
						<String ID="P15_ST00569" HPOS="2271" VPOS="1257" WIDTH="85" HEIGHT="29" CONTENT="Søen" WC="0.99" CC="0005"/>
						<SP ID="P15_SP00508" HPOS="2356" VPOS="1296" WIDTH="18"/>
						<String ID="P15_ST00570" HPOS="2374" VPOS="1265" WIDTH="39" HEIGHT="30" CONTENT="og" WC="0.73" CC="50"/>
						<SP ID="P15_SP00509" HPOS="2413" VPOS="1296" WIDTH="17"/>
						<String ID="P15_ST00571" HPOS="2430" VPOS="1257" WIDTH="150" HEIGHT="38" CONTENT="Bjærget;" WC="0.98" CC="31007454"/>
					</TextLine>
					<TextLine ID="P15_TL00063" HPOS="1354" VPOS="1316" WIDTH="1226" HEIGHT="38">
						<String ID="P15_ST00572" HPOS="1354" VPOS="1327" WIDTH="77" HEIGHT="20" CONTENT="men" WC="0.99" CC="002"/>
						<SP ID="P15_SP00510" HPOS="1431" VPOS="1347" WIDTH="24"/>
						<String ID="P15_ST00573" HPOS="1455" VPOS="1317" WIDTH="10" HEIGHT="29" CONTENT="i" WC="1.00" CC="0"/>
						<SP ID="P15_SP00511" HPOS="1465" VPOS="1347" WIDTH="26"/>
						<String ID="P15_ST00574" HPOS="1491" VPOS="1317" WIDTH="136" HEIGHT="30" CONTENT="Billedet" WC="0.99" CC="52000030"/>
						<SP ID="P15_SP00512" HPOS="1627" VPOS="1347" WIDTH="23"/>
						<String ID="P15_ST00575" HPOS="1650" VPOS="1317" WIDTH="49" HEIGHT="30" CONTENT="fra" WC="1.00" CC="000"/>
						<SP ID="P15_SP00513" HPOS="1699" VPOS="1347" WIDTH="24"/>
						<String ID="P15_ST00576" HPOS="1723" VPOS="1317" WIDTH="98" HEIGHT="30" CONTENT="sidste" WC="1.00" CC="030000"/>
						<SP ID="P15_SP00514" HPOS="1821" VPOS="1347" WIDTH="26"/>
						<String ID="P15_ST00577" HPOS="1847" VPOS="1316" WIDTH="347" HEIGHT="38" CONTENT="Efteraarsudstilling," WC="0.90" CC="00000000050000050502"/>
						<SP ID="P15_SP00515" HPOS="2194" VPOS="1354" WIDTH="26"/>
						<String ID="P15_ST00578" HPOS="2220" VPOS="1317" WIDTH="54" HEIGHT="28" CONTENT="det" WC="1.00" CC="000"/>
						<SP ID="P15_SP00516" HPOS="2274" VPOS="1354" WIDTH="23"/>
						<String ID="P15_ST00579" HPOS="2297" VPOS="1316" WIDTH="72" HEIGHT="30" CONTENT="3die" WC="0.91" CC="3000"/>
						<SP ID="P15_SP00517" HPOS="2369" VPOS="1354" WIDTH="25"/>
						<String ID="P15_ST00580" HPOS="2394" VPOS="1317" WIDTH="83" HEIGHT="37" CONTENT="Bud," WC="0.97" CC="5604"/>
						<SP ID="P15_SP00518" HPOS="2477" VPOS="1354" WIDTH="33"/>
						<String ID="P15_ST00581" HPOS="2510" VPOS="1326" WIDTH="70" HEIGHT="20" CONTENT="som" WC="0.99" CC="030"/>
					</TextLine>
					<TextLine ID="P15_TL00064" HPOS="1354" VPOS="1377" WIDTH="1228" HEIGHT="37">
						<String ID="P15_ST00582" HPOS="1354" VPOS="1379" WIDTH="160" HEIGHT="29" CONTENT="desværre" WC="0.99" CC="00000654"/>
						<SP ID="P15_SP00519" HPOS="1514" VPOS="1408" WIDTH="25"/>
						<String ID="P15_ST00583" HPOS="1539" VPOS="1378" WIDTH="76" HEIGHT="29" CONTENT="ikke" WC="0.99" CC="3000"/>
						<SP ID="P15_SP00520" HPOS="1615" VPOS="1408" WIDTH="24"/>
						<String ID="P15_ST00584" HPOS="1639" VPOS="1378" WIDTH="153" HEIGHT="30" CONTENT="existerer" WC="0.92" CC="000070000"/>
						<SP ID="P15_SP00521" HPOS="1792" VPOS="1408" WIDTH="24"/>
						<String ID="P15_ST00585" HPOS="1816" VPOS="1387" WIDTH="98" HEIGHT="27" CONTENT="mere," WC="1.00" CC="00000"/>
						<SP ID="P15_SP00522" HPOS="1914" VPOS="1414" WIDTH="34"/>
						<String ID="P15_ST00586" HPOS="1948" VPOS="1378" WIDTH="110" HEIGHT="28" CONTENT="mødte" WC="1.00" CC="00000"/>
						<SP ID="P15_SP00523" HPOS="2058" VPOS="1414" WIDTH="31"/>
						<String ID="P15_ST00587" HPOS="2089" VPOS="1387" WIDTH="79" HEIGHT="19" CONTENT="man" WC="0.99" CC="003"/>
						<SP ID="P15_SP00524" HPOS="2168" VPOS="1414" WIDTH="24"/>
						<String ID="P15_ST00588" HPOS="2192" VPOS="1387" WIDTH="41" HEIGHT="19" CONTENT="en" WC="0.88" CC="02"/>
						<SP ID="P15_SP00525" HPOS="2233" VPOS="1414" WIDTH="24"/>
						<String ID="P15_ST00589" HPOS="2257" VPOS="1377" WIDTH="53" HEIGHT="29" CONTENT="hel" WC="1.00" CC="000"/>
						<SP ID="P15_SP00526" HPOS="2310" VPOS="1414" WIDTH="25"/>
						<String ID="P15_ST00590" HPOS="2335" VPOS="1377" WIDTH="121" HEIGHT="29" CONTENT="Række" WC="1.00" CC="40000"/>
						<SP ID="P15_SP00527" HPOS="2456" VPOS="1414" WIDTH="25"/>
						<String ID="P15_ST00591" HPOS="2481" VPOS="1377" WIDTH="81" HEIGHT="29" CONTENT="Sand" SUBS_TYPE="HypPart1" SUBS_CONTENT="Sandheder" WC="0.99" CC="0000"/>
						<HYP HPOS="2562" VPOS="1377" WIDTH="20" CONTENT="-"/>
					</TextLine>
					<TextLine ID="P15_TL00065" HPOS="1356" VPOS="1437" WIDTH="1228" HEIGHT="39">
						<String ID="P15_ST00592" HPOS="1356" VPOS="1439" WIDTH="100" HEIGHT="30" CONTENT="heder" SUBS_TYPE="HypPart2" SUBS_CONTENT="Sandheder" WC="0.98" CC="50033"/>
						<SP ID="P15_SP00528" HPOS="1456" VPOS="1469" WIDTH="24"/>
						<String ID="P15_ST00593" HPOS="1480" VPOS="1448" WIDTH="54" HEIGHT="20" CONTENT="om" WC="0.70" CC="50"/>
						<SP ID="P15_SP00529" HPOS="1534" VPOS="1469" WIDTH="26"/>
						<String ID="P15_ST00594" HPOS="1560" VPOS="1439" WIDTH="312" HEIGHT="37" CONTENT="Sammenhængen," WC="1.00" CC="0007004037003"/>
						<SP ID="P15_SP00530" HPOS="1872" VPOS="1476" WIDTH="26"/>
						<String ID="P15_ST00595" HPOS="1898" VPOS="1438" WIDTH="77" HEIGHT="29" CONTENT="d.v." WC="0.88" CC="0004"/>
						<SP ID="P15_SP00531" HPOS="1975" VPOS="1476" WIDTH="16"/>
						<String ID="P15_ST00596" HPOS="1991" VPOS="1447" WIDTH="24" HEIGHT="20" CONTENT="s." WC="0.78" CC="04"/>
						<SP ID="P15_SP00532" HPOS="2015" VPOS="1476" WIDTH="20"/>
						<String ID="P15_ST00597" HPOS="2035" VPOS="1447" WIDTH="53" HEIGHT="20" CONTENT="om" WC="0.68" CC="14"/>
						<SP ID="P15_SP00533" HPOS="2088" VPOS="1476" WIDTH="20"/>
						<String ID="P15_ST00598" HPOS="2108" VPOS="1437" WIDTH="242" HEIGHT="39" CONTENT="Komposition." WC="1.00" CC="000004000032"/>
						<SP ID="P15_SP00534" HPOS="2350" VPOS="1476" WIDTH="28"/>
						<String ID="P15_ST00599" HPOS="2378" VPOS="1437" WIDTH="136" HEIGHT="29" CONTENT="Billedet" WC="0.99" CC="01550000"/>
						<SP ID="P15_SP00535" HPOS="2514" VPOS="1476" WIDTH="17"/>
						<String ID="P15_ST00600" HPOS="2531" VPOS="1437" WIDTH="36" HEIGHT="29" CONTENT="be" SUBS_TYPE="HypPart1" SUBS_CONTENT="bestod" WC="0.99" CC="20"/>
						<HYP HPOS="2567" VPOS="1437" WIDTH="17" CONTENT="-"/>
					</TextLine>
					<TextLine ID="P15_TL00066" HPOS="1356" VPOS="1496" WIDTH="1227" HEIGHT="41">
						<String ID="P15_ST00601" HPOS="1356" VPOS="1500" WIDTH="74" HEIGHT="29" CONTENT="stod" SUBS_TYPE="HypPart2" SUBS_CONTENT="bestod" WC="1.00" CC="0000"/>
						<SP ID="P15_SP00536" HPOS="1430" VPOS="1529" WIDTH="24"/>
						<String ID="P15_ST00602" HPOS="1454" VPOS="1500" WIDTH="35" HEIGHT="28" CONTENT="af" WC="0.59" CC="70"/>
						<SP ID="P15_SP00537" HPOS="1489" VPOS="1529" WIDTH="14"/>
						<String ID="P15_ST00603" HPOS="1503" VPOS="1499" WIDTH="229" HEIGHT="38" CONTENT="Billedplanen" WC="0.84" CC="000050000506"/>
						<SP ID="P15_SP00538" HPOS="1732" VPOS="1537" WIDTH="25"/>
						<String ID="P15_ST00604" HPOS="1757" VPOS="1507" WIDTH="39" HEIGHT="29" CONTENT="og" WC="1.00" CC="00"/>
						<SP ID="P15_SP00539" HPOS="1796" VPOS="1537" WIDTH="25"/>
						<String ID="P15_ST00605" HPOS="1821" VPOS="1499" WIDTH="35" HEIGHT="29" CONTENT="af" WC="0.72" CC="40"/>
						<SP ID="P15_SP00540" HPOS="1856" VPOS="1537" WIDTH="19"/>
						<String ID="P15_ST00606" HPOS="1875" VPOS="1501" WIDTH="32" HEIGHT="26" CONTENT="to" WC="0.80" CC="04"/>
						<SP ID="P15_SP00541" HPOS="1907" VPOS="1537" WIDTH="18"/>
						<String ID="P15_ST00607" HPOS="1925" VPOS="1497" WIDTH="347" HEIGHT="31" CONTENT="halvmaaneformede" WC="0.92" CC="0030000000060200"/>
						<SP ID="P15_SP00542" HPOS="2272" VPOS="1537" WIDTH="18"/>
						<String ID="P15_ST00608" HPOS="2290" VPOS="1496" WIDTH="128" HEIGHT="38" CONTENT="Planer," WC="0.99" CC="0503050"/>
						<SP ID="P15_SP00543" HPOS="2418" VPOS="1537" WIDTH="26"/>
						<String ID="P15_ST00609" HPOS="2444" VPOS="1497" WIDTH="63" HEIGHT="29" CONTENT="den" WC="0.98" CC="004"/>
						<SP ID="P15_SP00544" HPOS="2507" VPOS="1537" WIDTH="17"/>
						<String ID="P15_ST00610" HPOS="2524" VPOS="1507" WIDTH="59" HEIGHT="19" CONTENT="ene" WC="1.00" CC="000"/>
					</TextLine>
					<TextLine ID="P15_TL00067" HPOS="1357" VPOS="1556" WIDTH="1226" HEIGHT="41">
						<String ID="P15_ST00611" HPOS="1357" VPOS="1560" WIDTH="74" HEIGHT="29" CONTENT="stod" WC="0.99" CC="0030"/>
						<SP ID="P15_SP00545" HPOS="1431" VPOS="1589" WIDTH="23"/>
						<String ID="P15_ST00612" HPOS="1454" VPOS="1560" WIDTH="82" HEIGHT="29" CONTENT="frem" WC="0.99" CC="0500"/>
						<SP ID="P15_SP00546" HPOS="1536" VPOS="1589" WIDTH="26"/>
						<String ID="P15_ST00613" HPOS="1562" VPOS="1560" WIDTH="49" HEIGHT="29" CONTENT="fra" WC="0.98" CC="060"/>
						<SP ID="P15_SP00547" HPOS="1611" VPOS="1589" WIDTH="24"/>
						<String ID="P15_ST00614" HPOS="1635" VPOS="1559" WIDTH="240" HEIGHT="38" CONTENT="Billedplanen," WC="0.79" CC="3024000500064"/>
						<SP ID="P15_SP00548" HPOS="1875" VPOS="1597" WIDTH="35"/>
						<String ID="P15_ST00615" HPOS="1910" VPOS="1559" WIDTH="148" HEIGHT="37" CONTENT="hvorpaa" WC="0.76" CC="5055000"/>
						<SP ID="P15_SP00549" HPOS="2058" VPOS="1597" WIDTH="33"/>
						<String ID="P15_ST00616" HPOS="2091" VPOS="1557" WIDTH="63" HEIGHT="29" CONTENT="den" WC="0.98" CC="005"/>
						<SP ID="P15_SP00550" HPOS="2154" VPOS="1597" WIDTH="33"/>
						<String ID="P15_ST00617" HPOS="2187" VPOS="1557" WIDTH="138" HEIGHT="29" CONTENT="støttede" WC="1.00" CC="00800000"/>
						<SP ID="P15_SP00551" HPOS="2325" VPOS="1597" WIDTH="33"/>
						<String ID="P15_ST00618" HPOS="2358" VPOS="1556" WIDTH="47" HEIGHT="38" CONTENT="sig" WC="0.97" CC="006"/>
						<SP ID="P15_SP00552" HPOS="2405" VPOS="1597" WIDTH="29"/>
						<String ID="P15_ST00619" HPOS="2434" VPOS="1557" WIDTH="75" HEIGHT="28" CONTENT="med" WC="1.00" CC="000"/>
						<SP ID="P15_SP00553" HPOS="2509" VPOS="1597" WIDTH="24"/>
						<String ID="P15_ST00620" HPOS="2533" VPOS="1557" WIDTH="50" HEIGHT="29" CONTENT="sin" WC="0.99" CC="001"/>
					</TextLine>
					<TextLine ID="P15_TL00068" HPOS="1355" VPOS="1616" WIDTH="1229" HEIGHT="42">
						<String ID="P15_ST00621" HPOS="1355" VPOS="1620" WIDTH="118" HEIGHT="38" CONTENT="Korde," WC="0.98" CC="515004"/>
						<SP ID="P15_SP00554" HPOS="1473" VPOS="1658" WIDTH="27"/>
						<String ID="P15_ST00622" HPOS="1500" VPOS="1620" WIDTH="64" HEIGHT="29" CONTENT="den" WC="0.99" CC="003"/>
						<SP ID="P15_SP00555" HPOS="1564" VPOS="1658" WIDTH="25"/>
						<String ID="P15_ST00623" HPOS="1589" VPOS="1620" WIDTH="108" HEIGHT="29" CONTENT="anden" WC="0.99" CC="00006"/>
						<SP ID="P15_SP00556" HPOS="1697" VPOS="1658" WIDTH="25"/>
						<String ID="P15_ST00624" HPOS="1722" VPOS="1620" WIDTH="54" HEIGHT="37" CONTENT="gik" WC="1.00" CC="000"/>
						<SP ID="P15_SP00557" HPOS="1776" VPOS="1658" WIDTH="25"/>
						<String ID="P15_ST00625" HPOS="1801" VPOS="1618" WIDTH="109" HEIGHT="39" CONTENT="bagud" WC="0.99" CC="40050"/>
						<SP ID="P15_SP00558" HPOS="1910" VPOS="1658" WIDTH="24"/>
						<String ID="P15_ST00626" HPOS="1934" VPOS="1618" WIDTH="162" HEIGHT="30" CONTENT="støttende" WC="1.00" CC="000000001"/>
						<SP ID="P15_SP00559" HPOS="2096" VPOS="1658" WIDTH="25"/>
						<String ID="P15_ST00627" HPOS="2121" VPOS="1618" WIDTH="47" HEIGHT="38" CONTENT="sig" WC="1.00" CC="000"/>
						<SP ID="P15_SP00560" HPOS="2168" VPOS="1658" WIDTH="23"/>
						<String ID="P15_ST00628" HPOS="2191" VPOS="1618" WIDTH="62" HEIGHT="37" CONTENT="bag" WC="0.98" CC="400"/>
						<SP ID="P15_SP00561" HPOS="2253" VPOS="1658" WIDTH="24"/>
						<String ID="P15_ST00629" HPOS="2277" VPOS="1626" WIDTH="63" HEIGHT="29" CONTENT="paa" WC="1.00" CC="000"/>
						<SP ID="P15_SP00562" HPOS="2340" VPOS="1658" WIDTH="17"/>
						<String ID="P15_ST00630" HPOS="2357" VPOS="1616" WIDTH="227" HEIGHT="39" CONTENT="Billedplanen" WC="0.87" CC="101000050303"/>
					</TextLine>
					<TextLine ID="P15_TL00069" HPOS="1355" VPOS="1676" WIDTH="1228" HEIGHT="43">
						<String ID="P15_ST00631" HPOS="1355" VPOS="1681" WIDTH="75" HEIGHT="29" CONTENT="med" WC="0.96" CC="900"/>
						<SP ID="P15_SP00563" HPOS="1430" VPOS="1710" WIDTH="24"/>
						<String ID="P15_ST00632" HPOS="1454" VPOS="1681" WIDTH="41" HEIGHT="29" CONTENT="sit" WC="0.99" CC="030"/>
						<SP ID="P15_SP00564" HPOS="1495" VPOS="1710" WIDTH="24"/>
						<String ID="P15_ST00633" HPOS="1519" VPOS="1680" WIDTH="191" HEIGHT="39" CONTENT="Toppunkt." WC="0.99" CC="040062004"/>
						<SP ID="P15_SP00565" HPOS="1710" VPOS="1719" WIDTH="27"/>
						<String ID="P15_ST00634" HPOS="1737" VPOS="1679" WIDTH="65" HEIGHT="29" CONTENT="Der" WC="0.97" CC="205"/>
						<SP ID="P15_SP00566" HPOS="1802" VPOS="1719" WIDTH="23"/>
						<String ID="P15_ST00635" HPOS="1825" VPOS="1679" WIDTH="134" HEIGHT="29" CONTENT="skabtes" WC="1.00" CC="0003000"/>
						<SP ID="P15_SP00567" HPOS="1959" VPOS="1719" WIDTH="24"/>
						<String ID="P15_ST00636" HPOS="1983" VPOS="1678" WIDTH="119" HEIGHT="29" CONTENT="derved" WC="1.00" CC="000000"/>
						<SP ID="P15_SP00568" HPOS="2102" VPOS="1719" WIDTH="25"/>
						<String ID="P15_ST00637" HPOS="2127" VPOS="1687" WIDTH="40" HEIGHT="20" CONTENT="en" WC="1.00" CC="00"/>
						<SP ID="P15_SP00569" HPOS="2167" VPOS="1719" WIDTH="25"/>
						<String ID="P15_ST00638" HPOS="2192" VPOS="1676" WIDTH="156" HEIGHT="39" CONTENT="Drejning" WC="1.00" CC="03000000"/>
						<SP ID="P15_SP00570" HPOS="2348" VPOS="1719" WIDTH="24"/>
						<String ID="P15_ST00639" HPOS="2372" VPOS="1686" WIDTH="54" HEIGHT="19" CONTENT="om" WC="0.93" CC="01"/>
						<SP ID="P15_SP00571" HPOS="2426" VPOS="1719" WIDTH="25"/>
						<String ID="P15_ST00640" HPOS="2451" VPOS="1686" WIDTH="41" HEIGHT="19" CONTENT="en" WC="0.60" CC="07"/>
						<SP ID="P15_SP00572" HPOS="2492" VPOS="1719" WIDTH="24"/>
						<String ID="P15_ST00641" HPOS="2516" VPOS="1676" WIDTH="51" HEIGHT="30" CONTENT="lod" SUBS_TYPE="HypPart1" SUBS_CONTENT="lodret" WC="0.96" CC="650"/>
						<HYP HPOS="2567" VPOS="1676" WIDTH="16" CONTENT="-"/>
					</TextLine>
					<TextLine ID="P15_TL00070" HPOS="1356" VPOS="1736" WIDTH="1227" HEIGHT="40">
						<String ID="P15_ST00642" HPOS="1356" VPOS="1743" WIDTH="46" HEIGHT="27" CONTENT="ret" SUBS_TYPE="HypPart2" SUBS_CONTENT="lodret" WC="0.98" CC="400"/>
						<SP ID="P15_SP00573" HPOS="1402" VPOS="1770" WIDTH="23"/>
						<String ID="P15_ST00643" HPOS="1425" VPOS="1740" WIDTH="97" HEIGHT="36" CONTENT="Akse," WC="1.00" CC="00002"/>
						<SP ID="P15_SP00574" HPOS="1522" VPOS="1776" WIDTH="28"/>
						<String ID="P15_ST00644" HPOS="1550" VPOS="1740" WIDTH="160" HEIGHT="29" CONTENT="svarende" WC="1.00" CC="00010400"/>
						<SP ID="P15_SP00575" HPOS="1710" VPOS="1776" WIDTH="24"/>
						<String ID="P15_ST00645" HPOS="1734" VPOS="1738" WIDTH="35" HEIGHT="30" CONTENT="til" WC="1.00" CC="010"/>
						<SP ID="P15_SP00576" HPOS="1769" VPOS="1776" WIDTH="25"/>
						<String ID="P15_ST00646" HPOS="1794" VPOS="1737" WIDTH="381" HEIGHT="39" CONTENT="Figurkompositionen," WC="1.00" CC="0005501000020020070"/>
						<SP ID="P15_SP00577" HPOS="2175" VPOS="1776" WIDTH="33"/>
						<String ID="P15_ST00647" HPOS="2208" VPOS="1737" WIDTH="83" HEIGHT="29" CONTENT="hvor" WC="1.00" CC="0001"/>
						<SP ID="P15_SP00578" HPOS="2291" VPOS="1776" WIDTH="31"/>
						<String ID="P15_ST00648" HPOS="2322" VPOS="1736" WIDTH="141" HEIGHT="39" CONTENT="Figuren" WC="0.99" CC="0086001"/>
						<SP ID="P15_SP00579" HPOS="2463" VPOS="1776" WIDTH="23"/>
						<String ID="P15_ST00649" HPOS="2486" VPOS="1736" WIDTH="11" HEIGHT="30" CONTENT="i" WC="0.08" CC="9"/>
						<SP ID="P15_SP00580" HPOS="2497" VPOS="1776" WIDTH="24"/>
						<String ID="P15_ST00650" HPOS="2521" VPOS="1736" WIDTH="62" HEIGHT="30" CONTENT="den" WC="0.98" CC="006"/>
					</TextLine>
					<TextLine ID="P15_TL00071" HPOS="1356" VPOS="1796" WIDTH="1228" HEIGHT="40">
						<String ID="P15_ST00651" HPOS="1356" VPOS="1810" WIDTH="60" HEIGHT="20" CONTENT="ene" WC="1.00" CC="100"/>
						<SP ID="P15_SP00581" HPOS="1416" VPOS="1830" WIDTH="24"/>
						<String ID="P15_ST00652" HPOS="1440" VPOS="1800" WIDTH="75" HEIGHT="30" CONTENT="Side" WC="1.00" CC="0200"/>
						<SP ID="P15_SP00582" HPOS="1515" VPOS="1830" WIDTH="26"/>
						<String ID="P15_ST00653" HPOS="1541" VPOS="1800" WIDTH="34" HEIGHT="29" CONTENT="af" WC="1.00" CC="00"/>
						<SP ID="P15_SP00583" HPOS="1575" VPOS="1830" WIDTH="20"/>
						<String ID="P15_ST00654" HPOS="1595" VPOS="1799" WIDTH="138" HEIGHT="30" CONTENT="Billedet" WC="0.99" CC="50420000"/>
						<SP ID="P15_SP00584" HPOS="1733" VPOS="1830" WIDTH="22"/>
						<String ID="P15_ST00655" HPOS="1755" VPOS="1799" WIDTH="124" HEIGHT="29" CONTENT="vender" WC="1.00" CC="000001"/>
						<SP ID="P15_SP00585" HPOS="1879" VPOS="1830" WIDTH="23"/>
						<String ID="P15_ST00656" HPOS="1902" VPOS="1797" WIDTH="146" HEIGHT="39" CONTENT="Ansigtet" WC="1.00" CC="00000500"/>
						<SP ID="P15_SP00586" HPOS="2048" VPOS="1836" WIDTH="30"/>
						<String ID="P15_ST00657" HPOS="2078" VPOS="1797" WIDTH="81" HEIGHT="30" CONTENT="frem" WC="1.00" CC="0000"/>
						<SP ID="P15_SP00587" HPOS="2159" VPOS="1836" WIDTH="32"/>
						<String ID="P15_ST00658" HPOS="2191" VPOS="1805" WIDTH="39" HEIGHT="30" CONTENT="og" WC="0.38" CC="48"/>
						<SP ID="P15_SP00588" HPOS="2230" VPOS="1836" WIDTH="24"/>
						<String ID="P15_ST00659" HPOS="2254" VPOS="1797" WIDTH="9" HEIGHT="28" CONTENT="i" WC="0.73" CC="2"/>
						<SP ID="P15_SP00589" HPOS="2263" VPOS="1836" WIDTH="25"/>
						<String ID="P15_ST00660" HPOS="2288" VPOS="1797" WIDTH="64" HEIGHT="28" CONTENT="den" WC="0.98" CC="005"/>
						<SP ID="P15_SP00590" HPOS="2352" VPOS="1836" WIDTH="24"/>
						<String ID="P15_ST00661" HPOS="2376" VPOS="1796" WIDTH="108" HEIGHT="29" CONTENT="anden" WC="0.98" CC="90006"/>
						<SP ID="P15_SP00591" HPOS="2484" VPOS="1836" WIDTH="26"/>
						<String ID="P15_ST00662" HPOS="2510" VPOS="1796" WIDTH="74" HEIGHT="30" CONTENT="Side" WC="1.00" CC="0001"/>
					</TextLine>
					<TextLine ID="P15_TL00072" HPOS="1357" VPOS="1857" WIDTH="1228" HEIGHT="41">
						<String ID="P15_ST00663" HPOS="1357" VPOS="1861" WIDTH="35" HEIGHT="29" CONTENT="af" WC="1.00" CC="00"/>
						<SP ID="P15_SP00592" HPOS="1392" VPOS="1890" WIDTH="20"/>
						<String ID="P15_ST00664" HPOS="1412" VPOS="1860" WIDTH="138" HEIGHT="30" CONTENT="Billedet" WC="1.00" CC="00000000"/>
						<SP ID="P15_SP00593" HPOS="1550" VPOS="1890" WIDTH="17"/>
						<String ID="P15_ST00665" HPOS="1567" VPOS="1860" WIDTH="143" HEIGHT="38" CONTENT="Ryggen," WC="1.00" CC="3000004"/>
						<SP ID="P15_SP00594" HPOS="1710" VPOS="1898" WIDTH="27"/>
						<String ID="P15_ST00666" HPOS="1737" VPOS="1869" WIDTH="76" HEIGHT="19" CONTENT="men" WC="1.00" CC="000"/>
						<SP ID="P15_SP00595" HPOS="1813" VPOS="1898" WIDTH="24"/>
						<String ID="P15_ST00667" HPOS="1837" VPOS="1858" WIDTH="99" HEIGHT="39" CONTENT="tillige" WC="1.00" CC="6000000"/>
						<SP ID="P15_SP00596" HPOS="1936" VPOS="1898" WIDTH="25"/>
						<String ID="P15_ST00668" HPOS="1961" VPOS="1858" WIDTH="115" HEIGHT="29" CONTENT="bestod" WC="1.00" CC="400000"/>
						<SP ID="P15_SP00597" HPOS="2076" VPOS="1898" WIDTH="17"/>
						<String ID="P15_ST00669" HPOS="2093" VPOS="1857" WIDTH="138" HEIGHT="29" CONTENT="Billedet" WC="1.00" CC="00430000"/>
						<SP ID="P15_SP00598" HPOS="2231" VPOS="1898" WIDTH="24"/>
						<String ID="P15_ST00670" HPOS="2255" VPOS="1857" WIDTH="34" HEIGHT="28" CONTENT="af" WC="1.00" CC="00"/>
						<SP ID="P15_SP00599" HPOS="2289" VPOS="1898" WIDTH="20"/>
						<String ID="P15_ST00671" HPOS="2309" VPOS="1866" WIDTH="40" HEIGHT="20" CONTENT="en" WC="1.00" CC="00"/>
						<SP ID="P15_SP00600" HPOS="2349" VPOS="1898" WIDTH="21"/>
						<String ID="P15_ST00672" HPOS="2370" VPOS="1860" WIDTH="125" HEIGHT="26" CONTENT="næsten" WC="0.99" CC="300003"/>
						<SP ID="P15_SP00601" HPOS="2495" VPOS="1898" WIDTH="16"/>
						<String ID="P15_ST00673" HPOS="2511" VPOS="1864" WIDTH="56" HEIGHT="30" CONTENT="gen" SUBS_TYPE="HypPart1" SUBS_CONTENT="gennemført" WC="0.98" CC="600"/>
						<HYP HPOS="2567" VPOS="1864" WIDTH="18" CONTENT="-"/>
					</TextLine>
					<TextLine ID="P15_TL00073" HPOS="1357" VPOS="1916" WIDTH="1228" HEIGHT="43">
						<String ID="P15_ST00674" HPOS="1357" VPOS="1921" WIDTH="142" HEIGHT="29" CONTENT="nemført" SUBS_TYPE="HypPart2" SUBS_CONTENT="gennemført" WC="0.99" CC="5001480"/>
						<SP ID="P15_SP00602" HPOS="1499" VPOS="1950" WIDTH="23"/>
						<String ID="P15_ST00675" HPOS="1522" VPOS="1920" WIDTH="161" HEIGHT="39" CONTENT="punktuel" WC="0.99" CC="02402602"/>
						<SP ID="P15_SP00603" HPOS="1683" VPOS="1959" WIDTH="24"/>
						<String ID="P15_ST00676" HPOS="1707" VPOS="1919" WIDTH="119" HEIGHT="38" CONTENT="rumlig" WC="0.99" CC="450100"/>
						<SP ID="P15_SP00604" HPOS="1826" VPOS="1959" WIDTH="25"/>
						<String ID="P15_ST00677" HPOS="1851" VPOS="1917" WIDTH="188" HEIGHT="40" CONTENT="Symmetri," WC="0.99" CC="070010504"/>
						<SP ID="P15_SP00605" HPOS="2039" VPOS="1959" WIDTH="26"/>
						<String ID="P15_ST00678" HPOS="2065" VPOS="1917" WIDTH="95" HEIGHT="30" CONTENT="hvori" WC="0.99" CC="00060"/>
						<SP ID="P15_SP00606" HPOS="2160" VPOS="1959" WIDTH="25"/>
						<String ID="P15_ST00679" HPOS="2185" VPOS="1916" WIDTH="320" HEIGHT="39" CONTENT="Symmetripunktet" WC="1.00" CC="000000020250000"/>
						<SP ID="P15_SP00607" HPOS="2505" VPOS="1959" WIDTH="22"/>
						<String ID="P15_ST00680" HPOS="2527" VPOS="1925" WIDTH="58" HEIGHT="20" CONTENT="var" WC="0.99" CC="002"/>
					</TextLine>
					<TextLine ID="P15_TL00074" HPOS="1357" VPOS="1976" WIDTH="1231" HEIGHT="40">
						<String ID="P15_ST00681" HPOS="1357" VPOS="1982" WIDTH="130" HEIGHT="29" CONTENT="Centret" WC="0.99" CC="7000100"/>
						<SP ID="P15_SP00608" HPOS="1487" VPOS="2011" WIDTH="22"/>
						<String ID="P15_ST00682" HPOS="1509" VPOS="1981" WIDTH="10" HEIGHT="28" CONTENT="i" WC="1.00" CC="0"/>
						<SP ID="P15_SP00609" HPOS="1519" VPOS="2011" WIDTH="24"/>
						<String ID="P15_ST00683" HPOS="1543" VPOS="1981" WIDTH="54" HEIGHT="29" CONTENT="det" WC="1.00" CC="000"/>
						<SP ID="P15_SP00610" HPOS="1597" VPOS="2011" WIDTH="23"/>
						<String ID="P15_ST00684" HPOS="1620" VPOS="1980" WIDTH="92" HEIGHT="30" CONTENT="halvt" WC="0.98" CC="70400"/>
						<SP ID="P15_SP00611" HPOS="1712" VPOS="2011" WIDTH="23"/>
						<String ID="P15_ST00685" HPOS="1735" VPOS="1980" WIDTH="86" HEIGHT="35" CONTENT="blaa," WC="0.60" CC="54063"/>
						<SP ID="P15_SP00612" HPOS="1821" VPOS="2015" WIDTH="26"/>
						<String ID="P15_ST00686" HPOS="1847" VPOS="1979" WIDTH="92" HEIGHT="29" CONTENT="halvt" WC="0.99" CC="30200"/>
						<SP ID="P15_SP00613" HPOS="1939" VPOS="2015" WIDTH="23"/>
						<String ID="P15_ST00687" HPOS="1962" VPOS="1978" WIDTH="78" HEIGHT="30" CONTENT="røde" WC="1.00" CC="0100"/>
						<SP ID="P15_SP00614" HPOS="2040" VPOS="2015" WIDTH="26"/>
						<String ID="P15_ST00688" HPOS="2066" VPOS="1978" WIDTH="77" HEIGHT="38" CONTENT="Hjul" WC="0.96" CC="6064"/>
						<SP ID="P15_SP00615" HPOS="2143" VPOS="2016" WIDTH="33"/>
						<String ID="P15_ST00689" HPOS="2176" VPOS="1985" WIDTH="40" HEIGHT="30" CONTENT="og" WC="0.82" CC="30"/>
						<SP ID="P15_SP00616" HPOS="2216" VPOS="2016" WIDTH="32"/>
						<String ID="P15_ST00690" HPOS="2248" VPOS="1977" WIDTH="35" HEIGHT="29" CONTENT="af" WC="0.86" CC="02"/>
						<SP ID="P15_SP00617" HPOS="2283" VPOS="2016" WIDTH="24"/>
						<String ID="P15_ST00691" HPOS="2307" VPOS="1986" WIDTH="40" HEIGHT="19" CONTENT="en" WC="0.75" CC="04"/>
						<SP ID="P15_SP00618" HPOS="2347" VPOS="2016" WIDTH="26"/>
						<String ID="P15_ST00692" HPOS="2373" VPOS="1976" WIDTH="157" HEIGHT="39" CONTENT="Drejning" WC="0.99" CC="30143000"/>
						<SP ID="P15_SP00619" HPOS="2530" VPOS="2016" WIDTH="24"/>
						<String ID="P15_ST00693" HPOS="2554" VPOS="1976" WIDTH="34" HEIGHT="28" CONTENT="af" WC="1.00" CC="00"/>
					</TextLine>
					<TextLine ID="P15_TL00075" HPOS="1355" VPOS="2036" WIDTH="1230" HEIGHT="40">
						<String ID="P15_ST00694" HPOS="1355" VPOS="2042" WIDTH="58" HEIGHT="29" CONTENT="fire" WC="0.98" CC="4330"/>
						<SP ID="P15_SP00620" HPOS="1413" VPOS="2071" WIDTH="26"/>
						<String ID="P15_ST00695" HPOS="1439" VPOS="2041" WIDTH="118" HEIGHT="29" CONTENT="Planer" WC="0.99" CC="030500"/>
						<SP ID="P15_SP00621" HPOS="1557" VPOS="2071" WIDTH="24"/>
						<String ID="P15_ST00696" HPOS="1581" VPOS="2041" WIDTH="97" HEIGHT="29" CONTENT="stillet" WC="0.99" CC="0342100"/>
						<SP ID="P15_SP00622" HPOS="1678" VPOS="2071" WIDTH="24"/>
						<String ID="P15_ST00697" HPOS="1702" VPOS="2050" WIDTH="72" HEIGHT="19" CONTENT="som" WC="1.00" CC="000"/>
						<SP ID="P15_SP00623" HPOS="1774" VPOS="2071" WIDTH="27"/>
						<String ID="P15_ST00698" HPOS="1801" VPOS="2039" WIDTH="212" HEIGHT="37" CONTENT="Møllevinger" WC="1.00" CC="30040002000"/>
						<SP ID="P15_SP00624" HPOS="2013" VPOS="2076" WIDTH="22"/>
						<String ID="P15_ST00699" HPOS="2035" VPOS="2047" WIDTH="55" HEIGHT="20" CONTENT="om" WC="1.00" CC="00"/>
						<SP ID="P15_SP00625" HPOS="2090" VPOS="2076" WIDTH="25"/>
						<String ID="P15_ST00700" HPOS="2115" VPOS="2047" WIDTH="39" HEIGHT="19" CONTENT="en" WC="1.00" CC="00"/>
						<SP ID="P15_SP00626" HPOS="2154" VPOS="2076" WIDTH="26"/>
						<String ID="P15_ST00701" HPOS="2180" VPOS="2037" WIDTH="138" HEIGHT="29" CONTENT="vandret" WC="0.99" CC="0060404"/>
						<SP ID="P15_SP00627" HPOS="2318" VPOS="2076" WIDTH="16"/>
						<String ID="P15_ST00702" HPOS="2334" VPOS="2037" WIDTH="86" HEIGHT="28" CONTENT="Akse" WC="1.00" CC="0000"/>
						<SP ID="P15_SP00628" HPOS="2420" VPOS="2076" WIDTH="24"/>
						<String ID="P15_ST00703" HPOS="2444" VPOS="2036" WIDTH="141" HEIGHT="38" CONTENT="(Hjulets" WC="0.99" CC="26161001"/>
					</TextLine>
					<TextLine ID="P15_TL00076" HPOS="1356" VPOS="2096" WIDTH="1230" HEIGHT="42">
						<String ID="P15_ST00704" HPOS="1356" VPOS="2102" WIDTH="111" HEIGHT="36" CONTENT="Akse)." WC="0.99" CC="009040"/>
						<SP ID="P15_SP00629" HPOS="1467" VPOS="2138" WIDTH="37"/>
						<String ID="P15_ST00705" HPOS="1504" VPOS="2102" WIDTH="62" HEIGHT="28" CONTENT="Det" WC="0.99" CC="300"/>
						<SP ID="P15_SP00630" HPOS="1566" VPOS="2138" WIDTH="16"/>
						<String ID="P15_ST00706" HPOS="1582" VPOS="2111" WIDTH="58" HEIGHT="20" CONTENT="var" WC="0.93" CC="990"/>
						<SP ID="P15_SP00631" HPOS="1640" VPOS="2138" WIDTH="16"/>
						<String ID="P15_ST00707" HPOS="1656" VPOS="2104" WIDTH="30" HEIGHT="26" CONTENT="et" WC="0.82" CC="03"/>
						<SP ID="P15_SP00632" HPOS="1686" VPOS="2138" WIDTH="17"/>
						<String ID="P15_ST00708" HPOS="1703" VPOS="2099" WIDTH="240" HEIGHT="38" CONTENT="mærkværdigt" WC="1.00" CC="00000010060"/>
						<SP ID="P15_SP00633" HPOS="1943" VPOS="2138" WIDTH="16"/>
						<String ID="P15_ST00709" HPOS="1959" VPOS="2099" WIDTH="86" HEIGHT="29" CONTENT="klart" WC="1.00" CC="03000"/>
						<SP ID="P15_SP00634" HPOS="2045" VPOS="2138" WIDTH="17"/>
						<String ID="P15_ST00710" HPOS="2062" VPOS="2106" WIDTH="38" HEIGHT="29" CONTENT="og" WC="1.00" CC="00"/>
						<SP ID="P15_SP00635" HPOS="2100" VPOS="2138" WIDTH="17"/>
						<String ID="P15_ST00711" HPOS="2117" VPOS="2097" WIDTH="95" HEIGHT="38" CONTENT="roligt" WC="1.00" CC="050000"/>
						<SP ID="P15_SP00636" HPOS="2212" VPOS="2138" WIDTH="17"/>
						<String ID="P15_ST00712" HPOS="2229" VPOS="2097" WIDTH="132" HEIGHT="37" CONTENT="Billede," WC="0.99" CC="00510004"/>
						<SP ID="P15_SP00637" HPOS="2361" VPOS="2138" WIDTH="19"/>
						<String ID="P15_ST00713" HPOS="2380" VPOS="2096" WIDTH="73" HEIGHT="30" CONTENT="hvis" WC="0.99" CC="6000"/>
						<SP ID="P15_SP00638" HPOS="2453" VPOS="2138" WIDTH="18"/>
						<String ID="P15_ST00714" HPOS="2471" VPOS="2096" WIDTH="115" HEIGHT="39" CONTENT="Styrke" WC="0.98" CC="028410"/>
					</TextLine>
					<TextLine ID="P15_TL00077" HPOS="1357" VPOS="2156" WIDTH="1229" HEIGHT="44">
						<String ID="P15_ST00715" HPOS="1357" VPOS="2170" WIDTH="40" HEIGHT="30" CONTENT="og" WC="0.59" CC="34"/>
						<SP ID="P15_SP00639" HPOS="1397" VPOS="2200" WIDTH="26"/>
						<String ID="P15_ST00716" HPOS="1423" VPOS="2161" WIDTH="151" HEIGHT="39" CONTENT="Svaghed" WC="0.99" CC="0027300"/>
						<SP ID="P15_SP00640" HPOS="1574" VPOS="2200" WIDTH="24"/>
						<String ID="P15_ST00717" HPOS="1598" VPOS="2170" WIDTH="68" HEIGHT="28" CONTENT="var," WC="0.97" CC="0932"/>
						<SP ID="P15_SP00641" HPOS="1666" VPOS="2200" WIDTH="27"/>
						<String ID="P15_ST00718" HPOS="1693" VPOS="2164" WIDTH="32" HEIGHT="25" CONTENT="at" WC="1.00" CC="00"/>
						<SP ID="P15_SP00642" HPOS="1725" VPOS="2200" WIDTH="23"/>
						<String ID="P15_ST00719" HPOS="1748" VPOS="2160" WIDTH="53" HEIGHT="29" CONTENT="det" WC="0.98" CC="005"/>
						<SP ID="P15_SP00643" HPOS="1801" VPOS="2200" WIDTH="24"/>
						<String ID="P15_ST00720" HPOS="1825" VPOS="2159" WIDTH="54" HEIGHT="39" CONTENT="gik" WC="1.00" CC="000"/>
						<SP ID="P15_SP00644" HPOS="1879" VPOS="2200" WIDTH="24"/>
						<String ID="P15_ST00721" HPOS="1903" VPOS="2159" WIDTH="44" HEIGHT="29" CONTENT="ud" WC="0.91" CC="10"/>
						<SP ID="P15_SP00645" HPOS="1947" VPOS="2200" WIDTH="26"/>
						<String ID="P15_ST00722" HPOS="1973" VPOS="2159" WIDTH="35" HEIGHT="29" CONTENT="af" WC="1.00" CC="00"/>
						<SP ID="P15_SP00646" HPOS="2008" VPOS="2200" WIDTH="20"/>
						<String ID="P15_ST00723" HPOS="2028" VPOS="2158" WIDTH="239" HEIGHT="39" CONTENT="Billedplanen." WC="0.89" CC="1003000500040"/>
						<SP ID="P15_SP00647" HPOS="2267" VPOS="2200" WIDTH="50"/>
						<String ID="P15_ST00724" HPOS="2317" VPOS="2156" WIDTH="193" HEIGHT="38" CONTENT="Svagheden" WC="1.00" CC="006030030"/>
						<SP ID="P15_SP00648" HPOS="2510" VPOS="2200" WIDTH="23"/>
						<String ID="P15_ST00725" HPOS="2533" VPOS="2156" WIDTH="53" HEIGHT="28" CONTENT="laa" WC="0.86" CC="400"/>
					</TextLine>
					<TextLine ID="P15_TL00078" HPOS="1357" VPOS="2215" WIDTH="1229" HEIGHT="45">
						<String ID="P15_ST00726" HPOS="1357" VPOS="2222" WIDTH="80" HEIGHT="38" CONTENT="deri," WC="1.00" CC="00002"/>
						<SP ID="P15_SP00649" HPOS="1437" VPOS="2260" WIDTH="36"/>
						<String ID="P15_ST00727" HPOS="1473" VPOS="2225" WIDTH="32" HEIGHT="26" CONTENT="at" WC="1.00" CC="00"/>
						<SP ID="P15_SP00650" HPOS="1505" VPOS="2260" WIDTH="31"/>
						<String ID="P15_ST00728" HPOS="1536" VPOS="2222" WIDTH="162" HEIGHT="29" CONTENT="vinkelret" WC="1.00" CC="000000300"/>
						<SP ID="P15_SP00651" HPOS="1698" VPOS="2260" WIDTH="32"/>
						<String ID="P15_ST00729" HPOS="1730" VPOS="2230" WIDTH="64" HEIGHT="29" CONTENT="paa" WC="1.00" CC="000"/>
						<SP ID="P15_SP00652" HPOS="1794" VPOS="2260" WIDTH="33"/>
						<String ID="P15_ST00730" HPOS="1827" VPOS="2220" WIDTH="134" HEIGHT="29" CONTENT="Billedet" WC="1.00" CC="03000000"/>
						<SP ID="P15_SP00653" HPOS="1961" VPOS="2260" WIDTH="33"/>
						<String ID="P15_ST00731" HPOS="1994" VPOS="2219" WIDTH="94" HEIGHT="29" CONTENT="holdt" WC="1.00" CC="03000"/>
						<SP ID="P15_SP00654" HPOS="2088" VPOS="2260" WIDTH="23"/>
						<String ID="P15_ST00732" HPOS="2111" VPOS="2218" WIDTH="98" HEIGHT="38" CONTENT="ingen" WC="0.99" CC="01003"/>
						<SP ID="P15_SP00655" HPOS="2209" VPOS="2260" WIDTH="25"/>
						<String ID="P15_ST00733" HPOS="2234" VPOS="2218" WIDTH="137" HEIGHT="29" CONTENT="Ramme" WC="0.99" CC="50000"/>
						<SP ID="P15_SP00656" HPOS="2371" VPOS="2260" WIDTH="25"/>
						<String ID="P15_ST00734" HPOS="2396" VPOS="2217" WIDTH="39" HEIGHT="28" CONTENT="de" WC="1.00" CC="00"/>
						<SP ID="P15_SP00657" HPOS="2435" VPOS="2260" WIDTH="24"/>
						<String ID="P15_ST00735" HPOS="2459" VPOS="2215" WIDTH="127" HEIGHT="29" CONTENT="enkelte" WC="1.00" CC="0000030"/>
					</TextLine>
					<TextLine ID="P15_TL00079" HPOS="1358" VPOS="2275" WIDTH="1228" HEIGHT="43">
						<String ID="P15_ST00736" HPOS="1358" VPOS="2283" WIDTH="78" HEIGHT="29" CONTENT="Dele" WC="0.99" CC="0040"/>
						<SP ID="P15_SP00658" HPOS="1436" VPOS="2312" WIDTH="25"/>
						<String ID="P15_ST00737" HPOS="1461" VPOS="2291" WIDTH="151" HEIGHT="20" CONTENT="sammen" WC="1.00" CC="000003"/>
						<SP ID="P15_SP00659" HPOS="1612" VPOS="2312" WIDTH="25"/>
						<String ID="P15_ST00738" HPOS="1637" VPOS="2281" WIDTH="10" HEIGHT="28" CONTENT="i" WC="1.00" CC="0"/>
						<SP ID="P15_SP00660" HPOS="1647" VPOS="2312" WIDTH="24"/>
						<String ID="P15_ST00739" HPOS="1671" VPOS="2290" WIDTH="41" HEIGHT="20" CONTENT="en" WC="0.69" CC="06"/>
						<SP ID="P15_SP00661" HPOS="1712" VPOS="2312" WIDTH="24"/>
						<String ID="P15_ST00740" HPOS="1736" VPOS="2279" WIDTH="244" HEIGHT="39" CONTENT="Komposition," WC="1.00" CC="720010000033"/>
						<SP ID="P15_SP00662" HPOS="1980" VPOS="2318" WIDTH="35"/>
						<String ID="P15_ST00741" HPOS="2015" VPOS="2287" WIDTH="40" HEIGHT="29" CONTENT="og" WC="0.68" CC="06"/>
						<SP ID="P15_SP00663" HPOS="2055" VPOS="2318" WIDTH="32"/>
						<String ID="P15_ST00742" HPOS="2087" VPOS="2279" WIDTH="39" HEIGHT="28" CONTENT="de" WC="1.00" CC="00"/>
						<SP ID="P15_SP00664" HPOS="2126" VPOS="2318" WIDTH="33"/>
						<String ID="P15_ST00743" HPOS="2159" VPOS="2277" WIDTH="162" HEIGHT="39" CONTENT="klyngede" WC="1.00" CC="00007000"/>
						<SP ID="P15_SP00665" HPOS="2321" VPOS="2318" WIDTH="29"/>
						<String ID="P15_ST00744" HPOS="2350" VPOS="2276" WIDTH="47" HEIGHT="38" CONTENT="sig" WC="0.98" CC="005"/>
						<SP ID="P15_SP00666" HPOS="2397" VPOS="2318" WIDTH="24"/>
						<String ID="P15_ST00745" HPOS="2421" VPOS="2276" WIDTH="108" HEIGHT="29" CONTENT="derfor" WC="0.99" CC="000016"/>
						<SP ID="P15_SP00667" HPOS="2529" VPOS="2318" WIDTH="21"/>
						<String ID="P15_ST00746" HPOS="2550" VPOS="2275" WIDTH="36" HEIGHT="29" CONTENT="til" WC="0.99" CC="002"/>
					</TextLine>
					<TextLine ID="P15_TL00080" HPOS="1359" VPOS="2340" WIDTH="746" HEIGHT="40">
						<String ID="P15_ST00747" HPOS="1359" VPOS="2343" WIDTH="125" HEIGHT="28" CONTENT="Planen" WC="1.00" CC="000020"/>
						<SP ID="P15_SP00668" HPOS="1484" VPOS="2371" WIDTH="24"/>
						<String ID="P15_ST00748" HPOS="1508" VPOS="2351" WIDTH="64" HEIGHT="29" CONTENT="paa" WC="0.85" CC="004"/>
						<SP ID="P15_SP00669" HPOS="1572" VPOS="2380" WIDTH="23"/>
						<String ID="P15_ST00749" HPOS="1595" VPOS="2351" WIDTH="40" HEIGHT="19" CONTENT="en" WC="0.94" CC="10"/>
						<SP ID="P15_SP00670" HPOS="1635" VPOS="2380" WIDTH="25"/>
						<String ID="P15_ST00750" HPOS="1660" VPOS="2341" WIDTH="88" HEIGHT="38" CONTENT="højst" WC="1.00" CC="00100"/>
						<SP ID="P15_SP00671" HPOS="1748" VPOS="2380" WIDTH="24"/>
						<String ID="P15_ST00751" HPOS="1772" VPOS="2340" WIDTH="180" HEIGHT="30" CONTENT="umalerisk" WC="0.99" CC="700306600"/>
						<SP ID="P15_SP00672" HPOS="1952" VPOS="2380" WIDTH="26"/>
						<String ID="P15_ST00752" HPOS="1978" VPOS="2340" WIDTH="127" HEIGHT="29" CONTENT="Maade." WC="0.79" CC="006104"/>
					</TextLine>
					<TextLine ID="P15_TL00081" HPOS="1421" VPOS="2395" WIDTH="1167" HEIGHT="37">
						<String ID="P15_ST00753" HPOS="1421" VPOS="2402" WIDTH="65" HEIGHT="30" CONTENT="Om" WC="0.76" CC="40"/>
						<SP ID="P15_SP00673" HPOS="1486" VPOS="2432" WIDTH="26"/>
						<String ID="P15_ST00754" HPOS="1512" VPOS="2403" WIDTH="180" HEIGHT="28" CONTENT="Rammens" WC="1.00" CC="0000300"/>
						<SP ID="P15_SP00674" HPOS="1692" VPOS="2432" WIDTH="25"/>
						<String ID="P15_ST00755" HPOS="1717" VPOS="2401" WIDTH="146" HEIGHT="29" CONTENT="Forhold" WC="1.00" CC="0500010"/>
						<SP ID="P15_SP00675" HPOS="1863" VPOS="2432" WIDTH="24"/>
						<String ID="P15_ST00756" HPOS="1887" VPOS="2400" WIDTH="34" HEIGHT="29" CONTENT="til" WC="0.99" CC="003"/>
						<SP ID="P15_SP00676" HPOS="1921" VPOS="2432" WIDTH="24"/>
						<String ID="P15_ST00757" HPOS="1945" VPOS="2399" WIDTH="138" HEIGHT="29" CONTENT="Billedet" WC="1.00" CC="10200000"/>
						<SP ID="P15_SP00677" HPOS="2083" VPOS="2432" WIDTH="32"/>
						<String ID="P15_ST00758" HPOS="2115" VPOS="2399" WIDTH="60" HEIGHT="28" CONTENT="har" WC="0.97" CC="080"/>
						<SP ID="P15_SP00678" HPOS="2175" VPOS="2432" WIDTH="30"/>
						<String ID="P15_ST00759" HPOS="2205" VPOS="2396" WIDTH="218" HEIGHT="31" CONTENT="Lundstrøms" WC="1.00" CC="0400000000"/>
						<SP ID="P15_SP00679" HPOS="2423" VPOS="2432" WIDTH="26"/>
						<String ID="P15_ST00760" HPOS="2449" VPOS="2395" WIDTH="139" HEIGHT="29" CONTENT="Billeder" WC="0.99" CC="00440004"/>
					</TextLine>
					<TextLine ID="P15_TL00082" HPOS="1358" VPOS="2455" WIDTH="1229" HEIGHT="45">
						<String ID="P15_ST00761" HPOS="1358" VPOS="2462" WIDTH="102" HEIGHT="38" CONTENT="aldrig" WC="0.99" CC="060500"/>
						<SP ID="P15_SP00680" HPOS="1460" VPOS="2500" WIDTH="24"/>
						<String ID="P15_ST00762" HPOS="1484" VPOS="2464" WIDTH="98" HEIGHT="27" CONTENT="været" WC="1.00" CC="00000"/>
						<SP ID="P15_SP00681" HPOS="1582" VPOS="2500" WIDTH="24"/>
						<String ID="P15_ST00763" HPOS="1606" VPOS="2460" WIDTH="104" HEIGHT="38" CONTENT="særlig" WC="0.98" CC="065227"/>
						<SP ID="P15_SP00682" HPOS="1710" VPOS="2500" WIDTH="23"/>
						<String ID="P15_ST00764" HPOS="1733" VPOS="2460" WIDTH="193" HEIGHT="30" CONTENT="veltalende." WC="1.00" CC="00300401004"/>
						<SP ID="P15_SP00683" HPOS="1926" VPOS="2500" WIDTH="49"/>
						<String ID="P15_ST00765" HPOS="1975" VPOS="2460" WIDTH="64" HEIGHT="28" CONTENT="Der" WC="1.00" CC="000"/>
						<SP ID="P15_SP00684" HPOS="2039" VPOS="2500" WIDTH="23"/>
						<String ID="P15_ST00766" HPOS="2062" VPOS="2468" WIDTH="33" HEIGHT="19" CONTENT="er" WC="0.73" CC="05"/>
						<SP ID="P15_SP00685" HPOS="2095" VPOS="2500" WIDTH="24"/>
						<String ID="P15_ST00767" HPOS="2119" VPOS="2458" WIDTH="57" HEIGHT="28" CONTENT="her" WC="1.00" CC="000"/>
						<SP ID="P15_SP00686" HPOS="2176" VPOS="2500" WIDTH="28"/>
						<String ID="P15_ST00768" HPOS="2204" VPOS="2467" WIDTH="41" HEIGHT="19" CONTENT="en" WC="0.84" CC="30"/>
						<SP ID="P15_SP00687" HPOS="2245" VPOS="2500" WIDTH="25"/>
						<String ID="P15_ST00769" HPOS="2270" VPOS="2456" WIDTH="84" HEIGHT="29" CONTENT="Brist" WC="0.99" CC="03220"/>
						<SP ID="P15_SP00688" HPOS="2354" VPOS="2500" WIDTH="24"/>
						<String ID="P15_ST00770" HPOS="2378" VPOS="2455" WIDTH="9" HEIGHT="30" CONTENT="i" WC="0.54" CC="4"/>
						<SP ID="P15_SP00689" HPOS="2387" VPOS="2500" WIDTH="25"/>
						<String ID="P15_ST00771" HPOS="2412" VPOS="2455" WIDTH="86" HEIGHT="30" CONTENT="selve" WC="0.98" CC="00790"/>
						<SP ID="P15_SP00690" HPOS="2498" VPOS="2500" WIDTH="25"/>
						<String ID="P15_ST00772" HPOS="2523" VPOS="2455" WIDTH="43" HEIGHT="28" CONTENT="Ud" SUBS_TYPE="HypPart1" SUBS_CONTENT="Udtryksformen," WC="0.99" CC="00"/>
						<HYP HPOS="2566" VPOS="2455" WIDTH="21" CONTENT="-"/>
					</TextLine>
					<TextLine ID="P15_TL00083" HPOS="1357" VPOS="2515" WIDTH="1228" HEIGHT="46">
						<String ID="P15_ST00773" HPOS="1357" VPOS="2522" WIDTH="233" HEIGHT="39" CONTENT="tryksformen," SUBS_TYPE="HypPart2" SUBS_CONTENT="Udtryksformen," WC="1.00" CC="050000030053"/>
						<SP ID="P15_SP00691" HPOS="1590" VPOS="2561" WIDTH="36"/>
						<String ID="P15_ST00774" HPOS="1626" VPOS="2530" WIDTH="76" HEIGHT="20" CONTENT="men" WC="0.99" CC="002"/>
						<SP ID="P15_SP00692" HPOS="1702" VPOS="2561" WIDTH="33"/>
						<String ID="P15_ST00775" HPOS="1735" VPOS="2520" WIDTH="53" HEIGHT="29" CONTENT="det" WC="1.00" CC="000"/>
						<SP ID="P15_SP00693" HPOS="1788" VPOS="2561" WIDTH="33"/>
						<String ID="P15_ST00776" HPOS="1821" VPOS="2528" WIDTH="96" HEIGHT="30" CONTENT="synes" WC="0.99" CC="00600"/>
						<SP ID="P15_SP00694" HPOS="1917" VPOS="2561" WIDTH="35"/>
						<String ID="P15_ST00777" HPOS="1952" VPOS="2519" WIDTH="77" HEIGHT="29" CONTENT="ikke" WC="0.99" CC="0040"/>
						<SP ID="P15_SP00695" HPOS="2029" VPOS="2561" WIDTH="32"/>
						<String ID="P15_ST00778" HPOS="2061" VPOS="2521" WIDTH="31" HEIGHT="26" CONTENT="at" WC="1.00" CC="00"/>
						<SP ID="P15_SP00696" HPOS="2092" VPOS="2561" WIDTH="31"/>
						<String ID="P15_ST00779" HPOS="2123" VPOS="2518" WIDTH="83" HEIGHT="28" CONTENT="have" WC="0.98" CC="0090"/>
						<SP ID="P15_SP00697" HPOS="2206" VPOS="2561" WIDTH="25"/>
						<String ID="P15_ST00780" HPOS="2231" VPOS="2516" WIDTH="136" HEIGHT="38" CONTENT="hjulpet," WC="0.99" CC="60500003"/>
						<SP ID="P15_SP00698" HPOS="2367" VPOS="2561" WIDTH="27"/>
						<String ID="P15_ST00781" HPOS="2394" VPOS="2518" WIDTH="31" HEIGHT="26" CONTENT="at" WC="0.79" CC="04"/>
						<SP ID="P15_SP00699" HPOS="2425" VPOS="2561" WIDTH="24"/>
						<String ID="P15_ST00782" HPOS="2449" VPOS="2515" WIDTH="67" HEIGHT="29" CONTENT="han" WC="0.97" CC="006"/>
						<SP ID="P15_SP00700" HPOS="2516" VPOS="2561" WIDTH="24"/>
						<String ID="P15_ST00783" HPOS="2540" VPOS="2524" WIDTH="45" HEIGHT="19" CONTENT="nu" WC="0.70" CC="23"/>
					</TextLine>
					<TextLine ID="P15_TL00084" HPOS="1358" VPOS="2575" WIDTH="1229" HEIGHT="40">
						<String ID="P15_ST00784" HPOS="1358" VPOS="2582" WIDTH="67" HEIGHT="29" CONTENT="helt" WC="1.00" CC="1000"/>
						<SP ID="P15_SP00701" HPOS="1425" VPOS="2611" WIDTH="22"/>
						<String ID="P15_ST00785" HPOS="1447" VPOS="2582" WIDTH="61" HEIGHT="28" CONTENT="har" WC="0.99" CC="100"/>
						<SP ID="P15_SP00702" HPOS="1508" VPOS="2611" WIDTH="23"/>
						<String ID="P15_ST00786" HPOS="1531" VPOS="2580" WIDTH="135" HEIGHT="30" CONTENT="udeladt" WC="1.00" CC="6010000"/>
						<SP ID="P15_SP00703" HPOS="1666" VPOS="2611" WIDTH="24"/>
						<String ID="P15_ST00787" HPOS="1690" VPOS="2581" WIDTH="178" HEIGHT="34" CONTENT="Rammen;" WC="1.00" CC="0000050"/>
						<SP ID="P15_SP00704" HPOS="1868" VPOS="2615" WIDTH="35"/>
						<String ID="P15_ST00788" HPOS="1903" VPOS="2578" WIDTH="56" HEIGHT="30" CONTENT="thi." WC="0.98" CC="0604"/>
						<SP ID="P15_SP00705" HPOS="1959" VPOS="2615" WIDTH="25"/>
						<String ID="P15_ST00789" HPOS="1984" VPOS="2578" WIDTH="53" HEIGHT="29" CONTENT="det" WC="1.00" CC="000"/>
						<SP ID="P15_SP00706" HPOS="2037" VPOS="2615" WIDTH="30"/>
						<String ID="P15_ST00790" HPOS="2067" VPOS="2577" WIDTH="131" HEIGHT="38" CONTENT="bringer" WC="1.00" CC="3000003"/>
						<SP ID="P15_SP00707" HPOS="2198" VPOS="2615" WIDTH="23"/>
						<String ID="P15_ST00791" HPOS="2221" VPOS="2576" WIDTH="153" HEIGHT="29" CONTENT="Billedets" WC="1.00" CC="002000000"/>
						<SP ID="P15_SP00708" HPOS="2374" VPOS="2615" WIDTH="25"/>
						<String ID="P15_ST00792" HPOS="2399" VPOS="2575" WIDTH="78" HEIGHT="28" CONTENT="Dele" WC="1.00" CC="0020"/>
						<SP ID="P15_SP00709" HPOS="2477" VPOS="2615" WIDTH="25"/>
						<String ID="P15_ST00793" HPOS="2502" VPOS="2583" WIDTH="64" HEIGHT="20" CONTENT="sam" SUBS_TYPE="HypPart1" SUBS_CONTENT="sammen" WC="0.99" CC="000"/>
						<HYP HPOS="2566" VPOS="2583" WIDTH="21" CONTENT="-"/>
					</TextLine>
					<TextLine ID="P15_TL00085" HPOS="1358" VPOS="2633" WIDTH="1228" HEIGHT="46">
						<String ID="P15_ST00794" HPOS="1358" VPOS="2652" WIDTH="77" HEIGHT="19" CONTENT="men" SUBS_TYPE="HypPart2" SUBS_CONTENT="sammen" WC="1.00" CC="000"/>
						<SP ID="P15_SP00710" HPOS="1435" VPOS="2671" WIDTH="24"/>
						<String ID="P15_ST00795" HPOS="1459" VPOS="2650" WIDTH="39" HEIGHT="29" CONTENT="og" WC="0.77" CC="40"/>
						<SP ID="P15_SP00711" HPOS="1498" VPOS="2679" WIDTH="24"/>
						<String ID="P15_ST00796" HPOS="1522" VPOS="2640" WIDTH="136" HEIGHT="30" CONTENT="hindrer" WC="0.99" CC="2030301"/>
						<SP ID="P15_SP00712" HPOS="1658" VPOS="2679" WIDTH="23"/>
						<String ID="P15_ST00797" HPOS="1681" VPOS="2641" WIDTH="63" HEIGHT="28" CONTENT="den" WC="0.98" CC="006"/>
						<SP ID="P15_SP00713" HPOS="1744" VPOS="2679" WIDTH="26"/>
						<String ID="P15_ST00798" HPOS="1770" VPOS="2638" WIDTH="258" HEIGHT="40" CONTENT="Ekspansation," WC="0.97" CC="0000000000003"/>
						<SP ID="P15_SP00714" HPOS="2028" VPOS="2679" WIDTH="36"/>
						<String ID="P15_ST00799" HPOS="2064" VPOS="2646" WIDTH="72" HEIGHT="20" CONTENT="som" WC="0.98" CC="040"/>
						<SP ID="P15_SP00715" HPOS="2136" VPOS="2679" WIDTH="33"/>
						<String ID="P15_ST00800" HPOS="2169" VPOS="2645" WIDTH="34" HEIGHT="20" CONTENT="er" WC="1.00" CC="00"/>
						<SP ID="P15_SP00716" HPOS="2203" VPOS="2679" WIDTH="34"/>
						<String ID="P15_ST00801" HPOS="2237" VPOS="2635" WIDTH="162" HEIGHT="29" CONTENT="Maleriets" WC="1.00" CC="004000200"/>
						<SP ID="P15_SP00717" HPOS="2399" VPOS="2679" WIDTH="28"/>
						<String ID="P15_ST00802" HPOS="2427" VPOS="2633" WIDTH="159" HEIGHT="38" CONTENT="naturlige" WC="1.00" CC="000424000"/>
					</TextLine>
					<TextLine ID="P15_TL00086" HPOS="1358" VPOS="2694" WIDTH="1227" HEIGHT="45">
						<String ID="P15_ST00803" HPOS="1358" VPOS="2702" WIDTH="172" HEIGHT="37" CONTENT="Virkning." WC="1.00" CC="000060100"/>
						<SP ID="P15_SP00718" HPOS="1530" VPOS="2739" WIDTH="26"/>
						<String ID="P15_ST00804" HPOS="1556" VPOS="2700" WIDTH="171" HEIGHT="29" CONTENT="Allermest" WC="1.00" CC="001000000"/>
						<SP ID="P15_SP00719" HPOS="1727" VPOS="2739" WIDTH="35"/>
						<String ID="P15_ST00805" HPOS="1762" VPOS="2699" WIDTH="85" HEIGHT="29" CONTENT="viser" WC="1.00" CC="04000"/>
						<SP ID="P15_SP00720" HPOS="1847" VPOS="2739" WIDTH="34"/>
						<String ID="P15_ST00806" HPOS="1881" VPOS="2698" WIDTH="201" HEIGHT="30" CONTENT="Lundstrøm" WC="1.00" CC="020000050"/>
						<SP ID="P15_SP00721" HPOS="2082" VPOS="2739" WIDTH="37"/>
						<String ID="P15_ST00807" HPOS="2119" VPOS="2697" WIDTH="50" HEIGHT="29" CONTENT="sin" WC="0.96" CC="403"/>
						<SP ID="P15_SP00722" HPOS="2169" VPOS="2739" WIDTH="37"/>
						<String ID="P15_ST00808" HPOS="2206" VPOS="2695" WIDTH="193" HEIGHT="38" CONTENT="Smidighed" WC="1.00" CC="000000600"/>
						<SP ID="P15_SP00723" HPOS="2399" VPOS="2739" WIDTH="35"/>
						<String ID="P15_ST00809" HPOS="2434" VPOS="2694" WIDTH="83" HEIGHT="29" CONTENT="ide" WC="1.00" CC="000"/>
						<SP ID="P15_SP00724" HPOS="2517" VPOS="2739" WIDTH="37"/>
						<String ID="P15_ST00810" HPOS="2554" VPOS="2697" WIDTH="31" HEIGHT="26" CONTENT="to" WC="1.00" CC="00"/>
					</TextLine>
					<TextLine ID="P15_TL00087" HPOS="1359" VPOS="2754" WIDTH="1227" HEIGHT="44">
						<String ID="P15_ST00811" HPOS="1359" VPOS="2762" WIDTH="167" HEIGHT="36" CONTENT="Stilleben," WC="1.00" CC="0003504010"/>
						<SP ID="P15_SP00725" HPOS="1526" VPOS="2798" WIDTH="26"/>
						<String ID="P15_ST00812" HPOS="1552" VPOS="2761" WIDTH="83" HEIGHT="30" CONTENT="hvor" WC="0.99" CC="2012"/>
						<SP ID="P15_SP00726" HPOS="1635" VPOS="2798" WIDTH="16"/>
						<String ID="P15_ST00813" HPOS="1651" VPOS="2759" WIDTH="276" HEIGHT="39" CONTENT="Udtryksformen" WC="1.00" CC="0000000006001"/>
						<SP ID="P15_SP00727" HPOS="1927" VPOS="2798" WIDTH="25"/>
						<String ID="P15_ST00814" HPOS="1952" VPOS="2758" WIDTH="104" HEIGHT="29" CONTENT="hviler" WC="1.00" CC="000003"/>
						<SP ID="P15_SP00728" HPOS="2056" VPOS="2798" WIDTH="23"/>
						<String ID="P15_ST00815" HPOS="2079" VPOS="2766" WIDTH="63" HEIGHT="29" CONTENT="paa" WC="1.00" CC="000"/>
						<SP ID="P15_SP00729" HPOS="2142" VPOS="2798" WIDTH="24"/>
						<String ID="P15_ST00816" HPOS="2166" VPOS="2759" WIDTH="29" HEIGHT="26" CONTENT="et" WC="1.00" CC="00"/>
						<SP ID="P15_SP00730" HPOS="2195" VPOS="2798" WIDTH="23"/>
						<String ID="P15_ST00817" HPOS="2218" VPOS="2756" WIDTH="124" HEIGHT="38" CONTENT="ganske" WC="1.00" CC="002200"/>
						<SP ID="P15_SP00731" HPOS="2342" VPOS="2798" WIDTH="22"/>
						<String ID="P15_ST00818" HPOS="2364" VPOS="2754" WIDTH="102" HEIGHT="29" CONTENT="kendt" WC="1.00" CC="00200"/>
						<SP ID="P15_SP00732" HPOS="2466" VPOS="2798" WIDTH="17"/>
						<String ID="P15_ST00819" HPOS="2483" VPOS="2754" WIDTH="83" HEIGHT="29" CONTENT="Skøn" SUBS_TYPE="HypPart1" SUBS_CONTENT="Skønhedsgrundlag." WC="0.91" CC="0000"/>
						<HYP HPOS="2566" VPOS="2754" WIDTH="20" CONTENT="-"/>
					</TextLine>
					<TextLine ID="P15_TL00088" HPOS="1359" VPOS="2813" WIDTH="1226" HEIGHT="47">
						<String ID="P15_ST00820" HPOS="1359" VPOS="2820" WIDTH="254" HEIGHT="40" CONTENT="hedsgrundlag." SUBS_TYPE="HypPart2" SUBS_CONTENT="Skønhedsgrundlag." WC="0.82" CC="5000065000004"/>
						<SP ID="P15_SP00733" HPOS="1613" VPOS="2860" WIDTH="48"/>
						<String ID="P15_ST00821" HPOS="1661" VPOS="2820" WIDTH="65" HEIGHT="28" CONTENT="Der" WC="0.98" CC="500"/>
						<SP ID="P15_SP00734" HPOS="1726" VPOS="2860" WIDTH="31"/>
						<String ID="P15_ST00822" HPOS="1757" VPOS="2829" WIDTH="33" HEIGHT="19" CONTENT="er" WC="0.72" CC="05"/>
						<SP ID="P15_SP00735" HPOS="1790" VPOS="2860" WIDTH="31"/>
						<String ID="P15_ST00823" HPOS="1821" VPOS="2819" WIDTH="154" HEIGHT="28" CONTENT="indenfor" WC="1.00" CC="10000043"/>
						<SP ID="P15_SP00736" HPOS="1975" VPOS="2860" WIDTH="33"/>
						<String ID="P15_ST00824" HPOS="2008" VPOS="2817" WIDTH="85" HEIGHT="29" CONTENT="disse" WC="1.00" CC="00000"/>
						<SP ID="P15_SP00737" HPOS="2093" VPOS="2860" WIDTH="28"/>
						<String ID="P15_ST00825" HPOS="2121" VPOS="2820" WIDTH="33" HEIGHT="25" CONTENT="to" WC="1.00" CC="00"/>
						<SP ID="P15_SP00738" HPOS="2154" VPOS="2860" WIDTH="26"/>
						<String ID="P15_ST00826" HPOS="2180" VPOS="2817" WIDTH="155" HEIGHT="28" CONTENT="Rammer" WC="0.99" CC="407001"/>
						<SP ID="P15_SP00739" HPOS="2335" VPOS="2860" WIDTH="24"/>
						<String ID="P15_ST00827" HPOS="2359" VPOS="2814" WIDTH="75" HEIGHT="29" CONTENT="med" WC="1.00" CC="000"/>
						<SP ID="P15_SP00740" HPOS="2434" VPOS="2860" WIDTH="24"/>
						<String ID="P15_ST00828" HPOS="2458" VPOS="2813" WIDTH="127" HEIGHT="30" CONTENT="Finhed" WC="1.00" CC="000300"/>
					</TextLine>
					<TextLine ID="P15_TL00089" HPOS="1360" VPOS="2874" WIDTH="1223" HEIGHT="43">
						<String ID="P15_ST00829" HPOS="1360" VPOS="2881" WIDTH="96" HEIGHT="30" CONTENT="skabt" WC="0.98" CC="20054"/>
						<SP ID="P15_SP00741" HPOS="1456" VPOS="2911" WIDTH="24"/>
						<String ID="P15_ST00830" HPOS="1480" VPOS="2890" WIDTH="40" HEIGHT="20" CONTENT="en" WC="0.76" CC="04"/>
						<SP ID="P15_SP00742" HPOS="1520" VPOS="2911" WIDTH="26"/>
						<String ID="P15_ST00831" HPOS="1546" VPOS="2879" WIDTH="181" HEIGHT="38" CONTENT="Bevægelse" WC="0.99" CC="510000700"/>
						<SP ID="P15_SP00743" HPOS="1727" VPOS="2917" WIDTH="26"/>
						<String ID="P15_ST00832" HPOS="1753" VPOS="2887" WIDTH="39" HEIGHT="29" CONTENT="og" WC="0.52" CC="09"/>
						<SP ID="P15_SP00744" HPOS="1792" VPOS="2917" WIDTH="24"/>
						<String ID="P15_ST00833" HPOS="1816" VPOS="2887" WIDTH="40" HEIGHT="20" CONTENT="en" WC="0.68" CC="06"/>
						<SP ID="P15_SP00745" HPOS="1856" VPOS="2917" WIDTH="25"/>
						<String ID="P15_ST00834" HPOS="1881" VPOS="2878" WIDTH="170" HEIGHT="37" CONTENT="Ligevægt," WC="1.00" CC="000000002"/>
						<SP ID="P15_SP00746" HPOS="2051" VPOS="2917" WIDTH="33"/>
						<String ID="P15_ST00835" HPOS="2084" VPOS="2886" WIDTH="38" HEIGHT="20" CONTENT="en" WC="1.00" CC="00"/>
						<SP ID="P15_SP00747" HPOS="2122" VPOS="2917" WIDTH="27"/>
						<String ID="P15_ST00836" HPOS="2149" VPOS="2876" WIDTH="135" HEIGHT="38" CONTENT="Tyngde" WC="1.00" CC="001001"/>
						<SP ID="P15_SP00748" HPOS="2284" VPOS="2917" WIDTH="25"/>
						<String ID="P15_ST00837" HPOS="2309" VPOS="2883" WIDTH="38" HEIGHT="30" CONTENT="og" WC="1.00" CC="00"/>
						<SP ID="P15_SP00749" HPOS="2347" VPOS="2917" WIDTH="25"/>
						<String ID="P15_ST00838" HPOS="2372" VPOS="2884" WIDTH="39" HEIGHT="19" CONTENT="en" WC="0.70" CC="05"/>
						<SP ID="P15_SP00750" HPOS="2411" VPOS="2917" WIDTH="26"/>
						<String ID="P15_ST00839" HPOS="2437" VPOS="2874" WIDTH="146" HEIGHT="29" CONTENT="Svæven." WC="0.58" CC="0909063"/>
					</TextLine>
					<TextLine ID="P15_TL00090" HPOS="1426" VPOS="2932" WIDTH="1159" HEIGHT="38">
						<String ID="P15_ST00840" HPOS="1426" VPOS="2940" WIDTH="162" HEIGHT="30" CONTENT="Haardest" WC="0.79" CC="64050000"/>
						<SP ID="P15_SP00751" HPOS="1588" VPOS="2970" WIDTH="23"/>
						<String ID="P15_ST00841" HPOS="1611" VPOS="2948" WIDTH="143" HEIGHT="20" CONTENT="rammer" WC="1.00" CC="000000"/>
						<SP ID="P15_SP00752" HPOS="1754" VPOS="2970" WIDTH="24"/>
						<String ID="P15_ST00842" HPOS="1778" VPOS="2947" WIDTH="78" HEIGHT="20" CONTENT="man" WC="0.96" CC="092"/>
						<SP ID="P15_SP00753" HPOS="1856" VPOS="2970" WIDTH="26"/>
						<String ID="P15_ST00843" HPOS="1882" VPOS="2937" WIDTH="86" HEIGHT="29" CONTENT="disse" WC="1.00" CC="00000"/>
						<SP ID="P15_SP00754" HPOS="1968" VPOS="2970" WIDTH="25"/>
						<String ID="P15_ST00844" HPOS="1993" VPOS="2937" WIDTH="119" HEIGHT="29" CONTENT="Malere" WC="1.00" CC="000040"/>
						<SP ID="P15_SP00755" HPOS="2112" VPOS="2970" WIDTH="31"/>
						<String ID="P15_ST00845" HPOS="2143" VPOS="2935" WIDTH="60" HEIGHT="30" CONTENT="ved" WC="0.96" CC="900"/>
						<SP ID="P15_SP00756" HPOS="2203" VPOS="2970" WIDTH="26"/>
						<String ID="P15_ST00846" HPOS="2229" VPOS="2939" WIDTH="31" HEIGHT="25" CONTENT="at" WC="1.00" CC="00"/>
						<SP ID="P15_SP00757" HPOS="2260" VPOS="2970" WIDTH="24"/>
						<String ID="P15_ST00847" HPOS="2284" VPOS="2934" WIDTH="144" HEIGHT="29" CONTENT="udraabe" WC="0.78" CC="4005040"/>
						<SP ID="P15_SP00758" HPOS="2428" VPOS="2970" WIDTH="25"/>
						<String ID="P15_ST00848" HPOS="2453" VPOS="2933" WIDTH="73" HEIGHT="29" CONTENT="dem" WC="1.00" CC="010"/>
						<SP ID="P15_SP00759" HPOS="2526" VPOS="2970" WIDTH="26"/>
						<String ID="P15_ST00849" HPOS="2552" VPOS="2932" WIDTH="33" HEIGHT="28" CONTENT="til" WC="0.98" CC="040"/>
					</TextLine>
					<TextLine ID="P15_TL00091" HPOS="1359" VPOS="2992" WIDTH="1228" HEIGHT="42">
						<String ID="P15_ST00850" HPOS="1359" VPOS="3002" WIDTH="88" HEIGHT="29" CONTENT="fødte" WC="1.00" CC="00001"/>
						<SP ID="P15_SP00760" HPOS="1447" VPOS="3031" WIDTH="18"/>
						<String ID="P15_ST00851" HPOS="1465" VPOS="3000" WIDTH="188" HEIGHT="30" CONTENT="Kolorister." WC="1.00" CC="83200000000"/>
						<SP ID="P15_SP00761" HPOS="1653" VPOS="3031" WIDTH="33"/>
						<String ID="P15_ST00852" HPOS="1686" VPOS="3000" WIDTH="61" HEIGHT="27" CONTENT="Det" WC="0.98" CC="220"/>
						<SP ID="P15_SP00762" HPOS="1747" VPOS="3031" WIDTH="23"/>
						<String ID="P15_ST00853" HPOS="1770" VPOS="2998" WIDTH="116" HEIGHT="29" CONTENT="skulde" WC="1.00" CC="002200"/>
						<SP ID="P15_SP00763" HPOS="1886" VPOS="3031" WIDTH="21"/>
						<String ID="P15_ST00854" HPOS="1907" VPOS="2997" WIDTH="34" HEIGHT="37" CONTENT="jo" WC="1.00" CC="00"/>
						<SP ID="P15_SP00764" HPOS="1941" VPOS="3034" WIDTH="27"/>
						<String ID="P15_ST00855" HPOS="1968" VPOS="3006" WIDTH="44" HEIGHT="19" CONTENT="nu" WC="0.64" CC="07"/>
						<SP ID="P15_SP00765" HPOS="2012" VPOS="3034" WIDTH="25"/>
						<String ID="P15_ST00856" HPOS="2037" VPOS="3005" WIDTH="83" HEIGHT="21" CONTENT="være" WC="1.00" CC="0000"/>
						<SP ID="P15_SP00766" HPOS="2120" VPOS="3034" WIDTH="24"/>
						<String ID="P15_ST00857" HPOS="2144" VPOS="2995" WIDTH="177" HEIGHT="36" CONTENT="fastslaaet," WC="0.92" CC="00000400004"/>
						<SP ID="P15_SP00767" HPOS="2321" VPOS="3034" WIDTH="27"/>
						<String ID="P15_ST00858" HPOS="2348" VPOS="2997" WIDTH="30" HEIGHT="25" CONTENT="at" WC="0.98" CC="00"/>
						<SP ID="P15_SP00768" HPOS="2378" VPOS="3034" WIDTH="18"/>
						<String ID="P15_ST00859" HPOS="2396" VPOS="2992" WIDTH="191" HEIGHT="37" CONTENT="Kolorering" WC="1.00" CC="0001200031"/>
					</TextLine>
					<TextLine ID="P15_TL00092" HPOS="1360" VPOS="3052" WIDTH="1228" HEIGHT="43">
						<String ID="P15_ST00860" HPOS="1360" VPOS="3062" WIDTH="76" HEIGHT="28" CONTENT="ikke" WC="1.00" CC="0000"/>
						<SP ID="P15_SP00769" HPOS="1436" VPOS="3090" WIDTH="24"/>
						<String ID="P15_ST00861" HPOS="1460" VPOS="3070" WIDTH="33" HEIGHT="20" CONTENT="er" WC="1.00" CC="00"/>
						<SP ID="P15_SP00770" HPOS="1493" VPOS="3090" WIDTH="24"/>
						<String ID="P15_ST00862" HPOS="1517" VPOS="3069" WIDTH="40" HEIGHT="19" CONTENT="en" WC="0.71" CC="05"/>
						<SP ID="P15_SP00771" HPOS="1557" VPOS="3090" WIDTH="24"/>
						<String ID="P15_ST00863" HPOS="1581" VPOS="3057" WIDTH="208" HEIGHT="38" CONTENT="selvstændig" WC="1.00" CC="00600005010"/>
						<SP ID="P15_SP00772" HPOS="1789" VPOS="3095" WIDTH="25"/>
						<String ID="P15_ST00864" HPOS="1814" VPOS="3057" WIDTH="222" HEIGHT="29" CONTENT="Virksomhed" WC="1.00" CC="0120000000"/>
						<SP ID="P15_SP00773" HPOS="2036" VPOS="3095" WIDTH="32"/>
						<String ID="P15_ST00865" HPOS="2068" VPOS="3064" WIDTH="39" HEIGHT="29" CONTENT="og" WC="0.94" CC="10"/>
						<SP ID="P15_SP00774" HPOS="2107" VPOS="3095" WIDTH="31"/>
						<String ID="P15_ST00866" HPOS="2138" VPOS="3059" WIDTH="31" HEIGHT="25" CONTENT="at" WC="1.00" CC="00"/>
						<SP ID="P15_SP00775" HPOS="2169" VPOS="3095" WIDTH="30"/>
						<String ID="P15_ST00867" HPOS="2199" VPOS="3055" WIDTH="54" HEIGHT="29" CONTENT="det" WC="0.98" CC="006"/>
						<SP ID="P15_SP00776" HPOS="2253" VPOS="3095" WIDTH="28"/>
						<String ID="P15_ST00868" HPOS="2281" VPOS="3054" WIDTH="102" HEIGHT="29" CONTENT="ideale" WC="0.99" CC="004011"/>
						<SP ID="P15_SP00777" HPOS="2383" VPOS="3095" WIDTH="26"/>
						<String ID="P15_ST00869" HPOS="2409" VPOS="3052" WIDTH="121" HEIGHT="29" CONTENT="Billede" WC="1.00" CC="7000000"/>
						<SP ID="P15_SP00778" HPOS="2530" VPOS="3095" WIDTH="24"/>
						<String ID="P15_ST00870" HPOS="2554" VPOS="3061" WIDTH="34" HEIGHT="19" CONTENT="er" WC="1.00" CC="00"/>
					</TextLine>
					<TextLine ID="P15_TL00093" HPOS="1360" VPOS="3111" WIDTH="1228" HEIGHT="47">
						<String ID="P15_ST00871" HPOS="1360" VPOS="3122" WIDTH="53" HEIGHT="28" CONTENT="det" WC="1.00" CC="000"/>
						<SP ID="P15_SP00779" HPOS="1413" VPOS="3150" WIDTH="24"/>
						<String ID="P15_ST00872" HPOS="1437" VPOS="3118" WIDTH="256" HEIGHT="40" CONTENT="smagsmæssigt" WC="1.00" CC="000000000100"/>
						<SP ID="P15_SP00780" HPOS="1693" VPOS="3158" WIDTH="25"/>
						<String ID="P15_ST00873" HPOS="1718" VPOS="3118" WIDTH="157" HEIGHT="35" CONTENT="neutrale," WC="0.99" CC="503000600"/>
						<SP ID="P15_SP00781" HPOS="1875" VPOS="3158" WIDTH="35"/>
						<String ID="P15_ST00874" HPOS="1910" VPOS="3116" WIDTH="53" HEIGHT="29" CONTENT="det" WC="1.00" CC="000"/>
						<SP ID="P15_SP00782" HPOS="1963" VPOS="3158" WIDTH="30"/>
						<String ID="P15_ST00875" HPOS="1993" VPOS="3116" WIDTH="90" HEIGHT="28" CONTENT="klare" WC="0.99" CC="04000"/>
						<SP ID="P15_SP00783" HPOS="2083" VPOS="3158" WIDTH="25"/>
						<String ID="P15_ST00876" HPOS="2108" VPOS="3123" WIDTH="39" HEIGHT="30" CONTENT="og" WC="0.89" CC="20"/>
						<SP ID="P15_SP00784" HPOS="2147" VPOS="3158" WIDTH="24"/>
						<String ID="P15_ST00877" HPOS="2171" VPOS="3114" WIDTH="105" HEIGHT="39" CONTENT="logisk" WC="1.00" CC="100300"/>
						<SP ID="P15_SP00785" HPOS="2276" VPOS="3158" WIDTH="24"/>
						<String ID="P15_ST00878" HPOS="2300" VPOS="3111" WIDTH="200" HEIGHT="40" CONTENT="opbyggede," WC="0.99" CC="5060600003"/>
						<SP ID="P15_SP00786" HPOS="2500" VPOS="3158" WIDTH="35"/>
						<String ID="P15_ST00879" HPOS="2535" VPOS="3111" WIDTH="53" HEIGHT="28" CONTENT="det" WC="0.97" CC="060"/>
					</TextLine>
					<TextLine ID="P15_TL00094" HPOS="1362" VPOS="3171" WIDTH="1225" HEIGHT="45">
						<String ID="P15_ST00880" HPOS="1362" VPOS="3179" WIDTH="266" HEIGHT="37" CONTENT="umenneskelige" WC="1.00" CC="3000000010304"/>
						<SP ID="P15_SP00787" HPOS="1628" VPOS="3216" WIDTH="18"/>
						<String ID="P15_ST00881" HPOS="1646" VPOS="3177" WIDTH="94" HEIGHT="30" CONTENT="Værk" WC="1.00" CC="0000"/>
						<SP ID="P15_SP00788" HPOS="1740" VPOS="3216" WIDTH="24"/>
						<String ID="P15_ST00882" HPOS="1764" VPOS="3176" WIDTH="179" HEIGHT="30" CONTENT="forsaavidt" WC="0.92" CC="1100000004"/>
						<SP ID="P15_SP00789" HPOS="1943" VPOS="3216" WIDTH="25"/>
						<String ID="P15_ST00883" HPOS="1968" VPOS="3184" WIDTH="71" HEIGHT="20" CONTENT="som" WC="1.00" CC="000"/>
						<SP ID="P15_SP00790" HPOS="2039" VPOS="3216" WIDTH="26"/>
						<String ID="P15_ST00884" HPOS="2065" VPOS="3175" WIDTH="52" HEIGHT="28" CONTENT="det" WC="1.00" CC="000"/>
						<SP ID="P15_SP00791" HPOS="2117" VPOS="3216" WIDTH="25"/>
						<String ID="P15_ST00885" HPOS="2142" VPOS="3184" WIDTH="33" HEIGHT="19" CONTENT="er" WC="0.86" CC="20"/>
						<SP ID="P15_SP00792" HPOS="2175" VPOS="3216" WIDTH="23"/>
						<String ID="P15_ST00886" HPOS="2198" VPOS="3184" WIDTH="41" HEIGHT="19" CONTENT="en" WC="0.71" CC="04"/>
						<SP ID="P15_SP00793" HPOS="2239" VPOS="3216" WIDTH="17"/>
						<String ID="P15_ST00887" HPOS="2256" VPOS="3172" WIDTH="108" HEIGHT="39" CONTENT="Utopi." WC="0.99" CC="000023"/>
						<SP ID="P15_SP00794" HPOS="2364" VPOS="3216" WIDTH="32"/>
						<String ID="P15_ST00888" HPOS="2396" VPOS="3171" WIDTH="73" HEIGHT="29" CONTENT="Med" WC="1.00" CC="000"/>
						<SP ID="P15_SP00795" HPOS="2469" VPOS="3216" WIDTH="17"/>
						<String ID="P15_ST00889" HPOS="2486" VPOS="3171" WIDTH="101" HEIGHT="29" CONTENT="andre" WC="0.99" CC="01060"/>
					</TextLine>
					<TextLine ID="P15_TL00095" HPOS="1361" VPOS="3231" WIDTH="1226" HEIGHT="45">
						<String ID="P15_ST00890" HPOS="1361" VPOS="3240" WIDTH="79" HEIGHT="36" CONTENT="Ord," WC="0.99" CC="0303"/>
						<SP ID="P15_SP00796" HPOS="1440" VPOS="3276" WIDTH="27"/>
						<String ID="P15_ST00891" HPOS="1467" VPOS="3240" WIDTH="53" HEIGHT="27" CONTENT="det" WC="1.00" CC="000"/>
						<SP ID="P15_SP00797" HPOS="1520" VPOS="3276" WIDTH="23"/>
						<String ID="P15_ST00892" HPOS="1543" VPOS="3236" WIDTH="216" HEIGHT="40" CONTENT="uopnaaelige" WC="0.81" CC="50000601060"/>
						<SP ID="P15_SP00798" HPOS="1759" VPOS="3276" WIDTH="25"/>
						<String ID="P15_ST00893" HPOS="1784" VPOS="3236" WIDTH="86" HEIGHT="28" CONTENT="Maal" WC="0.92" CC="0003"/>
						<SP ID="P15_SP00799" HPOS="1870" VPOS="3276" WIDTH="24"/>
						<String ID="P15_ST00894" HPOS="1894" VPOS="3235" WIDTH="49" HEIGHT="29" CONTENT="for" WC="0.98" CC="050"/>
						<SP ID="P15_SP00800" HPOS="1943" VPOS="3276" WIDTH="17"/>
						<String ID="P15_ST00895" HPOS="1960" VPOS="3235" WIDTH="107" HEIGHT="28" CONTENT="Kunst" WC="0.99" CC="05100"/>
						<SP ID="P15_SP00801" HPOS="2067" VPOS="3276" WIDTH="25"/>
						<String ID="P15_ST00896" HPOS="2092" VPOS="3243" WIDTH="71" HEIGHT="19" CONTENT="som" WC="0.97" CC="430"/>
						<SP ID="P15_SP00802" HPOS="2163" VPOS="3276" WIDTH="26"/>
						<String ID="P15_ST00897" HPOS="2189" VPOS="3233" WIDTH="48" HEIGHT="29" CONTENT="for" WC="0.98" CC="004"/>
						<SP ID="P15_SP00803" HPOS="2237" VPOS="3276" WIDTH="18"/>
						<String ID="P15_ST00898" HPOS="2255" VPOS="3231" WIDTH="190" HEIGHT="30" CONTENT="Videnskab" WC="0.99" CC="000025083"/>
						<SP ID="P15_SP00804" HPOS="2445" VPOS="3276" WIDTH="25"/>
						<String ID="P15_ST00899" HPOS="2470" VPOS="3240" WIDTH="33" HEIGHT="19" CONTENT="er" WC="1.00" CC="00"/>
						<SP ID="P15_SP00805" HPOS="2503" VPOS="3276" WIDTH="20"/>
						<String ID="P15_ST00900" HPOS="2523" VPOS="3231" WIDTH="64" HEIGHT="28" CONTENT="den" WC="0.97" CC="006"/>
					</TextLine>
					<TextLine ID="P15_TL00096" HPOS="1361" VPOS="3291" WIDTH="1115" HEIGHT="42">
						<String ID="P15_ST00901" HPOS="1361" VPOS="3309" WIDTH="76" HEIGHT="19" CONTENT="rene" WC="0.98" CC="3400"/>
						<SP ID="P15_SP00806" HPOS="1437" VPOS="3328" WIDTH="24"/>
						<String ID="P15_ST00902" HPOS="1461" VPOS="3297" WIDTH="224" HEIGHT="36" CONTENT="Abstraktion," WC="1.00" CC="040000000304"/>
						<SP ID="P15_SP00807" HPOS="1685" VPOS="3333" WIDTH="26"/>
						<String ID="P15_ST00903" HPOS="1711" VPOS="3295" WIDTH="73" HEIGHT="30" CONTENT="hvis" WC="0.99" CC="6000"/>
						<SP ID="P15_SP00808" HPOS="1784" VPOS="3333" WIDTH="25"/>
						<String ID="P15_ST00904" HPOS="1809" VPOS="3295" WIDTH="152" HEIGHT="28" CONTENT="Tomhed" WC="1.00" CC="030000"/>
						<SP ID="P15_SP00809" HPOS="1961" VPOS="3333" WIDTH="25"/>
						<String ID="P15_ST00905" HPOS="1986" VPOS="3294" WIDTH="32" HEIGHT="30" CONTENT="vi" WC="1.00" CC="00"/>
						<SP ID="P15_SP00810" HPOS="2018" VPOS="3333" WIDTH="23"/>
						<String ID="P15_ST00906" HPOS="2041" VPOS="3294" WIDTH="76" HEIGHT="28" CONTENT="ikke" WC="1.00" CC="0000"/>
						<SP ID="P15_SP00811" HPOS="2117" VPOS="3333" WIDTH="25"/>
						<String ID="P15_ST00907" HPOS="2142" VPOS="3294" WIDTH="144" HEIGHT="27" CONTENT="behøver" WC="1.00" CC="0006000"/>
						<SP ID="P15_SP00812" HPOS="2286" VPOS="3333" WIDTH="24"/>
						<String ID="P15_ST00908" HPOS="2310" VPOS="3295" WIDTH="32" HEIGHT="25" CONTENT="at" WC="1.00" CC="00"/>
						<SP ID="P15_SP00813" HPOS="2342" VPOS="3333" WIDTH="22"/>
						<String ID="P15_ST00909" HPOS="2364" VPOS="3291" WIDTH="112" HEIGHT="37" CONTENT="frygte." WC="1.00" CC="0100002"/>
					</TextLine>
					<TextLine ID="P15_TL00097" HPOS="1429" VPOS="3355" WIDTH="549" HEIGHT="32">
						<String ID="P15_ST00910" HPOS="1429" VPOS="3359" WIDTH="95" HEIGHT="28" CONTENT="Hvad" WC="0.99" CC="3000"/>
						<SP ID="P15_SP00814" HPOS="1524" VPOS="3387" WIDTH="25"/>
						<String ID="P15_ST00911" HPOS="1549" VPOS="3357" WIDTH="116" HEIGHT="29" CONTENT="skulde" WC="0.99" CC="402002"/>
						<SP ID="P15_SP00815" HPOS="1665" VPOS="3387" WIDTH="24"/>
						<String ID="P15_ST00912" HPOS="1689" VPOS="3356" WIDTH="52" HEIGHT="29" CONTENT="det" WC="0.98" CC="023"/>
						<SP ID="P15_SP00816" HPOS="1741" VPOS="3387" WIDTH="25"/>
						<String ID="P15_ST00913" HPOS="1766" VPOS="3355" WIDTH="92" HEIGHT="29" CONTENT="ellers" WC="0.99" CC="033003"/>
						<SP ID="P15_SP00817" HPOS="1858" VPOS="3387" WIDTH="25"/>
						<String ID="P15_ST00914" HPOS="1883" VPOS="3363" WIDTH="95" HEIGHT="20" CONTENT="være." WC="0.97" CC="90404"/>
					</TextLine>
				</TextBlock>
				<TextBlock ID="P15_TB00004" HPOS="2228" VPOS="3348" WIDTH="315" HEIGHT="40" STYLEREFS="TXT_0 PAR_RIGHT">
					<TextLine ID="P15_TL00098" HPOS="2231" VPOS="3351" WIDTH="311" HEIGHT="37">
						<String ID="P15_ST00915" HPOS="2231" VPOS="3353" WIDTH="76" HEIGHT="28" CONTENT="Poul" WC="0.98" CC="0360"/>
						<SP ID="P15_SP00818" HPOS="2307" VPOS="3381" WIDTH="26"/>
						<String ID="P15_ST00916" HPOS="2333" VPOS="3351" WIDTH="209" HEIGHT="37" CONTENT="Henningsen." WC="0.99" CC="00400300651"/>
					</TextLine>
				</TextBlock>
			</PrintSpace>
		</Page>
	</Layout>
</alto>
