3271 4386
3019 4018 56 40 97

178 350 80 34 vain
301 349 90 36 dans
417 365 41 21 un
483 365 111 34 rayon
619 351 48 37 de
692 355 45 34 20
763 354 75 35 Km.
864 354 42 35 La
934 368 128 34 propor-

178 405 75 33 tion
287 402 47 36 du
370 403 151 37 nombre
555 405 66 37 des
654 406 221 37 architectes
908 422 63 33 par
1004 422 60 33 rap-

181 461 83 43 port
293 471 44 21 au
368 456 131 38 chiffre
529 458 48 37 de
609 459 28 36 la
671 459 225 49 population,
927 465 56 32 est
1010 462 73 35 très

181 509 219 44 irréqulière.
432 510 63 38 Elle
524 515 98 34 varie
652 513 47 37 de
736 517 5 32 I
777 516 19 34 à
826 516 106 40 2800,
963 515 19 35 à
1021 509 4 47 I
1063 516 19 34 à

181 566 144 34 33.000.
355 563 17 37 Il
400 566 73 35 s'en
502 569 67 33 suit
596 569 109 45 qu'on
732 567 155 37 cherche
914 570 19 34 à
962 569 102 47 répar-

177 620 44 34 tir
251 617 48 37 les
329 617 222 39 architectes
580 621 48 36 de
656 620 111 48 façon
798 621 81 48 qu'il
909 637 20 33 y
958 636 43 22 en
1031 626 52 32 ait

178 671 90 37 dans
287 676 106 32 toute
414 687 191 23 commune
627 674 123 43 rurale,
774 691 64 32 par
857 690 110 34 rayon
989 677 76 34 mini-

179 741 92 21 mum
299 726 47 36 de
381 729 37 33 10

181 781 40 35 En
255 780 285 37 HOLLANDE:

181 834 266 36 Ministre
492 835 296 38 Marchant
829 852 253 22 annonce

178 903 60 20 en
294 890 219 35 séance
568 889 64 37 de
687 889 45 38 la
791 892 291 36 Première

179 941 305 43 Chambre,
543 943 166 48 qu'un
769 948 193 45 projet
1018 944 64 37 de

180 996 88 35 Loi
337 996 239 46 réglant
634 996 44 38 la
737 999 343 47 profession

178 1049 426 38 d'architecte
659 1066 18 22 a
734 1054 197 46 quitté
986 1068 94 21 son

177 1103 451 49 département.

180 1159 41 35 La
261 1157 162 38 nouvelle
461 1164 55 31 est
553 1158 138 38 relatée
730 1176 63 32 par
829 1160 30 37 le
936 1162 146 35 Nieuwe

181 1212 304 37 Rotterdamsche
745 1214 47 37 du
828 1217 38 33 16
893 1214 82 37 avril
1003 1216 60 36 der-

179 1268 83 40 nier,
298 1266 91 37 dans
421 1282 62 21 son
520 1271 154 42 rapport
708 1283 54 21 sur
795 1268 28 36 la
859 1270 141 35 Session
1035 1268 47 37 du

179 1322 209 40 Printemps,
417 1325 112 32 tenue
558 1323 19 35 à
609 1322 153 36 Utrecht
791 1337 64 34 par
883 1322 47 37 les
959 1322 104 37 Archi-

175 1379 121 32 tectes
330 1374 252 38 Néerlandais.

179 1428 17 36 Il
222 1444 20 29 y
268 1433 55 32 est
346 1429 54 36 dit
419 1444 7 21 :

214 1484 75 35 Cet
312 1488 85 31 acte
421 1488 55 32 est
499 1484 191 36 considéré
713 1499 144 21 comme
880 1499 42 22 un
945 1484 69 37 fait
1035 1485 48 36 de

175 1538 141 45 grande
335 1538 260 43 signification.
616 1538 61 36 Les
695 1538 221 37 architectes
934 1539 149 36 fédérés

177 1591 228 37 néerlandais
433 1607 37 21 se
499 1591 229 37 demandent
756 1607 79 27 ,non
864 1607 79 22 sans
972 1595 89 41 impa-

175 1647 134 40 tience,
330 1648 24 34 si
376 1644 29 38 le
428 1649 119 45 projet
566 1650 55 32 est
640 1661 114 30 conçu
775 1647 47 36 de
841 1646 110 46 façon
972 1649 109 45 qu'on

179 1702 116 46 puisse
322 1704 212 36 escompter
557 1699 82 48 qu'il
667 1705 130 31 mettra
824 1700 48 36 fin
897 1703 19 34 à
944 1700 28 37 la
999 1715 63 22 con-

177 1769 172 21 currence
371 1753 170 37 effrénée
562 1758 38 32 et
621 1769 78 21 sans
718 1769 80 21 nom
816 1756 130 42 qu'une
967 1769 115 23 masse

175 1807 314 49 d'incompétents
509 1823 43 21 ne
572 1812 144 32 cessent
734 1809 48 36 de
800 1808 92 37 faire
912 1811 18 34 à
951 1807 29 38 la
1003 1824 60 25 pro-

177 1861 135 37 fession
351 1861 258 37 d'architecte.
650 1862 169 36 L'intérêt
857 1862 149 46 général
1046 1868 37 31 et

175 1915 89 37 celui
290 1915 48 37 de
363 1915 168 37 l'habitat
558 1915 188 49 pooulaire
770 1931 42 21 en
839 1921 63 32 ont
926 1917 134 43 qrande-

178 1975 98 32 ment
309 1970 139 37 besoin.
484 1971 43 36 Le
562 1969 187 49 président
780 1970 119 37 forme
932 1970 30 37 le
993 1986 89 21 vœu

177 2039 71 33 que
286 2025 47 36 du
372 2029 158 32 contenu
568 2024 47 36 du
655 2026 119 46 projet
813 2026 116 42 puisse
966 2040 93 32 appa-

176 2081 109 34 raître
310 2093 72 27 que
408 2077 31 38 le
466 2079 163 35 Ministre
654 2082 55 32 est
736 2077 220 47 pleinement
981 2093 81 22 cons-

175 2135 98 34 cient
298 2133 47 36 du
374 2132 73 37 rôle
475 2131 146 38 culturel
648 2133 199 36 important
873 2133 48 36 de
948 2131 118 38 l'archi-

174 2192 145 31 tecture
344 2186 91 37 dans
461 2186 29 37 la
516 2189 57 34 vie

177 2242 99 36 Nous
304 2246 227 43 partageons
556 2255 62 22 son
645 2242 132 37 espoir.
805 2242 36 35 Et
866 2256 86 21 nous
977 2244 84 38 espé-

175 2311 81 21 rons
276 2310 84 33 que,
382 2294 48 38 s'il
452 2295 127 36 devait
599 2309 37 22 se
657 2293 144 38 réaliser
822 2309 42 22 en
888 2294 192 44 Hollande,

176 2365 87 22 nous
296 2352 90 34 aussi
421 2364 86 21 nous
540 2352 277 33 rencontrerons
850 2364 42 21 un
926 2352 156 34 ministre

176 2407 58 45 qui
270 2404 144 36 tiendra
452 2405 19 34 à
511 2404 191 36 s'occuper
738 2403 48 36 de
823 2407 102 32 cette
963 2406 118 33 même

177 2474 110 21 cause
320 2458 175 36 d'intérêt
528 2455 149 48 généra!
712 2461 37 32 et
782 2457 47 36 de
862 2461 105 32 toute
1004 2472 59 22 pre-

176 2514 111 35 mière
311 2514 229 34 importance
563 2509 195 38 culturelle.
782 2511 133 36 NOUS
937 2512 144 40 AUSSI,

179 2567 132 36 NOUS
341 2566 283 36 ATTENDONS
653 2565 126 36 AVEC
809 2566 93 35 UNE
933 2566 150 35 REELLE

180 2620 307 37 IMPATIENCE!

179 2676 227 41 Entretemps
428 2674 16 36 il
466 2675 91 34 n'est
579 2688 64 25 pas
663 2688 79 21 sans
762 2674 132 34 intérêt
915 2674 47 35 de
983 2688 80 21 cons-

176 2734 99 31 tater
308 2743 71 26 que
414 2727 29 37 le
480 2728 161 45 principe
673 2726 47 37 de
755 2726 27 36 la
818 2726 155 36 défense
1007 2729 60 39 juri-

177 2784 113 42 dique
318 2783 65 37 des
412 2782 221 39 professions
659 2783 76 33 voit
760 2780 48 36 de
835 2783 75 40 jour
937 2795 42 21 en
1008 2783 75 38 iour

176 2841 219 40 augmenter
413 2835 30 37 le
463 2835 152 37 nombre
633 2834 49 37 de
700 2849 55 21 ses
773 2834 170 42 adeotes,
965 2835 118 36 même

177 2891 91 37 dans
298 2890 48 38 les
380 2905 88 33 pays
499 2893 19 33 à
550 2888 205 38 tendances
788 2888 191 36 nullement
1009 2888 57 36 dic-

175 2944 200 42 tatoriales,
404 2942 259 43 nationalistes,
690 2941 209 42 socialistes,
926 2957 132 22 commu-

178 3002 119 35 nistes,
321 2999 180 40 fascistes,
527 2998 275 43 corporatistes,
827 3001 72 31 etc.

181 3059 41 36 En
250 3058 158 40 SUISSE,
440 3071 88 31 pays
555 3055 177 42 classique
759 3059 119 32 certes
904 3055 48 36 de
979 3055 29 36 la
1038 3056 31 35 Li-

180 3112 116 40 berté,
323 3110 17 37 il
366 3112 91 35 n'est
482 3109 74 43 plus
582 3111 129 46 permis
735 3109 129 40 depuis
889 3108 29 37 le
950 3112 38 33 10
1012 3111 55 45 jan-

179 3168 73 34 vier
277 3166 154 41 dernier,
461 3164 47 37 de
538 3168 124 38 porter
689 3161 29 38 le
745 3164 84 35 titre
857 3162 208 37 d'entreore-

179 3235 85 21 neur
283 3220 48 36 de
351 3220 266 36 constructions
637 3232 45 22 ou
701 3217 48 36 de
767 3221 148 32 travaux
936 3215 147 47 publics,

180 3289 79 21 sans
288 3276 100 34 avoir
415 3272 157 38 satisfait
601 3287 42 21 au
676 3270 185 49 préalable
891 3285 92 21 avec
1010 3285 57 22 suc-

179 3329 61 35 cès
264 3343 64 21 aux
351 3328 118 35 divers
494 3340 167 23 examens
686 3329 147 32 menant
855 3326 18 34 à
901 3324 28 36 la
956 3354 18 12 ~
995 3324 68 36 Maî-

179 3437 103 35 Aussi
304 3450 87 21 nous
412 3449 87 21 nous
518 3434 231 36 demandons
768 3447 7 22 :
797 3432 122 46 quand
942 3446 124 22 aurons-

181 3505 97 26 nous,
301 3489 87 36 chez
408 3503 97 27 nous,
527 3487 29 37 la
581 3489 208 46 protection
811 3487 47 36 de
880 3491 103 31 notre
1007 3500 60 34 pro-

179 3543 160 37 fession?

184 3599 98 35 Nous
306 3611 129 22 savons
457 3594 131 49 qu'elle
612 3610 19 21 a
657 3596 61 34 été
743 3593 150 37 réalisée
918 3608 42 22 en
986 3593 80 37 d'au-

181 3657 73 31 tres
290 3665 88 34 pays
397 3665 8 28 ;
441 3665 68 21 non
544 3648 202 38 seulement
779 3662 42 22 en
856 3646 228 43 Allemaqne,

182 3705 91 36 dont
301 3720 87 21 nous
414 3719 112 21 avons
555 3702 109 50 parlé,
694 3704 86 34 mais
807 3704 89 34 aussi
925 3716 42 22 en
998 3702 67 36 Rou-

184 3761 127 40 manie,
338 3774 43 21 en
408 3757 160 46 Bulqarie
594 3762 37 32 et
655 3772 42 22 en
725 3757 176 40 Lettonie,
927 3756 66 36 des
1018 3770 52 22 res-

182 3815 163 34 trictions
379 3812 136 41 léqales
549 3817 63 31 ont
644 3813 61 35 été
741 3809 231 49 promulqées
1003 3824 63 22 con-

182 3871 152 32 cernant
357 3866 28 37 la
412 3866 145 41 bâtisse,
582 3871 37 31 et
641 3865 30 37 le
692 3868 86 34 titre
800 3864 243 37 d'architecte
1066 3879 21 33 y

183 3925 55 31 est
263 3922 158 46 protégé
448 3935 63 33 par
534 3919 29 37 la
591 3921 69 35 Loi.

1183 353 57 36 Ce
1271 353 90 36 n'est
1388 352 98 36 donc
1515 352 191 37 nullement
1736 355 137 35 insensé
1903 354 47 36 de
1979 359 103 32 notre

1184 411 81 43 part
1288 407 161 45 d'exiger
1473 421 66 21 une
1564 405 304 47 réglementation
1894 407 116 47 légale
2034 408 48 37 de

1184 464 103 32 notre
1319 459 215 49 profession.

1184 520 93 35 Dans
1309 517 166 38 l'attente
1506 518 178 37 toutefois
1715 518 129 49 qu'elle
1875 535 37 21 se
1944 519 136 43 réalise,

1183 576 102 32 notre
1332 574 119 34 navire
1496 572 68 36 fait
1610 588 67 22 eau
1723 573 47 36 de
1814 578 123 32 toutes
1985 579 97 43 parts

1183 629 37 32 et
1253 624 29 38 la
1317 640 147 32 sagesse
1499 640 86 22 nous
1617 628 219 35 commande
1868 627 48 36 de
1950 632 131 32 mettre

1181 683 81 32 tout
1286 694 42 21 en
1354 694 128 22 œuvre
1508 694 88 33 pour
1619 679 30 37 le
1671 683 92 33 tenir
1785 680 106 42 droit,
1917 696 79 21 sans
2019 681 42 37 de-

1181 736 76 33 voir
1290 732 135 38 baisser
1459 733 164 48 pavillon.

1181 793 34 35 A
1246 796 102 32 cette
1378 792 60 42 fin,
1471 796 81 32 sont
1584 795 220 34 nécessaires
1823 807 8 22 :

1190 853 25 34 1.
1244 851 66 36 des
1337 866 157 21 mesures
1519 852 48 36 de
1594 852 175 42 détresse,
1798 853 125 36 c.-à-d.
1949 852 48 37 de
2025 854 39 35 né-

1183 907 130 34 cessité
1344 910 38 31 et
1411 905 46 36 de
1491 904 196 49 possibilité
1719 906 211 37 immédiate
1950 921 7 27 ;

1183 965 33 35 2.
1245 963 65 37 des
1343 979 148 33 moyens
1522 964 47 37 de
1602 966 127 35 remise
1762 979 42 22 en
1837 966 91 36 état.

1368 1050 203 36 MESURES
1607 1050 52 36 DE
1693 1050 209 37 DETRESSE

1183 1120 209 36 DETRESSE
1421 1134 160 33 suppose
1611 1134 66 22 une
1708 1122 169 35 situation
1908 1123 153 34 extrême-

1183 1178 97 31 ment
1306 1176 164 45 critique,
1496 1174 97 36 donc
1619 1174 228 36 absolument
1873 1177 189 46 exception-

1183 1226 99 43 nelle,
1377 1229 103 44 exige
1504 1231 39 32 et
1567 1226 131 49 justifie
1722 1226 28 38 la
1777 1230 85 34 mise
1886 1242 42 22 en
1955 1243 127 21 œuvre

1181 1280 48 37 de
1257 1295 147 34 moyens
1431 1280 282 49 exceptionnels,
1812 1282 69 36 fait
1907 1281 109 49 appel
2045 1286 38 32 et

1182 1350 18 21 a
1233 1336 96 36 dorit
1360 1337 19 34 à
1412 1334 107 37 l'aide
1552 1335 211 36 immédiate
1793 1336 48 36 de
1872 1338 208 45 quiconque

1183 1393 88 43 peut
1297 1393 171 44 octroyer
1493 1388 84 37 aide
1604 1393 38 32 et
1667 1387 102 38 salut.

1208 1469 20 35 I.
1338 1468 436 38 ADMINISTRATIONS
1811 1470 245 44 PUBLIQUES

1181 1539 45 35 A.
1345 1538 41 36 La
1424 1538 176 36 S.R.A.A.
1638 1539 68 47 prit
1741 1541 260 34 connaissance
2038 1554 42 21 en

1181 1593 134 35 séance
1341 1591 46 37 du
1422 1595 39 33 14
1487 1607 90 21 mars
1601 1592 143 36 dernier
1769 1591 47 38 de
1842 1593 118 36 divers
1986 1607 73 22 com-

1182 1647 185 46 muniqués
1394 1645 156 37 officiels
1577 1649 172 33 émanant
1774 1646 47 36 de
1848 1645 29 38 la
1905 1647 152 36 Commis-

1182 1701 73 35 sion
1292 1699 195 37 Nationale
1520 1700 46 36 du
1598 1699 134 37 Travail
1765 1705 38 31 et
1835 1701 48 36 de
1916 1699 28 37 la
1978 1701 104 36 Sous-

1180 1758 241 37 Commission
1451 1760 229 41 Anversoise,
1711 1758 137 37 celle-ci
1881 1764 202 44 proposant

1183 1827 90 33 pour
1304 1812 29 37 le
1365 1813 288 36 Grand-Anvers
1684 1812 83 43 seul,
1800 1828 42 21 en
1874 1828 67 22 vue
1972 1813 49 36 de
2051 1812 29 38 la

1180 1869 203 43 résorption
1405 1866 47 37 du
1475 1866 194 47 chômage,
1693 1867 65 36 des
1780 1867 133 46 grands
1934 1872 148 32 travaux

1180 1920 153 37 d'utilité
1365 1920 172 49 publique
1567 1921 108 36 d'une
1703 1920 122 37 valeur
1852 1921 48 36 de
1931 1920 73 49 plus
2033 1921 48 36 de

1188 1977 62 34 100
1287 1974 144 37 millions
1466 1975 47 36 de
1546 1974 146 43 francs;
1729 1979 252 32 notamment:
2016 1975 66 36 des

1181 2027 122 38 écoles
1334 2028 58 47 (10
1426 2027 168 50 millions),
1625 2027 66 38 des
1722 2043 168 22 casernes
1922 2028 57 49 (20
2012 2028 53 37 mil-

1182 2081 108 49 lions),
1324 2082 66 37 des
1423 2082 222 37 habitations
1678 2082 32 49 (6
1744 2082 168 49 millions),
1945 2082 29 37 la
2009 2097 49 22 mo-

1181 2136 221 37 dernisation
1435 2136 47 37 du
1513 2136 145 37 théâtre
1691 2136 226 37 néerlandais
1948 2137 33 48 (4
2012 2135 53 38 mil-

1181 2189 108 50 lions),
1320 2190 65 36 des
1414 2189 124 38 locaux
1564 2190 48 36 de
1641 2195 245 31 recrutement
1914 2205 43 21 au
1988 2195 92 44 port,

1181 2245 66 36 des
1282 2244 217 37 buanderies
1534 2243 200 50 publiques,
1769 2259 66 21 une
1868 2246 133 34 station
2035 2244 47 36 de

1184 2312 200 34 pompage,
1416 2303 82 37 etc.,
1531 2303 73 31 etc.

1186 2359 98 34 Nous
1322 2372 111 21 avons
1471 2357 169 36 constaté
1678 2371 73 34 que
1790 2372 90 33 pour
1915 2361 82 32 tous
2035 2357 48 36 les

1180 2415 147 32 travaux
1350 2413 201 44 envisagés,
1578 2425 79 22 sans
1681 2413 204 46 exception,
1912 2410 47 37 les
1985 2410 99 48 plans

1182 2467 199 40 existaient,
1412 2464 168 37 élaborés
1612 2480 63 33 par
1704 2465 65 36 des
1797 2465 286 36 fonctionnaires

1182 2519 65 36 des
1284 2521 154 34 services
1477 2518 146 48 publics,
1661 2518 47 37 de
1745 2523 97 32 sorte
1879 2520 203 46 qu'aucune

1183 2575 170 34 occasion
1385 2578 55 31 est
1471 2572 126 37 laissée
1629 2587 64 22 aux
1724 2573 221 36 architectes
1976 2575 90 46 parti-

1182 2626 124 37 culiers
1333 2627 48 36 de
1409 2629 198 46 participer
1633 2627 18 36 à
1680 2631 101 32 cette
1808 2629 121 34 action
1959 2641 107 27 ~const-

1181 2683 155 34 ructive
1402 2681 47 36 de
1479 2681 140 46 grande
1649 2694 214 33 envergure.

1184 2740 87 35 Pour
1299 2743 101 32 cette
1429 2741 127 40 raison,
1585 2738 29 37 la
1643 2738 174 37 S.R.A.A.
1845 2740 87 34 émit
1960 2754 41 20 un
2030 2753 36 21 or-

1182 2792 63 37 dre
1271 2793 47 37 du
1344 2795 84 46 jour,
1456 2792 130 49 qu'elle
1611 2795 163 33 transmit
1800 2807 43 21 au
1870 2792 191 36 Gouverne-

1183 2851 108 38 ment,
1322 2849 19 34 à
1372 2846 29 37 la
1433 2847 240 35 Commission
1706 2846 194 36 Nationale
1929 2846 47 36 de
2006 2847 59 35 Tra-

1181 2900 67 37 vail
1282 2905 38 32 et
1351 2902 19 34 à
1406 2900 29 37 la
1470 2900 348 36 Sous-Commission
1852 2901 231 35 Anversoise.

1186 2959 63 37 Elle
1284 2975 19 33 y
1339 2962 168 46 présenta
1543 2975 36 20 sa
1615 2957 276 43 collaboration,
1927 2973 42 22 en
2003 2962 81 32 tant

1182 3028 71 34 que
1284 3015 174 35 S.R.A.A.

1183 3083 155 36 ORDRE
1364 3083 59 36 DU
1448 3082 128 37 JOUR
1595 3096 7 23 :

1222 3142 41 36 La
1291 3142 147 36 Société
1468 3140 131 49 Royale
1625 3140 65 37 des
1715 3140 232 36 Architectes
1972 3140 90 36 d'An-

1182 3209 89 28 vers,
1303 3197 121 34 réunie
1453 3209 43 22 en
1527 3193 203 38 assemblée
1760 3192 171 49 générale
1961 3193 46 36 du
2046 3196 38 33 14

1185 3263 90 22 mars
1316 3250 98 40 1935,
1450 3250 107 46 après
1590 3250 99 34 avoir
1724 3249 67 47 pris
1824 3249 259 34 connaissance

1183 3302 66 36 des
1279 3304 273 46 communiqués
1583 3301 155 37 officiels
1768 3302 47 35 de
1846 3300 29 37 la
1907 3301 152 36 Commis-

1184 3359 74 34 sion
1296 3355 193 37 Nationale
1522 3356 47 36 du
1600 3354 133 38 Travail
1767 3359 37 32 et
1836 3354 48 36 de
1917 3353 29 37 la
1981 3354 103 36 Sous-

1183 3410 240 36 Commission
1456 3410 229 41 Anversoise,
1719 3413 223 31 concernant
1974 3408 95 36 l'acti-

1183 3466 72 35 vité
1279 3463 65 37 des
1368 3463 165 37 Sections
1556 3467 37 32 et
1615 3462 30 37 le
1671 3476 232 34 programme
1925 3462 67 36 des
2014 3467 53 31 tra-

1183 3533 88 22 vaux
1294 3519 18 35 à
1337 3519 170 35 exécuter
1530 3531 42 21 en
1595 3531 67 21 vue
1685 3516 47 36 de
1755 3515 28 37 la
1809 3517 203 46 résorption
2037 3516 46 36 du

1184 3572 181 46 chômage
1386 3585 7 28 ;

1187 3630 97 37 Rend
1311 3630 195 45 hommage
1530 3630 19 35 à
1574 3643 60 22 ces
1657 3629 260 36 Commissions
1942 3643 88 33 pour
2054 3627 28 38 la

1185 3684 141 47 largeur
1369 3684 47 35 de
1457 3697 86 21 vues
1584 3682 48 35 de
1675 3681 89 36 leurs
1808 3684 201 40 initiatives,
2054 3681 28 37 la

1186 3737 251 50 promptitude
1463 3740 38 32 et
1525 3735 171 46 l'énergie
1721 3735 47 36 de
1793 3734 72 37 leur
1889 3738 121 34 action
2031 3750 7 27 ;

1188 3799 155 47 Exprime
1384 3795 142 48 l'espoir
1565 3792 148 49 qu'elles
1754 3796 158 45 puissent
1953 3793 114 50 pleine-

1187 3856 98 32 ment
1312 3851 125 35 réussir
1464 3850 19 34 à
1512 3850 168 34 atténuer
1707 3846 90 37 dans
1825 3846 27 38 la
1884 3847 73 48 plus
1985 3847 99 46 large

1187 3919 138 23 mesure
1361 3901 156 51 possible
1551 3900 48 38 les
1633 3902 144 36 misères
1811 3904 176 34 extrêmes
2019 3901 66 37 des

2180 354 198 43 chômeurs,
2405 370 42 21 en
2474 355 47 37 les
2547 361 196 32 remettant
2768 373 41 21 au
2834 359 123 36 travail
2983 360 89 36 dans

2181 407 88 37 leurs
2301 408 219 47 professions
2550 412 222 45 respectives
2790 426 7 27 ;

2183 468 41 34 La
2260 467 173 36 S.R.A.A.
2469 473 167 31 constate
2670 470 187 41 toutefois,
2894 485 66 21 non
2995 487 78 21 sans

2180 522 238 34 étonnement
2446 525 36 31 et
2510 535 90 22 avec
2629 521 155 48 profond
2813 523 240 49 désappointe-

2183 579 97 30 ment
2298 588 7 21 :

2259 633 82 47 qu'à
2379 632 192 37 l'occasion
2606 633 64 37 des
2704 635 193 36 nombreux
2929 640 146 33 travaux

2183 687 214 47 importants
2431 686 47 36 de
2513 690 255 40 construction,
2803 702 71 34 que
2908 688 28 37 la
2973 690 102 36 Sous-

2181 739 239 37 Commission
2453 742 203 35 anversoise
2689 756 156 33 proposa
2879 757 88 32 pour
2997 744 59 35 exé-

2181 795 121 34 cution
2336 793 221 43 immédiate,
2590 809 113 21 aucun
2736 795 108 48 appel
2875 810 42 21 ne
2950 795 39 37 lui
3020 796 55 37 fut

2180 846 69 37 fait
2276 861 88 33 pour
2391 849 73 34 avis
2491 863 43 20 ou
2562 862 174 22 concours
2756 863 7 27 ;

2244 919 71 33 que
2338 920 88 33 pour
2444 910 81 33 tous
2545 906 47 37 les
2610 910 145 33 travaux
2775 910 199 44 envisagés,
2998 923 58 33 par-

2183 962 42 33 mi
2258 958 151 49 lesquels
2441 959 65 37 des
2538 959 130 43 écoles,
2702 975 177 28 casernes,
2912 967 82 36 etc.,
3028 962 47 36 les

2182 1014 135 47 projets
2337 1015 152 34 existent
2505 1014 96 48 déjà,
2622 1014 167 36 élaborés
2811 1030 63 33 par
2893 1015 64 36 des
2976 1016 80 36 fonc-

2180 1068 196 35 tionnaires
2411 1067 64 36 des
2510 1070 153 34 services
2700 1067 135 48 publics
2853 1082 8 28 ;

2258 1126 106 47 qu'en
2398 1129 256 45 conséquence
2687 1125 16 37 il
2736 1128 155 41 n'existe,
2926 1143 88 32 pour
3046 1127 29 37 le

2182 1183 170 38 moment,
2373 1179 90 37 dans
2481 1184 105 32 toute
2607 1184 100 32 cette
2728 1183 120 34 action
2868 1180 47 37 de
2936 1181 139 46 grande

2181 1247 212 31 envergure,
2421 1238 111 43 ayant
2559 1249 88 32 pour
2675 1233 63 37 but
2762 1239 105 31 toute
2895 1250 66 21 une
2985 1237 89 34 série

2180 1285 48 37 de
2258 1289 273 40 constructions,
2561 1302 138 22 aucune
2729 1287 137 37 chance
2895 1288 47 36 de
2971 1287 87 38 colla-

2183 1339 166 37 boration
2376 1355 88 33 pour
2487 1340 48 37 les
2559 1340 219 37 architectes
2801 1344 180 34 anversois
2999 1357 8 27 ;

2261 1398 28 37 la
2326 1399 184 42 S.R.A.A.,
2549 1400 112 36 Union
2698 1399 292 38 Professionnelle
3025 1416 34 21 re-

2182 1467 151 27 connue,
2366 1468 37 21 se
2434 1456 76 33 voit
2541 1454 64 36 dès
2635 1452 68 38 lors
2731 1454 90 37 dans
2852 1453 223 47 l'obligation

2180 1506 48 37 de
2254 1511 199 32 soumettre
2480 1522 65 21 aux
2569 1508 257 36 Commissions
2852 1512 37 31 et
2914 1523 64 22 aux
3001 1509 50 36 Ad-

2182 1562 251 35 ministrations
2461 1560 188 49 publiques
2673 1562 223 42 intéressées,
2923 1560 47 38 les
2994 1576 63 22 con-

2181 1614 216 37 sidérations
2426 1616 180 35 suivantes
2624 1629 7 22 :

2246 1687 70 29 que
2338 1672 47 38 les
2406 1673 179 37 membres
2604 1673 47 37 de
2670 1672 29 38 la
2721 1674 172 36 S.R.A.A.
2913 1678 80 33 sont
3012 1674 65 37 des

2183 1726 303 49 professionnenls
2518 1727 267 48 indépendants
2816 1727 46 37 de
2895 1727 88 37 l'Art
3013 1729 43 35 Ar-

2181 1780 223 43 chitectural,
2435 1784 70 45 qui,
2534 1781 107 37 d'une
2673 1786 80 42 part
2783 1781 198 48 possèdent
3010 1796 66 22 une

2181 1836 216 46 expérience
2420 1840 37 32 et
2479 1835 66 37 des
2567 1837 275 34 connaissances
2863 1835 214 48 techniques

2181 1888 188 47 spéciales,
2397 1889 142 36 d'autre
2568 1893 80 41 part
2674 1893 80 32 sont
2778 1888 151 37 touchés
2957 1904 63 32 par
3046 1888 30 37 le

2182 1943 182 46 chômage
2396 1945 58 45 qui
2486 1945 90 34 sévit
2609 1945 110 45 parmi
2752 1957 64 22 eux
2846 1946 38 33 et
2915 1944 57 46 qui
3006 1957 48 22 me-

2183 2011 90 22 nace
2304 1996 71 37 leur
2404 1999 132 40 avenir,
2567 2012 43 21 au
2641 1997 115 36 même
2784 1999 84 33 titre
2897 2011 71 33 que
2995 2002 82 31 tous

2182 2051 47 36 les
2256 2056 120 31 autres
2403 2053 163 45 citoyens
2585 2065 7 28 ;

2252 2124 72 33 que
2352 2109 238 44 l'expérience
2617 2108 192 38 démontre
2835 2124 71 33 que
2933 2109 48 36 les
3006 2113 54 33 tra-

2180 2178 89 22 vaux
2302 2164 169 36 exécutés
2506 2178 63 33 par
2602 2162 47 38 les
2680 2165 153 35 services
2863 2163 214 47 techniques

2181 2218 65 36 des
2273 2218 319 36 Administrations
2622 2217 187 48 publiques
2837 2220 150 33 coûtent
3015 2219 42 41 gé-

2183 2271 223 37 néralement
2434 2272 74 36 fort
2538 2271 94 42 cher,
2664 2286 79 21 sans
2774 2286 87 31 pour
2892 2270 76 37 cela
2999 2272 77 35 être

2182 2330 172 37 meilleurs
2377 2333 19 34 à
2423 2330 167 49 plusieurs
2614 2333 117 45 points
2752 2331 48 35 de
2821 2345 68 21 vue
2908 2344 7 28 ;

2248 2399 71 33 que
2342 2385 90 36 dans
2454 2384 47 37 les
2525 2388 176 33 moments
2722 2386 169 45 critiques
2914 2398 71 33 que
3006 2388 54 32 tra-

2181 2453 102 22 verse
2312 2443 102 32 notre
2444 2453 97 33 pays,
2571 2437 28 38 la
2630 2439 176 35 nécessité
2834 2439 168 47 s'impose
3029 2437 47 37 de

2183 2498 130 31 mettre
2338 2497 82 32 tout
2446 2507 41 22 en
2515 2507 127 22 œuvre
2669 2506 88 34 pour
2776 2506 8 21 :

2190 2554 25 33 1.
2245 2550 143 38 réaliser
2422 2550 29 38 la
2489 2550 73 49 plus
2597 2550 139 47 grande
2771 2552 191 35 économie
2998 2565 59 33 pos-

2183 2604 87 37 sible
2289 2620 7 27 ;

2182 2666 33 34 2.
2249 2678 169 34 procurer
2448 2666 19 34 à
2500 2678 163 22 nouveau
2695 2663 46 37 du
2772 2661 124 38 travail
2928 2677 42 22 au
3004 2661 72 47 plus

2182 2717 114 47 grand
2326 2717 149 37 nombre
2504 2716 155 48 possible
2685 2716 48 37 de
2759 2717 186 35 chômeurs
2971 2721 38 31 et
3034 2731 42 21 ce

2181 2771 90 37 dans
2301 2771 72 37 leur
2404 2771 200 48 profession
2635 2774 37 33 et
2703 2772 125 34 métier
2858 2769 191 48 respectifs
3068 2784 7 28 ;

2183 2827 33 34 3.
2248 2825 92 36 faire
2373 2827 169 34 exécuter
2573 2839 91 22 avec
2696 2823 47 37 les
2778 2838 145 33 moyens
2955 2823 102 47 dispo-

2183 2879 111 36 nibles
2319 2879 47 36 les
2388 2883 147 32 travaux
2559 2878 47 36 les
2632 2877 72 49 plus
2729 2877 99 37 utiles
2852 2882 38 31 et
2912 2877 45 36 du
2984 2876 75 37 meil-

2182 2933 72 36 leur
2280 2932 215 37 rendement
2514 2947 6 28 ;

2256 3006 71 33 que
2357 2992 47 36 les
2432 2991 218 37 architectes
2681 2992 114 42 privés
2824 2995 80 31 sont
2933 2988 47 37 les
3008 2988 53 37 élé-

2184 3051 114 31 ments
2327 3045 48 37 les
2406 3048 111 33 mieux
2545 3043 165 49 qualifiés
2741 3058 88 33 pour
2858 3048 129 31 mettre
3017 3057 60 22 ces

2183 3100 193 36 directives
2411 3114 42 21 en
2489 3100 166 46 pratique
2689 3112 90 22 avec
2814 3097 69 36 bon
2919 3096 156 42 résultat,

2183 3169 42 21 en
2251 3155 114 35 raison
2390 3153 65 36 des
2479 3153 181 36 fonctions
2685 3152 208 36 directrices
2918 3155 37 32 et
2978 3149 83 37 réali-

2182 3209 148 35 satrices
2357 3206 100 49 qu'ils
2486 3205 223 48 remplissent
2736 3204 269 49 journellement
3033 3218 42 21 en

2183 3265 150 32 contact
2369 3274 92 22 avec
2498 3259 28 37 la
2566 3259 198 48 profession
2802 3258 46 36 du
2888 3258 187 40 bâtiment,

2183 3319 150 32 ouverte
2360 3315 19 35 à
2409 3314 28 36 la
2467 3313 85 37 libre
2581 3326 254 23 concurrence.

2183 3369 87 35 Pour
2291 3382 61 22 ces
2374 3369 133 34 raisons
2526 3381 7 22 :

2183 3422 28 36 la
2240 3422 174 36 S.R.A.A.
2440 3421 183 35 désireuse
2642 3433 7 22 :

2183 3476 47 36 de
2260 3474 202 37 collaborer
2491 3476 18 34 à
2541 3472 142 37 l'action
2715 3470 191 43 nationale,
2937 3485 42 22 en
3009 3484 66 22 vue

2181 3529 48 36 de
2252 3530 180 43 coopérer
2453 3542 43 21 au
2519 3526 252 44 soulagement
2792 3526 47 35 de
2861 3524 28 37 la
2913 3525 162 36 détresse

2182 3583 65 35 des
2270 3582 187 36 chômeurs
2479 3596 42 21 en
2545 3578 146 47 général
2715 3583 37 32 et
2771 3579 65 36 des
2859 3577 217 37 architectes

2183 3636 188 36 chômeurs
2400 3649 42 21 en
2475 3632 202 47 particulier
2696 3647 7 27 ;

2183 3693 258 44 respectueuse
2461 3688 46 35 du
2531 3688 159 44 prestige
2710 3686 64 35 des
2794 3685 281 36 fonctionnaires

2183 3744 64 35 des
2272 3743 161 35 Services
2457 3740 133 37 Publics
2609 3754 7 28 ;

2183 3811 19 21 a
2235 3796 180 36 l'honneur
2444 3794 47 36 de
2522 3795 186 44 présenter
2737 3807 60 21 son
2829 3804 173 23 concours
3031 3804 43 21 au

2183 3850 310 39 Gouvernement,
2519 3849 19 34 à
2564 3846 28 37 la
2618 3845 237 37 Commission
2884 3842 190 37 Nationale

2183 3903 46 37 du
2265 3901 144 42 Travail,
2447 3903 20 34 à
2505 3900 27 36 la
2571 3899 344 37 Sous-Commission
2952 3910 103 21 anver-
