3641 4572
1698 326 87 51 Lu
1813 325 224 53 Märten
2463 341 20 24 *
2140 323 196 55 Gehurt
2366 325 90 52 der
2484 325 210 52 Mütter

1050 323 118 59 288

1053 529 250 75 Schutz
1339 562 105 40 am
1481 561 211 41 neuen
1721 529 178 73 Sein.
1940 529 142 73 Ihre
2111 528 292 74 Zartheit
2435 531 109 71 hat
2589 561 124 41 uns
2763 528 581 85 lichtempfindlich

1056 626 301 85 gemacht
1540 653 339 58 vergessen
1929 627 117 69 wir
2097 625 114 69 das
2255 625 204 72 nicht.
2511 625 127 71 Die
2672 621 144 73 Zeit
2851 623 110 73 hat
2995 626 91 70 sie
3122 625 222 86 gering

1054 721 291 86 gelassen
1382 752 128 40 von
1543 720 309 73 Ansehen
1995 720 117 71 wir
2138 720 153 72 aber
2316 720 231 72 wollen
2573 719 140 73 ihre
2738 719 230 72 Arbeit
2994 719 188 72 adeln
3208 724 137 69 und

1053 835 142 52 treu
1222 815 137 72 und
1390 815 280 72 herrlich
1700 847 280 48 nennen,
2009 846 100 40 wo
2136 818 93 68 sie
2247 814 381 73 Wachstum
2661 813 159 87 gab;
2857 814 175 72 denn
3057 815 115 70 wir
3198 818 146 69 sind

1053 942 74 42 so
1160 910 162 73 stolz
1355 910 345 88 geworden
1735 942 114 41 aus
1885 910 207 71 ihrem
2128 909 221 72 Schoß
2382 910 138 71 und
2554 910 170 71 ihrer
2759 908 268 73 Würde.

1151 1007 109 71 Ich
1312 1006 153 72 rede
1513 1039 79 38 zu
1635 1007 128 70 den
1800 1004 277 83 Frauen,
2121 1007 106 71 die
2258 1006 152 72 früh
2446 1006 112 72 auf
2591 1008 142 69 eine
2771 1004 574 87 Merkwürdigkeit

1049 1103 331 84 gestimmt
1415 1102 149 71 sind
1598 1102 138 71 und
1769 1101 106 71 die
1909 1103 104 70 die
2049 1101 322 86 Meinung
2404 1102 115 71 der
2552 1100 245 72 andern
2824 1103 66 69 in
2920 1102 187 69 einen
3131 1100 179 72 feind-

1052 1197 212 71 lichen
1297 1196 217 86 Alltag
1551 1199 290 85 zwingen
1877 1196 152 72 will.

1137 1291 170 73 Laßt
1349 1294 168 70 euch
1545 1293 113 71 der
1687 1291 232 82 Natur,
1956 1290 234 74 beßer:
2218 1291 151 71 dem
2397 1290 387 74 Geschwätz
2810 1291 210 71 davon
3048 1290 179 71 nicht
3254 1290 90 74 als

1052 1387 204 86 Opfer
1292 1388 503 71 überantwortet
1828 1387 281 72 werden.
2147 1387 416 72 Entscheidet
2597 1387 127 71 den
2752 1387 233 72 Willen
3023 1417 150 39 zum
3210 1385 90 73 Ge-

1053 1483 288 72 schlecht
1357 1483 165 72 nach
1538 1512 184 42 eurer
1738 1482 189 71 Kraft
1943 1484 139 70 und
2096 1511 184 43 eurer
2291 1482 315 72 Einsicht.
2624 1481 84 73 Es
2723 1486 81 68 ist
2817 1482 178 71 nicht
3005 1481 194 81 wahr,
3217 1481 128 72 daß

1049 1583 107 70 ihr
1327 1592 44 61 der
1372 1586 189 67 bföden
1599 1585 320 91 Ordnung
1941 1592 117 61 des
2093 1583 526 93 dj)ergäng[jeden
2642 1596 300 53 untertan
2970 1580 137 68 sein
3135 1576 208 72 müßt.

1145 1674 114 71 Als
1319 1672 562 88 Grandseigneurs
1935 1705 200 56 gegen
2182 1674 247 73 Vorteil
2473 1675 140 71 und
2665 1671 520 74 Freundlichkeit
3231 1674 112 69 des

1051 1769 261 71 Lebens
1453 1769 211 72 ließen
1701 1771 207 83 einige
1942 1769 102 72 ihr
2079 1769 225 72 Leben
2346 1768 329 73 berauben
2709 1769 139 70 und
2874 1780 364 59 verwüsten

1052 1896 114 38 um
1185 1865 113 70 des
1320 1864 338 72 Schaffens
1678 1864 236 80 willen,
1942 1896 116 39 um
2084 1867 111 69 des
2214 1868 190 70 einen
2423 1864 277 81 sichren,
2716 1864 199 70 ihnen
2930 1862 413 73 bestimmten

1049 1959 339 73 Schaffens
1423 1959 237 74 willen.
1694 1958 228 72 Welch
1948 1963 147 70 eine
2124 1959 205 87 Klage
2356 1961 139 71 und
2521 1959 181 73 Reue
2728 1958 226 72 müßte
2987 1958 103 71 ihr
3118 1957 225 72 Leben

1051 2058 158 78 sein,
1256 2088 190 40 wenn
1499 2088 66 40 es
1618 2056 179 72 nicht
1849 2047 180 88 Sinn
2078 2070 165 58 wäre
2288 2055 104 72 für
2443 2055 195 72 euch!
2708 2053 206 74 Einen
2949 2053 195 87 Spott
3177 2053 168 73 ohne

1051 2150 282 74 Gnaden
1387 2150 274 72 müßten
1707 2152 92 72 sie
1843 2151 313 81 erfinden,
2209 2183 65 41 es
2321 2183 80 39 zu
2446 2150 310 89 spiegeln,
2806 2182 189 40 wenn
3052 2180 66 40 es
3168 2150 176 71 nicht

1051 2246 233 71 Pracht
1325 2245 141 72 und
1513 2246 230 74 Macht
1776 2260 169 59 wäre
2100 2245 104 72 für
2238 2248 165 71 euch
2554 2246 107 73 die
2694 2245 102 71 ihr
2831 2246 196 71 ihnen
3062 2245 106 71 die
3202 2243 142 73 Zeit

1051 2372 129 42 von
1216 2343 128 70 den
1381 2342 345 72 Schultern
1762 2343 282 71 nehmen
2079 2342 169 72 sollt.

1151 2434 274 83 Frauen,
1457 2438 103 70 die
1588 2436 101 72 ihr
1716 2437 164 72 nach
1908 2437 198 71 ihnen
2135 2437 269 81 kommt,
2434 2437 101 71 ihr
2562 2437 241 72 werdet
2820 2434 348 73 fröhlicher
3183 2437 159 70 sein.

1051 2532 109 73 Sie
1208 2531 272 74 mußten
1517 2532 100 71 ihr
1654 2532 399 74 Frauentum
2092 2535 169 71 noch
2296 2531 234 75 einmal
2568 2531 104 74 für
2702 2531 119 72 alle
2855 2531 341 85 erproben,
3232 2531 74 71 be-

1052 2627 289 73 zweifeln
1369 2629 139 71 und
1537 2627 422 74 mißhandeln
1997 2629 204 71 lassen
2238 2627 140 71 und
2401 2630 68 70 in
2496 2630 211 70 einem
2741 2626 212 72 Glanz
2981 2657 127 40 von
3132 2657 212 40 neuen

1051 2721 575 74 Zufriedenheiten
1659 2723 486 73 wiederfinden.
2183 2723 110 72 Sie
2317 2751 212 44 waren
2558 2723 107 72 die
2693 2721 392 80 Sehnsucht,
3116 2721 105 71 die
3245 2719 97 72 bis

1051 2850 82 40 an
1167 2819 107 71 die
1311 2818 316 72 Schwelle
1663 2847 185 43 eurer
1882 2817 143 73 Zeit
2060 2817 219 75 führte
2426 2818 83 74 da
2543 2819 114 73 das
2693 2817 392 72 Schaffende
3109 2817 137 71 sich
3277 2817 66 68 in

1047 2913 166 71 euch
1249 2913 268 74 besann.

1146 3010 161 72 Dies
1338 3008 414 84 Namenlose,
1780 3041 129 41 was
1946 3041 80 40 zu
2067 3008 163 73 euch
2258 3008 134 73 ruft
2502 3040 66 41 es
2599 3036 127 46 war
2751 3010 104 71 die
2872 3007 472 72 Feuersbrunst

1048 3135 84 41 an
1157 3104 174 73 alten
1360 3105 288 86 Dingen.
1678 3106 253 71 Darum
1947 3105 146 72 sind
2107 3109 117 68 wir
2238 3105 189 72 allem
2444 3104 232 75 Neuen
2693 3104 219 73 Neues
2929 3102 319 87 schuldig.

1053 3198 272 82 ~Große
1359 3199 262 74 Aschen
1659 3200 292 71 brennen
1980 3200 167 71 auch
2181 3199 113 72 auf
2335 3227 242 44 unsern
2611 3199 326 72 Herzen.“
3090 3198 252 71 Daraus

1052 3294 160 73 muß
1260 3295 180 72 nicht
1475 3298 104 70 ein
1620 3295 184 73 Buch
1838 3297 282 80 werden,
2158 3295 179 74 nicht
2371 3299 105 69 ein
2511 3295 149 73 Bild
2691 3354 14 13 .
2740 3354 14 14 .
2787 3355 14 14 .
2836 3295 252 72 Daraus
3123 3292 220 73 wurde

1049 3391 115 71 der
1194 3427 38 40 c
1232 3394 140 72 f/nn
1396 3393 175 70 einer
1602 3422 211 41 neuen
1839 3397 295 70 sozfafen
2163 3396 150 82 &rt,
2346 3391 105 73 die
2483 3391 179 71 nicht
2683 3389 365 73 Menschen
3062 3405 278 67 erzeugt,

1052 3487 286 71 sondern
1372 3486 256 72 Welten
1663 3486 316 88 gestaltet,
2016 3486 237 74 Wesen
2288 3488 122 70 wie
2444 3488 91 70 sie
2571 3486 221 81 selbst,
2837 3485 140 71 und
3010 3485 179 69 nicht
3222 3509 121 44 nur

1051 3580 337 74 dichtend.

1150 3675 244 73 Schaut
1446 3675 111 73 auf
1606 3678 105 70 die
1763 3676 235 73 frühen
2050 3675 437 75 Geschwister
2537 3680 90 69 im
2672 3675 186 74 Geist
3008 3678 91 68 sie
3132 3701 211 44 waren

1052 3772 187 71 mehr
1286 3772 412 85 Programme
1749 3775 175 70 einer
1951 3770 164 84 Zeit,
2168 3774 174 71 denn
2392 3793 209 52 zuerst
2637 3774 272 71 Dichter
2942 3772 157 71 oder
3135 3768 208 71 Maler

1051 3871 176 68 einer
1265 3868 220 70 Kunst
1527 3925 180 14 ....
