3254 4572
1161 433 160 51 Hans
1351 433 274 54 Reimann
1663 452 20 25 ♦
1723 435 216 52 Scherze

2549 436 96 56 291

1243 1297 614 80 SCHERZE

1191 1087 250 94 Hans
1485 1083 431 102 Reimann

437 1462 416 162 HATTE
886 1481 104 69 die
1023 1478 226 72 Schale
1281 1477 476 87 durchgepickt,
1790 1479 142 80 alte,
1966 1478 212 86 große,
2214 1478 180 71 dicke
2422 1478 244 81 Schale,

642 1576 137 70 und
835 1573 134 74 sich
1027 1576 147 68 dem
1223 1573 75 71 Ei
1350 1594 375 64 entrungen.
1789 1572 124 71 Ah.
1969 1573 202 70 Stand
2222 1572 81 71 da
2347 1576 115 67 mit
2510 1573 128 70 blei-

427 1670 348 71 schwerem
831 1667 216 88 Kopfe
1090 1669 137 69 und
1272 1667 292 85 schöpfte
1602 1695 112 43 vor
1754 1666 165 71 allen
1965 1667 257 84 Dingen
2267 1686 126 51 erst
2436 1666 233 70 einmal

427 1764 116 70 tief
581 1761 214 74 Atem.
844 1763 508 69 Donnerwetter.
1514 1759 146 71 Was
1714 1768 176 63 nun?
1954 1818 14 13 .
2023 1817 13 14 .
2087 1761 123 79 Ah,
2258 1760 105 71 die
2401 1759 269 71 Klucke.

430 1856 264 81 Feucht,
743 1855 262 85 klebrig,
1048 1854 385 71 benommen
1467 1854 226 70 torkelt
1726 1854 109 70 das
1874 1854 229 70 Küken
2136 1872 186 52 unter
2356 1854 102 70 die
2491 1853 144 70 brut-

427 1980 279 42 warmen
771 1949 271 71 Fittiche
1098 1948 111 71 der
1268 1947 190 71 Alten
1507 1947 134 71 und
1696 1947 236 71 dröselt
1994 1945 502 87 augenblicklich
2547 1949 124 68 ein.

428 2043 449 73 Einszweidrei
905 2046 77 67 ist
1007 2074 66 39 es
1099 2041 232 72 wieder
1358 2044 89 68 im
1472 2039 304 82 Himmel,
1804 2043 81 67 ist
1902 2071 64 41 es
1988 2042 230 68 wieder
2237 2038 174 86 selig.
2440 2039 230 71 Küken

432 2137 250 71 schläft.
720 2136 246 72 Schläft
993 2136 116 71 tief
1138 2136 136 70 und
1310 2133 546 88 hingebungsvoll.
1896 2133 243 71 Schläft
2172 2133 133 71 sich
2341 2132 169 72 heiß.

511 2234 103 68 Da
651 2232 245 70 kommt
1038 2230 105 81 oh,
1180 2231 200 84 gucke
1522 2230 80 70 da
1635 2230 245 68 kommt
1912 2230 141 68 eine
2084 2227 143 82 alte,
2256 2226 213 86 große,
2496 2227 179 70 dicke

431 2326 215 80 Hand,
698 2325 250 71 umfaßt
993 2325 111 70 das
1154 2324 232 70 Küken
1433 2353 123 41 von
1602 2324 166 68 oben
1815 2321 111 73 her
1971 2321 135 70 und
2157 2321 399 85 verschleppt
2590 2352 85 39 es.

430 2419 309 85 Schleppt
764 2450 67 39 es
858 2420 144 69 weit
1025 2448 156 55 weg.
1209 2418 171 70 Dem
1409 2415 230 71 Küken
1667 2419 78 66 ist
1771 2417 119 69 wie
1913 2414 292 71 Kindern
2229 2417 87 67 im
2341 2413 335 71 Fahrstuhl

430 2532 289 51 zumute:
778 2513 134 69 Der
974 2512 205 70 kleine
1240 2511 239 85 Magen
1538 2511 151 69 hebt
1742 2509 134 71 sich
1929 2540 110 39 aus
2093 2509 134 70 und
2276 2509 177 83 fängt
2493 2511 185 68 einen

433 2605 338 69 Fahrstuhl
816 2606 103 68 für
948 2605 134 69 sich
1131 2634 104 39 an.
1300 2605 134 69 Das
1468 2605 552 83 winzig-winzige
2053 2601 623 71 Küken-Herzchen

430 2697 298 70 bubbert.

521 2789 136 71 Auf
696 2790 231 70 einmal
974 2792 79 68 ist
1085 2819 67 41 es
1188 2790 232 70 wieder
1447 2787 382 80 himmlisch,
1865 2814 193 45 warm
2089 2787 136 69 und
2260 2786 254 85 wohlig.
2551 2786 125 71 Die

431 2883 302 81 dunklen,
775 2913 159 56 ganz
959 2883 269 80 runden,
1255 2881 342 85 kullerigen
1630 2878 538 87 Küken-Äuglein
2195 2881 277 70 schauen
2497 2881 144 72 welt-

432 2978 276 84 begierig
751 2978 136 68 und
940 2977 313 69 staunend
1292 2978 65 67 in
1388 2982 213 67 fauter
1628 2974 312 70 Dunkles.
1979 2974 123 70 Die
2130 2973 194 86 große
2350 2973 193 71 Hand
2571 2975 107 69 hat

428 3069 277 71 nämlich
739 3072 112 68 das
889 3069 230 71 Küken
1156 3072 64 67 in
1255 3071 183 67 einen
1471 3067 180 85 Topf
1675 3071 115 67 mit
1815 3067 530 85 mollig-weichen
2373 3067 303 71 Tüchern

432 3163 291 70 versenkt
793 3163 136 70 und
997 3162 111 70 das
1165 3161 317 70 Tierchen
1541 3161 96 70 bis
1696 3187 112 42 zur
1869 3158 420 88 Nasenspitze
2350 3162 293 84 hineinge-

430 3257 359 70 mummelt.
840 3256 134 70 Der
1000 3253 179 86 Topf
1200 3256 167 69 steht
1395 3256 65 69 in
1486 3253 111 72 der
1613 3253 191 72 leicht
1823 3253 383 86 geöffneten,
2234 3285 149 41 vom
2408 3253 271 73 Kochen

431 3378 274 43 warmen
757 3347 379 73 Ofenröhre.
1184 3346 135 71 Der
1358 3346 199 85 Topf,
1609 3347 108 70 das
1766 3349 78 67 ist
1890 3347 104 70 die
2041 3346 189 71 Welt.
2275 3347 132 70 Das
2446 3346 233 73 Küken

432 3445 172 70 hatte
637 3444 133 70 sich
794 3443 103 71 die
931 3440 167 74 Welt
1126 3441 224 70 anders
1386 3440 380 85 vorgestellt.
1805 3440 277 83 Lichter,
2119 3440 213 81 heller,
2360 3440 210 73 freier.
2596 3440 84 73 Es

435 3535 238 73 erfährt
706 3538 173 69 seine
912 3554 164 51 erste
1100 3535 226 70 bittere
1361 3533 502 85 Enttäuschung.

520 3631 73 71 In
638 3631 114 70 der
797 3628 357 73 Ofenröhre
1199 3628 200 70 bleibt
1444 3628 110 70 das
1603 3627 253 80 Küken,
1907 3627 96 70 bis
2039 3657 64 41 es
2139 3628 250 71 hübsch
2422 3629 258 70 trocken

435 3726 105 69 ist.
591 3723 133 73 Das
773 3725 220 70 dauert
1038 3749 295 58 geraume
1366 3720 160 72 Zeit.
1573 3720 133 72 Das
1749 3718 417 88 Körperchen
2200 3736 291 57 erwärmt
2524 3722 156 80 sich,

436 3819 136 71 und
591 3819 58 82 je
661 3831 265 59 wärmer
939 3848 65 39 es
1018 3815 177 81 wird,
1212 3815 368 71 umsomehr
1594 3815 349 71 schwindet
1961 3816 111 70 des
2093 3814 266 72 Kükens
2377 3815 307 72 Interesse

438 3909 105 72 für
569 3910 106 74 die
699 3910 189 72 Welt.
920 3909 108 71 Ob
1053 3941 64 40 es
1143 3909 237 71 dunkel
1405 3911 80 68 ist
1512 3908 153 72 oder
1689 3909 177 70 nicht
1905 3966 13 13 .
1960 3966 13 13 .
2015 3965 14 14 .
2064 3942 194 42 warm
2283 3913 80 67 ist
2388 3941 86 40 es.
