3268 4572
895 390 224 53 Eduard
1148 391 284 56 Bernstein
1470 417 21 23 ♦
1533 398 190 55 Völker
1751 419 65 35 zu
1848 403 183 54 Hause

2454 411 108 61 275

336 591 246 74 andern
619 589 626 76 Sozialdemokraten
1280 596 109 72 auf
1422 599 112 71 der
1559 599 353 79 Heimreise
1936 637 125 41 von
2095 610 206 70 einem
2330 615 208 70 soziali-

337 685 282 75 stischen
657 683 322 86 Kongreß
1028 716 68 42 in
1132 687 145 75 Kiel
1324 692 310 75 verhaftet
1672 699 258 73 worden
1963 731 197 43 seien.
2226 703 87 71 So
2354 707 216 74 suchte

337 781 103 74 ich
473 781 177 71 denn
683 807 105 43 am
821 781 309 71 nächsten
1165 782 276 87 Morgen
1485 787 200 72 sofort
1718 796 207 67 meine
1958 793 345 75 dänischen
2336 797 200 74 Partei-

336 904 312 58 genossen
683 872 133 81 auf,
852 872 284 89 befragte
1170 880 91 68 sie
1295 880 159 71 über
1479 881 126 72 den
1630 886 384 74 schnellsten
2033 889 156 86 Weg
2216 894 160 69 nach
2401 892 127 88 Eng-

336 970 152 72 land
529 966 140 72 und
712 967 154 71 fuhr
909 967 112 71 auf
1063 969 127 73 den
1225 971 119 72 Rat
1379 976 171 73 eines
1584 1008 125 42 von
1743 979 195 72 ihnen
1969 1013 102 41 am
2106 984 464 76 übernächsten

336 1064 141 85 Tag
502 1089 162 60 quer
693 1061 206 73 durch
925 1093 162 55 ganz
1111 1065 367 74 Dänemark
1508 1101 82 40 an
1624 1073 101 71 die
1741 1073 354 73 Westküste
2124 1078 305 84 Jütlands,
2460 1112 109 41 um

336 1190 126 40 von
501 1156 150 73 dem
701 1156 495 86 neugebildeten
1240 1160 314 74 Hafenort
1598 1164 263 89 Esbjerg
1907 1200 111 40 aus
2067 1172 158 70 nach
2274 1172 295 75 Harwich

337 1285 78 39 zu
450 1250 337 87 gelangen.
833 1250 185 73 Mein
1055 1253 315 88 Ratgeber
1417 1258 169 71 hatte
1630 1261 132 69 sich
1797 1262 148 71 aber
1979 1267 65 67 in
2079 1264 110 72 der
2223 1267 173 71 Liste
2432 1296 102 43 ver-

336 1348 221 73 sehen.
619 1346 111 71 Ich
765 1346 157 72 fand
955 1380 68 38 in
1057 1347 267 89 Esbjerg
1357 1351 145 72 kein
1537 1353 204 74 Schiff
1772 1385 131 52 vor,
1940 1358 109 72 das
2082 1358 351 88 Passagiere
2468 1362 101 71 für

337 1440 295 87 England
666 1440 197 71 nahm
913 1442 137 71 und
1094 1442 170 74 hätte
1317 1444 146 72 fünf
1493 1446 177 86 Tage
1714 1469 236 53 warten
1983 1465 277 70 müssen,
2303 1484 111 41 um
2462 1455 109 72 auf

337 1539 149 70 dem
521 1535 459 86 angegebenen
1014 1536 162 88 Weg
1224 1541 206 70 reisen
1480 1572 78 39 zu
1601 1541 277 75 können.
1936 1546 181 70 Dazu
2175 1548 234 73 konnte
2467 1551 100 69 ich

337 1631 173 70 mich
546 1629 231 85 jedoch
809 1659 114 41 um
957 1662 72 39 so
1055 1634 278 85 weniger
1358 1635 455 83 entschließen,
1845 1638 87 71 als
1968 1642 65 68 in
2059 1642 144 69 dem
2231 1639 336 85 Gasthaus,

336 1756 98 42 wo
469 1727 106 70 ich
608 1724 410 87 abgestiegen
1051 1756 147 52 war,
1248 1728 145 72 kein
1428 1731 273 71 Mensch
1747 1736 138 68 eine
1927 1734 110 71 der
2070 1737 119 68 mir
2223 1736 346 86 geläufigen

337 1818 333 88 Sprachen
727 1819 250 86 sprach.
1065 1819 88 72 So
1210 1822 424 86 durchquerte
1690 1826 101 71 ich
1847 1845 134 67 tags
2039 1827 220 71 darauf
2312 1830 255 82 Jütland

339 1916 167 70 noch
541 1915 256 78 einmal,
849 1916 154 70 hielt
1051 1916 172 71 mich
1267 1917 66 70 in
1385 1917 373 74 Friedericia
1800 1952 102 39 am
1936 1920 249 73 kleinen
2218 1924 136 69 Belt
2388 1924 183 72 zwölf

337 2009 298 71 Stunden
693 2007 112 72 auf
867 2010 138 71 und
1071 2010 115 71 bin
1236 2010 172 72 dann
1457 2012 166 72 doch
1672 2014 158 71 über
1887 2016 433 71 Deutschland
2369 2018 159 71 heim-

337 2103 284 86 gekehrt,
657 2103 102 80 da,
812 2105 117 69 wie
977 2103 105 72 ich
1116 2105 87 69 im
1236 2104 230 72 letzten
1499 2104 399 89 Augenblick
1930 2109 226 85 richtig
2188 2109 378 81 kalkulierte,

337 2197 388 71 inzwischen
760 2198 106 71 die
901 2197 257 73 Grenze
1202 2199 103 71 für
1347 2200 170 72 mich
1576 2202 232 71 wieder
1863 2203 345 85 passierbar
2242 2206 325 83 geworden

336 2320 150 42 war.
555 2289 173 75 Kein
764 2292 279 81 Polizist,
1080 2293 165 73 wohl
1281 2294 151 73 aber
1466 2293 257 74 Freund
1753 2296 251 86 August
2037 2297 191 71 Bebel
2263 2298 105 70 hat
2401 2301 168 68 mich

336 2385 109 71 auf
477 2386 208 72 dieser
721 2386 354 72 Rückfahrt
1112 2387 478 83 ~überrascht“.
1649 2390 83 70 Er
1781 2390 237 86 klopfte
2061 2395 142 77 mir,
2247 2392 88 70 als
2369 2392 99 70 ich
2504 2396 65 67 in

337 2479 339 87 Hamburg
723 2480 113 72 auf
878 2481 127 71 den
1052 2481 140 88 Zug
1236 2501 275 64 wartete,
1569 2482 113 71 der
1729 2485 170 70 mich
1953 2485 156 70 nach
2160 2485 143 70 dem
2354 2485 215 71 Süden

336 2574 273 85 bringen
642 2575 205 80 sollte,
886 2578 116 69 mit
1037 2575 127 72 den
1198 2575 263 74 Worten
1494 2576 111 71 auf
1637 2579 102 70 die
1766 2578 320 71 Schulter:
2148 2578 138 81 ~Im
2321 2578 245 71 Namen

337 2670 110 70 des
483 2668 378 73 Gesetzes“.

431 2763 71 71 ln
524 2763 208 86 bezug
756 2764 111 71 auf
889 2763 275 83 „Völker
1190 2796 78 39 zu
1285 2766 256 69 Hause“
1558 2795 126 40 war
1709 2768 207 69 meine
1934 2766 183 71 Reise
2136 2766 287 71 ziemlich
2447 2796 80 38 un-

336 2854 329 75 fruchtbar
694 2860 361 85 geblieben.
1132 2860 346 72 Immerhin
1524 2860 168 69 hatte
1733 2858 100 71 ich
1869 2857 411 86 Gelegenheit
2319 2858 247 85 gehabt,

337 2951 400 75 Dänemarks
773 2956 240 70 schöne
1042 2954 389 85 Hauptstadt
1456 2954 464 85 einigermaßen
1949 2954 244 69 kennen
2221 2984 77 38 zu
2329 2952 236 80 lernen,

335 3046 137 70 und
499 3048 311 81 habe,wie
829 3049 308 80 bemerkt,
1154 3051 185 69 einen
1367 3046 292 74 halben
1661 3078 73 53 Tag
1760 3049 63 68 in
1840 3048 109 69 der
1964 3046 370 85 befestigten
2349 3048 180 69 Klein-

336 3140 169 71 stadt
530 3141 384 74 Friedericia
942 3144 404 85 zugebracht.
1399 3141 433 87 Kopenhagen
1859 3140 184 87 gefiel
2079 3143 118 68 mir
2228 3141 173 70 recht
2434 3159 131 65 gut,

337 3234 168 71 doch
541 3237 200 72 fehlte
775 3239 125 69 mir
933 3238 104 72 die
1073 3237 299 72 seelische
1405 3235 205 82 Ruhe,
1652 3265 216 40 seinen
1901 3234 277 70 schönen
2214 3232 352 72 Gebäuden

336 3331 135 70 und
500 3331 279 73 Museen
800 3332 194 88 völlig
1019 3335 254 83 gerecht
1301 3364 78 39 zu
1397 3332 270 71 werden.
1718 3329 181 70 Mein
1926 3360 224 55 ganzes
2169 3328 240 70 Sinnen
2434 3328 133 69 und

336 3420 324 77 Trachten
695 3429 154 83 ging
882 3427 241 71 damals
1159 3430 66 67 in
1258 3426 112 71 der
1404 3425 370 86 politischen
1798 3423 353 84 Bewegung
2183 3420 125 81 auf,
2335 3422 135 69 und
2504 3450 61 39 es

339 3515 96 88 lag
469 3522 122 69 mir
626 3521 218 82 daran,
881 3525 118 69 mit
1029 3522 126 72 den
1190 3520 488 72 verschiedenen
1706 3516 720 87 Gesinnungsgenossen
2460 3544 106 41 aus

340 3610 466 88 Deutschland,
826 3618 106 70 die
958 3618 103 72 ich
1090 3634 177 55 sonst
1294 3614 175 72 nicht
1485 3644 79 39 zu
1590 3613 190 70 sehen
1807 3610 246 80 bekam,
2075 3614 64 67 in
2161 3608 404 86 Gesprächen

340 3705 156 73 über
530 3709 107 73 die
674 3710 394 74 heimischen
1088 3709 424 73 Verhältnisse
1545 3705 168 71 mich
1747 3736 78 39 zu
1851 3704 292 85 ergehen,
2178 3704 88 70 als
2302 3702 165 71 mich
2500 3703 65 67 in

341 3799 111 73 das
480 3802 307 75 Studium
806 3836 124 41 von
947 3804 272 72 Werken
1247 3803 110 71 der
1381 3799 342 74 bildenden
1751 3798 249 72 Künste
2026 3829 78 40 zu
2122 3796 317 80 vertiefen,
2467 3796 99 68 die

345 3891 444 95 Kopenhagen
819 3905 64 67 in
919 3931 71 41 so
1017 3898 227 89 großer
1268 3896 156 72 Zahl
1450 3896 305 71 aufweist.
1802 3892 125 71 Am
1943 3892 175 85 Tage
2145 3891 156 72 nach
2327 3886 237 73 Schluß
