<?xml version="1.0" encoding="UTF-8"?>
<alto xmlns:xsi="http://www.w3.org/2001/XMLSchema-instance" xmlns="http://www.loc.gov/standards/alto/ns-v2#" xsi:schemaLocation="http://www.loc.gov/standards/alto/ns-v2# http://www.loc.gov/standards/alto/v2/alto-2-0.xsd" xmlns:xlink="http://www.w3.org/1999/xlink">
	<Description>
		<MeasurementUnit>mm10</MeasurementUnit>
		<sourceImageInformation>
			<fileName>./bmtnabr_1916-09_01_0076.jp2</fileName>
		</sourceImageInformation>
		<OCRProcessing ID="OCRPROCESSING_1">
			<preProcessingStep>
				<processingSoftware>
					<softwareCreator>CCS Content Conversion Specialists GmbH, Germany</softwareCreator>
					<softwareName>CCS docWorks</softwareName>
					<softwareVersion>6.9-1.27</softwareVersion>
				</processingSoftware>
			</preProcessingStep>
			<ocrProcessingStep>
				<processingSoftware>
					<softwareCreator>ABBYY (BIT Software), Russia</softwareCreator>
					<softwareName>FineReader</softwareName>
					<softwareVersion>11.0</softwareVersion>
				</processingSoftware>
			</ocrProcessingStep>
			<postProcessingStep>
				<processingSoftware>
					<softwareCreator>CCS Content Conversion Specialists GmbH, Germany</softwareCreator>
					<softwareName>CCS docWorks</softwareName>
					<softwareVersion>6.9-1.27</softwareVersion>
					<applicationDescription>docWorks: Text modified manually, or automatically replaced</applicationDescription>
				</processingSoftware>
			</postProcessingStep>
		</OCRProcessing>
	</Description>
	<Styles>
		<TextStyle ID="TXT_0" FONTSIZE="12" FONTFAMILY="Arial"/>
		<TextStyle ID="TXT_1" FONTSIZE="21" FONTFAMILY="Times New Roman" FONTSTYLE="italics"/>
		<TextStyle ID="TXT_2" FONTSIZE="25" FONTFAMILY="Times New Roman"/>
		<ParagraphStyle ID="PAR_LEFT" ALIGN="Left"/>
		<ParagraphStyle ID="PAR_RIGHT" ALIGN="Right"/>
		<ParagraphStyle ID="PAR_BLOCK" ALIGN="Block"/>
	</Styles>
	<Layout>
		<Page ID="P76" PHYSICAL_IMG_NR="76" HEIGHT="4572" WIDTH="3641" PRINTED_IMG_NR="284" PC="0.960">
			<TopMargin ID="P76_TM00001" HPOS="0" VPOS="0" WIDTH="3641" HEIGHT="446">
				<TextBlock ID="P76_TB00001" HPOS="1061" VPOS="384" WIDTH="114" HEIGHT="60" STYLEREFS="TXT_0 PAR_LEFT">
					<TextLine ID="P76_TL00001" HPOS="1061" VPOS="384" WIDTH="114" HEIGHT="60">
						<String ID="P76_ST00001" HPOS="1061" VPOS="384" WIDTH="114" HEIGHT="60" CONTENT="284" WC="1.00" CC="000"/>
					</TextLine>
				</TextBlock>
				<TextBlock ID="P76_TB00002" HPOS="1630" VPOS="380" WIDTH="1170" HEIGHT="59" STYLEREFS="TXT_1 PAR_RIGHT">
					<TextLine ID="P76_TL00002" HPOS="1631" VPOS="381" WIDTH="1169" HEIGHT="58">
						<String ID="P76_ST00002" HPOS="1631" VPOS="385" WIDTH="234" HEIGHT="54" CONTENT="Eduard" WC="0.98" CC="306560"/>
						<SP ID="P76_SP00001" HPOS="1865" VPOS="439" WIDTH="24"/>
						<String ID="P76_ST00003" HPOS="1889" VPOS="383" WIDTH="288" HEIGHT="54" CONTENT="Bernstein" WC="0.98" CC="356534503"/>
						<SP ID="P76_SP00002" HPOS="2177" VPOS="439" WIDTH="41"/>
						<String ID="P76_ST00004" HPOS="2218" VPOS="402" WIDTH="20" HEIGHT="22" CONTENT="*" WC="0.90" CC="0"/>
						<SP ID="P76_SP00003" HPOS="2238" VPOS="439" WIDTH="50"/>
						<String ID="P76_ST00005" HPOS="2288" VPOS="381" WIDTH="198" HEIGHT="56" CONTENT="Völker" WC="1.00" CC="020000"/>
						<SP ID="P76_SP00004" HPOS="2486" VPOS="439" WIDTH="26"/>
						<String ID="P76_ST00006" HPOS="2512" VPOS="400" WIDTH="69" HEIGHT="36" CONTENT="zu" WC="0.69" CC="05"/>
						<SP ID="P76_SP00005" HPOS="2581" VPOS="439" WIDTH="29"/>
						<String ID="P76_ST00007" HPOS="2610" VPOS="383" WIDTH="190" HEIGHT="52" CONTENT="Hause" WC="0.97" CC="53640"/>
					</TextLine>
				</TextBlock>
			</TopMargin>
			<LeftMargin ID="P76_LM00001" HPOS="0" VPOS="446" WIDTH="24" HEIGHT="4125"/>
			<RightMargin ID="P76_RM00001" HPOS="2290" VPOS="446" WIDTH="1351" HEIGHT="4125"/>
			<BottomMargin ID="P76_BM00001" HPOS="0" VPOS="4571" WIDTH="3641" HEIGHT="1"/>
			<PrintSpace ID="P76_PS00001" HPOS="24" VPOS="446" WIDTH="3349" HEIGHT="4125">
				<TextBlock ID="P76_TB00003" HPOS="1062" VPOS="583" WIDTH="2311" HEIGHT="3144" STYLEREFS="TXT_2 PAR_BLOCK">
					<TextLine ID="P76_TL00003" HPOS="1064" VPOS="584" WIDTH="2290" HEIGHT="89">
						<String ID="P76_ST00008" HPOS="1064" VPOS="594" WIDTH="164" HEIGHT="79" CONTENT="wirt," WC="0.73" CC="06500"/>
						<SP ID="P76_SP00006" HPOS="1228" VPOS="673" WIDTH="55"/>
						<String ID="P76_ST00009" HPOS="1283" VPOS="594" WIDTH="102" HEIGHT="69" CONTENT="ein" WC="0.95" CC="076"/>
						<SP ID="P76_SP00007" HPOS="1385" VPOS="673" WIDTH="33"/>
						<String ID="P76_ST00010" HPOS="1418" VPOS="591" WIDTH="328" HEIGHT="72" CONTENT="ehrsamer" WC="0.99" CC="47300006"/>
						<SP ID="P76_SP00008" HPOS="1746" VPOS="673" WIDTH="36"/>
						<String ID="P76_ST00011" HPOS="1782" VPOS="589" WIDTH="721" HEIGHT="80" CONTENT="Handwerkermeister," WC="1.00" CC="000800040000700023"/>
						<SP ID="P76_SP00009" HPOS="2503" VPOS="673" WIDTH="53"/>
						<String ID="P76_ST00012" HPOS="2556" VPOS="586" WIDTH="92" HEIGHT="71" CONTENT="als" WC="0.99" CC="020"/>
						<SP ID="P76_SP00010" HPOS="2648" VPOS="673" WIDTH="37"/>
						<String ID="P76_ST00013" HPOS="2685" VPOS="585" WIDTH="102" HEIGHT="71" CONTENT="ich" WC="0.95" CC="607"/>
						<SP ID="P76_SP00011" HPOS="2787" VPOS="673" WIDTH="36"/>
						<String ID="P76_ST00014" HPOS="2823" VPOS="585" WIDTH="206" HEIGHT="71" CONTENT="durch" WC="0.98" CC="95000"/>
						<SP ID="P76_SP00012" HPOS="3029" VPOS="673" WIDTH="39"/>
						<String ID="P76_ST00015" HPOS="3068" VPOS="584" WIDTH="286" HEIGHT="81" CONTENT="~höhere" WC="0.89" CC="1400002"/>
					</TextLine>
					<TextLine ID="P76_TL00004" HPOS="1065" VPOS="679" WIDTH="2288" HEIGHT="88">
						<String ID="P76_ST00016" HPOS="1065" VPOS="687" WIDTH="299" HEIGHT="73" CONTENT="Gewalt“" WC="0.99" CC="1000608"/>
						<SP ID="P76_SP00013" HPOS="1364" VPOS="760" WIDTH="49"/>
						<String ID="P76_ST00017" HPOS="1413" VPOS="684" WIDTH="374" HEIGHT="74" CONTENT="verhindert" WC="1.00" CC="0000600040"/>
						<SP ID="P76_SP00014" HPOS="1787" VPOS="760" WIDTH="48"/>
						<String ID="P76_ST00018" HPOS="1835" VPOS="684" WIDTH="244" HEIGHT="80" CONTENT="wurde," WC="1.00" CC="000000"/>
						<SP ID="P76_SP00015" HPOS="2079" VPOS="764" WIDTH="54"/>
						<String ID="P76_ST00019" HPOS="2133" VPOS="685" WIDTH="257" HEIGHT="70" CONTENT="meinen" WC="0.99" CC="005103"/>
						<SP ID="P76_SP00016" HPOS="2390" VPOS="764" WIDTH="46"/>
						<String ID="P76_ST00020" HPOS="2436" VPOS="684" WIDTH="118" HEIGHT="69" CONTENT="mit" WC="0.98" CC="040"/>
						<SP ID="P76_SP00017" HPOS="2554" VPOS="764" WIDTH="43"/>
						<String ID="P76_ST00021" HPOS="2597" VPOS="682" WIDTH="137" HEIGHT="71" CONTENT="ihm" WC="1.00" CC="000"/>
						<SP ID="P76_SP00018" HPOS="2734" VPOS="764" WIDTH="39"/>
						<String ID="P76_ST00022" HPOS="2773" VPOS="679" WIDTH="580" HEIGHT="88" CONTENT="abgeschlossenen" WC="1.00" CC="076000030000100"/>
					</TextLine>
					<TextLine ID="P76_TL00005" HPOS="1068" VPOS="776" WIDTH="2290" HEIGHT="90">
						<String ID="P76_ST00023" HPOS="1068" VPOS="783" WIDTH="455" HEIGHT="83" CONTENT="Mietsvertrag" WC="1.00" CC="060000050004"/>
						<SP ID="P76_SP00019" HPOS="1523" VPOS="866" WIDTH="50"/>
						<String ID="P76_ST00024" HPOS="1573" VPOS="811" WIDTH="79" HEIGHT="39" CONTENT="zu" WC="0.64" CC="07"/>
						<SP ID="P76_SP00020" HPOS="1652" VPOS="866" WIDTH="36"/>
						<String ID="P76_ST00025" HPOS="1688" VPOS="778" WIDTH="184" HEIGHT="72" CONTENT="Ende" WC="0.99" CC="0600"/>
						<SP ID="P76_SP00021" HPOS="1872" VPOS="866" WIDTH="44"/>
						<String ID="P76_ST00026" HPOS="1916" VPOS="777" WIDTH="468" HEIGHT="82" CONTENT="abzuwohnen," WC="1.00" CC="07030000032"/>
						<SP ID="P76_SP00022" HPOS="2384" VPOS="866" WIDTH="48"/>
						<String ID="P76_ST00027" HPOS="2432" VPOS="809" WIDTH="128" HEIGHT="39" CONTENT="von" WC="0.99" CC="020"/>
						<SP ID="P76_SP00023" HPOS="2560" VPOS="866" WIDTH="36"/>
						<String ID="P76_ST00028" HPOS="2596" VPOS="777" WIDTH="114" HEIGHT="71" CONTENT="der" WC="0.98" CC="005"/>
						<SP ID="P76_SP00024" HPOS="2710" VPOS="866" WIDTH="34"/>
						<String ID="P76_ST00029" HPOS="2744" VPOS="777" WIDTH="170" HEIGHT="70" CONTENT="noch" WC="1.00" CC="0000"/>
						<SP ID="P76_SP00025" HPOS="2914" VPOS="866" WIDTH="36"/>
						<String ID="P76_ST00030" HPOS="2950" VPOS="777" WIDTH="180" HEIGHT="70" CONTENT="nicht" WC="0.99" CC="07000"/>
						<SP ID="P76_SP00026" HPOS="3130" VPOS="866" WIDTH="33"/>
						<String ID="P76_ST00031" HPOS="3163" VPOS="776" WIDTH="156" HEIGHT="85" CONTENT="abge" SUBS_TYPE="HypPart1" SUBS_CONTENT="abgelaufenen" WC="0.99" CC="0700"/>
						<HYP HPOS="3319" VPOS="776" WIDTH="39" CONTENT="-"/>
					</TextLine>
					<TextLine ID="P76_TL00006" HPOS="1067" VPOS="870" WIDTH="2291" HEIGHT="90">
						<String ID="P76_ST00032" HPOS="1067" VPOS="878" WIDTH="298" HEIGHT="74" CONTENT="laufenen" SUBS_TYPE="HypPart2" SUBS_CONTENT="abgelaufenen" WC="0.99" CC="60060506"/>
						<SP ID="P76_SP00027" HPOS="1365" VPOS="952" WIDTH="48"/>
						<String ID="P76_ST00033" HPOS="1413" VPOS="876" WIDTH="209" HEIGHT="72" CONTENT="Miete" WC="1.00" CC="00000"/>
						<SP ID="P76_SP00028" HPOS="1622" VPOS="952" WIDTH="45"/>
						<String ID="P76_ST00034" HPOS="1667" VPOS="875" WIDTH="209" HEIGHT="73" CONTENT="nichts" WC="0.99" CC="060700"/>
						<SP ID="P76_SP00029" HPOS="1876" VPOS="952" WIDTH="50"/>
						<String ID="P76_ST00035" HPOS="1926" VPOS="875" WIDTH="314" HEIGHT="71" CONTENT="ablassen." WC="0.83" CC="064000003"/>
						<SP ID="P76_SP00030" HPOS="2240" VPOS="952" WIDTH="51"/>
						<String ID="P76_ST00036" HPOS="2291" VPOS="873" WIDTH="113" HEIGHT="73" CONTENT="Als" WC="1.00" CC="000"/>
						<SP ID="P76_SP00031" HPOS="2404" VPOS="952" WIDTH="55"/>
						<String ID="P76_ST00037" HPOS="2459" VPOS="875" WIDTH="102" HEIGHT="69" CONTENT="ich" WC="0.98" CC="600"/>
						<SP ID="P76_SP00032" HPOS="2561" VPOS="952" WIDTH="46"/>
						<String ID="P76_ST00038" HPOS="2607" VPOS="872" WIDTH="154" HEIGHT="72" CONTENT="aber" WC="0.98" CC="0700"/>
						<SP ID="P76_SP00033" HPOS="2761" VPOS="952" WIDTH="39"/>
						<String ID="P76_ST00039" HPOS="2800" VPOS="872" WIDTH="178" HEIGHT="71" CONTENT="dann" WC="1.00" CC="0000"/>
						<SP ID="P76_SP00034" HPOS="2978" VPOS="952" WIDTH="44"/>
						<String ID="P76_ST00040" HPOS="3022" VPOS="903" WIDTH="106" HEIGHT="39" CONTENT="am" WC="1.00" CC="00"/>
						<SP ID="P76_SP00035" HPOS="3128" VPOS="952" WIDTH="49"/>
						<String ID="P76_ST00041" HPOS="3177" VPOS="870" WIDTH="181" HEIGHT="90" CONTENT="Tage" WC="0.98" CC="0070"/>
					</TextLine>
					<TextLine ID="P76_TL00007" HPOS="1065" VPOS="965" WIDTH="2285" HEIGHT="84">
						<String ID="P76_ST00042" HPOS="1065" VPOS="974" WIDTH="116" HEIGHT="71" CONTENT="der" WC="1.00" CC="000"/>
						<SP ID="P76_SP00036" HPOS="1181" VPOS="1045" WIDTH="39"/>
						<String ID="P76_ST00043" HPOS="1220" VPOS="971" WIDTH="275" HEIGHT="74" CONTENT="Abreise" WC="1.00" CC="0000600"/>
						<SP ID="P76_SP00037" HPOS="1495" VPOS="1045" WIDTH="42"/>
						<String ID="P76_ST00044" HPOS="1537" VPOS="972" WIDTH="138" HEIGHT="70" CONTENT="sein" WC="0.98" CC="0060"/>
						<SP ID="P76_SP00038" HPOS="1675" VPOS="1045" WIDTH="47"/>
						<String ID="P76_ST00045" HPOS="1722" VPOS="970" WIDTH="185" HEIGHT="71" CONTENT="Haus" WC="0.99" CC="0040"/>
						<SP ID="P76_SP00039" HPOS="1907" VPOS="1045" WIDTH="49"/>
						<String ID="P76_ST00046" HPOS="1956" VPOS="967" WIDTH="266" HEIGHT="82" CONTENT="verließ," WC="0.99" CC="00656000"/>
						<SP ID="P76_SP00040" HPOS="2222" VPOS="1049" WIDTH="52"/>
						<String ID="P76_ST00047" HPOS="2274" VPOS="970" WIDTH="83" HEIGHT="70" CONTENT="da" WC="1.00" CC="00"/>
						<SP ID="P76_SP00041" HPOS="2357" VPOS="1049" WIDTH="35"/>
						<String ID="P76_ST00048" HPOS="2392" VPOS="967" WIDTH="345" HEIGHT="73" CONTENT="schüttelte" WC="1.00" CC="0070000400"/>
						<SP ID="P76_SP00042" HPOS="2737" VPOS="1049" WIDTH="49"/>
						<String ID="P76_ST00049" HPOS="2786" VPOS="967" WIDTH="167" HEIGHT="71" CONTENT="auch" WC="1.00" CC="0000"/>
						<SP ID="P76_SP00043" HPOS="2953" VPOS="1049" WIDTH="50"/>
						<String ID="P76_ST00050" HPOS="3003" VPOS="993" WIDTH="71" HEIGHT="43" CONTENT="er" WC="1.00" CC="00"/>
						<SP ID="P76_SP00044" HPOS="3074" VPOS="1049" WIDTH="44"/>
						<String ID="P76_ST00051" HPOS="3118" VPOS="967" WIDTH="67" HEIGHT="69" CONTENT="in" WC="0.71" CC="50"/>
						<SP ID="P76_SP00045" HPOS="3185" VPOS="1049" WIDTH="47"/>
						<String ID="P76_ST00052" HPOS="3232" VPOS="965" WIDTH="118" HEIGHT="73" CONTENT="der" WC="1.00" CC="000"/>
					</TextLine>
					<TextLine ID="P76_TL00008" HPOS="1067" VPOS="1061" WIDTH="2282" HEIGHT="90">
						<String ID="P76_ST00053" HPOS="1067" VPOS="1069" WIDTH="293" HEIGHT="72" CONTENT="Haustür" WC="1.00" CC="0060000"/>
						<SP ID="P76_SP00046" HPOS="1360" VPOS="1141" WIDTH="51"/>
						<String ID="P76_ST00054" HPOS="1411" VPOS="1068" WIDTH="122" HEIGHT="70" CONTENT="mir" WC="0.98" CC="050"/>
						<SP ID="P76_SP00047" HPOS="1533" VPOS="1141" WIDTH="50"/>
						<String ID="P76_ST00055" HPOS="1583" VPOS="1066" WIDTH="267" HEIGHT="85" CONTENT="gerührt" WC="1.00" CC="5000000"/>
						<SP ID="P76_SP00048" HPOS="1850" VPOS="1151" WIDTH="37"/>
						<String ID="P76_ST00056" HPOS="1887" VPOS="1066" WIDTH="105" HEIGHT="72" CONTENT="die" WC="0.97" CC="070"/>
						<SP ID="P76_SP00049" HPOS="1992" VPOS="1151" WIDTH="36"/>
						<String ID="P76_ST00057" HPOS="2028" VPOS="1064" WIDTH="197" HEIGHT="71" CONTENT="Hand" WC="1.00" CC="0100"/>
						<SP ID="P76_SP00050" HPOS="2225" VPOS="1151" WIDTH="32"/>
						<String ID="P76_ST00058" HPOS="2257" VPOS="1064" WIDTH="139" HEIGHT="71" CONTENT="und" WC="0.98" CC="500"/>
						<SP ID="P76_SP00051" HPOS="2396" VPOS="1151" WIDTH="35"/>
						<String ID="P76_ST00059" HPOS="2431" VPOS="1063" WIDTH="198" HEIGHT="72" CONTENT="brach" WC="0.98" CC="76000"/>
						<SP ID="P76_SP00052" HPOS="2629" VPOS="1151" WIDTH="34"/>
						<String ID="P76_ST00060" HPOS="2663" VPOS="1064" WIDTH="67" HEIGHT="70" CONTENT="in" WC="0.57" CC="71"/>
						<SP ID="P76_SP00053" HPOS="2730" VPOS="1151" WIDTH="36"/>
						<String ID="P76_ST00061" HPOS="2766" VPOS="1061" WIDTH="409" HEIGHT="73" CONTENT="Schluchzen" WC="1.00" CC="0005000000"/>
						<SP ID="P76_SP00054" HPOS="3175" VPOS="1151" WIDTH="35"/>
						<String ID="P76_ST00062" HPOS="3210" VPOS="1093" WIDTH="139" HEIGHT="41" CONTENT="aus." WC="0.99" CC="0103"/>
					</TextLine>
					<TextLine ID="P76_TL00009" HPOS="1069" VPOS="1157" WIDTH="2279" HEIGHT="92">
						<String ID="P76_ST00063" HPOS="1069" VPOS="1164" WIDTH="225" HEIGHT="73" CONTENT="Honni" WC="0.77" CC="03106"/>
						<SP ID="P76_SP00055" HPOS="1294" VPOS="1237" WIDTH="39"/>
						<String ID="P76_ST00064" HPOS="1333" VPOS="1165" WIDTH="123" HEIGHT="70" CONTENT="soit" WC="0.93" CC="0110"/>
						<SP ID="P76_SP00056" HPOS="1456" VPOS="1237" WIDTH="26"/>
						<String ID="P76_ST00065" HPOS="1482" VPOS="1164" WIDTH="113" HEIGHT="85" CONTENT="qui" WC="0.67" CC="306"/>
						<SP ID="P76_SP00057" HPOS="1595" VPOS="1249" WIDTH="29"/>
						<String ID="P76_ST00066" HPOS="1624" VPOS="1162" WIDTH="127" HEIGHT="71" CONTENT="mal" WC="1.00" CC="000"/>
						<SP ID="P76_SP00058" HPOS="1751" VPOS="1249" WIDTH="28"/>
						<String ID="P76_ST00067" HPOS="1779" VPOS="1192" WIDTH="42" HEIGHT="55" CONTENT="y" WC="1.00" CC="0"/>
						<SP ID="P76_SP00059" HPOS="1821" VPOS="1249" WIDTH="27"/>
						<String ID="P76_ST00068" HPOS="1848" VPOS="1192" WIDTH="219" HEIGHT="55" CONTENT="pense." WC="0.85" CC="050003"/>
						<SP ID="P76_SP00060" HPOS="2067" VPOS="1249" WIDTH="37"/>
						<String ID="P76_ST00069" HPOS="2104" VPOS="1159" WIDTH="164" HEIGHT="72" CONTENT="Man" WC="1.00" CC="000"/>
						<SP ID="P76_SP00061" HPOS="2268" VPOS="1249" WIDTH="28"/>
						<String ID="P76_ST00070" HPOS="2296" VPOS="1158" WIDTH="161" HEIGHT="72" CONTENT="muß" WC="1.00" CC="000"/>
						<SP ID="P76_SP00062" HPOS="2457" VPOS="1249" WIDTH="27"/>
						<String ID="P76_ST00071" HPOS="2484" VPOS="1160" WIDTH="180" HEIGHT="70" CONTENT="nicht" WC="1.00" CC="03000"/>
						<SP ID="P76_SP00063" HPOS="2664" VPOS="1249" WIDTH="27"/>
						<String ID="P76_ST00072" HPOS="2691" VPOS="1157" WIDTH="122" HEIGHT="73" CONTENT="viel" WC="0.98" CC="0403"/>
						<SP ID="P76_SP00064" HPOS="2813" VPOS="1249" WIDTH="27"/>
						<String ID="P76_ST00073" HPOS="2840" VPOS="1188" WIDTH="128" HEIGHT="42" CONTENT="von" WC="0.99" CC="020"/>
						<SP ID="P76_SP00065" HPOS="2968" VPOS="1249" WIDTH="28"/>
						<String ID="P76_ST00074" HPOS="2996" VPOS="1157" WIDTH="128" HEIGHT="71" CONTENT="den" WC="1.00" CC="000"/>
						<SP ID="P76_SP00066" HPOS="3124" VPOS="1249" WIDTH="29"/>
						<String ID="P76_ST00075" HPOS="3153" VPOS="1157" WIDTH="147" HEIGHT="71" CONTENT="Men" SUBS_TYPE="HypPart1" SUBS_CONTENT="Menschen" WC="0.99" CC="000"/>
						<HYP HPOS="3300" VPOS="1157" WIDTH="48" CONTENT="-"/>
					</TextLine>
					<TextLine ID="P76_TL00010" HPOS="1068" VPOS="1252" WIDTH="2280" HEIGHT="91">
						<String ID="P76_ST00076" HPOS="1068" VPOS="1259" WIDTH="195" HEIGHT="72" CONTENT="schen" SUBS_TYPE="HypPart2" SUBS_CONTENT="Menschen" WC="0.99" CC="00045"/>
						<SP ID="P76_SP00067" HPOS="1263" VPOS="1331" WIDTH="40"/>
						<String ID="P76_ST00077" HPOS="1303" VPOS="1257" WIDTH="368" HEIGHT="86" CONTENT="verlangen," WC="0.99" CC="0004060463"/>
						<SP ID="P76_SP00068" HPOS="1671" VPOS="1343" WIDTH="42"/>
						<String ID="P76_ST00078" HPOS="1713" VPOS="1286" WIDTH="191" HEIGHT="42" CONTENT="wenn" WC="1.00" CC="0002"/>
						<SP ID="P76_SP00069" HPOS="1904" VPOS="1343" WIDTH="35"/>
						<String ID="P76_ST00079" HPOS="1939" VPOS="1286" WIDTH="151" HEIGHT="42" CONTENT="man" WC="1.00" CC="000"/>
						<SP ID="P76_SP00070" HPOS="2090" VPOS="1343" WIDTH="36"/>
						<String ID="P76_ST00080" HPOS="2126" VPOS="1258" WIDTH="94" HEIGHT="69" CONTENT="sie" WC="0.98" CC="060"/>
						<SP ID="P76_SP00071" HPOS="2220" VPOS="1343" WIDTH="33"/>
						<String ID="P76_ST00081" HPOS="2253" VPOS="1253" WIDTH="213" HEIGHT="72" CONTENT="lieben" WC="0.98" CC="220704"/>
						<SP ID="P76_SP00072" HPOS="2466" VPOS="1343" WIDTH="38"/>
						<String ID="P76_ST00082" HPOS="2504" VPOS="1253" WIDTH="150" HEIGHT="80" CONTENT="will," WC="0.99" CC="02311"/>
						<SP ID="P76_SP00073" HPOS="2654" VPOS="1343" WIDTH="46"/>
						<String ID="P76_ST00083" HPOS="2700" VPOS="1271" WIDTH="140" HEIGHT="67" CONTENT="sagt" WC="1.00" CC="0000"/>
						<SP ID="P76_SP00074" HPOS="2840" VPOS="1343" WIDTH="34"/>
						<String ID="P76_ST00084" HPOS="2874" VPOS="1252" WIDTH="298" HEIGHT="80" CONTENT="Diderot," WC="0.99" CC="26003301"/>
						<SP ID="P76_SP00075" HPOS="3172" VPOS="1343" WIDTH="35"/>
						<String ID="P76_ST00085" HPOS="3207" VPOS="1252" WIDTH="141" HEIGHT="72" CONTENT="und" WC="1.00" CC="000"/>
					</TextLine>
					<TextLine ID="P76_TL00011" HPOS="1068" VPOS="1345" WIDTH="2281" HEIGHT="91">
						<String ID="P76_ST00086" HPOS="1068" VPOS="1356" WIDTH="107" HEIGHT="70" CONTENT="ich" WC="0.93" CC="737"/>
						<SP ID="P76_SP00076" HPOS="1175" VPOS="1426" WIDTH="27"/>
						<String ID="P76_ST00087" HPOS="1202" VPOS="1353" WIDTH="167" HEIGHT="73" CONTENT="habe" WC="0.98" CC="0070"/>
						<SP ID="P76_SP00077" HPOS="1369" VPOS="1426" WIDTH="28"/>
						<String ID="P76_ST00088" HPOS="1397" VPOS="1384" WIDTH="67" HEIGHT="41" CONTENT="es" WC="1.00" CC="00"/>
						<SP ID="P76_SP00078" HPOS="1464" VPOS="1426" WIDTH="26"/>
						<String ID="P76_ST00089" HPOS="1490" VPOS="1355" WIDTH="67" HEIGHT="68" CONTENT="in" WC="0.72" CC="50"/>
						<SP ID="P76_SP00079" HPOS="1557" VPOS="1426" WIDTH="28"/>
						<String ID="P76_ST00090" HPOS="1585" VPOS="1352" WIDTH="246" HEIGHT="73" CONTENT="diesem" WC="0.99" CC="060000"/>
						<SP ID="P76_SP00080" HPOS="1831" VPOS="1426" WIDTH="27"/>
						<String ID="P76_ST00091" HPOS="1858" VPOS="1351" WIDTH="213" HEIGHT="71" CONTENT="Punkt" WC="0.99" CC="00040"/>
						<SP ID="P76_SP00081" HPOS="2071" VPOS="1426" WIDTH="36"/>
						<String ID="P76_ST00092" HPOS="2107" VPOS="1353" WIDTH="172" HEIGHT="69" CONTENT="mein" WC="0.98" CC="0063"/>
						<SP ID="P76_SP00082" HPOS="2279" VPOS="1426" WIDTH="22"/>
						<String ID="P76_ST00093" HPOS="2301" VPOS="1348" WIDTH="376" HEIGHT="88" CONTENT="Lebenlang" WC="1.00" CC="200043030"/>
						<SP ID="P76_SP00083" HPOS="2677" VPOS="1436" WIDTH="27"/>
						<String ID="P76_ST00094" HPOS="2704" VPOS="1350" WIDTH="116" HEIGHT="68" CONTENT="mit" WC="0.97" CC="060"/>
						<SP ID="P76_SP00084" HPOS="2820" VPOS="1436" WIDTH="28"/>
						<String ID="P76_ST00095" HPOS="2848" VPOS="1347" WIDTH="152" HEIGHT="71" CONTENT="dem" WC="1.00" CC="000"/>
						<SP ID="P76_SP00085" HPOS="3000" VPOS="1436" WIDTH="17"/>
						<String ID="P76_ST00096" HPOS="3017" VPOS="1345" WIDTH="332" HEIGHT="73" CONTENT="Verfasser" WC="0.99" CC="015600000"/>
					</TextLine>
					<TextLine ID="P76_TL00012" HPOS="1072" VPOS="1446" WIDTH="1162" HEIGHT="88">
						<String ID="P76_ST00097" HPOS="1072" VPOS="1480" WIDTH="125" HEIGHT="42" CONTENT="von" WC="0.97" CC="007"/>
						<SP ID="P76_SP00086" HPOS="1197" VPOS="1522" WIDTH="40"/>
						<String ID="P76_ST00098" HPOS="1237" VPOS="1449" WIDTH="367" HEIGHT="82" CONTENT="„Rameaus" WC="0.85" CC="40000070"/>
						<SP ID="P76_SP00087" HPOS="1604" VPOS="1531" WIDTH="35"/>
						<String ID="P76_ST00099" HPOS="1639" VPOS="1446" WIDTH="235" HEIGHT="73" CONTENT="Neffe“" WC="0.98" CC="117700"/>
						<SP ID="P76_SP00088" HPOS="1874" VPOS="1531" WIDTH="40"/>
						<String ID="P76_ST00100" HPOS="1914" VPOS="1446" WIDTH="320" HEIGHT="88" CONTENT="gehalten." WC="1.00" CC="007030002"/>
					</TextLine>
					<TextLine ID="P76_TL00013" HPOS="1164" VPOS="1536" WIDTH="2195" HEIGHT="90">
						<String ID="P76_ST00101" HPOS="1164" VPOS="1543" WIDTH="138" HEIGHT="72" CONTENT="Auf" WC="0.95" CC="056"/>
						<SP ID="P76_SP00089" HPOS="1302" VPOS="1615" WIDTH="33"/>
						<String ID="P76_ST00102" HPOS="1335" VPOS="1543" WIDTH="116" HEIGHT="72" CONTENT="der" WC="0.99" CC="010"/>
						<SP ID="P76_SP00090" HPOS="1451" VPOS="1615" WIDTH="36"/>
						<String ID="P76_ST00103" HPOS="1487" VPOS="1543" WIDTH="253" HEIGHT="71" CONTENT="Station" WC="0.99" CC="0002620"/>
						<SP ID="P76_SP00091" HPOS="1740" VPOS="1615" WIDTH="48"/>
						<String ID="P76_ST00104" HPOS="1788" VPOS="1541" WIDTH="223" HEIGHT="73" CONTENT="Baden" WC="1.00" CC="00010"/>
						<SP ID="P76_SP00092" HPOS="2011" VPOS="1615" WIDTH="35"/>
						<String ID="P76_ST00105" HPOS="2046" VPOS="1543" WIDTH="91" HEIGHT="68" CONTENT="im" WC="0.64" CC="70"/>
						<SP ID="P76_SP00093" HPOS="2137" VPOS="1615" WIDTH="33"/>
						<String ID="P76_ST00106" HPOS="2170" VPOS="1540" WIDTH="257" HEIGHT="86" CONTENT="Aargau" WC="0.99" CC="005006"/>
						<SP ID="P76_SP00094" HPOS="2427" VPOS="1626" WIDTH="48"/>
						<String ID="P76_ST00107" HPOS="2475" VPOS="1539" WIDTH="196" HEIGHT="72" CONTENT="nahm" WC="1.00" CC="1000"/>
						<SP ID="P76_SP00095" HPOS="2671" VPOS="1626" WIDTH="49"/>
						<String ID="P76_ST00108" HPOS="2720" VPOS="1540" WIDTH="114" HEIGHT="71" CONTENT="der" WC="1.00" CC="000"/>
						<SP ID="P76_SP00096" HPOS="2834" VPOS="1626" WIDTH="47"/>
						<String ID="P76_ST00109" HPOS="2881" VPOS="1536" WIDTH="442" HEIGHT="85" CONTENT="Polizeihaupt" SUBS_TYPE="HypPart1" SUBS_CONTENT="Polizeihauptmann" WC="1.00" CC="004700600000"/>
						<HYP HPOS="3323" VPOS="1536" WIDTH="36" CONTENT="-"/>
					</TextLine>
					<TextLine ID="P76_TL00014" HPOS="1073" VPOS="1632" WIDTH="2291" HEIGHT="88">
						<String ID="P76_ST00110" HPOS="1073" VPOS="1672" WIDTH="199" HEIGHT="40" CONTENT="mann" SUBS_TYPE="HypPart2" SUBS_CONTENT="Polizeihauptmann" WC="1.00" CC="0000"/>
						<SP ID="P76_SP00097" HPOS="1272" VPOS="1712" WIDTH="52"/>
						<String ID="P76_ST00111" HPOS="1324" VPOS="1639" WIDTH="265" HEIGHT="73" CONTENT="Fischer" WC="1.00" CC="0000000"/>
						<SP ID="P76_SP00098" HPOS="1589" VPOS="1712" WIDTH="50"/>
						<String ID="P76_ST00112" HPOS="1639" VPOS="1670" WIDTH="127" HEIGHT="40" CONTENT="von" WC="0.99" CC="030"/>
						<SP ID="P76_SP00099" HPOS="1766" VPOS="1712" WIDTH="51"/>
						<String ID="P76_ST00113" HPOS="1817" VPOS="1638" WIDTH="244" HEIGHT="71" CONTENT="Zürich" WC="0.99" CC="100700"/>
						<SP ID="P76_SP00100" HPOS="2061" VPOS="1712" WIDTH="50"/>
						<String ID="P76_ST00114" HPOS="2111" VPOS="1638" WIDTH="67" HEIGHT="70" CONTENT="in" WC="0.66" CC="60"/>
						<SP ID="P76_SP00101" HPOS="2178" VPOS="1712" WIDTH="51"/>
						<String ID="P76_ST00115" HPOS="2229" VPOS="1666" WIDTH="269" HEIGHT="42" CONTENT="unserm" WC="0.90" CC="500000"/>
						<SP ID="P76_SP00102" HPOS="2498" VPOS="1712" WIDTH="51"/>
						<String ID="P76_ST00116" HPOS="2549" VPOS="1633" WIDTH="443" HEIGHT="87" CONTENT="Wagenabteil" WC="0.99" CC="44000070162"/>
						<SP ID="P76_SP00103" HPOS="2992" VPOS="1720" WIDTH="34"/>
						<String ID="P76_ST00117" HPOS="3026" VPOS="1633" WIDTH="197" HEIGHT="71" CONTENT="Platz." WC="0.99" CC="060003"/>
						<SP ID="P76_SP00104" HPOS="3223" VPOS="1720" WIDTH="53"/>
						<String ID="P76_ST00118" HPOS="3276" VPOS="1632" WIDTH="88" HEIGHT="72" CONTENT="Er" WC="1.00" CC="00"/>
					</TextLine>
					<TextLine ID="P76_TL00015" HPOS="1074" VPOS="1729" WIDTH="2289" HEIGHT="89">
						<String ID="P76_ST00119" HPOS="1074" VPOS="1737" WIDTH="173" HEIGHT="70" CONTENT="hatte" WC="0.99" CC="70000"/>
						<SP ID="P76_SP00105" HPOS="1247" VPOS="1807" WIDTH="52"/>
						<String ID="P76_ST00120" HPOS="1299" VPOS="1766" WIDTH="151" HEIGHT="41" CONTENT="vom" WC="0.99" CC="010"/>
						<SP ID="P76_SP00106" HPOS="1450" VPOS="1807" WIDTH="50"/>
						<String ID="P76_ST00121" HPOS="1500" VPOS="1733" WIDTH="364" HEIGHT="74" CONTENT="Bundesrat" WC="1.00" CC="050000000"/>
						<SP ID="P76_SP00107" HPOS="1864" VPOS="1807" WIDTH="51"/>
						<String ID="P76_ST00122" HPOS="1915" VPOS="1734" WIDTH="105" HEIGHT="70" CONTENT="die" WC="0.98" CC="060"/>
						<SP ID="P76_SP00108" HPOS="2020" VPOS="1807" WIDTH="50"/>
						<String ID="P76_ST00123" HPOS="2070" VPOS="1732" WIDTH="312" HEIGHT="86" CONTENT="Weisung" WC="0.98" CC="5070454"/>
						<SP ID="P76_SP00109" HPOS="2382" VPOS="1818" WIDTH="50"/>
						<String ID="P76_ST00124" HPOS="2432" VPOS="1729" WIDTH="312" HEIGHT="83" CONTENT="erhalten," WC="1.00" CC="060060000"/>
						<SP ID="P76_SP00110" HPOS="2744" VPOS="1818" WIDTH="51"/>
						<String ID="P76_ST00125" HPOS="2795" VPOS="1760" WIDTH="125" HEIGHT="40" CONTENT="uns" WC="0.99" CC="300"/>
						<SP ID="P76_SP00111" HPOS="2920" VPOS="1818" WIDTH="53"/>
						<String ID="P76_ST00126" HPOS="2973" VPOS="1729" WIDTH="98" HEIGHT="71" CONTENT="bis" WC="0.95" CC="760"/>
						<SP ID="P76_SP00112" HPOS="3071" VPOS="1818" WIDTH="53"/>
						<String ID="P76_ST00127" HPOS="3124" VPOS="1759" WIDTH="81" HEIGHT="40" CONTENT="an" WC="1.00" CC="00"/>
						<SP ID="P76_SP00113" HPOS="3205" VPOS="1818" WIDTH="54"/>
						<String ID="P76_ST00128" HPOS="3259" VPOS="1729" WIDTH="104" HEIGHT="71" CONTENT="die" WC="0.97" CC="061"/>
					</TextLine>
					<TextLine ID="P76_TL00016" HPOS="1075" VPOS="1822" WIDTH="2286" HEIGHT="91">
						<String ID="P76_ST00129" HPOS="1075" VPOS="1832" WIDTH="361" HEIGHT="71" CONTENT="Schweizer" WC="0.99" CC="007007000"/>
						<SP ID="P76_SP00114" HPOS="1436" VPOS="1903" WIDTH="37"/>
						<String ID="P76_ST00130" HPOS="1473" VPOS="1827" WIDTH="262" HEIGHT="75" CONTENT="Grenze" WC="1.00" CC="000000"/>
						<SP ID="P76_SP00115" HPOS="1735" VPOS="1903" WIDTH="52"/>
						<String ID="P76_ST00131" HPOS="1787" VPOS="1859" WIDTH="81" HEIGHT="39" CONTENT="zu" WC="0.69" CC="06"/>
						<SP ID="P76_SP00116" HPOS="1868" VPOS="1903" WIDTH="51"/>
						<String ID="P76_ST00132" HPOS="1919" VPOS="1827" WIDTH="296" HEIGHT="86" CONTENT="geleiten," WC="1.00" CC="003040001"/>
						<SP ID="P76_SP00117" HPOS="2215" VPOS="1913" WIDTH="50"/>
						<String ID="P76_ST00133" HPOS="2265" VPOS="1826" WIDTH="141" HEIGHT="71" CONTENT="und" WC="0.99" CC="010"/>
						<SP ID="P76_SP00118" HPOS="2406" VPOS="1913" WIDTH="53"/>
						<String ID="P76_ST00134" HPOS="2459" VPOS="1856" WIDTH="64" HEIGHT="41" CONTENT="es" WC="1.00" CC="00"/>
						<SP ID="P76_SP00119" HPOS="2523" VPOS="1913" WIDTH="47"/>
						<String ID="P76_ST00135" HPOS="2570" VPOS="1825" WIDTH="107" HEIGHT="72" CONTENT="für" WC="0.98" CC="400"/>
						<SP ID="P76_SP00120" HPOS="2677" VPOS="1913" WIDTH="48"/>
						<String ID="P76_ST00136" HPOS="2725" VPOS="1823" WIDTH="266" HEIGHT="74" CONTENT="taktvoll" WC="1.00" CC="00000035"/>
						<SP ID="P76_SP00121" HPOS="2991" VPOS="1913" WIDTH="52"/>
						<String ID="P76_ST00137" HPOS="3043" VPOS="1822" WIDTH="318" HEIGHT="86" CONTENT="gehalten," WC="1.00" CC="000000024"/>
					</TextLine>
					<TextLine ID="P76_TL00017" HPOS="1075" VPOS="1919" WIDTH="2289" HEIGHT="94">
						<String ID="P76_ST00138" HPOS="1075" VPOS="1927" WIDTH="180" HEIGHT="72" CONTENT="nicht" WC="1.00" CC="00000"/>
						<SP ID="P76_SP00122" HPOS="1255" VPOS="1999" WIDTH="35"/>
						<String ID="P76_ST00139" HPOS="1290" VPOS="1925" WIDTH="206" HEIGHT="88" CONTENT="gleich" WC="0.98" CC="840600"/>
						<SP ID="P76_SP00123" HPOS="1496" VPOS="2013" WIDTH="35"/>
						<String ID="P76_ST00140" HPOS="1531" VPOS="1926" WIDTH="68" HEIGHT="70" CONTENT="in" WC="1.00" CC="00"/>
						<SP ID="P76_SP00124" HPOS="1599" VPOS="2013" WIDTH="35"/>
						<String ID="P76_ST00141" HPOS="1634" VPOS="1922" WIDTH="263" HEIGHT="83" CONTENT="Zürich," WC="1.00" CC="0000003"/>
						<SP ID="P76_SP00125" HPOS="1897" VPOS="2013" WIDTH="47"/>
						<String ID="P76_ST00142" HPOS="1944" VPOS="1954" WIDTH="101" HEIGHT="42" CONTENT="wo" WC="1.00" CC="00"/>
						<SP ID="P76_SP00126" HPOS="2045" VPOS="2013" WIDTH="34"/>
						<String ID="P76_ST00143" HPOS="2079" VPOS="1925" WIDTH="104" HEIGHT="70" CONTENT="ein" WC="0.97" CC="060"/>
						<SP ID="P76_SP00127" HPOS="2183" VPOS="2013" WIDTH="47"/>
						<String ID="P76_ST00144" HPOS="2230" VPOS="1922" WIDTH="179" HEIGHT="85" CONTENT="jeder" WC="1.00" CC="10000"/>
						<SP ID="P76_SP00128" HPOS="2409" VPOS="2013" WIDTH="47"/>
						<String ID="P76_ST00145" HPOS="2456" VPOS="1924" WIDTH="116" HEIGHT="69" CONTENT="ihn" WC="0.98" CC="600"/>
						<SP ID="P76_SP00129" HPOS="2572" VPOS="2013" WIDTH="47"/>
						<String ID="P76_ST00146" HPOS="2619" VPOS="1921" WIDTH="260" HEIGHT="80" CONTENT="kannte," WC="1.00" CC="0004003"/>
						<SP ID="P76_SP00130" HPOS="2879" VPOS="2013" WIDTH="51"/>
						<String ID="P76_ST00147" HPOS="2930" VPOS="1919" WIDTH="136" HEIGHT="73" CONTENT="sich" WC="1.00" CC="0000"/>
						<SP ID="P76_SP00131" HPOS="3066" VPOS="2013" WIDTH="48"/>
						<String ID="P76_ST00148" HPOS="3114" VPOS="1948" WIDTH="79" HEIGHT="42" CONTENT="zu" WC="1.00" CC="00"/>
						<SP ID="P76_SP00132" HPOS="3193" VPOS="2013" WIDTH="45"/>
						<String ID="P76_ST00149" HPOS="3238" VPOS="1948" WIDTH="126" HEIGHT="42" CONTENT="uns" WC="0.99" CC="010"/>
					</TextLine>
					<TextLine ID="P76_TL00018" HPOS="1077" VPOS="2013" WIDTH="2287" HEIGHT="94">
						<String ID="P76_ST00150" HPOS="1077" VPOS="2053" WIDTH="80" HEIGHT="41" CONTENT="zu" WC="0.82" CC="03"/>
						<SP ID="P76_SP00133" HPOS="1157" VPOS="2094" WIDTH="34"/>
						<String ID="P76_ST00151" HPOS="1191" VPOS="2020" WIDTH="302" HEIGHT="87" CONTENT="gesellen." WC="1.00" CC="000014024"/>
						<SP ID="P76_SP00134" HPOS="1493" VPOS="2107" WIDTH="49"/>
						<String ID="P76_ST00152" HPOS="1542" VPOS="2019" WIDTH="191" HEIGHT="72" CONTENT="Auch" WC="1.00" CC="0000"/>
						<SP ID="P76_SP00135" HPOS="1733" VPOS="2107" WIDTH="37"/>
						<String ID="P76_ST00153" HPOS="1770" VPOS="2047" WIDTH="128" HEIGHT="44" CONTENT="war" WC="1.00" CC="000"/>
						<SP ID="P76_SP00136" HPOS="1898" VPOS="2107" WIDTH="36"/>
						<String ID="P76_ST00154" HPOS="1934" VPOS="2046" WIDTH="67" HEIGHT="44" CONTENT="er" WC="0.66" CC="06"/>
						<SP ID="P76_SP00137" HPOS="2001" VPOS="2107" WIDTH="36"/>
						<String ID="P76_ST00155" HPOS="2037" VPOS="2019" WIDTH="67" HEIGHT="68" CONTENT="in" WC="0.63" CC="70"/>
						<SP ID="P76_SP00138" HPOS="2104" VPOS="2107" WIDTH="34"/>
						<String ID="P76_ST00156" HPOS="2138" VPOS="2016" WIDTH="192" HEIGHT="73" CONTENT="Zivil." WC="0.99" CC="000633"/>
						<SP ID="P76_SP00139" HPOS="2330" VPOS="2107" WIDTH="54"/>
						<String ID="P76_ST00157" HPOS="2384" VPOS="2015" WIDTH="139" HEIGHT="72" CONTENT="Wir" WC="1.00" CC="000"/>
						<SP ID="P76_SP00140" HPOS="2523" VPOS="2107" WIDTH="36"/>
						<String ID="P76_ST00158" HPOS="2559" VPOS="2016" WIDTH="353" HEIGHT="71" CONTENT="erkannten" WC="1.00" CC="000000020"/>
						<SP ID="P76_SP00141" HPOS="2912" VPOS="2107" WIDTH="29"/>
						<String ID="P76_ST00159" HPOS="2941" VPOS="2016" WIDTH="175" HEIGHT="70" CONTENT="diese" WC="0.99" CC="06000"/>
						<SP ID="P76_SP00142" HPOS="3116" VPOS="2107" WIDTH="31"/>
						<String ID="P76_ST00160" HPOS="3147" VPOS="2013" WIDTH="174" HEIGHT="71" CONTENT="Rück" SUBS_TYPE="HypPart1" SUBS_CONTENT="Rücksichtnahme" WC="0.99" CC="3000"/>
						<HYP HPOS="3321" VPOS="2013" WIDTH="43" CONTENT="-"/>
					</TextLine>
					<TextLine ID="P76_TL00019" HPOS="1075" VPOS="2107" WIDTH="2290" HEIGHT="94">
						<String ID="P76_ST00161" HPOS="1075" VPOS="2117" WIDTH="407" HEIGHT="72" CONTENT="sichtnahme" SUBS_TYPE="HypPart2" SUBS_CONTENT="Rücksichtnahme" WC="1.00" CC="0500000000"/>
						<SP ID="P76_SP00143" HPOS="1482" VPOS="2189" WIDTH="35"/>
						<String ID="P76_ST00162" HPOS="1517" VPOS="2113" WIDTH="381" HEIGHT="88" CONTENT="gebührend" WC="1.00" CC="007002000"/>
						<SP ID="P76_SP00144" HPOS="1898" VPOS="2201" WIDTH="35"/>
						<String ID="P76_ST00163" HPOS="1933" VPOS="2146" WIDTH="84" HEIGHT="41" CONTENT="an" WC="1.00" CC="00"/>
						<SP ID="P76_SP00145" HPOS="2017" VPOS="2201" WIDTH="33"/>
						<String ID="P76_ST00164" HPOS="2050" VPOS="2113" WIDTH="141" HEIGHT="71" CONTENT="und" WC="0.97" CC="600"/>
						<SP ID="P76_SP00146" HPOS="2191" VPOS="2201" WIDTH="33"/>
						<String ID="P76_ST00165" HPOS="2224" VPOS="2117" WIDTH="240" HEIGHT="81" CONTENT="gingen" WC="0.99" CC="045000"/>
						<SP ID="P76_SP00147" HPOS="2464" VPOS="2201" WIDTH="26"/>
						<String ID="P76_ST00166" HPOS="2490" VPOS="2115" WIDTH="121" HEIGHT="69" CONTENT="mit" WC="0.98" CC="060"/>
						<SP ID="P76_SP00148" HPOS="2611" VPOS="2201" WIDTH="28"/>
						<String ID="P76_ST00167" HPOS="2639" VPOS="2112" WIDTH="138" HEIGHT="71" CONTENT="ihm" WC="0.98" CC="600"/>
						<SP ID="P76_SP00149" HPOS="2777" VPOS="2201" WIDTH="28"/>
						<String ID="P76_ST00168" HPOS="2805" VPOS="2113" WIDTH="144" HEIGHT="70" CONTENT="eine" WC="0.99" CC="0600"/>
						<SP ID="P76_SP00150" HPOS="2949" VPOS="2201" WIDTH="25"/>
						<String ID="P76_ST00169" HPOS="2974" VPOS="2107" WIDTH="391" HEIGHT="87" CONTENT="zwangslose" WC="1.00" CC="0000006200"/>
					</TextLine>
					<TextLine ID="P76_TL00020" HPOS="1078" VPOS="2203" WIDTH="2287" HEIGHT="94">
						<String ID="P76_ST00170" HPOS="1078" VPOS="2211" WIDTH="485" HEIGHT="86" CONTENT="Unterhaltung" WC="1.00" CC="200060000500"/>
						<SP ID="P76_SP00151" HPOS="1563" VPOS="2297" WIDTH="18"/>
						<String ID="P76_ST00171" HPOS="1581" VPOS="2214" WIDTH="131" HEIGHT="68" CONTENT="ein." WC="0.98" CC="0603"/>
						<SP ID="P76_SP00152" HPOS="1712" VPOS="2297" WIDTH="29"/>
						<String ID="P76_ST00172" HPOS="1741" VPOS="2209" WIDTH="253" HEIGHT="73" CONTENT="Unsere" WC="1.00" CC="500000"/>
						<SP ID="P76_SP00153" HPOS="1994" VPOS="2297" WIDTH="23"/>
						<String ID="P76_ST00173" HPOS="2017" VPOS="2208" WIDTH="196" HEIGHT="73" CONTENT="Fahrt" WC="0.99" CC="30060"/>
						<SP ID="P76_SP00154" HPOS="2213" VPOS="2297" WIDTH="21"/>
						<String ID="P76_ST00174" HPOS="2234" VPOS="2208" WIDTH="238" HEIGHT="81" CONTENT="führte," WC="0.99" CC="6004002"/>
						<SP ID="P76_SP00155" HPOS="2472" VPOS="2297" WIDTH="39"/>
						<String ID="P76_ST00175" HPOS="2511" VPOS="2207" WIDTH="81" HEIGHT="71" CONTENT="da" WC="1.00" CC="00"/>
						<SP ID="P76_SP00156" HPOS="2592" VPOS="2297" WIDTH="25"/>
						<String ID="P76_ST00176" HPOS="2617" VPOS="2235" WIDTH="117" HEIGHT="44" CONTENT="wir" WC="0.96" CC="046"/>
						<SP ID="P76_SP00157" HPOS="2734" VPOS="2297" WIDTH="28"/>
						<String ID="P76_ST00177" HPOS="2762" VPOS="2206" WIDTH="343" HEIGHT="73" CONTENT="deutsches" WC="1.00" CC="006000000"/>
						<SP ID="P76_SP00158" HPOS="3105" VPOS="2297" WIDTH="22"/>
						<String ID="P76_ST00178" HPOS="3127" VPOS="2203" WIDTH="238" HEIGHT="72" CONTENT="Gebiet" WC="0.99" CC="007100"/>
					</TextLine>
					<TextLine ID="P76_TL00021" HPOS="1078" VPOS="2300" WIDTH="2287" HEIGHT="86">
						<String ID="P76_ST00179" HPOS="1078" VPOS="2308" WIDTH="262" HEIGHT="72" CONTENT="meiden" WC="0.99" CC="007050"/>
						<SP ID="P76_SP00159" HPOS="1340" VPOS="2380" WIDTH="26"/>
						<String ID="P76_ST00180" HPOS="1366" VPOS="2325" WIDTH="314" HEIGHT="61" CONTENT="mussten," WC="0.99" CC="05000033"/>
						<SP ID="P76_SP00160" HPOS="1680" VPOS="2386" WIDTH="37"/>
						<String ID="P76_ST00181" HPOS="1717" VPOS="2306" WIDTH="162" HEIGHT="71" CONTENT="über" WC="1.00" CC="0001"/>
						<SP ID="P76_SP00161" HPOS="1879" VPOS="2386" WIDTH="26"/>
						<String ID="P76_ST00182" HPOS="1905" VPOS="2303" WIDTH="220" HEIGHT="82" CONTENT="Olten," WC="0.99" CC="260002"/>
						<SP ID="P76_SP00162" HPOS="2125" VPOS="2386" WIDTH="36"/>
						<String ID="P76_ST00183" HPOS="2161" VPOS="2303" WIDTH="374" HEIGHT="82" CONTENT="Delemont," WC="0.91" CC="003000003"/>
						<SP ID="P76_SP00163" HPOS="2535" VPOS="2386" WIDTH="29"/>
						<String ID="P76_ST00184" HPOS="2564" VPOS="2302" WIDTH="188" HEIGHT="71" CONTENT="Delle" WC="0.98" CC="40330"/>
						<SP ID="P76_SP00164" HPOS="2752" VPOS="2386" WIDTH="28"/>
						<String ID="P76_ST00185" HPOS="2780" VPOS="2302" WIDTH="166" HEIGHT="71" CONTENT="nach" WC="0.98" CC="0007"/>
						<SP ID="P76_SP00165" HPOS="2946" VPOS="2386" WIDTH="28"/>
						<String ID="P76_ST00186" HPOS="2974" VPOS="2300" WIDTH="391" HEIGHT="72" CONTENT="Frankreich" WC="1.00" CC="0000000500"/>
					</TextLine>
					<TextLine ID="P76_TL00022" HPOS="1083" VPOS="2395" WIDTH="2282" HEIGHT="89">
						<String ID="P76_ST00187" HPOS="1083" VPOS="2402" WIDTH="339" HEIGHT="82" CONTENT="„hinein“." WC="0.99" CC="306006004"/>
						<SP ID="P76_SP00166" HPOS="1422" VPOS="2484" WIDTH="85"/>
						<String ID="P76_ST00188" HPOS="1507" VPOS="2399" WIDTH="174" HEIGHT="73" CONTENT="Zwei" WC="1.00" CC="0002"/>
						<SP ID="P76_SP00167" HPOS="1681" VPOS="2484" WIDTH="37"/>
						<String ID="P76_ST00189" HPOS="1718" VPOS="2399" WIDTH="100" HEIGHT="73" CONTENT="bis" WC="0.95" CC="760"/>
						<SP ID="P76_SP00168" HPOS="1818" VPOS="2484" WIDTH="36"/>
						<String ID="P76_ST00190" HPOS="1854" VPOS="2400" WIDTH="136" HEIGHT="71" CONTENT="drei" WC="0.98" CC="0506"/>
						<SP ID="P76_SP00169" HPOS="1990" VPOS="2484" WIDTH="48"/>
						<String ID="P76_ST00191" HPOS="2038" VPOS="2397" WIDTH="182" HEIGHT="87" CONTENT="Tage" WC="0.99" CC="4000"/>
						<SP ID="P76_SP00170" HPOS="2220" VPOS="2484" WIDTH="45"/>
						<String ID="P76_ST00192" HPOS="2265" VPOS="2397" WIDTH="361" HEIGHT="87" CONTENT="gedachten" WC="1.00" CC="000007000"/>
						<SP ID="P76_SP00171" HPOS="2626" VPOS="2484" WIDTH="46"/>
						<String ID="P76_ST00193" HPOS="2672" VPOS="2399" WIDTH="115" HEIGHT="69" CONTENT="wir" WC="0.97" CC="060"/>
						<SP ID="P76_SP00172" HPOS="2787" VPOS="2484" WIDTH="45"/>
						<String ID="P76_ST00194" HPOS="2832" VPOS="2397" WIDTH="68" HEIGHT="70" CONTENT="in" WC="0.69" CC="60"/>
						<SP ID="P76_SP00173" HPOS="2900" VPOS="2484" WIDTH="49"/>
						<String ID="P76_ST00195" HPOS="2949" VPOS="2395" WIDTH="175" HEIGHT="71" CONTENT="Paris" WC="1.00" CC="00300"/>
						<SP ID="P76_SP00174" HPOS="3124" VPOS="2484" WIDTH="48"/>
						<String ID="P76_ST00196" HPOS="3172" VPOS="2424" WIDTH="155" HEIGHT="42" CONTENT="zuzu" SUBS_TYPE="HypPart1" SUBS_CONTENT="zuzubringen," WC="1.00" CC="0000"/>
						<HYP HPOS="3327" VPOS="2424" WIDTH="38" CONTENT="-"/>
					</TextLine>
					<TextLine ID="P76_TL00023" HPOS="1079" VPOS="2490" WIDTH="2286" HEIGHT="94">
						<String ID="P76_ST00197" HPOS="1079" VPOS="2499" WIDTH="296" HEIGHT="85" CONTENT="bringen," SUBS_TYPE="HypPart2" SUBS_CONTENT="zuzubringen," WC="0.99" CC="70700002"/>
						<SP ID="P76_SP00175" HPOS="1375" VPOS="2584" WIDTH="48"/>
						<String ID="P76_ST00198" HPOS="1423" VPOS="2528" WIDTH="101" HEIGHT="41" CONTENT="wo" WC="0.85" CC="02"/>
						<SP ID="P76_SP00176" HPOS="1524" VPOS="2584" WIDTH="49"/>
						<String ID="P76_ST00199" HPOS="1573" VPOS="2498" WIDTH="117" HEIGHT="71" CONTENT="wir" WC="0.98" CC="040"/>
						<SP ID="P76_SP00177" HPOS="1690" VPOS="2584" WIDTH="50"/>
						<String ID="P76_ST00200" HPOS="1740" VPOS="2495" WIDTH="339" HEIGHT="85" CONTENT="politische" WC="0.99" CC="0043070070"/>
						<SP ID="P76_SP00178" HPOS="2079" VPOS="2584" WIDTH="52"/>
						<String ID="P76_ST00201" HPOS="2131" VPOS="2494" WIDTH="300" HEIGHT="72" CONTENT="Freunde" WC="0.99" CC="4005000"/>
						<SP ID="P76_SP00179" HPOS="2431" VPOS="2584" WIDTH="48"/>
						<String ID="P76_ST00202" HPOS="2479" VPOS="2491" WIDTH="362" HEIGHT="74" CONTENT="aufsuchen" WC="0.99" CC="025050000"/>
						<SP ID="P76_SP00180" HPOS="2841" VPOS="2584" WIDTH="51"/>
						<String ID="P76_ST00203" HPOS="2892" VPOS="2490" WIDTH="284" HEIGHT="80" CONTENT="wollten," WC="1.00" CC="03510000"/>
						<SP ID="P76_SP00181" HPOS="3176" VPOS="2584" WIDTH="50"/>
						<String ID="P76_ST00204" HPOS="3226" VPOS="2490" WIDTH="139" HEIGHT="70" CONTENT="und" WC="0.98" CC="400"/>
					</TextLine>
					<TextLine ID="P76_TL00024" HPOS="1081" VPOS="2584" WIDTH="2289" HEIGHT="81">
						<String ID="P76_ST00205" HPOS="1081" VPOS="2594" WIDTH="177" HEIGHT="71" CONTENT="dann" WC="1.00" CC="0000"/>
						<SP ID="P76_SP00182" HPOS="1258" VPOS="2665" WIDTH="47"/>
						<String ID="P76_ST00206" HPOS="1305" VPOS="2590" WIDTH="186" HEIGHT="74" CONTENT="sollte" WC="0.99" CC="005300"/>
						<SP ID="P76_SP00183" HPOS="1491" VPOS="2665" WIDTH="47"/>
						<String ID="P76_ST00207" HPOS="1538" VPOS="2622" WIDTH="66" HEIGHT="42" CONTENT="es" WC="1.00" CC="00"/>
						<SP ID="P76_SP00184" HPOS="1604" VPOS="2665" WIDTH="51"/>
						<String ID="P76_ST00208" HPOS="1655" VPOS="2589" WIDTH="270" HEIGHT="74" CONTENT="heißen:" WC="0.99" CC="0060004"/>
						<SP ID="P76_SP00185" HPOS="1925" VPOS="2665" WIDTH="50"/>
						<String ID="P76_ST00209" HPOS="1975" VPOS="2588" WIDTH="139" HEIGHT="72" CONTENT="Auf" WC="0.95" CC="066"/>
						<SP ID="P76_SP00186" HPOS="2114" VPOS="2665" WIDTH="45"/>
						<String ID="P76_ST00210" HPOS="2159" VPOS="2588" WIDTH="162" HEIGHT="72" CONTENT="nach" WC="1.00" CC="1000"/>
						<SP ID="P76_SP00187" HPOS="2321" VPOS="2665" WIDTH="47"/>
						<String ID="P76_ST00211" HPOS="2368" VPOS="2588" WIDTH="116" HEIGHT="71" CONTENT="der" WC="1.00" CC="000"/>
						<SP ID="P76_SP00188" HPOS="2484" VPOS="2665" WIDTH="44"/>
						<String ID="P76_ST00212" HPOS="2528" VPOS="2585" WIDTH="494" HEIGHT="74" CONTENT="Themsestadt!" WC="1.00" CC="000002030005"/>
						<SP ID="P76_SP00189" HPOS="3022" VPOS="2665" WIDTH="65"/>
						<String ID="P76_ST00213" HPOS="3087" VPOS="2584" WIDTH="111" HEIGHT="74" CONTENT="Sie" WC="0.97" CC="060"/>
						<SP ID="P76_SP00190" HPOS="3198" VPOS="2665" WIDTH="43"/>
						<String ID="P76_ST00214" HPOS="3241" VPOS="2611" WIDTH="129" HEIGHT="45" CONTENT="war" WC="1.00" CC="000"/>
					</TextLine>
					<TextLine ID="P76_TL00025" HPOS="1082" VPOS="2682" WIDTH="2285" HEIGHT="90">
						<String ID="P76_ST00215" HPOS="1082" VPOS="2691" WIDTH="124" HEIGHT="70" CONTENT="mir" WC="0.96" CC="064"/>
						<SP ID="P76_SP00191" HPOS="1206" VPOS="2761" WIDTH="37"/>
						<String ID="P76_ST00216" HPOS="1243" VPOS="2688" WIDTH="178" HEIGHT="71" CONTENT="nicht" WC="0.99" CC="07000"/>
						<SP ID="P76_SP00192" HPOS="1421" VPOS="2761" WIDTH="48"/>
						<String ID="P76_ST00217" HPOS="1469" VPOS="2687" WIDTH="193" HEIGHT="85" CONTENT="völlig" WC="0.99" CC="013630"/>
						<SP ID="P76_SP00193" HPOS="1662" VPOS="2772" WIDTH="42"/>
						<String ID="P76_ST00218" HPOS="1704" VPOS="2686" WIDTH="401" HEIGHT="80" CONTENT="unbekannt," WC="0.99" CC="5070000023"/>
						<SP ID="P76_SP00194" HPOS="2105" VPOS="2772" WIDTH="50"/>
						<String ID="P76_ST00219" HPOS="2155" VPOS="2686" WIDTH="151" HEIGHT="71" CONTENT="aber" WC="1.00" CC="0000"/>
						<SP ID="P76_SP00195" HPOS="2306" VPOS="2772" WIDTH="47"/>
						<String ID="P76_ST00220" HPOS="2353" VPOS="2686" WIDTH="92" HEIGHT="69" CONTENT="sie" WC="0.97" CC="070"/>
						<SP ID="P76_SP00196" HPOS="2445" VPOS="2772" WIDTH="49"/>
						<String ID="P76_ST00221" HPOS="2494" VPOS="2686" WIDTH="174" HEIGHT="69" CONTENT="hatte" WC="0.99" CC="70000"/>
						<SP ID="P76_SP00197" HPOS="2668" VPOS="2772" WIDTH="51"/>
						<String ID="P76_ST00222" HPOS="2719" VPOS="2684" WIDTH="123" HEIGHT="71" CONTENT="mir" WC="0.98" CC="060"/>
						<SP ID="P76_SP00198" HPOS="2842" VPOS="2772" WIDTH="50"/>
						<String ID="P76_ST00223" HPOS="2892" VPOS="2682" WIDTH="106" HEIGHT="72" CONTENT="bei" WC="0.95" CC="706"/>
						<SP ID="P76_SP00199" HPOS="2998" VPOS="2772" WIDTH="51"/>
						<String ID="P76_ST00224" HPOS="3049" VPOS="2683" WIDTH="131" HEIGHT="70" CONTENT="den" WC="1.00" CC="000"/>
						<SP ID="P76_SP00200" HPOS="3180" VPOS="2772" WIDTH="51"/>
						<String ID="P76_ST00225" HPOS="3231" VPOS="2682" WIDTH="136" HEIGHT="71" CONTENT="drei" WC="0.99" CC="0006"/>
					</TextLine>
					<TextLine ID="P76_TL00026" HPOS="1082" VPOS="2776" WIDTH="2287" HEIGHT="87">
						<String ID="P76_ST00226" HPOS="1082" VPOS="2783" WIDTH="240" HEIGHT="73" CONTENT="kurzen" WC="0.99" CC="061000"/>
						<SP ID="P76_SP00201" HPOS="1322" VPOS="2856" WIDTH="27"/>
						<String ID="P76_ST00227" HPOS="1349" VPOS="2781" WIDTH="361" HEIGHT="82" CONTENT="Besuchen," WC="0.99" CC="400507000"/>
						<SP ID="P76_SP00202" HPOS="1710" VPOS="2863" WIDTH="39"/>
						<String ID="P76_ST00228" HPOS="1749" VPOS="2782" WIDTH="106" HEIGHT="71" CONTENT="die" WC="0.98" CC="050"/>
						<SP ID="P76_SP00203" HPOS="1855" VPOS="2863" WIDTH="28"/>
						<String ID="P76_ST00229" HPOS="1883" VPOS="2782" WIDTH="107" HEIGHT="70" CONTENT="ich" WC="0.98" CC="500"/>
						<SP ID="P76_SP00204" HPOS="1990" VPOS="2863" WIDTH="25"/>
						<String ID="P76_ST00230" HPOS="2015" VPOS="2781" WIDTH="102" HEIGHT="71" CONTENT="ihr" WC="0.98" CC="600"/>
						<SP ID="P76_SP00205" HPOS="2117" VPOS="2863" WIDTH="38"/>
						<String ID="P76_ST00231" HPOS="2155" VPOS="2780" WIDTH="194" HEIGHT="81" CONTENT="1880," WC="0.72" CC="42140"/>
						<SP ID="P76_SP00206" HPOS="2349" VPOS="2863" WIDTH="50"/>
						<String ID="P76_ST00232" HPOS="2399" VPOS="2778" WIDTH="173" HEIGHT="71" CONTENT="1884" WC="0.71" CC="6004"/>
						<SP ID="P76_SP00207" HPOS="2572" VPOS="2863" WIDTH="26"/>
						<String ID="P76_ST00233" HPOS="2598" VPOS="2777" WIDTH="141" HEIGHT="72" CONTENT="und" WC="0.98" CC="410"/>
						<SP ID="P76_SP00208" HPOS="2739" VPOS="2863" WIDTH="37"/>
						<String ID="P76_ST00234" HPOS="2776" VPOS="2778" WIDTH="171" HEIGHT="70" CONTENT="1887" WC="0.74" CC="7020"/>
						<SP ID="P76_SP00209" HPOS="2947" VPOS="2863" WIDTH="37"/>
						<String ID="P76_ST00235" HPOS="2984" VPOS="2776" WIDTH="385" HEIGHT="86" CONTENT="abgestattet" WC="1.00" CC="07200000000"/>
					</TextLine>
					<TextLine ID="P76_TL00027" HPOS="1083" VPOS="2871" WIDTH="2286" HEIGHT="93">
						<String ID="P76_ST00236" HPOS="1083" VPOS="2880" WIDTH="200" HEIGHT="80" CONTENT="hatte," WC="0.99" CC="700003"/>
						<SP ID="P76_SP00210" HPOS="1283" VPOS="2960" WIDTH="34"/>
						<String ID="P76_ST00237" HPOS="1317" VPOS="2881" WIDTH="212" HEIGHT="83" CONTENT="wenig" WC="0.99" CC="00070"/>
						<SP ID="P76_SP00211" HPOS="1529" VPOS="2964" WIDTH="32"/>
						<String ID="P76_ST00238" HPOS="1561" VPOS="2876" WIDTH="513" HEIGHT="74" CONTENT="Anheimelndes" WC="1.00" CC="000000040000"/>
						<SP ID="P76_SP00212" HPOS="2074" VPOS="2964" WIDTH="37"/>
						<String ID="P76_ST00239" HPOS="2111" VPOS="2875" WIDTH="344" HEIGHT="81" CONTENT="offenbart," WC="0.99" CC="0670070602"/>
						<SP ID="P76_SP00213" HPOS="2455" VPOS="2964" WIDTH="37"/>
						<String ID="P76_ST00240" HPOS="2492" VPOS="2874" WIDTH="285" HEIGHT="86" CONTENT="dagegen" WC="1.00" CC="0000000"/>
						<SP ID="P76_SP00214" HPOS="2777" VPOS="2964" WIDTH="37"/>
						<String ID="P76_ST00241" HPOS="2814" VPOS="2874" WIDTH="174" HEIGHT="71" CONTENT="hatte" WC="0.99" CC="70000"/>
						<SP ID="P76_SP00215" HPOS="2988" VPOS="2964" WIDTH="48"/>
						<String ID="P76_ST00242" HPOS="3036" VPOS="2872" WIDTH="103" HEIGHT="71" CONTENT="ich" WC="0.97" CC="600"/>
						<SP ID="P76_SP00216" HPOS="3139" VPOS="2964" WIDTH="46"/>
						<String ID="P76_ST00243" HPOS="3185" VPOS="2871" WIDTH="154" HEIGHT="71" CONTENT="aller" SUBS_TYPE="HypPart1" SUBS_CONTENT="allerhand" WC="0.99" CC="02400"/>
						<HYP HPOS="3339" VPOS="2871" WIDTH="30" CONTENT="-"/>
					</TextLine>
					<TextLine ID="P76_TL00028" HPOS="1083" VPOS="2966" WIDTH="2286" HEIGHT="94">
						<String ID="P76_ST00244" HPOS="1083" VPOS="2975" WIDTH="177" HEIGHT="71" CONTENT="hand" SUBS_TYPE="HypPart2" SUBS_CONTENT="allerhand" WC="0.99" CC="0300"/>
						<SP ID="P76_SP00217" HPOS="1260" VPOS="3046" WIDTH="25"/>
						<String ID="P76_ST00245" HPOS="1285" VPOS="2974" WIDTH="442" HEIGHT="86" CONTENT="Ungünstiges" WC="1.00" CC="00000004000"/>
						<SP ID="P76_SP00218" HPOS="1727" VPOS="3060" WIDTH="27"/>
						<String ID="P76_ST00246" HPOS="1754" VPOS="2973" WIDTH="164" HEIGHT="72" CONTENT="über" WC="0.98" CC="0702"/>
						<SP ID="P76_SP00219" HPOS="1918" VPOS="3060" WIDTH="27"/>
						<String ID="P76_ST00247" HPOS="1945" VPOS="2971" WIDTH="190" HEIGHT="73" CONTENT="Land" WC="0.99" CC="5000"/>
						<SP ID="P76_SP00220" HPOS="2135" VPOS="3060" WIDTH="26"/>
						<String ID="P76_ST00248" HPOS="2161" VPOS="2971" WIDTH="140" HEIGHT="72" CONTENT="und" WC="0.98" CC="500"/>
						<SP ID="P76_SP00221" HPOS="2301" VPOS="3060" WIDTH="29"/>
						<String ID="P76_ST00249" HPOS="2330" VPOS="2970" WIDTH="207" HEIGHT="73" CONTENT="Leute" WC="1.00" CC="00000"/>
						<SP ID="P76_SP00222" HPOS="2537" VPOS="3060" WIDTH="27"/>
						<String ID="P76_ST00250" HPOS="2564" VPOS="2999" WIDTH="448" HEIGHT="42" CONTENT="vernommen." WC="1.00" CC="0000000034"/>
						<SP ID="P76_SP00223" HPOS="3012" VPOS="3060" WIDTH="47"/>
						<String ID="P76_ST00251" HPOS="3059" VPOS="2966" WIDTH="90" HEIGHT="73" CONTENT="So" WC="1.00" CC="00"/>
						<SP ID="P76_SP00224" HPOS="3149" VPOS="3060" WIDTH="28"/>
						<String ID="P76_ST00252" HPOS="3177" VPOS="2966" WIDTH="154" HEIGHT="71" CONTENT="über" SUBS_TYPE="HypPart1" SUBS_CONTENT="überschlich" WC="0.98" CC="0006"/>
						<HYP HPOS="3331" VPOS="2966" WIDTH="38" CONTENT="-"/>
					</TextLine>
					<TextLine ID="P76_TL00029" HPOS="1082" VPOS="3063" WIDTH="2287" HEIGHT="90">
						<String ID="P76_ST00253" HPOS="1082" VPOS="3069" WIDTH="244" HEIGHT="73" CONTENT="schlich" SUBS_TYPE="HypPart2" SUBS_CONTENT="überschlich" WC="0.98" CC="0071707"/>
						<SP ID="P76_SP00225" HPOS="1326" VPOS="3142" WIDTH="37"/>
						<String ID="P76_ST00254" HPOS="1363" VPOS="3070" WIDTH="176" HEIGHT="70" CONTENT="mich" WC="0.99" CC="0500"/>
						<SP ID="P76_SP00226" HPOS="1539" VPOS="3142" WIDTH="47"/>
						<String ID="P76_ST00255" HPOS="1586" VPOS="3069" WIDTH="175" HEIGHT="71" CONTENT="denn" WC="1.00" CC="0000"/>
						<SP ID="P76_SP00227" HPOS="1761" VPOS="3142" WIDTH="49"/>
						<String ID="P76_ST00256" HPOS="1810" VPOS="3067" WIDTH="309" HEIGHT="86" CONTENT="jedesmal" WC="1.00" CC="70000002"/>
						<SP ID="P76_SP00228" HPOS="2119" VPOS="3153" WIDTH="49"/>
						<String ID="P76_ST00257" HPOS="2168" VPOS="3068" WIDTH="106" HEIGHT="71" CONTENT="ein" WC="0.98" CC="060"/>
						<SP ID="P76_SP00229" HPOS="2274" VPOS="3153" WIDTH="49"/>
						<String ID="P76_ST00258" HPOS="2323" VPOS="3065" WIDTH="186" HEIGHT="71" CONTENT="leises" WC="0.99" CC="203000"/>
						<SP ID="P76_SP00230" HPOS="2509" VPOS="3153" WIDTH="47"/>
						<String ID="P76_ST00259" HPOS="2556" VPOS="3065" WIDTH="294" HEIGHT="80" CONTENT="Grauen," WC="0.99" CC="0405063"/>
						<SP ID="P76_SP00231" HPOS="2850" VPOS="3153" WIDTH="48"/>
						<String ID="P76_ST00260" HPOS="2898" VPOS="3095" WIDTH="192" HEIGHT="41" CONTENT="wenn" WC="1.00" CC="0002"/>
						<SP ID="P76_SP00232" HPOS="3090" VPOS="3153" WIDTH="48"/>
						<String ID="P76_ST00261" HPOS="3138" VPOS="3063" WIDTH="104" HEIGHT="70" CONTENT="ich" WC="0.97" CC="620"/>
						<SP ID="P76_SP00233" HPOS="3242" VPOS="3153" WIDTH="47"/>
						<String ID="P76_ST00262" HPOS="3289" VPOS="3091" WIDTH="80" HEIGHT="40" CONTENT="an" WC="0.67" CC="06"/>
					</TextLine>
					<TextLine ID="P76_TL00030" HPOS="1084" VPOS="3156" WIDTH="2288" HEIGHT="81">
						<String ID="P76_ST00263" HPOS="1084" VPOS="3167" WIDTH="126" HEIGHT="70" CONTENT="den" WC="1.00" CC="000"/>
						<SP ID="P76_SP00234" HPOS="1210" VPOS="3237" WIDTH="34"/>
						<String ID="P76_ST00264" HPOS="1244" VPOS="3163" WIDTH="560" HEIGHT="73" CONTENT="bevorstehenden" WC="1.00" CC="70000002000000"/>
						<SP ID="P76_SP00235" HPOS="1804" VPOS="3237" WIDTH="33"/>
						<String ID="P76_ST00265" HPOS="1837" VPOS="3161" WIDTH="299" HEIGHT="73" CONTENT="Wechsel" WC="1.00" CC="0030001"/>
						<SP ID="P76_SP00236" HPOS="2136" VPOS="3237" WIDTH="34"/>
						<String ID="P76_ST00266" HPOS="2170" VPOS="3192" WIDTH="151" HEIGHT="41" CONTENT="vom" WC="0.99" CC="030"/>
						<SP ID="P76_SP00237" HPOS="2321" VPOS="3237" WIDTH="42"/>
						<String ID="P76_ST00267" HPOS="2363" VPOS="3161" WIDTH="275" HEIGHT="71" CONTENT="traulich" WC="1.00" CC="00104200"/>
						<SP ID="P76_SP00238" HPOS="2638" VPOS="3237" WIDTH="49"/>
						<String ID="P76_ST00268" HPOS="2687" VPOS="3161" WIDTH="285" HEIGHT="69" CONTENT="heiteren" WC="0.99" CC="00600600"/>
						<SP ID="P76_SP00239" HPOS="2972" VPOS="3237" WIDTH="47"/>
						<String ID="P76_ST00269" HPOS="3019" VPOS="3156" WIDTH="238" HEIGHT="72" CONTENT="Zürich" WC="0.99" CC="000630"/>
						<SP ID="P76_SP00240" HPOS="3257" VPOS="3237" WIDTH="49"/>
						<String ID="P76_ST00270" HPOS="3306" VPOS="3157" WIDTH="66" HEIGHT="68" CONTENT="in" WC="0.75" CC="05"/>
					</TextLine>
					<TextLine ID="P76_TL00031" HPOS="1084" VPOS="3251" WIDTH="2288" HEIGHT="94">
						<String ID="P76_ST00271" HPOS="1084" VPOS="3260" WIDTH="113" HEIGHT="71" CONTENT="das" WC="1.00" CC="000"/>
						<SP ID="P76_SP00241" HPOS="1197" VPOS="3331" WIDTH="33"/>
						<String ID="P76_ST00272" HPOS="1230" VPOS="3258" WIDTH="406" HEIGHT="73" CONTENT="unheimlich" WC="1.00" CC="0000702500"/>
						<SP ID="P76_SP00242" HPOS="1636" VPOS="3331" WIDTH="25"/>
						<String ID="P76_ST00273" HPOS="1661" VPOS="3257" WIDTH="221" HEIGHT="88" CONTENT="große," WC="1.00" CC="000002"/>
						<SP ID="P76_SP00243" HPOS="1882" VPOS="3345" WIDTH="37"/>
						<String ID="P76_ST00274" HPOS="1919" VPOS="3258" WIDTH="260" HEIGHT="72" CONTENT="düstere" WC="1.00" CC="0000000"/>
						<SP ID="P76_SP00244" HPOS="2179" VPOS="3345" WIDTH="28"/>
						<String ID="P76_ST00275" HPOS="2207" VPOS="3256" WIDTH="282" HEIGHT="71" CONTENT="London" WC="1.00" CC="000000"/>
						<SP ID="P76_SP00245" HPOS="2489" VPOS="3345" WIDTH="28"/>
						<String ID="P76_ST00276" HPOS="2517" VPOS="3255" WIDTH="253" HEIGHT="71" CONTENT="dachte." WC="1.00" CC="0000003"/>
						<SP ID="P76_SP00246" HPOS="2770" VPOS="3345" WIDTH="57"/>
						<String ID="P76_ST00277" HPOS="2827" VPOS="3251" WIDTH="405" HEIGHT="73" CONTENT="Undenkbar" WC="0.99" CC="000060706"/>
						<SP ID="P76_SP00247" HPOS="3232" VPOS="3345" WIDTH="27"/>
						<String ID="P76_ST00278" HPOS="3259" VPOS="3277" WIDTH="113" HEIGHT="46" CONTENT="vor" WC="0.98" CC="004"/>
					</TextLine>
					<TextLine ID="P76_TL00032" HPOS="1086" VPOS="3345" WIDTH="2287" HEIGHT="91">
						<String ID="P76_ST00279" HPOS="1086" VPOS="3355" WIDTH="189" HEIGHT="72" CONTENT="allem" WC="0.99" CC="04000"/>
						<SP ID="P76_SP00248" HPOS="1275" VPOS="3427" WIDTH="34"/>
						<String ID="P76_ST00280" HPOS="1309" VPOS="3384" WIDTH="128" HEIGHT="43" CONTENT="war" WC="0.98" CC="004"/>
						<SP ID="P76_SP00249" HPOS="1437" VPOS="3427" WIDTH="36"/>
						<String ID="P76_ST00281" HPOS="1473" VPOS="3359" WIDTH="145" HEIGHT="77" CONTENT="mir," WC="0.98" CC="0602"/>
						<SP ID="P76_SP00250" HPOS="1618" VPOS="3436" WIDTH="37"/>
						<String ID="P76_ST00282" HPOS="1655" VPOS="3352" WIDTH="128" HEIGHT="73" CONTENT="daß" WC="1.00" CC="000"/>
						<SP ID="P76_SP00251" HPOS="1783" VPOS="3436" WIDTH="35"/>
						<String ID="P76_ST00283" HPOS="1818" VPOS="3354" WIDTH="105" HEIGHT="72" CONTENT="ich" WC="0.95" CC="607"/>
						<SP ID="P76_SP00252" HPOS="1923" VPOS="3436" WIDTH="36"/>
						<String ID="P76_ST00284" HPOS="1959" VPOS="3355" WIDTH="172" HEIGHT="70" CONTENT="mich" WC="0.98" CC="0620"/>
						<SP ID="P76_SP00253" HPOS="2131" VPOS="3436" WIDTH="38"/>
						<String ID="P76_ST00285" HPOS="2169" VPOS="3352" WIDTH="169" HEIGHT="70" CONTENT="noch" WC="0.98" CC="3300"/>
						<SP ID="P76_SP00254" HPOS="2338" VPOS="3436" WIDTH="34"/>
						<String ID="P76_ST00286" HPOS="2372" VPOS="3351" WIDTH="236" HEIGHT="73" CONTENT="einmal" WC="0.99" CC="227001"/>
						<SP ID="P76_SP00255" HPOS="2608" VPOS="3436" WIDTH="35"/>
						<String ID="P76_ST00287" HPOS="2643" VPOS="3383" WIDTH="82" HEIGHT="39" CONTENT="an" WC="1.00" CC="00"/>
						<SP ID="P76_SP00256" HPOS="2725" VPOS="3436" WIDTH="36"/>
						<String ID="P76_ST00288" HPOS="2761" VPOS="3380" WIDTH="213" HEIGHT="41" CONTENT="einem" WC="1.00" CC="03000"/>
						<SP ID="P76_SP00257" HPOS="2974" VPOS="3436" WIDTH="28"/>
						<String ID="P76_ST00289" HPOS="3002" VPOS="3347" WIDTH="122" HEIGHT="73" CONTENT="Ort" WC="1.00" CC="000"/>
						<SP ID="P76_SP00258" HPOS="3124" VPOS="3436" WIDTH="27"/>
						<String ID="P76_ST00290" HPOS="3151" VPOS="3345" WIDTH="222" HEIGHT="75" CONTENT="würde" WC="1.00" CC="00000"/>
					</TextLine>
					<TextLine ID="P76_TL00033" HPOS="1087" VPOS="3441" WIDTH="2285" HEIGHT="90">
						<String ID="P76_ST00291" HPOS="1087" VPOS="3450" WIDTH="400" HEIGHT="71" CONTENT="wohlfühlen" WC="1.00" CC="0200600100"/>
						<SP ID="P76_SP00259" HPOS="1487" VPOS="3521" WIDTH="36"/>
						<String ID="P76_ST00292" HPOS="1523" VPOS="3449" WIDTH="280" HEIGHT="82" CONTENT="können," WC="1.00" CC="0300000"/>
						<SP ID="P76_SP00260" HPOS="1803" VPOS="3531" WIDTH="37"/>
						<String ID="P76_ST00293" HPOS="1840" VPOS="3448" WIDTH="116" HEIGHT="72" CONTENT="der" WC="0.98" CC="005"/>
						<SP ID="P76_SP00261" HPOS="1956" VPOS="3531" WIDTH="34"/>
						<String ID="P76_ST00294" HPOS="1990" VPOS="3449" WIDTH="154" HEIGHT="71" CONTENT="dem" WC="1.00" CC="000"/>
						<SP ID="P76_SP00262" HPOS="2144" VPOS="3531" WIDTH="33"/>
						<String ID="P76_ST00295" HPOS="2177" VPOS="3448" WIDTH="359" HEIGHT="71" CONTENT="Bewohner" WC="1.00" CC="00000000"/>
						<SP ID="P76_SP00263" HPOS="2536" VPOS="3531" WIDTH="27"/>
						<String ID="P76_ST00296" HPOS="2563" VPOS="3446" WIDTH="148" HEIGHT="73" CONTENT="kein" WC="0.99" CC="0050"/>
						<SP ID="P76_SP00264" HPOS="2711" VPOS="3531" WIDTH="27"/>
						<String ID="P76_ST00297" HPOS="2738" VPOS="3444" WIDTH="354" HEIGHT="72" CONTENT="fließendes" WC="1.00" CC="0070000000"/>
						<SP ID="P76_SP00265" HPOS="3092" VPOS="3531" WIDTH="27"/>
						<String ID="P76_ST00298" HPOS="3119" VPOS="3441" WIDTH="253" HEIGHT="73" CONTENT="Wasser" WC="1.00" CC="000000"/>
					</TextLine>
					<TextLine ID="P76_TL00034" HPOS="1089" VPOS="3540" WIDTH="2284" HEIGHT="87">
						<String ID="P76_ST00299" HPOS="1089" VPOS="3547" WIDTH="134" HEIGHT="80" CONTENT="bot," WC="0.97" CC="7303"/>
						<SP ID="P76_SP00266" HPOS="1223" VPOS="3627" WIDTH="38"/>
						<String ID="P76_ST00300" HPOS="1261" VPOS="3547" WIDTH="136" HEIGHT="71" CONTENT="sich" WC="0.97" CC="0607"/>
						<SP ID="P76_SP00267" HPOS="1397" VPOS="3627" WIDTH="33"/>
						<String ID="P76_ST00301" HPOS="1430" VPOS="3544" WIDTH="113" HEIGHT="73" CONTENT="auf" WC="0.96" CC="055"/>
						<SP ID="P76_SP00268" HPOS="1543" VPOS="3627" WIDTH="33"/>
						<String ID="P76_ST00302" HPOS="1576" VPOS="3544" WIDTH="137" HEIGHT="73" CONTENT="und" WC="0.99" CC="020"/>
						<SP ID="P76_SP00269" HPOS="1713" VPOS="3627" WIDTH="36"/>
						<String ID="P76_ST00303" HPOS="1749" VPOS="3547" WIDTH="68" HEIGHT="70" CONTENT="in" WC="0.55" CC="62"/>
						<SP ID="P76_SP00270" HPOS="1817" VPOS="3627" WIDTH="34"/>
						<String ID="P76_ST00304" HPOS="1851" VPOS="3545" WIDTH="138" HEIGHT="70" CONTENT="ihm" WC="1.00" CC="000"/>
						<SP ID="P76_SP00271" HPOS="1989" VPOS="3627" WIDTH="34"/>
						<String ID="P76_ST00305" HPOS="2023" VPOS="3575" WIDTH="81" HEIGHT="39" CONTENT="zu" WC="1.00" CC="00"/>
						<SP ID="P76_SP00272" HPOS="2104" VPOS="3627" WIDTH="33"/>
						<String ID="P76_ST00306" HPOS="2137" VPOS="3542" WIDTH="344" HEIGHT="72" CONTENT="tummeln." WC="1.00" CC="00000403"/>
						<SP ID="P76_SP00273" HPOS="2481" VPOS="3627" WIDTH="54"/>
						<String ID="P76_ST00307" HPOS="2535" VPOS="3542" WIDTH="160" HEIGHT="71" CONTENT="Und" WC="1.00" CC="000"/>
						<SP ID="P76_SP00274" HPOS="2695" VPOS="3627" WIDTH="31"/>
						<String ID="P76_ST00308" HPOS="2726" VPOS="3540" WIDTH="322" HEIGHT="73" CONTENT="trotzdem" WC="1.00" CC="00000000"/>
						<SP ID="P76_SP00275" HPOS="3048" VPOS="3627" WIDTH="37"/>
						<String ID="P76_ST00309" HPOS="3085" VPOS="3542" WIDTH="82" HEIGHT="69" CONTENT="ist" WC="0.96" CC="603"/>
						<SP ID="P76_SP00276" HPOS="3167" VPOS="3627" WIDTH="33"/>
						<String ID="P76_ST00310" HPOS="3200" VPOS="3567" WIDTH="66" HEIGHT="41" CONTENT="es" WC="1.00" CC="00"/>
						<SP ID="P76_SP00277" HPOS="3266" VPOS="3627" WIDTH="37"/>
						<String ID="P76_ST00311" HPOS="3303" VPOS="3564" WIDTH="70" HEIGHT="42" CONTENT="so" WC="0.64" CC="07"/>
					</TextLine>
					<TextLine ID="P76_TL00035" HPOS="1088" VPOS="3642" WIDTH="409" HEIGHT="85">
						<String ID="P76_ST00312" HPOS="1088" VPOS="3642" WIDTH="409" HEIGHT="85" CONTENT="gekommen." WC="1.00" CC="000300003"/>
					</TextLine>
				</TextBlock>
			</PrintSpace>
		</Page>
	</Layout>
</alto>
