3641 4572
1053 364 114 59 250

1485 373 138 52 Max
1644 373 151 51 Brod
1832 391 20 21 *
1888 370 109 54 Die
2026 378 131 46 erste
2187 372 207 53 Stunde
2424 373 139 52 nach
2590 373 119 53 dem
2740 373 144 53 Tode

1052 571 249 74 Pfeifen
1328 575 137 70 und
1494 572 313 74 Knistern
1842 577 139 78 mit,
2009 576 90 71 als
2128 575 207 72 lösten
2364 576 136 70 sich
2527 575 325 86 irgendwo
2888 579 67 67 in
2984 577 116 72 der
3129 577 202 74 Ferne

1052 668 106 69 die
1178 666 222 88 Fugen
1419 669 113 71 des
1550 669 252 72 uralten
1823 668 305 73 Gesteins
2155 669 138 71 und
2320 671 352 72 bereiteten
2698 671 136 70 sich
2855 699 133 52 vor,
3012 675 66 68 in
3115 671 216 74 feinen

1054 760 457 75 Staubbächen
1546 763 534 72 herabzurieseln.
2134 764 153 80 „Sie
2321 764 455 72 erbärmlicher
2801 765 283 82 Wicht“,
3123 769 208 70 schrie

1054 858 344 84 gleichsam
1446 859 106 70 die
1600 889 198 55 ganze
1844 858 320 72 sichtbare
2199 858 211 72 Natur
2457 864 67 68 in
2571 861 172 71 ihrer
2777 859 379 89 Empörung
3196 862 134 72 auf.

1055 952 135 79 „Ist
1237 984 64 39 es
1341 952 143 71 Ihre
1520 952 228 81 Sache,
1786 952 164 72 Gott
1987 958 98 68 ins
2123 953 370 73 Handwerk
2538 986 80 40 zu
2665 956 341 86 pfuschen,
3054 957 138 71 und
3225 958 105 72 die

1052 1045 65 71 T
1120 1046 172 85 ragik
1337 1050 208 70 seines
1581 1047 260 73 Werkes
1891 1049 384 86 gönnerhaft
2322 1050 254 86 besorgt
2625 1082 80 39 zu
2752 1054 424 83 protegieren,
3225 1051 103 73 für

1052 1141 105 70 die
1191 1140 317 74 vielleicht
1543 1173 212 56 genug
1798 1145 140 70 und
1972 1144 183 71 mehr
2202 1144 87 72 als
2326 1176 212 54 genug
2584 1146 358 84 geschehen
2992 1149 100 77 ist,
3142 1178 188 39 wenn

1052 1263 68 42 er
1146 1237 216 69 solche
1390 1237 366 72 schädliche
1775 1237 300 72 Würmer
2100 1270 118 40 wie
2239 1238 106 72 Sie
2371 1242 67 67 in
2466 1244 209 67 seiner
2701 1239 432 72 unendlichen
3154 1239 177 74 Güte

1054 1331 362 86 überhaupt
1451 1361 123 42 nur
1607 1336 562 69 weiterexistieren
2203 1332 152 82 läßt,
2394 1355 151 50 statt
2581 1338 91 67 sie
2707 1366 80 39 zu
2824 1337 395 84 vertilgen?“

1051 1426 113 71 Bei
1193 1426 223 72 diesen
1442 1427 268 72 Worten
1739 1430 127 83 bog
1893 1428 136 71 sich
2056 1428 111 73 das
2199 1428 327 85 Gespenst
2555 1460 160 55 ganz
2742 1431 260 80 zurück,
3031 1431 88 71 als
3147 1431 183 71 wolle

1051 1550 65 40 es
1153 1521 188 70 einen
1374 1521 241 71 Anlauf
1661 1524 299 80 nehmen,
2009 1554 115 41 um
2157 1522 112 73 das
2307 1524 410 72 Menschlein
2766 1525 251 71 einfach
3067 1529 116 66 mit
3219 1526 112 71 der

1051 1614 240 73 Wucht
1337 1648 206 39 seines
1581 1616 232 74 Leibes
1859 1618 538 72 niederzustoßen
2443 1620 140 70 und
2616 1620 171 70 dann
2835 1652 81 38 zu
2950 1620 380 72 erdrücken.

1052 1709 228 71 Durch
1324 1710 175 73 diese
1536 1712 242 85 heftige
1813 1712 367 87 Bewegung
2212 1713 154 71 aber
2400 1714 175 71 hatte
2609 1746 66 39 es
2722 1714 138 71 sich
2894 1715 434 71 unversehens

1050 1836 112 39 aus
1190 1804 152 73 dem
1370 1806 274 83 Parkett,
1681 1809 67 69 in
1775 1807 150 72 dem
1960 1840 64 39 es
2054 1808 167 71 noch
2249 1811 232 68 immer
2508 1811 98 69 bis
2636 1841 150 39 zum
2816 1808 172 74 Knie
3013 1809 317 88 gefangen

1052 1901 207 81 stand,
1290 1899 115 74 frei
1433 1902 318 85 gemacht.
1780 1901 85 72 Es
1894 1905 162 83 stieg
2081 1934 137 40 nun
2245 1902 290 72 vollends
2562 1933 244 57 empor,
2837 1906 458 71 erstaunlicher-

1051 1997 192 70 weise
1275 1996 231 85 jedoch
1543 1997 156 70 hielt
1733 2028 66 39 es
1836 1999 116 69 mit
1987 1997 208 73 dieser
2222 1997 366 88 Bewegung
2622 2000 180 70 nicht
2837 2002 125 79 ein,
2998 2000 89 72 als
3124 2030 66 42 es
3224 2001 106 71 die

1052 2089 220 71 Ebene
1306 2090 112 71 des
1447 2089 395 73 Fußbodens
1877 2110 191 54 unter
2101 2093 126 71 den
2256 2093 242 71 Sohlen
2535 2094 195 80 hatte,
2769 2094 282 72 sondern
3086 2126 122 40 wie
3241 2098 87 67 im

1052 2183 328 87 Schwung
1413 2187 205 71 seines
1653 2185 366 73 Ausholens
2054 2188 200 70 erhob
2289 2218 66 41 es
2392 2188 137 71 sich
2565 2190 217 70 weiter
2828 2189 138 71 und
3009 2189 150 71 fuhr
3194 2221 134 39 nun

1052 2278 117 72 frei
1206 2310 66 39 m
1309 2279 104 74 die
1450 2280 160 73 Luft
1646 2310 243 57 empor,
1926 2282 169 71 doch
2134 2284 177 70 nicht
2345 2284 369 84 geradeaus,
2762 2284 282 73 sondern
3078 2286 249 85 schräg,

1050 2372 90 71 als
1176 2373 293 73 schwebe
1502 2406 67 40 es
1607 2406 140 41 eine
1780 2377 415 71 unsichtbare
2227 2376 264 86 Treppe
2526 2377 246 71 hinauf.
2843 2378 73 71 In
2968 2381 208 70 dieser
3208 2378 80 71 Be-

1049 2499 275 56 wegung
1360 2468 142 72 kam
1539 2501 65 40 es
1651 2501 119 40 wie
1816 2472 66 69 in
1919 2474 209 68 einem
2164 2474 237 85 eisigen
2438 2472 283 85 Luftzug
2755 2474 178 71 dicht
2980 2505 104 40 am
3120 2474 208 71 Baron

1050 2564 244 80 vorbei,
1332 2595 71 41 so
1438 2562 126 72 daß
1600 2597 67 39 es
1705 2566 113 70 ihn
1853 2566 135 70 also
2023 2566 236 73 wieder
2292 2566 270 71 verfehlt
2602 2569 194 71 hatte.
2853 2568 247 80 „Wehe
3135 2573 191 76 mir“,

1049 2659 208 70 schrie
1284 2689 63 40 es
1383 2678 153 66 jetzt
1563 2679 118 52 mit
1709 2660 813 85 kläglich-schneidendem
2551 2661 187 82 Laut,
2777 2664 219 70 indem
3025 2696 67 39 es
3120 2663 170 86 plötz-

1049 2752 128 71 lich
1212 2773 160 52 etwa
1407 2755 66 69 in
1510 2754 219 71 halber
1766 2755 189 72 Höhe
1991 2755 110 73 des
2140 2757 316 71 Zimmers
2493 2757 262 72 emhielt
2790 2759 137 70 und
2962 2759 124 70 fast
3121 2758 165 72 unbe-

1049 2847 287 85 weglich,
1411 2876 119 43 nur
1597 2851 118 71 mit
1783 2848 299 73 leichtem
2142 2851 460 87 Pendelschlag
2668 2852 418 86 schwingend
3134 2853 193 71 blieb.

1052 2942 272 80 „Meine
1358 2943 254 72 Sünde!
1663 2943 226 74 Meine
1925 2945 298 71 Sünde!“

1144 3037 136 73 Der
1328 3037 210 73 Baron
1588 3068 129 42 war
1774 3040 277 71 zitternd
2108 3042 65 69 in
2225 3041 104 70 die
2381 3041 171 71 Knie
2601 3055 302 71 gestürzt,
2956 3045 65 69 in
3072 3045 252 69 weitem

1047 3131 219 88 Bogen
1319 3134 220 71 entfiel
1591 3134 103 72 die
1741 3134 211 72 Waffe
1997 3163 206 43 seiner
2250 3135 196 71 Hand
2504 3136 136 72 und
2686 3136 216 73 klirrte
2951 3169 81 40 zu
3078 3138 246 71 Boden.

1049 3227 199 72 Nicht
1292 3260 73 39 so
1409 3230 148 70 sehr
1590 3230 104 70 die
1729 3229 177 73 Rede
1939 3230 112 72 des
2087 3229 254 74 Geistes
2376 3232 90 71 als
2501 3233 114 70 der
2650 3232 367 72 furchtbare
3050 3232 277 72 Anblick

1049 3323 110 70 des
1207 3326 65 67 in
1319 3323 113 71 der
1468 3323 157 71 Luft
1659 3326 119 71 wie
1823 3356 80 40 an
1950 3328 210 69 einem
2197 3323 249 89 Galgen
2494 3327 381 85 hängenden
2912 3328 254 80 Leibes,
3215 3328 112 71 der

1047 3449 80 38 an
1151 3415 517 90 Gespenstigkeit
1694 3420 79 70 all
1798 3420 112 71 das
1938 3420 497 87 Merkwürdige,
2470 3453 127 40 was
2630 3450 68 42 er
2730 3454 81 39 an
2846 3425 243 70 diesem
3125 3422 160 73 denk-

1046 3512 330 85 würdigen
1400 3512 237 73 Abend
1666 3515 231 71 bereits
1929 3515 202 71 erlebt
2157 3516 193 80 hatte,
2378 3519 146 68 weit
2560 3517 296 80 überbot,
2882 3519 159 70 warf
3065 3519 112 70 ihn
3211 3548 112 41 aus

1047 3636 207 41 seiner
1287 3609 298 70 mühsam
1620 3610 432 71 erkünstelten
2091 3609 308 88 Fassung.
2448 3610 158 73 Nun
2641 3613 266 71 rührten
2942 3614 104 70 die
3082 3614 202 70 beben-

1047 3703 126 68 den
1209 3702 219 72 Worte
1461 3735 126 39 von
1621 3704 191 80 oben,
1849 3705 104 70 die
1986 3708 119 69 wie
2138 3705 418 72 unmittelbar
2588 3738 113 40 aus
2738 3709 209 70 einem
2983 3708 339 85 gequälten

1047 3796 254 72 Herzen
1350 3798 534 85 hervorgestoßen
1933 3801 323 80 schienen,
2305 3832 78 40 an
2432 3803 185 69 einen
2654 3802 178 71 Nerv
2879 3806 205 67 seiner
3120 3801 202 80 Seele,

1046 3892 114 70 der
1183 3893 201 70 schon
1412 3892 183 86 lange
1628 3895 198 80 nicht,
1863 3895 317 71 vielleicht
2213 3915 118 52 seit
2366 3926 218 41 seinen
2612 3916 208 52 ersten
2849 3897 473 85 Kinderjahren
