3269 4572
871 397 225 53 Eduard
1121 399 286 55 Bernstein
1445 421 20 24 ♦
1507 404 192 52 Völker
1719 423 65 35 zu
1813 408 185 52 Hause

2433 415 96 58 271

311 607 174 72 diese
514 600 389 72 inzwischen
929 600 182 72 ihren
1138 633 199 54 gegen
1362 635 229 44 unsere
1609 607 200 74 Partei
1830 612 383 84 gerichteten
2232 614 274 87 Spionen-

311 703 209 71 dienst
538 712 315 55 erweitert
872 694 192 72 hatte.
1084 696 135 71 Wir
1234 727 208 43 waren
1460 701 198 73 schon
1676 703 283 75 mehrere
1973 705 175 88 Tage
2164 739 86 39 im
2269 710 276 74 schönen

311 788 658 86 Versammlungssaal
989 789 110 71 des
1117 790 493 78 Vereinshauses
1629 798 112 71 der
1759 798 344 75 dänischen
2122 802 386 75 Sozialdemo-

312 888 194 71 kratie
541 886 172 68 beim
748 882 499 87 Kongreßwerk,
1282 886 89 73 als
1398 887 104 73 die
1526 889 291 87 Agenten
1841 892 114 72 der
1981 894 374 86 politischen
2383 898 130 73 Poli-

315 983 92 71 zei
450 981 114 70 des
614 977 216 72 Herrn
877 1007 126 42 von
1054 978 448 85 Puttkammer,
1553 985 112 71 der
1709 988 113 70 der
1865 986 535 86 Spezialminister
2447 993 100 70 für

312 1077 111 71 das
461 1072 586 85 Ausnahmegesetz
1097 1076 339 83 geworden
1477 1107 147 53 war,
1677 1081 162 70 noch
1872 1112 78 40 an
1985 1084 111 70 der
2131 1084 251 73 Grenze
2413 1087 134 72 und

313 1174 68 68 in
424 1165 416 75 Ortschaften
884 1166 114 73 der
1040 1166 287 74 Schweiz
1369 1171 125 71 den
1536 1171 618 92 Versammlungsort
2192 1179 110 72 des
2345 1181 201 70 durch

312 1263 617 86 Bekanntmachung
957 1265 89 69 im
1083 1261 622 84 „Sozialdemokrat“
1746 1270 453 74 einberufenen
2226 1273 280 88 Kongres-

312 1392 99 40 ses
461 1355 434 87 aufzuspüren
946 1357 292 73 suchten.
1294 1358 172 74 Aber
1515 1362 104 71 die
1665 1362 533 90 Verhandlungen
2248 1368 298 73 dauerten

312 1451 267 75 diesmal
627 1451 123 72 fast
785 1455 142 67 eine
952 1452 260 83 Woche,
1263 1455 136 71 und
1431 1485 71 41 so
1529 1456 180 86 lange
1742 1456 127 73 ließ
1902 1460 132 71 sich
2067 1461 68 71 in
2157 1460 389 73 Dänemarks

315 1546 393 86 Hauptstadt
749 1546 104 70 die
886 1545 296 87 Tagung,
1232 1579 81 39 an
1357 1548 112 72 der
1519 1582 68 39 so
1637 1550 311 73 bekannte
1981 1552 566 75 Persönlichkeiten

315 1641 415 79 teilnahmen,
768 1641 177 70 nicht
971 1641 487 85 geheimhalten.
1492 1642 126 72 Am
1649 1644 272 89 Morgen
1954 1648 158 69 nach
2138 1649 146 71 dem
2310 1651 237 70 vierten

321 1735 452 87 Kongreßtage
814 1735 305 73 erhielten
1163 1736 103 73 die
1308 1740 269 70 meisten
1619 1769 124 41 von
1784 1771 122 42 uns
1940 1744 68 69 in
2041 1771 270 43 unseren
2344 1743 163 84 Quar-

317 1834 198 68 tieren
550 1829 129 71 den
707 1829 251 71 Besuch
992 1830 113 72 der
1138 1830 345 73 dänischen
1510 1832 249 82 Polizei,
1794 1834 103 71 die
1921 1865 125 42 von
2071 1834 147 73 dem
2246 1837 303 86 Kongreß

315 1924 196 73 Wind
546 1924 285 73 erhalten
866 1924 192 72 hatte.

411 2020 207 71 Dabei
652 2018 176 73 ward
862 2022 121 69 mir
1017 2022 141 70 eine
1192 2020 145 71 sehr
1369 2022 416 71 unverdiente
1816 2022 263 88 Ehrung
2109 2023 206 82 zuteil,
2350 2025 200 71 durch

316 2114 198 72 deren
541 2112 379 87 Mitteilung
951 2144 84 41 an
1068 2112 205 73 dieser
1299 2112 194 75 Stelle
1527 2116 101 70 ich
1665 2116 315 71 nunmehr
2013 2120 170 67 mein
2208 2117 342 73 schlechtes

321 2206 342 74 Gewissen
698 2208 376 72 erleichtern
1113 2209 276 72 möchte.

415 2303 109 71 Ich
570 2303 195 81 hatte,
811 2333 113 41 um
967 2304 169 71 ohne
1177 2303 410 86 allzugroßen
1637 2304 269 86 Umweg
1947 2335 125 42 von
2115 2303 230 74 Zürich
2397 2305 155 72 nach

321 2397 443 87 Kopenhagen
791 2429 81 40 zu
899 2398 330 85 gelangen,
1266 2398 442 71 Deutschland
1728 2430 126 41 von
1873 2398 217 73 Süden
2114 2399 159 72 nach
2292 2398 260 73 Norden

318 2492 449 86 durchqueren
786 2506 284 58 müssen.
1102 2492 104 71 Da
1224 2493 102 71 ich
1345 2492 411 72 mittlerweile
1773 2492 354 71 Redakteur
2143 2493 112 73 des
2277 2492 241 81 „Sozial-

320 2586 374 72 demokrat“
739 2587 340 85 geworden
1112 2614 147 53 war,
1296 2586 237 72 konnte
1564 2589 209 69 meine
1804 2585 395 87 Verhaftung
2230 2586 110 71 auf
2369 2586 147 71 deut-

320 2680 218 72 schem
574 2680 226 74 Boden
845 2681 178 71 nicht
1065 2679 155 72 bloß
1265 2684 120 68 mir
1427 2680 215 81 selbst,
1690 2681 274 71 sondern
2008 2680 158 71 auch
2209 2680 111 71 der
2352 2679 199 72 Partei

320 2803 144 57 arge
496 2777 733 71 Unannehmlichkeiten
1265 2775 301 80 bereiten,
1600 2775 137 71 und
1771 2805 71 41 so
1875 2774 171 71 hatte
2077 2774 101 72 ich
2215 2774 203 72 neben
2442 2803 75 41 an-

320 2869 156 71 dern
511 2869 705 87 Vorsichtsmaßregeln
1265 2871 161 69 auch
1470 2869 103 71 die
1620 2868 333 90 getroffen,
1996 2868 168 71 mich
2199 2869 115 69 mit
2347 2869 207 69 einem

321 2962 284 74 falschen
636 2966 133 71 Paß
802 2996 80 41 zu
917 2966 327 72 versehen.
1282 2963 73 71 In
1383 2962 438 88 Kopenhagen
1858 2992 129 41 nun
2021 2961 252 72 wohnte
2305 2961 100 71 ich
2438 2962 116 69 mit

321 3056 194 85 Auer,
566 3059 480 88 Grillenberger
1078 3061 137 71 und
1251 3059 163 72 noch
1454 3085 129 45 vier
1615 3057 240 71 andern
1889 3055 333 73 Genossen
2256 3057 65 69 in
2347 3057 207 69 einem

322 3151 470 75 bescheidenen
819 3154 321 72 Gasthaus
1176 3155 66 70 in
1267 3152 112 73 der
1402 3151 341 73 Vesterbro
1770 3149 203 81 Gade,
2008 3150 226 70 dessen
2258 3147 160 73 Wirt
2443 3149 112 71 der

325 3245 606 78 Sozialdemokratie
948 3250 364 87 angehörte.
1338 3246 135 73 Wir
1492 3245 301 74 schliefen
1812 3272 260 44 unserer
2090 3243 213 72 sieben
2322 3244 64 70 in
2405 3244 150 70 zwei

323 3342 718 89 ineinandergehenden
1083 3342 347 81 Zimmern,
1491 3342 129 70 vier
1666 3342 66 68 in
1775 3339 147 73 dem
1971 3356 207 53 ersten
2226 3335 135 71 und
2402 3335 152 80 drei,

325 3436 305 75 darunter
658 3440 127 82 ich,
821 3441 91 70 im
939 3441 266 71 zweiten
1230 3436 300 73 Zimmer.
1563 3433 124 73 Am
1715 3433 273 85 Morgen
2014 3433 110 71 des
2151 3431 370 85 verhängnis-

329 3531 210 72 vollen
574 3532 214 89 Tages
826 3565 135 41 nun
989 3533 175 73 ward
1196 3532 103 71 ich
1333 3530 202 72 durch
1560 3527 252 74 Pochen
1845 3558 80 40 an
1958 3527 112 70 der
2095 3526 323 85 Haupttür
2448 3554 108 39 aus

331 3624 149 72 dem
501 3625 223 74 Schlaf
749 3629 279 86 geweckt
1054 3627 137 72 und
1215 3654 127 45 war
1367 3624 148 72 bald
1540 3622 220 72 darauf
1776 3620 417 85 Ohrenzeuge
2222 3617 334 85 folgenden

326 3715 395 90 Gesprächs:

417 3814 795 76 Polizeikommissar
1275 3829 108 70 (am
1435 3843 171 44 ersten
1648 3827 168 76 Bett):
1884 3809 182 81 „Wie
2128 3804 183 74 heiße
2366 3804 189 71 Sie?“

326 3906 244 78 Auer:
622 3913 237 84 „Ignaz
892 3913 243 71 Auer“.
1181 3907 814 74 Polizeikommissar:
2034 3901 224 82 „Habe
2292 3898 103 72 Sie
2427 3897 128 71 sich
