3621 4572
1518 404 142 53 Max
1861 404 28 52 Brod
1890 425 123 20 ♦
2285 402 112 53 Die
2067 407 132 48 erste
2225 399 214 55 Stunde
2464 399 142 52 nach
2632 399 118 53 dem
2783 398 144 53 Tode

1071 404 114 59 228

1169 608 481 84 „Gewohnheit
1676 608 82 70 ist
1785 604 170 74 noch
1982 604 180 73 nicht
2184 602 510 73 Zufriedenheit.
2731 602 194 86 Sagte
2951 598 104 72 ich
3083 630 66 40 es
3178 598 179 73 nicht

1071 707 203 71 schon
1307 704 280 74 vorhin?
1637 703 138 73 Der
1810 701 281 73 Mensch
2133 699 300 88 gewöhnt
2467 698 138 71 sich
2638 697 167 72 auch
2840 696 172 72 ohne
3046 693 146 88 jede
3225 694 88 71 Zu-

1071 800 387 75 friedenheit
1504 830 84 41 an
1634 798 114 72 das
1786 796 480 81 Furchtbarste,
2316 793 143 74 weil
2505 793 138 71 ihm
2679 792 185 72 keine
2896 791 241 71 andere
3169 790 187 72 Wahl

1072 896 224 73 bleibt.
1343 894 137 72 Wir
1524 894 214 71 haben
1781 923 124 42 uns
1940 894 59 85 ja
2034 920 184 59 sogar
2248 922 84 40 an
2368 890 128 71 den
2529 887 155 73 Tod
2716 886 325 88 gewöhnt.
3095 884 263 72 Lachen

1072 991 112 73 Sie
1229 990 200 73 nicht.
1495 989 112 71 Ich
1654 989 213 71 meine
1914 986 112 73 das
2071 1017 161 57 ganz
2266 988 90 70 im
2392 984 216 72 Ernst.
2642 984 140 71 Wir
2814 983 91 71 als
2942 980 415 83 Geschlecht,

1072 1087 91 72 als
1193 1117 202 56 genus
1424 1087 381 78 humanum,
1838 1083 272 72 machen
2139 1113 125 40 uns
2290 1108 109 60 gar
2422 1080 211 72 nichts
2662 1079 186 70 mehr
2871 1108 115 41 aus
3014 1075 153 73 dem
3184 1075 174 74 Tod.

1077 1182 160 71 Und
1282 1181 171 71 doch
1504 1182 84 71 ist
1634 1210 90 51 es,
1770 1210 189 42 wenn
2006 1209 151 40 man
2204 1207 71 41 so
2321 1176 212 81 allein,
2580 1173 90 74 als
2706 1173 340 71 Einzelner
3083 1171 279 72 darüber

1075 1276 387 83 nachdenkt,
1491 1277 106 71 ein
1624 1273 468 82 entsetzlicher,
2120 1276 60 85 ja
2196 1271 394 74 unfaßbarer
2609 1268 335 82 Gedanke,
2974 1300 81 39 zu
3078 1267 280 81 sterben,

1075 1404 126 42 von
1253 1404 216 41 einem
1521 1372 419 72 bestimmten
1991 1369 306 72 Moment
2345 1398 81 41 an
2479 1367 213 70 nichts
2745 1364 183 73 mehr
2980 1395 80 40 zu
3111 1361 249 84 fühlen,

1075 1468 211 72 nichts
1339 1499 83 40 zu
1467 1466 281 80 denken,
1795 1464 254 74 einfach
2100 1464 105 72 für
2250 1463 122 71 alle
2406 1460 334 86 Ewigkeit,
2789 1459 181 72 nicht
3015 1477 164 53 etwa
3216 1484 110 45 vor-

1075 1563 442 88 übergehend,
1560 1562 179 72 nicht
1773 1562 187 71 mehr
1993 1592 80 40 zu
2102 1560 365 72 existieren.
2500 1557 145 72 Wie
2670 1587 150 56 mag
2844 1586 66 42 es
2937 1555 146 73 eine
3108 1553 257 72 Stunde

1076 1661 164 71 nach
1260 1660 151 71 dem
1429 1657 193 72 Tode
1637 1658 68 71 in
1723 1685 299 43 unserem
2045 1654 220 88 Kopfe
2279 1653 361 73 ausschaun
2656 1660 31 64 ?
2721 1651 159 72 Und
2899 1648 424 75 fünfhundert-

1079 1753 273 74 tausend
1382 1753 191 88 Jahre
1613 1752 328 73 nachher?
1996 1751 158 71 Und
2201 1750 186 72 dabei
2430 1750 84 70 ist
2548 1748 210 72 dieser
2788 1745 356 73 unendlich
3182 1746 183 84 lange

1076 1849 292 73 Zustand
1403 1849 111 72 des
1555 1847 373 73 Nichtseins
1964 1846 170 71 doch
2170 1845 104 72 für
2306 1844 190 89 jeden
2530 1874 129 41 von
2693 1874 122 40 uns
2852 1841 228 80 sicher,
3123 1869 202 42 unaus-

1077 1944 356 83 weichlich,
1502 1944 179 72 nicht
1738 1963 161 53 etwa
1954 1944 105 70 ein
2118 1943 188 71 böser
2358 1938 236 82 Zufall,
2647 1936 151 74 dem
2852 1968 151 39 man
3046 1934 321 73 vielleicht

1079 2042 320 85 entgehen
1450 2039 262 82 könnte,
1763 2068 191 42 wenn
2005 2068 151 41 man
2199 2035 217 74 Glück
2468 2035 131 82 hat,
2646 2033 140 71 und
2830 2033 175 71 diese
3050 2030 313 80 absolute,

1079 2136 400 87 unbedingte
1527 2134 361 73 Sicherheit
1933 2134 115 72 des
2096 2132 307 74 Sterbens
2450 2131 167 72 eben
2664 2132 82 69 ist
2792 2128 113 71 das
2956 2124 410 75 Gräßlichste

1079 2263 82 39 an
1196 2231 115 71 der
1347 2231 273 72 Sache.“

1164 2328 137 71 Der
1328 2329 196 84 junge
1547 2324 270 73 Offizier
1842 2339 273 57 errötete
2143 2352 113 44 vor
2283 2322 388 86 Bewegung.
2712 2319 156 82 „Ich
2894 2317 210 73 danke
3130 2316 233 80 Ihnen,

1081 2420 172 73 Herr
1287 2422 234 71 Baron.
1565 2420 62 73 0
1655 2452 121 41 wie
1800 2418 123 73 viel
1950 2418 194 71 Dank
2177 2416 267 73 schulde
2479 2416 103 72 ich
2620 2414 204 72 Ihnen
2852 2413 224 81 schon,
3112 2430 121 54 seit
3259 2410 109 72 Sie

1081 2518 139 71 sich
1274 2549 68 40 in
1394 2518 115 71 der
1559 2515 294 74 fremden
1903 2514 188 74 Stadt
2138 2515 244 70 meiner
2431 2541 473 57 angenommen
2957 2509 234 71 haben.
3259 2507 109 71 Sie

1082 2612 272 72 machen
1391 2612 173 71 mich
1599 2642 80 40 zu
1715 2612 212 71 einem
1965 2607 386 74 Menschen.
2403 2606 195 72 Ohne
2632 2606 110 72 Sie
2775 2606 242 70 könnte
3050 2603 106 73 ich
3191 2601 177 72 nicht

1081 2707 186 73 mehr
1300 2707 255 73 leben.“

1182 2803 153 83 „Sie
1367 2803 213 73 haben
1625 2801 137 73 sich
1798 2829 123 43 nur
1954 2832 81 40 an
2072 2800 173 71 mich
2280 2797 323 89 gewöhnt,
2634 2797 201 73 lieber
2872 2794 283 75 Freund.
3192 2792 175 73 Alles

1085 2900 81 70 ist
1202 2896 512 75 Gewohnheit!“

1182 2993 238 83 „Nein,
1451 2993 104 71 ich
1580 2992 168 72 liebe
1766 2992 131 81 Sie,
1926 2990 109 73 Sie
2060 2989 148 73 sind
2227 2990 212 70 meine
2458 2988 246 85 einzige
2723 2985 294 80 Stütze“,
3038 2983 332 74 erwiderte

1085 3088 370 74 Crudenius
1500 3087 230 86 feurig.
1789 3087 161 81 „Ich
1987 3087 166 71 habe
2186 3116 66 41 es
2288 3084 246 72 schwer
2568 3104 314 64 ertragen,
2930 3079 317 73 schwerer
3280 3079 90 71 als

1085 3185 112 71 Sie
1223 3215 65 41 es
1310 3185 236 80 ahnen,
1583 3215 113 41 aus
1725 3210 244 46 meiner
1988 3180 436 75 Heimatstadt
2446 3178 517 87 herausgerissen
2991 3208 79 39 zu
3090 3175 278 78 werden,

1086 3311 127 41 von
1249 3281 256 71 meinen
1542 3279 221 72 Eltern
1799 3308 159 57 weg,
1994 3277 107 72 die
2134 3276 104 73 ich
2274 3276 286 80 verehre,
2608 3304 114 41 aus
2759 3272 151 73 dem
2948 3271 188 73 Kreis
3174 3269 197 73 lieber

1089 3374 432 81 Kameraden,
1557 3375 225 71 hieher
1815 3406 83 39 an
1933 3375 212 79 einen,
2180 3402 194 56 sagen
2407 3371 116 72 wir
2557 3401 67 40 es
2664 3368 195 83 offen,
2906 3368 255 80 steifen,
3200 3393 137 45 zere-

1086 3474 337 69 moniösen
1460 3471 157 81 Hof,
1667 3471 231 72 dessen
1933 3468 289 86 Sprache
2267 3468 105 70 ich
2407 3468 193 70 kaum
2634 3464 327 74 verstand.
3018 3462 109 72 Sie
3161 3460 210 74 haben

1086 3567 174 70 mich
1300 3566 94 72 oft
1429 3566 206 72 dieser
1672 3563 546 75 Sentimentalität
2251 3592 221 56 wegen
2509 3559 368 88 ausgelacht
2910 3617 14 14 .
2961 3617 14 15 .
3009 3567 57 64 .“

1188 3661 137 85 „Ja,
1370 3662 110 73 das
1514 3681 111 54 tue
1657 3661 105 72 ich
1796 3661 169 72 noch
2002 3660 215 72 heute.
2275 3660 130 71 Die
2438 3657 168 73 Welt
2642 3660 81 68 ist
2755 3656 169 71 doch
2958 3653 229 88 gleich,
3238 3651 135 71 hier

1086 3759 121 70 wie
1243 3758 170 81 dort,
1447 3758 107 71 die
1588 3756 310 73 moderne
1922 3756 170 71 Welt
2132 3755 387 71 zumindest,
2567 3750 264 74 überall
2859 3749 137 87 gibt
3026 3780 66 40 es
3121 3745 215 75 Schlaf-

1088 3882 245 56 wagen,
1370 3852 466 81 Badezimmer,
1874 3849 708 88 Untergrundbahnen,
2627 3848 228 80 Beton,
2892 3844 297 86 Asphalt,
3239 3841 101 71 die-

1088 3948 222 71 selben
1335 3948 334 85 eleganten
1696 3947 579 80 Damenkostüme,
2309 3972 188 59 sogar
2521 3943 329 72 dieselben
2878 3940 317 73 Parfüms.
3239 3938 134 71 Der
