3264 4572
704 340 138 52 Max
869 339 150 52 Brod
1053 351 22 27 *
1108 339 108 52 Die
1246 343 131 48 erste
1402 340 207 53 Stunde
1639 340 137 55 nach
1805 343 114 53 dem
1950 344 145 52 Tode

2415 343 108 60 237

277 549 219 76 suchte
531 543 139 71 sich
698 572 83 39 an
812 538 336 73 einzelnen
1183 541 263 73 Worten
1478 543 138 71 und
1648 543 263 83 Ziffern,
1948 544 104 74 die
2085 573 67 43 er
2185 544 112 82 las,
2331 577 153 42 anzu-

279 643 257 77 krallen,
572 637 475 85 festzusaugen,
1224 635 165 71 doch
1436 640 91 70 sie
1562 640 541 73 verschwammen
2137 670 114 42 vor
2286 644 238 69 seinem

278 737 405 86 aufgeregten
710 729 199 82 Blick,
942 728 208 72 nichts
1178 728 236 74 konnte
1441 761 67 42 er
1533 733 354 72 entziffern.
1925 734 349 73 Immerhin
2301 736 225 71 dachte

279 864 65 44 er
392 830 165 72 nach
609 830 178 68 einer
830 823 205 71 Weile
1083 825 133 71 sich
1267 855 71 41 so
1384 828 146 71 weit
1576 858 111 41 zur
1731 828 320 73 Vernunft
2096 830 305 86 gebracht
2447 861 77 40 zu

279 926 226 78 haben,
576 920 131 72 daß
768 948 69 42 er
899 919 137 72 sich
1093 917 235 73 wieder
1389 924 97 68 ins
1548 920 280 73 Zimmer
1892 924 207 72 hinter
2175 925 136 71 sich
2383 955 96 41 um-

278 1023 275 73 schauen
589 1047 81 39 zu
703 1013 236 73 dürfen
975 1013 278 86 glaubte.
1322 1013 319 88 Langsam
1674 1038 200 66 wagte
1905 1047 70 42 er
2006 1049 65 41 es
2104 1019 137 71 und
2274 1019 252 72 wandte

278 1115 131 74 sich
454 1110 238 75 wieder
736 1112 68 68 in
849 1109 108 70 die
990 1110 217 84 vorige
1258 1108 346 89 Richtung.
1674 1112 104 72 Da
1823 1112 98 86 lag
1962 1114 112 70 der
2118 1112 257 82 dunkle,
2423 1117 100 68 ins

280 1204 405 76 Unendliche
711 1203 613 72 verschwimmende
1340 1203 166 83 Saal,
1529 1207 67 68 in
1611 1203 148 74 dem
1778 1206 104 71 die
1897 1206 370 73 elektrische
2283 1207 244 85 Lampe

279 1331 119 47 nur
440 1301 129 71 den
618 1298 309 74 nächsten
964 1296 322 82 Umkreis,
1336 1300 245 72 nahezu
1614 1330 119 42 nur
1779 1300 96 71 bis
1910 1331 77 40 zu
2022 1305 219 68 seinen
2276 1300 246 81 Füßen,

279 1396 276 76 erhellte.
619 1391 159 74 Und
811 1392 216 85 knapp
1061 1421 115 42 vor
1221 1394 134 71 ihm
1402 1394 198 71 schon
1634 1394 235 73 wieder
1914 1396 203 70 dieser
2161 1395 327 86 langaufge-

278 1494 338 71 schossene
655 1486 257 80 Patron,
961 1486 116 71 der
1108 1487 323 86 übrigens,
1483 1518 126 42 was
1643 1487 283 73 wirklich
1959 1489 377 85 grauenhaft
2381 1522 108 39 aus-

279 1589 133 78 sah,
462 1587 104 69 die
595 1583 538 85 Zwischenpause
1173 1583 177 71 nicht
1397 1583 162 71 dazu
1604 1583 264 72 benützt
1901 1583 192 82 hatte,
2137 1616 111 38 um
2281 1585 133 73 sich
2462 1588 64 67 in

280 1684 137 70 eine
467 1678 319 85 bequeme
834 1674 295 87 Stellung
1173 1707 80 40 zu
1303 1679 419 83 arrangieren,
1773 1678 276 71 sondern
2100 1697 149 53 statt
2300 1679 226 70 dessen

282 1796 157 53 starr
466 1772 137 72 und
635 1772 117 71 mit
783 1771 225 71 tiefem
1035 1767 213 85 Ernst,
1284 1775 119 68 wie
1437 1775 66 68 in
1536 1771 259 86 völliger
1821 1771 703 86 Selbstvergessenheit,

282 1872 139 70 eine
451 1867 297 71 Antwort
782 1866 110 71 des
931 1866 332 71 Ministers
1298 1865 401 73 abzuwarten
1731 1867 240 71 schien.

377 1962 222 83 „Nun,
637 1961 109 71 Sie
793 1990 193 55 sagen
1022 1960 132 71 also
1186 2017 58 14 ..
1280 2016 14 15 .
1336 1960 108 71 Sie
1488 1960 149 71 sind
1680 1960 131 70 also
1858 1960 377 85 gestorben.
2267 2017 55 15 ..
2372 1959 158 72 Und

282 2058 165 72 doch
478 2056 187 72 leben
703 2054 111 72 Sie
844 2112 13 13 .
892 2112 13 13 .
939 2112 13 13 .
999 2056 147 70 Was
1183 2054 301 72 bedeutet
1516 2055 158 70 das?
1726 2055 109 70 Ich
1869 2058 230 76 meine,
2135 2054 254 72 können
2423 2054 107 70 Sie

283 2152 133 72 sich
464 2150 181 72 nicht
680 2149 442 85 vernünftiger
1168 2148 446 74 ausdrücken?
1679 2147 165 72 Sind
1877 2148 108 71 Sie
2030 2148 130 71 also
2195 2145 335 88 eigentlich

283 2246 336 86 gestorben
655 2243 156 73 oder
844 2243 149 71 sind
1027 2243 108 71 Sie
1169 2242 225 72 hier?“

381 2340 152 81 „Ich
567 2340 115 70 bin
716 2337 597 88 hierhergestorben
1341 2394 90 14 ...
1465 2366 220 56 wegen
1719 2340 243 68 meiner
1999 2335 331 72 Sünden.“

376 2435 135 71 Der
546 2434 211 71 Baron
792 2431 346 74 schüttelte
1172 2431 127 72 den
1328 2431 199 86 Kopf.
1574 2430 284 86 „Wegen
1888 2430 177 72 Ihrer
2089 2430 288 80 Sünden,
2418 2430 110 70 das

283 2548 215 67 sagten
546 2528 110 72 Sie
705 2529 226 71 schon.
994 2526 151 73 Was
1193 2526 106 71 für
1350 2525 266 72 Sünden
1641 2533 30 63 ?
1738 2525 108 71 Sie
1895 2524 144 72 sind
2089 2525 103 70 ein
2242 2524 285 79 Mörder,

285 2624 174 70 nicht
491 2624 266 70 wahr?“

377 2717 159 71 Eine
570 2717 240 86 heftige
844 2717 365 84 Bewegung
1244 2717 111 71 des
1389 2714 334 73 Abscheus
1765 2716 150 82 ging
1955 2713 201 71 durch
2201 2712 125 70 den
2369 2709 161 73 Leib

285 2812 108 71 des
430 2810 423 90 Gespenstes,
904 2843 66 40 es
1023 2810 341 73 schüttelte
1412 2811 133 71 sich
1597 2840 124 41 von
1773 2808 165 70 oben
1983 2807 97 71 bis
2137 2826 197 52 unten
2375 2804 152 80 und,

287 2906 227 71 immer
546 2907 167 71 noch
750 2925 195 53 etwas
979 2904 420 81 unbeholfen,
1446 2902 151 74 aber
1639 2905 117 68 mit
1788 2900 419 73 unbewußter
2240 2898 287 86 Energie,

288 2999 128 72 hob
449 3032 65 39 es
551 3003 150 83 jetzt
727 3001 107 73 die
858 2999 200 73 Arme
1096 3000 167 71 hoch
1296 3028 224 55 empor
1547 2996 137 71 und
1717 2996 223 85 schlug
1973 3022 182 58 sogar
2183 2995 101 70 die
2302 2992 230 72 Hände

288 3093 156 72 über
481 3094 150 72 dem
673 3095 183 85 Kopf
901 3125 393 50 zusammen,
1346 3093 218 71 indem
1614 3122 65 41 es
1729 3088 393 89 jammervoll
2168 3086 147 73 rief:
2367 3086 164 82 „Ein

290 3187 295 75 Mörder!
625 3191 130 81 Ich,
783 3193 106 69 ein
922 3189 299 73 Mörder!
1356 3187 192 81 Nein,
1582 3185 160 73 Gott
1775 3188 89 69 sei
1892 3183 210 81 Dank,
2137 3182 208 72 davon
2369 3180 164 74 habe

289 3282 101 71 ich
417 3286 169 68 mich
614 3285 347 72 zeitlebens
989 3286 146 71 weit
1158 3282 281 72 entfernt
1465 3279 314 89 gehalten.
1813 3276 527 86 Mordgedanken
2367 3276 166 69 kann

290 3377 100 70 ich
435 3379 164 72 auch
644 3380 102 72 bei
802 3380 450 87 peinlichstem
1299 3376 485 74 Nachforschen
1830 3375 66 68 in
1943 3403 278 40 meinem
2268 3368 264 82 Gemüt,

290 3474 116 68 wie
439 3506 66 39 es
539 3474 244 72 damals
819 3506 131 41 war
983 3474 138 72 und
1154 3476 119 69 wie
1306 3504 65 41 es
1408 3474 150 84 jetzt
1591 3472 102 78 ist,
1731 3467 174 74 nicht
1938 3465 420 72 entdecken.“

386 3565 197 81 „Also
617 3569 211 72 haben
858 3569 111 72 Sie
1003 3568 354 87 gestohlen,
1388 3566 324 86 betrogen,
1748 3560 451 86 Schiebungen
2226 3559 306 86 gemacht,

294 3654 423 90 Gaunereien,
753 3664 157 71 oder
945 3663 147 72 sind
1129 3660 336 74 unehrlich
1506 3687 306 60 gewesen,
1849 3657 265 69 nicht?“

387 3754 398 79 „Unehrlich
936 3760 78 83 ja,
1052 3758 114 73 das
1202 3756 339 73 vielleicht.
1594 3753 107 73 Ich
1738 3751 162 72 habe
1933 3751 175 71 nicht
2142 3752 226 68 immer
2401 3744 135 73 und

296 3845 171 73 nicht
513 3851 101 72 bei
665 3852 211 86 jedem
912 3852 243 73 Schritt
1199 3883 80 40 an
1312 3849 107 74 die
1449 3852 198 83 ewige
1678 3847 330 71 Wahrheit
2039 3844 114 74 der
2183 3844 214 84 Dinge
2427 3869 104 59 ge-
