3245 4572
768 326 137 53 Max
935 324 151 55 Brod
1117 343 22 24 ♦
1171 326 112 54 Die
1309 333 132 47 erste
1468 328 211 55 Stunde
1705 328 141 55 nach
1873 331 119 53 dem
2026 332 141 53 Tode

2493 334 106 58 225

327 539 268 77 scherzt,
632 531 92 73 als
760 532 112 72 Sie
903 562 204 56 gegen
1141 532 143 87 jede
1321 532 509 91 Prestigepolitik
1861 537 338 86 sprachen.
2262 538 158 74 Und
2455 572 150 41 zum

328 630 248 80 Schluß
623 627 329 72 forderten
990 626 109 73 Sie
1151 628 349 74 wiederum
1545 631 104 72 die
1695 652 435 66 sogenannten
2166 632 405 78 Fortschritts-

328 727 282 93 parteien
644 754 154 41 zum
822 722 462 88 Widerspruch
1312 724 249 83 heraus,
1589 727 220 71 indem
1832 727 106 74 Sie
1965 729 112 72 das
2105 729 500 75 Stehenbleiben

329 824 111 76 auf
473 823 166 71 Sitte
677 819 140 72 und
853 818 341 73 Tradition
1228 820 369 74 rühmten.“

426 917 248 85 „Nicht
700 914 377 80 rühmten“,
1108 915 388 74 unterbrach
1531 918 112 72 der
1669 917 231 86 Baron,
1927 920 227 74 dessen
2184 922 218 87 kluger
2427 923 181 88 Kopf

329 1018 182 73 keine
544 1012 176 86 Spur
748 1041 130 42 von
911 1012 297 85 geistiger
1232 1012 557 87 Abgespanntheit
1820 1018 221 84 zeigte,
2069 1019 120 70 wie
2214 1049 65 40 es
2304 1019 163 73 nach
2493 1019 113 73 der

326 1106 516 87 anstrengenden
877 1105 496 88 fünfstündigen
1404 1107 270 88 Sitzung
1706 1110 338 86 eigentlich
2096 1112 366 88 begreiflich
2497 1145 73 56 ge-

328 1235 211 45 wesen
572 1215 188 60 wäre.
817 1201 156 84 „Ich
1020 1202 258 71 rühmte
1321 1204 200 72 nicht.
1575 1204 109 72 Ich
1733 1205 205 72 stellte
1984 1235 122 44 nur
2151 1207 143 74 fest.
2359 1209 245 84 Stellte,

328 1331 187 47 wenn
550 1299 110 72 Sie
698 1298 252 82 wollen,
985 1327 184 58 sogar
1209 1300 119 70 mit
1367 1300 333 73 Bedauern
1726 1300 144 75 fest.
1918 1301 109 73 Ich
2055 1303 111 72 bin
2192 1336 134 40 nun
2351 1306 252 83 einmal,

327 1430 71 42 so
442 1397 148 71 weit
639 1394 252 71 kennen
940 1393 111 72 Sie
1098 1394 172 73 mich
1315 1394 79 86 ja,
1439 1398 104 69 ein
1579 1395 382 74 fanatischer
1980 1398 284 72 Anbeter
2293 1432 124 41 von
2452 1400 122 73 fest-

328 1491 330 90 gestellten
707 1489 367 73 Tatsachen
1133 1491 140 72 und
1331 1492 435 75 Wahrheiten.
1841 1493 109 73 Ich
2008 1493 179 74 fühle
2242 1497 171 71 mich
2464 1526 106 43 ver-

328 1586 401 76 antwortlich
764 1586 105 71 für
894 1586 112 71 das
1034 1587 191 73 Wohl
1251 1587 139 73 und
1414 1588 198 73 Wehe
1649 1588 110 73 des
1787 1588 289 84 Reiches,
2112 1592 65 70 in
2218 1591 112 72 des
2356 1592 248 73 Wortes

328 1684 377 72 schwerster
732 1680 386 89 Bedeutung
1154 1710 113 44 vor
1309 1685 279 70 meinem
1627 1681 333 76 Gewissen
2008 1686 596 75 ver-antwort-lich.

328 1779 112 72 Als
489 1778 587 73 verantwortlicher
1128 1778 208 72 Mann
1394 1778 161 72 muß
1604 1780 105 71 ich
1759 1780 414 73 nüchternste
2227 1781 379 88 Realpolitik

329 1874 249 74 treiben
611 1873 143 72 und
792 1873 111 72 bin
954 1877 107 68 ein
1108 1873 371 89 abgesagter
1514 1873 203 74 Feind
1762 1874 151 73 aller
1955 1875 382 88 Ideologien,
2375 1893 230 71 mögen

329 1973 91 70 sie
451 1999 135 43 nun
621 2000 129 41 von
793 1968 209 73 rechts
1038 1968 157 74 oder
1230 2000 128 41 von
1395 1967 161 74 links
1592 1969 322 83 kommen,
1945 1985 236 71 mögen
2214 1973 90 70 sie
2349 1973 220 73 chauvi-

329 2065 266 73 nistisch
623 2067 119 69 mit
767 2063 155 73 dem
953 2063 192 73 Säbel
1175 2063 233 73 klirren
1434 2065 154 71 oder
1613 2065 350 86 aufgeklärt
1988 2068 119 69 mit
2134 2067 112 71 der
2274 2067 296 73 Friedens-

331 2160 208 89 palme
558 2159 262 73 rasseln.
841 2159 427 87 Wahrhaftig,
1288 2159 198 73 lieber
1505 2159 167 73 Herr
1688 2192 125 42 von
1834 2160 385 84 Crudenius,
2248 2160 357 90 Ideologen,

332 2258 369 87 Utopisten,
720 2255 652 74 unverantwortliche
1386 2256 386 72 Phantasten
1792 2255 171 74 halte
1979 2256 104 73 ich
2098 2256 103 73 für
2219 2258 103 71 die
2336 2272 269 72 ärgsten,

329 2354 103 71 die
463 2356 293 85 einzigen
798 2352 243 72 Feinde
1072 2352 115 72 der
1221 2352 480 72 Menschheit.“

423 2448 137 71 Der
593 2448 279 71 Attache
902 2448 238 71 lachte:
1174 2448 206 83 „Und
1413 2477 186 44 wenn
1636 2444 205 75 man’s
1875 2479 206 56 genau
2111 2451 252 81 nimmt,
2401 2449 204 72 haben

329 2543 106 73 Sie
469 2543 363 74 immerfort
861 2546 119 70 mit
1009 2542 263 75 solchen
1307 2543 248 73 Leuten
1590 2575 80 41 zu
1692 2564 141 62 tun,
1862 2545 108 71 Sie
1997 2543 607 75 Bedauernswerter.

331 2640 133 72 Der
500 2640 210 71 Mann
743 2640 113 71 auf
893 2639 115 73 der
1043 2637 266 91 Treppe
1490 2640 137 71 und
1673 2640 105 71 die
1806 2639 463 72 Volksmänner
2311 2640 293 84 drinnen,

329 2735 210 71 denen
596 2735 109 73 Sie
762 2735 107 73 die
928 2737 213 71 wahre
1198 2734 278 74 sittliche
1527 2734 244 74 Würde
1827 2734 111 72 des
2002 2733 263 89 Krieges
2325 2734 280 74 erklären

329 2829 271 73 mußten
732 2833 85 71 ist
855 2862 67 41 es
959 2832 201 81 nicht,
1197 2833 92 70 im
1317 2830 273 72 Grunde
1621 2861 404 56 genommen,
2063 2832 226 70 immer
2332 2833 103 69 ein
2469 2830 137 72 und

331 2926 289 72 derselbe
643 2926 227 73 Feind.
889 2927 451 72 Verkehrtheit
1358 2927 138 71 und
1518 2924 461 88 überspannter
2007 2924 371 74 Idealismus
2406 2957 198 55 gegen

331 3022 102 71 die
470 3024 291 85 gesunde
797 3024 578 72 Menschennatur.

428 3119 120 81 „In
585 3120 143 71 Ihre
760 3119 199 72 Hand
988 3120 224 72 würde
1242 3120 103 71 ich
1390 3119 126 71 den
1542 3118 292 87 Auftrag,
1870 3120 212 71 meine
2112 3118 381 86 Biographie
2525 3148 81 41 zu

332 3213 357 85 schreiben,
726 3218 118 70 mit
873 3215 419 88 Beruhigung
1316 3214 249 89 legen“,
1594 3233 172 69 sagte
1792 3214 112 71 der
1922 3213 300 72 Minister
2248 3213 176 72 nicht
2439 3213 169 71 ohne

332 3305 148 77 leise
534 3308 231 76 Ironie.
818 3312 156 82 „Sie
1023 3311 211 73 haben
1281 3311 172 72 mich
1500 3341 347 55 sozusagen
1897 3309 247 73 heraus.
2318 3308 130 72 Mit
2496 3308 112 71 der

331 3405 186 72 einen
580 3406 538 89 Einschränkung
1173 3405 350 74 vielleicht:
1590 3405 108 72 Ich
1750 3405 111 72 bin
1914 3405 145 72 kein
2112 3403 259 73 Freund
2436 3402 170 72 Ihres

334 3497 468 78 Handwerks.“
839 3505 89 71 Er
959 3506 203 84 zeigte
1194 3502 112 73 auf
1339 3502 126 73 den
1490 3500 751 87 troddelgeschmückten
2269 3497 340 88 Säbelgriff

332 3596 202 71 seines
569 3596 599 77 Nebensitzenden.
1206 3596 357 85 „Wiewohl
1598 3596 103 73 ich
1735 3598 192 71 heute
1965 3595 301 72 manches
2299 3595 309 84 derartige

332 3712 215 66 gesagt
578 3693 188 84 habe,
809 3695 145 73 weil
988 3695 103 71 ich
1119 3726 66 40 es
1218 3726 192 56 sagen
1442 3692 179 72 muß.
1686 3692 109 71 Ich
1842 3692 112 71 bin
1992 3690 363 87 überhaupt
2401 3689 204 72 nichts

333 3789 273 85 weniger
665 3789 90 74 als
816 3794 103 70 ein
977 3791 260 73 Freund
1293 3791 205 72 dieses
1550 3788 287 86 Krieges,
1885 3787 114 72 der
2046 3819 135 39 nun
2239 3787 197 72 schon
2495 3784 110 71 das

332 3887 377 85 zwanzigste
737 3887 154 85 Jahr
922 3886 146 87 lang
1098 3887 374 73 andauert.“
