3244 4572
783 388 139 51 Max
1113 387 28 51 Brod
1142 383 60 24 +
1203 386 86 52 Die
1318 390 131 48 erste
1473 388 207 54 Stunde
1708 390 136 52 nach
1873 390 117 52 dem
2021 391 139 52 Tode

2485 390 95 57 231

347 614 207 59 ernste
572 591 449 73 Christentum
1039 588 264 86 gelehrt,
1324 590 105 70 die
1448 590 316 72 erhabene
1780 591 290 88 Religion
2088 591 113 73 des
2219 590 297 76 Leidens.
2523 631 68 6 —

345 695 60 72 A
447 717 259 60 propos,
760 685 109 71 Sie
913 684 303 71 kommen
1267 685 167 71 doch
1484 685 190 73 heute
1724 687 161 71 nach
1936 689 162 70 zehn
2134 688 146 71 Uhr
2324 688 166 70 noch
2519 718 77 40 zu

348 788 242 73 meiner
623 779 486 87 Bridgepartie?
1155 778 127 71 Die
1322 781 238 71 schöne
1594 779 297 74 Gabriele
1924 782 160 71 wird
2117 781 82 72 da
2232 783 156 80 sein,
2434 782 164 71 auch

356 885 103 71 Ihr
503 875 289 73 Nannerl
827 873 127 71 hab
988 875 106 69 ich
1128 873 434 87 eingeladen.“

449 975 95 70 Im
573 971 442 71 Ministerium
1048 986 258 52 wartete
1340 971 140 69 eine
1513 970 182 84 lange
1720 969 199 72 Reihe
1945 970 447 86 vertragender
2418 970 180 72 Räte.

468 1070 209 69 Baron
727 1096 128 39 von
893 1063 294 80 Klumm,
1240 1063 226 71 dessen
1528 1063 181 73 Fleiß
1766 1065 136 70 und
1961 1065 278 86 Sorgfalt
2288 1064 310 86 geradezu

347 1158 511 95 sprichwörtlich
919 1186 232 52 waren,
1211 1156 235 88 pflegte
1499 1158 161 71 nach
1716 1159 720 86 Parlamentssitzungen
2495 1159 104 71 die

348 1259 328 73 verlorene
701 1253 163 80 Zeit,
897 1254 119 70 wie
1048 1280 69 43 er
1141 1272 194 66 sagte,
1372 1253 438 72 nachzuholen
1838 1253 137 71 und
2001 1271 236 70 gönnte
2263 1253 135 72 sich
2426 1253 172 71 dann

348 1356 93 70 oft
474 1352 99 71 bis
611 1363 141 73 spät
786 1351 65 67 in
883 1348 107 71 die
1025 1347 216 71 Nacht
1274 1348 182 71 keine
1491 1348 206 71 Ruhe.
1743 1347 87 71 So
1865 1348 204 71 lösten
2101 1351 301 70 einander
2435 1348 163 71 auch

348 1480 80 41 an
479 1446 245 71 diesem
755 1442 236 71 Abend
1049 1445 68 68 in
1170 1445 241 68 seinem
1460 1442 171 70 Büro
1665 1441 404 83 Referenten,
2107 1442 489 85 Konzipienten,

347 1537 481 91 telephonische
851 1536 249 73 Anrufe
1126 1536 135 71 und
1287 1535 260 72 Diktate
1570 1536 102 73 ab.
1712 1535 158 72 Eine
1886 1536 399 85 Abordnung
2308 1567 113 40 aus
2449 1536 149 71 dem

348 1637 336 73 eroberten
700 1633 272 71 Gebiete
987 1631 219 73 wurde
1220 1631 405 87 empfangen,
1640 1631 258 72 brachte
1909 1631 211 72 Bitten
2135 1633 136 70 und
2276 1631 323 72 Wünsche

350 1760 132 44 vor.
534 1729 137 71 Der
705 1728 211 71 Baron
971 1729 269 69 notierte
1287 1728 207 83 einige
1538 1725 249 72 Bücher
1834 1725 137 72 und
2020 1725 420 80 Broschüren,
2496 1724 103 71 die

352 1826 206 73 hiebei
599 1822 345 72 mehrmals
991 1822 282 71 erwähnt
1307 1819 261 73 worden
1597 1849 230 43 waren.
1889 1819 189 73 Noch
2105 1851 113 40 um
2251 1850 170 41 neun
2457 1818 143 71 Uhr

353 1920 221 73 nachts
609 1917 282 73 schickte
927 1944 66 43 er
1038 1916 127 71 den
1190 1916 242 70 Diener
1467 1917 68 69 in
1568 1913 102 73 die
1700 1913 731 73 Ministerialbibliothek
2463 1913 137 72 und

351 2014 277 80 endlich,
680 2012 112 70 auf
844 2012 113 70 der
990 2010 364 74 Heimfahrt
1388 2011 67 69 in
1488 2011 243 69 seinem
1762 2007 193 82 Auto,
2006 2007 327 72 versenkte
2366 2034 66 45 er
2467 2007 132 70 sich

352 2109 165 71 noch
559 2110 66 69 in
676 2106 105 72 die
835 2105 275 71 Lektüre
1160 2106 173 69 eines
1385 2105 111 70 der
1546 2103 450 85 empfohlenen
2037 2101 247 80 Werke,
2336 2101 109 71 das
2498 2100 103 71 die

352 2204 475 84 schwierigsten
856 2199 207 74 Geld-
1096 2199 139 71 und
1265 2197 583 87 Währungsfragen
1882 2195 399 74 behandelte.

446 2296 324 81 Gabriele,
818 2315 168 52 erste
1030 2294 323 72 Tänzerin
1401 2294 113 70 der
1548 2291 312 86 Hofoper,
1907 2310 256 53 wartete
2209 2291 230 69 bereits
2488 2291 115 68 mit

352 2393 125 72 den
506 2395 273 82 übrigen
807 2390 249 72 Gästen
1082 2392 68 69 in
1175 2390 116 71 der
1316 2388 362 72 Privatvilla
1703 2387 112 71 des
1844 2387 239 71 Barons
2110 2386 136 70 und
2271 2383 330 73 entzückte

352 2489 103 70 die
489 2486 402 73 Tafelrunde
936 2484 206 72 durch
1178 2485 104 70 die
1316 2482 230 87 lustige
1582 2480 582 86 Unbefangenheit,
2213 2481 117 69 mit
2369 2479 113 71 der
2514 2480 89 68 sie

353 2583 139 70 sich
526 2581 108 72 die
675 2580 185 73 Rolle
894 2580 117 71 der
1044 2578 330 72 Hausfrau
1405 2574 340 89 angemaßt
1782 2576 192 70 hatte.
2023 2575 129 70 Die
2178 2570 423 74 Gesellschaft

353 2703 130 45 war
527 2675 308 72 reichlich
879 2675 347 85 gemischt:
1272 2672 463 85 Schauspieler,
1786 2670 107 70 die
1936 2667 517 86 unaufgefordert
2500 2665 103 71 für

357 2769 480 87 Unterhaltung
887 2788 278 66 sorgten,
1221 2768 216 70 indem
1481 2797 93 41 sie
1609 2766 180 71 mehr
1822 2766 154 69 oder
2009 2764 253 69 minder
2291 2772 312 74 gewürzte

352 2865 380 72 Anekdoten
760 2895 150 42 zum
935 2866 225 70 besten
1185 2863 228 85 gaben,
1447 2863 101 69 ein
1576 2890 148 56 paar
1743 2858 335 80 Landräte,
2112 2860 65 67 in
2203 2860 195 81 ewige
2413 2854 151 86 Jagd-

357 2961 409 83 geschichten
814 2960 276 80 vertieft,
1148 2989 150 41 zwei
1343 2957 98 70 bis
1476 2956 133 71 drei
1644 2955 312 70 ironische
1996 2951 320 71 Causeure
2347 2979 110 42 aus
2492 2950 111 70 der

357 3053 416 87 Diplomatie,
793 3056 103 69 ein
911 3054 324 85 jüdischer
1245 3049 474 80 Schriftsteller,
1739 3048 112 69 der
1865 3078 80 39 zu
1959 3045 277 72 allererst
2248 3042 355 73 betrunken

356 3177 126 42 war
506 3150 140 72 und
671 3150 138 70 sich
837 3148 174 74 dann
1033 3152 65 68 in
1118 3147 505 72 revolutionären
1645 3141 220 72 Reden
1884 3141 137 70 und
2040 3136 563 75 staatsfeindlicher

358 3241 627 85 Lyrikdeklamation
1047 3241 209 87 gefiel,
1321 3239 291 73 worüber
1674 3267 149 41 man
1871 3235 133 70 sich
2055 3234 144 71 sehr
2246 3232 357 83 belustigte.

360 3336 310 85 Nannerl,
705 3342 145 67 eine
886 3336 473 75 offensichtlich
1386 3365 113 42 aus
1531 3335 147 69 dem
1705 3351 230 51 untern
1959 3328 200 71 Volke
2187 3324 416 82 stammende,

358 3434 166 69 noch
576 3463 108 57 gar
719 3435 179 70 nicht
931 3431 336 74 entdeckte
1303 3430 451 77 Chansonette,
1805 3422 331 74 entzückte
2167 3422 126 71 den
2327 3418 242 73 Militär-

357 3529 248 70 attache
647 3530 208 70 durch
888 3530 188 70 ihren
1112 3526 265 73 reschen
1405 3522 276 79 Dialekt,
1716 3520 125 71 den
1867 3548 68 43 er
1961 3516 405 74 bezaubernd
2392 3526 176 59 natür-

360 3618 122 72 lich
529 3620 177 83 fand,
760 3622 256 73 obwohl
1057 3624 137 69 ihm
1227 3619 142 86 jede
1404 3616 501 82 Redewendung
1938 3630 125 54 erst
2097 3642 67 41 in
2196 3610 106 71 die
2337 3606 233 74 Schrift-

361 3718 265 81 sprache
653 3719 323 71 übersetzt
1004 3718 255 71 werden
1287 3713 245 81 mußte,
1559 3709 241 74 worauf
1824 3737 67 43 er
1916 3740 110 48 sie,
2055 3737 125 42 von
2209 3702 394 74 niemandem

360 3812 327 81 angehört,
726 3841 120 42 nur
880 3812 105 71 für
1019 3813 160 79 sich,
1217 3841 66 41 in
1322 3810 103 69 die
1461 3806 281 86 Sprache
1775 3830 205 44 seiner
2015 3799 256 73 Heimat
2307 3797 296 82 übertrug

361 3905 136 70 und
530 3938 66 39 m
630 3907 494 85 Erinnerungen
1157 3938 83 39 an
1274 3906 106 71 die
1423 3901 225 74 Felder
1687 3898 136 73 und
1852 3898 399 72 Bäuerinnen
2286 3924 78 40 zu
2392 3892 211 70 Hause
