3477 4417
1599 143 63 54 47

624 290 132 43 Aus
788 285 215 44 Wien.

109 387 450 54 Opern-Theater.
616 383 45 38 In
707 392 184 27 unserem
931 379 163 52 vorigen
1127 378 182 41 Berichte
1342 380 132 38 halten
1522 378 75 41 wir

30 461 133 40 weder
198 457 263 53 Neuigkeiten
504 453 101 40 noch
638 449 194 52 Reprisen
864 461 46 27 zu
942 449 268 51 besprechen;
1256 450 164 39 diesmal
1460 450 137 51 ergeht

28 545 41 28 es
98 544 75 28 uns
202 533 100 38 eben
334 541 54 28 so.
425 526 116 40 Auch
573 524 70 38 der
674 522 223 39 December
924 520 190 40 verstrich
1145 521 104 39 ohne
1277 521 139 52 irgend
1448 521 149 40 welche

28 602 389 43 bemerkenswerte
447 599 288 45 Anstrengung
766 604 162 27 unseres
958 592 363 51 Opern-Theaters.
1376 594 74 38 Die
1481 593 98 39 berli-

27 688 72 27 ner
131 675 118 40 Gäste
280 674 37 38 in
348 672 114 39 ihren
495 667 225 40 bekannten
754 663 175 39 Balletcn
969 664 80 38 und
1082 664 104 39 Herr
1216 665 181 50 Steger
1441 665 37 39 in
1523 665 55 38 sei-

27 759 92 27 nem
150 745 109 40 nicht
287 743 157 40 minder
475 738 224 40 bekannten
734 735 272 39 Rollenkrcise
1046 735 174 39 bildeten
1262 736 74 39 den
1371 736 202 51 Haupt-Be-

28 816 210 40 stand:heil
269 815 69 38 des
368 808 243 52 Repertoirs,
641 806 83 38 und
753 806 48 38 da
832 806 63 38 ein
927 806 256 39 Unwohlsein
1218 807 68 38 des
1302 807 133 39 Herrn
1469 805 128 39 Beck

28 886 64 40 die
121 891 233 35 erwarteten
385 879 278 49 „Nibelungen
667 881 21 15 44
736 888 76 26 von
853 877 134 39 Dorn
1030 889 45 25 zu
1121 876 257 40 verschieben
1423 876 177 51 nöthigte

27 956 80 39 und
138 956 63 38 die
232 950 319 49 Wiederholung
590 947 190 40 mancher
821 947 174 39 anderen
1027 946 111 51 Oper
1167 946 228 50 unmöglich
1428 947 166 45 machte,

26 1039 44 27 $o
98 1027 144 38 dürfen
275 1023 71 39 \>ir
374 1034 74 26 uns
479 1020 108 38 nicht
616 1018 144 39 einmal
790 1017 174 40 darüber
1001 1017 208 48 wundern,
1255 1019 90 37 dass
1389 1018 99 38 auch
1533 1018 68 38 das

25 1098 142 52 übrige
214 1094 234 53 Repertoire
492 1091 91 40 kein
625 1089 279 40 musterhaftes
948 1101 95 27 war.
1100 1089 90 39 Von
1234 1090 70 38 der
1333 1088 266 51 Ausführung

27 1170 208 40 desselben
267 1167 123 38 Gutes
421 1175 46 26 zu
497 1161 208 52 sprechen,
737 1160 98 39 wird
864 1173 74 26 uns
968 1160 62 40 bei
1060 1160 90 39 dem
1182 1161 137 39 besten
1352 1161 145 38 Willen
1529 1171 47 27 un-

28 1239 185 52 möglich.
273 1236 88 39 Wir
393 1234 141 40 wissen
564 1232 111 39 recht
707 1232 115 44 wohl,
865 1232 149 38 welche
1047 1231 136 39 Kräfte
1213 1232 70 38 der
1314 1232 147 38 wiener
1491 1229 110 51 Oper

27 1323 48 27 zu
106 1310 155 40 Gebote
289 1307 137 39 stehen
473 1305 79 39 und
599 1303 73 40 wie
712 1303 90 39 sehr
832 1303 106 39 diese
969 1302 138 40 Kräfte
1137 1302 82 40 sich
1250 1302 224 45 abmühen;
1518 1300 79 38 und

28 1383 102 39 eben
161 1380 89 39 weil
282 1378 71 39 wir
381 1378 70 37 das
480 1375 270 45 anerkennen,
795 1373 158 40 können
997 1373 71 40 wir
1098 1375 75 38 den
1205 1375 53 37 oft
1288 1372 287 52 ausgesproche-

28 1468 77 27 nen
135 1451 244 42 Gedanken:
422 1448 126 48 „Was
580 1447 145 38 könnte
755 1446 104 39 wohl
891 1446 110 38 Alles
1040 1444 70 39 mit
1154 1444 134 40 diesen
1320 1444 165 39 Kräften
1517 1442 80 39 und

27 1528 135 38 diesen
190 1524 337 47 Anstrengungen
559 1517 180 52 geleistet
767 1516 182 40 werden!
952 1519 22 16 44
1004 1515 107 39 nicht
1128 1517 171 37 bannen.
1333 1516 96 37 Was
1453 1514 146 38 könnte

28 1600 109 38 Alles
166 1594 179 53 geleistet
374 1591 174 45 werden,
590 1601 115 27 wenn
736 1601 90 28 man
856 1589 69 38 auf
951 1599 222 39 sorgsames
1202 1585 270 46 Einstudiren,
1503 1585 76 39 leid-

30 1671 122 39 liches
180 1667 313 42 Inscenesetzen,
533 1660 161 40 Frische
733 1658 80 40 und
845 1657 265 52 Genauigkeit
1148 1657 51 39 im
1232 1657 228 45 Ensemble,
1506 1657 70 39 Cor-

30 1739 165 41 reetheit
236 1736 84 40 und
364 1731 289 44 Natürlichkeit
704 1730 54 39 im
804 1730 197 51 Vortrage
1044 1729 94 51 jene
1181 1729 126 39 Mühe
1361 1728 240 40 verwenden

32 1811 142 45 wollte,
204 1808 65 39 die
299 1818 90 27 man
420 1817 50 27 an
501 1805 194 43 rastloses,
724 1800 374 53 unerspriessliches
1121 1801 186 51 Drängen
1335 1801 80 38 und
1437 1800 164 45 Fletzen,

31 1893 48 28 an
112 1880 118 39 eitlen
261 1878 78 39 und
371 1874 283 52 kostspieligen
684 1873 113 39 Tand
842 1872 233 51 vergeudet!
1135 1872 131 38 Wenn
1297 1883 92 26 man
1419 1883 182 26 unserem

30 1951 265 47 „berühmten
299 1954 21 15 44
350 1947 215 40 Orchester
608 1945 175 50 weniger
821 1943 214 52 physische
1065 1944 285 48 Anstrengung
1381 1942 79 37 und
1491 1940 113 39 mehr

33 2021 265 51 Genauigkeit
326 2020 80 39 und
438 2018 108 39 Eifer
576 2017 239 45 zumuthete,
845 2027 81 27 wer
955 2014 127 46 weiss,
1113 2014 195 39 vielleicht
1329 2013 162 39 brächte
1510 2024 89 27 man

32 2106 41 27 es
105 2094 114 44 dazu,
258 2091 64 40 die
350 2088 238 51 unzähligen
621 2086 426 44 Gewohnheitsfehler,
1090 2085 71 39 mit
1190 2086 129 37 denen
1350 2095 40 28 es
1422 2083 182 47 behaftet,

32 2163 226 41 allmählich
289 2161 217 50 abzulegen
538 2159 82 38 und
651 2158 193 39 wahrhaft
873 2156 216 52 Tüchtiges
1119 2169 47 26 zu
1195 2156 151 38 leisten.
1380 2155 130 37 Wenn
1540 2152 63 39 die

32 2238 151 49 Sänger
212 2247 49 26 zu
291 2234 130 39 einem
452 2231 262 44 natürlichen,
744 2229 370 53 geschmackvollen
1134 2228 195 49 Vortrage
1359 2226 63 38 die
1444 2225 160 51 nöthige

32 2307 247 50 Aneiferung
310 2304 80 39 und
417 2297 220 56 Anleitung
665 2301 204 46 erhielten,
901 2300 73 39 wie
1005 2300 74 39 viel
1109 2298 239 41 Treffliches
1379 2297 145 39 könnte
1554 2297 50 39 da

32 2379 178 50 geleistet
239 2375 182 41 werden!
482 2374 86 38 Von
599 2385 170 27 unseren
802 2371 211 51 Operislen
1053 2372 130 38 haben
1214 2370 181 38 mehrere
1424 2368 180 39 offenbar

32 2448 186 51 Neigung
248 2446 80 39 und
360 2445 193 40 Geschick
585 2457 88 26 zum
705 2444 220 43 einfachen,
956 2442 248 40 natürlichen
1231 2440 242 50 Gesangsstil
1560 2450 43 27 so

33 2521 132 39 Fräul.
193 2519 188 51 Tietjens,
426 2517 130 39 Fräul.
590 2516 220 47 Wildauer,
853 2516 105 39 Herr
990 2516 42 36 W
1033 2516 7 9 T
1046 2514 64 46 olf,
1155 2514 106 39 Herr
1289 2511 177 46 Schmid,
1498 2510 106 39 Herr

33 2592 70 39 Erl
131 2615 59 22 —,
218 2591 168 38 manche
416 2589 164 38 Andere
609 2587 87 38 sind
727 2599 105 26 zwar
861 2586 70 39 auf
955 2598 99 38 ganz
1084 2584 186 39 falschem
1303 2583 140 51 Wege,
1485 2580 118 40 allein

34 2664 99 39 auch
164 2662 55 38 sie
249 2660 166 39 würden
445 2659 83 39 sich
558 2659 197 39 vielleicht
794 2658 191 39 belehren
1014 2657 139 38 lassen.
1213 2653 165 41 Welche
1409 2651 195 40 treffliche

33 2733 193 51 Sängerin
258 2732 132 38 hätten
423 2729 70 39 wir
523 2742 48 26 an
603 2730 130 38 Fräul.
763 2728 116 46 Cash,
921 2727 137 40 stände
1100 2726 62 39 ihr
1200 2725 277 39 Stimmansatz
1521 2722 81 38 und

34 2805 62 37 ihr
125 2803 173 51 Vortrag
329 2801 38 39 in
397 2800 208 52 richtigem
635 2798 273 42 Verhältnisse
938 2810 47 26 zu
1014 2798 77 38 den
1122 2796 282 39 vorhandenen
1425 2794 178 39 Mitteln!

37 2874 92 40 Wie
166 2871 297 53 bildungsfähig
508 2875 108 36 wäre
656 2871 108 40 Herr
795 2871 173 38 Walter!
1023 2869 59 46 Ja,
1123 2869 121 38 selbst
1285 2866 64 39 die
1391 2865 214 51 gefeierten

35 2945 205 51 Lieblinge
270 2944 69 39 des
367 2944 246 45 Publicums,
654 2942 64 40 die
748 2942 157 40 Herren
936 2941 150 47 Ander,
1115 2940 118 46 Beck,
1262 2939 149 49 Steger,
1453 2937 149 39 welche

34 3017 83 39 sich
148 3017 64 38 bei
242 3017 49 38 all
322 3015 113 39 ihren
466 3014 222 40 treff.ichcn
719 3013 306 50 Eigenschaften
1068 3011 182 39 dennoch
1291 3010 70 39 auf
1393 3010 208 50 Abwegen

34 3088 202 46 belinden,
279 3087 167 38 würden
486 3086 40 39 in
571 3085 187 51 richtiger
787 3084 231 51 Erwägung
1056 3082 105 40 ihres
1202 3081 167 50 eigenen
1400 3078 202 40 Vortheils

34 3159 83 39 und
145 3172 48 26 zu
221 3159 129 39 ihrem
378 3158 167 51 eigenen
576 3156 160 40 Ruhme
766 3156 69 39 auf
860 3155 76 39 den
971 3155 101 49 Weg
1101 3155 109 38 edler
1237 3151 289 40 Natürlichkeit
1554 3162 47 27 zu

35 3231 128 49 gehen
193 3231 150 38 lernen.
390 3229 134 39 Allein
554 3229 120 39 ihnen
706 3229 102 37 allen
839 3226 95 40 fehlt
959 3225 92 51 jene
1081 3226 231 49 Anleitung,
1343 3224 150 38 welche
1522 3235 75 26 nur

36 3301 116 40 allein
195 3301 63 40 ein
299 3300 392 51 kunstverständiger
720 3300 183 42 Director
946 3298 51 38 im
1029 3295 174 40 Vereine
1247 3296 71 38 mit
1363 3294 237 40 erfahrenen

33 3372 84 40 und
145 3372 224 50 gebildeten
388 3371 264 52 Regisseuren
682 3372 80 37 und
782 3368 325 53 Capellmeistern
1137 3379 48 26 zu
1213 3367 129 50 geben
1371 3366 53 39 im
1455 3365 144 39 Stande

35 3447 106 36 wäre
182 3445 80 37 und
301 3443 121 39 deren
464 3443 196 39 sichtbare
689 3442 202 38 Resultate
921 3442 104 37 denn
1056 3439 100 38 auch
1195 3438 53 38 im
1281 3436 205 40 Publicum
1519 3435 80 39 und

34 3515 41 40 in
105 3514 70 39 der
204 3514 141 39 Presse
375 3515 114 37 mehr
512 3513 323 48 Aufmunterung
866 3511 134 39 finden
1032 3509 177 46 würden,
1237 3508 56 38 als
1320 3508 93 50 jetzt
1443 3506 157 50 einigen

35 3586 263 41 rereinzelten
330 3586 234 38 Versuchen
592 3582 256 41 thatsächlich
880 3596 49 25 zu
958 3583 116 38 Theil
1105 3581 111 38 wird.
1270 3579 152 39 Ausser
1462 3579 137 38 diesen

36 3657 264 53 allgemeinen
331 3657 322 49 Betrachtungen
680 3654 49 39 ist
757 3654 68 38 das
856 3652 233 51 Repertoire
1130 3650 109 40 nicht
1276 3650 194 51 geeignet,
1513 3649 87 38 eine

37 3736 162 34 erneute
242 3730 285 51 Besprechung
565 3726 328 46 hervorzurufen;
936 3725 72 38 wir
1053 3728 175 35 müssten
1272 3722 64 40 bei
1380 3722 72 38 fast
1488 3720 114 51 jeder

38 3802 109 51 Oper
175 3814 77 26 von
282 3801 153 39 Neuem
466 3800 70 38 auf
559 3802 76 36 den
667 3797 304 41 unnatürlichen
1003 3795 171 50 Vortrag
1217 3794 204 40 mehrerer
1451 3792 151 51 Sänger

37 3874 80 37 und
148 3873 70 39 auf
241 3873 69 38 das
339 3871 198 40 schlechte
566 3870 215 40 Ensemble
812 3866 233 41 hinweisen.

119 3944 90 39 Von
240 3943 75 39 den
336 3940 443 51 Ilelmesberger'schen
809 3934 670 52 Quartett-Productioncn
1510 3933 92 39 fand

38 4016 64 38 die
147 4015 165 39 vierte
351 4026 63 27 am
443 4013 63 39 21.
537 4013 224 39 December
789 4023 34 27 v.
851 4011 36 38 J.
917 4010 111 37 Statt.
1083 4005 67 40 Sie
1192 4007 137 37 wurde
1369 4005 126 39 durch
1540 4005 64 40 ein

39 4085 314 40 Herbeck'sches
382 4085 182 48 Quartett
592 4082 179 45 eröffnet,
799 4093 47 27 an
878 4078 191 40 welchem
1098 4077 82 39 sich
1210 4076 65 39 die
1304 4076 300 40 verderblichen

40 4155 148 51 Folgen
219 4157 70 38 der
318 4168 42 27 so
389 4159 227 47 genannten
644 4150 366 43 Schumann'schen
1029 4147 146 41 Schule
1203 4145 173 39 deutlich
1408 4146 172 41 nachwei-

1698 289 72 28 scn
1799 277 144 41 lassen.
1972 278 46 39 In
2050 277 156 43 keinem
2238 278 70 41 der
2339 278 81 41 vier
2439 279 115 39 Sätze
2584 277 50 40 ist
2664 275 64 42 ein
2755 274 184 48 schöner,
2969 275 203 42 einfacher
3201 277 52 41 Ge-

1694 348 131 40 danke
1854 348 84 41 klar
1967 350 251 52 ausgeführt;
2264 350 198 40 vielleicht
2510 348 139 40 würde
2692 347 64 40 ein
2804 346 145 40 öfteres
2977 347 191 40 Anhören
3207 347 69 41 des

1694 418 202 49 Quartetts
1926 419 178 41 einzelne
2134 421 102 39 feine
2267 423 108 49 Züge
2407 420 111 39 darin
2551 419 220 39 entdecken
2801 418 146 45 lassen,
2970 418 73 39 der
3072 417 202 42 Eindruck

1693 490 70 39 des
1792 489 162 41 Ganzen
1987 492 97 38 wird
2116 491 235 40 schwerlich
2386 491 41 51 je
2458 489 63 40 ein
2556 489 304 40 wohlthuender
2900 488 101 41 sein.
3060 488 216 41 Entweder

1693 559 48 40 ist
1765 561 132 39 Herrn
1927 560 188 40 Herbeck
2146 573 71 38 gar
2245 560 129 39 nichts
2398 559 248 51 eingefallen,
2675 559 96 40 oder
2800 574 42 26 er
2873 560 66 39 hat
2968 560 85 40 sein
3079 558 171 52 Möglich-

1693 635 77 35 stes
1797 630 160 51 gethan,
1989 643 67 26 um
2088 631 64 39 die
2183 630 270 51 Verbreitung
2483 629 132 39 seiner
2646 629 119 39 Ideen
2794 643 47 26 zu
2871 631 256 40 verhindern.
3160 630 117 40 Diese

1693 701 338 51 eigentümliche
2076 702 280 49 Erscheinung
2404 700 101 50 zeigt
2547 699 83 39 sich
2674 700 40 38 in
2744 699 78 39 den
2852 701 178 41 Werken
3084 701 194 41 mancher

1695 769 286 53 Componisten
2013 783 164 28 unserer
2198 770 105 47 Zeit;
2333 770 157 40 möchte
2520 769 86 40 sich
2635 769 101 39 doch
2762 769 116 52 jeder
2906 782 75 28 von
3012 772 121 40 ihnen
3163 773 113 40 einer

1695 843 187 38 besseren
1912 841 193 47 Einsicht,
2149 841 130 40 einem
2324 853 290 38 sorgsameren,
2660 840 385 51 fruchtbringenden
3088 845 184 41 Studium

1695 912 71 39 der
1796 911 198 41 Classiker
2024 912 214 49 hingeben,
2284 912 79 38 und
2406 913 117 50 möge
2567 912 71 39 der
2664 910 177 40 Himmel
2881 912 122 50 jeden
3046 924 75 28 von
3153 915 118 40 ihnen

1693 996 71 27 vor
1803 996 43 26 so
1887 983 309 51 ungeschickten
2227 982 216 40 Freunden
2488 983 230 46 bewahren,
2761 982 76 40 wie
2881 993 33 29 z.
2944 982 45 40 B.
3037 983 234 52 diejenigen,

1695 1054 151 39 welche
1878 1054 133 38 Herrn
2043 1054 185 39 Herbeck
2259 1055 100 38 nach
2391 1055 70 38 der
2478 1055 261 51 Aufführung
2769 1054 131 41 seines
2929 1054 218 40 verfehlten
3178 1055 72 40 Pro-

1694 1125 137 39 duetes
1862 1125 286 39 hervorriefen.
2200 1125 71 39 Die
2302 1126 143 38 darauf
2469 1126 186 47 folgende
2685 1127 146 39 Sonate
2859 1138 79 28 von
2966 1126 123 39 Raff
3115 1126 141 40 intcres-

1694 1197 69 39 sirt
1804 1196 126 40 durch
1971 1195 178 41 einzelne
2190 1196 218 39 melodiöse
2438 1196 266 52 Lichtpunkte
2751 1197 80 39 und
2875 1197 126 40 durch
3046 1196 63 40 ein
3154 1201 119 35 etwas

1694 1268 306 45 excentrisches,
2032 1269 96 38 aber
2156 1269 209 50 schwung-
2396 1269 80 38 und
2509 1269 405 51 phanlasie-erfülltes
2948 1269 161 45 Wesen,
3153 1267 123 42 bildet

1694 1341 95 37 aber
1832 1338 89 40 kein
1963 1339 208 50 organisch
2220 1340 77 38 reif
2335 1340 259 49 gewordenes
2626 1340 148 40 Ganze.
2829 1340 118 40 Auch
2979 1338 89 40 sind
3099 1337 168 41 manche

1695 1410 162 51 Längen
1886 1410 136 45 darin;
2053 1411 70 37 das
2152 1410 157 51 Adagio
2340 1412 117 45 wäre,
2488 1423 66 26 um
2584 1411 64 39 die
2678 1410 135 40 Hälfte
2841 1411 179 51 gekürzt,
3048 1411 76 39 viel
3156 1408 95 43 wirk-

1694 1491 143 30 samer.
1871 1482 72 39 Die
1973 1480 260 52 Aufführung
2265 1493 80 27 war
2374 1481 89 38 eine
2493 1481 265 50 vorzügliche.
2804 1481 107 40 Herr
2938 1481 206 40 Helmes
3162 1482 79 39 ber-

1695 1565 90 38 ger
1814 1552 140 51 spielte
1983 1551 73 40 mit
2084 1552 206 52 Schwung
2319 1552 84 39 und
2435 1552 160 46 Gefühl,
2642 1552 107 39 Herr
2793 1552 272 39 Pruckncr
3106 1551 154 41 einfach

1695 1622 199 40 natürlich
1936 1624 81 37 und
2061 1622 70 39 mit
2173 1629 146 33 zartem
2362 1624 242 50 Anschlage.
2661 1624 86 38 Den
2778 1622 215 41 Beschluss
3020 1623 155 40 machte
3206 1623 62 41 ein

1696 1693 183 47 Quartett
1907 1705 77 28 von
2013 1692 386 46 Mendelssohn,

1776 1791 81 38 Am
1878 1788 65 40 28.
1966 1789 223 39 December
2219 1801 33 28 v.
2272 1789 36 39 J.
2339 1789 92 39 fand
2463 1789 69 39 das
2561 1789 183 40 zweite
2775 1787 499 53 philharmonische

1697 1861 224 41 Concert
1962 1860 110 39 Statt.
2127 1860 184 40 Mende
2329 1860 222 39 Issohn's
2598 1859 286 48 „Meeresstille
2926 1860 82 39 und
3051 1857 221 54 glückliche

1698 1932 120 40 Fahrt
1820 1935 22 16 44
1872 1930 190 41 eröffnete
2093 1942 53 28 es.
2178 1931 73 39 Die
2280 1930 138 40 zweite
2447 1931 197 39 Nummer
2672 1943 80 27 war
2782 1931 90 39 eine
2902 1928 281 52 ursprünglich
3212 1930 62 38 für

1697 2002 121 49 Orgel
1848 2002 300 50 geschriebene,
2192 2013 75 27 von
2299 2002 132 38 Herrn
2463 2001 156 39 Esser
2658 2000 202 52 geschickt
2892 2001 81 38 und
3004 1999 184 40 wirksam
3218 1998 58 40 in*

1696 2072 270 40 strumentirte
1994 2072 208 47 „Toccata'
2208 2076 8 15 4
2247 2083 75 27 von
2352 2071 39 39 S.
2423 2072 119 44 Bach,
2573 2072 152 39 welche
2756 2072 70 39 mit
2854 2071 212 52 gehöriger
3091 2067 183 54 Energie,

1696 2146 97 38 aber
1834 2143 105 39 ohne
1968 2142 256 51 Schattirung
2268 2142 81 38 und
2392 2142 39 38 in
2475 2142 250 51 keineswegs
2763 2142 325 51 regelmässigem
3118 2141 151 51 Tempo

1696 2216 232 44 ausgeführt
1958 2214 158 46 wurde;
2161 2214 64 38 die
2255 2213 116 39 dritte
2413 2215 191 37 ebenfalls
2645 2215 88 38 eine
2777 2224 78 29 neu
2886 2213 242 40 bearbeitete
3156 2211 114 41 Anti-

1770 2248 22 18 D
3205 2248 3 34 .
3221 2255 12 27 f

1697 2287 137 52 quität,
1877 2285 173 40 nämlich
2080 2285 88 39 eine
2198 2284 98 40 Arie
2326 2296 70 27 aus
2425 2285 192 39 Händel's
2646 2285 197 47 „Rinaldo
2848 2288 21 16 14
2872 2314 9 18 ,
2926 2296 74 27 von
3030 2283 236 52 Meyerbeer

1697 2358 72 38 mit
1797 2356 217 52 passender
2044 2355 470 52 Orchester-Begleitung
2544 2356 205 39 versehen.
2805 2356 104 38 Frau
2940 2354 198 51 Csillag
3176 2365 98 40 sang

1697 2429 109 39 diese
1834 2427 99 40 Arie
1964 2427 70 39 mit
2064 2427 344 50 wohlklingender
2436 2426 179 47 Stimme,
2664 2428 96 38 aber
2800 2427 126 39 leider
2967 2426 102 38 auch
3099 2424 41 40 in
3167 2424 109 40 ihrer

1696 2502 54 38 oft
1781 2500 209 50 beklagten
2020 2497 331 51 Vortragsweise,
2395 2499 148 38 welche
2573 2498 39 39 in
2642 2497 317 40 fortwährender
2998 2495 277 42 unmolivirter

1698 2572 299 49 Abwechslung
2026 2569 198 39 zwischen
2255 2570 193 38 tonlosem
2481 2570 125 39 Piano
2636 2570 80 39 und
2746 2570 165 51 grellem
2936 2566 342 42 Herausschreien

1699 2643 71 40 der
1799 2642 134 40 hohen
1963 2642 128 39 Noten
2123 2642 167 39 besteht.
2348 2641 154 39 Darauf
2538 2642 118 49 folgte
2697 2641 66 39 die
2792 2639 238 41 ß-Sinfonie
3059 2652 76 27 von
3165 2638 92 41 Beet-

1699 2715 144 46 hoven,
1871 2726 76 27 von
1978 2714 121 38 deren
2130 2712 261 52 Aufführung
2421 2714 183 39 dasselbe
2640 2713 83 51 gilt,
2765 2712 74 39 wie
2886 2723 77 27 von
3006 2711 74 38 fast
3119 2713 133 36 sämmt-

1700 2787 133 39 lichen
1864 2786 240 50 Leistungen
2133 2786 70 38 der
2232 2784 323 52 gegenwärtigen
2589 2784 387 45 Philharmonisten;
3022 2782 58 39 sie
3119 2781 89 40 sind
3237 2781 39 39 in

1697 2859 115 50 jeder
1843 2857 227 49 Beziehung
2100 2856 226 51 genügend,
2368 2855 39 39 in
2438 2855 138 40 keiner
2605 2855 241 52 vorzüglich.
2902 2855 80 39 Am
3013 2854 137 39 besten
3179 2853 96 51 ging

1703 2930 71 38 das
1796 2928 171 51 Adagio,
1996 2927 172 40 welches
2195 2928 124 39 schon
2349 2927 124 39 durch
2500 2927 70 39 das
2601 2927 154 50 würdig
2785 2927 216 50 langsame,
3030 2927 243 47 consequent

1705 3001 282 51 festgehaltene
2018 2999 154 50 Tempo
2218 2998 90 40 eine
2346 2997 167 52 gewisse
2544 2998 144 39 Weihe
2735 2997 141 40 erhielt
2918 2996 81 40 und
3029 2999 150 36 correct
3206 3006 44 39 ge-

1702 3072 116 51 spielt
1847 3071 150 40 wurde.
2039 3070 169 47 Schade,
2253 3071 87 38 dass
2370 3071 65 38 die
2464 3070 229 51 Stimmung
2722 3070 71 39 der
2822 3069 351 39 Blasinstrumente
3202 3065 72 41 mit

1699 3147 72 38 der
1798 3144 71 40 der
1898 3142 169 51 übrigen
2097 3142 109 39 nicht
2234 3154 97 38 ganz
2352 3142 383 39 übereinstimmend
2761 3152 92 27 war.
2887 3140 70 39 Die
2987 3136 170 52 übrigen
3187 3137 86 40 drei

1698 3218 114 39 Sätze
1842 3215 165 39 würden
2035 3225 72 27 uns
2137 3213 210 51 befriedigt
2377 3213 144 47 haben,
2551 3224 117 28 wenn
2699 3224 90 26 man
2820 3211 106 39 nicht
2954 3222 80 27 von
3064 3210 104 39 allen
3187 3208 66 40 Sei-

1698 3294 65 35 ten
1794 3289 65 40 auf
1886 3286 63 39 die
1978 3283 127 41 vielen
2136 3284 173 46 Proben,
2352 3283 65 40 die
2446 3284 106 39 Herr
2583 3283 145 40 Eckert
2769 3282 273 40 veranstaltete
3081 3280 84 40 und
3208 3278 70 42 auf

1698 3361 65 39 die
1791 3357 221 41 vollendete
2043 3355 234 40 Virtuosität
2313 3355 71 38 der
2424 3355 179 39 dadurch
2645 3354 182 39 erzielten
2859 3353 244 50 Leistungen
3135 3351 115 51 hinge-

1698 3431 148 39 wiesen
1878 3429 118 39 hätte.
2041 3425 315 50 Aufführungen
2384 3426 244 50 gegenüber,
2658 3424 147 38 welche
2834 3422 117 40 ihren
2980 3421 294 50 Schwerpunkt

1697 3501 142 40 darauf
1863 3501 127 48 legen,
2019 3499 81 37 und
2131 3496 150 40 welche
2311 3496 212 52 allgemein
2553 3496 69 38 mit
2650 3494 134 39 bisher
2825 3493 111 39 nicht
2964 3506 100 38 ganz
3093 3491 157 41 verdien-

1698 3577 66 35 ten
1789 3569 393 49 Lobeserhebungen
2213 3568 183 50 begrüsst
2426 3567 170 44 werden,
2645 3565 142 40 dürfen
2827 3564 75 39 wir
2932 3564 104 39 wohl
3067 3568 202 46 strengere

1697 3642 337 48 Anforderungen
2079 3640 139 38 stellen
2261 3640 79 36 und
2384 3638 63 38 die
2489 3636 258 39 thatsächlich
2789 3635 197 52 mögliche
3015 3633 258 53 Vollendung

1698 3712 318 51 beanspruchen.
2060 3710 137 40 Dieses
2227 3708 183 40 Prädicat
2439 3708 214 49 vermögen
2685 3706 72 39 wir
2796 3707 97 38 aber
2925 3706 132 39 weder
3086 3706 72 39 der
3189 3704 63 40 Lei-

1698 3789 118 45 stung
1846 3784 70 37 des
1949 3780 242 52 Dirigenten,
2233 3779 103 38 noch
2373 3779 71 37 der
2483 3777 70 39 des
2584 3777 236 39 Orchesters
2862 3776 249 50 beizulegen.
3167 3774 106 41 Herr

1699 3854 149 42 Eckert
1877 3852 130 40 taclirt
2036 3857 106 40 matt,
2186 3849 269 42 unbestimmt,
2498 3849 106 39 ohne
2629 3849 95 50 jene
2752 3848 132 47 Buhe,
2928 3847 150 39 welche
3106 3845 65 40 die
3200 3844 49 40 Er-

1699 3926 184 49 fahrung,
1910 3923 105 39 ohne
2042 3922 93 50 jene
2166 3918 183 52 Energie,
2378 3919 152 39 welche
2561 3920 64 38 die
2655 3918 290 52 Begeisterung
2973 3917 98 51 gibt.
3098 3917 81 40 Das
3198 3915 49 40 Or-

1700 3998 156 40 chester
1885 3994 184 39 entbehrt
2097 3995 38 36 in
2164 3991 174 51 gleicher
2371 3991 139 40 Weise
2538 3993 51 38 all
2613 3991 117 52 jener
2757 3988 412 42 unerschütterlichen
3199 3988 48 39 Fe-

1701 4069 159 52 stigkeit
1889 4068 108 39 eines
2026 4072 68 46 gut
2131 4064 298 51 eingeschulten
2470 4063 326 52 sieggewohnten
2826 4060 257 51 Tonkörpers
3112 4058 79 40 und
3220 4057 48 41 all

1699 4145 112 50 jenes
1840 4138 384 41 dahinstürmenden
2255 4138 147 40 Feuers
2427 4136 280 52 jugendlicher
2737 4135 299 52 Begeisterung.
3069 4132 202 42 Schnelle»
