2994 4318
475 405 176 61 THE
732 405 499 60 OLYMPIANS

1882 403 338 60 Lascelles
2272 398 484 63 Abercrombie

1569 3572 61 46 50

477 610 30 53 I
536 625 98 39 am
661 625 34 37 a
720 606 118 72 god
864 614 109 49 not
1000 614 106 64 apt
1131 607 94 56 for
1249 607 231 56 heaven
1506 607 121 55 and
1653 606 153 62 hell;

475 701 383 57 Measureless
887 703 108 69 joy
1025 703 121 54 and
1176 703 384 55 measureless
1589 720 141 44 woe,
1768 705 32 53 I
1834 719 99 37 am

477 795 124 57 The
628 803 243 65 rapture
899 797 139 57 that
1065 797 50 55 is
1145 804 109 50 not
1282 797 104 57 the
1413 797 200 62 world,
1649 797 92 55 for
1771 814 138 38 ever

475 892 323 56 Narrowed
826 892 129 57 into
987 892 104 57 the
1120 892 186 54 world
1338 892 119 54 and
1487 893 214 56 thence
1730 891 292 72 escaping.

479 990 123 53 But
634 1005 135 51 you,
809 987 165 57 what
1009 987 233 57 dreams
1277 1005 99 38 are
1406 1006 122 51 you
1553 993 20 49 ?
1661 987 185 57 What
1879 993 276 66 prompts
2186 1005 123 52 you
2342 986 149 72 gods

477 1081 158 57 That
661 1081 118 57 live
807 1101 64 37 so
901 1082 221 70 stately
1150 1082 61 56 in
1237 1101 153 51 your
1416 1084 231 55 heaven
1677 1081 120 57 and
1823 1082 136 63 hell,

475 1176 252 57 Order'd
756 1178 223 71 delight
1010 1178 119 54 and
1156 1178 283 57 bounded
1465 1178 148 72 grief
1637 1184 19 48 ?
1669 1212 78 6 —
1819 1180 141 55 You
1989 1197 100 38 are

474 1272 248 72 Naught
747 1273 114 56 but
887 1273 104 57 the
1018 1273 189 68 shifty
1232 1289 247 41 manner
1505 1274 61 55 of
1593 1273 122 57 this
1739 1273 117 63 life,

477 1364 157 59 That
664 1366 252 73 shaping
949 1367 157 70 eddy
1137 1367 193 56 which
1362 1368 150 56 hath
1542 1367 178 58 made
1752 1387 36 38 a
1818 1368 188 56 world

475 1465 75 53 In
578 1461 104 57 the
713 1462 179 69 abyss
918 1462 64 56 of
1010 1462 104 57 the
1142 1463 227 56 eternal
1396 1470 198 50 water.

475 1556 139 56 And
640 1556 132 56 who
799 1557 208 56 knows
1033 1564 109 50 not
1169 1557 138 57 that
1334 1557 199 57 eddies
1560 1559 147 55 slide
1736 1559 120 55 and
1885 1565 189 51 totter
2097 1564 20 49 ?

477 1651 125 56 The
630 1653 203 55 dream
861 1653 61 55 of
949 1654 303 67 you—the
1278 1654 215 56 formal
1520 1654 193 56 round
1740 1654 140 57 that
1905 1655 184 72 keeps

477 1747 250 58 Created
761 1747 103 57 the
897 1748 383 72 unpurposed
1313 1749 290 56 nameless
1636 1748 321 72 passion—

475 1846 104 66 My
609 1843 471 56 uncontrollable
1112 1843 203 57 dream
1345 1844 146 56 with
1522 1844 211 56 inroad
1764 1852 242 66 strange

474 1937 171 57 Hath
673 1937 167 57 often
868 1938 224 56 shaken
1115 1959 12 42 ;
1188 1957 131 38 now
1346 1938 50 57 it
1421 1938 110 56 has
1557 1941 187 56 burnt
1771 1959 218 54 among
2014 1960 124 51 you

477 2031 328 72 Withering
830 2050 121 51 you
979 2034 79 53 all
1085 2040 65 49 at
1174 2034 131 55 last.
1391 2031 187 58 There
1604 2034 50 55 is
1678 2035 234 72 naught
1937 2036 61 56 of
2022 2054 139 51 you,

475 2125 187 58 There
690 2128 49 55 is
766 2128 231 71 naught
1024 2129 114 56 but
1167 2147 35 36 a
1230 2147 129 36 new
1388 2128 204 57 dream
1621 2129 61 56 of
1710 2148 109 39 me.
1905 2134 158 53 How
2091 2131 118 59 else
2233 2138 20 49 ?

477 2222 123 57 The
629 2223 183 72 shape
841 2223 62 56 of
932 2224 105 55 the
1065 2224 185 56 whorl
1278 2224 109 55 has
1415 2223 213 57 stirred
1659 2227 119 54 and
1807 2227 272 72 changed
2103 2248 9 33 :
2172 2229 104 57 the
2304 2228 187 57 world

474 2322 62 52 Is
560 2337 79 37 no
664 2336 163 39 more
851 2318 165 57 what
1040 2318 50 57 it
1114 2338 122 37 was
1260 2319 170 55 when
1454 2337 122 51 you
1602 2338 152 40 were
1780 2322 236 58 dreamt

474 2415 91 53 Its
593 2412 237 71 images.
917 2415 123 54 But
1067 2412 51 57 it
1145 2412 49 56 is
1221 2420 109 49 not
1358 2431 103 51 my
1487 2412 158 64 hurt,

475 2507 117 55 For
617 2511 32 52 I
678 2525 97 41 am
804 2507 221 70 always
1052 2507 234 57 dreamt
1313 2507 119 56 and
1459 2515 64 49 to
1550 2510 76 54 be
1653 2510 247 59 dreamt.

550 2600 208 75 Apollo
783 2619 19 37 :
866 2605 124 53 But
1015 2603 168 55 there
1209 2603 118 54 will
1352 2604 76 54 be
1454 2622 108 36 our
1589 2604 117 57 like
1735 2606 175 71 again
1934 2628 11 33 :
2001 2606 60 59 in
2088 2608 150 72 gods

473 2695 125 57 The
624 2696 171 73 spirit
821 2698 119 54 will
964 2698 177 57 know
1169 2698 174 72 again
1369 2698 104 57 the
1500 2699 248 72 shapely
1776 2721 207 39 course

473 2792 137 54 And
639 2792 188 57 music
855 2792 62 56 of
946 2792 105 58 the
1080 2792 310 58 measured
1418 2793 198 56 world.

549 2912 302 58 Bacchus:
1656 2917 191 59 While
1876 2938 137 51 you,

474 3006 372 73 Timorously
874 3014 293 69 haunting
1197 3014 181 60 there,
1415 3011 264 73 applaud
1703 3019 9 48 !

474 3105 123 54 But
621 3109 111 51 not
756 3104 58 62 if,
850 3124 65 37 as
940 3109 31 52 I
998 3123 190 46 mean,
1222 3111 30 52 I
1279 3108 149 71 keep
1456 3107 104 56 the
1585 3108 187 72 spirit,

470 3199 151 54 Now
649 3201 31 53 I
709 3198 155 57 have
893 3199 78 56 all
998 3199 80 59 its
1106 3220 177 49 sway,
1321 3201 245 57 amazed
1594 3201 62 57 in
1683 3203 140 75 long

471 3291 284 74 Thrilling
789 3293 203 59 dream
1025 3296 61 56 of
1118 3295 320 58 incredible
1471 3296 187 58 desire

471 3387 326 73 Forsaking
828 3390 122 56 still
979 3390 80 58 its
1090 3399 378 61 momentary
1500 3394 193 54 round
