2994 4318
307 404 176 64 THE
566 407 507 63 OLYMPIANS

1731 414 343 62 Lascelles
2125 417 485 62 Abercrombie

1399 3585 57 46 37

303 614 162 68 I,apt
490 629 84 54 up
603 614 306 71 strangely
938 616 121 56 and
1087 617 173 73 slung
1288 635 78 37 on
1393 616 94 57 his
1514 619 228 58 wicked
1769 621 156 57 back

303 706 55 56 A
385 706 155 57 dead
564 706 165 71 baby
753 714 9 48 !
819 713 30 53 I
877 719 278 56 warrant,
1190 711 75 57 he
1291 711 164 57 deals
1479 713 63 55 in
1570 715 166 57 them
1760 737 11 43 ;

302 804 98 55 He
430 803 51 56 is
513 821 35 38 a
580 807 308 55 sorcerers'
923 824 259 56 monger.
1267 810 31 55 I
1331 808 198 56 would
1559 810 179 56 know

301 901 165 54 More
494 899 62 56 of
585 898 141 65 him,
761 901 48 57 if
834 902 76 57 he
937 911 196 49 wants
1158 922 104 51 my
1290 903 150 57 skill.
1524 904 141 58 And
1693 907 104 57 the
1824 908 174 64 wind,

301 993 194 57 When
524 995 77 57 he
628 1014 171 40 came
829 997 76 64 in,
941 998 103 56 fell
1073 998 174 58 down
1276 998 156 58 from
1462 1000 232 73 noising
1724 1003 166 63 aloft,

300 1090 318 73 Headlong
647 1091 178 58 down
856 1115 66 37 as
950 1114 35 37 a
1015 1095 196 57 drunk
1238 1113 144 39 man
1408 1095 151 65 falls,
1595 1097 133 58 who
1757 1118 144 38 runs

303 1183 181 57 Blind
515 1185 121 56 and
668 1186 286 75 shouting
984 1208 145 38 over
1159 1209 35 36 a
1224 1189 155 57 cliff:
1440 1190 197 59 belike

302 1279 160 60 That
490 1299 210 41 means
728 1302 166 39 some
923 1285 229 58 wicked
1180 1287 205 71 league
1413 1306 141 53 goes
1582 1288 247 57 faithful
1857 1289 147 59 with
2033 1290 140 58 him.
2180 1323 78 9 —

303 1377 221 57 Whose
554 1378 50 57 is
632 1379 123 58 this
783 1381 167 71 baby
975 1387 19 50 ?
1082 1386 176 53 Have
1285 1401 123 51 you
1437 1384 305 72 strangled
1771 1386 51 56 it
1846 1392 19 48 ?

377 1492 121 56 Son
523 1510 19 38 :
607 1492 127 59 The
762 1514 193 53 grasp,
992 1517 111 44 see,
1139 1497 63 56 of
1230 1497 173 56 those
1431 1499 302 73 wavering
1763 1499 194 57 hands
1985 1501 198 56 would
2212 1520 197 40 scarce

300 1588 279 72 Strangle
611 1609 35 36 a
677 1608 202 39 worm.

378 1703 108 57 Old
519 1706 155 54 Man
700 1722 20 40 :
860 1708 139 55 You
1030 1707 131 56 said
1191 1708 104 56 the
1323 1707 161 56 wind
1514 1708 123 56 had
1666 1710 182 57 fallen
1873 1716 19 48 ?

297 1802 138 61 Yes,
472 1801 200 69 surely
701 1801 51 57 it
780 1801 199 56 would
1002 1823 10 34 :
1070 1806 31 53 I
1131 1802 216 57 should
1375 1802 158 59 have
1561 1805 185 57 noted
1775 1806 64 56 it.

298 1896 245 64 Indeed,
579 1896 149 70 they
754 1896 201 56 would
983 1899 114 54 call
1125 1899 50 56 it
1200 1899 96 62 off,
1331 1899 233 57 whistle
1592 1900 50 57 it
1667 1900 157 57 back

298 1990 87 57 To
411 1992 233 64 kennel,
677 2011 136 36 now
838 1993 52 56 it
914 1993 111 56 has
1049 1993 250 57 worried
1324 1993 126 57 him
1477 2000 65 51 to
1571 1994 198 58 death.

300 2091 30 54 I
357 2087 171 73 pickt
551 2087 127 57 him
703 2106 99 53 up,
837 2088 122 56 and
982 2089 144 56 bore
1150 2089 126 57 him
1302 2089 62 56 in
1388 2107 105 52 my
1520 2108 160 40 arms

296 2182 236 65 Hither,
566 2201 149 38 soon
743 2201 66 38 as
834 2186 31 53 I
891 2185 176 55 knew
1091 2185 76 57 he
1191 2204 122 36 was
1338 2191 65 51 to
1431 2185 111 57 die.

301 2282 124 54 But
456 2280 139 56 that
622 2280 175 56 fierce
825 2280 210 54 hound
1064 2280 64 57 of
1158 2299 34 37 a
1222 2287 187 50 storm
1439 2300 123 38 was
1592 2281 155 58 after
1775 2301 73 38 us

297 2374 99 56 All
420 2393 106 52 my
551 2374 333 72 stumbling
908 2393 136 51 way
1067 2394 11 43 ;
1131 2375 51 57 it
1206 2381 131 51 tore
1364 2383 65 50 at
1453 2375 141 64 him,

296 2469 141 57 And
460 2470 148 57 with
635 2489 34 37 a
692 2470 277 57 hundred
994 2470 273 56 dreadful
1291 2472 317 72 snatching
1629 2472 150 72 jaws

297 2564 220 57 Would
545 2564 132 73 jerk
705 2566 127 55 him
860 2566 157 55 from
1046 2566 104 55 the
1178 2564 125 57 fold
1331 2567 62 54 of
1420 2585 105 52 my
1554 2568 322 71 trembling
1905 2587 159 38 arms

296 2660 217 57 Where
540 2661 76 56 he
642 2661 102 68 lay
773 2660 302 73 snuggled,
1111 2660 389 73 whimpering
1529 2668 65 51 to
1623 2663 76 56 be
1727 2663 138 56 safe.

294 2755 141 57 And
468 2764 192 49 terror
693 2764 68 49 at
791 2757 121 56 last
943 2757 63 55 of
1040 2756 80 56 all
1153 2756 138 57 that
1322 2756 216 58 hatred
1568 2757 224 73 yelling

297 2855 143 55 Into
468 2851 96 56 his
589 2851 132 56 face
752 2851 120 56 and
899 2850 197 72 biting
1125 2858 66 50 at
1218 2851 91 56 his
1336 2851 179 57 limbs

294 2947 232 57 Forced
552 2945 186 59 death
762 2966 165 53 upon
954 2947 125 55 him
1102 2967 12 43 ;
1168 2947 75 57 he
1267 2966 122 38 was
1415 2967 66 38 so
1506 2950 183 61 weak,
1723 2968 67 37 so
1816 2950 169 56 weak
2008 2971 11 43 ;

298 3043 228 57 Breath
554 3041 179 58 could
759 3049 112 51 not
895 3043 121 56 live
1044 3042 62 56 in
1135 3042 147 57 such
1312 3062 35 37 a
1374 3043 229 58 shaken
1630 3044 180 71 body.

294 3138 80 60 So
402 3140 50 55 it
479 3138 50 56 is
555 3138 194 57 ended
776 3156 169 46 now;
999 3156 136 38 now
1161 3138 76 56 he
1262 3137 50 57 is
1335 3157 185 51 yours

294 3234 88 57 To
409 3232 166 57 wash
603 3232 121 57 and
747 3234 158 68 bury
928 3253 10 34 :
995 3232 121 56 and
1140 3232 118 56 will
1281 3251 122 51 you
1431 3242 100 50 eat
1554 3234 94 57 his
1674 3234 122 57 sins
1820 3240 19 51 ?

372 3348 229 57 Mother
625 3364 20 40 :
707 3348 97 56 An
833 3366 143 50 easy
1004 3345 305 59 mouthful
1338 3347 153 63 that,
1525 3367 150 53 poor
1703 3349 171 56 bairn
1898 3354 11 48 !
1994 3350 111 69 Ay,
2141 3349 109 59 sad

296 3442 86 58 To
415 3442 179 60 think
625 3441 63 58 of
720 3441 80 55 all
830 3439 107 59 the
966 3441 168 68 lusty
1164 3441 262 57 cheerful
1458 3443 122 57 sins
