2994 4318
344 428 596 64 BLOODYBUSH
990 432 232 60 EDGE

1764 430 284 75 Wilfrid
2088 433 258 62 Wilson
2384 433 259 61 Gibson

1458 3626 63 44 24

339 631 223 60 Ghosts
586 638 9 49 !
652 635 138 68 why
818 636 104 57 the
950 636 174 72 night
1151 636 51 57 is
1231 637 77 56 all
1338 637 153 59 alive
1519 638 148 58 with
1693 638 225 72 ghosts,

338 726 222 60 Ghosts
592 730 62 54 of
687 730 154 57 dead
874 730 238 65 raiders,
1151 732 116 56 and
1305 732 155 58 dead
1490 735 441 62 cattle-lifters;

339 826 167 61 Poor,
544 825 272 59 headless
845 828 208 71 ghosts
1079 848 10 43 ;
1151 829 122 56 and
1302 829 208 72 ghosts
1541 830 148 57 with
1720 831 230 56 broken
1980 831 184 58 necks
2243 877 10 10 .
2342 877 10 9 .
2441 877 9 10 .

337 919 108 57 See
474 920 138 58 that
639 922 168 71 chap,
841 923 244 70 yonder,
1119 924 149 59 with
1301 925 99 58 the
1427 927 276 71 bleeding
1731 925 188 73 thigh,

337 1017 94 55 On
461 1035 36 37 a
524 1036 144 52 grey
694 1018 254 73 gelding,
983 1021 245 72 making
1255 1022 94 56 for
1377 1023 447 57 Hurklewmter
1825 1058 77 6 —

337 1111 53 56 A
426 1111 366 66 horse-thief,
837 1134 135 39 sure
1051 1162 10 10 .
1148 1163 12 9 .
1247 1163 11 10 .
1344 1119 140 55 And
1519 1119 106 57 the
1660 1119 245 72 ghostly
1942 1121 274 57 stallions
2251 1121 282 71 whinney

336 1206 85 56 As
456 1206 104 59 the
595 1209 242 71 ghostly
875 1228 220 40 reivers
1131 1212 167 58 drive
1335 1212 156 59 their
1526 1215 188 56 flocks
1750 1215 121 56 and
1907 1215 179 57 heids
2166 1261 9 10 .
2262 1261 12 10 .
2361 1261 10 10 .

324 1304 305 76 [listening)

336 1416 166 71 They
532 1437 98 40 are
659 1421 168 72 quiet
854 1440 169 38 now:
1081 1423 114 57 but
1222 1425 131 55 I've
1381 1426 169 56 often
1578 1425 188 58 heard
1794 1427 102 56 the
1924 1433 205 67 patter

333 1515 80 56 Of
444 1515 193 72 sheep,
675 1535 67 38 or
771 1517 104 57 the
905 1525 280 51 trot-trot
1214 1520 64 56 of
1308 1521 103 57 the
1442 1521 343 72 frightened
1814 1522 183 59 stirks

334 1611 192 56 Down
564 1611 117 57 this
717 1630 162 40 same
915 1614 147 56 road
1140 1660 11 11 .
1239 1660 10 11 .
1333 1658 16 15 .

417 1727 216 72 Tramp
659 1745 19 38 :
1005 1728 150 74 Stop
1192 1748 141 39 man
1359 1736 9 48 !
1432 1732 204 56 You'll
1670 1732 169 58 drive
1874 1752 95 40 me
2006 1754 176 52 crazy
2208 1742 8 50 !

333 1823 164 61 Let's
526 1825 131 54 talk
685 1842 80 39 no
797 1844 162 38 more
990 1826 63 56 of
1081 1826 208 72 ghosts
1315 1834 9 48 !
1383 1831 31 53 I
1447 1835 164 49 want
1641 1836 65 50 to
1738 1831 175 71 sleep.

333 1919 117 54 I'm
485 1917 313 73 dog-tired.
888 1966 9 8 .
987 1966 10 10 .
1084 1924 114 54 but
1233 1924 93 56 I'll
1364 1941 182 40 never
1583 1925 160 72 sleep
1785 1925 275 74 to-night.

334 2014 234 57 What's
596 2016 138 56 that
814 2062 206 10 ...
1106 2023 31 52 I
1165 2020 263 71 thought
1456 2024 29 53 I
1514 2021 186 58 heard
1767 2068 10 9 .
1867 2068 9 11 .
1964 2068 7 9 .
2045 2025 118 56 I'm
2191 2025 78 56 all
2299 2029 333 57 a-tremble.

333 2110 103 68 My
468 2128 144 52 very
643 2112 182 56 blood
854 2119 183 65 stops,
1073 2113 299 74 listening,
1409 2114 61 57 in
1501 2135 106 50 my
1636 2118 183 56 veins.

332 2208 115 54 I'm
485 2207 75 56 all
598 2215 65 49 to
700 2208 404 74 fiddlestrings
1184 2256 10 9 .
1282 2256 10 9 .
1380 2258 10 9 .
1477 2215 165 60 Let's
1681 2216 129 54 talk
1847 2217 61 55 of
1945 2217 268 64 London,

332 2302 137 56 And
499 2302 196 73 lights,
736 2303 119 58 and
887 2305 241 63 crowds,
1170 2306 119 56 and
1321 2325 245 39 women.
1655 2311 164 57 Once
1851 2315 30 53 I
1914 2320 126 49 met

332 2399 51 54 A
412 2399 155 72 chap
600 2399 59 57 in
696 2401 98 56 the
822 2401 110 56 bar
963 2401 61 56 of
1057 2399 124 61 The
1209 2404 211 56 World
1448 2401 240 61 Turned
1719 2408 231 71 Upside
1978 2411 208 61 Down,

332 2494 165 57 With
531 2496 168 56 three
732 2498 140 56 blue
905 2499 214 56 snakes
1152 2500 280 57 tattooed
1467 2503 233 54 around
1734 2504 93 56 his
1860 2505 198 57 wrist:

331 2590 53 56 A
412 2590 184 72 joker,
637 2592 72 57 he
741 2611 122 38 was
888 2613 9 42 ;
949 2593 121 56 and
1099 2594 165 57 what
1291 2594 75 57 he
1396 2596 198 58 didn't
1628 2598 183 57 know

327 2687 80 56 Of
437 2705 233 39 women
699 2688 104 57 the
831 2691 188 56 world
1048 2711 144 37 over
1218 2711 123 51 you
1367 2693 181 56 could
1576 2695 190 58 shove

329 2785 282 53 Between
642 2783 104 58 the
772 2785 125 56 nail
927 2786 121 55 and
1079 2787 102 56 the
1211 2787 194 74 quick,
1444 2789 121 55 and
1593 2809 185 39 never
1805 2792 117 58 feel
1950 2794 63 56 it.

325 2879 97 54 He
451 2879 130 56 told
607 2899 97 37 me
733 2880 140 57 that
905 2881 62 56 in
993 2884 355 71 Valparaiso
1378 2903 149 39 once

324 2974 55 55 A
413 2974 338 58 half-breed
778 2978 209 57 wench
1019 2979 142 58 that
1188 2979 76 57 he
1307 3026 9 9 .
1367 3026 9 9 .
1427 3025 8 10 .
1484 2982 129 64 but,
1651 2985 176 63 Lord,
1870 2985 214 59 what's
2120 2989 169 59 that!

329 3107 73 57 (A
442 3107 104 56 low
577 3109 218 58 distant
825 3112 185 56 sound
1043 3114 65 62 of
1132 3114 230 75 trotting
1391 3115 260 76 drawing
1682 3120 228 75 quickly
1943 3129 238 62 nearer).

327 3246 29 52 I
391 3242 262 72 thought
685 3247 30 53 I
750 3244 186 58 heard
978 3293 9 9 .
1037 3293 10 10 .
1098 3293 10 11 .
1156 3252 95 53 Do
1282 3269 124 50 you
1439 3250 145 58 hear
1614 3255 257 72 nothing
1895 3261 19 48 ?

400 3356 196 60 Dick:
1905 3373 264 72 Naught.

404 3454 216 74 Tramp
648 3472 19 38 :
732 3457 117 55 I'm
883 3458 77 56 all
992 3477 80 37 on
1104 3460 183 73 edge;
1348 3464 32 55 I
1414 3462 178 57 could
1622 3464 159 60 have
1813 3485 194 39 sworn
2039 3472 31 53 I
2103 3469 266 59 heard—
