2994 4318
417 410 179 61 THE
678 409 509 62 OLYMPIANS

1865 407 345 61 Lascelles
2246 406 489 62 Abercrombie

1547 3636 63 44 48

419 617 126 57 The
569 617 151 74 gods
746 617 62 57 of
833 616 136 63 hell,
1004 617 174 57 those
1203 617 278 56 cobwebs
1507 614 63 58 in
1594 633 156 53 your
1778 613 228 64 cellars,

417 715 334 73 Fine-spun
784 714 303 72 wavering
1120 712 116 59 silk
1268 712 63 57 of
1366 712 104 59 the
1501 712 215 59 nether
1752 711 137 63 dirt,

418 813 140 57 And
588 830 101 40 am
717 819 111 51 not
855 811 213 59 hellish
1098 811 204 59 either.
1392 814 197 53 Know
1616 829 124 52 you
1768 815 127 57 not,

419 914 153 54 Now
599 929 124 51 you
753 928 101 40 are
883 908 345 73 doddering,
1264 908 136 56 how
1429 908 105 56 the
1561 913 142 52 vast
1733 904 157 60 dead
1917 904 192 58 world

418 1007 194 63 Lives,
651 1026 66 38 as
747 1006 79 57 all
856 1006 186 58 death
1070 1006 165 62 lives,
1274 1022 66 39 as
1369 1003 157 58 dead
1554 1007 156 53 Zeus
1736 1002 122 57 will
1885 1002 122 58 live
2031 1007 20 51 ?

497 1124 211 75 Apollo
732 1140 20 40 :
832 1122 141 58 Will
1007 1122 121 59 live
1151 1128 20 50 ?

497 1241 263 57 Bacchus
786 1258 18 38 :
907 1243 75 53 In
1014 1246 292 67 maggots,
1344 1238 46 56 if
1421 1238 149 57 such
1599 1235 295 60 withered
1924 1235 152 59 stuff

422 1337 126 58 Can
576 1345 97 52 rot
701 1345 66 50 at
795 1337 93 57 all.
974 1337 141 57 And
1143 1355 68 38 as
1239 1335 184 58 death
1448 1333 151 59 lives
1625 1335 63 55 in
1715 1351 221 39 worms

421 1435 141 58 And
590 1435 205 75 points
826 1434 62 58 of
919 1434 148 57 finer
1099 1431 542 72 death-dissolving
1669 1430 118 63 life,

421 1534 127 57 The
576 1534 289 57 immense
894 1531 186 59 death
1108 1530 63 57 of
1199 1530 107 59 the
1331 1528 188 58 world
1546 1529 151 57 lives
1722 1528 64 57 in
1813 1526 166 74 gods,

423 1630 159 59 Bred
607 1630 64 56 in
696 1630 52 56 it
772 1630 86 69 by
886 1629 190 70 decay
1103 1628 63 56 of
1193 1627 190 69 unity.

421 1728 150 62 Like
597 1726 234 73 gentles
858 1726 149 57 with
1037 1724 158 59 their
1221 1730 221 68 potent
1467 1722 160 57 little
1655 1721 250 58 mouths

422 1823 315 73 Softening
767 1822 271 60 stiffen'd
1070 1821 185 58 death
1286 1827 66 51 to
1385 1820 104 57 the
1517 1818 185 59 broth
1733 1818 149 70 they
1912 1817 169 62 need,

421 1925 141 55 You
591 1921 150 73 gods
769 1920 198 57 workt
995 1920 62 56 in
1087 1919 106 58 the
1222 1937 239 39 carcase
1490 1916 62 57 of
1581 1916 107 59 the
1716 1915 191 57 world

423 2019 87 57 To
538 2019 151 57 melt
714 2018 81 57 its
823 2017 306 58 obstinate
1159 2014 199 63 death,
1396 2013 121 57 and
1545 2011 179 59 made
1750 2011 235 58 therein

425 2121 237 53 Powers
695 2114 121 57 and
844 2114 147 57 laws
1023 2113 122 57 and
1174 2111 150 57 fluid
1355 2109 337 59 obedience.

423 2213 141 58 And
591 2211 336 77 quickened
954 2230 81 43 so,
1067 2229 79 50 ye
1171 2227 154 38 were
1352 2207 105 58 the
1481 2207 104 56 life
1612 2207 62 56 of
1700 2204 108 59 the
1833 2204 189 58 world
2045 2225 13 43 ;

426 2315 126 53 But
578 2310 167 57 what
772 2326 201 40 comes
1001 2315 111 50 out
1138 2306 64 57 of
1231 2306 199 62 death,
1467 2305 187 57 death
1683 2305 175 57 takes
1888 2302 256 74 again.—

423 2409 98 56 He
546 2406 218 58 winces
786 2425 11 44 ;
854 2404 120 57 and
1000 2408 30 53 I
1058 2410 183 52 taunt
1265 2403 196 55 where
1486 2404 31 54 I
1545 2400 217 58 should
1788 2399 192 58 teach.

423 2511 163 54 lam
615 2511 104 52 too
747 2503 197 58 cruel:
1002 2504 31 55 I
1062 2500 122 58 will
1212 2500 150 58 shift
1388 2518 107 51 my
1521 2498 273 62 likeness,

423 2601 248 72 Making
696 2619 106 52 my
827 2599 197 58 lesson
1052 2605 110 50 out
1188 2597 62 57 of
1277 2596 176 73 sleep,
1488 2601 111 51 not
1626 2594 201 58 death.

425 2701 118 56 For
569 2719 113 38 one
708 2699 136 55 who
870 2697 192 73 sleeps
1087 2695 154 58 hath
1267 2693 62 58 in
1355 2693 106 58 the
1486 2691 189 60 midst
1700 2691 63 57 of
1790 2697 124 51 rest

427 2801 166 66 Busy
621 2795 282 64 creation,
939 2795 270 57 dreams:
1267 2791 149 70 they
1444 2809 101 38 are
1571 2789 254 63 himself,

425 2894 115 56 His
565 2893 308 57 unknown
898 2909 220 55 person
1146 2886 231 75 shaped
1404 2894 66 51 to
1498 2885 197 73 image
1720 2885 225 57 known
1968 2906 11 43 ;

426 2989 126 57 The
578 3008 187 51 many
792 2987 345 73 unflagging
1165 2986 142 57 toils
1331 2983 284 70 whereby
1641 2982 94 57 his
1762 2980 150 60 flesh

423 3086 356 74 Negotiates
804 3086 118 62 life,
957 3083 317 71 labouring
1303 3082 64 56 of
1394 3081 177 71 lungs

425 3187 139 58 And
591 3187 321 73 piston-jet
940 3186 61 56 of
1029 3184 185 58 blood
1244 3182 122 58 and
1391 3180 216 71 belly's
1635 3181 353 74 seething—

427 3285 126 57 The
582 3303 246 39 rumour
856 3284 63 56 of
949 3283 80 57 all
1057 3283 123 57 this
1208 3288 111 51 out
1345 3279 65 57 of
1437 3278 95 57 his
1557 3278 168 69 body

426 3382 228 59 Shakes
679 3381 63 55 in
767 3381 94 55 his
887 3379 367 71 slumbering
1278 3377 188 62 brain,
1503 3374 122 57 and
1649 3375 81 59 its
1757 3375 128 58 dull
1910 3374 234 60 motion

426 3478 190 57 There
651 3482 193 52 meets
878 3472 448 76 imagination's
1362 3471 279 73 sleepless
1678 3478 131 57 art;
