2994 4318
409 420 596 60 BLOODYBUSH
1053 418 235 60 EDGE

1842 413 275 75 Wilfrid
2163 416 257 61 Wilson
2455 413 258 61 Gibson

1555 3631 61 46 26

400 623 233 70 They'll
662 623 75 57 be
769 623 78 57 all
878 623 173 73 right.

479 739 151 56 Dick
656 757 17 38 :
738 740 131 69 Aye
894 744 9 48 !
978 737 118 56 and
1137 757 155 52 your
1334 739 298 56 brother's
1674 737 150 58 with
1867 736 182 57 them.

475 856 259 54 Drover:
802 854 256 56 Brother
1084 859 17 49 ?
1173 858 30 52 I
1242 854 155 56 have
1435 872 78 37 no
1551 853 248 57 brother
1880 897 9 9 .
1978 896 10 10 .
2077 896 9 9 .

482 967 151 57 Dick
658 985 19 38 :
1903 966 165 62 Well,
2120 966 72 56 he
2238 964 121 55 and
2398 981 125 51 you

399 1065 118 57 Are
549 1084 65 38 as
644 1065 118 59 like
795 1084 65 37 as
891 1084 259 54 peas—a
1181 1065 131 73 pair
1343 1065 62 56 of
1435 1063 455 72 gallows-birds.

400 1160 140 58 And
572 1162 75 57 he
679 1179 121 39 was
835 1162 236 71 driving
1108 1160 178 63 them,
1329 1160 120 56 and
1481 1160 320 71 walloping
1836 1159 168 57 them
2084 1204 11 10 .
2184 1204 8 8 .

478 1280 215 54 Drover
737 1277 265 75 [starting
1041 1284 52 49 to
1134 1282 129 64 run)
1298 1295 19 37 :
1383 1276 173 58 Good
1597 1276 167 58 God!
1838 1278 142 68 Just
2020 1273 144 58 wait
2205 1273 94 58 till
2340 1277 29 52 I
2413 1271 179 57 catch
2631 1289 84 53 up

558 1356 147 56 with
745 1356 158 56 him!

486 1472 149 54 Dick
666 1472 235 73 (calling
929 1472 142 73 after
1098 1470 137 70 him)
1270 1487 21 39 :
1355 1474 63 52 It
1443 1470 118 55 will
1588 1470 143 56 take
1758 1489 122 50 you
1910 1470 78 54 all
2015 1487 152 52 your
2194 1466 162 63 time,
2394 1465 120 56 and
2537 1482 176 44 more,

563 1574 62 50 to
665 1568 177 57 catch
878 1567 138 57 him.

487 1685 108 66 (To
638 1684 267 73 himself.)

404 1802 165 59 Now,
605 1802 30 53 I
665 1816 111 38 can
807 1799 157 70 sleep
995 1797 61 57 in
1084 1816 198 53 peace,
1317 1794 259 59 without
1603 1795 361 58 bedfellows.

408 1892 140 57 Two
578 1892 61 58 in
670 1913 34 37 a
733 1894 117 58 bed
880 1893 49 57 is
957 1912 114 40 one
1099 1901 104 49 too
1232 1911 186 51 many
1447 1893 296 56 form

408 1991 137 56 And
581 1991 145 57 such
762 2010 35 37 a
831 1991 396 72 clatter-jaw!
