2994 4318
1617 3602 63 45 56

2060 388 181 63 John
2271 379 453 66 Drinkwater

433 436 177 64 THE
654 430 198 65 NEW
898 417 388 69 MIRACLE

743 634 78 58 Of
847 628 101 60 old
961 643 141 40 men
1129 618 277 71 wrought
1431 620 244 61 strange
1703 603 152 76 gods
1879 600 94 56 for
2006 599 290 67 mystery,

821 718 310 78 Implored
1159 712 362 61 miraculous
1549 704 217 59 tokens
1802 698 65 57 in
1891 695 108 58 the
2025 690 174 61 skies,

741 822 141 61 And
912 820 118 72 lips
1061 815 141 57 that
1241 814 162 52 most
1429 822 153 38 were
1609 806 247 60 strange
1888 791 64 56 in
1977 784 315 78 prophecy

830 921 174 56 Were
1030 916 165 54 most
1230 900 332 65 accounted
1589 896 157 57 wise.

745 1074 129 56 The
898 1060 445 67 hearthstone's
1364 1068 335 46 commerce
1723 1048 276 56 between
2024 1042 167 51 mate
2226 1031 119 59 and
2372 1032 183 56 mate,

827 1173 228 52 Barren
1084 1160 61 57 of
1175 1154 256 62 wonder,
1467 1141 329 81 prospered
1822 1141 65 56 in
1914 1137 269 58 content,

750 1264 140 61 And
923 1261 123 58 still
1074 1258 106 57 the
1218 1254 228 69 hunger
1475 1247 60 55 of
1566 1241 155 59 their
1749 1234 268 72 thought
2046 1247 123 39 was
2206 1229 172 68 great

837 1361 119 56 For
985 1360 183 53 sweet
1196 1343 457 64 astonishment.

757 1513 139 61 And
924 1531 66 38 so
1018 1508 148 68 they
1192 1502 158 58 built
1378 1498 170 57 them
1590 1493 185 55 altars
1803 1485 62 57 of
1895 1485 227 56 retreat

847 1607 218 59 Where
1097 1600 156 57 life's
1280 1592 260 61 familiar
1581 1606 105 38 use
1714 1601 125 38 was
1867 1576 401 60 overthrown,

773 1704 141 59 And
931 1703 111 55 left
1074 1699 107 57 the
1209 1691 239 70 shining
1473 1682 190 60 world
1691 1681 191 55 about
1909 1672 161 58 their
2098 1671 139 58 feet,

856 1798 89 56 To
975 1793 194 59 travel
1192 1785 217 61 worlds
1434 1781 321 60 unknown.

1261 1907 28 32 *
1495 1899 27 32 *
1724 1894 30 31 ♦
1956 1888 27 29 *

766 2072 110 56 We
901 2068 230 68 hunger
1159 2058 136 59 still.
1371 2057 126 52 But
1524 2044 242 59 wonder
1793 2042 110 57 has
1937 2053 172 39 come
2144 2030 177 56 down

861 2165 184 57 From
1073 2158 157 58 alien
1258 2152 155 59 skies
1440 2162 166 57 upon
1630 2142 106 56 the
1761 2136 192 57 midst
1983 2133 61 56 of
2074 2147 105 44 us;

790 2260 128 57 The
936 2252 306 79 sparkling
1271 2246 316 71 hedgerow
1615 2235 120 58 and
1763 2233 105 59 the
1895 2231 339 56 clamorous
2260 2228 167 50 town

876 2358 179 53 Have
1083 2363 203 58 grown
1322 2335 374 61 miraculous.

796 2508 141 59 And
955 2523 146 38 man
1120 2503 157 55 from
1293 2495 95 57 his
1411 2492 91 55 far
1530 2482 323 70 travelling
1882 2484 239 50 returns

853 2604 89 56 To
967 2599 131 59 find
1120 2603 107 65 yet
1257 2600 277 59 stranger
1562 2580 254 58 wisdom
1845 2576 152 57 than
2023 2572 79 55 he
2131 2565 237 73 sought,

796 2699 221 58 Where
1042 2697 65 56 in
1131 2693 106 57 the
1262 2685 175 60 habit
1464 2682 61 56 of
1554 2679 92 55 his
1675 2669 312 63 threshold
2010 2669 192 56 burns

849 2786 478 69 Unfathomable
1364 2776 278 72 thought.
