3528 4445
1711 112 110 51 404

334 250 364 51 Coussemaker's
715 251 108 49 Plan
848 251 88 49 und
956 251 240 49 Grundriss
1218 253 52 47 ist
1293 270 45 31 so
1365 253 192 49 deutlich
1581 254 133 49 nicht.

214 327 85 49 Die
325 327 202 49 Vorrede
551 327 244 65 verspricht
816 327 78 49 das
924 327 69 49 bei
1020 327 193 49 Gerbert
1238 329 243 48 Vermisste
1510 338 177 40 nament-

214 405 84 48 lich
349 423 79 31 aus
467 405 100 48 dem
609 406 205 47 zwölften
860 406 86 47 und
990 405 286 49 dreizehnten
1310 407 314 49 Jahrhundert
1663 425 51 29 zu

213 481 207 65 bringen,
449 481 145 48 wobei
635 481 106 57 „der
769 484 373 62 Kirchengesang
1178 484 121 47 nicht
1328 485 83 46 den
1441 485 275 63 niedrigsten

214 560 130 62 Rang
374 559 256 64 behaupten
876 561 102 46 Nun
1009 561 52 45 ist
1091 561 110 46 aber
1229 561 121 47 nicht
1380 561 112 56 klar,
1524 562 189 47 welches

211 636 177 65 Princip
432 636 69 47 die
534 636 298 64 Reihenfolge
874 639 199 62 geregelt
1117 637 132 55 habe,
1293 639 146 47 indem
1484 656 121 30 zwar
1646 639 71 48 die

211 715 345 62 Hauptmänner
600 730 82 32 von
725 714 303 66 Hieronymus
1059 714 53 48 de
1142 716 200 47 Moravia
1387 716 64 47 bis
1498 716 218 65 Hanboys

211 790 166 63 (1250
386 790 240 64 —1470)
672 791 341 65 chronologisch
1054 792 221 62 geordnet
1309 794 174 55 stehen,
1525 795 70 46 die
1625 795 60 47 Ne-

211 867 279 48 benmänner
514 868 205 64 dagegen
800 886 237 49 anonyme,
1069 868 348 50 unbedeutende
1437 871 88 47 und
1550 871 136 47 werth-

211 945 113 47 volle
353 945 141 48 durch
524 945 216 48 einander
851 946 150 47 weder
1030 946 341 63 chronologisch
1412 948 114 47 noch
1558 947 130 47 didak-

209 1021 110 48 tisch
350 1022 214 48 einander
594 1022 161 64 folgen.
813 1023 83 47 Die
929 1023 201 47 Vorrede
1171 1026 251 55 unterlässt,
1464 1025 79 47 das
1576 1025 138 49 Wort

209 1098 79 49 der
319 1098 226 65 Ordnung
583 1117 51 31 zu
672 1116 162 47 sagen:
881 1100 61 48 sie
983 1101 98 63 gibt
1122 1101 78 48 das
1230 1102 355 64 Biographische
1625 1102 89 47 und

207 1175 419 67 Bibliographische
655 1176 241 65 allerdings
927 1178 77 46 mit
1036 1177 217 50 löblicher
1286 1180 319 62 Genauigkeit,
1644 1196 46 31 er-

207 1253 117 47 zählt
352 1253 109 49 aber
491 1271 80 31 von
603 1253 100 49 dem
736 1255 138 48 Plane
903 1255 76 48 des
1011 1256 179 48 Ganzen
1235 1257 154 47 weiter
1429 1257 163 56 nichts;
1636 1256 80 48 der

208 1332 113 47 Titel
352 1331 153 51 deutet
532 1350 82 32 uns
645 1350 74 42 an,
759 1332 101 50 dass
890 1333 80 49 wir
1001 1335 81 47 auf
1106 1335 96 48 eine
1234 1335 296 64 Fortsetzung
1562 1333 152 50 hoffen

206 1408 154 48 sollen.

326 1487 56 46 Es
413 1489 119 46 wäre
561 1503 90 31 nun
680 1487 152 48 solche
858 1486 179 68 Sylloge
1070 1484 320 69 qualiscunque
1417 1488 206 50 dennoch
1653 1491 63 47 als

204 1563 283 50 schätzbares
517 1564 205 50 Material
767 1566 363 57 anzuerkennen,
1173 1583 131 31 wenn
1347 1585 88 30 nur
1477 1567 114 48 eben
1636 1568 78 47 das

204 1642 225 48 Kritische
456 1643 90 47 sich
580 1643 268 48 mindestens
884 1643 42 48 in
957 1644 292 64 Herstellung
1279 1644 296 49 äusserlicher
1605 1644 82 50 Cor-

204 1719 188 47 reetheit
420 1719 257 65 kundgäbe.
708 1721 83 48 Ein
823 1721 462 49 buchstäblicher
1308 1722 218 48 Abdruck
1552 1723 138 47 mittel-

204 1797 253 49 alterlicher
495 1798 359 65 Orthographie,
896 1799 107 50 wie:
1055 1801 80 56 „he
1161 1801 102 48 note
1289 1815 85 49 que
1401 1799 123 69 lange
1552 1816 134 34 vocan-

214 1876 77 49 tur
298 1881 17 17 u
364 1876 98 55 ,und
484 1876 288 55 Aebnliches,
801 1877 79 63 gilt
910 1876 113 49 doch
1055 1877 136 48 heute
1220 1877 123 48 nicht
1373 1879 128 47 mehr
1530 1879 62 47 als
1624 1878 66 48 kri-

203 1952 159 48 tisches
383 1953 137 57 Ideal,
550 1956 143 47 zumal
721 1971 128 32 wenn
874 1972 50 31 zu
948 1954 86 49 den
1058 1954 264 50 offenbaren
1346 1956 367 49 Schreibfehlern

203 2029 80 50 der
312 2032 322 65 Manuscripte,
677 2033 170 48 welche
885 2033 80 47 mit
1001 2041 273 42 erstauntem
1451 2034 139 49 notirt
1616 2034 98 49 sind

204 2108 51 65 (z.
280 2111 50 48 B.
354 2105 166 70 397'),
548 2111 116 49 noch
691 2112 101 48 weit
820 2112 306 49 zahlreichere
1152 2112 302 49 Druckfehler
1484 2113 230 58 kommen,

203 2185 70 50 die
301 2187 58 48 im
392 2188 361 50 Erraten-Index
782 2189 202 49 vermisst
1013 2189 88 50 und
1131 2189 143 50 durch
1304 2189 70 50 die
1404 2191 195 49 höfliche
1629 2193 54 46 Er-

203 2263 190 65 klärung
424 2282 71 32 am
526 2265 130 50 Ende
686 2265 80 49 der
797 2265 204 50 Vorrede
1028 2267 122 49 nicht
1178 2271 207 61 vergütet
1416 2268 198 48 werden.

200 2342 246 49 Jedenfalls
473 2344 54 47 ist
555 2344 99 48 eine
684 2345 149 64 Frage
862 2344 180 50 erlaubt
1079 2347 115 48 nach
1225 2347 80 49 der
1345 2347 241 49 kritischen
1616 2348 64 48 Me-

206 2420 138 50 tbode
372 2422 77 48 des
479 2424 185 56 Autors,
693 2439 131 33 wenn
854 2424 58 48 im
942 2428 283 62 späteren,
1255 2427 101 48 dem
1388 2425 137 49 heute
1553 2425 135 50 vorlie-

200 2499 196 65 genden,
429 2502 175 48 Werke
632 2503 234 48 Einzelnes
895 2503 235 49 verändert
1161 2504 321 57 wiederkehrt,
1514 2521 91 31 was
1634 2504 79 50 das

203 2577 231 50 frühere
463 2578 165 49 bereits
656 2580 163 50 einmal
851 2580 235 65 gebracht,
1130 2583 90 48 und
1253 2583 113 49 über
1394 2582 79 49 das
1503 2583 183 48 Verhält-

200 2654 87 48 niss
317 2655 154 50 beider
494 2657 308 49 Redactionen
834 2658 130 49 keine
988 2659 227 50 Auskunft
1237 2659 207 66 gegeben
1469 2660 126 49 wird.
1625 2662 85 47 Ein

200 2733 188 66 Beispiel
420 2734 53 48 ist
503 2735 77 49 das
611 2737 106 64 Cap.
741 2737 69 49 26
843 2737 76 49 des
948 2738 308 67 Hieronymus
1285 2740 55 49 de
1361 2739 220 56 Moravia,
1605 2739 79 48 wel-

200 2812 105 48 ches
470 2812 69 50 Iltst.
540 2814 46 48 im
587 2815 312 65 Allgemeinen
938 2817 221 49 sauberer
1201 2818 168 65 bringt,
1417 2819 64 48 als

202 2890 391 66 Abweichungen,
632 2911 70 31 wo
740 2911 106 33 man
884 2894 72 50 die
984 2895 333 51 Rechenschaft
1354 2897 219 58 vermisst,
1615 2895 98 50 sind

206 2986 40 31 u.
277 2969 54 48 A.
364 2969 233 66 folgende:

319 3048 31 47 I.
387 3048 160 65 Script.
593 3049 105 57 94%
741 3049 31 50 2
1411 3048 279 66 discantui,
1126 3052 115 49 Hist.
1284 3050 106 51 247

203 3123 95 48 Der
325 3125 399 66 Zusammenhang
752 3129 172 50 scheint
951 3130 85 49 den
1067 3132 132 48 Dativ
1228 3148 52 31 zu
1319 3130 262 50 erfordern:

203 3201 190 51 cendum
420 3207 66 47 est
510 3205 56 50 de
592 3208 138 48 cantu
757 3207 312 63 ecclesiastico,
1105 3209 247 50 secundum
1379 3209 121 66 quod
1530 3209 157 50 discan-

218 3278 70 52 tui
421 3281 238 67 subjicitur
952 3303 54 20 =
667 3287 88 54 „Es
796 3288 81 48 soll
919 3289 97 47 hier
1051 3289 176 65 gezeigt
1267 3288 202 58 werden,
1511 3289 85 47 wie
1636 3288 78 48 der

209 3358 169 50 Cantus
395 3361 174 65 firmus
603 3363 53 65 (c.
684 3363 337 63 ecclesiasticus,
1050 3367 191 67 planus,
1282 3367 141 64 tenor)
1467 3367 102 48 dem
1600 3364 86 52 Dis-

207 3439 160 48 cantus
396 3438 56 64 (c.
480 3444 305 60 mensuratus,
805 3444 251 67 figuratus,
1086 3444 373 69 contrapunctus)
1489 3447 229 63 unterlegt

429 3519 128 48 Auch
589 3520 79 48 das
698 3523 308 63 Umgekehrte
1044 3524 54 48 ist
1135 3524 212 65 möglich,
1385 3524 101 48 dass
1521 3524 195 48 nämlich

209 3593 71 49 die
310 3595 410 52 Mensuralstimme
759 3608 163 42 unter
964 3602 85 48 den
1081 3604 152 47 Tenor
1261 3621 52 30 zu
1350 3603 145 65 liegen
1526 3602 191 58 kommt,

209 3669 115 51 doch
353 3673 54 48 ist
429 3674 76 48 das
531 3676 73 47 für
627 3678 106 64 jene
753 3678 96 48 Zeit
875 3680 366 64 ungewöhnlich,
1269 3680 219 50 vielleicht
1510 3680 184 65 beispiel-

209 3749 79 48 los.
340 3751 46 51 C.
418 3754 114 48 Hist.
571 3754 225 51 übersetzt
837 3756 78 49 mit
955 3758 138 48 feiner
1124 3759 425 48 Unbestimmtheit:

211 3828 141 50 allons
376 3831 166 68 parier
567 3833 65 49 du
658 3834 141 49 chant
830 3834 331 68 ecclesiastique
1187 3835 233 52 considere
1454 3838 143 49 dans
1633 3853 86 34 ses

227 3913 268 62 rapports
838 3927 107 34 avec
1106 3911 38 50 le
1234 3913 211 62 dechant,
966 3932 92 31 was
1088 3933 103 32 man
1222 3916 113 49 auch
1368 3933 80 32 aus

213 3983 78 67 \ei\
317 3986 236 66 subjicitur
581 3991 232 47 verstehen
843 3991 133 50 kann.
1034 3994 127 47 Doch
1200 3994 112 48 wird
1352 3994 82 48 der
1465 3995 130 47 Dativ
1624 3995 92 48 sich

214 4064 120 49 wohl
371 4065 276 69 behaupten,
687 4070 147 50 zumal
874 4071 115 49 auch
1031 4070 80 50 der
1144 4070 171 52 Cantus
1331 4073 174 64 firmus
1534 4071 182 70 {eccles.)

1812 254 62 48 als
1917 251 287 49 Fundament
2248 250 80 47 der
2370 249 306 66 Composition
2720 249 64 48 oft
3133 255 199 58 genannt

1813 330 130 52 wird,
1976 330 65 47 bis
2070 330 39 46 in
2141 329 70 47 die
2240 331 123 61 späte
2398 326 295 65 Fugenkunst
2725 326 164 48 hinein.

1930 407 51 46 11.
2017 409 35 44 D
2060 407 37 46 ie
2127 405 310 48 Ueberschrift
2479 404 233 47 desselben
2756 402 190 49 Stückes
2991 404 139 47 lautet
3168 402 163 64 Script.

1815 485 69 48 94
1916 480 255 52 Discantus
2199 480 223 52 Positio
2451 479 296 68 vulgaris,
2780 481 113 47 Hist.
2918 480 107 48 247
3054 477 128 51 Disc.
3208 479 93 50 vul-

1812 559 164 68 garis
2192 557 162 65 positio.
2355 562 134 45 Ersteres
2518 559 52 47 ist
2599 559 310 53 vorzuziehen,
2940 559 56 47 da
3026 557 309 61 Hieronymus

1812 637 144 65 gleich
1990 637 199 63 Anfangs
2221 637 57 47 im
2311 639 144 45 Texte
2485 642 122 55 sagt:
2653 635 79 48 De
2758 634 215 49 discantu
3006 636 110 47 sunt
3140 631 196 69 quinque

1813 712 244 69 posiüones
2354 714 229 59 solemnes,
2869 729 94 33 una
3111 710 170 51 scilicet

1827 790 136 51 ciales
1973 811 59 21 =
2072 794 135 54 „fünf
2240 792 229 49 namhafte
2498 791 258 47 Positionen
2796 788 276 66 (Lehrsätze,
3104 790 202 64 Lehr-Sy-

1813 868 177 67 steme),
2033 870 98 47 eine
2175 868 366 65 allgemeine,
2584 867 70 47 die
2687 867 198 47 anderen
3215 882 90 31 wor-

1816 947 113 47 über
1973 947 70 47 die
2083 951 205 61 späteren
2320 948 127 46 Sätze
2489 945 236 48 desselben
2770 946 306 63 Hieronymus
3124 943 211 64 folgende

1815 1023 228 49 Auskunft
2066 1023 173 63 geben:
2268 1023 160 64 Script.
2455 1022 66 48 97
2528 1025 18 17 a
2559 1040 10 29 :
2598 1021 132 49 Haee
2758 1023 68 47 est
2841 1018 162 70 prima
3022 1018 197 70 positio;
3233 1035 104 51 .qua

1826 1098 109 69 quia
2098 1101 226 66 quaedam
2603 1100 209 49 nationes
3071 1102 196 47 utuntur

1812 1194 94 33 esse
1931 1176 227 62 diximus;
2192 1178 81 49 sed
2296 1175 213 68 quoniam
2537 1176 263 65 defectuosa
2827 1178 81 57 est,
2944 1173 97 52 ideo
3059 1173 277 70 positionem

1829 1272 115 50 quae
1970 1255 236 50 Johannis
2230 1256 57 48 de
2820 1252 332 53 Garlandia
3214 1255 121 47 dann

1815 1335 162 63 Script.
2027 1335 101 47 117
2136 1337 16 18 a
2173 1329 18 27 b
2208 1352 10 30 :
2271 1332 302 66 Subsequitur
2613 1331 176 51 Positio
2829 1331 139 51 tertia
3007 1329 235 53 Johannis
3280 1331 56 49 de

1820 1408 372 70 Burgundia,
2236 1413 52 46 ut
2314 1427 53 32 ex
2394 1408 146 69 ipsius
2566 1426 74 32 ore
2668 1407 278 63 audivimus,
2988 1408 71 51 vel
3088 1408 249 51 secundum

1829 1488 233 68 vulgarem
2386 1486 255 70 opinionem
2996 1484 294 52 Franconis
3291 1486 34 48 end-

1815 1568 83 47 lich
1931 1585 40 48 p.
2009 1566 129 50 136:
2354 1567 111 48 Pet
2476 1564 54 50 ri
2566 1563 258 52 Picardi
2880 1567 95 47 Aus
3019 1566 78 48 der
3148 1564 155 50 Combi-

1813 1646 153 47 nation
1997 1643 144 48 dieser
2171 1644 129 47 Sätze
2328 1644 202 47 schliesst
2560 1643 48 50 C.
2640 1644 116 47 Hist.
2787 1643 110 50 248
2928 1661 41 30 n.
3007 1643 46 56 1,
3085 1650 132 41 unter
3246 1642 86 49 den

1812 1722 92 47 vier
1934 1719 248 71 positiones
2207 1718 221 71 speciales
2464 1722 120 49 seien
2625 1721 71 49 die
2732 1738 83 32 von
2847 1721 220 57 Garland,
3097 1721 240 64 Burgund,

1813 1802 179 46 Franco
2025 1799 89 49 und
2145 1802 48 47 P.
2224 1801 218 47 Picardus
2484 1799 282 50 verstanden.
2824 1801 139 47 Kühn
3008 1817 169 47 genug,
3220 1799 117 49 auch

1812 1878 212 56 treffend,
2043 1896 128 30 wenn
2192 1895 85 30 nur
2297 1878 69 48 die
2390 1878 164 65 obigen
2577 1878 165 48 Worte
2765 1876 287 69 Burgundia
3073 1916 76 12 ...
3174 1877 124 49 Fran-

1825 1953 123 52 conis
1976 1973 46 31 es
2057 1957 236 47 zuliessen!
2351 1957 180 63 Genug,
2579 1956 71 48 die
2691 1957 156 56 ältere,
2890 1973 83 32 von
3019 1957 49 48 C.
3109 1957 226 62 gewählte

1812 2034 312 50 Ueberschrift
2149 2037 54 46 D.
2222 2034 55 49 V.
2297 2036 47 45 P.
2376 2036 113 47 nach
2521 2036 147 47 seiner
2691 2034 359 64 Uebersetzung,
3069 2036 115 47 Hist.
3207 2033 129 57 247,

1812 2109 224 54 Doctrine
2072 2112 65 49 du
2164 2112 199 49 dechant
2396 2109 221 70 vulgaire,
2662 2112 316 65 widerspricht
3017 2113 319 65 Hieronymus'

1815 2192 216 53 Worten,
2074 2189 91 49 und
2197 2206 46 32 es
2274 2206 120 32 muss
2425 2191 176 49 heissen
2631 2192 55 47 D.
2718 2192 47 47 P.
2795 2191 55 49 V.

1812 2268 39 50 d.
1886 2269 40 50 h.
1950 2267 227 68 generelle
2201 2268 66 50 du
2292 2268 207 51 dechant.

1930 2348 93 47 Das
2051 2348 294 64 Angeführte
2382 2347 56 48 ist
2467 2347 70 48 ein
2570 2345 188 67 Beispiel
2799 2352 132 43 unter
2960 2345 159 56 vielen,
3160 2345 174 49 welche

1813 2423 70 49 die
1914 2425 150 65 Frage
2104 2425 113 49 nach
2258 2424 81 48 der
2381 2424 241 48 kritischen
2655 2423 216 49 Methode
2900 2423 78 48 des
3008 2423 181 49 Editors
3227 2423 78 48 her-

1812 2503 225 49 vorrufen.
2077 2503 581 49 Kunstwissenschaftliche
2688 2503 320 63 Belehrungen
3038 2502 95 48 sind
3165 2502 43 48 in
3240 2502 69 48 die-

1811 2598 71 32 ser
1911 2582 271 66 Sammlung
2212 2599 113 47 ganz
2354 2580 284 58 vermieden;
2667 2582 146 63 einige
2838 2582 148 48 Citate
3015 2597 81 32 aus
3120 2579 216 50 Boethius

1813 2659 92 50 und
1934 2660 215 49 Anderen
2179 2662 43 48 in
2253 2660 85 50 den
2370 2660 360 65 Anmerkungen
2763 2660 145 49 hellen
2947 2659 145 50 nichts
3129 2659 91 56 auf,
3271 2659 64 48 als

1812 2738 85 49 den
1925 2739 220 50 Fundort.
2174 2740 97 47 Der
2293 2740 181 64 Mangel
2505 2739 178 48 solcher
2707 2739 322 62 Belehrungen
3054 2738 161 48 drückt
3238 2737 98 48 hier

1813 2834 74 32 um
1919 2833 48 33 so
1996 2818 362 66 empfindlicher,
2392 2818 46 66 je
2470 2817 258 66 befähigter
2758 2817 80 48 der
2869 2817 236 48 Verfasser
3132 2815 92 49 sich
3256 2832 53 32 an-

1812 2894 178 50 derswo
2020 2897 176 64 gezeigt
2225 2897 94 56 hat,
2357 2895 71 49 die
2457 2895 169 49 dunkle
2654 2894 343 66 Kunstsprache
3021 2894 132 66 jener
3180 2893 156 49 Zeiten

1813 2974 389 50 aufzuschliessen.
2245 2975 88 49 Die
2361 2975 252 49 Histoire
2644 2975 170 49 enthält
2843 2973 122 49 nicht
2993 2991 104 39 nur,
3128 2973 85 48 wie
3242 2972 94 49 sich

1813 3069 83 32 von
1925 3053 139 48 selbst
2091 3053 214 57 versteht,
2345 3054 130 48 mehr
2509 3053 309 67 systematisch
2847 3052 456 63 Zusammenhangen-

1813 3130 93 57 des,
1947 3130 195 51 sondern
2184 3132 54 48 ist
2277 3132 263 66 überhaupt
2582 3133 78 47 mit
2691 3132 129 48 mehr
2852 3132 122 48 Geist
3006 3130 93 49 und
3128 3130 206 49 Einsicht

1815 3209 269 60 bearbeitet,
2107 3210 63 50 als
2194 3210 69 49 die
2286 3210 278 65 Scriptores;
2596 3207 315 52 brauchbarer
2933 3209 241 66 jedenfalls
3196 3208 140 48 schon

1815 3287 142 49 durch
1999 3288 71 48 die
2109 3288 297 48 französische
2436 3288 219 66 Sprache,
2692 3288 97 65 gibt
2817 3288 62 48 sie
2908 3288 81 47 viel
3022 3285 315 66 Anregendes,

1813 3367 295 49 interessante
2140 3367 308 55 Aufschlüsse,
2479 3367 241 48 reichliche
2751 3367 260 48 Facsimiles
3092 3364 116 48 doch
3238 3364 74 48 lau-

1816 3445 70 49 fen
1923 3445 43 49 in
2004 3445 80 49 der
2114 3445 277 65 Auffassung
2429 3445 82 50 der
2541 3445 386 50 Mittel-Lateiner
2965 3444 116 48 auch
3124 3443 179 49 wunder-

1815 3524 113 48 liche
1958 3524 149 66 Dinge
2137 3533 149 49 unter,
2330 3523 145 51 davon
2514 3524 83 48 wir
2635 3541 80 31 aus
2753 3523 262 48 demselben
3048 3523 172 65 Capitel
3251 3521 86 50 wie

1816 3603 162 48 vorher
2008 3603 114 49 noch
2155 3603 119 48 eines
2306 3604 248 56 anführen,
2596 3603 99 48 weil
2739 3619 46 31 es
2823 3603 131 48 einen
2994 3600 340 66 folgenreichen

1815 3682 199 49 Irrthum
2046 3682 216 49 involvirt.
2293 3682 220 49 Derselbe
2536 3682 309 66 Hieronymus
2871 3688 102 56 sagt
3000 3680 218 49 nämlich:
3248 3679 93 51 Est

1816 3762 152 48 autem
1987 3756 238 54 discantus
2250 3756 264 54 diversus
2542 3774 276 35 consonus
2839 3760 182 59 cantus,
3040 3774 93 32 was
3152 3758 49 48 C.
3219 3758 117 48 Hist.

1817 3839 127 58 248,
1980 3839 64 50 18
2077 3839 249 50 übersetzt:
2363 3839 68 50 Le
2457 3839 201 51 dechant
2690 3840 67 49 est
2790 3854 65 33 un
2881 3838 141 49 chant
3048 3853 207 52 compose
3280 3836 57 50 de

1815 3913 254 54 diverses
2105 3932 451 45 consonnances,
2589 3915 217 51 während
2838 3915 79 50 das
2947 3915 286 48 Lateinische
3264 3930 48 32 sa-

1817 4013 85 48 gen
1934 3996 113 50 will:
2076 3998 187 47 Discant
2298 3998 55 48 ist
2396 3995 446 51 verschiedener
2883 3993 452 50 consonirender

1817 4075 201 68 Gesang,
2047 4075 79 51 das
2156 4075 163 50 heisst:
2361 4075 124 50 nicht
2511 4075 179 60 unison,
2719 4075 85 50 wie
2834 4073 82 50 der
2946 4071 174 54 Cantus
3135 4071 196 70 planus,
