1619 2540
254 2174 50 39 26

343 263 32 30 ln
395 263 54 30 der
468 262 66 39 Tat,
554 261 48 31 Sie
620 262 123 38 wissen,
763 261 62 30 daß
844 262 31 29 in
895 261 58 30 den
971 261 62 37 Juli
1037 263 91 37 tagen
1147 261 50 31 die
1215 261 144 32 Kerenski
1380 260 67 31 und

260 308 194 39 Compagnie
481 307 145 31 Soldaten
653 317 62 21 von
743 307 54 31 der
825 307 97 31 Front
947 316 101 29 gegen
1077 317 59 21 uns
1162 307 110 31 führen
1300 308 144 30 konnten.

260 354 75 31 Was
353 354 81 30 noch
453 355 77 28 zwei
550 352 76 31 oder
644 353 63 30 drei
728 353 128 30 Monate
875 352 54 31 des
947 352 119 32 Reifens
1086 353 148 39 bedurfte,
1253 354 113 30 konnte
1386 362 62 21 uns

261 402 40 28 im
318 400 110 30 Monat
444 400 63 37 Juli
524 399 81 31 noch
623 399 84 31 nicht
724 399 45 30 als
786 399 114 31 Frucht
915 400 32 29 in
965 399 58 30 den
1042 399 103 31 Schoß
1163 399 100 30 fallen.
1302 400 59 30 Die
1376 408 54 22 vor-

261 446 108 38 zeitige
386 445 187 39 Ergreifung
590 445 54 30 der
660 445 106 31 Macht
781 446 41 29 im
839 445 63 37 Juli
920 445 82 30 hätte
1018 445 49 30 für
1084 445 49 30 die
1147 454 100 29 ganze
1265 445 180 38 Bewegung

260 491 251 38 verhängnisvoll
525 491 123 30 werden
663 491 132 31 können.
831 491 96 31 Lenin
942 491 110 38 begriff
1068 491 56 30 das
1139 491 72 31 sehr
1225 491 96 30 wohl.
1336 491 91 37 Jeden-

260 537 69 31 falls
345 547 67 21 war
430 547 33 21 er
477 538 66 29 sich
561 537 84 31 nicht
662 538 66 29 eine
745 537 121 30 Minute
883 536 77 31 über
976 537 49 30 die
1041 536 100 38 Frage
1158 538 41 29 im
1216 537 167 39 Unklaren,
1403 536 42 31 ob

261 582 55 32 das
336 583 182 31 Proletariat
537 583 41 30 im
597 583 141 30 Verlaufe
756 591 126 22 unserer
900 583 184 31 Revolution
1104 582 49 31 die
1171 583 106 30 Macht
1296 582 150 38 ergreifen

260 628 118 31 würde.
417 628 100 31 Wenn
538 637 31 22 er
587 629 65 29 sich
672 628 76 32 über
767 628 108 38 irgend
896 630 94 29 etwas
1010 628 109 31 unklar
1137 637 77 31 war,
1233 639 36 20 so
1291 638 60 21 nur
1370 628 76 30 über

262 675 48 31 die
335 675 109 39 Frage,
470 675 41 30 ob
538 674 48 31 die
611 674 187 40 Ergreifung
824 674 55 31 der
904 674 105 31 Macht
1035 674 104 31 früher
1166 674 75 31 oder
1267 676 102 37 später
1396 683 36 29 ge-

261 721 131 31 schehen
409 722 112 30 müsse.

344 767 48 30 Sie
411 768 123 38 wissen,
554 768 59 29 wie
634 766 47 31 die
701 767 103 37 Dinge
821 766 65 31 sich
907 766 82 31 dann
1009 766 169 31 entwickelt
1197 766 110 31 haben.
1349 766 97 31 Einen

261 811 193 39 Augenblick
475 811 100 31 lebten
597 813 59 30 wir
677 813 31 29 in
730 811 54 31 der
804 811 222 40 Empfindung,
1049 811 61 31 daß
1135 811 73 31 alles
1229 812 139 30 verloren
1392 811 56 31 sei.

261 858 94 31 Lenin
376 858 148 30 zweifelte
546 859 66 29 eine
635 858 120 30 Minute
777 867 96 29 sogar
896 858 106 39 daran,
1027 858 42 30 ob
1093 858 49 30 die
1166 858 140 38 Sowjets,
1331 857 117 31 welche

260 914 62 21 von
339 905 58 30 den
412 904 258 31 Sozialverrätem
684 904 206 38 korrumpiert
902 914 116 29 waren,
1033 905 65 30 eine
1112 903 233 32 entscheidende
1359 903 89 33 Rolle

260 950 116 37 spielen
397 949 132 33 können.
571 950 75 30 Und
668 960 31 20 er
721 950 62 39 gab
805 950 49 30 die
874 949 128 39 Losung
1025 959 65 30 aus,
1121 949 62 31 daß
1204 959 72 21 man
1296 949 150 31 vielleicht

261 997 80 30 ohne
364 996 48 31 die
434 996 132 39 Sowjets
588 995 49 32 die
658 995 106 32 Macht
785 995 131 32 erobern
936 996 115 31 müßte.
1074 996 89 31 Doch
1186 1006 32 21 er
1237 995 82 31 blieb
1341 997 107 29 immer

260 1042 55 31 fest
332 1044 31 28 in
381 1042 68 30 dem
465 1042 153 39 Glauben,
636 1041 62 31 daß
714 1042 59 30 wir
787 1042 104 30 früher
907 1041 76 31 oder
997 1042 102 38 später
1114 1051 55 21 zur
1186 1042 105 30 Macht
1307 1042 141 30 kommen

261 1088 139 39 würden,
426 1088 65 29 und
515 1088 61 29 daß
602 1096 71 21 man
698 1087 49 30 die
770 1086 219 31 Menschewiki
1015 1087 62 30 und
1103 1087 49 30 die
1177 1087 253 30 Sozialrevolutio-

262 1136 74 28 näre
359 1133 209 31 niederhalten
590 1135 113 29 müsse.

345 1180 119 38 Zuerst,
489 1179 151 30 während
667 1178 53 31 der
743 1178 144 40 Julitage,
911 1180 102 36 gaben
1037 1180 59 29 wir
1122 1187 58 22 uns
1206 1178 85 31 keine
1317 1178 113 31 Rechen-

263 1225 97 31 schaft
384 1225 77 31 über
485 1225 49 31 die
557 1225 178 38 Vorgänge.
781 1224 74 38 Spät
879 1225 31 30 in
938 1224 54 31 der
1014 1224 102 31 Nacht
1139 1234 72 21 vom
1236 1225 28 31 3.
1289 1224 63 38 Juli
1378 1224 68 30 kam

261 1272 95 30 Lenin
375 1271 89 31 allein
483 1271 32 31 in
534 1271 50 31 die
600 1270 168 32 Redaktion
788 1270 54 32 der
860 1270 142 39 Prawda,
1022 1279 51 21 um
1093 1270 71 31 dort
1183 1271 48 29 ein
1251 1270 199 38 Manuskript

262 1317 196 30 abzuliefern.
501 1317 75 30 Eine
597 1316 91 31 halbe
709 1316 116 31 Stunde
847 1317 112 38 später,
982 1316 149 30 nachdem
1154 1326 33 21 er
1209 1316 48 30 die
1278 1316 168 31 Redaktion

261 1363 155 30 verlassen
432 1363 92 39 hatte,
541 1363 108 31 wurde
667 1362 83 31 diese
765 1371 63 22 von
847 1362 58 30 den
922 1362 367 31 Konterrevolutionären
1306 1363 141 29 zerstört.

263 1409 78 30 Bald
364 1408 108 31 darauf
494 1409 162 38 begannen
682 1408 49 31 die
753 1408 241 38 Verfolgungen.
1039 1408 95 30 Lenin
1159 1407 64 30 und
1247 1408 48 29 ich
1321 1408 127 29 mußten

263 1463 59 23 uns
340 1454 178 39 verbergen.
560 1455 89 30 Doch
668 1456 60 29 wir
745 1463 105 22 waren
869 1455 82 29 noch
971 1453 211 31 entschlossen
1202 1462 60 22 uns
1281 1462 40 22 zu
1342 1453 106 30 stellen

319 1510 38 21 so
374 1502 82 36 groß
476 1500 64 31 und
557 1510 38 21 so
613 1500 82 31 stark
712 1510 68 21 war
797 1509 91 22 unser
906 1500 167 31 Vertrauen
1091 1509 40 21 zu
1149 1499 58 31 den
1227 1499 220 31 Menschewiki

263 1547 64 30 und
357 1547 57 30 den
445 1547 362 30 Sozialrevolutionären.
858 1547 59 30 Die
946 1547 99 30 Partei
1076 1546 142 30 indessen
1248 1545 137 32 erlaubte
1414 1554 32 21 es

263 1602 59 22 uns
345 1593 85 31 nicht
452 1601 37 22 so
512 1602 39 21 zu
574 1592 143 30 handeln.
762 1592 68 31 Wir
851 1592 171 38 verbargen
1046 1601 58 21 uns
1127 1592 67 30 also
1215 1592 114 30 weiter.
1372 1590 76 32 Und

263 1640 66 30 eine
352 1638 118 31 Woche
493 1640 103 37 später
620 1640 86 37 sagte
729 1639 59 30 mir
811 1637 110 32 Lenin:
947 1638 87 39 „Wie
1058 1637 104 32 dumm
1186 1647 105 22 waren
1314 1639 69 37 wir,
1408 1646 41 22 zu

262 1686 145 38 glauben,
434 1685 61 31 daß
521 1686 59 29 wir
606 1694 59 21 uns
691 1684 98 31 dieser
816 1684 106 30 Bande
949 1684 99 30 sicher
1073 1685 31 29 in
1132 1684 48 30 die
1206 1684 111 31 Hände
1342 1684 105 30 liefern

262 1731 151 32 könnten!
459 1731 240 31 Unerbittlicher
724 1730 112 39 Kampf
863 1739 99 30 gegen
992 1730 82 31 diese
1101 1730 101 39 Leute,
1241 1731 48 29 ein
1319 1730 128 30 anderes

263 1777 99 31 Mittel
381 1777 68 38 gibt
469 1787 31 21 es
520 1776 112 31 nicht.“

343 1822 68 31 Wie
426 1823 95 30 Lenin
536 1824 32 29 in
585 1822 59 31 den
660 1822 155 38 Julitagen
834 1823 77 30 1917
928 1822 56 31 fest
999 1822 64 30 und
1078 1822 210 30 entschlossen
1305 1821 145 31 erklärte:

263 1869 84 38 „Der
364 1868 173 39 Zeitpunkt,
556 1869 49 30 die
624 1869 107 30 Macht
748 1878 40 20 zu
808 1868 148 38 ergreifen
975 1869 40 29 ist
1033 1868 82 30 noch
1133 1868 85 30 nicht
1234 1867 214 38 gekommen“,

262 1924 38 21 so
317 1915 127 30 erklärte
459 1924 32 21 er
507 1915 114 30 ebenso
635 1915 58 30 fest
708 1914 66 31 und
790 1914 210 30 entschlossen
1018 1914 78 30 nach
1114 1913 59 31 den
1190 1913 257 38 Kornilowtagen

263 1961 64 30 und
348 1960 171 31 besonders
541 1959 86 32 Ende
648 1960 176 39 September
848 1961 93 30 1917:
963 1960 97 39 „Man
1081 1960 75 30 muß
1179 1959 48 31 die
1251 1958 105 32 Macht
1375 1959 74 39 jetzt

264 2007 101 38 eiligst
380 2006 159 40 ergreifen,
557 2006 76 31 oder
648 2016 32 21 es
695 2006 81 31 wird
791 2006 149 31 vielleicht
955 2015 40 22 zu
1010 2008 70 37 spät
1093 2006 96 30 sein.“

345 2052 89 31 Nach
461 2052 58 31 den
545 2053 374 37 Kornilow-Ereignissen
944 2051 210 32 versammelte
1178 2051 65 30 sich
1270 2052 66 29 eine
1359 2059 74 30 soge-

265 2100 112 28 nannte
400 2098 241 31 demokratische
663 2098 174 32 Konferenz
860 2099 31 29 in
915 2098 194 38 Petersburg.
1153 2097 93 31 Lenin
1268 2098 108 30 nimmt
1396 2105 37 21 zu-
