1562 2540
1274 2185 19 39 1

446 835 508 41 PARLAMENTARISMUS

184 901 68 31 Wir
281 901 72 31 sind
381 902 105 31 weder
525 903 153 31 harrende
706 903 131 40 Narren,
877 905 82 31 noch
999 905 292 39 parlamentarische

105 955 282 40 Droschkengätile,
424 957 49 30 die
499 959 75 29 stets
601 957 50 31 die
687 958 80 32 alten
794 959 131 31 Straßen
962 960 117 40 traben,
1115 970 58 22 vor
1208 961 84 39 jeder

103 1009 167 40 Neuerung
296 1010 54 31 der
374 1011 311 38 parlamentarischen
711 1013 107 31 Taktik
843 1014 164 40 scheuend,
1042 1015 81 31 noch
1160 1016 114 31 Muster-

104 1063 117 31 knaben
242 1063 54 31 des
315 1067 94 36 guten
431 1065 86 31 Tons
537 1066 65 30 und
621 1067 146 31 trocknen
788 1068 95 39 Tons,
905 1068 58 31 den
983 1069 61 31 wir
1064 1070 55 31 mit
1139 1069 78 31 allen
1237 1079 37 29 po-

104 1117 136 31 litischen
265 1118 173 41 Philistern,
464 1119 214 32 Schlafröcken
703 1122 64 30 und
793 1122 235 38 Filzpantoffeln
1055 1122 126 32 dorthin
1206 1126 64 29 wün-

104 1172 100 40 schen,
222 1182 53 21 wo
294 1173 54 31 der
364 1173 109 32 Pfeffer
489 1174 127 32 wächst.
646 1175 95 32 Nicht
758 1178 31 29 in
807 1176 168 40 Sitzungen
994 1178 64 30 und
1076 1178 215 33 Konferenzen

104 1224 62 32 fällt
188 1225 49 32 die
257 1226 241 42 Entscheidung,
521 1229 136 31 sondern
678 1230 32 30 in
733 1230 58 31 den
813 1230 160 41 Fabriken,
995 1232 52 31 auf
1069 1233 58 30 den
1150 1233 141 39 Straßen,

104 1281 40 30 im
165 1280 108 32 Heere.
317 1282 77 30 Dem
417 1282 184 32 Proletariat
623 1284 62 30 lebt
708 1294 60 21 nur
792 1286 48 29 ein
865 1285 139 32 Erlöser:
1029 1286 55 31 das
1109 1288 183 31 Proletariat

104 1335 101 33 selbst.
249 1336 66 30 Das
337 1336 175 32 Parlament
534 1337 81 31 kann
637 1337 63 31 ihm
725 1338 67 31 kein
815 1339 125 31 Erlöser
962 1341 65 30 sein
1113 1343 80 29 trotz
1218 1342 74 31 aller

105 1388 321 42 „Vorwärts“brunst,
464 1400 49 21 am
539 1392 172 38 wenigsten
749 1392 56 31 das
832 1393 230 32 erbärmlichste
1089 1395 74 33 aller
1192 1396 84 31 Parla-

104 1445 105 38 mente,
233 1444 55 31 der
310 1443 145 32 deutsche
475 1445 173 40 Reichstag,
692 1446 75 31 Und
788 1447 81 32 doch
893 1448 80 31 kann
997 1459 32 21 es
1052 1449 54 32 der
1129 1451 147 31 revolutio-

105 1499 92 29 nären
223 1498 181 40 Bewegung
429 1500 146 39 wichtige
599 1501 83 31 Hilfe
707 1502 116 40 leisten,
851 1502 74 31 aber
951 1504 84 31 nicht
1063 1504 45 31 als
1136 1505 139 31 Gesetzes-

104 1549 105 42 fabrik,
231 1552 86 32 nicht
338 1554 46 31 als
408 1553 259 34 Schwatztheater
688 1556 65 31 und
776 1555 221 34 Gebetsmühle
1019 1559 82 31 einer
1124 1559 150 38 parlamen-

106 1606 148 32 tarischen
282 1608 243 41 „Opposition“,
562 1610 137 31 sondern
727 1611 103 33 indem
858 1621 33 21 es
915 1622 73 20 vom
1016 1613 276 41 Klassenkämpfer,

106 1658 51 32 der
173 1662 64 29 sein
256 1661 306 39 parlamentarisches
581 1663 131 32 Mandat
729 1674 61 21 nur
807 1665 50 31 für
876 1665 103 31 diesen
997 1667 111 31 Zweck
1129 1668 163 31 erworben

105 1712 59 42 hat,
185 1724 57 23 zur
263 1716 250 32 revolutionären
535 1717 137 32 Tribüne
692 1719 188 31 verwandelt
902 1720 91 38 wird,
1016 1730 63 22 von
1101 1721 55 31 der
1178 1732 33 22 er
1233 1721 59 31 den

106 1767 195 34 Feuerbrand
337 1772 50 30 ins
416 1771 120 31 Gebälk
574 1772 55 31 der
667 1773 225 31 herrschenden
931 1774 160 40 Ordnung
1129 1776 64 30 und
1232 1776 59 32 den

106 1821 188 34 Schlachtruf
317 1826 31 30 in
372 1825 49 31 die
444 1825 125 31 Massen
593 1826 181 32 schleudert.

741 1888 68 32 Aus
833 1889 58 31 den
915 1890 335 39 „Spartakusbriefen“.

110 269 360 152 Der
559 266 737 160 Gegner

103 463 95 42 MIT
236 463 123 42 DEM
398 463 352 44 SATIRISCHEN
781 466 114 42 TEIL
933 468 111 48 „DIE
1083 468 206 43 PLEITE“

104 555 99 30 HEFT
224 555 221 30 EINS-ZWEI
636 557 127 33 1920/21
1002 562 162 28 ZWEITES
1196 563 100 27 JAHR
