1602 2540
1327 2174 45 38 39

268 252 87 39 „Das
381 251 197 33 Straßenbild
604 254 40 31 ist
668 254 214 39 unverändert,
909 264 59 21 nur
994 254 62 31 daß
1084 255 49 30 die
1159 254 215 40 Bevölkerung

185 298 81 31 noch
286 306 81 30 ganz
387 298 128 31 trunken
534 308 58 22 vor
609 299 91 38 Jubel
721 299 76 33 über
816 299 58 33 den
895 301 121 40 Einzug
1036 301 54 31 der
1109 301 176 31 Deutschen
1304 302 70 38 ist“,

185 344 84 30 lasen
289 345 59 29 wir
369 344 32 30 in
421 343 60 32 den
501 344 181 40 Zeitungen.

267 388 62 32 Auf
366 390 54 31 der
454 390 110 31 letzten
592 391 118 32 Station
747 402 57 22 vor
830 393 103 31 Wilna
969 393 131 31 wurden
1127 395 59 30 wir
1213 393 159 39 verpflegt.

185 435 162 31 Natürlich
371 435 79 39 gabs
473 437 115 31 wieder
612 437 158 40 Graupen.
818 438 33 31 In
875 438 54 32 der
955 439 78 31 Ecke
1058 440 53 30 der
1136 439 236 39 Speisebaracke

184 480 130 33 standen
333 482 102 37 große
456 481 109 32 Fässer
585 484 108 38 gefüllt
712 485 54 30 mit
788 484 214 39 Speiseresten.

267 527 106 32 Kleine
396 527 226 33 Russenkinder
646 530 103 30 hatten
773 531 65 29 sich
863 532 31 30 in
919 531 59 31 den
1002 531 96 31 Raum
1125 532 245 39 eingeschlichen

185 574 63 31 und
265 574 148 31 warteten
429 573 182 32 bescheiden
628 576 55 31 mit
700 576 231 31 Blechbüchsen
949 578 32 29 in
1000 577 58 30 den
1077 578 170 31 zitternden
1265 578 84 31 Händ-

185 620 75 31 chen
279 619 51 31 auf
347 620 129 38 etwaige
493 619 130 33 Abfälle.
663 620 119 41 Große,
798 622 178 38 gedunsene
994 623 137 39 Schädel,
1149 625 92 29 matte
1258 623 111 40 Augen

183 666 31 30 in
239 665 88 31 tiefen
352 665 134 41 Höhlen,
512 666 48 32 die
584 666 118 32 kleinen
726 667 136 40 faltigen,
887 670 119 36 spitzen
1032 668 160 32 Gesichter
1216 670 154 38 grünlich,

185 712 47 30 die
256 711 132 40 Körper,
413 720 59 23 nur
496 713 55 30 mit
574 712 190 40 zerlumpten
790 713 179 32 Hemdchen
993 713 136 40 bedeckt,
1155 714 97 32 voller
1279 716 77 30 Eiter-

181 757 192 40 geschwüre,
402 758 198 32 schwankten
630 759 52 31 auf
710 759 59 30 den
799 760 157 30 krummen
987 760 163 31 Beinchen.
1201 762 59 30 Die
1288 762 66 30 Vier-

182 803 142 40 jährigen
347 804 135 31 konnten
506 805 82 30 noch
612 805 84 31 nicht
719 806 158 37 sprechen.
925 806 65 31 Das
1013 806 135 32 Resultat
1173 807 54 31 der
1250 816 104 30 segens-

183 849 120 31 reichen
327 849 385 40 Rationierungsmethode
736 851 54 31 der
813 851 141 32 Befreier.

267 896 48 31 Da
331 898 60 29 trat
406 896 55 31 der
477 896 85 31 dicke
578 897 280 39 Etappenleutnant
874 899 57 30 ein.
968 898 65 31 Das
1049 899 33 32 E.
1100 899 36 32 K.
1154 899 25 30 II
1196 899 175 32 schmückte

183 941 58 32 den
262 941 232 32 Heldenbauch.
536 943 144 32 Hochrot
700 945 41 29 im
762 943 126 32 Gesicht
910 944 110 31 brüllte
1041 953 46 23 er:
1119 945 251 39 „Scheißbande!

182 988 172 31 Verfluchte
387 988 258 39 Lumpenhunde!
700 990 148 32 Raus!!!“
905 990 112 40 Ergriff
1053 991 107 39 Besen,
1194 991 174 39 Schüsseln,

183 1033 135 32 Schemel
338 1034 65 31 und
423 1035 189 32 schleuderte
631 1037 44 29 sie
696 1036 77 31 nach
795 1036 58 31 den
874 1037 255 38 verhungernden
1151 1037 147 40 Kindern,
1320 1038 50 30 die

182 1080 31 30 in
234 1079 210 32 namenlosem
465 1080 163 32 Entsetzen
648 1091 62 21 von
731 1084 82 29 einer
833 1082 78 31 Ecke
929 1084 31 29 in
983 1083 49 31 die
1052 1083 112 31 andere
1183 1084 185 38 gescheucht

181 1126 140 31 wurden.
364 1126 90 31 Eines
474 1126 122 41 blutete,
618 1137 38 21 an
677 1127 54 32 der
750 1128 94 31 Hüfte
863 1128 160 39 getroffen.

265 1172 71 32 Erst
359 1173 52 30 auf
435 1173 56 31 das
517 1173 128 31 Murren
670 1174 54 31 der
748 1174 216 32 Feldsoldaten
989 1175 53 31 hin
1067 1175 97 31 stellte
1190 1175 54 32 der
1269 1176 101 31 Hüter

183 1217 52 31 der
258 1218 205 38 preußischen
486 1218 158 40 Ordnung
667 1220 82 31 diese
773 1220 228 40 Menchenjagd
1025 1222 47 29 ein
1107 1221 64 31 und
1205 1222 82 39 jagte
1319 1221 51 31 die

181 1263 116 32 Kinder
318 1263 96 32 durch
437 1265 47 31 die
503 1265 151 38 geöffnete
674 1266 66 30 Tür
759 1275 82 22 raus.

766 1339 17 19 *

264 1397 62 32 Auf
345 1398 68 30 dem
432 1398 144 31 Marsche
595 1399 79 30 nach
693 1399 86 31 Laon
799 1399 95 31 sahen
914 1401 59 29 wir
994 1399 50 31 auf
1064 1400 59 31 den
1142 1400 129 32 Feldern
1290 1401 64 31 fran-

180 1444 141 31 zösische
345 1443 154 32 Mädchen
519 1454 62 21 von
607 1446 36 29 17
665 1445 49 30 bis
736 1446 40 29 22
798 1445 116 38 Jahren
938 1445 45 32 als
1005 1446 364 39 Zwangsarbeiterinnen

182 1491 88 31 unter
285 1489 142 33 Aufsicht
441 1492 82 30 eines
539 1491 116 40 dicken,
670 1491 225 39 glattrasierten
912 1492 200 32 Feldwebels.
1149 1493 43 31 Er
1206 1493 165 31 zwinkerte

181 1535 96 40 lustig
302 1538 55 30 mit
382 1536 59 32 den
467 1536 111 40 Augen
605 1547 131 21 unseren
764 1538 167 31 Leutnants
968 1547 49 31 zu,
1056 1538 117 32 deutete
1210 1540 55 30 mit
1302 1539 67 31 dem

182 1581 141 32 Daumen
343 1583 51 31 auf
417 1583 48 31 die
486 1582 155 33 Mädchen
661 1584 65 31 und
754 1583 65 32 rief:

265 1628 214 40 „Kalbfleisch,
500 1630 80 31 Herr
600 1628 128 32 Leutnar
742 1640 18 30 i,
782 1630 219 33 Kalbfleisch!“

491 1702 7 8 •
766 1703 17 18 *

263 1769 132 32 General
418 1769 77 31 Graf
515 1769 33 33 F.
569 1779 28 22 v.
621 1770 32 32 F.
675 1769 119 32 machte
816 1770 132 39 pustend
970 1771 104 31 seinen
1098 1771 254 33 Frühstücks-Ver-

182 1815 264 40 dauungsgalopp
462 1815 66 31 und
545 1815 57 31 traf
620 1816 65 30 eine
700 1816 210 31 exerzierende
926 1816 211 40 Kompagnie:
1166 1818 104 39 „Nun,
1289 1820 80 29 mein

181 1860 96 42 Sohn,
311 1871 67 22 was
411 1861 62 32 bist
496 1861 42 31 du
562 1862 41 31 im
627 1861 212 32 Zivilberuf?“
884 1861 232 41 „Amtsrichter,
1149 1863 82 32 Herr
1254 1864 114 32 Graf!“

183 1908 274 38 „Donnerwetter!
507 1907 156 40 Richtiger
693 1907 226 31 Amtsrichter?
969 1908 191 40 Großartig!
1212 1910 158 40 Richtiger

182 1952 202 34 Amtsrichter
411 1954 65 31 und
502 1954 66 31 hier
592 1963 82 30 ganz
701 1954 232 39 gewöhnlicher
960 1954 232 32 Unteroffizier!
1241 1957 60 40 Na,
1330 1957 40 31 da

182 1998 100 32 haben
302 2000 49 31 Sie
369 2000 87 31 wohl
475 2001 32 31 in
528 2000 79 31 Zivil
627 2001 66 30 eine
711 2000 101 38 große
832 2000 106 31 Macht
958 1999 77 32 über
1055 2001 48 31 die
1122 2001 135 31 Leute?“
1300 2003 54 39 »Ja-

181 2046 96 39 wohl,
300 2046 80 31 Herr
402 2046 113 32 Graf!“
559 2047 79 39 „Na,
661 2048 27 29 is
709 2047 78 30 auch
809 2046 59 40 jut!
912 2047 49 30 Da
983 2046 105 32 lernen
1110 2047 48 32 Sie
1180 2049 190 39 wenigstens

182 2091 74 40 hier,
275 2093 60 30 wie
354 2102 71 22 man
445 2103 37 21 so
500 2093 188 31 Verbrecher
708 2093 111 38 richtig
839 2092 208 32 andonnert!“
