<?xml version="1.0" encoding="UTF-8"?>
<alto xmlns:xsi="http://www.w3.org/2001/XMLSchema-instance" xmlns="http://www.loc.gov/standards/alto/ns-v2#" xsi:schemaLocation="http://www.loc.gov/standards/alto/ns-v2# http://www.loc.gov/standards/alto/v2/alto-2-0.xsd" xmlns:xlink="http://www.w3.org/1999/xlink">
	<Description>
		<MeasurementUnit>mm10</MeasurementUnit>
		<sourceImageInformation>
			<fileName>./bmtnabs_1920-06_01_0053.jp2</fileName>
		</sourceImageInformation>
		<OCRProcessing ID="OCRPROCESSING_1">
			<preProcessingStep>
				<processingSoftware>
					<softwareCreator>CCS Content Conversion Specialists GmbH, Germany</softwareCreator>
					<softwareName>CCS docWorks</softwareName>
					<softwareVersion>6.8-1.27</softwareVersion>
				</processingSoftware>
			</preProcessingStep>
			<ocrProcessingStep>
				<processingSoftware>
					<softwareCreator>ABBYY (BIT Software), Russia</softwareCreator>
					<softwareName>FineReader</softwareName>
					<softwareVersion>11.0</softwareVersion>
				</processingSoftware>
			</ocrProcessingStep>
			<postProcessingStep>
				<processingSoftware>
					<softwareCreator>CCS Content Conversion Specialists GmbH, Germany</softwareCreator>
					<softwareName>CCS docWorks</softwareName>
					<softwareVersion>6.8-1.27</softwareVersion>
					<applicationDescription>docWorks: Text modified manually, or automatically replaced</applicationDescription>
				</processingSoftware>
			</postProcessingStep>
		</OCRProcessing>
	</Description>
	<Styles>
		<TextStyle ID="TXT_0" FONTSIZE="55" FONTFAMILY="Arial"/>
		<TextStyle ID="TXT_1" FONTSIZE="11" FONTFAMILY="Times New Roman"/>
		<ParagraphStyle ID="PAR_RIGHT" ALIGN="Right"/>
		<ParagraphStyle ID="PAR_BLOCK" ALIGN="Block"/>
	</Styles>
	<Layout>
		<Page ID="P53" PHYSICAL_IMG_NR="53" HEIGHT="2540" WIDTH="1601" PRINTED_IMG_NR="51" PC="0.960">
			<TopMargin ID="P53_TM00001" HPOS="0" VPOS="0" WIDTH="1601" HEIGHT="217"/>
			<LeftMargin ID="P53_LM00001" HPOS="0" VPOS="217" WIDTH="160" HEIGHT="1912"/>
			<RightMargin ID="P53_RM00001" HPOS="1385" VPOS="217" WIDTH="216" HEIGHT="1912"/>
			<BottomMargin ID="P53_BM00001" HPOS="0" VPOS="2129" WIDTH="1601" HEIGHT="411">
				<TextBlock ID="P53_TB00001" HPOS="1336" VPOS="2131" WIDTH="49" HEIGHT="51" STYLEREFS="TXT_0 PAR_RIGHT">
					<TextLine ID="P53_TL00001" HPOS="1336" VPOS="2131" WIDTH="49" HEIGHT="51">
						<String ID="P53_ST00001" HPOS="1336" VPOS="2131" WIDTH="49" HEIGHT="51" CONTENT="51" WC="1.00" CC="00"/>
					</TextLine>
				</TextBlock>
			</BottomMargin>
			<PrintSpace ID="P53_PS00001" HPOS="160" VPOS="217" WIDTH="1225" HEIGHT="1912">
				<TextBlock ID="P53_TB00002" HPOS="160" VPOS="217" WIDTH="1220" HEIGHT="1894" STYLEREFS="TXT_1 PAR_BLOCK">
					<TextLine ID="P53_TL00002" HPOS="160" VPOS="218" WIDTH="1185" HEIGHT="48">
						<String ID="P53_ST00002" HPOS="160" VPOS="230" WIDTH="94" HEIGHT="36" CONTENT="Quell" WC="0.96" CC="96055"/>
						<SP ID="P53_SP00001" HPOS="254" VPOS="266" WIDTH="27"/>
						<String ID="P53_ST00003" HPOS="281" VPOS="230" WIDTH="83" HEIGHT="29" CONTENT="einer" WC="0.98" CC="00705"/>
						<SP ID="P53_SP00002" HPOS="364" VPOS="266" WIDTH="26"/>
						<String ID="P53_ST00004" HPOS="390" VPOS="226" WIDTH="174" HEIGHT="32" CONTENT="sachlichen" WC="0.99" CC="0006000607"/>
						<SP ID="P53_SP00003" HPOS="564" VPOS="266" WIDTH="29"/>
						<String ID="P53_ST00005" HPOS="593" VPOS="225" WIDTH="64" HEIGHT="31" CONTENT="und" WC="0.97" CC="600"/>
						<SP ID="P53_SP00004" HPOS="657" VPOS="266" WIDTH="27"/>
						<String ID="P53_ST00006" HPOS="684" VPOS="224" WIDTH="181" HEIGHT="39" CONTENT="politischen" WC="0.99" CC="43633002006"/>
						<SP ID="P53_SP00005" HPOS="865" VPOS="266" WIDTH="26"/>
						<String ID="P53_ST00007" HPOS="891" VPOS="223" WIDTH="250" HEIGHT="37" CONTENT="Ueberzeugung" WC="0.86" CC="000000160600"/>
						<SP ID="P53_SP00006" HPOS="1141" VPOS="266" WIDTH="36"/>
						<String ID="P53_ST00008" HPOS="1177" VPOS="218" WIDTH="168" HEIGHT="40" CONTENT="geworden" WC="0.99" CC="01003007"/>
					</TextLine>
					<TextLine ID="P53_TL00003" HPOS="160" VPOS="266" WIDTH="1186" HEIGHT="51">
						<String ID="P53_ST00009" HPOS="160" VPOS="277" WIDTH="83" HEIGHT="40" CONTENT="sind," WC="0.98" CC="70700"/>
						<SP ID="P53_SP00007" HPOS="243" VPOS="317" WIDTH="17"/>
						<String ID="P53_ST00010" HPOS="260" VPOS="276" WIDTH="56" HEIGHT="30" CONTENT="das" WC="0.99" CC="030"/>
						<SP ID="P53_SP00008" HPOS="316" VPOS="317" WIDTH="13"/>
						<String ID="P53_ST00011" HPOS="329" VPOS="276" WIDTH="74" HEIGHT="37" CONTENT="liegt" WC="0.99" CC="40005"/>
						<SP ID="P53_SP00009" HPOS="403" VPOS="317" WIDTH="14"/>
						<String ID="P53_ST00012" HPOS="417" VPOS="272" WIDTH="150" HEIGHT="33" CONTENT="vielleicht" WC="1.00" CC="1213600000"/>
						<SP ID="P53_SP00010" HPOS="567" VPOS="317" WIDTH="13"/>
						<String ID="P53_ST00013" HPOS="580" VPOS="281" WIDTH="39" HEIGHT="22" CONTENT="an" WC="0.91" CC="10"/>
						<SP ID="P53_SP00011" HPOS="619" VPOS="317" WIDTH="16"/>
						<String ID="P53_ST00014" HPOS="635" VPOS="271" WIDTH="53" HEIGHT="31" CONTENT="der" WC="0.97" CC="051"/>
						<SP ID="P53_SP00012" HPOS="688" VPOS="317" WIDTH="14"/>
						<String ID="P53_ST00015" HPOS="702" VPOS="270" WIDTH="320" HEIGHT="38" CONTENT="Gewissenhaftigkeit" WC="1.00" CC="500200305070000000"/>
						<SP ID="P53_SP00013" HPOS="1022" VPOS="317" WIDTH="16"/>
						<String ID="P53_ST00016" HPOS="1038" VPOS="268" WIDTH="53" HEIGHT="30" CONTENT="des" WC="1.00" CC="010"/>
						<SP ID="P53_SP00014" HPOS="1091" VPOS="317" WIDTH="16"/>
						<String ID="P53_ST00017" HPOS="1107" VPOS="266" WIDTH="239" HEIGHT="40" CONTENT="„Historikers“," WC="0.99" CC="01000540006683"/>
					</TextLine>
					<TextLine ID="P53_TL00004" HPOS="163" VPOS="311" WIDTH="1184" HEIGHT="49">
						<String ID="P53_ST00018" HPOS="163" VPOS="324" WIDTH="56" HEIGHT="31" CONTENT="der" WC="0.99" CC="003"/>
						<SP ID="P53_SP00015" HPOS="219" VPOS="355" WIDTH="22"/>
						<String ID="P53_ST00019" HPOS="241" VPOS="323" WIDTH="48" HEIGHT="30" CONTENT="bei" WC="0.98" CC="600"/>
						<SP ID="P53_SP00016" HPOS="289" VPOS="355" WIDTH="24"/>
						<String ID="P53_ST00020" HPOS="313" VPOS="322" WIDTH="54" HEIGHT="31" CONTENT="der" WC="0.98" CC="022"/>
						<SP ID="P53_SP00017" HPOS="367" VPOS="355" WIDTH="22"/>
						<String ID="P53_ST00021" HPOS="389" VPOS="318" WIDTH="183" HEIGHT="42" CONTENT="politischen" WC="0.99" CC="42620300707"/>
						<SP ID="P53_SP00018" HPOS="572" VPOS="360" WIDTH="24"/>
						<String ID="P53_ST00022" HPOS="596" VPOS="317" WIDTH="65" HEIGHT="31" CONTENT="und" WC="0.98" CC="600"/>
						<SP ID="P53_SP00019" HPOS="661" VPOS="360" WIDTH="20"/>
						<String ID="P53_ST00023" HPOS="681" VPOS="316" WIDTH="173" HEIGHT="32" CONTENT="sachlichen" WC="1.00" CC="0030500000"/>
						<SP ID="P53_SP00020" HPOS="854" VPOS="360" WIDTH="24"/>
						<String ID="P53_ST00024" HPOS="878" VPOS="315" WIDTH="212" HEIGHT="31" CONTENT="Parteinahme" WC="1.00" CC="02100000030"/>
						<SP ID="P53_SP00021" HPOS="1090" VPOS="360" WIDTH="21"/>
						<String ID="P53_ST00025" HPOS="1111" VPOS="313" WIDTH="49" HEIGHT="30" CONTENT="für" WC="0.95" CC="606"/>
						<SP ID="P53_SP00022" HPOS="1160" VPOS="360" WIDTH="22"/>
						<String ID="P53_ST00026" HPOS="1182" VPOS="312" WIDTH="49" HEIGHT="30" CONTENT="die" WC="1.00" CC="000"/>
						<SP ID="P53_SP00023" HPOS="1231" VPOS="360" WIDTH="23"/>
						<String ID="P53_ST00027" HPOS="1254" VPOS="311" WIDTH="78" HEIGHT="30" CONTENT="histo" SUBS_TYPE="HypPart1" SUBS_CONTENT="historische" WC="0.99" CC="00004"/>
						<HYP HPOS="1332" VPOS="311" WIDTH="15" CONTENT="-"/>
					</TextLine>
					<TextLine ID="P53_TL00005" HPOS="170" VPOS="359" WIDTH="1096" HEIGHT="42">
						<String ID="P53_ST00028" HPOS="170" VPOS="371" WIDTH="100" HEIGHT="30" CONTENT="rische" SUBS_TYPE="HypPart2" SUBS_CONTENT="historische" WC="0.99" CC="510000"/>
						<SP ID="P53_SP00024" HPOS="270" VPOS="401" WIDTH="22"/>
						<String ID="P53_ST00029" HPOS="292" VPOS="369" WIDTH="99" HEIGHT="30" CONTENT="Treue" WC="0.98" CC="06070"/>
						<SP ID="P53_SP00025" HPOS="391" VPOS="401" WIDTH="81"/>
						<String ID="P53_ST00030" HPOS="472" VPOS="367" WIDTH="55" HEIGHT="30" CONTENT="mit" WC="0.99" CC="110"/>
						<SP ID="P53_SP00026" HPOS="527" VPOS="401" WIDTH="21"/>
						<String ID="P53_ST00031" HPOS="548" VPOS="364" WIDTH="137" HEIGHT="31" CONTENT="Unrecht" WC="0.98" CC="3772700"/>
						<SP ID="P53_SP00027" HPOS="685" VPOS="401" WIDTH="82"/>
						<String ID="P53_ST00032" HPOS="767" VPOS="363" WIDTH="138" HEIGHT="32" CONTENT="fürchtet." WC="0.99" CC="704007064"/>
						<SP ID="P53_SP00028" HPOS="905" VPOS="401" WIDTH="174"/>
						<String ID="P53_ST00033" HPOS="1079" VPOS="359" WIDTH="44" HEIGHT="33" CONTENT="M." WC="0.82" CC="12"/>
						<SP ID="P53_SP00029" HPOS="1123" VPOS="401" WIDTH="24"/>
						<String ID="P53_ST00034" HPOS="1147" VPOS="359" WIDTH="78" HEIGHT="30" CONTENT="Per" WC="0.97" CC="305"/>
						<SP ID="P53_SP00030" HPOS="1225" VPOS="401" WIDTH="12"/>
						<String ID="P53_ST00035" HPOS="1237" VPOS="365" WIDTH="29" HEIGHT="23" CONTENT="u." WC="0.55" CC="71"/>
					</TextLine>
					<TextLine ID="P53_TL00006" HPOS="164" VPOS="437" WIDTH="1185" HEIGHT="52">
						<String ID="P53_ST00036" HPOS="164" VPOS="450" WIDTH="151" HEIGHT="39" CONTENT="Upton" WC="0.89" CC="30020"/>
						<SP ID="P53_SP00031" HPOS="315" VPOS="489" WIDTH="38"/>
						<String ID="P53_ST00037" HPOS="353" VPOS="445" WIDTH="215" HEIGHT="34" CONTENT="Sinclair:" WC="1.00" CC="000050025"/>
						<SP ID="P53_SP00032" HPOS="568" VPOS="489" WIDTH="40"/>
						<String ID="P53_ST00038" HPOS="608" VPOS="442" WIDTH="154" HEIGHT="42" CONTENT="„JIMMY" WC="0.99" CC="046000"/>
						<SP ID="P53_SP00033" HPOS="762" VPOS="489" WIDTH="28"/>
						<String ID="P53_ST00039" HPOS="790" VPOS="441" WIDTH="204" HEIGHT="31" CONTENT="HIGGINS“." WC="0.59" CC="576750102"/>
						<SP ID="P53_SP00034" HPOS="994" VPOS="489" WIDTH="48"/>
						<String ID="P53_ST00040" HPOS="1042" VPOS="439" WIDTH="212" HEIGHT="39" CONTENT="Kiepenheuer" WC="0.99" CC="40000702555"/>
						<SP ID="P53_SP00035" HPOS="1254" VPOS="489" WIDTH="25"/>
						<String ID="P53_ST00041" HPOS="1279" VPOS="437" WIDTH="53" HEIGHT="31" CONTENT="Ver" SUBS_TYPE="HypPart1" SUBS_CONTENT="Verlag," WC="0.97" CC="046"/>
						<HYP HPOS="1332" VPOS="437" WIDTH="17" CONTENT="-"/>
					</TextLine>
					<TextLine ID="P53_TL00007" HPOS="207" VPOS="494" WIDTH="238" HEIGHT="41">
						<String ID="P53_ST00042" HPOS="207" VPOS="496" WIDTH="62" HEIGHT="39" CONTENT="lag," SUBS_TYPE="HypPart2" SUBS_CONTENT="Verlag," WC="0.98" CC="5003"/>
						<SP ID="P53_SP00036" HPOS="269" VPOS="535" WIDTH="18"/>
						<String ID="P53_ST00043" HPOS="287" VPOS="494" WIDTH="158" HEIGHT="32" CONTENT="Potsdam." WC="1.00" CC="10000010"/>
					</TextLine>
					<TextLine ID="P53_TL00008" HPOS="250" VPOS="542" WIDTH="1101" HEIGHT="43">
						<String ID="P53_ST00044" HPOS="250" VPOS="555" WIDTH="108" HEIGHT="30" CONTENT="Dieses" WC="0.99" CC="200050"/>
						<SP ID="P53_SP00037" HPOS="358" VPOS="585" WIDTH="17"/>
						<String ID="P53_ST00045" HPOS="375" VPOS="553" WIDTH="86" HEIGHT="30" CONTENT="Buch" WC="0.98" CC="4600"/>
						<SP ID="P53_SP00038" HPOS="461" VPOS="585" WIDTH="17"/>
						<String ID="P53_ST00046" HPOS="478" VPOS="550" WIDTH="117" HEIGHT="32" CONTENT="erzählt" WC="0.99" CC="0400074"/>
						<SP ID="P53_SP00039" HPOS="595" VPOS="585" WIDTH="15"/>
						<String ID="P53_ST00047" HPOS="610" VPOS="558" WIDTH="72" HEIGHT="22" CONTENT="vom" WC="0.98" CC="060"/>
						<SP ID="P53_SP00040" HPOS="682" VPOS="585" WIDTH="17"/>
						<String ID="P53_ST00048" HPOS="699" VPOS="547" WIDTH="100" HEIGHT="31" CONTENT="Leben" WC="0.98" CC="00307"/>
						<SP ID="P53_SP00041" HPOS="799" VPOS="585" WIDTH="16"/>
						<String ID="P53_ST00049" HPOS="815" VPOS="548" WIDTH="80" HEIGHT="30" CONTENT="eines" WC="1.00" CC="03000"/>
						<SP ID="P53_SP00042" HPOS="895" VPOS="585" WIDTH="18"/>
						<String ID="P53_ST00050" HPOS="913" VPOS="544" WIDTH="257" HEIGHT="32" CONTENT="amerikanischen" WC="1.00" CC="00060007200630"/>
						<SP ID="P53_SP00043" HPOS="1170" VPOS="585" WIDTH="18"/>
						<String ID="P53_ST00051" HPOS="1188" VPOS="542" WIDTH="147" HEIGHT="31" CONTENT="Industrie" SUBS_TYPE="HypPart1" SUBS_CONTENT="Industriearbeiters," WC="0.99" CC="670600044"/>
						<HYP HPOS="1335" VPOS="542" WIDTH="16" CONTENT="-"/>
					</TextLine>
					<TextLine ID="P53_TL00009" HPOS="167" VPOS="588" WIDTH="1184" HEIGHT="52">
						<String ID="P53_ST00052" HPOS="167" VPOS="602" WIDTH="158" HEIGHT="38" CONTENT="arbeiters," SUBS_TYPE="HypPart2" SUBS_CONTENT="Industriearbeiters," WC="0.99" CC="6370000503"/>
						<SP ID="P53_SP00044" HPOS="325" VPOS="640" WIDTH="28"/>
						<String ID="P53_ST00053" HPOS="353" VPOS="600" WIDTH="54" HEIGHT="30" CONTENT="der" WC="1.00" CC="000"/>
						<SP ID="P53_SP00045" HPOS="407" VPOS="640" WIDTH="24"/>
						<String ID="P53_ST00054" HPOS="431" VPOS="607" WIDTH="62" HEIGHT="22" CONTENT="von" WC="0.96" CC="037"/>
						<SP ID="P53_SP00046" HPOS="493" VPOS="640" WIDTH="27"/>
						<String ID="P53_ST00055" HPOS="520" VPOS="597" WIDTH="125" HEIGHT="38" CONTENT="Jugend" WC="0.99" CC="060000"/>
						<SP ID="P53_SP00047" HPOS="645" VPOS="640" WIDTH="34"/>
						<String ID="P53_ST00056" HPOS="679" VPOS="604" WIDTH="39" HEIGHT="21" CONTENT="an" WC="1.00" CC="00"/>
						<SP ID="P53_SP00048" HPOS="718" VPOS="640" WIDTH="36"/>
						<String ID="P53_ST00057" HPOS="754" VPOS="602" WIDTH="59" HEIGHT="22" CONTENT="nur" WC="0.95" CC="076"/>
						<SP ID="P53_SP00049" HPOS="813" VPOS="640" WIDTH="36"/>
						<String ID="P53_ST00058" HPOS="849" VPOS="593" WIDTH="48" HEIGHT="30" CONTENT="die" WC="0.98" CC="021"/>
						<SP ID="P53_SP00050" HPOS="897" VPOS="640" WIDTH="26"/>
						<String ID="P53_ST00059" HPOS="923" VPOS="592" WIDTH="206" HEIGHT="36" CONTENT="Ausbeutung" WC="0.99" CC="0500063660"/>
						<SP ID="P53_SP00051" HPOS="1129" VPOS="640" WIDTH="26"/>
						<String ID="P53_ST00060" HPOS="1155" VPOS="588" WIDTH="64" HEIGHT="31" CONTENT="und" WC="0.98" CC="600"/>
						<SP ID="P53_SP00052" HPOS="1219" VPOS="640" WIDTH="24"/>
						<String ID="P53_ST00061" HPOS="1243" VPOS="588" WIDTH="90" HEIGHT="31" CONTENT="Unter" SUBS_TYPE="HypPart1" SUBS_CONTENT="Unterdrückung" WC="0.99" CC="30020"/>
						<HYP HPOS="1333" VPOS="588" WIDTH="18" CONTENT="-"/>
					</TextLine>
					<TextLine ID="P53_TL00010" HPOS="168" VPOS="633" WIDTH="1183" HEIGHT="52">
						<String ID="P53_ST00062" HPOS="168" VPOS="648" WIDTH="164" HEIGHT="37" CONTENT="drückung" SUBS_TYPE="HypPart2" SUBS_CONTENT="Unterdrückung" WC="0.99" CC="06020600"/>
						<SP ID="P53_SP00053" HPOS="332" VPOS="685" WIDTH="23"/>
						<String ID="P53_ST00063" HPOS="355" VPOS="646" WIDTH="53" HEIGHT="30" CONTENT="des" WC="1.00" CC="000"/>
						<SP ID="P53_SP00054" HPOS="408" VPOS="685" WIDTH="23"/>
						<String ID="P53_ST00064" HPOS="431" VPOS="644" WIDTH="223" HEIGHT="38" CONTENT="Kapitalismus" WC="1.00" CC="500200000070"/>
						<SP ID="P53_SP00055" HPOS="654" VPOS="685" WIDTH="24"/>
						<String ID="P53_ST00065" HPOS="678" VPOS="639" WIDTH="95" HEIGHT="32" CONTENT="erlebt" WC="0.98" CC="406600"/>
						<SP ID="P53_SP00056" HPOS="773" VPOS="685" WIDTH="23"/>
						<String ID="P53_ST00066" HPOS="796" VPOS="639" WIDTH="64" HEIGHT="30" CONTENT="und" WC="0.96" CC="560"/>
						<SP ID="P53_SP00057" HPOS="860" VPOS="685" WIDTH="23"/>
						<String ID="P53_ST00067" HPOS="883" VPOS="638" WIDTH="95" HEIGHT="30" CONTENT="daher" WC="0.99" CC="00106"/>
						<SP ID="P53_SP00058" HPOS="978" VPOS="685" WIDTH="34"/>
						<String ID="P53_ST00068" HPOS="1012" VPOS="637" WIDTH="48" HEIGHT="29" CONTENT="die" WC="1.00" CC="000"/>
						<SP ID="P53_SP00059" HPOS="1060" VPOS="685" WIDTH="22"/>
						<String ID="P53_ST00069" HPOS="1082" VPOS="635" WIDTH="95" HEIGHT="31" CONTENT="Lehre" WC="0.99" CC="20040"/>
						<SP ID="P53_SP00060" HPOS="1177" VPOS="685" WIDTH="35"/>
						<String ID="P53_ST00070" HPOS="1212" VPOS="634" WIDTH="54" HEIGHT="31" CONTENT="des" WC="0.95" CC="049"/>
						<SP ID="P53_SP00061" HPOS="1266" VPOS="685" WIDTH="33"/>
						<String ID="P53_ST00071" HPOS="1299" VPOS="633" WIDTH="35" HEIGHT="30" CONTENT="So" SUBS_TYPE="HypPart1" SUBS_CONTENT="Sozialismus" WC="0.95" CC="35"/>
						<HYP HPOS="1334" VPOS="633" WIDTH="17" CONTENT="-"/>
					</TextLine>
					<TextLine ID="P53_TL00011" HPOS="168" VPOS="678" WIDTH="1184" HEIGHT="50">
						<String ID="P53_ST00072" HPOS="168" VPOS="694" WIDTH="160" HEIGHT="30" CONTENT="zialismus" SUBS_TYPE="HypPart2" SUBS_CONTENT="Sozialismus" WC="0.99" CC="300430060"/>
						<SP ID="P53_SP00062" HPOS="328" VPOS="724" WIDTH="20"/>
						<String ID="P53_ST00073" HPOS="348" VPOS="692" WIDTH="46" HEIGHT="30" CONTENT="als" WC="0.95" CC="750"/>
						<SP ID="P53_SP00063" HPOS="394" VPOS="724" WIDTH="21"/>
						<String ID="P53_ST00074" HPOS="415" VPOS="691" WIDTH="119" HEIGHT="37" CONTENT="einzige" WC="0.98" CC="7071006"/>
						<SP ID="P53_SP00064" HPOS="534" VPOS="728" WIDTH="21"/>
						<String ID="P53_ST00075" HPOS="555" VPOS="687" WIDTH="168" HEIGHT="39" CONTENT="Erlösung," WC="0.99" CC="571006704"/>
						<SP ID="P53_SP00065" HPOS="723" VPOS="728" WIDTH="21"/>
						<String ID="P53_ST00076" HPOS="744" VPOS="686" WIDTH="84" HEIGHT="30" CONTENT="seine" WC="0.98" CC="07107"/>
						<SP ID="P53_SP00066" HPOS="828" VPOS="728" WIDTH="21"/>
						<String ID="P53_ST00077" HPOS="849" VPOS="683" WIDTH="163" HEIGHT="38" CONTENT="Erfüllung" WC="0.99" CC="470066600"/>
						<SP ID="P53_SP00067" HPOS="1012" VPOS="728" WIDTH="21"/>
						<String ID="P53_ST00078" HPOS="1033" VPOS="682" WIDTH="44" HEIGHT="30" CONTENT="als" WC="0.97" CC="700"/>
						<SP ID="P53_SP00068" HPOS="1077" VPOS="728" WIDTH="23"/>
						<String ID="P53_ST00079" HPOS="1100" VPOS="681" WIDTH="161" HEIGHT="38" CONTENT="privateste" WC="0.99" CC="0740047007"/>
						<SP ID="P53_SP00069" HPOS="1261" VPOS="728" WIDTH="22"/>
						<String ID="P53_ST00080" HPOS="1283" VPOS="678" WIDTH="52" HEIGHT="30" CONTENT="Auf" SUBS_TYPE="HypPart1" SUBS_CONTENT="Aufgabe" WC="0.98" CC="360"/>
						<HYP HPOS="1335" VPOS="678" WIDTH="17" CONTENT="-"/>
					</TextLine>
					<TextLine ID="P53_TL00012" HPOS="169" VPOS="724" WIDTH="1186" HEIGHT="55">
						<String ID="P53_ST00081" HPOS="169" VPOS="740" WIDTH="81" HEIGHT="39" CONTENT="gabe" SUBS_TYPE="HypPart2" SUBS_CONTENT="Aufgabe" WC="0.99" CC="0050"/>
						<SP ID="P53_SP00070" HPOS="250" VPOS="779" WIDTH="22"/>
						<String ID="P53_ST00082" HPOS="272" VPOS="737" WIDTH="173" HEIGHT="41" CONTENT="empfindet." WC="0.99" CC="0007360063"/>
						<SP ID="P53_SP00071" HPOS="445" VPOS="779" WIDTH="44"/>
						<String ID="P53_ST00083" HPOS="489" VPOS="736" WIDTH="116" HEIGHT="31" CONTENT="Soweit" WC="1.00" CC="120100"/>
						<SP ID="P53_SP00072" HPOS="605" VPOS="779" WIDTH="21"/>
						<String ID="P53_ST00084" HPOS="626" VPOS="734" WIDTH="47" HEIGHT="30" CONTENT="bei" WC="1.00" CC="000"/>
						<SP ID="P53_SP00073" HPOS="673" VPOS="779" WIDTH="23"/>
						<String ID="P53_ST00085" HPOS="696" VPOS="733" WIDTH="113" HEIGHT="30" CONTENT="diesem" WC="1.00" CC="010030"/>
						<SP ID="P53_SP00074" HPOS="809" VPOS="779" WIDTH="22"/>
						<String ID="P53_ST00086" HPOS="831" VPOS="728" WIDTH="259" HEIGHT="41" CONTENT="ursprünglichen" WC="0.99" CC="75006070510407"/>
						<SP ID="P53_SP00075" HPOS="1090" VPOS="779" WIDTH="21"/>
						<String ID="P53_ST00087" HPOS="1111" VPOS="726" WIDTH="167" HEIGHT="31" CONTENT="Menschen" WC="1.00" CC="00000027"/>
						<SP ID="P53_SP00076" HPOS="1278" VPOS="779" WIDTH="22"/>
						<String ID="P53_ST00088" HPOS="1300" VPOS="724" WIDTH="55" HEIGHT="30" CONTENT="das" WC="0.98" CC="004"/>
					</TextLine>
					<TextLine ID="P53_TL00013" HPOS="170" VPOS="771" WIDTH="1186" HEIGHT="54">
						<String ID="P53_ST00089" HPOS="170" VPOS="786" WIDTH="92" HEIGHT="32" CONTENT="Wort" WC="0.99" CC="6000"/>
						<SP ID="P53_SP00077" HPOS="262" VPOS="818" WIDTH="24"/>
						<String ID="P53_ST00090" HPOS="286" VPOS="785" WIDTH="140" HEIGHT="40" CONTENT="„privat“" WC="0.99" CC="40700700"/>
						<SP ID="P53_SP00078" HPOS="426" VPOS="825" WIDTH="25"/>
						<String ID="P53_ST00091" HPOS="451" VPOS="781" WIDTH="173" HEIGHT="39" CONTENT="überhaupt" WC="0.99" CC="067600700"/>
						<SP ID="P53_SP00079" HPOS="624" VPOS="825" WIDTH="26"/>
						<String ID="P53_ST00092" HPOS="650" VPOS="781" WIDTH="88" HEIGHT="30" CONTENT="einen" WC="0.97" CC="00777"/>
						<SP ID="P53_SP00080" HPOS="738" VPOS="825" WIDTH="26"/>
						<String ID="P53_ST00093" HPOS="764" VPOS="778" WIDTH="75" HEIGHT="30" CONTENT="Sinn" WC="1.00" CC="0000"/>
						<SP ID="P53_SP00081" HPOS="839" VPOS="825" WIDTH="25"/>
						<String ID="P53_ST00094" HPOS="864" VPOS="776" WIDTH="61" HEIGHT="31" CONTENT="hat." WC="0.97" CC="6700"/>
						<SP ID="P53_SP00082" HPOS="925" VPOS="825" WIDTH="47"/>
						<String ID="P53_ST00095" HPOS="972" VPOS="775" WIDTH="34" HEIGHT="31" CONTENT="In" WC="0.77" CC="40"/>
						<SP ID="P53_SP00083" HPOS="1006" VPOS="825" WIDTH="24"/>
						<String ID="P53_ST00096" HPOS="1030" VPOS="774" WIDTH="113" HEIGHT="30" CONTENT="seinem" WC="0.98" CC="071070"/>
						<SP ID="P53_SP00084" HPOS="1143" VPOS="825" WIDTH="27"/>
						<String ID="P53_ST00097" HPOS="1170" VPOS="773" WIDTH="109" HEIGHT="29" CONTENT="Innern" WC="0.97" CC="707770"/>
						<SP ID="P53_SP00085" HPOS="1279" VPOS="825" WIDTH="27"/>
						<String ID="P53_ST00098" HPOS="1306" VPOS="771" WIDTH="50" HEIGHT="29" CONTENT="hat" WC="0.94" CC="079"/>
					</TextLine>
					<TextLine ID="P53_TL00014" HPOS="172" VPOS="817" WIDTH="1184" HEIGHT="47">
						<String ID="P53_ST00099" HPOS="172" VPOS="833" WIDTH="64" HEIGHT="31" CONTENT="sich" WC="0.99" CC="5000"/>
						<SP ID="P53_SP00086" HPOS="236" VPOS="864" WIDTH="26"/>
						<String ID="P53_ST00100" HPOS="262" VPOS="832" WIDTH="55" HEIGHT="31" CONTENT="der" WC="0.98" CC="005"/>
						<SP ID="P53_SP00087" HPOS="317" VPOS="864" WIDTH="24"/>
						<String ID="P53_ST00101" HPOS="341" VPOS="830" WIDTH="121" HEIGHT="31" CONTENT="Prozeß" WC="0.99" CC="044020"/>
						<SP ID="P53_SP00088" HPOS="462" VPOS="864" WIDTH="26"/>
						<String ID="P53_ST00102" HPOS="488" VPOS="828" WIDTH="82" HEIGHT="32" CONTENT="noch" WC="0.98" CC="0017"/>
						<SP ID="P53_SP00089" HPOS="570" VPOS="864" WIDTH="24"/>
						<String ID="P53_ST00103" HPOS="594" VPOS="826" WIDTH="84" HEIGHT="32" CONTENT="nicht" WC="1.00" CC="02000"/>
						<SP ID="P53_SP00090" HPOS="678" VPOS="864" WIDTH="25"/>
						<String ID="P53_ST00104" HPOS="703" VPOS="823" WIDTH="180" HEIGHT="40" CONTENT="abgespielt," WC="0.99" CC="07910013302"/>
						<SP ID="P53_SP00091" HPOS="883" VPOS="864" WIDTH="26"/>
						<String ID="P53_ST00105" HPOS="909" VPOS="822" WIDTH="54" HEIGHT="31" CONTENT="der" WC="0.96" CC="036"/>
						<SP ID="P53_SP00092" HPOS="963" VPOS="864" WIDTH="26"/>
						<String ID="P53_ST00106" HPOS="989" VPOS="821" WIDTH="59" HEIGHT="32" CONTENT="den" WC="0.97" CC="017"/>
						<SP ID="P53_SP00093" HPOS="1048" VPOS="864" WIDTH="27"/>
						<String ID="P53_ST00107" HPOS="1075" VPOS="818" WIDTH="167" HEIGHT="31" CONTENT="Menschen" WC="1.00" CC="00600400"/>
						<SP ID="P53_SP00094" HPOS="1242" VPOS="864" WIDTH="28"/>
						<String ID="P53_ST00108" HPOS="1270" VPOS="817" WIDTH="86" HEIGHT="37" CONTENT="lehrt," WC="0.98" CC="600431"/>
					</TextLine>
					<TextLine ID="P53_TL00015" HPOS="172" VPOS="861" WIDTH="1186" HEIGHT="56">
						<String ID="P53_ST00109" HPOS="172" VPOS="880" WIDTH="122" HEIGHT="37" CONTENT="eigenes" WC="0.99" CC="6290000"/>
						<SP ID="P53_SP00095" HPOS="294" VPOS="917" WIDTH="20"/>
						<String ID="P53_ST00110" HPOS="314" VPOS="876" WIDTH="153" HEIGHT="32" CONTENT="Schicksal" WC="1.00" CC="020021004"/>
						<SP ID="P53_SP00096" HPOS="467" VPOS="917" WIDTH="19"/>
						<String ID="P53_ST00111" HPOS="486" VPOS="884" WIDTH="72" HEIGHT="21" CONTENT="vom" WC="0.96" CC="074"/>
						<SP ID="P53_SP00097" HPOS="558" VPOS="917" WIDTH="20"/>
						<String ID="P53_ST00112" HPOS="578" VPOS="872" WIDTH="153" HEIGHT="32" CONTENT="Schicksal" WC="1.00" CC="000430005"/>
						<SP ID="P53_SP00098" HPOS="731" VPOS="917" WIDTH="20"/>
						<String ID="P53_ST00113" HPOS="751" VPOS="871" WIDTH="54" HEIGHT="30" CONTENT="der" WC="0.98" CC="005"/>
						<SP ID="P53_SP00099" HPOS="805" VPOS="917" WIDTH="19"/>
						<String ID="P53_ST00114" HPOS="824" VPOS="868" WIDTH="223" HEIGHT="32" CONTENT="Mitmenschen" WC="1.00" CC="00000000010"/>
						<SP ID="P53_SP00100" HPOS="1047" VPOS="917" WIDTH="20"/>
						<String ID="P53_ST00115" HPOS="1067" VPOS="875" WIDTH="39" HEIGHT="21" CONTENT="zu" WC="0.68" CC="06"/>
						<SP ID="P53_SP00101" HPOS="1106" VPOS="917" WIDTH="19"/>
						<String ID="P53_ST00116" HPOS="1125" VPOS="864" WIDTH="147" HEIGHT="39" CONTENT="sondern," WC="0.99" CC="00600470"/>
						<SP ID="P53_SP00102" HPOS="1272" VPOS="917" WIDTH="22"/>
						<String ID="P53_ST00117" HPOS="1294" VPOS="861" WIDTH="64" HEIGHT="32" CONTENT="und" WC="0.95" CC="670"/>
					</TextLine>
					<TextLine ID="P53_TL00016" HPOS="171" VPOS="908" WIDTH="1185" HEIGHT="54">
						<String ID="P53_ST00118" HPOS="171" VPOS="935" WIDTH="38" HEIGHT="22" CONTENT="so" WC="0.76" CC="40"/>
						<SP ID="P53_SP00103" HPOS="209" VPOS="957" WIDTH="19"/>
						<String ID="P53_ST00119" HPOS="228" VPOS="926" WIDTH="116" HEIGHT="29" CONTENT="kommt" WC="0.99" CC="04000"/>
						<SP ID="P53_SP00104" HPOS="344" VPOS="957" WIDTH="19"/>
						<String ID="P53_ST00120" HPOS="363" VPOS="933" WIDTH="41" HEIGHT="29" CONTENT="es," WC="0.96" CC="704"/>
						<SP ID="P53_SP00105" HPOS="404" VPOS="962" WIDTH="20"/>
						<String ID="P53_ST00121" HPOS="424" VPOS="922" WIDTH="61" HEIGHT="31" CONTENT="daß" WC="0.97" CC="070"/>
						<SP ID="P53_SP00106" HPOS="485" VPOS="962" WIDTH="21"/>
						<String ID="P53_ST00122" HPOS="506" VPOS="920" WIDTH="56" HEIGHT="32" CONTENT="das" WC="0.98" CC="005"/>
						<SP ID="P53_SP00107" HPOS="562" VPOS="962" WIDTH="18"/>
						<String ID="P53_ST00123" HPOS="580" VPOS="919" WIDTH="100" HEIGHT="31" CONTENT="Leben" WC="0.96" CC="67570"/>
						<SP ID="P53_SP00108" HPOS="680" VPOS="962" WIDTH="20"/>
						<String ID="P53_ST00124" HPOS="700" VPOS="918" WIDTH="98" HEIGHT="30" CONTENT="dieses" WC="0.97" CC="037374"/>
						<SP ID="P53_SP00109" HPOS="798" VPOS="962" WIDTH="17"/>
						<String ID="P53_ST00125" HPOS="815" VPOS="916" WIDTH="117" HEIGHT="31" CONTENT="kleinen" WC="0.98" CC="0602770"/>
						<SP ID="P53_SP00110" HPOS="932" VPOS="962" WIDTH="21"/>
						<String ID="P53_ST00126" HPOS="953" VPOS="913" WIDTH="197" HEIGHT="31" CONTENT="Proletariers" WC="0.99" CC="070670772770"/>
						<SP ID="P53_SP00111" HPOS="1150" VPOS="962" WIDTH="19"/>
						<String ID="P53_ST00127" HPOS="1169" VPOS="908" WIDTH="187" HEIGHT="42" CONTENT="symbolisch" WC="0.99" CC="0200016077"/>
					</TextLine>
					<TextLine ID="P53_TL00017" HPOS="173" VPOS="955" WIDTH="1185" HEIGHT="49">
						<String ID="P53_ST00128" HPOS="173" VPOS="973" WIDTH="58" HEIGHT="31" CONTENT="das" WC="1.00" CC="000"/>
						<SP ID="P53_SP00112" HPOS="231" VPOS="1004" WIDTH="24"/>
						<String ID="P53_ST00129" HPOS="255" VPOS="971" WIDTH="101" HEIGHT="31" CONTENT="Leben" WC="1.00" CC="00020"/>
						<SP ID="P53_SP00113" HPOS="356" VPOS="1004" WIDTH="25"/>
						<String ID="P53_ST00130" HPOS="381" VPOS="969" WIDTH="65" HEIGHT="31" CONTENT="und" WC="0.97" CC="700"/>
						<SP ID="P53_SP00114" HPOS="446" VPOS="1004" WIDTH="25"/>
						<String ID="P53_ST00131" HPOS="471" VPOS="968" WIDTH="48" HEIGHT="31" CONTENT="die" WC="0.99" CC="030"/>
						<SP ID="P53_SP00115" HPOS="519" VPOS="1004" WIDTH="25"/>
						<String ID="P53_ST00132" HPOS="544" VPOS="965" WIDTH="217" HEIGHT="38" CONTENT="Entwicklung" WC="1.00" CC="00004306500"/>
						<SP ID="P53_SP00116" HPOS="761" VPOS="1004" WIDTH="26"/>
						<String ID="P53_ST00133" HPOS="787" VPOS="963" WIDTH="53" HEIGHT="30" CONTENT="des" WC="0.98" CC="050"/>
						<SP ID="P53_SP00117" HPOS="840" VPOS="1004" WIDTH="24"/>
						<String ID="P53_ST00134" HPOS="864" VPOS="960" WIDTH="199" HEIGHT="32" CONTENT="Proletariats" WC="0.99" CC="046700450030"/>
						<SP ID="P53_SP00118" HPOS="1063" VPOS="1004" WIDTH="25"/>
						<String ID="P53_ST00135" HPOS="1088" VPOS="958" WIDTH="45" HEIGHT="31" CONTENT="als" WC="0.98" CC="050"/>
						<SP ID="P53_SP00119" HPOS="1133" VPOS="1004" WIDTH="25"/>
						<String ID="P53_ST00136" HPOS="1158" VPOS="957" WIDTH="108" HEIGHT="31" CONTENT="Klasse" WC="0.99" CC="070000"/>
						<SP ID="P53_SP00120" HPOS="1266" VPOS="1004" WIDTH="25"/>
						<String ID="P53_ST00137" HPOS="1291" VPOS="955" WIDTH="51" HEIGHT="30" CONTENT="dar" SUBS_TYPE="HypPart1" SUBS_CONTENT="darstellt." WC="0.67" CC="036"/>
						<HYP HPOS="1342" VPOS="955" WIDTH="16" CONTENT="-"/>
					</TextLine>
					<TextLine ID="P53_TL00018" HPOS="172" VPOS="1018" WIDTH="90" HEIGHT="32">
						<String ID="P53_ST00138" HPOS="172" VPOS="1018" WIDTH="90" HEIGHT="32" CONTENT="stellt." SUBS_TYPE="HypPart2" SUBS_CONTENT="darstellt." WC="0.72" CC="1305412"/>
					</TextLine>
					<TextLine ID="P53_TL00019" HPOS="256" VPOS="1050" WIDTH="1103" HEIGHT="52">
						<String ID="P53_ST00139" HPOS="256" VPOS="1064" WIDTH="109" HEIGHT="38" CONTENT="Upton" WC="0.84" CC="00340"/>
						<SP ID="P53_SP00121" HPOS="365" VPOS="1102" WIDTH="25"/>
						<String ID="P53_ST00140" HPOS="390" VPOS="1060" WIDTH="129" HEIGHT="33" CONTENT="Sinclair" WC="1.00" CC="00036000"/>
						<SP ID="P53_SP00122" HPOS="519" VPOS="1102" WIDTH="22"/>
						<String ID="P53_ST00141" HPOS="541" VPOS="1059" WIDTH="61" HEIGHT="39" CONTENT="legt" WC="0.97" CC="5105"/>
						<SP ID="P53_SP00123" HPOS="602" VPOS="1102" WIDTH="22"/>
						<String ID="P53_ST00142" HPOS="624" VPOS="1058" WIDTH="106" HEIGHT="30" CONTENT="keinen" WC="1.00" CC="022000"/>
						<SP ID="P53_SP00124" HPOS="730" VPOS="1102" WIDTH="23"/>
						<String ID="P53_ST00143" HPOS="753" VPOS="1055" WIDTH="85" HEIGHT="31" CONTENT="Wert" WC="0.97" CC="6050"/>
						<SP ID="P53_SP00125" HPOS="838" VPOS="1102" WIDTH="21"/>
						<String ID="P53_ST00144" HPOS="859" VPOS="1053" WIDTH="118" HEIGHT="39" CONTENT="darauf," WC="0.98" CC="0050774"/>
						<SP ID="P53_SP00126" HPOS="977" VPOS="1102" WIDTH="24"/>
						<String ID="P53_ST00145" HPOS="1001" VPOS="1051" WIDTH="65" HEIGHT="31" CONTENT="sich" WC="0.97" CC="0507"/>
						<SP ID="P53_SP00127" HPOS="1066" VPOS="1102" WIDTH="24"/>
						<String ID="P53_ST00146" HPOS="1090" VPOS="1051" WIDTH="44" HEIGHT="30" CONTENT="als" WC="0.97" CC="070"/>
						<SP ID="P53_SP00128" HPOS="1134" VPOS="1102" WIDTH="24"/>
						<String ID="P53_ST00147" HPOS="1158" VPOS="1050" WIDTH="201" HEIGHT="35" CONTENT="Stilkünstler," WC="0.99" CC="3014007056074"/>
					</TextLine>
					<TextLine ID="P53_TL00020" HPOS="175" VPOS="1093" WIDTH="1185" HEIGHT="57">
						<String ID="P53_ST00148" HPOS="175" VPOS="1110" WIDTH="195" HEIGHT="40" CONTENT="Psychologe" WC="0.99" CC="6600035400"/>
						<SP ID="P53_SP00129" HPOS="370" VPOS="1150" WIDTH="23"/>
						<String ID="P53_ST00149" HPOS="393" VPOS="1107" WIDTH="76" HEIGHT="31" CONTENT="oder" WC="0.96" CC="7056"/>
						<SP ID="P53_SP00130" HPOS="469" VPOS="1150" WIDTH="21"/>
						<String ID="P53_ST00150" HPOS="490" VPOS="1103" WIDTH="277" HEIGHT="42" CONTENT="phantasiereicher" WC="1.00" CC="0000100202500002"/>
						<SP ID="P53_SP00131" HPOS="767" VPOS="1150" WIDTH="22"/>
						<String ID="P53_ST00151" HPOS="789" VPOS="1100" WIDTH="141" HEIGHT="31" CONTENT="Erfinder" WC="0.98" CC="02776006"/>
						<SP ID="P53_SP00132" HPOS="930" VPOS="1150" WIDTH="22"/>
						<String ID="P53_ST00152" HPOS="952" VPOS="1108" WIDTH="40" HEIGHT="21" CONTENT="zu" WC="0.67" CC="06"/>
						<SP ID="P53_SP00133" HPOS="992" VPOS="1150" WIDTH="22"/>
						<String ID="P53_ST00153" HPOS="1014" VPOS="1097" WIDTH="216" HEIGHT="39" CONTENT="produzieren." WC="0.99" CC="032062000363"/>
						<SP ID="P53_SP00134" HPOS="1230" VPOS="1150" WIDTH="43"/>
						<String ID="P53_ST00154" HPOS="1273" VPOS="1093" WIDTH="87" HEIGHT="31" CONTENT="Seine" WC="1.00" CC="02100"/>
					</TextLine>
					<TextLine ID="P53_TL00021" HPOS="175" VPOS="1141" WIDTH="1186" HEIGHT="53">
						<String ID="P53_ST00155" HPOS="175" VPOS="1157" WIDTH="102" HEIGHT="33" CONTENT="Kunst" WC="0.99" CC="06020"/>
						<SP ID="P53_SP00135" HPOS="277" VPOS="1190" WIDTH="15"/>
						<String ID="P53_ST00156" HPOS="292" VPOS="1157" WIDTH="40" HEIGHT="30" CONTENT="ist" WC="0.97" CC="305"/>
						<SP ID="P53_SP00136" HPOS="332" VPOS="1190" WIDTH="15"/>
						<String ID="P53_ST00157" HPOS="347" VPOS="1165" WIDTH="42" HEIGHT="29" CONTENT="es," WC="0.97" CC="313"/>
						<SP ID="P53_SP00137" HPOS="389" VPOS="1194" WIDTH="17"/>
						<String ID="P53_ST00158" HPOS="406" VPOS="1152" WIDTH="202" HEIGHT="40" CONTENT="gleichgültig" WC="1.00" CC="040000000000"/>
						<SP ID="P53_SP00138" HPOS="608" VPOS="1194" WIDTH="16"/>
						<String ID="P53_ST00159" HPOS="624" VPOS="1148" WIDTH="178" HEIGHT="40" CONTENT="gegenüber" WC="0.99" CC="030000605"/>
						<SP ID="P53_SP00139" HPOS="802" VPOS="1194" WIDTH="18"/>
						<String ID="P53_ST00160" HPOS="820" VPOS="1147" WIDTH="58" HEIGHT="31" CONTENT="den" WC="1.00" CC="000"/>
						<SP ID="P53_SP00140" HPOS="878" VPOS="1194" WIDTH="17"/>
						<String ID="P53_ST00161" HPOS="895" VPOS="1146" WIDTH="190" HEIGHT="36" CONTENT="Wertungen" WC="0.99" CC="623760000"/>
						<SP ID="P53_SP00141" HPOS="1085" VPOS="1194" WIDTH="18"/>
						<String ID="P53_ST00162" HPOS="1103" VPOS="1142" WIDTH="66" HEIGHT="31" CONTENT="und" WC="0.95" CC="670"/>
						<SP ID="P53_SP00142" HPOS="1169" VPOS="1194" WIDTH="16"/>
						<String ID="P53_ST00163" HPOS="1185" VPOS="1141" WIDTH="157" HEIGHT="30" CONTENT="Erwartun" SUBS_TYPE="HypPart1" SUBS_CONTENT="Erwartungen" WC="0.99" CC="07004067"/>
						<HYP HPOS="1342" VPOS="1141" WIDTH="19" CONTENT="-"/>
					</TextLine>
					<TextLine ID="P53_TL00022" HPOS="176" VPOS="1185" WIDTH="1186" HEIGHT="57">
						<String ID="P53_ST00164" HPOS="176" VPOS="1213" WIDTH="62" HEIGHT="29" CONTENT="gen" SUBS_TYPE="HypPart2" SUBS_CONTENT="Erwartungen" WC="0.94" CC="960"/>
						<SP ID="P53_SP00143" HPOS="238" VPOS="1242" WIDTH="25"/>
						<String ID="P53_ST00165" HPOS="263" VPOS="1204" WIDTH="83" HEIGHT="29" CONTENT="einer" WC="0.97" CC="20545"/>
						<SP ID="P53_SP00144" HPOS="346" VPOS="1242" WIDTH="23"/>
						<String ID="P53_ST00166" HPOS="369" VPOS="1198" WIDTH="216" HEIGHT="40" CONTENT="bürgerlichen" WC="1.00" CC="000005623600"/>
						<SP ID="P53_SP00145" HPOS="585" VPOS="1242" WIDTH="26"/>
						<String ID="P53_ST00167" HPOS="611" VPOS="1194" WIDTH="235" HEIGHT="40" CONTENT="Bildungswelt," WC="0.99" CC="5050700002604"/>
						<SP ID="P53_SP00146" HPOS="846" VPOS="1242" WIDTH="27"/>
						<String ID="P53_ST00168" HPOS="873" VPOS="1192" WIDTH="49" HEIGHT="31" CONTENT="die" WC="0.99" CC="020"/>
						<SP ID="P53_SP00147" HPOS="922" VPOS="1242" WIDTH="25"/>
						<String ID="P53_ST00169" HPOS="947" VPOS="1190" WIDTH="83" HEIGHT="31" CONTENT="Seele" WC="0.99" CC="00630"/>
						<SP ID="P53_SP00148" HPOS="1030" VPOS="1242" WIDTH="26"/>
						<String ID="P53_ST00170" HPOS="1056" VPOS="1189" WIDTH="176" HEIGHT="39" CONTENT="derjenigen" WC="1.00" CC="0040070050"/>
						<SP ID="P53_SP00149" HPOS="1232" VPOS="1242" WIDTH="27"/>
						<String ID="P53_ST00171" HPOS="1259" VPOS="1185" WIDTH="86" HEIGHT="31" CONTENT="aufzu" SUBS_TYPE="HypPart1" SUBS_CONTENT="aufzudecken," WC="0.97" CC="46742"/>
						<HYP HPOS="1345" VPOS="1185" WIDTH="17" CONTENT="-"/>
					</TextLine>
					<TextLine ID="P53_TL00023" HPOS="180" VPOS="1231" WIDTH="1185" HEIGHT="57">
						<String ID="P53_ST00172" HPOS="180" VPOS="1249" WIDTH="122" HEIGHT="39" CONTENT="decken," SUBS_TYPE="HypPart2" SUBS_CONTENT="aufzudecken," WC="0.98" CC="0730774"/>
						<SP ID="P53_SP00150" HPOS="302" VPOS="1288" WIDTH="21"/>
						<String ID="P53_ST00173" HPOS="323" VPOS="1248" WIDTH="50" HEIGHT="30" CONTENT="die" WC="0.97" CC="007"/>
						<SP ID="P53_SP00151" HPOS="373" VPOS="1288" WIDTH="18"/>
						<String ID="P53_ST00174" HPOS="391" VPOS="1247" WIDTH="32" HEIGHT="30" CONTENT="in" WC="0.95" CC="00"/>
						<SP ID="P53_SP00152" HPOS="423" VPOS="1288" WIDTH="20"/>
						<String ID="P53_ST00175" HPOS="443" VPOS="1246" WIDTH="87" HEIGHT="30" CONTENT="ihren" WC="0.98" CC="10770"/>
						<SP ID="P53_SP00153" HPOS="530" VPOS="1288" WIDTH="19"/>
						<String ID="P53_ST00176" HPOS="549" VPOS="1242" WIDTH="246" HEIGHT="39" CONTENT="abgearbeiteten" WC="0.99" CC="76977727007677"/>
						<SP ID="P53_SP00154" HPOS="795" VPOS="1288" WIDTH="19"/>
						<String ID="P53_ST00177" HPOS="814" VPOS="1238" WIDTH="132" HEIGHT="30" CONTENT="Händen" WC="0.97" CC="627970"/>
						<SP ID="P53_SP00155" HPOS="946" VPOS="1288" WIDTH="22"/>
						<String ID="P53_ST00178" HPOS="968" VPOS="1236" WIDTH="64" HEIGHT="31" CONTENT="und" WC="0.98" CC="600"/>
						<SP ID="P53_SP00156" HPOS="1032" VPOS="1288" WIDTH="20"/>
						<String ID="P53_ST00179" HPOS="1052" VPOS="1235" WIDTH="87" HEIGHT="31" CONTENT="ihren" WC="0.97" CC="37077"/>
						<SP ID="P53_SP00157" HPOS="1139" VPOS="1288" WIDTH="20"/>
						<String ID="P53_ST00180" HPOS="1159" VPOS="1231" WIDTH="206" HEIGHT="37" CONTENT="schwerfällig" WC="0.99" CC="007077056639"/>
					</TextLine>
					<TextLine ID="P53_TL00024" HPOS="179" VPOS="1278" WIDTH="1187" HEIGHT="49">
						<String ID="P53_ST00181" HPOS="179" VPOS="1293" WIDTH="288" HEIGHT="34" CONTENT="funktionierenden" WC="1.00" CC="7600035630010035"/>
						<SP ID="P53_SP00158" HPOS="467" VPOS="1327" WIDTH="17"/>
						<String ID="P53_ST00182" HPOS="484" VPOS="1290" WIDTH="119" HEIGHT="31" CONTENT="Hirnen" WC="0.98" CC="702066"/>
						<SP ID="P53_SP00159" HPOS="603" VPOS="1327" WIDTH="19"/>
						<String ID="P53_ST00183" HPOS="622" VPOS="1289" WIDTH="49" HEIGHT="30" CONTENT="die" WC="1.00" CC="000"/>
						<SP ID="P53_SP00160" HPOS="671" VPOS="1327" WIDTH="18"/>
						<String ID="P53_ST00184" HPOS="689" VPOS="1286" WIDTH="134" HEIGHT="31" CONTENT="Zukunft" WC="0.98" CC="0707700"/>
						<SP ID="P53_SP00161" HPOS="823" VPOS="1327" WIDTH="20"/>
						<String ID="P53_ST00185" HPOS="843" VPOS="1285" WIDTH="54" HEIGHT="30" CONTENT="der" WC="0.95" CC="435"/>
						<SP ID="P53_SP00162" HPOS="897" VPOS="1327" WIDTH="18"/>
						<String ID="P53_ST00186" HPOS="915" VPOS="1283" WIDTH="80" HEIGHT="31" CONTENT="Welt" WC="0.99" CC="0060"/>
						<SP ID="P53_SP00163" HPOS="995" VPOS="1327" WIDTH="19"/>
						<String ID="P53_ST00187" HPOS="1014" VPOS="1283" WIDTH="117" HEIGHT="36" CONTENT="tragen." WC="0.99" CC="0500504"/>
						<SP ID="P53_SP00164" HPOS="1131" VPOS="1327" WIDTH="41"/>
						<String ID="P53_ST00188" HPOS="1172" VPOS="1278" WIDTH="75" HEIGHT="32" CONTENT="Und" WC="1.00" CC="000"/>
						<SP ID="P53_SP00165" HPOS="1247" VPOS="1327" WIDTH="20"/>
						<String ID="P53_ST00189" HPOS="1267" VPOS="1288" WIDTH="31" HEIGHT="20" CONTENT="es" WC="0.82" CC="03"/>
						<SP ID="P53_SP00166" HPOS="1298" VPOS="1327" WIDTH="19"/>
						<String ID="P53_ST00190" HPOS="1317" VPOS="1286" WIDTH="33" HEIGHT="29" CONTENT="ge" SUBS_TYPE="HypPart1" SUBS_CONTENT="gelingt" WC="0.98" CC="00"/>
						<HYP HPOS="1350" VPOS="1286" WIDTH="16" CONTENT="-"/>
					</TextLine>
					<TextLine ID="P53_TL00025" HPOS="180" VPOS="1324" WIDTH="1187" HEIGHT="57">
						<String ID="P53_ST00191" HPOS="180" VPOS="1341" WIDTH="80" HEIGHT="40" CONTENT="lingt" SUBS_TYPE="HypPart2" SUBS_CONTENT="gelingt" WC="0.98" CC="50704"/>
						<SP ID="P53_SP00167" HPOS="260" VPOS="1381" WIDTH="28"/>
						<String ID="P53_ST00192" HPOS="288" VPOS="1340" WIDTH="64" HEIGHT="31" CONTENT="ihm" WC="1.00" CC="000"/>
						<SP ID="P53_SP00168" HPOS="352" VPOS="1381" WIDTH="31"/>
						<String ID="P53_ST00193" HPOS="383" VPOS="1338" WIDTH="65" HEIGHT="31" CONTENT="dies" WC="0.99" CC="0230"/>
						<SP ID="P53_SP00169" HPOS="448" VPOS="1381" WIDTH="29"/>
						<String ID="P53_ST00194" HPOS="477" VPOS="1346" WIDTH="37" HEIGHT="22" CONTENT="so" WC="0.68" CC="06"/>
						<SP ID="P53_SP00170" HPOS="514" VPOS="1381" WIDTH="30"/>
						<String ID="P53_ST00195" HPOS="544" VPOS="1331" WIDTH="280" HEIGHT="38" CONTENT="außerordentlich," WC="0.99" CC="0600053030664373"/>
						<SP ID="P53_SP00171" HPOS="824" VPOS="1381" WIDTH="31"/>
						<String ID="P53_ST00196" HPOS="855" VPOS="1330" WIDTH="61" HEIGHT="31" CONTENT="daß" WC="1.00" CC="000"/>
						<SP ID="P53_SP00172" HPOS="916" VPOS="1381" WIDTH="30"/>
						<String ID="P53_ST00197" HPOS="946" VPOS="1338" WIDTH="71" HEIGHT="21" CONTENT="man" WC="0.98" CC="050"/>
						<SP ID="P53_SP00173" HPOS="1017" VPOS="1381" WIDTH="31"/>
						<String ID="P53_ST00198" HPOS="1048" VPOS="1326" WIDTH="78" HEIGHT="32" CONTENT="nach" WC="1.00" CC="0000"/>
						<SP ID="P53_SP00174" HPOS="1126" VPOS="1381" WIDTH="32"/>
						<String ID="P53_ST00199" HPOS="1158" VPOS="1326" WIDTH="54" HEIGHT="29" CONTENT="der" WC="0.99" CC="003"/>
						<SP ID="P53_SP00175" HPOS="1212" VPOS="1381" WIDTH="30"/>
						<String ID="P53_ST00200" HPOS="1242" VPOS="1324" WIDTH="125" HEIGHT="30" CONTENT="Lektüre" WC="0.99" CC="5003060"/>
					</TextLine>
					<TextLine ID="P53_TL00026" HPOS="181" VPOS="1370" WIDTH="1188" HEIGHT="53">
						<String ID="P53_ST00201" HPOS="181" VPOS="1388" WIDTH="100" HEIGHT="31" CONTENT="dieses" WC="1.00" CC="000000"/>
						<SP ID="P53_SP00176" HPOS="281" VPOS="1419" WIDTH="24"/>
						<String ID="P53_ST00202" HPOS="305" VPOS="1385" WIDTH="121" HEIGHT="31" CONTENT="Buches" WC="0.98" CC="670030"/>
						<SP ID="P53_SP00177" HPOS="426" VPOS="1419" WIDTH="22"/>
						<String ID="P53_ST00203" HPOS="448" VPOS="1393" WIDTH="58" HEIGHT="30" CONTENT="gar" WC="0.97" CC="034"/>
						<SP ID="P53_SP00178" HPOS="506" VPOS="1423" WIDTH="24"/>
						<String ID="P53_ST00204" HPOS="530" VPOS="1382" WIDTH="84" HEIGHT="32" CONTENT="nicht" WC="0.98" CC="73400"/>
						<SP ID="P53_SP00179" HPOS="614" VPOS="1423" WIDTH="22"/>
						<String ID="P53_ST00205" HPOS="636" VPOS="1390" WIDTH="40" HEIGHT="21" CONTENT="an" WC="1.00" CC="00"/>
						<SP ID="P53_SP00180" HPOS="676" VPOS="1423" WIDTH="26"/>
						<String ID="P53_ST00206" HPOS="702" VPOS="1379" WIDTH="58" HEIGHT="30" CONTENT="den" WC="0.97" CC="006"/>
						<SP ID="P53_SP00181" HPOS="760" VPOS="1423" WIDTH="23"/>
						<String ID="P53_ST00207" HPOS="783" VPOS="1377" WIDTH="158" HEIGHT="31" CONTENT="Verfasser" WC="0.99" CC="100700042"/>
						<SP ID="P53_SP00182" HPOS="941" VPOS="1423" WIDTH="25"/>
						<String ID="P53_ST00208" HPOS="966" VPOS="1373" WIDTH="105" HEIGHT="39" CONTENT="denkt;" WC="0.99" CC="000051"/>
						<SP ID="P53_SP00183" HPOS="1071" VPOS="1423" WIDTH="26"/>
						<String ID="P53_ST00209" HPOS="1097" VPOS="1373" WIDTH="111" HEIGHT="37" CONTENT="Jimmy" WC="1.00" CC="03000"/>
						<SP ID="P53_SP00184" HPOS="1208" VPOS="1423" WIDTH="24"/>
						<String ID="P53_ST00210" HPOS="1232" VPOS="1370" WIDTH="137" HEIGHT="38" CONTENT="Higgins" WC="0.75" CC="6000063"/>
					</TextLine>
					<TextLine ID="P53_TL00027" HPOS="181" VPOS="1415" WIDTH="1189" HEIGHT="56">
						<String ID="P53_ST00211" HPOS="181" VPOS="1433" WIDTH="186" HEIGHT="38" CONTENT="beschäftigt" WC="0.99" CC="73007360300"/>
						<SP ID="P53_SP00185" HPOS="367" VPOS="1471" WIDTH="21"/>
						<String ID="P53_ST00212" HPOS="388" VPOS="1441" WIDTH="60" HEIGHT="20" CONTENT="uns" WC="0.96" CC="604"/>
						<SP ID="P53_SP00186" HPOS="448" VPOS="1471" WIDTH="21"/>
						<String ID="P53_ST00213" HPOS="469" VPOS="1426" WIDTH="237" HEIGHT="34" CONTENT="ausschließlich" WC="1.00" CC="06000053005000"/>
						<SP ID="P53_SP00187" HPOS="706" VPOS="1471" WIDTH="24"/>
						<String ID="P53_ST00214" HPOS="730" VPOS="1425" WIDTH="44" HEIGHT="30" CONTENT="als" WC="0.97" CC="213"/>
						<SP ID="P53_SP00188" HPOS="774" VPOS="1471" WIDTH="24"/>
						<String ID="P53_ST00215" HPOS="798" VPOS="1425" WIDTH="47" HEIGHT="30" CONTENT="ein" WC="0.96" CC="127"/>
						<SP ID="P53_SP00189" HPOS="845" VPOS="1471" WIDTH="24"/>
						<String ID="P53_ST00216" HPOS="869" VPOS="1421" WIDTH="140" HEIGHT="39" CONTENT="Mensch," WC="0.98" CC="0079304"/>
						<SP ID="P53_SP00190" HPOS="1009" VPOS="1471" WIDTH="33"/>
						<String ID="P53_ST00217" HPOS="1042" VPOS="1420" WIDTH="55" HEIGHT="30" CONTENT="der" WC="0.98" CC="023"/>
						<SP ID="P53_SP00191" HPOS="1097" VPOS="1471" WIDTH="32"/>
						<String ID="P53_ST00218" HPOS="1129" VPOS="1416" WIDTH="155" HEIGHT="32" CONTENT="zwischen" WC="1.00" CC="00200050"/>
						<SP ID="P53_SP00192" HPOS="1284" VPOS="1471" WIDTH="34"/>
						<String ID="P53_ST00219" HPOS="1318" VPOS="1415" WIDTH="35" HEIGHT="29" CONTENT="Er" SUBS_TYPE="HypPart1" SUBS_CONTENT="Erkenntnis" WC="0.93" CC="67"/>
						<HYP HPOS="1353" VPOS="1415" WIDTH="17" CONTENT="-"/>
					</TextLine>
					<TextLine ID="P53_TL00028" HPOS="181" VPOS="1465" WIDTH="1190" HEIGHT="47">
						<String ID="P53_ST00220" HPOS="181" VPOS="1481" WIDTH="144" HEIGHT="31" CONTENT="kenntnis" SUBS_TYPE="HypPart2" SUBS_CONTENT="Erkenntnis" WC="0.98" CC="76730700"/>
						<SP ID="P53_SP00193" HPOS="325" VPOS="1512" WIDTH="26"/>
						<String ID="P53_ST00221" HPOS="351" VPOS="1477" WIDTH="64" HEIGHT="31" CONTENT="und" WC="0.97" CC="700"/>
						<SP ID="P53_SP00194" HPOS="415" VPOS="1512" WIDTH="24"/>
						<String ID="P53_ST00222" HPOS="439" VPOS="1477" WIDTH="58" HEIGHT="30" CONTENT="Tat" WC="1.00" CC="100"/>
						<SP ID="P53_SP00195" HPOS="497" VPOS="1512" WIDTH="22"/>
						<String ID="P53_ST00223" HPOS="519" VPOS="1475" WIDTH="107" HEIGHT="30" CONTENT="keinen" WC="0.98" CC="004740"/>
						<SP ID="P53_SP00196" HPOS="626" VPOS="1512" WIDTH="25"/>
						<String ID="P53_ST00224" HPOS="651" VPOS="1471" WIDTH="166" HEIGHT="39" CONTENT="Zwiespalt" WC="0.99" CC="004060579"/>
						<SP ID="P53_SP00197" HPOS="817" VPOS="1512" WIDTH="26"/>
						<String ID="P53_ST00225" HPOS="843" VPOS="1470" WIDTH="124" HEIGHT="37" CONTENT="erträgt." WC="0.99" CC="61067003"/>
						<SP ID="P53_SP00198" HPOS="967" VPOS="1512" WIDTH="48"/>
						<String ID="P53_ST00226" HPOS="1015" VPOS="1466" WIDTH="124" HEIGHT="30" CONTENT="Messen" WC="0.99" CC="030400"/>
						<SP ID="P53_SP00199" HPOS="1139" VPOS="1512" WIDTH="24"/>
						<String ID="P53_ST00227" HPOS="1163" VPOS="1465" WIDTH="60" HEIGHT="30" CONTENT="wir" WC="0.96" CC="026"/>
						<SP ID="P53_SP00200" HPOS="1223" VPOS="1512" WIDTH="26"/>
						<String ID="P53_ST00228" HPOS="1249" VPOS="1472" WIDTH="57" HEIGHT="21" CONTENT="uns" WC="0.97" CC="600"/>
						<SP ID="P53_SP00201" HPOS="1306" VPOS="1512" WIDTH="26"/>
						<String ID="P53_ST00229" HPOS="1332" VPOS="1470" WIDTH="39" HEIGHT="21" CONTENT="an" WC="1.00" CC="00"/>
					</TextLine>
					<TextLine ID="P53_TL00029" HPOS="183" VPOS="1508" WIDTH="1189" HEIGHT="50">
						<String ID="P53_ST00230" HPOS="183" VPOS="1528" WIDTH="115" HEIGHT="30" CONTENT="diesem" WC="1.00" CC="000004"/>
						<SP ID="P53_SP00202" HPOS="298" VPOS="1558" WIDTH="25"/>
						<String ID="P53_ST00231" HPOS="323" VPOS="1525" WIDTH="118" HEIGHT="30" CONTENT="kleinen" WC="1.00" CC="0402000"/>
						<SP ID="P53_SP00203" HPOS="441" VPOS="1558" WIDTH="27"/>
						<String ID="P53_ST00232" HPOS="468" VPOS="1521" WIDTH="233" HEIGHT="36" CONTENT="Maschinisten," WC="1.00" CC="0004040003503"/>
						<SP ID="P53_SP00204" HPOS="701" VPOS="1558" WIDTH="26"/>
						<String ID="P53_ST00233" HPOS="727" VPOS="1528" WIDTH="37" HEIGHT="20" CONTENT="so" WC="0.43" CC="56"/>
						<SP ID="P53_SP00205" HPOS="764" VPOS="1558" WIDTH="26"/>
						<String ID="P53_ST00234" HPOS="790" VPOS="1515" WIDTH="135" HEIGHT="32" CONTENT="erwacht" WC="0.99" CC="0580200"/>
						<SP ID="P53_SP00206" HPOS="925" VPOS="1558" WIDTH="26"/>
						<String ID="P53_ST00235" HPOS="951" VPOS="1514" WIDTH="110" HEIGHT="30" CONTENT="Scham" WC="1.00" CC="00020"/>
						<SP ID="P53_SP00207" HPOS="1061" VPOS="1558" WIDTH="26"/>
						<String ID="P53_ST00236" HPOS="1087" VPOS="1514" WIDTH="31" HEIGHT="28" CONTENT="in" WC="0.56" CC="17"/>
						<SP ID="P53_SP00208" HPOS="1118" VPOS="1558" WIDTH="25"/>
						<String ID="P53_ST00237" HPOS="1143" VPOS="1520" WIDTH="59" HEIGHT="21" CONTENT="uns" WC="0.97" CC="700"/>
						<SP ID="P53_SP00209" HPOS="1202" VPOS="1558" WIDTH="26"/>
						<String ID="P53_ST00238" HPOS="1228" VPOS="1508" WIDTH="144" HEIGHT="37" CONTENT="darüber," WC="0.99" CC="00606004"/>
					</TextLine>
					<TextLine ID="P53_TL00030" HPOS="185" VPOS="1554" WIDTH="1189" HEIGHT="57">
						<String ID="P53_ST00239" HPOS="185" VPOS="1573" WIDTH="62" HEIGHT="31" CONTENT="daß" WC="1.00" CC="000"/>
						<SP ID="P53_SP00210" HPOS="247" VPOS="1604" WIDTH="23"/>
						<String ID="P53_ST00240" HPOS="270" VPOS="1581" WIDTH="69" HEIGHT="30" CONTENT="uns," WC="0.97" CC="7600"/>
						<SP ID="P53_SP00211" HPOS="339" VPOS="1611" WIDTH="32"/>
						<String ID="P53_ST00241" HPOS="371" VPOS="1569" WIDTH="49" HEIGHT="32" CONTENT="die" WC="0.99" CC="003"/>
						<SP ID="P53_SP00212" HPOS="420" VPOS="1611" WIDTH="20"/>
						<String ID="P53_ST00242" HPOS="440" VPOS="1569" WIDTH="59" HEIGHT="30" CONTENT="wir" WC="0.98" CC="006"/>
						<SP ID="P53_SP00213" HPOS="499" VPOS="1611" WIDTH="21"/>
						<String ID="P53_ST00243" HPOS="520" VPOS="1567" WIDTH="50" HEIGHT="31" CONTENT="auf" WC="0.95" CC="067"/>
						<SP ID="P53_SP00214" HPOS="570" VPOS="1611" WIDTH="22"/>
						<String ID="P53_ST00244" HPOS="592" VPOS="1566" WIDTH="123" HEIGHT="31" CONTENT="Wissen" WC="0.98" CC="030707"/>
						<SP ID="P53_SP00215" HPOS="715" VPOS="1611" WIDTH="21"/>
						<String ID="P53_ST00245" HPOS="736" VPOS="1562" WIDTH="65" HEIGHT="32" CONTENT="und" WC="0.95" CC="760"/>
						<SP ID="P53_SP00216" HPOS="801" VPOS="1611" WIDTH="22"/>
						<String ID="P53_ST00246" HPOS="823" VPOS="1561" WIDTH="112" HEIGHT="32" CONTENT="Kultur" WC="0.98" CC="063063"/>
						<SP ID="P53_SP00217" HPOS="935" VPOS="1611" WIDTH="19"/>
						<String ID="P53_ST00247" HPOS="954" VPOS="1559" WIDTH="81" HEIGHT="31" CONTENT="stolz" WC="1.00" CC="00010"/>
						<SP ID="P53_SP00218" HPOS="1035" VPOS="1611" WIDTH="21"/>
						<String ID="P53_ST00248" HPOS="1056" VPOS="1557" WIDTH="81" HEIGHT="39" CONTENT="sind," WC="0.98" CC="72500"/>
						<SP ID="P53_SP00219" HPOS="1137" VPOS="1611" WIDTH="32"/>
						<String ID="P53_ST00249" HPOS="1169" VPOS="1557" WIDTH="55" HEIGHT="30" CONTENT="mit" WC="0.99" CC="003"/>
						<SP ID="P53_SP00220" HPOS="1224" VPOS="1611" WIDTH="22"/>
						<String ID="P53_ST00250" HPOS="1246" VPOS="1555" WIDTH="54" HEIGHT="30" CONTENT="der" WC="0.96" CC="026"/>
						<SP ID="P53_SP00221" HPOS="1300" VPOS="1611" WIDTH="22"/>
						<String ID="P53_ST00251" HPOS="1322" VPOS="1554" WIDTH="35" HEIGHT="29" CONTENT="Er" SUBS_TYPE="HypPart1" SUBS_CONTENT="Erkenntnis’des" WC="0.95" CC="37"/>
						<HYP HPOS="1357" VPOS="1554" WIDTH="17" CONTENT="-"/>
					</TextLine>
					<TextLine ID="P53_TL00031" HPOS="183" VPOS="1597" WIDTH="1189" HEIGHT="54">
						<String ID="P53_ST00252" HPOS="183" VPOS="1597" WIDTH="222" HEIGHT="54" CONTENT="kenntnis’des" SUBS_TYPE="HypPart2" SUBS_CONTENT="Erkenntnis’des" WC="0.99" CC="400707108000"/>
						<SP ID="P53_SP00222" HPOS="405" VPOS="1651" WIDTH="24"/>
						<String ID="P53_ST00253" HPOS="429" VPOS="1615" WIDTH="134" HEIGHT="31" CONTENT="Daseins" WC="0.98" CC="7000376"/>
						<SP ID="P53_SP00223" HPOS="563" VPOS="1651" WIDTH="24"/>
						<String ID="P53_ST00254" HPOS="587" VPOS="1613" WIDTH="83" HEIGHT="29" CONTENT="seine" WC="0.98" CC="70071"/>
						<SP ID="P53_SP00224" HPOS="670" VPOS="1651" WIDTH="25"/>
						<String ID="P53_ST00255" HPOS="695" VPOS="1608" WIDTH="225" HEIGHT="39" CONTENT="Eindeutigkeit" WC="0.99" CC="5375077190040"/>
						<SP ID="P53_SP00225" HPOS="920" VPOS="1651" WIDTH="24"/>
						<String ID="P53_ST00256" HPOS="944" VPOS="1606" WIDTH="140" HEIGHT="31" CONTENT="verloren" WC="0.99" CC="00561706"/>
						<SP ID="P53_SP00226" HPOS="1084" VPOS="1651" WIDTH="36"/>
						<String ID="P53_ST00257" HPOS="1120" VPOS="1611" WIDTH="163" HEIGHT="31" CONTENT="gegangen" WC="0.98" CC="90706930"/>
						<SP ID="P53_SP00227" HPOS="1283" VPOS="1651" WIDTH="36"/>
						<String ID="P53_ST00258" HPOS="1319" VPOS="1601" WIDTH="53" HEIGHT="36" CONTENT="ist;" WC="0.99" CC="0005"/>
					</TextLine>
					<TextLine ID="P53_TL00032" HPOS="184" VPOS="1646" WIDTH="1190" HEIGHT="56">
						<String ID="P53_ST00259" HPOS="184" VPOS="1666" WIDTH="112" HEIGHT="31" CONTENT="Scham" WC="0.98" CC="43700"/>
						<SP ID="P53_SP00228" HPOS="296" VPOS="1697" WIDTH="59"/>
						<String ID="P53_ST00260" HPOS="355" VPOS="1662" WIDTH="144" HEIGHT="40" CONTENT="darüber," WC="0.99" CC="40407000"/>
						<SP ID="P53_SP00229" HPOS="499" VPOS="1702" WIDTH="59"/>
						<String ID="P53_ST00261" HPOS="558" VPOS="1659" WIDTH="61" HEIGHT="30" CONTENT="daß" WC="1.00" CC="000"/>
						<SP ID="P53_SP00230" HPOS="619" VPOS="1702" WIDTH="47"/>
						<String ID="P53_ST00262" HPOS="666" VPOS="1658" WIDTH="59" HEIGHT="30" CONTENT="wir" WC="0.98" CC="005"/>
						<SP ID="P53_SP00231" HPOS="725" VPOS="1702" WIDTH="47"/>
						<String ID="P53_ST00263" HPOS="772" VPOS="1653" WIDTH="151" HEIGHT="33" CONTENT="während" WC="0.99" CC="0345000"/>
						<SP ID="P53_SP00232" HPOS="923" VPOS="1702" WIDTH="58"/>
						<String ID="P53_ST00264" HPOS="981" VPOS="1652" WIDTH="52" HEIGHT="30" CONTENT="des" WC="1.00" CC="000"/>
						<SP ID="P53_SP00233" HPOS="1033" VPOS="1702" WIDTH="60"/>
						<String ID="P53_ST00265" HPOS="1093" VPOS="1650" WIDTH="128" HEIGHT="38" CONTENT="Krieges" WC="0.99" CC="0106050"/>
						<SP ID="P53_SP00234" HPOS="1221" VPOS="1702" WIDTH="47"/>
						<String ID="P53_ST00266" HPOS="1268" VPOS="1646" WIDTH="106" HEIGHT="31" CONTENT="Verrat" WC="0.99" CC="005114"/>
					</TextLine>
					<TextLine ID="P53_TL00033" HPOS="186" VPOS="1695" WIDTH="1189" HEIGHT="55">
						<String ID="P53_ST00267" HPOS="186" VPOS="1712" WIDTH="95" HEIGHT="38" CONTENT="geübt" WC="0.99" CC="00042"/>
						<SP ID="P53_SP00235" HPOS="281" VPOS="1750" WIDTH="34"/>
						<String ID="P53_ST00268" HPOS="315" VPOS="1710" WIDTH="102" HEIGHT="30" CONTENT="haben" WC="0.99" CC="31000"/>
						<SP ID="P53_SP00236" HPOS="417" VPOS="1750" WIDTH="33"/>
						<String ID="P53_ST00269" HPOS="450" VPOS="1707" WIDTH="66" HEIGHT="31" CONTENT="und" WC="0.95" CC="650"/>
						<SP ID="P53_SP00237" HPOS="516" VPOS="1750" WIDTH="34"/>
						<String ID="P53_ST00270" HPOS="550" VPOS="1704" WIDTH="139" HEIGHT="32" CONTENT="dadurch" WC="0.98" CC="0207446"/>
						<SP ID="P53_SP00238" HPOS="689" VPOS="1750" WIDTH="36"/>
						<String ID="P53_ST00271" HPOS="725" VPOS="1703" WIDTH="87" HEIGHT="30" CONTENT="einen" WC="0.98" CC="50605"/>
						<SP ID="P53_SP00239" HPOS="812" VPOS="1750" WIDTH="35"/>
						<String ID="P53_ST00272" HPOS="847" VPOS="1699" WIDTH="168" HEIGHT="31" CONTENT="Menschen" WC="1.00" CC="02000000"/>
						<SP ID="P53_SP00240" HPOS="1015" VPOS="1750" WIDTH="46"/>
						<String ID="P53_ST00273" HPOS="1061" VPOS="1698" WIDTH="59" HEIGHT="29" CONTENT="wie" WC="1.00" CC="000"/>
						<SP ID="P53_SP00241" HPOS="1120" VPOS="1750" WIDTH="45"/>
						<String ID="P53_ST00274" HPOS="1165" VPOS="1695" WIDTH="58" HEIGHT="30" CONTENT="den" WC="0.97" CC="007"/>
						<SP ID="P53_SP00242" HPOS="1223" VPOS="1750" WIDTH="48"/>
						<String ID="P53_ST00275" HPOS="1271" VPOS="1700" WIDTH="104" HEIGHT="23" CONTENT="armen" WC="0.98" CC="06007"/>
					</TextLine>
					<TextLine ID="P53_TL00034" HPOS="186" VPOS="1739" WIDTH="1188" HEIGHT="57">
						<String ID="P53_ST00276" HPOS="186" VPOS="1758" WIDTH="138" HEIGHT="38" CONTENT="Higgins" WC="0.33" CC="7499472"/>
						<SP ID="P53_SP00243" HPOS="324" VPOS="1796" WIDTH="25"/>
						<String ID="P53_ST00277" HPOS="349" VPOS="1762" WIDTH="163" HEIGHT="30" CONTENT="zwangen," WC="1.00" CC="00000004"/>
						<SP ID="P53_SP00244" HPOS="512" VPOS="1796" WIDTH="27"/>
						<String ID="P53_ST00278" HPOS="539" VPOS="1752" WIDTH="59" HEIGHT="30" CONTENT="den" WC="0.94" CC="077"/>
						<SP ID="P53_SP00245" HPOS="598" VPOS="1796" WIDTH="25"/>
						<String ID="P53_ST00279" HPOS="623" VPOS="1750" WIDTH="79" HEIGHT="38" CONTENT="Weg" WC="0.95" CC="670"/>
						<SP ID="P53_SP00246" HPOS="702" VPOS="1796" WIDTH="25"/>
						<String ID="P53_ST00280" HPOS="727" VPOS="1745" WIDTH="289" HEIGHT="40" CONTENT="kompromißlosen" WC="0.99" CC="24007503075077"/>
						<SP ID="P53_SP00247" HPOS="1016" VPOS="1796" WIDTH="25"/>
						<String ID="P53_ST00281" HPOS="1041" VPOS="1739" WIDTH="266" HEIGHT="39" CONTENT="Klassenkampfes" WC="0.99" CC="00700775708776"/>
						<SP ID="P53_SP00248" HPOS="1307" VPOS="1796" WIDTH="28"/>
						<String ID="P53_ST00282" HPOS="1335" VPOS="1747" WIDTH="39" HEIGHT="21" CONTENT="zu" WC="0.69" CC="06"/>
					</TextLine>
					<TextLine ID="P53_TL00035" HPOS="187" VPOS="1785" WIDTH="1188" HEIGHT="56">
						<String ID="P53_ST00283" HPOS="187" VPOS="1803" WIDTH="164" HEIGHT="38" CONTENT="verlassen," WC="1.00" CC="0266000002"/>
						<SP ID="P53_SP00249" HPOS="351" VPOS="1841" WIDTH="16"/>
						<String ID="P53_ST00284" HPOS="367" VPOS="1810" WIDTH="52" HEIGHT="21" CONTENT="um" WC="0.65" CC="70"/>
						<SP ID="P53_SP00250" HPOS="419" VPOS="1841" WIDTH="15"/>
						<String ID="P53_ST00285" HPOS="434" VPOS="1800" WIDTH="49" HEIGHT="30" CONTENT="für" WC="0.95" CC="705"/>
						<SP ID="P53_SP00251" HPOS="483" VPOS="1841" WIDTH="17"/>
						<String ID="P53_ST00286" HPOS="500" VPOS="1799" WIDTH="58" HEIGHT="30" CONTENT="den" WC="0.97" CC="015"/>
						<SP ID="P53_SP00252" HPOS="558" VPOS="1841" WIDTH="17"/>
						<String ID="P53_ST00287" HPOS="575" VPOS="1794" WIDTH="259" HEIGHT="33" CONTENT="amerikanischen" WC="1.00" CC="00370040300034"/>
						<SP ID="P53_SP00253" HPOS="834" VPOS="1841" WIDTH="16"/>
						<String ID="P53_ST00288" HPOS="850" VPOS="1790" WIDTH="249" HEIGHT="40" CONTENT="Imperialismus," WC="1.00" CC="70005005100704"/>
						<SP ID="P53_SP00254" HPOS="1099" VPOS="1841" WIDTH="17"/>
						<String ID="P53_ST00289" HPOS="1116" VPOS="1797" WIDTH="51" HEIGHT="21" CONTENT="um" WC="0.67" CC="60"/>
						<SP ID="P53_SP00255" HPOS="1167" VPOS="1841" WIDTH="17"/>
						<String ID="P53_ST00290" HPOS="1184" VPOS="1795" WIDTH="99" HEIGHT="30" CONTENT="gegen" WC="0.98" CC="02905"/>
						<SP ID="P53_SP00256" HPOS="1283" VPOS="1841" WIDTH="18"/>
						<String ID="P53_ST00291" HPOS="1301" VPOS="1785" WIDTH="56" HEIGHT="29" CONTENT="Pro" SUBS_TYPE="HypPart1" SUBS_CONTENT="Proletarier" WC="0.97" CC="047"/>
						<HYP HPOS="1357" VPOS="1785" WIDTH="18" CONTENT="-"/>
					</TextLine>
					<TextLine ID="P53_TL00036" HPOS="187" VPOS="1845" WIDTH="1060" HEIGHT="39">
						<String ID="P53_ST00292" HPOS="187" VPOS="1850" WIDTH="121" HEIGHT="31" CONTENT="letarier" SUBS_TYPE="HypPart2" SUBS_CONTENT="Proletarier" WC="0.99" CC="62305304"/>
						<SP ID="P53_SP00257" HPOS="308" VPOS="1881" WIDTH="17"/>
						<String ID="P53_ST00293" HPOS="325" VPOS="1856" WIDTH="40" HEIGHT="21" CONTENT="zu" WC="0.61" CC="16"/>
						<SP ID="P53_SP00258" HPOS="365" VPOS="1881" WIDTH="18"/>
						<String ID="P53_ST00294" HPOS="383" VPOS="1845" WIDTH="151" HEIGHT="39" CONTENT="kämpfen." WC="0.99" CC="04007053"/>
						<SP ID="P53_SP00259" HPOS="534" VPOS="1884" WIDTH="707"/>
						<String ID="P53_ST00295" HPOS="1241" VPOS="1878" WIDTH="6" HEIGHT="6" CONTENT="." WC="0.55" CC="4"/>
					</TextLine>
					<TextLine ID="P53_TL00037" HPOS="271" VPOS="1878" WIDTH="1106" HEIGHT="46">
						<String ID="P53_ST00296" HPOS="271" VPOS="1895" WIDTH="109" HEIGHT="29" CONTENT="Dieses" WC="1.00" CC="000020"/>
						<SP ID="P53_SP00260" HPOS="380" VPOS="1924" WIDTH="22"/>
						<String ID="P53_ST00297" HPOS="402" VPOS="1891" WIDTH="86" HEIGHT="31" CONTENT="Buch" WC="0.97" CC="5600"/>
						<SP ID="P53_SP00261" HPOS="488" VPOS="1924" WIDTH="24"/>
						<String ID="P53_ST00298" HPOS="512" VPOS="1889" WIDTH="65" HEIGHT="31" CONTENT="läßt" WC="0.99" CC="5000"/>
						<SP ID="P53_SP00262" HPOS="577" VPOS="1924" WIDTH="24"/>
						<String ID="P53_ST00299" HPOS="601" VPOS="1897" WIDTH="58" HEIGHT="21" CONTENT="uns" WC="0.95" CC="760"/>
						<SP ID="P53_SP00263" HPOS="659" VPOS="1924" WIDTH="25"/>
						<String ID="P53_ST00300" HPOS="684" VPOS="1883" WIDTH="211" HEIGHT="33" CONTENT="Deutschland" WC="0.99" CC="10660005370"/>
						<SP ID="P53_SP00264" HPOS="895" VPOS="1924" WIDTH="34"/>
						<String ID="P53_ST00301" HPOS="929" VPOS="1891" WIDTH="56" HEIGHT="21" CONTENT="aus" WC="0.96" CC="062"/>
						<SP ID="P53_SP00265" HPOS="985" VPOS="1924" WIDTH="33"/>
						<String ID="P53_ST00302" HPOS="1018" VPOS="1881" WIDTH="53" HEIGHT="30" CONTENT="der" WC="0.98" CC="005"/>
						<SP ID="P53_SP00266" HPOS="1071" VPOS="1924" WIDTH="24"/>
						<String ID="P53_ST00303" HPOS="1095" VPOS="1878" WIDTH="192" HEIGHT="39" CONTENT="Perspektive" WC="1.00" CC="21300004500"/>
						<SP ID="P53_SP00267" HPOS="1287" VPOS="1924" WIDTH="36"/>
						<String ID="P53_ST00304" HPOS="1323" VPOS="1878" WIDTH="54" HEIGHT="28" CONTENT="der" WC="1.00" CC="000"/>
					</TextLine>
					<TextLine ID="P53_TL00038" HPOS="189" VPOS="1923" WIDTH="1188" HEIGHT="58">
						<String ID="P53_ST00305" HPOS="189" VPOS="1950" WIDTH="100" HEIGHT="31" CONTENT="gegen" WC="0.99" CC="00007"/>
						<SP ID="P53_SP00268" HPOS="289" VPOS="1981" WIDTH="19"/>
						<String ID="P53_ST00306" HPOS="308" VPOS="1948" WIDTH="59" HEIGHT="22" CONTENT="uns" WC="0.95" CC="670"/>
						<SP ID="P53_SP00269" HPOS="367" VPOS="1981" WIDTH="17"/>
						<String ID="P53_ST00307" HPOS="384" VPOS="1936" WIDTH="208" HEIGHT="33" CONTENT="verbündeten" WC="1.00" CC="03160000007"/>
						<SP ID="P53_SP00270" HPOS="592" VPOS="1981" WIDTH="18"/>
						<String ID="P53_ST00308" HPOS="610" VPOS="1933" WIDTH="80" HEIGHT="31" CONTENT="Welt" WC="0.99" CC="0050"/>
						<SP ID="P53_SP00271" HPOS="690" VPOS="1981" WIDTH="18"/>
						<String ID="P53_ST00309" HPOS="708" VPOS="1932" WIDTH="160" HEIGHT="31" CONTENT="erkennen." WC="0.99" CC="130100073"/>
						<SP ID="P53_SP00272" HPOS="868" VPOS="1981" WIDTH="39"/>
						<String ID="P53_ST00310" HPOS="907" VPOS="1928" WIDTH="75" HEIGHT="31" CONTENT="Und" WC="1.00" CC="000"/>
						<SP ID="P53_SP00273" HPOS="982" VPOS="1981" WIDTH="19"/>
						<String ID="P53_ST00311" HPOS="1001" VPOS="1926" WIDTH="71" HEIGHT="31" CONTENT="sind" WC="0.99" CC="0060"/>
						<SP ID="P53_SP00274" HPOS="1072" VPOS="1981" WIDTH="18"/>
						<String ID="P53_ST00312" HPOS="1090" VPOS="1926" WIDTH="60" HEIGHT="30" CONTENT="wir" WC="0.97" CC="007"/>
						<SP ID="P53_SP00275" HPOS="1150" VPOS="1981" WIDTH="20"/>
						<String ID="P53_ST00313" HPOS="1170" VPOS="1924" WIDTH="129" HEIGHT="39" CONTENT="(ebenso" WC="0.99" CC="0000705"/>
						<SP ID="P53_SP00276" HPOS="1299" VPOS="1981" WIDTH="19"/>
						<String ID="P53_ST00314" HPOS="1318" VPOS="1923" WIDTH="59" HEIGHT="30" CONTENT="wie" WC="1.00" CC="010"/>
					</TextLine>
					<TextLine ID="P53_TL00039" HPOS="191" VPOS="1968" WIDTH="1188" HEIGHT="58">
						<String ID="P53_ST00315" HPOS="191" VPOS="1989" WIDTH="112" HEIGHT="37" CONTENT="Jimmy" WC="1.00" CC="03000"/>
						<SP ID="P53_SP00277" HPOS="303" VPOS="2026" WIDTH="19"/>
						<String ID="P53_ST00316" HPOS="322" VPOS="1984" WIDTH="150" HEIGHT="39" CONTENT="Higgins)" WC="0.70" CC="60093003"/>
						<SP ID="P53_SP00278" HPOS="472" VPOS="2026" WIDTH="21"/>
						<String ID="P53_ST00317" HPOS="493" VPOS="1980" WIDTH="136" HEIGHT="40" CONTENT="bemüht," WC="0.99" CC="0000603"/>
						<SP ID="P53_SP00279" HPOS="629" VPOS="2026" WIDTH="21"/>
						<String ID="P53_ST00318" HPOS="650" VPOS="1979" WIDTH="68" HEIGHT="30" CONTENT="dem" WC="0.98" CC="040"/>
						<SP ID="P53_SP00280" HPOS="718" VPOS="2026" WIDTH="22"/>
						<String ID="P53_ST00319" HPOS="740" VPOS="1976" WIDTH="165" HEIGHT="32" CONTENT="deutschen" WC="1.00" CC="006000000"/>
						<SP ID="P53_SP00281" HPOS="905" VPOS="2026" WIDTH="19"/>
						<String ID="P53_ST00320" HPOS="924" VPOS="1974" WIDTH="96" HEIGHT="31" CONTENT="Volke" WC="0.99" CC="00400"/>
						<SP ID="P53_SP00282" HPOS="1020" VPOS="2026" WIDTH="18"/>
						<String ID="P53_ST00321" HPOS="1038" VPOS="1971" WIDTH="125" HEIGHT="39" CONTENT="gerecht" WC="1.00" CC="0050000"/>
						<SP ID="P53_SP00283" HPOS="1163" VPOS="2026" WIDTH="20"/>
						<String ID="P53_ST00322" HPOS="1183" VPOS="1980" WIDTH="40" HEIGHT="21" CONTENT="zu" WC="0.67" CC="15"/>
						<SP ID="P53_SP00284" HPOS="1223" VPOS="2026" WIDTH="19"/>
						<String ID="P53_ST00323" HPOS="1242" VPOS="1968" WIDTH="137" HEIGHT="38" CONTENT="werden," WC="0.99" CC="0060072"/>
					</TextLine>
					<TextLine ID="P53_TL00040" HPOS="192" VPOS="2016" WIDTH="1187" HEIGHT="55">
						<String ID="P53_ST00324" HPOS="192" VPOS="2035" WIDTH="49" HEIGHT="30" CONTENT="die" WC="0.98" CC="050"/>
						<SP ID="P53_SP00285" HPOS="241" VPOS="2065" WIDTH="18"/>
						<String ID="P53_ST00325" HPOS="259" VPOS="2034" WIDTH="106" HEIGHT="37" CONTENT="Lügen" WC="0.98" CC="10906"/>
						<SP ID="P53_SP00286" HPOS="365" VPOS="2071" WIDTH="20"/>
						<String ID="P53_ST00326" HPOS="385" VPOS="2032" WIDTH="82" HEIGHT="29" CONTENT="einer" WC="0.99" CC="00006"/>
						<SP ID="P53_SP00287" HPOS="467" VPOS="2071" WIDTH="18"/>
						<String ID="P53_ST00327" HPOS="485" VPOS="2025" WIDTH="259" HEIGHT="41" CONTENT="kapitalistischen" WC="1.00" CC="1004004000000000"/>
						<SP ID="P53_SP00288" HPOS="744" VPOS="2071" WIDTH="21"/>
						<String ID="P53_ST00328" HPOS="765" VPOS="2025" WIDTH="108" HEIGHT="29" CONTENT="Presse" WC="0.99" CC="660000"/>
						<SP ID="P53_SP00289" HPOS="873" VPOS="2071" WIDTH="19"/>
						<String ID="P53_ST00329" HPOS="892" VPOS="2030" WIDTH="38" HEIGHT="22" CONTENT="zu" WC="0.66" CC="06"/>
						<SP ID="P53_SP00290" HPOS="930" VPOS="2071" WIDTH="21"/>
						<String ID="P53_ST00330" HPOS="951" VPOS="2018" WIDTH="227" HEIGHT="39" CONTENT="durchblicken," WC="0.71" CC="0710076320071"/>
						<SP ID="P53_SP00291" HPOS="1178" VPOS="2071" WIDTH="20"/>
						<String ID="P53_ST00331" HPOS="1198" VPOS="2027" WIDTH="37" HEIGHT="21" CONTENT="so" WC="1.00" CC="00"/>
						<SP ID="P53_SP00292" HPOS="1235" VPOS="2071" WIDTH="20"/>
						<String ID="P53_ST00332" HPOS="1255" VPOS="2016" WIDTH="124" HEIGHT="30" CONTENT="können" WC="0.98" CC="027636"/>
					</TextLine>
					<TextLine ID="P53_TL00041" HPOS="191" VPOS="2062" WIDTH="1189" HEIGHT="49">
						<String ID="P53_ST00333" HPOS="191" VPOS="2082" WIDTH="61" HEIGHT="29" CONTENT="wir" WC="0.99" CC="020"/>
						<SP ID="P53_SP00293" HPOS="252" VPOS="2111" WIDTH="22"/>
						<String ID="P53_ST00334" HPOS="274" VPOS="2079" WIDTH="113" HEIGHT="31" CONTENT="zuletzt" WC="0.99" CC="2650000"/>
						<SP ID="P53_SP00294" HPOS="387" VPOS="2111" WIDTH="23"/>
						<String ID="P53_ST00335" HPOS="410" VPOS="2076" WIDTH="81" HEIGHT="31" CONTENT="doch" WC="0.98" CC="0307"/>
						<SP ID="P53_SP00295" HPOS="491" VPOS="2111" WIDTH="23"/>
						<String ID="P53_ST00336" HPOS="514" VPOS="2074" WIDTH="85" HEIGHT="31" CONTENT="nicht" WC="0.99" CC="60300"/>
						<SP ID="P53_SP00296" HPOS="599" VPOS="2111" WIDTH="25"/>
						<String ID="P53_ST00337" HPOS="624" VPOS="2072" WIDTH="111" HEIGHT="31" CONTENT="anders" WC="1.00" CC="000010"/>
						<SP ID="P53_SP00297" HPOS="735" VPOS="2111" WIDTH="25"/>
						<String ID="P53_ST00338" HPOS="760" VPOS="2070" WIDTH="44" HEIGHT="31" CONTENT="als" WC="0.97" CC="240"/>
						<SP ID="P53_SP00298" HPOS="804" VPOS="2111" WIDTH="26"/>
						<String ID="P53_ST00339" HPOS="830" VPOS="2077" WIDTH="46" HEIGHT="23" CONTENT="er:" WC="0.96" CC="063"/>
						<SP ID="P53_SP00299" HPOS="876" VPOS="2111" WIDTH="23"/>
						<String ID="P53_ST00340" HPOS="899" VPOS="2067" WIDTH="68" HEIGHT="31" CONTENT="Wir" WC="0.97" CC="044"/>
						<SP ID="P53_SP00300" HPOS="967" VPOS="2111" WIDTH="24"/>
						<String ID="P53_ST00341" HPOS="991" VPOS="2067" WIDTH="125" HEIGHT="29" CONTENT="müssen" WC="1.00" CC="000010"/>
						<SP ID="P53_SP00301" HPOS="1116" VPOS="2111" WIDTH="25"/>
						<String ID="P53_ST00342" HPOS="1141" VPOS="2063" WIDTH="151" HEIGHT="39" CONTENT="zugeben," WC="0.99" CC="07003071"/>
						<SP ID="P53_SP00302" HPOS="1292" VPOS="2111" WIDTH="26"/>
						<String ID="P53_ST00343" HPOS="1318" VPOS="2062" WIDTH="62" HEIGHT="30" CONTENT="daß" WC="1.00" CC="000"/>
					</TextLine>
				</TextBlock>
			</PrintSpace>
		</Page>
	</Layout>
</alto>
