1541 2540
239 2156 21 36 4

214 214 65 30 und
301 213 240 31 Scheidemanns
560 211 95 30 Hand
676 210 99 30 schon
796 209 103 38 längst
920 210 31 29 in
971 209 100 30 seiner
1090 207 142 32 Casseler
1250 206 81 31 Villa
1351 214 48 22 ver-

214 261 89 31 dorrt
324 261 49 30 ist.
407 260 34 29 ln
464 259 83 30 Fritz
571 258 94 30 Ebert
688 256 108 31 drückt
817 256 65 30 sich
906 254 56 31 das
983 254 113 31 Gesetz
1120 254 54 31 der
1197 252 216 39 bürgerlichen

215 306 169 34 deutschen
406 305 150 39 Republik
581 304 64 30 und
681 303 95 31 damit
800 302 78 31 auch
903 301 83 30 ihres
1012 301 191 30 Parlaments
1238 308 65 23 aus.
1351 299 64 30 Der

216 352 307 38 Präsidentenkranz,
560 350 54 31 der
640 360 56 21 aus
731 349 59 30 den
816 347 267 31 Theaterkulissen
1109 345 289 32 Schieber-Deutsch-

216 400 90 31 lands
326 400 113 30 heraus
457 399 66 30 sich
543 397 52 31 auf
613 397 56 30 das
689 396 107 38 Haupt
816 395 81 30 Fritz
918 393 110 31 Eberts
1048 402 40 21 zu
1107 392 124 39 bewegt
1249 393 91 38 hatte,
1360 391 56 30 das

217 456 67 21 war
309 446 48 31 die
380 444 237 39 Ankündigung
642 443 54 30 des
720 441 242 40 Bürgerkrieges
984 449 52 21 um
1061 439 83 31 Fritz
1170 439 94 30 Ebert
1288 438 46 31 als
1358 437 58 32 den

218 494 118 37 Träger
360 492 54 30 der
438 491 229 40 „vereinigten“
692 489 170 31 Interessen
888 487 53 31 des
965 486 140 39 Kapitals
1130 485 66 31 und
1221 486 54 29 der
1299 484 118 31 Arbeit.

219 541 59 29 Die
296 539 130 30 Leichen
445 538 54 30 der
517 535 266 40 Januarkämpfer,
803 534 56 31 das
876 543 68 21 war
963 533 54 31 der
1035 532 82 35 Leib,
1137 532 68 30 dem
1224 531 49 31 die
1292 531 108 38 bürger-

219 587 78 29 liche
320 585 149 39 Republik
491 585 54 29 mit
567 583 83 30 Fritz
674 582 94 31 Ebert
791 581 45 31 als
857 580 108 39 Haupt
988 579 65 31 und
1075 580 97 29 ihrem
1195 580 100 29 ersten
1318 577 85 30 Parla-

219 635 83 28 ment
338 632 45 31 als
418 631 123 38 Körper
576 630 140 37 entstieg.
764 628 59 30 Die
858 625 392 38 Nationalversammlung,
1288 623 56 32 das
1381 623 39 30 ist

220 678 87 41 Gott,
328 679 66 29 und
414 677 82 30 Fritz
518 677 94 31 Ebert
631 677 40 30 ist
690 675 49 30 ihr
760 674 146 38 Prophet.
949 673 60 30 Die
1027 670 392 38 Nationalversammlung,

220 726 118 31 weiche
354 734 72 21 zum
441 724 112 31 Willen
572 722 53 31 der
641 722 119 30 Nation
778 721 58 31 den
852 719 113 31 Willen
984 728 58 22 zur
1057 717 265 38 Unterdrückung
1339 716 82 31 ihrer

223 771 154 31 Mehrheit
398 769 108 40 erhob,
527 769 64 31 und
611 769 83 30 Fritz
715 767 104 39 Ebert,
840 766 54 31 der
914 768 42 29 im
977 764 248 38 Allerheiligsten
1245 762 176 39 verborgen

223 820 57 30 saß
299 818 66 31 und
384 818 58 30 den
461 817 76 31 Duft
555 816 53 31 des
626 815 115 39 Opfers
759 823 60 22 nur
835 813 87 40 roch,
940 812 95 30 selbst
1054 811 56 31 das
1128 811 98 38 Opfer
1245 809 75 31 aber
1338 809 85 30 nicht

223 865 194 38 schlachtete,
438 872 107 22 waren
566 864 32 29 in
621 861 59 32 den
701 860 230 39 Beziehungen,
953 859 48 30 die
1024 858 78 31 auch
1125 858 40 29 im
1188 855 141 31 Wechsel
1351 855 54 31 zwi-

224 912 94 31 schen
335 912 93 30 ihnen
445 910 153 38 walteten,
617 908 54 31 der
688 909 125 38 getreue
831 905 165 32 Ausdruck
1013 906 84 38 jener
1114 903 114 39 Kräfte,
1249 903 48 30 die
1316 902 90 31 außer-

224 959 73 29 halb
320 957 53 31 des
395 957 191 31 Parlaments
608 956 33 30 in
662 955 49 30 die
732 953 214 38 Erscheinung
968 953 108 29 traten.

308 1006 57 29 Die
384 1001 383 38 Nationalversammlung
786 999 147 40 spiegelte
951 999 33 30 in
1003 998 82 30 ihrer
1105 997 319 35 Zusammensetzung

224 1050 184 39 notwendig
443 1049 49 32 die
525 1048 238 32 verschiedenen
789 1046 140 31 Parteien
965 1044 65 31 und
1056 1044 368 37 Parteigruppierungen.

226 1098 105 31 Damit
368 1107 68 21 war
464 1096 57 30 das
548 1095 113 31 Gesetz
697 1094 83 30 ihrer
808 1093 143 30 Existenz
989 1090 150 40 gegeben.
1179 1090 59 29 Die
1264 1087 144 32 National-

226 1144 231 38 versammlung
502 1142 106 30 mußte
653 1142 66 29 sein
765 1141 66 30 eine
876 1138 143 31 Diktatur
1076 1136 98 31 durch
1221 1135 59 31 den
1327 1133 101 39 Säbel,

226 1192 71 30 weil
322 1192 44 29 sie
391 1190 68 30 dem
485 1189 89 31 Säbel
599 1188 50 30 ihr
673 1187 116 31 Dasein
813 1185 175 31 verdankte.
1035 1184 109 30 Dieser
1170 1182 90 31 Säbel
1296 1180 75 31 fand
1395 1181 31 29 in

227 1237 107 31 Noske
354 1238 65 30 sein
441 1234 167 31 deutliches
628 1234 64 30 und
714 1232 161 31 deutsches
897 1229 143 40 Symbol;
1060 1230 65 30 und
1144 1228 117 39 Noske,
1284 1227 56 30 das
1361 1234 67 22 war

228 1285 85 31 nicht
335 1283 107 31 Noske
466 1282 44 31 als
535 1282 129 37 Person,
689 1280 55 30 das
768 1288 67 22 war
857 1277 106 32 Noske
988 1277 49 30 die
1062 1276 111 40 Partei,
1200 1275 49 30 die
1272 1283 40 21 zu
1336 1272 94 33 Recht

228 1330 60 31 den
307 1329 121 31 Namen
449 1329 53 30 des
522 1329 28 30 4.
572 1326 124 39 August
716 1327 92 37 trägt.
851 1325 59 30 Die
930 1320 394 34 mehrheitssozialistische
1343 1319 69 30 Ideo-

229 1378 94 38 logie,
348 1376 56 31 das
428 1377 39 30 ist
490 1375 49 30 die
562 1374 160 38 Ideologie
745 1372 54 31 der
821 1370 295 33 Klassenharmonie
1139 1368 65 30 und
1229 1367 53 30 des
1307 1366 108 30 Schritt-

231 1421 400 34 für-Schritt-Sozialismus.
676 1418 76 32 Und
774 1416 260 40 Kapp-Lüttwitz,
1059 1415 56 31 das
1139 1415 39 30 ist
1201 1413 53 31 der
1278 1413 75 30 Sinn
1377 1411 54 30 der

231 1467 414 33 mehrheitssozialistischen
666 1465 169 38 Ideologie,
857 1464 66 30 ihre
944 1464 32 30 in
997 1462 49 31 die
1068 1460 163 40 politische
1254 1458 117 40 Sphäre

232 1517 65 30 und
346 1516 49 30 die
440 1514 163 39 politische
650 1512 117 39 Sphäre
813 1512 40 30 ist
899 1511 32 29 in
980 1509 55 30 der
1080 1507 186 32 Revolution
1325 1506 107 29 immer

232 1563 50 31 die
315 1562 118 39 Sphäre
455 1561 53 31 des
541 1559 140 31 Extrems
764 1556 173 31 übersetzte
958 1554 219 38 Konsequenz,
1209 1553 65 30 ihre
1306 1550 112 31 Bestäti-

233 1619 98 30 gung,
368 1618 93 22 wenn
490 1616 72 21 man
590 1616 36 21 so
654 1605 75 32 will.
778 1603 75 31 Und
881 1602 249 39 Kapp-Lüttwitz
1167 1599 143 31 bedeutet
1337 1597 96 31 Louis

233 1658 179 37 Bonaparte
430 1663 56 23 aus
504 1653 53 31 der
574 1652 127 31 Familie
719 1650 157 31 Friedrich
896 1649 110 30 Eberts
1023 1657 63 21 von
1104 1645 246 38 Hohenzollern,
1370 1643 64 31 und

234 1704 180 38 Bonaparte
431 1701 95 30 Ebert
541 1709 62 21 von
621 1697 235 33 Hohenzollern
875 1696 85 30 heißt
977 1696 30 29 4.
1026 1693 134 39 August,
1180 1691 65 32 und
1263 1693 28 29 4.
1311 1690 124 39 August

235 1750 100 30 heißt:
360 1748 64 40 „So
447 1747 128 31 machen
598 1746 61 31 wir
681 1744 100 39 wahr,
804 1752 67 21 was
893 1743 60 30 wir
977 1742 108 29 immer
1108 1742 111 36 gesagt
1243 1737 111 32 haben.
1401 1737 34 29 In

236 1796 55 31 der
305 1794 126 32 -Stunde
455 1794 54 31 der
532 1792 118 32 Gefahr
671 1791 103 31 lassen
795 1790 59 30 wir
878 1789 56 30 das
958 1786 168 32 Vaterland
1148 1785 85 31 nicht
1256 1785 41 30 im
1322 1783 113 30 Stich.“

237 1843 34 31 In
296 1843 68 30 dem
390 1841 105 39 Maße,
520 1841 60 30 wie
603 1839 66 30 sich
695 1837 49 31 die
767 1832 383 38 Nationalversammlung
1176 1831 69 31 dem
1271 1830 86 38 Tage
1383 1829 54 30 des

236 1888 265 40 Kapp-Putsches,
523 1886 68 30 dem
612 1886 28 30 4.
661 1884 125 39 August
807 1882 54 31 der
881 1879 217 41 bürgerlichen
1118 1877 161 40 Republik,
1301 1876 136 37 näherte,

238 1938 60 29 trat
327 1935 48 31 die
402 1931 382 37 Nationalversammlung
812 1931 109 29 immer
948 1927 87 30 mehr
1063 1927 31 29 in
1123 1924 61 31 den
1210 1921 227 40 Hintergrund,

238 1981 151 32 während
412 1980 83 30 Fritz
520 1979 93 31 Ebert
638 1986 92 22 umso
753 1976 88 30 mehr
865 1977 31 29 in
922 1974 59 30 den
1003 1970 230 40 Vordergrund
1257 1970 55 30 der
1338 1968 86 40 politi-

238 2029 95 31 schen
360 2027 184 38 Bedeutung
570 2025 112 31 rückte.
732 2023 58 31 Mit
818 2022 53 30 der
899 2017 381 38 Nationalversammlung
1317 2015 122 31 verliert

241 2076 56 31 das
323 2073 196 40 bürgerliche
544 2072 176 30 Parlament
746 2069 176 38 überhaupt
947 2067 84 30 seine
1057 2063 164 41 politische
1246 2062 193 36 Bedeutung,
