1650 2540
255 2180 48 35 32

252 268 105 29 teurer
374 268 179 37 geworden.
594 265 102 31 Marat
714 265 79 31 lebte
811 265 92 38 lange
920 265 67 30 Zeit
1004 266 31 29 in
1055 265 54 31 der
1127 265 197 38 Erinnerung
1341 265 100 29 seines

253 313 125 39 Volkes,
412 312 150 30 nachdem
595 312 66 29 sein
686 311 179 39 physisches
889 311 101 30 Leben
1025 310 111 31 bereits
1161 311 165 38 aufgehört
1350 311 90 30 hatte.

256 358 95 31 Lenin
370 359 81 29 wird
469 358 83 30 nicht
573 357 89 31 allein
682 359 31 29 in
733 365 114 22 unsem
866 357 133 39 Herzen,
1019 357 137 30 sondern
1175 357 79 30 auch
1274 358 32 29 in
1327 365 114 21 unsern

255 405 114 31 Reihen
390 404 98 38 leben,
510 412 52 22 um
583 405 56 29 mit
659 412 60 21 uns
739 412 40 21 zu
800 403 151 39 kämpfen,
975 412 51 21 um
1049 403 49 30 die
1120 405 77 28 erste
1218 403 223 30 sozialistische

254 450 318 30 Arbeiterrevolution
592 449 48 31 bis
658 459 40 21 zu
715 449 96 31 ihrem
828 449 247 30 vollkommenen
1094 449 153 38 Endsiege
1265 458 40 21 zu
1322 449 119 30 führen.

254 496 48 40 Ja,
336 496 94 30 Lenin
463 497 39 30 ist
532 497 48 30 ein
602 495 111 40 Marat,
746 495 54 31 der
832 496 97 30 einem
960 495 188 31 städtischen
1171 495 64 31 und
1267 494 173 32 ländlichen

254 542 184 31 Proletariat
455 552 63 21 von
538 541 163 31 Millionen
719 541 65 31 und
803 541 162 30 Millionen
985 541 168 31 Menschen
1171 541 179 31 verbunden
1369 541 72 30 lebt.

256 588 127 31 Denken
404 587 49 31 Sie
475 597 38 21 an
536 587 49 31 die
606 587 167 31 fanatische
794 586 192 39 Hingebung
1009 586 119 32 Marats
1151 597 39 21 an
1213 587 55 31 das
1291 586 88 41 Volk,
1402 596 39 21 an

255 636 84 29 seine
372 634 308 39 Unbestechlichkeit,
717 643 38 21 an
790 635 83 29 seine
908 633 199 39 Einfachheit,
1141 635 84 29 seine
1259 633 183 38 feinsinnige

254 680 153 32 Kenntnis
430 680 54 32 der
502 680 183 39 Volksseele,
708 680 104 30 seinen
834 679 200 31 elementaren
1056 679 144 31 Glauben
1224 689 39 21 an
1285 680 49 30 die
1357 688 68 21 uner-

254 726 191 38 schöpfliche
470 726 87 31 Kraft
583 726 53 31 der
661 726 135 39 Massen,
832 726 117 30 denken
974 725 49 30 Sie
1057 734 39 21 an
1132 725 49 31 die
1206 725 235 39 Eigenschaften

256 773 129 39 Marats,
419 773 93 38 fügen
536 773 48 29 Sie
617 773 65 29 eine
716 771 189 31 bedeutende
938 771 210 30 marxistische
1171 771 146 39 Bildung,
1354 772 86 29 einen

251 818 142 31 «isernen
412 818 110 29 Willen
554 817 112 30 diesem
697 817 206 39 analytischen
924 816 87 31 Geist
1041 816 105 39 hinzu,
1176 816 66 31 und
1270 826 59 21 vor
1348 816 95 30 Ihnen

255 865 83 30 steht
359 865 48 29 die
429 863 119 31 Gestalt
569 863 122 40 Lenins,
712 865 61 29 wie
794 865 60 29 wir
874 865 45 29 sie
940 863 89 31 heute
1050 863 103 30 sehen.

340 910 84 39 „Der
444 910 178 39 Jakobiner,
644 910 54 30 der
719 911 64 29 sein
806 909 153 31 Schicksal
980 911 55 29 mit
1055 908 55 32 der
1131 908 311 39 vorgeschrittensten

256 955 109 32 Klasse
385 964 127 23 unserer
532 956 136 39 Epoche,
689 957 54 30 mit
764 955 69 30 dem
856 955 181 31 Proletariat
1056 955 171 39 verknüpft,
1249 954 56 31 das
1326 955 39 30 ist
1388 954 54 30 der

257 1002 228 31 revolutionäre
510 1002 299 30 Sozialdemokrat!“
855 1001 43 31 So
933 1003 180 29 antwortete
1148 1001 95 31 Lenin
1272 1001 77 30 1904
1384 1000 58 30 den

254 1047 231 40 Menschewiki,
517 1048 49 31 die
595 1047 54 30 ihn
680 1046 54 31 des
764 1047 234 37 Jakobinismus
1026 1047 171 38 anklagten.
1239 1046 95 31 Lenin
1364 1045 80 31 wird

256 1094 49 32 die
331 1094 226 31 berühmtesten
582 1094 168 37 Jakobiner
775 1093 55 31 der
854 1094 122 37 großen
1002 1093 231 30 französischen
1259 1093 183 32 Revolution

255 1141 34 30 ln
310 1140 59 31 den
390 1140 141 31 Schatten
553 1140 116 32 stellen.

341 1187 58 30 Die
418 1186 144 30 deutsche
582 1186 204 38 Bourgeoisie
805 1185 114 31 konnte
939 1185 124 38 August
1083 1185 93 30 Bebel
1197 1184 49 31 die
1265 1184 108 31 Worte
1394 1185 49 29 nie

253 1232 173 39 verzeihen,
445 1232 49 31 die
512 1241 32 23 er
561 1233 82 30 eines
662 1232 102 38 Tages
779 1231 194 39 gesprochen
992 1232 96 29 hatte:
1108 1231 67 39 „Ja,
1195 1230 48 31 ich
1261 1231 91 30 hasse
1371 1239 70 22 eure

254 1278 196 38 bürgerliche
468 1277 167 40 Ordnung,
655 1279 39 38 ja,
716 1278 48 30 ich
785 1278 54 30 bin
860 1277 55 31 der
934 1277 134 31 tödliche
1089 1277 95 30 Feind
1205 1277 96 30 Eurer
1321 1285 120 30 ganzen

256 1324 219 39 bürgerlichen
505 1324 233 30 Gesellschaft.“
792 1323 148 31 Derselbe
972 1323 92 31 Bebel
1096 1323 113 38 pflegte
1251 1332 39 21 zu
1333 1331 111 29 sagen:

259 1370 119 39 „Wenn
412 1369 49 32 die
484 1370 205 38 Bourgeoisie
710 1369 81 30 mich
814 1369 77 39 lobt,
923 1369 86 39 frage
1032 1369 48 30 ich
1103 1369 80 30 mich
1206 1369 121 30 immer:
1360 1367 85 31 Alter

257 1416 105 39 Bebel,
380 1416 116 30 welche
513 1416 178 30 Dummheit
709 1415 69 31 hast
795 1415 42 31 du
854 1415 172 39 begangen,
1046 1414 61 31 daß
1127 1415 41 29 du
1187 1414 55 30 das
1260 1414 67 30 Lob
1347 1414 98 30 dieser

256 1462 193 33 Kannibalen
475 1462 47 31 dir
545 1462 184 31 verdienst.“
753 1462 95 30 Lenin
872 1462 148 30 brauchte
1043 1462 65 29 sich
1132 1462 65 29 eine
1219 1460 105 31 solche
1348 1461 97 38 Frage

259 1509 129 30 niemals
414 1517 38 21 zu
477 1508 115 30 stellen.
639 1508 128 30 Seine
792 1507 204 38 Bourgeoisie
1021 1506 52 30 hat
1097 1506 53 30 ihn
1176 1506 128 30 niemals
1327 1505 116 39 gelobt.

256 1555 52 30 Sie
324 1555 52 30 hat
394 1554 53 30 ihn
464 1555 55 29 mit
536 1553 207 31 brennendem
760 1553 100 30 Hasse
876 1552 149 31 während
1043 1553 82 30 einer
1141 1552 112 38 langen
1270 1552 154 38 Gefangen-

255 1601 102 30 schaft
380 1599 141 38 verfolgt.
567 1599 94 30 Lenin
696 1599 38 30 ist
767 1599 79 30 stolz
882 1598 118 32 darauf.
1040 1598 40 37 Jn
1116 1597 58 32 den
1210 1597 233 38 schwierigsten

258 1646 233 39 Augenblicken
514 1646 53 30 des
591 1645 145 37 Kampfes
760 1644 183 31 wiederholt
967 1644 94 30 Lenin
1085 1653 76 29 gern
1187 1644 48 30 die
1258 1644 103 40 Verse,
1397 1642 47 31 die

255 1702 36 20 er
311 1702 48 20 am
380 1691 168 31 Vorabend
569 1691 53 30 der
641 1690 316 31 Oktoberrevolution
977 1689 127 39 sprach:

464 1738 79 38 „Die
564 1739 94 36 guten
683 1736 106 31 Worte
812 1736 70 30 sind
906 1736 49 30 für
979 1745 58 21 uns
1061 1736 67 30 kein
1152 1735 77 40 Lob,

465 1783 118 37 Jedoch
607 1783 53 30 der
684 1782 182 31 haßerfüllte
888 1782 104 31 Schrei
1017 1782 54 30 der
1091 1781 104 30 Wut.“

343 1830 92 30 Diese
452 1830 94 30 Verse
564 1829 268 30 charakterisieren
852 1828 94 30 Lenin
966 1829 65 37 gut.
1073 1827 42 31 Er
1133 1829 40 29 ist
1190 1836 82 29 ganz
1291 1829 31 28 in
1342 1826 102 30 ihnen.

259 1876 70 31 Nur
353 1876 94 30 selten
472 1876 99 30 zitiert
595 1884 31 21 er
650 1876 101 29 Verse.
797 1874 94 31 Nicht
917 1876 141 28 umsonst
1080 1873 91 39 greift
1197 1883 32 20 er
1254 1872 98 31 dieses
1380 1872 64 31 Mal

258 1931 41 21 zu
324 1923 96 28 einem
446 1921 177 38 poetischen
647 1921 91 30 Zitat.
785 1921 83 38 „Der
893 1920 182 30 haßerfüllte
1100 1919 124 31 Schrei“
1252 1919 53 30 der
1332 1917 112 32 Feinde

259 1967 55 30 des
331 1968 196 29 Proletariats
543 1976 68 21 war
628 1967 107 30 immer
750 1966 50 31 für
817 1966 56 30 das
889 1966 69 30 Ohr
974 1966 112 30 Lenins
1104 1965 48 30 die
1169 1964 145 31 schönste
1331 1964 111 30 Musik,

259 2013 37 37 Je
316 2013 173 30 schlimmer
510 2013 49 30 die
579 2013 82 38 Lage
682 2012 54 31 der
756 2012 112 30 Feinde
888 2011 118 40 wurde,
1026 2013 28 38 je
1074 2011 127 39 ruhiger
1220 2010 109 31 wurde
1349 2010 95 29 Lenin

262 2059 63 29 und
350 2060 99 29 seiner
484 2059 207 38 selbstgewiß.
739 2059 47 38 Ja,
824 2067 70 22 man
919 2058 81 30 kann
1037 2056 187 39 wahrhaftig
1260 2065 61 21 von
1350 2056 94 30 Lenin

258 2113 114 29 sagen:
