3229 4572
663 441 95 49 412

1364 443 203 51 Gustav
1596 443 252 63 Meyrink,
1886 446 111 48 Der
2036 446 180 51 GoCem

666 648 407 78 halbwüchsige
1113 648 175 61 Loisa
1329 647 106 62 auf
1466 648 108 61 den
1608 648 227 79 Stiegen
1877 659 102 53 mit
2020 652 426 77 angehaltenem
2478 656 199 75 Atem,
2721 658 73 61 ob
2836 659 77 63 ich

666 742 87 61 die
794 738 126 65 Tür
959 742 186 61 öffnen
1195 741 207 72 werde,
1459 741 117 61 und
1625 742 77 61 idi
1759 753 192 67 spürte
2009 743 246 65 förmlich
2318 748 108 63 den
2475 750 199 62 Hauch
2729 761 183 55 seines

662 836 221 61 Hasses
927 835 116 61 und
1084 844 149 52 seine
1273 835 371 62 schäumende
1684 836 319 64 Eifersucht
2042 840 86 61 bis
2171 840 205 63 herauf
2411 867 73 39 zu
2525 855 118 55 mir.

739 929 88 61 Er
869 927 227 61 fürchtet
1142 927 104 61 sich
1296 927 174 63 näher
1515 953 75 37 zu
1636 929 264 63 kommen
1952 933 120 62 und
2121 959 117 37 von
2279 936 214 63 Rosina
2540 939 249 62 bemerkt
2837 964 75 38 zu

661 1023 241 61 werden.
1045 1021 87 61 Er
1170 1021 143 63 weiß
1355 1023 104 61 sich
1501 1047 117 38 von
1661 1025 83 61 ihr
1785 1027 285 78 abhängig
2110 1038 109 52 wie
2268 1039 88 52 ein
2406 1033 294 79 hungriger
2741 1034 172 64 Wolf

659 1140 117 38 von
816 1125 209 53 seinem
1065 1115 229 61 Wärter
1332 1115 119 63 und
1497 1117 216 64 möchte
1761 1120 137 61 doch
1952 1145 96 38 am
2096 1120 232 66 liebsten
2383 1127 359 79 aufspringen
2792 1130 117 61 und

657 1208 433 79 besinnungslos
1129 1218 181 52 seiner
1348 1209 143 63 Wut
1532 1212 89 61 die
1660 1213 187 79 Zügel
1887 1214 256 63 schießen
2185 1218 205 63 lassen!
2423 1251 65 17 ■—
2525 1251 62 18 —'

733 1303 84 61 Ich
858 1319 172 45 setzte
1071 1305 134 59 mich
1249 1328 72 38 an
1362 1315 221 53 meinen
1616 1307 368 65 Arbeitstisch
2027 1314 120 59 und
2182 1314 186 62 suchte
2408 1324 182 54 meine
2623 1317 284 64 Pinzetten

654 1397 116 61 und
811 1397 200 61 Stichel
1051 1397 218 63 hervor.

728 1491 168 61 Aber
936 1491 76 61 ich
1054 1491 209 63 konnte
1303 1494 168 61 nichts
1515 1494 158 81 fertig
1712 1496 231 80 bringen
1987 1502 118 60 und
2153 1510 182 54 meine
2375 1504 179 62 Hand
2594 1529 122 39 war
2766 1507 140 61 nicht

650 1585 159 78 ruhig
849 1608 203 55 genug,
1094 1585 90 63 die
1225 1585 182 63 feinen
1448 1590 352 77 japanischen
1844 1592 435 81 Gravierungen
2323 1598 426 65 auszubessern.

728 1679 126 61 Das
894 1679 164 61 trübe
1099 1679 225 63 düstere
1363 1681 211 73 Leben,
1617 1684 103 61 das
1763 1710 71 37 an
1879 1688 209 61 diesem
2129 1689 202 63 Hause
2373 1691 186 80 hängt,
2602 1693 116 61 läßt
2759 1703 148 54 mein

652 1772 216 62 Gemüt
912 1773 141 61 nicht
1092 1773 107 63 still
1239 1776 228 61 werden
1510 1778 120 64 und
1669 1786 196 56 immer
1904 1782 232 61 tauchen
2180 1783 108 63 alte
2319 1785 186 62 Bilder
2544 1796 55 52 in
2639 1796 104 52 mir
2785 1789 115 63 auf.

725 1867 177 61 Loisa
946 1867 120 62 und
1105 1877 118 52 sein
1264 1869 502 80 Zwillingsbruder
1802 1874 238 78 Jaromir
2081 1877 124 61 sind
2246 1879 152 62 wohl
2439 1880 171 62 kaum
2652 1891 89 52 ein
2773 1883 130 78 Jahr

648 1961 136 61 älter
827 1963 80 60 als
953 1963 230 62 Rosina,

727 2055 103 61 An
864 2056 156 61 ihren
1054 2056 66 61 V
1123 2073 133 56 ater,
1301 2058 98 61 der
1423 2059 445 65 Hostienbäcker
1899 2087 282 55 gewesen,
2216 2065 209 64 konnte
2456 2068 78 61 ich
2567 2069 135 61 mich
2735 2069 170 62 kaum

647 2149 157 62 mehr
846 2159 277 64 erinnern,
1165 2152 117 61 und
1321 2161 133 67 jetzt
1494 2171 155 61 sorgt
1688 2154 92 63 für
1819 2167 96 62 sie,
1957 2159 206 77 glaube
2205 2162 95 71 ich,
2343 2171 88 52 ein
2474 2162 137 62 altes
2652 2164 183 61 Weib,

723 2243 82 62 Ich
846 2246 192 61 wußte
1071 2269 107 38 nur
1217 2246 159 72 nicht,
1407 2247 205 62 welche
1646 2272 60 38 es
1747 2274 123 38 war
1910 2270 164 44 unter
2116 2255 108 61 den
2258 2256 200 67 vielen,
2501 2257 90 61 die
2630 2258 272 63 versteckt

645 2346 73 53 im
760 2340 204 61 Hause
1006 2341 246 61 wohnen
1293 2350 111 52 wie
1444 2341 221 63 Kröten
1708 2352 55 54 in
1805 2346 174 62 ihrem
2022 2347 446 80 Schlupfwinkel.

722 2432 95 61 Sie
874 2450 156 61 sorgt
1087 2435 91 60 für
1235 2434 89 61 die
1378 2434 202 62 beiden
1628 2436 233 80 Jungen,
1920 2441 103 61 das
2082 2443 150 62 heißt
2286 2453 82 53 sie
2422 2445 254 78 gewährt
2733 2446 167 63 ihnen

643 2525 371 75 Unterkunft,-
1045 2528 167 62 dafür
1236 2539 227 51 müssen
1496 2538 80 53 sie
1611 2530 82 62 ihr
1726 2534 287 74 abliefern,
2047 2561 125 38 was
2205 2545 80 54 sie
2309 2538 349 79 gelegentlich
2685 2540 216 63 stehlen

643 2620 138 61 oder
821 2622 275 62 erbetteln,
1137 2652 65 19 —'
1239 2653 66 18 *—

722 2714 100 63 Ob
863 2726 80 52 sie
983 2717 168 62 ihnen
1193 2719 153 63 wohl
1388 2722 135 61 auch
1573 2746 73 37 zu
1696 2746 160 38 essen
1905 2725 149 76 gibt?
2110 2725 82 60 Ich
2241 2725 209 63 konnte
2500 2750 59 38 es
2608 2736 104 52 mir
2760 2727 142 62 nicht

642 2808 235 74 denken,
920 2811 148 61 denn
1112 2830 111 44 erst
1263 2825 127 68 spät
1430 2817 214 61 abends
1686 2815 214 63 kommt
1943 2817 89 61 die
2073 2818 140 61 Alte
2255 2818 158 63 heim,

717 2904 542 64 Leichenwäscherin
1299 2910 105 61 soll
1444 2920 79 52 sie
1566 2919 135 53 sein.

717 2999 190 72 Loisa,
948 3000 235 78 Jaromir
1222 3004 119 61 und
1373 3004 216 63 Rosina
1627 3005 103 62 sah
1772 3004 95 74 ich,
1912 3006 80 61 als
2034 3015 80 54 sie
2147 3008 137 61 noch
2317 3009 218 62 Kinder
2567 3033 209 50 waren,
2820 3010 78 61 oft

640 3092 244 63 harmlos
926 3103 75 52 im
1040 3095 131 61 Hof
1207 3121 73 37 zu
1321 3099 125 61 dritt
1485 3099 226 79 spielen.

717 3187 111 62 Die
870 3188 136 61 Zeit
1047 3189 134 63 aber
1222 3199 71 54 ist
1331 3192 131 79 lang
1501 3194 212 61 vorbei,

715 3281 132 61 Den
897 3305 217 55 ganzen
1156 3280 128 83 Tag
1331 3309 123 38 war
1500 3287 178 61 Loisa
1722 3296 112 69 jezt
1881 3287 179 62 hinter
2110 3287 128 62 dem
2288 3288 354 80 rothaarigen
2681 3291 173 77 Juden-

639 3373 182 63 mädel
864 3376 109 62 her.

715 3467 299 65 Zuweilen
1056 3473 151 62 sucht
1247 3498 60 38 er
1354 3483 80 54 sie
1482 3475 164 79 lange
1687 3492 277 55 umsonst,
2014 3476 120 63 und
2181 3500 167 39 wenn
2399 3502 60 37 er
2497 3488 79 52 sie
2627 3479 260 79 nirgends

639 3559 182 63 finden
854 3563 167 75 kann,
1067 3567 152 60 dann
1260 3568 244 62 schleicht
1551 3592 60 38 er
1650 3569 108 61 sich
1809 3593 108 38 vor
1964 3578 185 53 meine
2188 3567 122 66 Tür
2365 3572 119 62 und
2531 3589 201 46 wartet
2788 3582 102 52 mit

638 3674 335 46 verzerrtem
1015 3661 245 73 Gesicht,
1303 3663 109 61 daß
1453 3672 80 53 sie
1575 3663 244 62 heimlich
1863 3664 219 63 hierher
2121 3664 243 65 komme.

715 3749 98 61 Da
860 3752 133 62 sehe
1040 3754 78 61 ich
1166 3757 113 72 ihn,
1335 3781 169 38 wenn
1560 3758 79 61 ich
1693 3758 90 61 bei
1832 3767 210 54 meiner
2088 3758 208 63 Arbeit
2350 3768 155 65 sitze,
2563 3770 75 53 im
2689 3761 201 63 Geiste

640 3840 247 64 draußen
929 3854 54 52 in
1033 3848 127 61 dem
1208 3850 295 78 winkligen
1552 3851 210 80 Gange
1810 3852 196 63 lauern
2056 3852 108 63 den
2215 3854 167 78 Kopf
2423 3862 101 54 mit
2572 3855 128 62 dem
2751 3878 140 39 aus*

640 3937 367 77 gemergelten
1051 3940 212 63 Genick
1305 3944 275 63 horchend
1620 3946 360 79 vorgebeugt.
