<?xml version="1.0" encoding="UTF-8"?>
<alto xmlns:xsi="http://www.w3.org/2001/XMLSchema-instance" xmlns="http://www.loc.gov/standards/alto/ns-v2#" xsi:schemaLocation="http://www.loc.gov/standards/alto/ns-v2# http://www.loc.gov/standards/alto/v2/alto-2-0.xsd" xmlns:xlink="http://www.w3.org/1999/xlink">
	<Description>
		<MeasurementUnit>mm10</MeasurementUnit>
		<sourceImageInformation>
			<fileName>./bmtnabr_1913-12_01_0099.jp2</fileName>
		</sourceImageInformation>
		<OCRProcessing ID="OCRPROCESSING_1">
			<preProcessingStep>
				<processingSoftware>
					<softwareCreator>CCS Content Conversion Specialists GmbH, Germany</softwareCreator>
					<softwareName>CCS docWorks</softwareName>
					<softwareVersion>6.8-1.27</softwareVersion>
				</processingSoftware>
			</preProcessingStep>
			<ocrProcessingStep>
				<processingSoftware>
					<softwareCreator>ABBYY (BIT Software), Russia</softwareCreator>
					<softwareName>FineReader</softwareName>
					<softwareVersion>11.0</softwareVersion>
				</processingSoftware>
			</ocrProcessingStep>
			<postProcessingStep>
				<processingSoftware>
					<softwareCreator>CCS Content Conversion Specialists GmbH, Germany</softwareCreator>
					<softwareName>CCS docWorks</softwareName>
					<softwareVersion>6.8-1.27</softwareVersion>
					<applicationDescription>docWorks: Text modified manually, or automatically replaced</applicationDescription>
				</processingSoftware>
			</postProcessingStep>
		</OCRProcessing>
	</Description>
	<Styles>
		<TextStyle ID="TXT_0" FONTSIZE="27" FONTFAMILY="Times New Roman"/>
		<TextStyle ID="TXT_1" FONTSIZE="19" FONTFAMILY="Times New Roman" FONTSTYLE="bold italics"/>
		<TextStyle ID="TXT_2" FONTSIZE="21" FONTFAMILY="Times New Roman"/>
		<ParagraphStyle ID="PAR_RIGHT" ALIGN="Right"/>
		<ParagraphStyle ID="PAR_LEFT" ALIGN="Left"/>
	</Styles>
	<Layout>
		<Page ID="P99" PHYSICAL_IMG_NR="99" HEIGHT="4572" WIDTH="3216" PRINTED_IMG_NR="401" PC="0.954">
			<TopMargin ID="P99_TM00001" HPOS="0" VPOS="0" WIDTH="3216" HEIGHT="538">
				<TextBlock ID="P99_TB00001" HPOS="2440" VPOS="470" WIDTH="89" HEIGHT="51" STYLEREFS="TXT_0 PAR_RIGHT">
					<TextLine ID="P99_TL00001" HPOS="2440" VPOS="470" WIDTH="89" HEIGHT="51">
						<String ID="P99_ST00001" HPOS="2440" VPOS="470" WIDTH="89" HEIGHT="51" CONTENT="401" WC="1.00" CC="000"/>
					</TextLine>
				</TextBlock>
				<TextBlock ID="P99_TB00002" HPOS="799" VPOS="476" WIDTH="1222" HEIGHT="60" STYLEREFS="TXT_1 PAR_LEFT">
					<TextLine ID="P99_TL00002" HPOS="800" VPOS="476" WIDTH="1221" HEIGHT="60">
						<String ID="P99_ST00002" HPOS="800" VPOS="482" WIDTH="136" HEIGHT="48" CONTENT="Rene" WC="0.99" CC="6000"/>
						<SP ID="P99_SP00001" HPOS="936" VPOS="530" WIDTH="31"/>
						<String ID="P99_ST00003" HPOS="967" VPOS="478" WIDTH="241" HEIGHT="58" CONTENT="SSidiefe," WC="0.38" CC="970679607"/>
						<SP ID="P99_SP00002" HPOS="1208" VPOS="536" WIDTH="42"/>
						<String ID="P99_ST00004" HPOS="1250" VPOS="477" WIDTH="254" HEIGHT="52" CONTENT="Zwiscßen" WC="0.68" CC="12055603"/>
						<SP ID="P99_SP00003" HPOS="1504" VPOS="536" WIDTH="33"/>
						<String ID="P99_ST00005" HPOS="1537" VPOS="478" WIDTH="95" HEIGHT="50" CONTENT="den" WC="0.90" CC="799"/>
						<SP ID="P99_SP00004" HPOS="1632" VPOS="536" WIDTH="32"/>
						<String ID="P99_ST00006" HPOS="1664" VPOS="476" WIDTH="190" HEIGHT="49" CONTENT="kfeinen" WC="0.55" CC="6505606"/>
						<SP ID="P99_SP00005" HPOS="1854" VPOS="536" WIDTH="33"/>
						<String ID="P99_ST00007" HPOS="1887" VPOS="476" WIDTH="134" HEIGHT="48" CONTENT="Seen" WC="0.97" CC="7070"/>
						<SP ID="P99_SP00006" HPOS="2021" VPOS="536" WIDTH="0"/>
					</TextLine>
				</TextBlock>
			</TopMargin>
			<LeftMargin ID="P99_LM00001" HPOS="0" VPOS="538" WIDTH="302" HEIGHT="3482"/>
			<RightMargin ID="P99_RM00001" HPOS="2551" VPOS="538" WIDTH="665" HEIGHT="3482"/>
			<BottomMargin ID="P99_BM00001" HPOS="0" VPOS="4020" WIDTH="3216" HEIGHT="552"/>
			<PrintSpace ID="P99_PS00001" HPOS="302" VPOS="538" WIDTH="2249" HEIGHT="3482">
				<TextBlock ID="P99_TB00003" HPOS="302" VPOS="673" WIDTH="2249" HEIGHT="3347" STYLEREFS="TXT_2 PAR_LEFT">
					<TextLine ID="P99_TL00003" HPOS="303" VPOS="675" WIDTH="2233" HEIGHT="86">
						<String ID="P99_ST00008" HPOS="303" VPOS="721" WIDTH="116" HEIGHT="39" CONTENT="war" WC="0.93" CC="647"/>
						<SP ID="P99_SP00007" HPOS="419" VPOS="760" WIDTH="50"/>
						<String ID="P99_ST00009" HPOS="469" VPOS="690" WIDTH="107" HEIGHT="64" CONTENT="auf" WC="0.94" CC="563"/>
						<SP ID="P99_SP00008" HPOS="576" VPOS="760" WIDTH="40"/>
						<String ID="P99_ST00010" HPOS="616" VPOS="689" WIDTH="102" HEIGHT="59" CONTENT="das" WC="0.97" CC="700"/>
						<SP ID="P99_SP00009" HPOS="718" VPOS="760" WIDTH="42"/>
						<String ID="P99_ST00011" HPOS="760" VPOS="685" WIDTH="188" HEIGHT="61" CONTENT="Büfett" WC="0.99" CC="006400"/>
						<SP ID="P99_SP00010" HPOS="948" VPOS="760" WIDTH="45"/>
						<String ID="P99_ST00012" HPOS="993" VPOS="691" WIDTH="284" HEIGHT="70" CONTENT="gestiegen" WC="0.99" CC="740165621"/>
						<SP ID="P99_SP00011" HPOS="1277" VPOS="761" WIDTH="49"/>
						<String ID="P99_ST00013" HPOS="1326" VPOS="680" WIDTH="117" HEIGHT="62" CONTENT="und" WC="0.94" CC="709"/>
						<SP ID="P99_SP00012" HPOS="1443" VPOS="761" WIDTH="50"/>
						<String ID="P99_ST00014" HPOS="1493" VPOS="682" WIDTH="190" HEIGHT="60" CONTENT="schrie:" WC="0.99" CC="0006105"/>
						<SP ID="P99_SP00013" HPOS="1683" VPOS="761" WIDTH="44"/>
						<String ID="P99_ST00015" HPOS="1727" VPOS="677" WIDTH="271" HEIGHT="64" CONTENT="Kikeriki!" WC="0.99" CC="026251530"/>
						<SP ID="P99_SP00014" HPOS="1998" VPOS="761" WIDTH="52"/>
						<String ID="P99_ST00016" HPOS="2050" VPOS="677" WIDTH="116" HEIGHT="60" CONTENT="Die" WC="0.97" CC="340"/>
						<SP ID="P99_SP00015" HPOS="2166" VPOS="761" WIDTH="39"/>
						<String ID="P99_ST00017" HPOS="2205" VPOS="698" WIDTH="180" HEIGHT="56" CONTENT="ganze" WC="0.97" CC="95370"/>
						<SP ID="P99_SP00016" HPOS="2385" VPOS="761" WIDTH="40"/>
						<String ID="P99_ST00018" HPOS="2425" VPOS="675" WIDTH="111" HEIGHT="59" CONTENT="Bar" WC="0.96" CC="235"/>
					</TextLine>
					<TextLine ID="P99_TL00004" HPOS="305" VPOS="776" WIDTH="669" HEIGHT="77">
						<String ID="P99_ST00019" HPOS="305" VPOS="799" WIDTH="354" HEIGHT="54" CONTENT="antwortete:" WC="0.99" CC="65393720307"/>
						<SP ID="P99_SP00017" HPOS="659" VPOS="853" WIDTH="45"/>
						<String ID="P99_ST00020" HPOS="704" VPOS="776" WIDTH="270" HEIGHT="64" CONTENT="Kikeriki!" WC="1.00" CC="050060002"/>
					</TextLine>
					<TextLine ID="P99_TL00005" HPOS="380" VPOS="861" WIDTH="2154" HEIGHT="84">
						<String ID="P99_ST00021" HPOS="380" VPOS="883" WIDTH="121" HEIGHT="60" CONTENT="Der" WC="0.98" CC="006"/>
						<SP ID="P99_SP00018" HPOS="501" VPOS="943" WIDTH="39"/>
						<String ID="P99_ST00022" HPOS="540" VPOS="877" WIDTH="185" HEIGHT="61" CONTENT="Mann" WC="0.99" CC="2300"/>
						<SP ID="P99_SP00019" HPOS="725" VPOS="943" WIDTH="51"/>
						<String ID="P99_ST00023" HPOS="776" VPOS="872" WIDTH="107" HEIGHT="62" CONTENT="auf" WC="0.98" CC="006"/>
						<SP ID="P99_SP00020" HPOS="883" VPOS="943" WIDTH="42"/>
						<String ID="P99_ST00024" HPOS="925" VPOS="870" WIDTH="128" HEIGHT="63" CONTENT="dem" WC="1.00" CC="000"/>
						<SP ID="P99_SP00021" HPOS="1053" VPOS="943" WIDTH="41"/>
						<String ID="P99_ST00025" HPOS="1094" VPOS="870" WIDTH="203" HEIGHT="69" CONTENT="Büfett," WC="1.00" CC="0003004"/>
						<SP ID="P99_SP00022" HPOS="1297" VPOS="943" WIDTH="51"/>
						<String ID="P99_ST00026" HPOS="1348" VPOS="869" WIDTH="98" HEIGHT="61" CONTENT="der" WC="0.98" CC="006"/>
						<SP ID="P99_SP00023" HPOS="1446" VPOS="943" WIDTH="49"/>
						<String ID="P99_ST00027" HPOS="1495" VPOS="869" WIDTH="107" HEIGHT="61" CONTENT="den" WC="0.97" CC="006"/>
						<SP ID="P99_SP00024" HPOS="1602" VPOS="943" WIDTH="43"/>
						<String ID="P99_ST00028" HPOS="1645" VPOS="867" WIDTH="494" HEIGHT="78" CONTENT="ausgezeichneten" WC="1.00" CC="060006000062105"/>
						<SP ID="P99_SP00025" HPOS="2139" VPOS="945" WIDTH="42"/>
						<String ID="P99_ST00029" HPOS="2181" VPOS="861" WIDTH="213" HEIGHT="64" CONTENT="Einfall" WC="0.98" CC="5545067"/>
						<SP ID="P99_SP00026" HPOS="2394" VPOS="945" WIDTH="40"/>
						<String ID="P99_ST00030" HPOS="2434" VPOS="884" WIDTH="67" HEIGHT="55" CONTENT="ge" SUBS_TYPE="HypPart1" SUBS_CONTENT="gehabt" WC="0.98" CC="00"/>
						<HYP HPOS="2501" VPOS="884" WIDTH="33" CONTENT="-"/>
					</TextLine>
					<TextLine ID="P99_TL00006" HPOS="306" VPOS="957" WIDTH="2230" HEIGHT="81">
						<String ID="P99_ST00031" HPOS="306" VPOS="975" WIDTH="130" HEIGHT="62" CONTENT="habt" SUBS_TYPE="HypPart2" SUBS_CONTENT="gehabt" WC="0.94" CC="7774"/>
						<SP ID="P99_SP00027" HPOS="436" VPOS="1037" WIDTH="32"/>
						<String ID="P99_ST00032" HPOS="468" VPOS="971" WIDTH="163" HEIGHT="67" CONTENT="hatte," WC="1.00" CC="000001"/>
						<SP ID="P99_SP00028" HPOS="631" VPOS="1038" WIDTH="36"/>
						<String ID="P99_ST00033" HPOS="667" VPOS="963" WIDTH="245" HEIGHT="64" CONTENT="Kikeriki" WC="0.99" CC="04006005"/>
						<SP ID="P99_SP00029" HPOS="912" VPOS="1038" WIDTH="34"/>
						<String ID="P99_ST00034" HPOS="946" VPOS="988" WIDTH="74" HEIGHT="36" CONTENT="zu" WC="0.65" CC="60"/>
						<SP ID="P99_SP00030" HPOS="1020" VPOS="1038" WIDTH="32"/>
						<String ID="P99_ST00035" HPOS="1052" VPOS="962" WIDTH="184" HEIGHT="71" CONTENT="rufen," WC="0.98" CC="564044"/>
						<SP ID="P99_SP00031" HPOS="1236" VPOS="1038" WIDTH="34"/>
						<String ID="P99_ST00036" HPOS="1270" VPOS="961" WIDTH="198" HEIGHT="62" CONTENT="wurde" WC="0.97" CC="95700"/>
						<SP ID="P99_SP00032" HPOS="1468" VPOS="1038" WIDTH="25"/>
						<String ID="P99_ST00037" HPOS="1493" VPOS="985" WIDTH="114" HEIGHT="37" CONTENT="von" WC="0.98" CC="032"/>
						<SP ID="P99_SP00033" HPOS="1607" VPOS="1038" WIDTH="34"/>
						<String ID="P99_ST00038" HPOS="1641" VPOS="969" WIDTH="145" HEIGHT="53" CONTENT="zwei" WC="0.96" CC="0945"/>
						<SP ID="P99_SP00034" HPOS="1786" VPOS="1038" WIDTH="24"/>
						<String ID="P99_ST00039" HPOS="1810" VPOS="958" WIDTH="278" HEIGHT="79" CONTENT="glänzend" WC="1.00" CC="07000000"/>
						<SP ID="P99_SP00035" HPOS="2088" VPOS="1038" WIDTH="26"/>
						<String ID="P99_ST00040" HPOS="2114" VPOS="957" WIDTH="422" HEIGHT="61" CONTENT="verschwitzten" WC="1.00" CC="0000600040500"/>
					</TextLine>
					<TextLine ID="P99_TL00007" HPOS="306" VPOS="1048" WIDTH="2232" HEIGHT="84">
						<String ID="P99_ST00041" HPOS="306" VPOS="1070" WIDTH="221" HEIGHT="61" CONTENT="Damen" WC="0.99" CC="50000"/>
						<SP ID="P99_SP00036" HPOS="527" VPOS="1131" WIDTH="33"/>
						<String ID="P99_ST00042" HPOS="560" VPOS="1061" WIDTH="108" HEIGHT="61" CONTENT="auf" WC="0.96" CC="055"/>
						<SP ID="P99_SP00037" HPOS="668" VPOS="1131" WIDTH="35"/>
						<String ID="P99_ST00043" HPOS="703" VPOS="1058" WIDTH="88" HEIGHT="61" CONTENT="die" WC="1.00" CC="000"/>
						<SP ID="P99_SP00038" HPOS="791" VPOS="1131" WIDTH="35"/>
						<String ID="P99_ST00044" HPOS="826" VPOS="1057" WIDTH="286" HEIGHT="62" CONTENT="Schultern" WC="0.99" CC="100473065"/>
						<SP ID="P99_SP00039" HPOS="1112" VPOS="1131" WIDTH="40"/>
						<String ID="P99_ST00045" HPOS="1152" VPOS="1077" WIDTH="335" HEIGHT="55" CONTENT="genommen" WC="1.00" CC="00000020"/>
						<SP ID="P99_SP00040" HPOS="1487" VPOS="1132" WIDTH="44"/>
						<String ID="P99_ST00046" HPOS="1531" VPOS="1053" WIDTH="114" HEIGHT="61" CONTENT="und" WC="0.99" CC="300"/>
						<SP ID="P99_SP00041" HPOS="1645" VPOS="1132" WIDTH="41"/>
						<String ID="P99_ST00047" HPOS="1686" VPOS="1063" WIDTH="72" HEIGHT="51" CONTENT="im" WC="1.00" CC="00"/>
						<SP ID="P99_SP00042" HPOS="1758" VPOS="1132" WIDTH="33"/>
						<String ID="P99_ST00048" HPOS="1791" VPOS="1048" WIDTH="276" HEIGHT="81" CONTENT="Triumph" WC="0.99" CC="6540030"/>
						<SP ID="P99_SP00043" HPOS="2067" VPOS="1132" WIDTH="35"/>
						<String ID="P99_ST00049" HPOS="2102" VPOS="1051" WIDTH="166" HEIGHT="59" CONTENT="durch" WC="0.98" CC="07400"/>
						<SP ID="P99_SP00044" HPOS="2268" VPOS="1132" WIDTH="36"/>
						<String ID="P99_ST00050" HPOS="2304" VPOS="1048" WIDTH="89" HEIGHT="61" CONTENT="die" WC="1.00" CC="000"/>
						<SP ID="P99_SP00045" HPOS="2393" VPOS="1132" WIDTH="34"/>
						<String ID="P99_ST00051" HPOS="2427" VPOS="1048" WIDTH="111" HEIGHT="60" CONTENT="Bar" WC="0.95" CC="256"/>
					</TextLine>
					<TextLine ID="P99_TL00008" HPOS="305" VPOS="1141" WIDTH="2233" HEIGHT="100">
						<String ID="P99_ST00052" HPOS="305" VPOS="1178" WIDTH="276" HEIGHT="63" CONTENT="getragen." WC="0.99" CC="023600022"/>
						<SP ID="P99_SP00046" HPOS="581" VPOS="1241" WIDTH="52"/>
						<String ID="P99_ST00053" HPOS="633" VPOS="1155" WIDTH="85" HEIGHT="60" CONTENT="Er" WC="0.30" CC="76"/>
						<SP ID="P99_SP00047" HPOS="718" VPOS="1241" WIDTH="49"/>
						<String ID="P99_ST00054" HPOS="767" VPOS="1152" WIDTH="266" HEIGHT="60" CONTENT="benutzte" WC="0.99" CC="70034620"/>
						<SP ID="P99_SP00048" HPOS="1033" VPOS="1241" WIDTH="49"/>
						<String ID="P99_ST00055" HPOS="1082" VPOS="1149" WIDTH="110" HEIGHT="62" CONTENT="den" WC="0.98" CC="004"/>
						<SP ID="P99_SP00049" HPOS="1192" VPOS="1241" WIDTH="40"/>
						<String ID="P99_ST00056" HPOS="1232" VPOS="1147" WIDTH="351" HEIGHT="79" CONTENT="Augenblick" WC="0.99" CC="2000600507"/>
						<SP ID="P99_SP00050" HPOS="1583" VPOS="1241" WIDTH="49"/>
						<String ID="P99_ST00057" HPOS="1632" VPOS="1147" WIDTH="99" HEIGHT="61" CONTENT="der" WC="0.98" CC="005"/>
						<SP ID="P99_SP00051" HPOS="1731" VPOS="1241" WIDTH="40"/>
						<String ID="P99_ST00058" HPOS="1771" VPOS="1143" WIDTH="458" HEIGHT="80" CONTENT="Überlegenheit," WC="1.00" CC="20066000070344"/>
						<SP ID="P99_SP00052" HPOS="2229" VPOS="1241" WIDTH="51"/>
						<String ID="P99_ST00059" HPOS="2280" VPOS="1166" WIDTH="96" HEIGHT="37" CONTENT="um" WC="1.00" CC="00"/>
						<SP ID="P99_SP00053" HPOS="2376" VPOS="1241" WIDTH="51"/>
						<String ID="P99_ST00060" HPOS="2427" VPOS="1141" WIDTH="111" HEIGHT="61" CONTENT="den" WC="0.97" CC="007"/>
					</TextLine>
					<TextLine ID="P99_TL00009" HPOS="308" VPOS="1234" WIDTH="2228" HEIGHT="85">
						<String ID="P99_ST00061" HPOS="308" VPOS="1255" WIDTH="240" HEIGHT="64" CONTENT="Frauen," WC="0.98" CC="3657004"/>
						<SP ID="P99_SP00054" HPOS="548" VPOS="1319" WIDTH="52"/>
						<String ID="P99_ST00062" HPOS="600" VPOS="1270" WIDTH="71" HEIGHT="39" CONTENT="an" WC="0.60" CC="24"/>
						<SP ID="P99_SP00055" HPOS="671" VPOS="1319" WIDTH="51"/>
						<String ID="P99_ST00063" HPOS="722" VPOS="1245" WIDTH="181" HEIGHT="61" CONTENT="denen" WC="0.99" CC="00007"/>
						<SP ID="P99_SP00056" HPOS="903" VPOS="1319" WIDTH="51"/>
						<String ID="P99_ST00064" HPOS="954" VPOS="1267" WIDTH="60" HEIGHT="38" CONTENT="er" WC="0.67" CC="06"/>
						<SP ID="P99_SP00057" HPOS="1014" VPOS="1319" WIDTH="47"/>
						<String ID="P99_ST00065" HPOS="1061" VPOS="1240" WIDTH="344" HEIGHT="70" CONTENT="vorbeikam," WC="0.99" CC="0277400004"/>
						<SP ID="P99_SP00058" HPOS="1405" VPOS="1319" WIDTH="49"/>
						<String ID="P99_ST00066" HPOS="1454" VPOS="1249" WIDTH="97" HEIGHT="52" CONTENT="mit" WC="0.97" CC="053"/>
						<SP ID="P99_SP00059" HPOS="1551" VPOS="1319" WIDTH="48"/>
						<String ID="P99_ST00067" HPOS="1599" VPOS="1240" WIDTH="99" HEIGHT="61" CONTENT="der" WC="0.98" CC="006"/>
						<SP ID="P99_SP00060" HPOS="1698" VPOS="1319" WIDTH="50"/>
						<String ID="P99_ST00068" HPOS="1748" VPOS="1239" WIDTH="190" HEIGHT="78" CONTENT="Spitze" WC="0.98" CC="241550"/>
						<SP ID="P99_SP00061" HPOS="1938" VPOS="1319" WIDTH="50"/>
						<String ID="P99_ST00069" HPOS="1988" VPOS="1246" WIDTH="183" HEIGHT="54" CONTENT="seiner" WC="0.99" CC="022006"/>
						<SP ID="P99_SP00062" HPOS="2171" VPOS="1319" WIDTH="39"/>
						<String ID="P99_ST00070" HPOS="2210" VPOS="1234" WIDTH="326" HEIGHT="62" CONTENT="Lackstiefel" WC="0.99" CC="00570510200"/>
					</TextLine>
					<TextLine ID="P99_TL00010" HPOS="309" VPOS="1326" WIDTH="2229" HEIGHT="82">
						<String ID="P99_ST00071" HPOS="309" VPOS="1348" WIDTH="85" HEIGHT="60" CONTENT="die" WC="0.96" CC="054"/>
						<SP ID="P99_SP00063" HPOS="394" VPOS="1408" WIDTH="32"/>
						<String ID="P99_ST00072" HPOS="426" VPOS="1344" WIDTH="167" HEIGHT="61" CONTENT="Nase" WC="0.99" CC="0003"/>
						<SP ID="P99_SP00064" HPOS="593" VPOS="1408" WIDTH="42"/>
						<String ID="P99_ST00073" HPOS="635" VPOS="1364" WIDTH="74" HEIGHT="36" CONTENT="zu" WC="0.64" CC="70"/>
						<SP ID="P99_SP00065" HPOS="709" VPOS="1408" WIDTH="41"/>
						<String ID="P99_ST00074" HPOS="750" VPOS="1338" WIDTH="217" HEIGHT="61" CONTENT="kitzeln." WC="0.99" CC="02460041"/>
						<SP ID="P99_SP00066" HPOS="967" VPOS="1408" WIDTH="44"/>
						<String ID="P99_ST00075" HPOS="1011" VPOS="1335" WIDTH="167" HEIGHT="61" CONTENT="Aber" WC="0.98" CC="5006"/>
						<SP ID="P99_SP00067" HPOS="1178" VPOS="1408" WIDTH="40"/>
						<String ID="P99_ST00076" HPOS="1218" VPOS="1334" WIDTH="173" HEIGHT="61" CONTENT="damit" WC="0.99" CC="01004"/>
						<SP ID="P99_SP00068" HPOS="1391" VPOS="1408" WIDTH="33"/>
						<String ID="P99_ST00077" HPOS="1424" VPOS="1333" WIDTH="221" HEIGHT="63" CONTENT="erzielte" WC="0.98" CC="06660716"/>
						<SP ID="P99_SP00069" HPOS="1645" VPOS="1408" WIDTH="33"/>
						<String ID="P99_ST00078" HPOS="1678" VPOS="1357" WIDTH="61" HEIGHT="38" CONTENT="er" WC="0.72" CC="05"/>
						<SP ID="P99_SP00070" HPOS="1739" VPOS="1408" WIDTH="33"/>
						<String ID="P99_ST00079" HPOS="1772" VPOS="1342" WIDTH="161" HEIGHT="52" CONTENT="einen" WC="0.98" CC="05105"/>
						<SP ID="P99_SP00071" HPOS="1933" VPOS="1408" WIDTH="34"/>
						<String ID="P99_ST00080" HPOS="1967" VPOS="1354" WIDTH="68" HEIGHT="38" CONTENT="so" WC="0.94" CC="01"/>
						<SP ID="P99_SP00072" HPOS="2035" VPOS="1408" WIDTH="33"/>
						<String ID="P99_ST00081" HPOS="2068" VPOS="1330" WIDTH="212" HEIGHT="78" CONTENT="großen" WC="0.99" CC="060501"/>
						<SP ID="P99_SP00073" HPOS="2280" VPOS="1408" WIDTH="35"/>
						<String ID="P99_ST00082" HPOS="2315" VPOS="1326" WIDTH="223" HEIGHT="78" CONTENT="Erfolg," WC="0.99" CC="0465004"/>
					</TextLine>
					<TextLine ID="P99_TL00011" HPOS="310" VPOS="1422" WIDTH="2229" HEIGHT="83">
						<String ID="P99_ST00083" HPOS="310" VPOS="1439" WIDTH="104" HEIGHT="61" CONTENT="daß" WC="0.97" CC="006"/>
						<SP ID="P99_SP00074" HPOS="414" VPOS="1500" WIDTH="42"/>
						<String ID="P99_ST00084" HPOS="456" VPOS="1437" WIDTH="88" HEIGHT="59" CONTENT="die" WC="1.00" CC="000"/>
						<SP ID="P99_SP00075" HPOS="544" VPOS="1500" WIDTH="39"/>
						<String ID="P99_ST00085" HPOS="583" VPOS="1432" WIDTH="220" HEIGHT="70" CONTENT="beiden," WC="0.99" CC="0010533"/>
						<SP ID="P99_SP00076" HPOS="803" VPOS="1502" WIDTH="43"/>
						<String ID="P99_ST00086" HPOS="846" VPOS="1430" WIDTH="89" HEIGHT="60" CONTENT="die" WC="0.98" CC="040"/>
						<SP ID="P99_SP00077" HPOS="935" VPOS="1502" WIDTH="42"/>
						<String ID="P99_ST00087" HPOS="977" VPOS="1429" WIDTH="93" HEIGHT="61" CONTENT="ihn" WC="0.96" CC="270"/>
						<SP ID="P99_SP00078" HPOS="1070" VPOS="1502" WIDTH="42"/>
						<String ID="P99_ST00088" HPOS="1112" VPOS="1446" WIDTH="215" HEIGHT="59" CONTENT="trugen," WC="0.99" CC="4600004"/>
						<SP ID="P99_SP00079" HPOS="1327" VPOS="1505" WIDTH="42"/>
						<String ID="P99_ST00089" HPOS="1369" VPOS="1428" WIDTH="344" HEIGHT="76" CONTENT="eifersüchtig" WC="1.00" CC="005060000330"/>
						<SP ID="P99_SP00080" HPOS="1713" VPOS="1505" WIDTH="32"/>
						<String ID="P99_ST00090" HPOS="1745" VPOS="1425" WIDTH="236" HEIGHT="61" CONTENT="wurden" WC="0.99" CC="006003"/>
						<SP ID="P99_SP00081" HPOS="1981" VPOS="1505" WIDTH="46"/>
						<String ID="P99_ST00091" HPOS="2027" VPOS="1424" WIDTH="117" HEIGHT="61" CONTENT="und" WC="0.98" CC="050"/>
						<SP ID="P99_SP00082" HPOS="2144" VPOS="1505" WIDTH="34"/>
						<String ID="P99_ST00092" HPOS="2178" VPOS="1432" WIDTH="154" HEIGHT="53" CONTENT="seine" WC="1.00" CC="04000"/>
						<SP ID="P99_SP00083" HPOS="2332" VPOS="1505" WIDTH="33"/>
						<String ID="P99_ST00093" HPOS="2365" VPOS="1422" WIDTH="174" HEIGHT="61" CONTENT="Beine" WC="0.99" CC="40100"/>
					</TextLine>
					<TextLine ID="P99_TL00012" HPOS="311" VPOS="1530" WIDTH="322" HEIGHT="63">
						<String ID="P99_ST00094" HPOS="311" VPOS="1530" WIDTH="322" HEIGHT="63" CONTENT="festhielten." WC="1.00" CC="001470000042"/>
					</TextLine>
					<TextLine ID="P99_TL00013" HPOS="384" VPOS="1615" WIDTH="1346" HEIGHT="78">
						<String ID="P99_ST00095" HPOS="384" VPOS="1623" WIDTH="226" HEIGHT="61" CONTENT="Pauline" WC="0.99" CC="1057300"/>
						<SP ID="P99_SP00084" HPOS="610" VPOS="1684" WIDTH="41"/>
						<String ID="P99_ST00096" HPOS="651" VPOS="1620" WIDTH="120" HEIGHT="70" CONTENT="rief," WC="0.97" CC="71354"/>
						<SP ID="P99_SP00085" HPOS="771" VPOS="1690" WIDTH="42"/>
						<String ID="P99_ST00097" HPOS="813" VPOS="1643" WIDTH="74" HEIGHT="36" CONTENT="zu" WC="0.36" CC="75"/>
						<SP ID="P99_SP00086" HPOS="887" VPOS="1690" WIDTH="43"/>
						<String ID="P99_ST00098" HPOS="930" VPOS="1618" WIDTH="143" HEIGHT="61" CONTENT="ihrer" WC="0.98" CC="60305"/>
						<SP ID="P99_SP00087" HPOS="1073" VPOS="1690" WIDTH="40"/>
						<String ID="P99_ST00099" HPOS="1113" VPOS="1616" WIDTH="289" HEIGHT="62" CONTENT="Freundin" WC="0.99" CC="25052026"/>
						<SP ID="P99_SP00088" HPOS="1402" VPOS="1690" WIDTH="41"/>
						<String ID="P99_ST00100" HPOS="1443" VPOS="1615" WIDTH="287" HEIGHT="78" CONTENT="gewandt:" WC="1.00" CC="00000002"/>
					</TextLine>
					<TextLine ID="P99_TL00014" HPOS="389" VPOS="1711" WIDTH="914" HEIGHT="66">
						<String ID="P99_ST00101" HPOS="389" VPOS="1717" WIDTH="143" HEIGHT="60" CONTENT="»Die" WC="0.98" CC="5030"/>
						<SP ID="P99_SP00089" HPOS="532" VPOS="1777" WIDTH="40"/>
						<String ID="P99_ST00102" HPOS="572" VPOS="1714" WIDTH="206" HEIGHT="61" CONTENT="Polizei" WC="0.98" CC="3574505"/>
						<SP ID="P99_SP00090" HPOS="778" VPOS="1777" WIDTH="41"/>
						<String ID="P99_ST00103" HPOS="819" VPOS="1712" WIDTH="146" HEIGHT="60" CONTENT="kann" WC="1.00" CC="0100"/>
						<SP ID="P99_SP00091" HPOS="965" VPOS="1777" WIDTH="42"/>
						<String ID="P99_ST00104" HPOS="1007" VPOS="1712" WIDTH="134" HEIGHT="59" CONTENT="mich" WC="0.99" CC="0300"/>
						<SP ID="P99_SP00092" HPOS="1141" VPOS="1777" WIDTH="114"/>
						<String ID="P99_ST00105" HPOS="1255" VPOS="1711" WIDTH="48" HEIGHT="60" CONTENT="!«" WC="0.89" CC="20"/>
					</TextLine>
					<TextLine ID="P99_TL00015" HPOS="389" VPOS="1803" WIDTH="1171" HEIGHT="78">
						<String ID="P99_ST00106" HPOS="389" VPOS="1809" WIDTH="185" HEIGHT="60" CONTENT="»Pst!«" WC="0.99" CC="500603"/>
						<SP ID="P99_SP00093" HPOS="574" VPOS="1869" WIDTH="46"/>
						<String ID="P99_ST00107" HPOS="620" VPOS="1808" WIDTH="208" HEIGHT="58" CONTENT="machte" WC="1.00" CC="000040"/>
						<SP ID="P99_SP00094" HPOS="828" VPOS="1869" WIDTH="41"/>
						<String ID="P99_ST00108" HPOS="869" VPOS="1804" WIDTH="286" HEIGHT="77" CONTENT="Angelica" WC="0.80" CC="31006004"/>
						<SP ID="P99_SP00095" HPOS="1155" VPOS="1881" WIDTH="40"/>
						<String ID="P99_ST00109" HPOS="1195" VPOS="1803" WIDTH="365" HEIGHT="61" CONTENT="erschrocken." WC="0.99" CC="070005407034"/>
					</TextLine>
					<TextLine ID="P99_TL00016" HPOS="386" VPOS="1888" WIDTH="2158" HEIGHT="87">
						<String ID="P99_ST00110" HPOS="386" VPOS="1902" WIDTH="136" HEIGHT="61" CONTENT="Wie" WC="0.94" CC="753"/>
						<SP ID="P99_SP00096" HPOS="522" VPOS="1963" WIDTH="41"/>
						<String ID="P99_ST00111" HPOS="563" VPOS="1899" WIDTH="99" HEIGHT="61" CONTENT="der" WC="1.00" CC="000"/>
						<SP ID="P99_SP00097" HPOS="662" VPOS="1963" WIDTH="38"/>
						<String ID="P99_ST00112" HPOS="700" VPOS="1898" WIDTH="551" HEIGHT="77" CONTENT="Nachtigallensang," WC="1.00" CC="20004000770000702"/>
						<SP ID="P99_SP00098" HPOS="1251" VPOS="1975" WIDTH="43"/>
						<String ID="P99_ST00113" HPOS="1294" VPOS="1895" WIDTH="99" HEIGHT="61" CONTENT="der" WC="0.98" CC="006"/>
						<SP ID="P99_SP00099" HPOS="1393" VPOS="1975" WIDTH="40"/>
						<String ID="P99_ST00114" HPOS="1433" VPOS="1918" WIDTH="104" HEIGHT="37" CONTENT="aus" WC="1.00" CC="010"/>
						<SP ID="P99_SP00100" HPOS="1537" VPOS="1975" WIDTH="42"/>
						<String ID="P99_ST00115" HPOS="1579" VPOS="1894" WIDTH="409" HEIGHT="77" CONTENT="gemächlichem" WC="1.00" CC="030000710000"/>
						<SP ID="P99_SP00101" HPOS="1988" VPOS="1975" WIDTH="42"/>
						<String ID="P99_ST00116" HPOS="2030" VPOS="1888" WIDTH="514" HEIGHT="81" CONTENT="Liebesgeplauder" WC="0.90" CC="000700000000006"/>
					</TextLine>
					<TextLine ID="P99_TL00017" HPOS="313" VPOS="1985" WIDTH="2230" HEIGHT="88">
						<String ID="P99_ST00117" HPOS="313" VPOS="1994" WIDTH="240" HEIGHT="79" CONTENT="plötzlich" WC="0.99" CC="073177300"/>
						<SP ID="P99_SP00102" HPOS="553" VPOS="2073" WIDTH="51"/>
						<String ID="P99_ST00118" HPOS="604" VPOS="1992" WIDTH="124" HEIGHT="61" CONTENT="heiß" WC="0.98" CC="7000"/>
						<SP ID="P99_SP00103" HPOS="728" VPOS="2073" WIDTH="48"/>
						<String ID="P99_ST00119" HPOS="776" VPOS="1991" WIDTH="347" HEIGHT="69" CONTENT="aufschwillt," WC="0.99" CC="055000010633"/>
						<SP ID="P99_SP00104" HPOS="1123" VPOS="2073" WIDTH="42"/>
						<String ID="P99_ST00120" HPOS="1165" VPOS="1998" WIDTH="109" HEIGHT="52" CONTENT="wie" WC="0.98" CC="040"/>
						<SP ID="P99_SP00105" HPOS="1274" VPOS="2073" WIDTH="48"/>
						<String ID="P99_ST00121" HPOS="1322" VPOS="1989" WIDTH="150" HEIGHT="60" CONTENT="Rufe" WC="0.98" CC="4020"/>
						<SP ID="P99_SP00106" HPOS="1472" VPOS="2073" WIDTH="51"/>
						<String ID="P99_ST00122" HPOS="1523" VPOS="1987" WIDTH="114" HEIGHT="61" CONTENT="und" WC="0.99" CC="030"/>
						<SP ID="P99_SP00107" HPOS="1637" VPOS="2073" WIDTH="42"/>
						<String ID="P99_ST00123" HPOS="1679" VPOS="1985" WIDTH="462" HEIGHT="63" CONTENT="Freudentränen" WC="1.00" CC="4507003040050"/>
						<SP ID="P99_SP00108" HPOS="2141" VPOS="2073" WIDTH="53"/>
						<String ID="P99_ST00124" HPOS="2194" VPOS="1992" WIDTH="152" HEIGHT="52" CONTENT="eines" WC="0.99" CC="30300"/>
						<SP ID="P99_SP00109" HPOS="2346" VPOS="2073" WIDTH="42"/>
						<String ID="P99_ST00125" HPOS="2388" VPOS="1992" WIDTH="155" HEIGHT="51" CONTENT="stür**" WC="0.59" CC="000499"/>
					</TextLine>
					<TextLine ID="P99_TL00018" HPOS="313" VPOS="2076" WIDTH="1999" HEIGHT="77">
						<String ID="P99_ST00126" HPOS="313" VPOS="2087" WIDTH="228" HEIGHT="61" CONTENT="mischen" WC="1.00" CC="2000002"/>
						<SP ID="P99_SP00110" HPOS="541" VPOS="2148" WIDTH="40"/>
						<String ID="P99_ST00127" HPOS="581" VPOS="2083" WIDTH="425" HEIGHT="70" CONTENT="Wiedersehns," WC="1.00" CC="910034010003"/>
						<SP ID="P99_SP00111" HPOS="1006" VPOS="2153" WIDTH="34"/>
						<String ID="P99_ST00128" HPOS="1040" VPOS="2092" WIDTH="110" HEIGHT="52" CONTENT="wie" WC="0.97" CC="052"/>
						<SP ID="P99_SP00112" HPOS="1150" VPOS="2153" WIDTH="34"/>
						<String ID="P99_ST00129" HPOS="1184" VPOS="2082" WIDTH="187" HEIGHT="61" CONTENT="leichte" WC="0.99" CC="6000020"/>
						<SP ID="P99_SP00113" HPOS="1371" VPOS="2153" WIDTH="31"/>
						<String ID="P99_ST00130" HPOS="1402" VPOS="2079" WIDTH="313" HEIGHT="70" CONTENT="Blutnebel," WC="0.99" CC="0602007264"/>
						<SP ID="P99_SP00114" HPOS="1715" VPOS="2153" WIDTH="35"/>
						<String ID="P99_ST00131" HPOS="1750" VPOS="2079" WIDTH="89" HEIGHT="61" CONTENT="die" WC="0.99" CC="030"/>
						<SP ID="P99_SP00115" HPOS="1839" VPOS="2153" WIDTH="33"/>
						<String ID="P99_ST00132" HPOS="1872" VPOS="2078" WIDTH="163" HEIGHT="61" CONTENT="durch" WC="0.98" CC="00607"/>
						<SP ID="P99_SP00116" HPOS="2035" VPOS="2153" WIDTH="34"/>
						<String ID="P99_ST00133" HPOS="2069" VPOS="2076" WIDTH="243" HEIGHT="62" CONTENT="tausend" WC="0.99" CC="0000440"/>
						<SP ID="P99_SP00117" HPOS="2312" VPOS="2153" WIDTH="0"/>
					</TextLine>
					<TextLine ID="P99_TL00019" HPOS="314" VPOS="2168" WIDTH="2230" HEIGHT="85">
						<String ID="P99_ST00134" HPOS="314" VPOS="2181" WIDTH="124" HEIGHT="60" CONTENT="eben" WC="0.96" CC="5703"/>
						<SP ID="P99_SP00118" HPOS="438" VPOS="2241" WIDTH="49"/>
						<String ID="P99_ST00135" HPOS="487" VPOS="2203" WIDTH="104" HEIGHT="38" CONTENT="aus" WC="0.98" CC="060"/>
						<SP ID="P99_SP00119" HPOS="591" VPOS="2241" WIDTH="52"/>
						<String ID="P99_ST00136" HPOS="643" VPOS="2178" WIDTH="127" HEIGHT="61" CONTENT="dem" WC="1.00" CC="000"/>
						<SP ID="P99_SP00120" HPOS="770" VPOS="2241" WIDTH="41"/>
						<String ID="P99_ST00137" HPOS="811" VPOS="2178" WIDTH="231" HEIGHT="60" CONTENT="Herzen" WC="0.99" CC="504004"/>
						<SP ID="P99_SP00121" HPOS="1042" VPOS="2241" WIDTH="50"/>
						<String ID="P99_ST00138" HPOS="1092" VPOS="2186" WIDTH="54" HEIGHT="52" CONTENT="in" WC="0.82" CC="30"/>
						<SP ID="P99_SP00122" HPOS="1146" VPOS="2241" WIDTH="51"/>
						<String ID="P99_ST00139" HPOS="1197" VPOS="2176" WIDTH="108" HEIGHT="61" CONTENT="den" WC="1.00" CC="000"/>
						<SP ID="P99_SP00123" HPOS="1305" VPOS="2241" WIDTH="41"/>
						<String ID="P99_ST00140" HPOS="1346" VPOS="2175" WIDTH="168" HEIGHT="78" CONTENT="Kopf" WC="0.98" CC="0405"/>
						<SP ID="P99_SP00124" HPOS="1514" VPOS="2253" WIDTH="34"/>
						<String ID="P99_ST00141" HPOS="1548" VPOS="2173" WIDTH="116" HEIGHT="61" CONTENT="und" WC="0.95" CC="660"/>
						<SP ID="P99_SP00125" HPOS="1664" VPOS="2253" WIDTH="41"/>
						<String ID="P99_ST00142" HPOS="1705" VPOS="2182" WIDTH="53" HEIGHT="52" CONTENT="in" WC="0.34" CC="66"/>
						<SP ID="P99_SP00126" HPOS="1758" VPOS="2253" WIDTH="42"/>
						<String ID="P99_ST00143" HPOS="1800" VPOS="2172" WIDTH="90" HEIGHT="61" CONTENT="die" WC="0.98" CC="060"/>
						<SP ID="P99_SP00127" HPOS="1890" VPOS="2253" WIDTH="39"/>
						<String ID="P99_ST00144" HPOS="1929" VPOS="2172" WIDTH="216" HEIGHT="76" CONTENT="Augen" WC="0.99" CC="44000"/>
						<SP ID="P99_SP00128" HPOS="2145" VPOS="2253" WIDTH="41"/>
						<String ID="P99_ST00145" HPOS="2186" VPOS="2170" WIDTH="196" HEIGHT="77" CONTENT="fliegen" WC="0.99" CC="3350003"/>
						<SP ID="P99_SP00129" HPOS="2382" VPOS="2253" WIDTH="43"/>
						<String ID="P99_ST00146" HPOS="2425" VPOS="2168" WIDTH="119" HEIGHT="60" CONTENT="und" WC="0.99" CC="030"/>
					</TextLine>
					<TextLine ID="P99_TL00020" HPOS="314" VPOS="2262" WIDTH="2228" HEIGHT="78">
						<String ID="P99_ST00147" HPOS="314" VPOS="2272" WIDTH="98" HEIGHT="61" CONTENT="das" WC="0.99" CC="030"/>
						<SP ID="P99_SP00130" HPOS="412" VPOS="2333" WIDTH="28"/>
						<String ID="P99_ST00148" HPOS="440" VPOS="2271" WIDTH="217" HEIGHT="62" CONTENT="Gehirn" WC="0.97" CC="627065"/>
						<SP ID="P99_SP00131" HPOS="657" VPOS="2333" WIDTH="33"/>
						<String ID="P99_ST00149" HPOS="690" VPOS="2281" WIDTH="98" HEIGHT="51" CONTENT="mit" WC="0.99" CC="020"/>
						<SP ID="P99_SP00132" HPOS="788" VPOS="2333" WIDTH="33"/>
						<String ID="P99_ST00150" HPOS="821" VPOS="2272" WIDTH="197" HEIGHT="60" CONTENT="süßem" WC="0.99" CC="00540"/>
						<SP ID="P99_SP00133" HPOS="1018" VPOS="2333" WIDTH="27"/>
						<String ID="P99_ST00151" HPOS="1045" VPOS="2270" WIDTH="227" HEIGHT="62" CONTENT="Schreck" WC="0.99" CC="5003007"/>
						<SP ID="P99_SP00134" HPOS="1272" VPOS="2333" WIDTH="34"/>
						<String ID="P99_ST00152" HPOS="1306" VPOS="2267" WIDTH="253" HEIGHT="70" CONTENT="erfüllen," WC="0.99" CC="064007034"/>
						<SP ID="P99_SP00135" HPOS="1559" VPOS="2337" WIDTH="35"/>
						<String ID="P99_ST00153" HPOS="1594" VPOS="2292" WIDTH="66" HEIGHT="36" CONTENT="so" WC="0.91" CC="01"/>
						<SP ID="P99_SP00136" HPOS="1660" VPOS="2337" WIDTH="43"/>
						<String ID="P99_ST00154" HPOS="1703" VPOS="2278" WIDTH="234" HEIGHT="49" CONTENT="stürmte" WC="0.99" CC="0106030"/>
						<SP ID="P99_SP00137" HPOS="1937" VPOS="2337" WIDTH="25"/>
						<String ID="P99_ST00155" HPOS="1962" VPOS="2289" WIDTH="61" HEIGHT="38" CONTENT="es" WC="1.00" CC="00"/>
						<SP ID="P99_SP00138" HPOS="2023" VPOS="2337" WIDTH="27"/>
						<String ID="P99_ST00156" HPOS="2050" VPOS="2289" WIDTH="104" HEIGHT="37" CONTENT="aus" WC="0.98" CC="060"/>
						<SP ID="P99_SP00139" HPOS="2154" VPOS="2337" WIDTH="28"/>
						<String ID="P99_ST00157" HPOS="2182" VPOS="2262" WIDTH="108" HEIGHT="63" CONTENT="den" WC="1.00" CC="000"/>
						<SP ID="P99_SP00140" HPOS="2290" VPOS="2337" WIDTH="28"/>
						<String ID="P99_ST00158" HPOS="2318" VPOS="2262" WIDTH="224" HEIGHT="78" CONTENT="Geigen" WC="0.98" CC="706006"/>
					</TextLine>
					<TextLine ID="P99_TL00021" HPOS="315" VPOS="2358" WIDTH="1774" HEIGHT="82">
						<String ID="P99_ST00159" HPOS="315" VPOS="2364" WIDTH="172" HEIGHT="62" CONTENT="hinter" WC="0.97" CC="754306"/>
						<SP ID="P99_SP00141" HPOS="487" VPOS="2426" WIDTH="40"/>
						<String ID="P99_ST00160" HPOS="527" VPOS="2364" WIDTH="127" HEIGHT="61" CONTENT="dem" WC="1.00" CC="000"/>
						<SP ID="P99_SP00142" HPOS="654" VPOS="2426" WIDTH="41"/>
						<String ID="P99_ST00161" HPOS="695" VPOS="2364" WIDTH="307" HEIGHT="76" CONTENT="Vorhang:" WC="0.99" CC="03570204"/>
						<SP ID="P99_SP00143" HPOS="1002" VPOS="2440" WIDTH="50"/>
						<String ID="P99_ST00162" HPOS="1052" VPOS="2364" WIDTH="247" HEIGHT="58" CONTENT="»Komm" WC="1.00" CC="20100"/>
						<SP ID="P99_SP00144" HPOS="1299" VPOS="2440" WIDTH="44"/>
						<String ID="P99_ST00163" HPOS="1343" VPOS="2370" WIDTH="53" HEIGHT="51" CONTENT="in" WC="0.92" CC="10"/>
						<SP ID="P99_SP00145" HPOS="1396" VPOS="2440" WIDTH="42"/>
						<String ID="P99_ST00164" HPOS="1438" VPOS="2370" WIDTH="182" HEIGHT="51" CONTENT="meine" WC="1.00" CC="00000"/>
						<SP ID="P99_SP00146" HPOS="1620" VPOS="2440" WIDTH="40"/>
						<String ID="P99_ST00165" HPOS="1660" VPOS="2358" WIDTH="429" HEIGHT="62" CONTENT="Liebeslaube«," WC="0.77" CC="0307007007003"/>
					</TextLine>
					<TextLine ID="P99_TL00022" HPOS="394" VPOS="2449" WIDTH="2145" HEIGHT="85">
						<String ID="P99_ST00166" HPOS="394" VPOS="2457" WIDTH="306" HEIGHT="77" CONTENT="»Jawohl!«" WC="0.99" CC="240007700"/>
						<SP ID="P99_SP00147" HPOS="700" VPOS="2534" WIDTH="15"/>
						<String ID="P99_ST00167" HPOS="715" VPOS="2457" WIDTH="367" HEIGHT="62" CONTENT="wiederholte" WC="1.00" CC="05000500020"/>
						<SP ID="P99_SP00148" HPOS="1082" VPOS="2534" WIDTH="9"/>
						<String ID="P99_ST00168" HPOS="1091" VPOS="2455" WIDTH="249" HEIGHT="70" CONTENT="Pauline," WC="0.99" CC="30570304"/>
						<SP ID="P99_SP00149" HPOS="1340" VPOS="2534" WIDTH="23"/>
						<String ID="P99_ST00169" HPOS="1363" VPOS="2455" WIDTH="192" HEIGHT="60" CONTENT="»Beim" WC="0.99" CC="40030"/>
						<SP ID="P99_SP00150" HPOS="1555" VPOS="2534" WIDTH="10"/>
						<String ID="P99_ST00170" HPOS="1565" VPOS="2452" WIDTH="494" HEIGHT="80" CONTENT="Polizeipräsident" WC="1.00" CC="0270600040000003"/>
						<SP ID="P99_SP00151" HPOS="2059" VPOS="2534" WIDTH="18"/>
						<String ID="P99_ST00171" HPOS="2077" VPOS="2449" WIDTH="420" HEIGHT="79" CONTENT="angefangen—" WC="1.00" CC="00002000008"/>
						<SP ID="P99_SP00152" HPOS="2497" VPOS="2534" WIDTH="15"/>
						<String ID="P99_ST00172" HPOS="2512" VPOS="2474" WIDTH="27" HEIGHT="31" CONTENT="«" WC="1.00" CC="0"/>
					</TextLine>
					<TextLine ID="P99_TL00023" HPOS="394" VPOS="2540" WIDTH="2151" HEIGHT="86">
						<String ID="P99_ST00173" HPOS="394" VPOS="2549" WIDTH="282" HEIGHT="77" CONTENT="Angelica" WC="0.77" CC="54004004"/>
						<SP ID="P99_SP00153" HPOS="676" VPOS="2626" WIDTH="33"/>
						<String ID="P99_ST00174" HPOS="709" VPOS="2553" WIDTH="192" HEIGHT="57" CONTENT="zuckte" WC="0.98" CC="709040"/>
						<SP ID="P99_SP00154" HPOS="901" VPOS="2626" WIDTH="33"/>
						<String ID="P99_ST00175" HPOS="934" VPOS="2572" WIDTH="348" HEIGHT="46" CONTENT="zusammen," WC="0.99" CC="740000033"/>
						<SP ID="P99_SP00155" HPOS="1282" VPOS="2626" WIDTH="35"/>
						<String ID="P99_ST00176" HPOS="1317" VPOS="2547" WIDTH="116" HEIGHT="61" CONTENT="ihre" WC="0.97" CC="2760"/>
						<SP ID="P99_SP00156" HPOS="1433" VPOS="2626" WIDTH="32"/>
						<String ID="P99_ST00177" HPOS="1465" VPOS="2547" WIDTH="215" HEIGHT="76" CONTENT="Augen" WC="0.99" CC="16000"/>
						<SP ID="P99_SP00157" HPOS="1680" VPOS="2626" WIDTH="33"/>
						<String ID="P99_ST00178" HPOS="1713" VPOS="2544" WIDTH="239" HEIGHT="62" CONTENT="wurden" WC="0.98" CC="066040"/>
						<SP ID="P99_SP00158" HPOS="1952" VPOS="2626" WIDTH="35"/>
						<String ID="P99_ST00179" HPOS="1987" VPOS="2544" WIDTH="134" HEIGHT="60" CONTENT="noch" WC="0.99" CC="0500"/>
						<SP ID="P99_SP00159" HPOS="2121" VPOS="2626" WIDTH="34"/>
						<String ID="P99_ST00180" HPOS="2155" VPOS="2542" WIDTH="220" HEIGHT="78" CONTENT="größer," WC="0.99" CC="0510064"/>
						<SP ID="P99_SP00160" HPOS="2375" VPOS="2626" WIDTH="33"/>
						<String ID="P99_ST00181" HPOS="2408" VPOS="2540" WIDTH="137" HEIGHT="61" CONTENT="noch" WC="0.99" CC="0400"/>
					</TextLine>
					<TextLine ID="P99_TL00024" HPOS="315" VPOS="2637" WIDTH="1682" HEIGHT="76">
						<String ID="P99_ST00182" HPOS="315" VPOS="2643" WIDTH="320" HEIGHT="70" CONTENT="schwärzer," WC="0.99" CC="0500055064"/>
						<SP ID="P99_SP00161" HPOS="635" VPOS="2713" WIDTH="42"/>
						<String ID="P99_ST00183" HPOS="677" VPOS="2643" WIDTH="81" HEIGHT="61" CONTENT="ihr" WC="0.95" CC="606"/>
						<SP ID="P99_SP00162" HPOS="758" VPOS="2713" WIDTH="40"/>
						<String ID="P99_ST00184" HPOS="798" VPOS="2643" WIDTH="235" HEIGHT="61" CONTENT="Lächeln" WC="1.00" CC="0000000"/>
						<SP ID="P99_SP00163" HPOS="1033" VPOS="2713" WIDTH="42"/>
						<String ID="P99_ST00185" HPOS="1075" VPOS="2643" WIDTH="165" HEIGHT="60" CONTENT="flirrte" WC="0.99" CC="3343410"/>
						<SP ID="P99_SP00164" HPOS="1240" VPOS="2713" WIDTH="40"/>
						<String ID="P99_ST00186" HPOS="1280" VPOS="2651" WIDTH="135" HEIGHT="52" CONTENT="weit" WC="0.99" CC="0102"/>
						<SP ID="P99_SP00165" HPOS="1415" VPOS="2713" WIDTH="41"/>
						<String ID="P99_ST00187" HPOS="1456" VPOS="2662" WIDTH="96" HEIGHT="40" CONTENT="um" WC="1.00" CC="00"/>
						<SP ID="P99_SP00166" HPOS="1552" VPOS="2713" WIDTH="42"/>
						<String ID="P99_ST00188" HPOS="1594" VPOS="2639" WIDTH="154" HEIGHT="61" CONTENT="ihren" WC="0.97" CC="27405"/>
						<SP ID="P99_SP00167" HPOS="1748" VPOS="2713" WIDTH="40"/>
						<String ID="P99_ST00189" HPOS="1788" VPOS="2637" WIDTH="209" HEIGHT="62" CONTENT="Mund," WC="0.99" CC="14002"/>
					</TextLine>
					<TextLine ID="P99_TL00025" HPOS="397" VPOS="2732" WIDTH="1452" HEIGHT="81">
						<String ID="P99_ST00190" HPOS="397" VPOS="2735" WIDTH="115" HEIGHT="70" CONTENT="»O," WC="0.71" CC="404"/>
						<SP ID="P99_SP00168" HPOS="512" VPOS="2805" WIDTH="42"/>
						<String ID="P99_ST00191" HPOS="554" VPOS="2760" WIDTH="60" HEIGHT="37" CONTENT="er" WC="1.00" CC="00"/>
						<SP ID="P99_SP00169" HPOS="614" VPOS="2805" WIDTH="42"/>
						<String ID="P99_ST00192" HPOS="656" VPOS="2746" WIDTH="68" HEIGHT="51" CONTENT="ist" WC="0.99" CC="003"/>
						<SP ID="P99_SP00170" HPOS="724" VPOS="2805" WIDTH="40"/>
						<String ID="P99_ST00193" HPOS="764" VPOS="2737" WIDTH="273" HEIGHT="76" CONTENT="gerecht«," WC="1.00" CC="006000114"/>
						<SP ID="P99_SP00171" HPOS="1037" VPOS="2813" WIDTH="40"/>
						<String ID="P99_ST00194" HPOS="1077" VPOS="2736" WIDTH="248" HEIGHT="61" CONTENT="flüsterte" WC="1.00" CC="000000530"/>
						<SP ID="P99_SP00172" HPOS="1325" VPOS="2813" WIDTH="42"/>
						<String ID="P99_ST00195" HPOS="1367" VPOS="2744" WIDTH="80" HEIGHT="50" CONTENT="sie" WC="0.99" CC="020"/>
						<SP ID="P99_SP00173" HPOS="1447" VPOS="2813" WIDTH="42"/>
						<String ID="P99_ST00196" HPOS="1489" VPOS="2732" WIDTH="360" HEIGHT="76" CONTENT="eindringlich." WC="1.00" CC="0000433065004"/>
					</TextLine>
					<TextLine ID="P99_TL00026" HPOS="391" VPOS="2819" WIDTH="2158" HEIGHT="87">
						<String ID="P99_ST00197" HPOS="391" VPOS="2829" WIDTH="94" HEIGHT="61" CONTENT="Sie" WC="0.96" CC="620"/>
						<SP ID="P99_SP00174" HPOS="485" VPOS="2890" WIDTH="55"/>
						<String ID="P99_ST00198" HPOS="540" VPOS="2829" WIDTH="204" HEIGHT="77" CONTENT="beugte" WC="0.98" CC="750060"/>
						<SP ID="P99_SP00175" HPOS="744" VPOS="2906" WIDTH="58"/>
						<String ID="P99_ST00199" HPOS="802" VPOS="2831" WIDTH="105" HEIGHT="60" CONTENT="sich" WC="0.97" CC="0507"/>
						<SP ID="P99_SP00176" HPOS="907" VPOS="2906" WIDTH="58"/>
						<String ID="P99_ST00200" HPOS="965" VPOS="2829" WIDTH="191" HEIGHT="62" CONTENT="nieder" WC="0.99" CC="060005"/>
						<SP ID="P99_SP00177" HPOS="1156" VPOS="2906" WIDTH="57"/>
						<String ID="P99_ST00201" HPOS="1213" VPOS="2827" WIDTH="117" HEIGHT="61" CONTENT="und" WC="1.00" CC="000"/>
						<SP ID="P99_SP00178" HPOS="1330" VPOS="2906" WIDTH="49"/>
						<String ID="P99_ST00202" HPOS="1379" VPOS="2826" WIDTH="169" HEIGHT="61" CONTENT="küßte" WC="0.99" CC="00500"/>
						<SP ID="P99_SP00179" HPOS="1548" VPOS="2906" WIDTH="40"/>
						<String ID="P99_ST00203" HPOS="1588" VPOS="2825" WIDTH="230" HEIGHT="61" CONTENT="Pauline" WC="0.99" CC="0057000"/>
						<SP ID="P99_SP00180" HPOS="1818" VPOS="2906" WIDTH="48"/>
						<String ID="P99_ST00204" HPOS="1866" VPOS="2824" WIDTH="108" HEIGHT="59" CONTENT="auf" WC="0.97" CC="105"/>
						<SP ID="P99_SP00181" HPOS="1974" VPOS="2906" WIDTH="32"/>
						<String ID="P99_ST00205" HPOS="2006" VPOS="2822" WIDTH="109" HEIGHT="60" CONTENT="den" WC="0.98" CC="005"/>
						<SP ID="P99_SP00182" HPOS="2115" VPOS="2906" WIDTH="42"/>
						<String ID="P99_ST00206" HPOS="2157" VPOS="2819" WIDTH="209" HEIGHT="71" CONTENT="Mund," WC="0.99" CC="04004"/>
						<SP ID="P99_SP00183" HPOS="2366" VPOS="2906" WIDTH="50"/>
						<String ID="P99_ST00207" HPOS="2416" VPOS="2819" WIDTH="133" HEIGHT="76" CONTENT="lang" WC="0.99" CC="7000"/>
					</TextLine>
					<TextLine ID="P99_TL00027" HPOS="318" VPOS="2913" WIDTH="2229" HEIGHT="87">
						<String ID="P99_ST00208" HPOS="318" VPOS="2920" WIDTH="114" HEIGHT="61" CONTENT="und" WC="0.98" CC="500"/>
						<SP ID="P99_SP00184" HPOS="432" VPOS="2981" WIDTH="24"/>
						<String ID="P99_ST00209" HPOS="456" VPOS="2921" WIDTH="300" HEIGHT="79" CONTENT="andächtig." WC="1.00" CC="0000000400"/>
						<SP ID="P99_SP00185" HPOS="756" VPOS="3000" WIDTH="44"/>
						<String ID="P99_ST00210" HPOS="800" VPOS="2923" WIDTH="98" HEIGHT="59" CONTENT="Da" WC="1.00" CC="00"/>
						<SP ID="P99_SP00186" HPOS="898" VPOS="3000" WIDTH="27"/>
						<String ID="P99_ST00211" HPOS="925" VPOS="2921" WIDTH="145" HEIGHT="63" CONTENT="blieb" WC="0.98" CC="70107"/>
						<SP ID="P99_SP00187" HPOS="1070" VPOS="3000" WIDTH="20"/>
						<String ID="P99_ST00212" HPOS="1090" VPOS="2923" WIDTH="89" HEIGHT="59" CONTENT="die" WC="0.99" CC="030"/>
						<SP ID="P99_SP00188" HPOS="1179" VPOS="3000" WIDTH="26"/>
						<String ID="P99_ST00213" HPOS="1205" VPOS="2919" WIDTH="439" HEIGHT="63" CONTENT="aufrührerische" WC="0.99" CC="50570750640070"/>
						<SP ID="P99_SP00189" HPOS="1644" VPOS="3000" WIDTH="16"/>
						<String ID="P99_ST00214" HPOS="1660" VPOS="2918" WIDTH="230" HEIGHT="59" CONTENT="Pauline" WC="0.99" CC="0346100"/>
						<SP ID="P99_SP00190" HPOS="1890" VPOS="3000" WIDTH="19"/>
						<String ID="P99_ST00215" HPOS="1909" VPOS="2915" WIDTH="123" HEIGHT="70" CONTENT="still," WC="0.99" CC="000704"/>
						<SP ID="P99_SP00191" HPOS="2032" VPOS="3000" WIDTH="26"/>
						<String ID="P99_ST00216" HPOS="2058" VPOS="2938" WIDTH="144" HEIGHT="53" CONTENT="ganz" WC="1.00" CC="0000"/>
						<SP ID="P99_SP00192" HPOS="2202" VPOS="3000" WIDTH="26"/>
						<String ID="P99_ST00217" HPOS="2228" VPOS="2913" WIDTH="126" HEIGHT="60" CONTENT="blaß" WC="0.98" CC="7000"/>
						<SP ID="P99_SP00193" HPOS="2354" VPOS="3000" WIDTH="28"/>
						<String ID="P99_ST00218" HPOS="2382" VPOS="2928" WIDTH="165" HEIGHT="44" CONTENT="unter" WC="0.99" CC="01007"/>
					</TextLine>
					<TextLine ID="P99_TL00028" HPOS="318" VPOS="3013" WIDTH="649" HEIGHT="65">
						<String ID="P99_ST00219" HPOS="318" VPOS="3013" WIDTH="124" HEIGHT="61" CONTENT="dem" WC="1.00" CC="000"/>
						<SP ID="P99_SP00194" HPOS="442" VPOS="3074" WIDTH="41"/>
						<String ID="P99_ST00220" HPOS="483" VPOS="3014" WIDTH="244" HEIGHT="62" CONTENT="blonden" WC="1.00" CC="0050000"/>
						<SP ID="P99_SP00195" HPOS="727" VPOS="3076" WIDTH="40"/>
						<String ID="P99_ST00221" HPOS="767" VPOS="3017" WIDTH="200" HEIGHT="61" CONTENT="Puder." WC="1.00" CC="000003"/>
					</TextLine>
					<TextLine ID="P99_TL00029" HPOS="393" VPOS="3095" WIDTH="2151" HEIGHT="91">
						<String ID="P99_ST00222" HPOS="393" VPOS="3106" WIDTH="181" HEIGHT="62" CONTENT="Arme" WC="0.97" CC="5600"/>
						<SP ID="P99_SP00196" HPOS="574" VPOS="3168" WIDTH="18"/>
						<String ID="P99_ST00223" HPOS="592" VPOS="3108" WIDTH="309" HEIGHT="78" CONTENT="Angelica!" WC="0.89" CC="620000001"/>
						<SP ID="P99_SP00197" HPOS="901" VPOS="3186" WIDTH="30"/>
						<String ID="P99_ST00224" HPOS="931" VPOS="3109" WIDTH="95" HEIGHT="61" CONTENT="Sie" WC="0.95" CC="056"/>
						<SP ID="P99_SP00198" HPOS="1026" VPOS="3186" WIDTH="18"/>
						<String ID="P99_ST00225" HPOS="1044" VPOS="3132" WIDTH="122" HEIGHT="37" CONTENT="war" WC="0.98" CC="005"/>
						<SP ID="P99_SP00199" HPOS="1166" VPOS="3186" WIDTH="26"/>
						<String ID="P99_ST00226" HPOS="1192" VPOS="3117" WIDTH="123" HEIGHT="52" CONTENT="eine" WC="0.98" CC="0540"/>
						<SP ID="P99_SP00200" HPOS="1315" VPOS="3186" WIDTH="24"/>
						<String ID="P99_ST00227" HPOS="1339" VPOS="3106" WIDTH="259" HEIGHT="78" CONTENT="gläubige" WC="0.99" CC="07000500"/>
						<SP ID="P99_SP00201" HPOS="1598" VPOS="3186" WIDTH="16"/>
						<String ID="P99_ST00228" HPOS="1614" VPOS="3103" WIDTH="214" HEIGHT="62" CONTENT="Natur." WC="0.98" CC="002563"/>
						<SP ID="P99_SP00202" HPOS="1828" VPOS="3186" WIDTH="30"/>
						<String ID="P99_ST00229" HPOS="1858" VPOS="3102" WIDTH="96" HEIGHT="62" CONTENT="Sie" WC="0.99" CC="300"/>
						<SP ID="P99_SP00203" HPOS="1954" VPOS="3186" WIDTH="26"/>
						<String ID="P99_ST00230" HPOS="1980" VPOS="3100" WIDTH="297" HEIGHT="61" CONTENT="schwatzte" WC="1.00" CC="007002030"/>
						<SP ID="P99_SP00204" HPOS="2277" VPOS="3186" WIDTH="21"/>
						<String ID="P99_ST00231" HPOS="2298" VPOS="3095" WIDTH="246" HEIGHT="64" CONTENT="Gebete," WC="1.00" CC="3000004"/>
					</TextLine>
					<TextLine ID="P99_TL00030" HPOS="393" VPOS="3192" WIDTH="2150" HEIGHT="88">
						<String ID="P99_ST00232" HPOS="393" VPOS="3198" WIDTH="96" HEIGHT="63" CONTENT="Bei" WC="0.97" CC="026"/>
						<SP ID="P99_SP00205" HPOS="489" VPOS="3261" WIDTH="40"/>
						<String ID="P99_ST00233" HPOS="529" VPOS="3201" WIDTH="152" HEIGHT="75" CONTENT="jeder" WC="0.98" CC="70004"/>
						<SP ID="P99_SP00206" HPOS="681" VPOS="3276" WIDTH="30"/>
						<String ID="P99_ST00234" HPOS="711" VPOS="3202" WIDTH="294" HEIGHT="78" CONTENT="Rührung," WC="0.98" CC="20755292"/>
						<SP ID="P99_SP00207" HPOS="1005" VPOS="3280" WIDTH="42"/>
						<String ID="P99_ST00235" HPOS="1047" VPOS="3202" WIDTH="90" HEIGHT="61" CONTENT="die" WC="0.99" CC="010"/>
						<SP ID="P99_SP00208" HPOS="1137" VPOS="3280" WIDTH="39"/>
						<String ID="P99_ST00236" HPOS="1176" VPOS="3211" WIDTH="82" HEIGHT="52" CONTENT="sie" WC="0.99" CC="020"/>
						<SP ID="P99_SP00209" HPOS="1258" VPOS="3280" WIDTH="41"/>
						<String ID="P99_ST00237" HPOS="1299" VPOS="3200" WIDTH="285" HEIGHT="69" CONTENT="überkam," WC="0.99" CC="07050504"/>
						<SP ID="P99_SP00210" HPOS="1584" VPOS="3280" WIDTH="43"/>
						<String ID="P99_ST00238" HPOS="1627" VPOS="3198" WIDTH="227" HEIGHT="61" CONTENT="falteten" WC="0.99" CC="44010300"/>
						<SP ID="P99_SP00211" HPOS="1854" VPOS="3280" WIDTH="41"/>
						<String ID="P99_ST00239" HPOS="1895" VPOS="3194" WIDTH="116" HEIGHT="61" CONTENT="ihre" WC="0.97" CC="0650"/>
						<SP ID="P99_SP00212" HPOS="2011" VPOS="3280" WIDTH="33"/>
						<String ID="P99_ST00240" HPOS="2044" VPOS="3192" WIDTH="211" HEIGHT="62" CONTENT="Hände" WC="1.00" CC="20000"/>
						<SP ID="P99_SP00213" HPOS="2255" VPOS="3280" WIDTH="33"/>
						<String ID="P99_ST00241" HPOS="2288" VPOS="3192" WIDTH="105" HEIGHT="60" CONTENT="sich" WC="0.98" CC="0107"/>
						<SP ID="P99_SP00214" HPOS="2393" VPOS="3280" WIDTH="33"/>
						<String ID="P99_ST00242" HPOS="2426" VPOS="3212" WIDTH="117" HEIGHT="37" CONTENT="von" WC="0.98" CC="040"/>
					</TextLine>
					<TextLine ID="P99_TL00031" HPOS="318" VPOS="3286" WIDTH="2225" HEIGHT="88">
						<String ID="P99_ST00243" HPOS="318" VPOS="3290" WIDTH="183" HEIGHT="62" CONTENT="selbst." WC="0.99" CC="0077042"/>
						<SP ID="P99_SP00215" HPOS="501" VPOS="3352" WIDTH="61"/>
						<String ID="P99_ST00244" HPOS="562" VPOS="3294" WIDTH="95" HEIGHT="60" CONTENT="Sie" WC="1.00" CC="100"/>
						<SP ID="P99_SP00216" HPOS="657" VPOS="3354" WIDTH="48"/>
						<String ID="P99_ST00245" HPOS="705" VPOS="3294" WIDTH="146" HEIGHT="62" CONTENT="hatte" WC="0.99" CC="70000"/>
						<SP ID="P99_SP00217" HPOS="851" VPOS="3356" WIDTH="40"/>
						<String ID="P99_ST00246" HPOS="891" VPOS="3320" WIDTH="116" HEIGHT="37" CONTENT="von" WC="0.98" CC="050"/>
						<SP ID="P99_SP00218" HPOS="1007" VPOS="3357" WIDTH="41"/>
						<String ID="P99_ST00247" HPOS="1048" VPOS="3295" WIDTH="215" HEIGHT="79" CONTENT="Jugend" WC="0.99" CC="650000"/>
						<SP ID="P99_SP00219" HPOS="1263" VPOS="3374" WIDTH="48"/>
						<String ID="P99_ST00248" HPOS="1311" VPOS="3294" WIDTH="107" HEIGHT="60" CONTENT="auf" WC="0.96" CC="064"/>
						<SP ID="P99_SP00220" HPOS="1418" VPOS="3374" WIDTH="40"/>
						<String ID="P99_ST00249" HPOS="1458" VPOS="3291" WIDTH="128" HEIGHT="62" CONTENT="sehr" WC="0.99" CC="0004"/>
						<SP ID="P99_SP00221" HPOS="1586" VPOS="3374" WIDTH="46"/>
						<String ID="P99_ST00250" HPOS="1632" VPOS="3291" WIDTH="109" HEIGHT="61" CONTENT="viel" WC="0.98" CC="0007"/>
						<SP ID="P99_SP00222" HPOS="1741" VPOS="3374" WIDTH="49"/>
						<String ID="P99_ST00251" HPOS="1790" VPOS="3297" WIDTH="97" HEIGHT="52" CONTENT="mit" WC="0.98" CC="012"/>
						<SP ID="P99_SP00223" HPOS="1887" VPOS="3374" WIDTH="47"/>
						<String ID="P99_ST00252" HPOS="1934" VPOS="3287" WIDTH="100" HEIGHT="61" CONTENT="der" WC="0.98" CC="006"/>
						<SP ID="P99_SP00224" HPOS="2034" VPOS="3374" WIDTH="39"/>
						<String ID="P99_ST00253" HPOS="2073" VPOS="3286" WIDTH="206" HEIGHT="61" CONTENT="Polizei" WC="0.98" CC="0073535"/>
						<SP ID="P99_SP00225" HPOS="2279" VPOS="3374" WIDTH="48"/>
						<String ID="P99_ST00254" HPOS="2327" VPOS="3308" WIDTH="74" HEIGHT="36" CONTENT="zu" WC="0.65" CC="60"/>
						<SP ID="P99_SP00226" HPOS="2401" VPOS="3374" WIDTH="41"/>
						<String ID="P99_ST00255" HPOS="2442" VPOS="3299" WIDTH="101" HEIGHT="43" CONTENT="tun" WC="0.94" CC="663"/>
					</TextLine>
					<TextLine ID="P99_TL00032" HPOS="318" VPOS="3375" WIDTH="2227" HEIGHT="87">
						<String ID="P99_ST00256" HPOS="318" VPOS="3382" WIDTH="214" HEIGHT="77" CONTENT="gehabt." WC="0.99" CC="0070703"/>
						<SP ID="P99_SP00227" HPOS="532" VPOS="3459" WIDTH="45"/>
						<String ID="P99_ST00257" HPOS="577" VPOS="3386" WIDTH="85" HEIGHT="61" CONTENT="Es" WC="0.65" CC="70"/>
						<SP ID="P99_SP00228" HPOS="662" VPOS="3459" WIDTH="43"/>
						<String ID="P99_ST00258" HPOS="705" VPOS="3388" WIDTH="151" HEIGHT="62" CONTENT="hatte" WC="0.99" CC="70200"/>
						<SP ID="P99_SP00229" HPOS="856" VPOS="3459" WIDTH="42"/>
						<String ID="P99_ST00259" HPOS="898" VPOS="3388" WIDTH="81" HEIGHT="60" CONTENT="ihr" WC="0.97" CC="206"/>
						<SP ID="P99_SP00230" HPOS="979" VPOS="3459" WIDTH="41"/>
						<String ID="P99_ST00260" HPOS="1020" VPOS="3389" WIDTH="81" HEIGHT="59" CONTENT="oft" WC="0.94" CC="465"/>
						<SP ID="P99_SP00231" HPOS="1101" VPOS="3459" WIDTH="33"/>
						<String ID="P99_ST00261" HPOS="1134" VPOS="3386" WIDTH="223" HEIGHT="64" CONTENT="Gefahr" WC="0.99" CC="000273"/>
						<SP ID="P99_SP00232" HPOS="1357" VPOS="3459" WIDTH="38"/>
						<String ID="P99_ST00262" HPOS="1395" VPOS="3382" WIDTH="255" HEIGHT="80" CONTENT="gedroht," WC="0.99" CC="00062064"/>
						<SP ID="P99_SP00233" HPOS="1650" VPOS="3462" WIDTH="42"/>
						<String ID="P99_ST00263" HPOS="1692" VPOS="3381" WIDTH="115" HEIGHT="62" CONTENT="und" WC="0.99" CC="200"/>
						<SP ID="P99_SP00234" HPOS="1807" VPOS="3462" WIDTH="40"/>
						<String ID="P99_ST00264" HPOS="1847" VPOS="3390" WIDTH="81" HEIGHT="52" CONTENT="sie" WC="0.98" CC="050"/>
						<SP ID="P99_SP00235" HPOS="1928" VPOS="3462" WIDTH="33"/>
						<String ID="P99_ST00265" HPOS="1961" VPOS="3380" WIDTH="173" HEIGHT="61" CONTENT="lernte" WC="0.99" CC="006010"/>
						<SP ID="P99_SP00236" HPOS="2134" VPOS="3462" WIDTH="34"/>
						<String ID="P99_ST00266" HPOS="2168" VPOS="3377" WIDTH="184" HEIGHT="69" CONTENT="beten," WC="0.98" CC="703044"/>
						<SP ID="P99_SP00237" HPOS="2352" VPOS="3462" WIDTH="42"/>
						<String ID="P99_ST00267" HPOS="2394" VPOS="3375" WIDTH="151" HEIGHT="61" CONTENT="ohne" WC="0.96" CC="0754"/>
					</TextLine>
					<TextLine ID="P99_TL00033" HPOS="319" VPOS="3469" WIDTH="2225" HEIGHT="90">
						<String ID="P99_ST00268" HPOS="319" VPOS="3497" WIDTH="58" HEIGHT="38" CONTENT="es" WC="0.82" CC="30"/>
						<SP ID="P99_SP00238" HPOS="377" VPOS="3535" WIDTH="50"/>
						<String ID="P99_ST00269" HPOS="427" VPOS="3501" WIDTH="72" HEIGHT="36" CONTENT="zu" WC="0.35" CC="66"/>
						<SP ID="P99_SP00239" HPOS="499" VPOS="3537" WIDTH="41"/>
						<String ID="P99_ST00270" HPOS="540" VPOS="3489" WIDTH="226" HEIGHT="61" CONTENT="wissen," WC="0.99" CC="0000234"/>
						<SP ID="P99_SP00240" HPOS="766" VPOS="3550" WIDTH="60"/>
						<String ID="P99_ST00271" HPOS="826" VPOS="3490" WIDTH="54" HEIGHT="51" CONTENT="in" WC="0.53" CC="63"/>
						<SP ID="P99_SP00241" HPOS="880" VPOS="3550" WIDTH="42"/>
						<String ID="P99_ST00272" HPOS="922" VPOS="3481" WIDTH="99" HEIGHT="61" CONTENT="der" WC="0.98" CC="005"/>
						<SP ID="P99_SP00242" HPOS="1021" VPOS="3550" WIDTH="40"/>
						<String ID="P99_ST00273" HPOS="1061" VPOS="3481" WIDTH="213" HEIGHT="78" CONTENT="Angst," WC="0.98" CC="520064"/>
						<SP ID="P99_SP00243" HPOS="1274" VPOS="3559" WIDTH="50"/>
						<String ID="P99_ST00274" HPOS="1324" VPOS="3479" WIDTH="109" HEIGHT="61" CONTENT="daß" WC="0.97" CC="070"/>
						<SP ID="P99_SP00244" HPOS="1433" VPOS="3559" WIDTH="42"/>
						<String ID="P99_ST00275" HPOS="1475" VPOS="3502" WIDTH="59" HEIGHT="37" CONTENT="es" WC="1.00" CC="00"/>
						<SP ID="P99_SP00245" HPOS="1534" VPOS="3559" WIDTH="44"/>
						<String ID="P99_ST00276" HPOS="1578" VPOS="3476" WIDTH="81" HEIGHT="61" CONTENT="ihr" WC="0.95" CC="274"/>
						<SP ID="P99_SP00246" HPOS="1659" VPOS="3559" WIDTH="39"/>
						<String ID="P99_ST00277" HPOS="1698" VPOS="3475" WIDTH="225" HEIGHT="61" CONTENT="schlecht" WC="0.99" CC="00070104"/>
						<SP ID="P99_SP00247" HPOS="1923" VPOS="3559" WIDTH="39"/>
						<String ID="P99_ST00278" HPOS="1962" VPOS="3481" WIDTH="242" HEIGHT="69" CONTENT="erginge," WC="0.99" CC="04024004"/>
						<SP ID="P99_SP00248" HPOS="2204" VPOS="3559" WIDTH="58"/>
						<String ID="P99_ST00279" HPOS="2262" VPOS="3469" WIDTH="109" HEIGHT="61" CONTENT="daß" WC="0.99" CC="010"/>
						<SP ID="P99_SP00249" HPOS="2371" VPOS="3559" WIDTH="42"/>
						<String ID="P99_ST00280" HPOS="2413" VPOS="3492" WIDTH="131" HEIGHT="36" CONTENT="man" WC="0.97" CC="007"/>
					</TextLine>
					<TextLine ID="P99_TL00034" HPOS="319" VPOS="3559" WIDTH="2226" HEIGHT="93">
						<String ID="P99_ST00281" HPOS="319" VPOS="3575" WIDTH="79" HEIGHT="51" CONTENT="sie" WC="1.00" CC="000"/>
						<SP ID="P99_SP00250" HPOS="398" VPOS="3626" WIDTH="40"/>
						<String ID="P99_ST00282" HPOS="438" VPOS="3577" WIDTH="73" HEIGHT="52" CONTENT="im" WC="1.00" CC="00"/>
						<SP ID="P99_SP00251" HPOS="511" VPOS="3629" WIDTH="34"/>
						<String ID="P99_ST00283" HPOS="545" VPOS="3570" WIDTH="258" HEIGHT="63" CONTENT="Sommer" WC="0.99" CC="040006"/>
						<SP ID="P99_SP00252" HPOS="803" VPOS="3633" WIDTH="41"/>
						<String ID="P99_ST00284" HPOS="844" VPOS="3583" WIDTH="322" HEIGHT="69" CONTENT="einsperrte," WC="1.00" CC="00000066503"/>
						<SP ID="P99_SP00253" HPOS="1166" VPOS="3652" WIDTH="42"/>
						<String ID="P99_ST00285" HPOS="1208" VPOS="3573" WIDTH="109" HEIGHT="60" CONTENT="daß" WC="0.98" CC="050"/>
						<SP ID="P99_SP00254" HPOS="1317" VPOS="3652" WIDTH="42"/>
						<String ID="P99_ST00286" HPOS="1359" VPOS="3595" WIDTH="128" HEIGHT="36" CONTENT="man" WC="0.97" CC="044"/>
						<SP ID="P99_SP00255" HPOS="1487" VPOS="3652" WIDTH="42"/>
						<String ID="P99_ST00287" HPOS="1529" VPOS="3569" WIDTH="82" HEIGHT="61" CONTENT="ihr" WC="0.94" CC="475"/>
						<SP ID="P99_SP00256" HPOS="1611" VPOS="3652" WIDTH="40"/>
						<String ID="P99_ST00288" HPOS="1651" VPOS="3568" WIDTH="127" HEIGHT="61" CONTENT="weh" WC="1.00" CC="000"/>
						<SP ID="P99_SP00257" HPOS="1778" VPOS="3652" WIDTH="42"/>
						<String ID="P99_ST00289" HPOS="1820" VPOS="3577" WIDTH="134" HEIGHT="58" CONTENT="täte," WC="0.99" CC="20204"/>
						<SP ID="P99_SP00258" HPOS="1954" VPOS="3652" WIDTH="41"/>
						<String ID="P99_ST00290" HPOS="1995" VPOS="3587" WIDTH="167" HEIGHT="38" CONTENT="wenn" WC="0.98" CC="0440"/>
						<SP ID="P99_SP00259" HPOS="2162" VPOS="3652" WIDTH="43"/>
						<String ID="P99_ST00291" HPOS="2205" VPOS="3572" WIDTH="80" HEIGHT="52" CONTENT="sie" WC="1.00" CC="000"/>
						<SP ID="P99_SP00260" HPOS="2285" VPOS="3652" WIDTH="39"/>
						<String ID="P99_ST00292" HPOS="2324" VPOS="3559" WIDTH="221" HEIGHT="79" CONTENT="gesund" WC="1.00" CC="000300"/>
					</TextLine>
					<TextLine ID="P99_TL00035" HPOS="319" VPOS="3653" WIDTH="2230" HEIGHT="84">
						<String ID="P99_ST00293" HPOS="319" VPOS="3681" WIDTH="137" HEIGHT="49" CONTENT="war," WC="0.97" CC="0164"/>
						<SP ID="P99_SP00261" HPOS="456" VPOS="3730" WIDTH="33"/>
						<String ID="P99_ST00294" HPOS="489" VPOS="3661" WIDTH="108" HEIGHT="62" CONTENT="daß" WC="1.00" CC="000"/>
						<SP ID="P99_SP00262" HPOS="597" VPOS="3730" WIDTH="34"/>
						<String ID="P99_ST00295" HPOS="631" VPOS="3687" WIDTH="130" HEIGHT="37" CONTENT="man" WC="1.00" CC="000"/>
						<SP ID="P99_SP00263" HPOS="761" VPOS="3730" WIDTH="36"/>
						<String ID="P99_ST00296" HPOS="797" VPOS="3666" WIDTH="138" HEIGHT="59" CONTENT="über" WC="0.97" CC="0705"/>
						<SP ID="P99_SP00264" HPOS="935" VPOS="3730" WIDTH="24"/>
						<String ID="P99_ST00297" HPOS="959" VPOS="3675" WIDTH="81" HEIGHT="52" CONTENT="sie" WC="0.98" CC="050"/>
						<SP ID="P99_SP00265" HPOS="1040" VPOS="3730" WIDTH="27"/>
						<String ID="P99_ST00298" HPOS="1067" VPOS="3664" WIDTH="239" HEIGHT="71" CONTENT="herfiele," WC="0.99" CC="704000604"/>
						<SP ID="P99_SP00266" HPOS="1306" VPOS="3735" WIDTH="34"/>
						<String ID="P99_ST00299" HPOS="1340" VPOS="3687" WIDTH="166" HEIGHT="37" CONTENT="wenn" WC="1.00" CC="0000"/>
						<SP ID="P99_SP00267" HPOS="1506" VPOS="3735" WIDTH="27"/>
						<String ID="P99_ST00300" HPOS="1533" VPOS="3671" WIDTH="81" HEIGHT="52" CONTENT="sie" WC="0.98" CC="050"/>
						<SP ID="P99_SP00268" HPOS="1614" VPOS="3735" WIDTH="26"/>
						<String ID="P99_ST00301" HPOS="1640" VPOS="3685" WIDTH="60" HEIGHT="37" CONTENT="es" WC="1.00" CC="00"/>
						<SP ID="P99_SP00269" HPOS="1700" VPOS="3735" WIDTH="26"/>
						<String ID="P99_ST00302" HPOS="1726" VPOS="3658" WIDTH="206" HEIGHT="79" CONTENT="gerade" WC="0.99" CC="006000"/>
						<SP ID="P99_SP00270" HPOS="1932" VPOS="3737" WIDTH="25"/>
						<String ID="P99_ST00303" HPOS="1957" VPOS="3655" WIDTH="201" HEIGHT="63" CONTENT="einmal" WC="0.99" CC="042007"/>
						<SP ID="P99_SP00271" HPOS="2158" VPOS="3737" WIDTH="27"/>
						<String ID="P99_ST00304" HPOS="2185" VPOS="3655" WIDTH="166" HEIGHT="60" CONTENT="schön" WC="0.99" CC="00005"/>
						<SP ID="P99_SP00272" HPOS="2351" VPOS="3737" WIDTH="28"/>
						<String ID="P99_ST00305" HPOS="2379" VPOS="3653" WIDTH="170" HEIGHT="62" CONTENT="hatte*" WC="1.00" CC="000004"/>
					</TextLine>
					<TextLine ID="P99_TL00036" HPOS="394" VPOS="3747" WIDTH="2154" HEIGHT="85">
						<String ID="P99_ST00306" HPOS="394" VPOS="3752" WIDTH="328" HEIGHT="65" CONTENT="Allmählich" WC="0.99" CC="3670005000"/>
						<SP ID="P99_SP00273" HPOS="722" VPOS="3817" WIDTH="49"/>
						<String ID="P99_ST00307" HPOS="771" VPOS="3758" WIDTH="136" HEIGHT="60" CONTENT="aber" WC="0.97" CC="0706"/>
						<SP ID="P99_SP00274" HPOS="907" VPOS="3818" WIDTH="39"/>
						<String ID="P99_ST00308" HPOS="946" VPOS="3784" WIDTH="122" HEIGHT="35" CONTENT="war" WC="0.98" CC="005"/>
						<SP ID="P99_SP00275" HPOS="1068" VPOS="3819" WIDTH="41"/>
						<String ID="P99_ST00309" HPOS="1109" VPOS="3769" WIDTH="80" HEIGHT="50" CONTENT="sie" WC="1.00" CC="000"/>
						<SP ID="P99_SP00276" HPOS="1189" VPOS="3819" WIDTH="42"/>
						<String ID="P99_ST00310" HPOS="1231" VPOS="3757" WIDTH="253" HEIGHT="62" CONTENT="dahinter" WC="0.99" CC="00740056"/>
						<SP ID="P99_SP00277" HPOS="1484" VPOS="3819" WIDTH="39"/>
						<String ID="P99_ST00311" HPOS="1523" VPOS="3755" WIDTH="348" HEIGHT="77" CONTENT="gekommen," WC="1.00" CC="000000300"/>
						<SP ID="P99_SP00278" HPOS="1871" VPOS="3832" WIDTH="52"/>
						<String ID="P99_ST00312" HPOS="1923" VPOS="3751" WIDTH="108" HEIGHT="59" CONTENT="daß" WC="0.98" CC="040"/>
						<SP ID="P99_SP00279" HPOS="2031" VPOS="3832" WIDTH="42"/>
						<String ID="P99_ST00313" HPOS="2073" VPOS="3772" WIDTH="61" HEIGHT="37" CONTENT="es" WC="1.00" CC="00"/>
						<SP ID="P99_SP00280" HPOS="2134" VPOS="3832" WIDTH="42"/>
						<String ID="P99_ST00314" HPOS="2176" VPOS="3748" WIDTH="197" HEIGHT="61" CONTENT="keinen" WC="1.00" CC="002000"/>
						<SP ID="P99_SP00281" HPOS="2373" VPOS="3832" WIDTH="43"/>
						<String ID="P99_ST00315" HPOS="2416" VPOS="3747" WIDTH="132" HEIGHT="60" CONTENT="Zu**" WC="0.95" CC="8077"/>
					</TextLine>
					<TextLine ID="P99_TL00037" HPOS="322" VPOS="3840" WIDTH="2226" HEIGHT="82">
						<String ID="P99_ST00316" HPOS="322" VPOS="3843" WIDTH="88" HEIGHT="60" CONTENT="fall" WC="0.99" CC="0060"/>
						<SP ID="P99_SP00282" HPOS="410" VPOS="3903" WIDTH="40"/>
						<String ID="P99_ST00317" HPOS="450" VPOS="3847" WIDTH="127" HEIGHT="75" CONTENT="gab," WC="0.97" CC="0074"/>
						<SP ID="P99_SP00283" HPOS="577" VPOS="3922" WIDTH="49"/>
						<String ID="P99_ST00318" HPOS="626" VPOS="3850" WIDTH="110" HEIGHT="61" CONTENT="daß" WC="1.00" CC="000"/>
						<SP ID="P99_SP00284" HPOS="736" VPOS="3922" WIDTH="40"/>
						<String ID="P99_ST00319" HPOS="776" VPOS="3851" WIDTH="268" HEIGHT="61" CONTENT="vielmehr" WC="0.99" CC="00070076"/>
						<SP ID="P99_SP00285" HPOS="1044" VPOS="3922" WIDTH="41"/>
						<String ID="P99_ST00320" HPOS="1085" VPOS="3851" WIDTH="134" HEIGHT="61" CONTENT="alles" WC="0.98" CC="05700"/>
						<SP ID="P99_SP00286" HPOS="1219" VPOS="3922" WIDTH="42"/>
						<String ID="P99_ST00321" HPOS="1261" VPOS="3851" WIDTH="132" HEIGHT="60" CONTENT="nach" WC="1.00" CC="0000"/>
						<SP ID="P99_SP00287" HPOS="1393" VPOS="3922" WIDTH="42"/>
						<String ID="P99_ST00322" HPOS="1435" VPOS="3850" WIDTH="350" HEIGHT="59" CONTENT="bestimmten" WC="1.00" CC="7001400200"/>
						<SP ID="P99_SP00288" HPOS="1785" VPOS="3922" WIDTH="43"/>
						<String ID="P99_ST00323" HPOS="1828" VPOS="3843" WIDTH="291" HEIGHT="63" CONTENT="Gesetzen" WC="1.00" CC="00000600"/>
						<SP ID="P99_SP00289" HPOS="2119" VPOS="3922" WIDTH="40"/>
						<String ID="P99_ST00324" HPOS="2159" VPOS="3841" WIDTH="256" HEIGHT="79" CONTENT="geschah," WC="0.99" CC="00007062"/>
						<SP ID="P99_SP00290" HPOS="2415" VPOS="3922" WIDTH="43"/>
						<String ID="P99_ST00325" HPOS="2458" VPOS="3840" WIDTH="90" HEIGHT="61" CONTENT="die" WC="0.97" CC="052"/>
					</TextLine>
					<TextLine ID="P99_TL00038" HPOS="320" VPOS="3934" WIDTH="1251" HEIGHT="86">
						<String ID="P99_ST00326" HPOS="320" VPOS="3934" WIDTH="98" HEIGHT="62" CONTENT="der" WC="0.97" CC="025"/>
						<SP ID="P99_SP00291" HPOS="418" VPOS="3996" WIDTH="39"/>
						<String ID="P99_ST00327" HPOS="457" VPOS="3937" WIDTH="247" HEIGHT="65" CONTENT="Berliner" WC="0.99" CC="50473004"/>
						<SP ID="P99_SP00292" HPOS="704" VPOS="4002" WIDTH="39"/>
						<String ID="P99_ST00328" HPOS="743" VPOS="3943" WIDTH="492" HEIGHT="77" CONTENT="Polizeipräsident" WC="1.00" CC="0271600050040002"/>
						<SP ID="P99_SP00293" HPOS="1235" VPOS="4020" WIDTH="40"/>
						<String ID="P99_ST00329" HPOS="1275" VPOS="3941" WIDTH="296" HEIGHT="62" CONTENT="aufstellte." WC="0.99" CC="00401067404"/>
					</TextLine>
				</TextBlock>
			</PrintSpace>
		</Page>
	</Layout>
</alto>
