3193 4572
911 454 242 52 Mecßtifd
1426 449 851 63 Lidmowsfiy,Der
1673 447 143 51 fetzte
1853 445 184 53 Traum
2069 449 90 51 des
2195 446 273 67 Traurigen

575 455 94 52 344

855 660 102 64 Ob
997 682 128 39 man
1165 655 131 64 bald
1334 670 131 46 statt
1503 669 189 46 atmen
1738 653 289 63 »röcheln«
2072 677 175 57 sagen
2289 654 178 76 kann/

854 752 383 64 Überwachen
1279 757 182 53 meine
1501 747 215 63 Hände
1758 747 109 62 auf
1900 748 102 62 der
2041 748 192 63 Decke

854 844 141 64 Und
1034 843 337 77 behaupten.

850 938 228 64 Hörbar
1119 936 89 62 für
1249 934 89 61 die
1378 933 252 64 wunden
1673 934 223 73 Ohren,

849 1032 132 64 Daß
1021 1040 145 53 mein
1207 1030 205 61 siecher
1453 1028 230 80 Körper
1722 1031 108 61 sich
1872 1034 271 76 gestreckt
2178 1081 10 12 .
2229 1079 9 14 ,
2280 1081 9 12 ,

847 1125 195 62 Wenn
1082 1130 145 55 mein
1269 1122 198 78 Auge,
1509 1131 127 54 eine
1675 1122 196 63 Weile
1912 1124 256 72 sinnend.

845 1219 59 62 In
946 1218 89 62 die
1073 1216 132 63 tiefe
1246 1216 252 64 Schlucht
1536 1227 213 53 meines
1791 1219 347 63 verfloß'nen

842 1312 369 77 Pilgerweges
1254 1327 221 56 starrte,
1518 1310 137 73 und,
1696 1314 283 69 verzückt.

843 1406 125 62 Wo
1009 1415 81 52 sie
1132 1428 91 39 am
1265 1406 179 78 Pilger
1487 1404 188 65 haften
1716 1406 168 73 blieb,
1927 1407 100 63 der

842 1498 297 64 Schönheit
1181 1498 191 73 dankt,
1415 1500 121 62 seh'
1579 1501 75 61 ich
1698 1501 407 63 Kennerblicke

838 1591 162 64 Über
1039 1602 212 54 meines
1294 1594 261 62 Hemdes
1597 1595 203 62 Falten
1842 1595 225 79 gleiten.

840 1686 113 63 Die
993 1686 101 63 des
1137 1688 263 62 Herzens
1442 1688 578 80 Abschiedsschlagen
2063 1689 114 63 hob
2214 1740 10 11 .
2266 1741 9 10 ,
2317 1740 10 11 .

838 1780 211 64 Lieben
1091 1790 83 54 sie
1214 1783 107 61 sich
1363 1782 176 62 selbst
1579 1807 68 38 so
1691 1785 180 77 innig?

837 1874 85 79 Ja!
967 1873 82 62 ihr
1089 1874 181 79 Auge
1310 1877 312 61 schwimmt
1661 1886 55 52 in
1758 1873 230 66 Tränen

837 1968 158 61 Beim
1038 1968 322 64 Gedanken
1401 1994 74 36 an
1517 1980 148 53 mein
1707 1971 433 63 Stillerwerden-

836 2062 146 73 Ach,
1024 2072 109 54 wie
1174 2065 259 61 schätzen
1475 2074 81 53 sie
1598 2065 84 61 ihr
1721 2065 213 72 Leben,

837 2156 98 61 Da
974 2165 83 53 sie
1097 2159 107 61 sich
1246 2182 70 39 so
1357 2160 213 61 schwer
1609 2183 74 38 an
1726 2169 234 62 meines.

837 2250 126 62 Das
1005 2276 75 36 zu
1120 2253 247 61 schwach
1409 2276 104 38 zur
1553 2253 216 71 Flucht,
1814 2253 266 80 gehängt:

837 2344 266 80 Unruhig
1143 2354 71 54 ist
1255 2345 85 63 ihr
1381 2345 191 73 Geist,
1614 2356 214 71 springt
1866 2347 94 78 jäh

837 2437 144 62 Von
1020 2439 169 63 Haus
1232 2464 75 38 zu
1348 2441 190 71 Haus,
1580 2465 118 38 von
1739 2441 128 78 Jahr
1909 2442 109 61 auf
2050 2442 146 79 Jahr,

837 2531 207 63 Mischt
1082 2532 261 64 Zukunft
1381 2559 104 37 zur
1525 2535 481 78 Vergangenheit.

838 2625 143 62 Und
1019 2636 81 54 sie
1141 2627 189 73 beten,
1371 2629 188 71 beten,
1600 2629 187 71 beten.

836 2720 122 61 Für
998 2720 89 64 die
1128 2721 169 63 Ruhe
1336 2732 215 53 meiner
1592 2723 166 63 Seele

836 2815 142 63 Und
1017 2817 84 61 ihr
1141 2817 409 80 mangelhaftes
1593 2819 242 62 Denken

836 2909 220 64 Kreuzt
1096 2912 109 61 auf
1237 2922 244 52 meinem
1524 2912 409 80 hingesiechten

835 3003 245 80 Körper,
1122 3005 119 62 und
1282 3006 92 62 die
1414 3006 241 62 Mienen
1697 3008 264 79 sprechen

833 3096 176 64 Mehr
1048 3100 137 61 noch
1227 3099 84 63 als
1355 3100 90 62 die
1487 3124 211 39 sauren
1739 3101 231 72 Worte,

835 3191 114 64 Die
990 3203 80 53 sie
1110 3195 343 62 schmerzlich
1495 3219 107 40 aus
1635 3196 346 64 zerknüllten
2014 3198 216 80 Lippen
2265 3222 249 57 pressen.

833 3284 212 65 Zittere
1086 3288 159 71 nicht,
1287 3288 78 62 du
1407 3298 187 52 meine
1635 3306 160 45 treue
1835 3290 204 63 Rechte

833 3378 197 80 Auge,
1071 3380 120 63 sieh
1235 3380 127 64 dein
1406 3382 154 62 Ziel:
1603 3383 104 61 Bin
1749 3384 76 61 ich

835 3471 114 63 Ein
991 3473 167 64 Stück
1199 3476 109 61 auf
1343 3476 147 62 ihrer
1531 3476 221 72 Bühne,
1793 3501 68 40 so

836 3565 179 63 Gönn
1057 3568 75 61 ich
1174 3568 169 65 ihnen
1386 3572 141 60 nicht

831 3659 118 63 Die
990 3661 259 65 Wollust
1289 3664 146 63 ihres
1480 3664 240 64 falschen
1763 3666 340 65 Schmerzes.

833 3751 136 64 Den
1010 3772 206 56 ersten,
1258 3758 100 62 der
1398 3760 107 61 sich
1547 3769 168 70 zeigt.

840 3844 190 65 Schieß
1071 3850 73 60 ich
1186 3876 117 38 von
1344 3863 241 52 meinem
1627 3855 159 63 Bette
1828 3855 193 64 nieder

840 3937 122 62 Der
1000 3952 219 62 zweite,
1261 3944 111 63 den
1412 3947 103 61 das
1559 3947 123 62 Bild
1724 3948 100 64 des
