3288 4572
960 455 226 49 Kasimir
1210 455 277 56 Edsdomid,
1524 456 280 51 Maintoms
1836 455 240 51 Hocßzeit

2548 457 92 48 355

402 658 282 64 dieselben
726 656 186 79 Züge,
963 680 60 39 es
1065 680 122 37 war
1226 658 270 71 derselbe,
1538 658 110 62 den
1689 659 74 61 idi
1804 668 146 52 zwei
1992 654 160 81 Tage
2191 680 108 39 vor
2340 658 128 62 dem
2507 654 134 66 Tod

402 753 97 61 der
531 752 159 59 Frau
722 773 117 38 von
873 748 400 63 Montbellaire
1306 760 98 51 mit
1437 752 329 61 entstelltem
1802 752 247 69 Gesiebt,
2092 750 90 63 die
2214 750 217 78 Augen
2464 763 177 66 grün»

403 843 391 79 untergraben,
851 852 98 51 mit
1005 843 292 79 schlappen
1344 844 213 71 Linien,
1608 844 89 63 die
1747 846 130 61 nach
1929 844 129 63 dem
2098 844 196 63 Mund
2342 844 299 63 herunter»

402 938 176 70 fielen,
621 961 107 38 aus
770 936 145 62 ihrer
954 937 159 76 Loge
1154 947 226 51 stürzen
1420 938 118 63 sah.

477 1032 59 60 In
578 1031 130 61 dem
748 1030 233 77 Wagen
1021 1030 176 61 saßen
1237 1031 136 61 noch
1413 1032 259 74 Frauen,-
1710 1034 136 59 auch
1888 1040 179 70 einige
2106 1032 268 61 Männer.

478 1125 175 62 Ohne
696 1122 219 64 Gefühl
964 1122 168 63 nahm
1181 1126 94 69 ich,
1324 1125 82 62 als
1456 1126 73 60 ich
1579 1125 446 71 hinausschaute,
2074 1135 55 52 in
2171 1126 133 60 mich
2346 1125 126 62 auf:
2524 1126 114 62 Die

398 1220 201 62 Fahne
639 1218 189 61 wehte
869 1219 138 60 nicht
1047 1219 173 61 mehr.

475 1314 82 60 Ich
599 1312 101 61 lief
733 1336 74 37 zu
839 1312 235 77 Joaquin
1105 1312 230 77 Pelayo.
1378 1313 82 60 Ich
1503 1313 134 60 fand
1670 1312 93 61 ihn
1795 1313 154 60 nicht.
1993 1313 98 60 Da
2124 1312 178 78 drang
2333 1313 75 61 ich
2444 1322 53 52 in
2533 1312 101 63 das

398 1408 251 61 Zimmer
698 1415 73 52 im
813 1404 379 79 Erdgeschoß,
1241 1407 83 60 Ich
1373 1406 146 61 hatte
1560 1407 138 60 nicht
1736 1406 261 78 geklopft.
2040 1407 83 60 Ich
2164 1408 141 60 stieß
2347 1407 90 61 die
2478 1403 158 65 Türe

399 1500 114 62 auf.
560 1498 173 63 Ganz
774 1507 147 52 weit
963 1497 166 62 Aber
1176 1498 98 61 der
1315 1498 143 61 Duft
1508 1498 183 78 schlug
1731 1509 103 50 mir
1872 1498 202 63 süßlich
2117 1509 83 52 ins
2244 1500 232 61 Gesicht
2516 1500 120 61 und

399 1594 168 61 nahm
616 1601 102 52 mir
766 1591 109 64 den
916 1592 196 61 Atem,
1156 1594 81 58 Ich
1279 1592 101 63 sah
1421 1591 139 62 kurz
1599 1601 89 52 ein
1729 1592 212 61 Blitzen
1982 1616 116 37 von
2140 1592 130 61 dem
2310 1589 162 66 Tisch
2515 1592 114 63 her.

397 1686 212 78 Pelayo
659 1685 148 62 hatte
855 1686 135 60 mich
1038 1685 470 78 hinausgezogen.
1559 1686 86 60 Er
1684 1709 121 37 war
1847 1685 208 71 höflich,
2105 1688 178 59 schien
2324 1686 138 61 aber
2500 1709 136 38 ver»

397 1780 146 64 letzt.
579 1779 87 61 Er
698 1779 202 77 begriff
924 1788 183 52 meine
1132 1779 298 77 Erregung
1463 1779 153 61 nicht.

475 1873 126 61 Das
642 1873 170 61 Haus
854 1882 204 51 mieten
1100 1872 140 62 oder
1279 1896 68 38 so
1388 1888 180 46 etwas
1606 1921 10 13 ,
1654 1921 11 13 .
1705 1920 11 14 .

473 1966 89 61 Es
604 1967 179 60 schien
825 1964 94 63 ihn
958 1989 100 54 gar
1099 1966 138 59 nicht
1275 1990 75 35 zu
1391 1975 403 52 interessieren.

474 2058 61 60 In
593 2058 211 61 diesem
853 2057 353 79 Augenblick:
1261 2058 111 61 rief
1420 2057 252 62 draußen
1729 2066 150 52 einer
1935 2056 97 62 der
2088 2058 263 61 Knechte,
2418 2057 216 79 Pelayo

397 2175 209 55 sprang
654 2152 218 61 hinaus.
925 2152 81 60 Ich
1051 2152 186 78 folgte.
1282 2152 123 60 Der
1444 2152 216 60 Knecht
1701 2150 226 62 deutete
1968 2168 180 61 erregt
2187 2152 132 60 nach
2363 2151 99 62 der
2502 2152 130 61 See,

395 2245 140 60 Auf
563 2245 98 61 der
685 2241 227 83 Treppe
944 2262 150 44 raste
1128 2262 179 44 etwas
1334 2245 263 61 herunter
1622 2290 50 16 ..
1705 2293 11 13 .
1753 2268 72 37 an
1844 2268 107 37 uns
1975 2244 214 62 vorbei.
2224 2244 133 62 Wir
2383 2255 251 51 stürzten

395 2338 150 61 nach.
596 2338 317 61 Maintonis
964 2338 172 61 Kahn
1185 2337 313 62 schaukelte
1547 2337 113 62 leer
1710 2337 268 62 draußen.
2030 2337 113 61 Die
2180 2337 137 61 Flut
2356 2337 148 71 kam,
2545 2337 92 62 die

397 2431 87 59 die
541 2432 206 77 Klippe
811 2433 509 60 überschwemmte.
1380 2431 231 62 Wellen
1668 2441 99 50 mit
1822 2431 231 60 breitem
2110 2429 244 62 dunklen
2410 2431 226 60 Rücken

397 2523 240 61 wälzten
672 2526 106 59 sich
803 2533 110 52 wie
939 2521 168 64 Tiere
1140 2525 108 59 auf
1272 2533 97 52 sie.
1414 2525 174 60 Dann
1622 2523 269 62 knatterte
1926 2547 61 38 es
2015 2523 116 61 und
2157 2525 181 60 weiße
2364 2523 274 62 Schaum»

395 2617 226 60 streifen
679 2616 299 62 bedeckten
1035 2626 82 52 sie
1174 2616 112 61 fast
1338 2640 162 53 ganz.
1557 2617 105 60 An
1720 2626 180 52 einem
1949 2617 345 78 Vorsprung
2350 2616 133 61 hielt
2529 2617 107 60 sich

395 2709 287 61 Maintoni
722 2719 99 51 mit
858 2709 337 77 gekreuzten
1236 2710 239 60 Armen,

473 2801 322 77 Rodriguez
836 2801 131 60 hielt
1005 2824 107 37 vor
1152 2800 108 61 den
1293 2801 240 60 Booten,
1578 2801 170 61 Seine
1780 2803 170 59 Brust
1990 2801 235 77 drängte
2266 2801 105 60 sich
2406 2800 226 62 heraus.

394 2893 86 59 Er
520 2893 114 76 bog
675 2893 89 59 die
795 2893 210 59 Hände
1044 2916 107 35 vor
1192 2893 89 59 die
1312 2893 231 76 Lippen.
1588 2893 113 59 Die
1735 2893 271 76 Wangen
2048 2909 275 61 spannten
2356 2893 107 61 sich
2497 2894 134 58 nach

395 2994 167 50 innen
610 2983 117 60 und
775 3007 104 36 aus
929 2983 128 60 dem
1107 2984 243 76 qualvoll
1399 2984 421 76 aufgerissenen
1861 2986 168 60 Kreis
2079 2984 101 62 des
2220 2984 258 61 Mundes
2519 2986 114 76 flog

395 3085 154 50 seine
590 3074 232 61 Stimme
861 3085 111 50 wie
1013 3085 88 50 ein
1143 3076 196 62 Schuß.

477 3167 203 76 »Ay!«
724 3167 109 64 rief
867 3190 74 38 er.

475 3260 167 76 »Ay!
685 3260 284 61 Maintoni
994 3290 153 18 ——
1160 3287 29 31 «

472 3353 320 77 Rodriguez
840 3353 240 61 ruderte.
1123 3353 380 78 Wahnsinnig
1548 3354 228 62 ruderte
1824 3355 338 78 Rodriguez.
2214 3359 83 60 Ich
2346 3359 133 62 hielt
2528 3363 103 61 das

395 3445 225 70 Steuer,
661 3445 101 61 sah
806 3454 116 52 sein
958 3445 243 61 Gesicht,
1244 3447 139 60 Wie
1415 3447 272 60 lächerlich
1722 3447 89 62 die
1843 3464 92 45 rot
1966 3450 182 60 weiße
2180 3450 320 82 Lakierung
2533 3455 99 61 der

393 3538 433 79 Ruderstangen
874 3538 210 62 wirkte.
1134 3539 280 61 Zweimal
1462 3539 177 61 sahen
1679 3551 103 50 wir
1823 3542 231 61 Wellen
2105 3543 139 62 über
2293 3546 90 61 die
2424 3548 208 79 Klippe

393 3631 162 78 gehn,
601 3632 287 61 Maintoni
929 3632 147 61 hatte
1117 3632 108 61 den
1258 3632 344 80 Vorsprung
1642 3633 389 62 umklammert
2072 3636 117 61 und
2229 3638 107 60 sich
2378 3641 109 60 auf
2520 3641 112 61 den

393 3725 184 61 Bauch
626 3726 308 77 geworfen.
985 3726 122 61 Der
1146 3726 179 61 Atem
1366 3726 165 61 stand
1571 3750 107 38 uns
1719 3727 257 61 zweimal
2017 3737 55 52 in
2114 3728 99 63 der
2253 3731 201 64 Kehle,
2498 3734 141 62 Wir

394 3834 245 47 atmeten
686 3820 154 61 nicht.
883 3820 132 61 Wir
1054 3835 225 62 wagten
1320 3843 60 39 es
1423 3821 156 70 nicht,
1627 3845 74 37 zu
1742 3838 204 45 atmen.
1989 3822 178 63 Nein,
2210 3824 134 62 Wir
2383 3825 254 65 konnten

394 3913 152 62 nicht.
591 3913 174 62 Dann
806 3913 114 62 hob
959 3913 215 78 Pelayo
1213 3923 81 53 sie
1334 3924 53 51 in
1429 3914 89 62 die
1557 3914 256 78 Pirogue.
