3273 4572
1370 492 203 52 Gustav
1604 486 250 63 Meyrink,
1891 486 117 50 Der
2039 484 182 51 Gofem

673 504 92 48 408

679 708 160 70 recht,
881 729 58 39 es
980 712 69 54 ist
1088 701 132 62 aber
1262 697 136 62 doch
1440 694 139 63 nicht
1620 693 99 61 der
1759 692 175 71 Stein,
1977 689 99 63 der
2114 698 109 54 wie
2265 697 88 53 ein
2395 687 169 63 Stück
2603 687 130 61 Fett
2785 710 137 38 aus*

679 801 154 62 sieht.

754 895 284 75 Langsam
1078 887 226 78 beginnt
1343 882 107 64 sich
1491 890 213 53 meiner
1745 889 87 52 ein
1875 877 423 80 unerträgliches
2341 875 218 63 Gefühl
2602 898 119 39 von
2764 872 155 62 Hilf*

678 987 247 78 losigkeit
964 1008 72 37 zu
1074 978 390 77 bemächtigen.

754 1080 137 61 Wie
939 1101 59 38 es
1045 1083 193 53 weiter
1276 1072 333 78 gekommen
1660 1077 88 63 ist,
1798 1067 146 62 weiß
1994 1067 77 60 ich
2119 1065 154 62 nicht.
2321 1063 172 62 Habe
2533 1063 78 61 ich
2651 1061 275 79 freiwillig

678 1173 161 78 jeden
880 1167 367 66 Widerstand
1287 1163 369 80 aufgegeben,
1705 1162 141 62 oder
1886 1161 184 62 haben
2112 1168 80 55 sie
2231 1159 136 61 mich
2408 1157 354 77 überwältigt
2808 1155 119 61 und

677 1263 301 82 geknebelt,
1134 1268 181 54 meine
1357 1256 353 65 Gedanken?

755 1359 82 61 Ich
870 1356 143 62 weiß
1047 1378 122 49 nur,
1202 1362 148 53 mein
1384 1352 229 78 Körper
1644 1351 131 79 liegt
1806 1348 279 64 schlafend
2117 1355 75 53 im
2223 1347 125 61 Bett
2378 1345 120 62 und
2529 1352 185 54 meine
2748 1342 179 64 Sinne

679 1453 123 63 sind
840 1451 339 78 losgetrennt
1220 1448 118 62 und
1379 1446 141 61 nicht
1559 1446 159 61 mehr
1760 1469 72 37 an
1875 1444 94 61 ihn
2010 1440 316 80 gebunden,

755 1545 145 63 Wer
939 1554 69 52 ist
1045 1553 136 69 jetzt
1224 1542 170 72 »ich«,
1435 1540 114 62 will
1588 1540 78 61 ich
1706 1538 253 80 plötzlich
2001 1536 212 79 fragen,
2263 1535 75 61 da
2377 1534 231 61 besinne
2648 1533 78 61 ich
2771 1531 155 73 mich,

678 1641 109 61 daß
842 1639 76 61 ich
965 1647 57 68 ja
1069 1637 124 62 kein
1245 1637 204 77 Organ
1506 1634 159 62 mehr
1713 1634 225 70 besitze,
1996 1641 99 52 mit
2145 1630 128 61 dem
2322 1629 78 61 ich
2448 1628 226 77 Fragen
2731 1625 196 63 stellen

678 1733 233 71 könnte,-
966 1732 150 62 dann
1167 1731 207 61 fürchte
1430 1729 95 73 ich,
1588 1728 91 61 die
1728 1728 229 61 dumme
2006 1726 235 62 Stimme
2288 1723 193 62 werde
2529 1721 211 62 wieder
2799 1719 130 63 auf*

678 1826 223 62 wachen
951 1825 118 62 und
1115 1849 119 38 von
1282 1846 206 40 neuem
1538 1822 104 61 das
1691 1821 233 62 endlose
1972 1818 232 63 Verhör
2251 1817 140 61 über
2439 1816 110 61 den
2601 1815 157 62 Stein
2813 1813 116 61 und

679 1921 102 61 das
820 1921 131 60 Fett
990 1919 290 78 beginnen.

755 2014 141 61 Und
936 2037 67 38 so
1042 2013 205 62 wende
1287 2013 78 61 ich
1406 2011 135 61 mich
1586 2009 86 62 ab.

1778 2212 48 61 II

1709 2349 189 66 TAG

760 2484 99 62 Da
897 2484 166 62 stand
1096 2483 76 61 idi
1205 2480 249 80 plötzlich
1488 2489 55 52 in
1578 2488 182 53 einem
1792 2478 262 61 düsteren
2089 2474 158 63 Hofe
2279 2473 118 63 und
2429 2473 102 62 sah
2566 2471 165 62 durch
2768 2480 164 52 einen

684 2579 254 62 rötlichen
995 2574 309 81 Torbogen
1367 2574 320 80 gegenüber
1752 2603 62 13 —
1877 2579 224 71 jenseits
2159 2570 100 61 der
2322 2591 178 56 engen
2557 2567 376 77 schmutzigen

684 2672 198 62 Straße
932 2702 59 17 —
1038 2680 162 53 einen
1248 2669 281 78 jüdischen
1568 2663 243 66 Trödler
1861 2690 73 37 an
1985 2674 180 53 einem
2217 2662 286 63 Gewölbe
2552 2660 220 67 lehnen,
2833 2658 103 62 das

688 2790 71 37 an
792 2765 108 62 den
932 2763 456 65 Mauerrändern
1430 2771 99 53 mit
1563 2762 168 62 altem
1758 2758 481 80 Eisengerümpel,
2282 2754 406 64 zerbrochenen
2714 2752 222 63 Werk*

683 2884 230 55 zeugen,
955 2875 346 48 verrosteten
1343 2856 363 80 Steigbügeln
1750 2855 119 62 und
1908 2852 428 65 Schlittschuhen
2385 2848 120 64 und
2545 2848 242 63 vielerlei
2830 2871 107 37 an*

690 2955 167 62 deren
900 2954 444 79 abgestorbenen
1386 2951 215 64 Sachen
1643 2950 301 78 behängen
1986 2972 137 39 war.

763 3048 143 62 Und
946 3049 180 62 dieses
1158 3047 124 62 Bild
1322 3063 128 62 trug
1491 3047 102 61 das
1629 3044 245 79 quälend
1915 3050 279 70 eintönige
2236 3064 72 37 an
2349 3040 124 71 sich,
2517 3038 103 61 das
2663 3036 104 61 alle
2810 3044 128 69 jene

687 3141 316 63 Eindrücke
1042 3141 408 71 kennzeichnet,
1501 3139 90 61 die
1630 3137 292 78 tagtäglich
1972 3160 67 38 so
2087 3135 119 61 und
2245 3158 67 38 so
2354 3133 81 62 oft
2475 3141 109 52 wie
2625 3130 315 61 Hausierer

688 3236 88 61 die
816 3236 263 61 Schwelle
1120 3259 231 38 unserer
1389 3233 481 76 Wahrnehmung
1919 3229 421 72 überschreiten,
2399 3226 118 63 und
2575 3224 107 63 rief
2730 3232 55 53 in
2837 3229 103 54 mir

688 3330 189 62 weder
915 3330 330 80 Neugierde
1287 3330 139 62 noch
1465 3326 436 77 Überraschung
1941 3326 218 61 hervor.

764 3424 85 61 Ich
889 3448 121 38 war
1050 3434 103 52 mir
1191 3424 244 71 bewußt,
1478 3422 110 63 daß
1630 3422 78 61 ich
1748 3420 167 63 schon
1957 3428 104 54 seit
2092 3419 191 77 langer
2315 3416 133 62 Zeit
2481 3424 55 52 in
2571 3414 181 61 dieser
2782 3411 159 61 Um*

687 3516 227 79 gebung
952 3542 74 37 zu
1065 3519 202 61 Hause
1308 3527 95 53 sei.

767 3610 165 61 Auch
972 3612 151 62 diese
1164 3610 386 79 Empfindung
1591 3608 283 62 hinterließ
1915 3616 104 52 mir
2057 3621 147 47 trotz
2244 3604 144 61 ihres
2432 3602 393 78 Gegensatzes
2866 3619 75 41 zu

694 3704 144 70 dem,
886 3729 121 38 was
1054 3706 77 61 ich
1181 3706 136 62 doch
1365 3729 106 39 vor
1520 3704 227 61 kurzem
1795 3701 139 63 noch
1983 3701 502 77 wahrgenommen
2536 3694 118 64 und
2703 3702 111 53 wie
2865 3690 75 63 ich

698 3797 211 61 hierher
948 3800 238 77 gelangt,
1228 3798 255 63 keinerlei
1522 3797 233 62 tieferen
1797 3795 299 63 Eindruck,
2147 3824 65 19 —

773 3890 81 61 Ich
895 3892 131 61 muß
1068 3894 199 59 einmal
1306 3918 117 37 von
1466 3901 182 54 einem
1687 3891 384 64 sonderbaren
2113 3886 286 80 Vergleich
2439 3883 275 64 zwischen
2757 3890 185 53 einem

699 3981 154 64 Stein
892 3985 117 60 und
1050 3994 176 53 einem
1262 3986 165 63 Stück
1466 3986 129 61 Fett
1626 3986 200 77 gehört
1865 3984 140 62 oder
2043 3983 223 78 gelesen
2307 3980 205 72 haben,
2555 3979 236 77 drängte
2834 3972 108 65 sich
