3276 4572
1043 548 165 54 UCricß
1236 541 326 67 Hegendorff,
1599 539 115 50 Zur
1741 535 419 62 Reßaßifttierung
2192 535 93 48 der
2318 530 219 66 Zugend

661 556 97 53 376

667 770 245 55 inmitten
952 764 256 71 geistiger
1239 745 407 77 Aktvollzüge,
1690 752 53 52 in
1786 742 183 61 denen
2011 750 105 52 wir
2157 750 180 68 ewige
2370 738 249 79 göttliche
2654 736 256 63 Gesetze

662 879 75 37 zu
778 848 406 67 verwirklichen
1226 851 240 59 meinen,
1511 837 274 70 Gesetze,
1834 835 91 62 die
1966 844 99 52 mit
2106 834 99 62 der
2246 832 349 63 Endlichkeit
2636 830 119 62 und
2794 830 78 62 Be-

663 944 313 79 dürftigkeit
1010 940 99 61 des
1136 931 668 83 Ausgangspunktes
1839 930 144 62 eben
2019 929 184 62 dieser
2234 928 179 71 Akte,
2528 926 108 63 auf
2662 925 110 62 den
2806 934 105 52 wir

661 1066 115 37 nun
809 1037 247 81 plötzlich
1090 1029 403 71 zurücksehen,
1604 1028 169 61 nichts
1808 1051 75 37 zu
1916 1042 101 44 tun
2044 1024 202 62 haben.
2275 1024 140 61 Erst
2448 1023 82 61 als
2565 1030 81 53 sie
2680 1030 99 51 mit
2812 1019 101 62 der

662 1133 194 65 Sünde
897 1154 104 38 aus
1052 1128 99 61 der
1199 1126 211 77 seligen
1451 1122 414 77 Vermischung
1912 1129 99 53 mit
2054 1118 145 64 Gott
2239 1118 120 61 und
2400 1141 105 37 aus
2548 1126 172 59 einer,
2760 1124 52 68 je
2857 1123 54 51 in

660 1229 127 61 dem
836 1223 247 63 anderen
1123 1220 335 63 verlorenen
1499 1216 174 62 Liebe
1723 1215 461 77 herausgetreten
2226 1235 215 46 waren,
2483 1210 151 62 heißt
2692 1232 61 38 es
2794 1231 119 38 von

657 1320 198 63 Adam
882 1317 117 63 und
1015 1317 161 61 Eva:
1217 1314 213 62 »sahen
1456 1321 101 62 sie,
1584 1311 111 62 daß
1721 1320 83 53 sie
1828 1307 283 64 nackend«
2142 1330 212 38 waren.
2392 1306 82 61 So
2502 1305 185 61 haben
2714 1303 200 63 Scham

661 1414 117 62 und
826 1411 304 64 Ehrfurcht
1178 1418 90 53 ein
1319 1406 119 64 und
1486 1405 249 62 dieselbe
1775 1403 270 63 Wurzel:
2097 1401 167 63 beide
2314 1399 127 63 sind
2490 1409 89 52 ein
2631 1396 252 64 unmittel-

656 1509 162 61 bares
862 1504 372 65 Innewerden
1276 1503 100 61 der
1408 1499 396 70 Bruchstellen,
1847 1522 72 37 an
1963 1497 183 62 denen
2189 1505 89 52 ein
2313 1494 187 62 Strahl
2543 1493 100 61 des
2688 1491 189 61 unend-

660 1603 169 61 lichen
872 1599 237 64 Geistes
1152 1598 107 62 sich
1302 1621 73 37 an
1419 1604 152 53 einer
1620 1616 200 55 engen,
1870 1591 352 77 bedürftigen
2264 1589 506 76 Artorganisation
2812 1584 102 62 des

657 1695 224 64 Lebens
924 1693 167 63 bricht
1141 1691 119 62 und
1310 1714 108 38 uns
1469 1712 106 37 nur
1625 1687 103 61 das
1772 1686 90 62 für
1903 1684 156 63 diese
2101 1683 413 79 Organisation
2561 1679 350 78 »Wichtige«

656 1790 362 62 aufleuchten
1058 1787 132 64 läßt.
1234 1786 87 62 Es
1366 1794 71 53 ist
1477 1784 202 62 darum
1712 1781 126 62 kein
1871 1780 291 71 Wunder,
2205 1778 109 61 daß
2360 1777 99 62 der
2500 1773 384 64 wissenschaft-

658 1886 131 61 liche
830 1883 447 62 Rationalismus
1321 1879 102 62 des
1466 1878 311 62 modernen
1818 1876 368 76 Bürgertums
2229 1895 179 56 gegen
2450 1870 305 62 Ehrfurcht
2797 1867 119 63 und

657 1979 198 62 Scham
888 1977 90 62 die
1011 1975 243 79 gleichen
1272 1972 321 63 Vorwürfe
1620 1969 218 63 erhebt:
1876 1969 111 61 daß
2021 1966 155 64 diese
2203 1965 255 62 Gefühle
2492 1964 108 61 den
2640 1972 245 52 »wissen-

658 2073 374 65 schaftlichen«
1077 2069 327 63 Fortschritt
1443 2076 300 68 verzögert
1791 2064 203 61 hätten.
2039 2063 127 61 Das
2217 2057 546 80 Ehrfurchtsgefühl,
2815 2057 103 62 das

661 2167 100 62 der
803 2165 186 63 antike
1032 2163 119 63 und
1192 2186 133 38 zum
1358 2156 126 67 Teil
1519 2159 99 61 der
1659 2156 442 63 mittelalterliche
2142 2154 238 61 Mensch
2422 2151 324 80 gegenüber
2787 2149 131 63 dem

665 2257 471 68 Sternenhimmel
1170 2256 150 62 hatte
1362 2255 82 62 als
1480 2262 151 54 einer
1655 2250 449 77 Versammlung
2140 2247 333 64 »sichtbarer
2509 2246 264 70 Götter«,
2816 2245 103 61 das

662 2356 175 63 selbst
887 2364 56 52 in
994 2353 110 62 den
1146 2346 290 66 Theorien
1485 2349 100 61 des
1634 2346 480 79 vergleichsweise
2163 2342 339 61 nüchternen
2552 2339 368 69 Aristoteles,

660 2474 49 39 z.
752 2450 64 61 B,
862 2458 54 51 in
958 2457 194 52 seinen
1193 2444 241 70 Lehren,
1477 2441 111 63 daß
1631 2441 90 61 die
1762 2439 165 62 Welt
1969 2438 138 62 über
2151 2436 129 61 dem
2319 2434 229 62 Monde
2591 2458 106 38 aus
2740 2431 145 62 ande-

662 2567 120 47 ren,
835 2543 320 61 »feineren«
1210 2538 82 61 als
1344 2537 111 62 den
1495 2535 268 63 irdischen
1805 2534 221 62 Stoffen
2076 2529 232 64 bestehe
2366 2528 120 62 und
2535 2537 125 52 eine
2711 2525 210 62 andere

661 2634 510 80 Bewegungsform
1221 2633 169 70 hätte,
1439 2632 138 60 noch
1627 2629 421 77 nachschwingt,
2090 2627 204 61 scheint
2337 2623 89 61 die
2469 2622 418 61 mathematisch-

662 2731 371 62 mechanische
1060 2728 428 75 Berechnung
1513 2725 100 61 des
1634 2722 279 62 Himmels
1940 2745 106 37 nur
2063 2720 284 78 gehemmt
2373 2740 75 39 zu
2467 2716 202 62 haben.
2698 2714 143 63 Lind
2867 2723 54 52 in

662 2826 267 79 analoger
939 2825 207 63 Weise
1164 2824 98 62 hat
1279 2822 91 61 die
1386 2820 305 62 Ehrfurcht
1709 2816 118 64 und
1845 2816 180 62 Scheu
2043 2839 106 38 vor
2168 2814 129 62 dem
2316 2811 392 63 menschlichen
2726 2810 165 61 Leich-

663 2946 132 38 nam
822 2918 535 81 jahrhundertelang
1390 2925 155 52 seine
1570 2913 327 78 Zerlegung
1931 2910 118 61 und
2083 2909 174 62 damit
2290 2907 107 61 alle
2431 2915 99 52 mit
2563 2905 83 61 ihr
2673 2904 216 62 verbun-

663 3017 185 61 denen
873 3014 359 62 Fortschritte
1258 3012 100 61 der
1382 3010 318 61 Anatomie
1734 3004 378 80 aufgehalten,
2149 3000 430 65 ErstVesalius
2605 3015 189 61 wagte
2820 2996 103 63 das

665 3109 235 63 Messer
952 3132 73 37 an
1077 3107 93 62 ihn
1221 3120 364 47 anzusetzen.
1640 3099 144 64 Und
1824 3098 98 61 hat
1969 3098 141 61 nicht
2151 3097 90 62 die
2284 3095 199 63 Scham
2527 3102 124 53 eine
2693 3089 232 64 Unzahl

665 3229 117 38 von
822 3202 504 78 Verschiebungen
1367 3200 373 80 rechtzeitiger
1781 3192 550 76 Kennbarmachung
2378 3214 118 38 von
2538 3186 389 63 Krankheiten

668 3299 119 61 und
827 3297 301 64 seelischen
1146 3292 478 78 Verwicklungen
1664 3314 104 38 zur
1792 3288 186 78 Folge
2011 3286 226 79 gehabt,
2280 3285 112 71 die,
2436 3282 358 78 frühzeitiger
2835 3302 64 39 er-

667 3393 192 72 kannt,
901 3391 206 79 geheilt
1150 3389 117 62 und
1300 3388 184 78 gelöst
1516 3385 188 62 hätten
1745 3382 233 63 werden
2012 3381 258 61 können?
2312 3380 124 60 Hat
2477 3386 83 52 sie
2601 3376 140 61 nicht
2781 3398 147 56 ganz

672 3485 313 64 besonders
1013 3484 90 62 die
1130 3480 397 66 Seelenkunde
1561 3489 54 52 in
1650 3478 175 62 ihrem
1851 3478 293 76 Fortgang
2170 3471 325 80 gehindert?
2529 3471 114 60 Die
2652 3469 238 62 Wissen-

671 3582 168 61 schaft
995 3588 175 55 meint
1217 3577 309 63 Nietzsche
1686 3572 142 80 gehe
1886 3572 110 62 den
2045 3572 234 59 Frauen
2328 3589 182 58 gegen
2561 3565 89 61 die
2702 3563 228 71 Scham,-

672 3697 60 40 er
779 3683 179 53 zitiert
1006 3673 168 61 dabei
1223 3671 106 62 das
1376 3669 181 63 kleine
1604 3666 307 71 Mädchen,
1969 3664 103 63 das
2123 3687 67 38 so
2242 3677 243 47 entsetzt
2534 3682 141 46 war,
2735 3657 81 61 als
2868 3678 61 38 es

674 3767 179 71 hörte,
897 3767 144 64 Gott
1080 3776 83 54 sei
1204 3763 327 65 allwissend
1573 3762 118 62 und
1735 3760 174 63 »sähe
1951 3769 196 52 immer
2189 3757 193 61 alles«.

752 3860 165 62 Aber
966 3885 67 37 so
1083 3857 422 65 unzweifelhaft
1546 3856 90 62 die
1686 3854 373 78 angeführten
2100 3847 317 65 Tatsachen
2462 3849 99 61 der
2603 3845 327 65 Geschichte

688 3936 3 90 ■
692 3984 57 16 —
790 3954 117 60 und
939 3955 244 61 tausend
1217 3954 244 61 ähnliche
1604 3950 145 71 sind,
1792 3959 82 53 sie
1914 3958 196 68 zeigen
2153 3970 126 46 nur,
2322 3944 111 62 daß
2469 3941 304 64 Ehrfurcht
2814 3936 117 65 und

684 4044 197 62 Scham
914 4056 72 50 im
1018 4047 183 61 Laufe
1235 4047 98 61 der
1359 4045 327 63 Geschichte
1720 4059 114 46 erst
1866 4042 253 77 langsam
2147 4038 118 62 und
2290 4037 303 62 allmählich
2628 4034 102 71 ihr,
2763 4033 168 62 ihnen
