3276 4572
1007 507 164 52 Ufrich
1193 505 327 63 Hegencforff,
2115 504 116 50 Zur
2398 504 88 50 Reß
2145 504 95 51 der
2264 502 222 66 Zugend

612 509 93 49 378

2212 4005 213 64 Ulrich
2455 4002 408 80 Hegendorff

614 713 330 61 schmolzen,
980 710 161 63 Isaak
1173 708 260 63 Newton
1468 706 212 62 dünkte
1712 708 107 60 sich
1852 716 112 52 wie
1999 717 90 52 ein
2122 707 175 72 Kind,
2333 708 101 63 das
2470 734 92 37 am
2588 710 274 62 Meeres*

614 806 192 62 Strand
853 815 98 51 mit
990 801 295 64 Muscheln
1325 800 182 80 spielt,
1558 800 82 62 ais
1692 824 60 38 er
1794 800 103 62 das
1941 800 614 82 Gravitationsprinzip
2608 804 118 61 und
2771 804 90 63 die

614 898 296 62 Mechanik
943 896 98 61 des
1074 894 277 63 Himmeis
1388 895 320 62 entworfen
1742 894 149 62 hatte
1924 895 119 61 und
2076 895 103 62 sah
2214 905 55 52 in
2301 896 156 78 jeder
2480 898 160 61 Linie
2674 908 186 53 seines

617 993 330 61 »absoluten
988 992 284 59 Raumes«
1319 998 123 53 eine
1484 989 276 62 Blicklinie
1802 990 101 63 des
1941 990 244 79 »Auges
2221 990 245 63 Gottes«
2512 999 349 61 <sensorium

614 1087 154 68 Dei>,
811 1084 86 61 Hs
933 1093 69 52 ist
1035 1092 88 53 ein
1157 1099 254 63 strenges
1446 1083 222 63 Gesetz
1703 1084 137 62 alles
1874 1084 433 64 intellektuellen
2340 1086 374 72 Fortschritts,
2750 1087 111 61 daß

612 1180 89 60 die
732 1177 369 63 Problematik
1134 1177 99 62 der
1266 1178 165 61 Welt
1463 1181 242 59 wächst
1737 1188 99 52 mit
1868 1178 155 78 jeder
2054 1181 238 77 Lösung
2333 1180 348 63 bestimmter
2714 1182 108 61 Pro-

609 1272 196 62 bleme.
838 1270 132 80 Jede
1003 1271 402 62 neuentdeckte
1431 1272 327 79 Beziehung
1784 1272 195 62 deutet
2012 1273 110 61 auf
2146 1296 148 40 neue
2327 1275 138 59 noch
2500 1273 362 64 unbekannte

609 1365 108 62 hin,
762 1365 240 62 Denken
1043 1375 105 52 wir
1182 1366 109 62 den
1324 1367 217 61 Prozeß
1576 1366 101 62 der
1709 1367 347 63 Erkenntnis
2098 1367 311 63 vollendet:
2453 1369 214 62 Müßte
2710 1369 151 62 dann

608 1460 138 61 nicht
793 1460 135 61 alles
979 1460 213 62 wieder
1233 1486 200 54 pures
1477 1461 311 63 Wunder
1831 1463 151 62 sein?
2030 1463 88 62 Es
2162 1472 70 53 ist
2274 1464 140 60 nicht
2454 1463 91 61 die
2587 1463 276 62 Wissen*

607 1553 166 62 schaff
805 1553 99 62 der
920 1553 339 72 Forscher,
1294 1555 247 63 sondern
1574 1566 127 67 jene
1729 1557 99 61 der
1852 1557 498 62 rationalistischen
2369 1557 493 71 Schulmeister,

604 1647 205 62 welche
857 1657 53 52 in
955 1648 334 79 Gegensatz
1337 1675 103 37 zur
1480 1649 305 64 Ehrfurcht
1832 1661 174 68 gerät.
2051 1652 151 62 Wer
2251 1652 140 61 nicht
2440 1651 253 62 darstellt
2744 1651 119 62 und

605 1742 256 70 beweist,
911 1742 248 61 sondern
1202 1743 173 61 findet
1423 1743 120 61 und
1586 1745 222 71 forscht,
1859 1745 99 62 der
2007 1745 98 62 hat
2151 1745 127 78 jede
2320 1745 221 62 Stunde
2592 1754 99 52 mit
2733 1745 129 62 dem

604 1835 324 62 Phänomen
970 1861 75 37 zu
1087 1837 284 80 kämpfen,
1426 1839 110 62 daß
1578 1849 156 52 seine
1775 1840 395 79 Anschauung
2220 1840 90 62 die
2352 1840 273 62 Grenzen
2677 1849 185 53 seines

603 1929 357 63 Verstandes
996 1931 301 63 überflutet
1331 1933 119 61 und
1484 1933 111 61 daß
1629 1933 113 62 ihm
1778 1943 119 52 sein
1934 1934 221 62 Gefühl
2189 1935 168 61 schon
2390 1930 315 65 Tatsachen
2744 1934 119 62 und

604 2023 395 63 Verhältnisse
1016 2035 209 61 verrät,
1242 2049 119 39 von
1381 2027 184 61 denen
1586 2049 59 39 er
1663 2028 106 61 sich
1789 2028 137 61 noch
1944 2027 199 62 keinen
2159 2028 274 77 »Begriff«
2448 2028 226 61 machen
2693 2028 167 61 kann.

682 2118 151 62 Was
883 2128 105 52 wir
1036 2119 90 63 die
1172 2121 482 62 »Wissenschaft«
1708 2146 242 47 nennen,
2000 2122 277 62 verdankt
2330 2122 286 62 historisch
2668 2132 193 52 seinen

604 2212 304 80 Ursprung
933 2223 151 54 einer
1118 2215 378 62 allmählichen
1522 2216 337 79 Berührung
1892 2217 100 61 des
2024 2216 376 72 staunenden,
2435 2216 427 79 ehrfürchtigen,

603 2307 481 79 metaphysischen
1121 2309 234 63 Geistes
1390 2319 98 52 mit
1513 2310 240 63 Streben
1788 2311 133 60 nach
1954 2310 314 62 nutzbaren
2292 2310 215 79 Regeln
2541 2334 104 37 zur
2677 2311 188 60 Herr*

604 2401 168 61 schaff
812 2401 140 62 über
993 2403 91 60 die
1116 2403 274 62 Materie:
1437 2414 125 52 eine
1601 2404 356 79 Berührung,
2000 2404 90 62 die
2131 2405 106 61 sich
2280 2405 136 61 auch
2460 2413 53 52 in
2557 2404 99 62 der
2697 2404 164 77 lang*

605 2518 198 39 samen
844 2495 484 80 Verschmelzung
1376 2507 155 53 eines
1576 2498 246 63 Standes
1874 2499 100 61 der
2015 2499 207 61 Freien
2272 2508 99 52 mit
2411 2508 183 52 einem
2637 2498 223 62 solchen

604 2588 100 62 der
755 2588 621 65 Gewerbetreibenden
1428 2592 266 62 darstellt.
1753 2592 141 62 Nur
1952 2592 193 62 beides
2202 2616 391 38 zusammen
2653 2592 212 61 konnte

603 2683 104 62 das
741 2684 414 78 eigentümliche
1181 2686 252 61 Produkt
1463 2686 482 62 »Wissenschaft«
1982 2710 298 54 erzeugen.
2319 2686 176 62 Ohne
2529 2686 110 62 den
2675 2702 187 46 ersten

603 2777 216 62 Faktor
852 2778 148 63 hätte
1033 2789 83 52 sie
1150 2781 107 61 sich
1291 2790 92 52 nie
1418 2780 141 62 über
1593 2791 125 52 eine
1745 2781 334 79 Sammlung
2109 2805 118 37 von
2263 2782 359 78 empirischen
2647 2781 215 79 Regeln

604 2872 100 63 des
746 2872 365 64 Handwerks
1154 2874 282 75 erhoben,-
1484 2875 151 62 ohne
1678 2875 110 62 den
1837 2884 245 53 zweiten
2123 2885 157 51 wäre
2324 2884 81 53 sie
2447 2885 90 52 nie
2579 2899 105 38 zur
2724 2876 141 60 An*

603 2965 204 64 nähme
848 2966 100 63 des
993 2992 67 38 so
1104 2968 348 62 fruchtbaren
1494 2970 487 61 mechanistischen
2020 2970 249 78 Prinzips
2311 2968 357 78 gekommen,
2719 2969 146 61 wel*

605 3062 120 61 dies
759 3062 103 62 das
896 3062 278 63 Interesse
1209 3063 100 61 der
1342 3063 347 62 Erkenntnis
1736 3064 109 60 auf
1870 3063 90 62 die
1993 3063 379 79 bewegbaren
2409 3063 117 62 und
2559 3063 303 62 lenkbaren

603 3156 213 63 Punkte
850 3157 101 62 des
986 3157 383 62 Universums
1404 3157 343 63 beschränkt.
1792 3159 140 61 Erst
1974 3168 54 51 in
2062 3175 265 45 neuester
2359 3158 135 61 Zeit
2534 3159 205 60 scheint
2782 3167 83 53 sie

605 3250 104 61 sich
753 3274 105 38 nur
890 3250 160 63 mehr
1082 3251 146 62 ihrer
1261 3252 289 79 partiellen
1583 3252 287 62 Herkunft
1902 3276 117 38 von
2057 3269 246 45 »unten«
2341 3278 75 35 zu
2451 3261 259 53 erinnern
2744 3251 121 62 und

604 3342 117 63 ihre
762 3344 254 78 adeligen
1057 3345 219 62 Ahnen
1318 3372 73 35 zu
1433 3369 323 56 vergessen.

683 3438 173 61 Dann
890 3448 71 52 ist
995 3463 60 38 es
1089 3439 153 72 Zeit,
1277 3450 83 52 sie
1393 3440 179 62 daran
1612 3466 77 36 zu
1724 3449 277 62 erinnern,
2043 3439 110 62 daß
2188 3439 151 62 ohne
2373 3439 89 62 die
2496 3439 370 62 Ehrfurchts*

605 3532 333 78 einstellung
979 3534 108 60 auf
1120 3534 91 62 die
1245 3535 190 78 Dinge
1477 3535 137 61 auch
1658 3535 99 61 der
1790 3534 413 62 Lebensreiz
2236 3534 146 61 ihres
2418 3543 235 69 eigenen
2686 3534 179 61 Fort*

608 3626 235 62 Schrittes
886 3627 217 62 alsbald
1137 3628 398 62 unterbunden
1569 3628 231 74 würde,-
1842 3628 118 61 und
1992 3628 136 62 Zeit
2160 3637 81 52 sie
2275 3652 74 37 zu
2385 3627 325 71 ermahnen,
2754 3627 111 61 daß

608 3727 80 52 sie
729 3721 138 59 nicht
906 3721 132 62 bald
1080 3732 55 51 in
1179 3723 91 61 die
1305 3723 362 79 Geisteslage
1713 3722 164 62 derer
1916 3746 108 38 vor
2057 3722 128 62 dem
2220 3722 354 62 Universum
2607 3721 258 79 gelange,

610 3812 181 61 denen
833 3815 434 80 Schopenhauer
1317 3819 139 61 nicht
1504 3841 147 55 ganz
1700 3827 99 53 mit
1841 3817 250 61 Unrecht
2139 3816 91 64 die
2283 3816 422 64 »verecundia«
2758 3816 108 61 ab*

613 3907 334 75 gesprochen
988 3909 96 61 hat
1125 3911 118 61 und
1284 3921 97 51 mit
1421 3911 170 63 ihnen
1634 3934 160 56 sage:
1845 3911 150 61 »Die
2037 3910 195 62 Welt?
2274 3910 405 62 Kunststück.«
