3181 4572
674 443 96 50 326

1192 444 56 51 S.
1377 443 330 56 Triecffaencfer,
1708 441 318 63 Dionysisches
2064 444 338 53 Christentum

678 650 168 60 liehen
898 647 231 63 Zauber
1178 646 99 61 der
1327 646 268 70 fernsten,
1653 645 226 73 letzten,
1936 649 404 66 unsterblichen
2388 677 124 36 aus.
2575 652 113 63 Die
2745 677 179 54 ganze

677 741 286 63 christliche
1002 739 395 77 Eschatologie
1447 739 343 79 verflüchtigt
1837 741 106 61 sich
1994 741 319 82 dionysisch
2474 745 126 62 also
2651 771 108 36 nur
2807 746 117 64 ihre

675 834 275 70 Inbrunst,
1000 833 115 61 ihre
1156 831 259 78 religiöse
1456 831 310 73 Intensität,
1816 833 117 65 ihre
1975 835 262 64 seelische
2276 838 295 63 Heizkraft
2613 839 85 62 als
2741 840 183 65 solche

677 927 169 62 bleibt
885 925 293 63 bestehen:
1225 942 345 61 ausgenutzt
1608 927 137 61 aber
1777 928 145 61 wird
1964 938 81 54 sie
2079 933 285 78 empirisch
2399 933 93 61 für
2526 933 92 62 die
2661 936 263 61 nächsten

672 1021 187 78 Dinge
913 1019 99 63 des
1061 1018 245 79 Alltags.
1367 1019 126 64 Ihre
1541 1021 278 63 Intention
1877 1022 172 63 bleibt
2105 1027 419 72 transzendent,
2582 1028 146 63 wird
2785 1028 138 64 aber

670 1115 138 59 nicht
846 1112 307 62 wiederum
1195 1113 403 64 transzendent
1636 1116 379 77 angewendet
2063 1120 117 61 und
2219 1138 323 45 verwertet.

746 1207 146 61 Man
932 1207 482 63 veranschauliche
1454 1210 107 60 sich
1604 1209 103 62 das
1750 1234 93 37 am
1876 1210 241 81 Beispiel
2158 1238 118 39 von
2322 1216 174 61 »Leib
2539 1216 122 63 und
2696 1216 224 64 Seele«.

668 1300 121 61 Der
830 1300 312 79 Dionysier
1183 1301 335 63 verwendet
1557 1303 92 62 die
1692 1304 289 63 christliche
2023 1306 167 64 Seele
2230 1318 99 52 mit
2370 1309 147 64 ihrer
2558 1310 365 79 ungeteilten,

663 1393 520 63 undifferenzierten
1217 1404 316 70 primitiven
1567 1397 493 76 Elementarkraft,
2095 1402 146 62 ihrer
2274 1403 500 80 überschwenglich
2807 1414 84 54 rei-

663 1488 128 60 chen
840 1487 411 79 synthetischen
1293 1489 368 80 Verfassung
1710 1516 122 38 nur
1880 1494 305 79 analytisch
2229 1497 92 61 für
2361 1497 90 63 die
2501 1522 107 38 aus
2660 1500 83 62 ihr
2793 1516 128 46 ent*

664 1580 359 60 brennenden
1066 1581 364 65 Differenzen
1480 1592 190 61 (unter
1726 1586 92 62 die
1874 1588 137 61 auch
2060 1588 92 63 die
2204 1590 560 80 »physiologischen«
2816 1616 105 56 ge*

663 1672 216 71 hören).
924 1673 114 63 Die
1071 1675 293 63 christliche
1399 1677 166 64 Seele
1598 1679 155 63 dient
1792 1680 115 62 ihm
1948 1681 82 64 als
2065 1685 427 62 innervierende
2525 1686 215 62 Potenz
2783 1686 137 62 aller

661 1767 546 80 psychophysischen
1244 1770 382 65 Differenzen.
1661 1774 106 61 An
1801 1776 107 60 sich
1942 1776 118 61 und
2102 1787 55 52 in
2191 1779 105 61 sich
2340 1788 72 53 ist
2453 1789 100 62 sie,
2597 1780 320 79 dionysisch

659 1878 289 61 gewertet,
997 1864 207 77 müßig.
1258 1864 91 61 Ihr
1390 1865 174 62 Wert
1613 1867 131 78 liegt
1792 1892 122 38 nur
1962 1878 77 53 im
2088 1870 438 65 Kennenlernen
2578 1874 120 61 und
2746 1875 175 61 Aus*

654 1955 275 78 gestalten
972 1955 146 63 ihrer
1159 1958 383 63 Differenzen.
1588 1961 124 62 Der
1753 1962 316 80 Dionysier
2107 1964 276 65 verbietet
2423 1968 107 61 sich
2575 1969 141 60 nicht
2759 1968 160 64 diese

658 2049 287 63 christliche
995 2051 186 72 Seele,
1232 2053 137 61 aber
1418 2077 61 38 er
1527 2056 338 80 verpflichtet
1912 2067 82 54 sie
2044 2060 335 62 unerbittlich
2429 2086 104 37 zur
2576 2062 184 71 Welt,
2812 2088 105 36 zur

658 2141 267 81 Empirie,
969 2145 181 62 Diese
1193 2146 354 79 dionysische
1580 2148 257 80 Empirie
1879 2150 96 62 hat
2013 2175 109 38 vor
2163 2152 100 63 der
2302 2154 275 78 vulgären
2620 2155 104 63 das
2768 2156 148 62 heu*

654 2239 240 61 ristische
932 2239 220 80 Prinzip
1203 2239 146 63 ihrer
1390 2242 379 80 persönlichen
1811 2244 475 64 Elementarkraft
2326 2272 236 48 voraus,
2614 2250 91 62 die
2754 2250 156 62 ihren

656 2330 433 80 schöpferischen
1131 2331 426 83 Überschwang
1598 2338 141 61 nicht
1778 2348 291 71 einsinnig,
2111 2349 272 71 einseitig,
2425 2352 56 52 in
2523 2352 185 54 einer
2747 2344 165 62 Rieh*

657 2441 156 62 tung,
864 2425 248 63 sondern
1161 2437 56 53 in
1266 2437 183 54 einem
1493 2429 335 80 Gegensinn
1876 2433 137 62 aller
2051 2434 346 80 Richtungen
2446 2435 465 65 differenzierend

661 2518 265 62 entladet.
1754 2541 24 19 •

734 2611 234 63 Goethe
1009 2631 174 45 nennt
1223 2616 111 62 den
1369 2616 324 65 Gedanken
1735 2617 100 65 der
1875 2621 439 80 schöpferischen
2356 2623 554 80 Selbstentzweiung

654 2703 110 64 den
805 2706 263 64 höchsten
1112 2709 322 63 Gedanken
1479 2711 100 62 der
1618 2714 219 71 Natur,
1886 2739 75 38 zu
2004 2715 129 63 dem
2182 2726 83 54 sie
2305 2719 281 62 schaffend
2627 2720 106 62 sich
2775 2720 136 62 auf*

654 2800 284 79 schwang:

733 2893 243 63 »Dieser
1024 2897 203 62 schöne
1277 2898 214 80 Begriff
1532 2923 119 40 von
1700 2900 196 64 Macht
1946 2903 118 62 und
2114 2904 336 74 Schranken,
2500 2931 118 38 von
2660 2907 250 63 Willkür

653 2987 117 62 und
804 2988 238 74 Gesetz,
1075 3015 118 38 von
1226 2992 250 63 Freiheit
1509 2994 118 63 und
1660 2994 167 73 Maß,
1860 3021 118 37 von
2011 2997 363 80 beweglicher
2401 3001 307 78 Ordnung,
2742 3002 168 62 Vor*

652 3104 110 54 zug
811 3082 118 60 und
977 3083 260 80 Mangel,
1287 3086 223 62 erfreue
1559 3087 116 62 dich
1726 3087 160 64 hoch:
1940 3090 91 62 die
2081 3091 198 80 heilige
2319 3093 182 64 Muse
2550 3095 183 78 bringt
2773 3095 136 62 har*

652 3176 241 60 monisch
934 3176 92 62 ihn
1070 3177 100 73 dir,
1213 3189 99 52 mit
1352 3182 240 60 sanftem
1623 3181 266 80 Zwange
1921 3182 320 66 belehrend.
2285 3187 224 63 Keinen
2543 3187 217 64 hohem
2793 3190 116 61 Be*

652 3270 128 75 griff
798 3279 203 70 erringt
1026 3271 101 64 der
1160 3274 222 63 sittliche
1407 3275 252 72 Denker,
1701 3275 200 63 keinen
1928 3278 100 63 der
2053 3290 171 69 tätige
2249 3281 209 73 Mann,
2493 3281 101 64 der
2619 3284 290 62 dichtende

653 3360 299 78 Künstler,-
991 3365 100 62 der
1131 3368 326 72 Herrscher,
1500 3369 100 63 der
1639 3370 257 64 verdient
1937 3396 61 39 es
2040 3398 75 38 zu
2157 3384 139 62 sein,
2338 3377 214 62 erfreut
2591 3401 108 39 nur
2740 3378 165 62 durch

652 3454 93 61 ihn
785 3458 104 60 sich
932 3458 100 62 der
1072 3460 257 64 Krone.«
1373 3463 128 62 Das
1545 3473 69 52 ist
1655 3464 179 62 echter
1875 3465 383 80 dionysischer
2298 3471 440 78 Apollinismus,
2782 3482 125 52 eine

653 3548 135 61 freie
828 3551 353 80 Inspiration,
1226 3566 127 53 eine
1395 3558 401 79 schöpferische
1838 3559 307 80 Synthese,
2186 3565 291 77 gesetzlich
2519 3567 383 61 manifestiert.

652 3639 139 64 Rein
841 3645 253 64 christlich
1153 3657 72 54 ist
1274 3650 92 63 die
1414 3652 404 80 Hinopferung
1867 3653 101 64 des
2022 3656 276 63 »Leibes«
2351 3659 93 60 für
2500 3659 91 64 die
2643 3660 264 71 »Seele«/

653 3742 116 52 rein
817 3739 228 60 weltlich
1098 3744 203 76 profan
1352 3755 157 51 wäre
1560 3745 90 62 die
1705 3746 224 80 religiös
1988 3749 353 73 irrelevante,
2398 3752 159 61 mehr
2613 3754 293 80 sportliche

657 3825 208 63 Kultur
898 3831 101 62 der
1030 3838 545 78 psychophysischen
1618 3840 466 66 Differenzen,
2128 3844 141 62 Erst
2308 3869 170 38 wenn
2512 3846 92 64 die
2643 3849 263 79 religiöse

657 3918 284 66 christliche
981 3925 211 64 Kultur
1232 3932 241 74 gänzlich
1515 3957 105 38 zur
1659 3944 193 54 reinen
1893 3937 412 80 Inspiration
2350 3939 91 62 für
2474 3940 158 64 diese
2665 3942 241 79 profane
