3244 4572
793 491 58 49 R.
880 490 245 54 Gournai,
1162 486 244 52 Deutsche
1439 483 290 64 Weftpofitid
1756 509 32 11 -
1820 482 118 51 und
1957 481 111 51 dein
2100 481 156 61 Krieg

2551 479 94 49 309

405 699 292 65 Publikum
736 720 75 38 zu
854 702 362 71 imponieren,
1258 692 101 61 das
1409 689 399 80 hauptsächlich
1851 708 244 55 erzogen
2145 683 237 61 worden
2432 692 89 62 ist,
2569 707 75 37 zu

405 792 319 69 wünschen,
758 787 118 62 und
910 787 210 61 diesem
1139 784 328 63 Wünschen
1501 783 148 61 dann
1684 781 166 62 durch
1878 779 108 62 den
2013 778 214 76 Begriff
2254 775 99 61 der
2377 775 268 61 »Ehren*

406 888 193 63 sache«
645 894 126 52 eine
802 891 243 69 gewisse
1078 877 352 62 Haltbarkeit
1469 901 72 37 zu
1582 876 201 79 geben,
1816 883 110 52 wie
1968 883 73 51 im
2082 871 127 62 Fall
2244 871 100 61 der
2375 869 271 78 Bagdad*

405 980 166 68 bahn,
616 977 89 61 die
746 985 193 51 immer
980 974 136 59 noch
1159 971 89 62 die
1289 971 296 61 deutschen
1627 968 321 78 Zeitungen
1990 966 390 79 hypnotisiert.
2427 962 82 62 So
2550 985 95 38 er*

404 1074 161 62 reicht
589 1094 155 40 zwar
769 1069 154 61 diese
947 1066 307 61 Broschüre
1289 1064 89 62 die
1409 1064 195 62 besten
1629 1061 274 79 Beispiele
1935 1059 344 80 gründlicher
2312 1057 332 77 Darlegung

407 1177 149 51 einer
590 1163 278 62 aktuellen
910 1159 318 81 politischen
1263 1158 299 70 Situation,
1602 1167 111 50 wie
1755 1164 80 52 sie
1877 1164 53 51 in
1957 1151 268 79 England
2268 1150 117 61 und
2418 1149 226 62 Frank*

405 1261 136 61 reich
566 1258 108 61 viel
701 1255 249 77 häufiger
976 1253 172 61 üblich
1174 1262 88 61 ist,
1289 1250 133 61 aber
1447 1273 60 38 es
1543 1248 211 79 umgibt
1787 1257 80 52 sie
1901 1248 134 60 auch
2071 1255 124 51 eine
2230 1245 117 61 echt
2380 1243 263 62 deutsche

404 1353 285 68 Isolation,
726 1349 51 60 d,
815 1348 52 60 h,
904 1356 53 52 in
993 1346 152 62 ihren
1179 1346 187 76 Klang
1398 1343 187 61 mischt
1616 1343 105 61 sich
1756 1351 88 51 ein
1877 1348 272 70 gewisses
2183 1338 180 70 Echo,
2405 1337 236 61 welches

405 1445 208 78 typisch
633 1443 89 60 für
744 1441 89 61 die
848 1438 422 79 Manipulation
1296 1460 174 38 neuer
1494 1436 307 79 politischer
1820 1432 318 62 Gedanken
2165 1431 89 61 bei
2282 1455 107 37 uns
2415 1440 89 61 ist,
2523 1428 118 62 und

404 1563 116 38 von
547 1539 127 59 dem
692 1532 316 64 Widerhall
1036 1532 98 61 der
1150 1530 234 63 Wände
1411 1539 53 52 in
1491 1539 180 51 einem
1696 1527 186 63 leeren
1907 1527 187 61 Raum
2121 1523 271 63 herrührt.
2429 1525 208 59 Dieses

406 1631 155 63 Echo
595 1629 97 61 hat
724 1636 123 53 eine
880 1624 311 79 Fähigkeit,
1233 1633 53 53 in
1328 1623 88 60 die
1450 1621 232 62 Stimme
1723 1620 99 61 der
1855 1617 386 80 Sprechenden
2284 1617 84 61 bis
2410 1640 73 37 an
2518 1625 121 52 sein

405 1722 367 63 Lebensende
791 1718 416 79 überzugehen/
1224 1727 103 50 wir
1343 1715 205 62 wollen
1568 1738 60 38 es
1648 1714 90 61 für
1756 1713 191 61 diesen
1966 1711 124 61 Fall
2109 1713 139 58 nicht
2274 1710 210 70 hoffen,
2503 1709 137 62 aber

405 1818 164 61 schon
603 1826 132 66 jetzt
759 1814 114 61 läßt
906 1813 106 60 sich
1046 1812 127 59 dem
1209 1809 392 62 unbekannten
1619 1808 198 60 Autor
1842 1805 102 61 das
1973 1804 388 78 Kompliment
2391 1804 248 69 machen,

406 1910 108 59 daß
556 1931 58 37 er
655 1907 105 61 sich
804 1906 100 61 das
938 1904 225 70 Milieu,
1205 1912 55 52 in
1300 1902 128 61 dem
1470 1925 59 37 er
1571 1899 100 63 das
1707 1896 391 63 ausreichende
2131 1896 383 62 Verständnis
2549 1896 91 59 für

406 2012 122 51 eine
569 2000 275 77 ergiebige
886 1998 118 61 und
1044 1996 345 79 zeitgemäße
1430 1995 260 61 deutsche
1728 1991 197 62 Politik
1967 1990 152 71 fand,
2160 1990 291 77 jedenfalls
2476 1988 164 79 Jahre

406 2094 259 61 hindurch
699 2091 172 62 selbst
903 2091 97 60 hat
1032 2089 194 62 stellen
1260 2099 246 49 müssen.
1540 2086 61 61 In
1642 2082 265 79 England
1949 2082 116 60 und
2105 2081 350 71 Frankreich,
2496 2081 145 69 <und

405 2185 261 62 Rußland
707 2194 53 52 in
802 2184 206 60 dessen
1050 2183 377 77 Schlepptau),
1475 2179 143 61 wird
1667 2178 141 60 eben
1859 2176 89 60 die
1988 2184 413 68 gegenwärtige
2442 2174 199 61 Politik

405 2277 241 78 geführt,
687 2275 274 61 während
1000 2284 103 51 wir
1145 2298 106 37 uns
1293 2297 106 37 nur
1439 2296 73 36 zu
1554 2270 84 61 ihr
1685 2269 320 72 verhalten,-
2053 2268 134 61 aber
2236 2268 128 59 dort
2411 2266 117 78 gibt
2576 2291 64 38 es

406 2371 133 59 auch
575 2378 88 51 ein
689 2369 356 60 Kontinuum
1078 2368 99 58 der
1210 2367 316 77 politischen
1553 2363 364 69 Diskussion,
1945 2371 55 50 in
2034 2360 102 61 das
2165 2360 90 61 die
2279 2360 360 77 Meinungen

405 2462 385 76 kompetenter
837 2459 307 61 Beurteiler
1192 2461 106 58 sich
1347 2457 280 62 einreihen
1685 2456 118 61 und
1844 2454 101 61 das
1997 2477 106 38 uns
2156 2453 154 70 fehlt,
2367 2453 128 61 weil
2536 2462 105 52 wir

405 2553 124 61 kein
570 2548 221 74 Talent,
842 2552 134 60 auch
1019 2551 169 61 heute
1229 2552 135 59 noch
1414 2551 155 68 nicht,
1614 2548 203 69 haben,
1868 2571 107 37 uns
2016 2570 116 38 von
2176 2546 110 61 den
2328 2542 312 65 Tatsachen

406 2644 255 62 erziehen
703 2668 73 35 zu
818 2644 201 61 lassen.
1063 2644 61 58 In
1166 2642 401 70 Deutschland,
1607 2640 312 62 besonders
1961 2649 97 50 mit
2090 2639 238 60 Bülows
2361 2639 176 69 Hilfe,
2571 2649 72 50 ist

406 2736 89 61 die
534 2735 197 61 Politik
772 2734 270 61 durchaus
1084 2734 192 61 ziellos
1309 2757 286 53 gewesen,
1637 2733 266 60 darunter
1943 2730 261 61 verstehe
2246 2731 96 70 ich,
2385 2730 109 61 daß
2535 2740 105 51 wir

406 2829 192 60 weder
645 2828 249 67 wußten,
942 2835 109 51 wie
1099 2835 134 51 weit
1280 2835 104 50 wir
1431 2826 180 75 gehen
1672 2825 249 69 wollten,
1978 2825 157 68 noch,
2193 2833 110 51 wie
2352 2833 136 51 weit
2535 2833 105 51 wir

406 2931 217 67 gingen,
666 2918 116 61 und
823 2941 66 38 so
923 2917 96 59 hat
1050 2941 129 37 man
1206 2927 54 49 in
1286 2917 98 59 der
1416 2915 564 61 demoralisierenden
2015 2914 315 78 Spannung
2362 2917 275 59 zwischen

407 3011 314 62 minimalen
760 3009 273 77 Erfolgen
1075 3009 117 60 und
1233 3018 327 51 exzessiven
1602 3009 370 74 Hoffnungen
2013 3007 204 76 gelebt,
2259 3007 150 61 ohne
2443 3009 196 77 irgend

409 3114 122 52 eine
571 3105 313 59 bestimmte
924 3101 116 61 und
1074 3102 337 76 unbedingte
1442 3101 287 76 Richtung,
1770 3100 193 60 weder
1999 3108 72 51 im
2113 3100 344 78 praktischen
2499 3103 138 60 noch

407 3195 388 80 prinzipiellen.
838 3194 429 60 Währenddem
1324 3194 96 59 hat
1475 3194 88 59 die
1613 3192 250 60 Entente
1920 3201 53 51 in
2024 3192 262 61 schneller
2334 3194 119 60 und
2510 3211 130 43 ent*

407 3290 342 60 schlossener
788 3287 207 61 Arbeit
1051 3295 88 52 ein
1196 3286 201 78 großes
1447 3286 167 61 Stück
1671 3285 99 60 der
1809 3285 166 60 Welt
2029 3286 220 60 verteilt
2306 3287 119 60 und
2481 3287 158 63 diese

407 3381 304 61 Broschüre
753 3389 68 51 ist
862 3380 98 60 der
993 3379 528 76 uneingestandene,
1555 3378 136 59 aber
1723 3376 424 78 durchgeführte
2164 3378 279 71 Versuch,
2476 3383 164 57 rück*

409 3473 275 61 schauend
726 3496 202 38 unsere
970 3481 230 68 eigenen
1233 3472 197 59 Kräfte
1463 3470 117 60 und
1687 3469 208 61 Fehler
1928 3479 110 51 wie
2070 3472 344 61 Aussichten
2448 3481 55 52 in
2537 3473 103 61 das

409 3566 329 61 überdachte
779 3564 229 78 System
1058 3564 97 60 der
1204 3563 478 79 Ententenpolitik
1731 3563 377 70 einzureihen,
2159 3587 105 38 aus
2317 3564 110 61 den
2467 3568 176 59 reich*

409 3658 165 61 liehen
608 3657 364 62 Erlebnissen
1008 3657 116 60 und
1155 3656 456 61 Miterlebnissen
1653 3655 83 62 bis
1779 3655 169 62 heute
1981 3656 402 79 Erfahrungen
2427 3657 91 62 für
2550 3660 93 61 die

409 3751 254 61 Zukunft
696 3775 73 37 zu
801 3752 224 59 machen
1059 3750 115 61 und
1207 3759 97 50 mit
1337 3749 108 60 den
1477 3749 238 77 gleichen
1743 3749 320 60 Gedanken
2098 3759 53 50 in
2187 3774 233 37 unserer
2443 3751 200 62 Politik

409 3844 381 77 vorzugehen,
832 3854 97 51 mit
969 3844 180 61 denen
1200 3868 72 35 zu
1314 3865 259 38 unserem
1607 3841 252 64 Schaden
1902 3851 53 51 in
1999 3842 99 61 der
2138 3842 239 63 anderer
2416 3845 230 62 Länder

409 3936 301 77 gearbeitet
749 3936 235 63 worden
1025 3945 85 52 ist.
