4582 7213
251 6788 151 66 184

236 467 279 78 frohen
595 464 352 81 Stunden
1025 467 117 78 als
1220 464 393 98 Künstler,
1691 462 304 81 damals
2073 464 110 77 im

236 584 467 95 September
785 585 262 73 meine
1132 584 504 93 Ausstellung
1719 585 110 72 im
1917 584 266 73 Sturm

239 721 166 52 war
480 701 125 72 ein
671 699 881 95 Kulminationspunkt;
1628 701 291 72 seither
1980 699 205 73 habe

233 814 130 75 ich
451 814 217 75 nicht
751 816 174 71 ein
1005 814 245 75 Werk
1323 814 381 75 zustande
1789 816 394 93 gebracht.

233 929 188 75 Was
473 929 203 73 habe
730 928 129 76 ich
910 931 220 73 mich
1183 933 328 93 geplagt,
1565 931 164 71 und
1784 951 166 53 was
2002 953 138 49 aus-

234 1043 463 94 gestanden!
802 1044 179 73 Und
1057 1068 166 53 was
1276 1048 157 71 mir
1506 1046 130 73 bei
1713 1046 199 71 aller
1989 1044 147 71 Hin-

234 1158 193 93 gabe
505 1158 217 74 nicht
802 1160 309 93 gelingt,
1196 1158 408 93 (nämlich,
1696 1158 211 74 mich
2002 1182 183 49 zum

238 1275 267 72 Sturm
558 1297 98 49 zu
707 1271 330 95 finden),
1089 1275 287 93 gelingt
1428 1275 259 71 einem
1724 1271 317 75 Andern
2102 1331 14 13 .
2171 1329 14 17 .

233 1386 221 92 (Hier
490 1388 261 93 folgen
790 1390 250 91 einige
1069 1388 261 73 Zeilen
1386 1386 401 73 schwerer
1838 1386 345 94 Angriffe

238 1500 164 74 und
456 1502 615 94 Beleidigungen
1123 1520 239 75 gegen
1428 1502 356 74 Wililam
1836 1502 349 91 Wauer.)

241 1617 323 84 „Halten
642 1615 193 76 Sie's
930 1618 129 72 für
1155 1615 127 75 die
1333 1615 237 73 Mühe
1653 1623 219 85 wert,
1973 1617 209 73 noch

234 1735 276 73 weiter
559 1732 170 76 sich
783 1735 144 71 mit
974 1735 156 70 mir
1186 1732 486 95 abzugeben;
1721 1732 217 74 mich
1992 1734 191 72 solls

234 1850 295 77 freuen.
632 1849 258 74 Wenn
962 1847 239 93 nicht,
1287 1869 187 68 nun,
1560 1845 213 75 dann
1863 1845 320 77 möchte

233 1962 130 75 ich
412 1966 83 71 in
546 1962 504 95 anständiger
1084 1962 259 75 Weise
1396 1960 130 75 die
1562 1960 621 99 Konsequenzen

233 2079 308 73 meiner
608 2079 485 95 impulsiven
1145 2076 713 94 Handlungsweise
1907 2077 276 73 ziehen

233 2191 167 74 und
427 2194 180 71 kein
639 2191 515 76 Gnadenbrot
1203 2216 156 51 von
1387 2192 248 73 Ihnen
1665 2192 517 73 annehmen..

233 2306 133 73 Ich
421 2306 167 74 will
639 2306 218 74 mich
908 2326 236 75 gerne
1183 2308 206 74 noch
1428 2308 142 72 mit
1608 2306 245 74 Ihnen
1892 2304 235 75 münd-

233 2421 160 73 lich
468 2421 569 95 aussprechen;
1115 2445 81 51 es
1282 2421 282 75 würde
1630 2423 159 71 mir
1840 2426 132 90 gut
2019 2426 166 85 tun,

233 2534 419 95 gründlich
702 2538 122 71 ins
876 2538 218 73 reine
1144 2538 145 71 mit
1337 2538 247 73 Ihnen
1636 2560 97 49 zu
1784 2538 399 71 kommen.

576 2653 137 73 Mit
763 2651 486 75 herzlichem
1279 2651 274 75 Gruss!

691 2766 131 73 Ihr
884 2768 427 95 ergebener
1360 2768 298 93 Lyonel
1718 2766 413 94 Feininger

233 2880 484 74 Zehlendorf
754 2883 295 73 —Mitte

236 2997 381 93 Königstr.
671 2998 117 73 32.
842 2997 75 74 d.
967 2998 66 72 4.
1089 2997 210 73 März
1355 2997 207 74 1918.

233 3131 137 72 Mit
421 3129 303 74 diesem
774 3131 232 91 Brief,
1110 3131 203 72 Herr
1364 3131 460 93 Westheim,
1902 3134 100 71 ist
2051 3132 129 73 für

233 3247 154 72 alle
470 3247 257 72 Zeiten
825 3246 175 73 Ihre
1083 3246 484 93 Mordsfrage
1640 3247 536 90 beantwortet,

233 3383 311 52 warum
595 3361 415 93 Feininger
1039 3359 182 75 dem
1276 3361 711 74 Geschäftsbetrieb
2039 3359 139 76 des

233 3476 252 73 Herrn
602 3476 337 74 Waiden
1083 3478 392 72 entlaufen
1643 3500 188 50 war.
1995 3478 181 74 Nun

234 3591 317 71 können
595 3589 127 75 Sie
773 3589 206 75 noch
1015 3591 295 73 einmal
1364 3591 433 92 schreiben,
1851 3615 82 49 es
1985 3593 195 91 gäbe

233 3706 127 71 für
422 3705 127 74 Sie
651 3705 252 72 nichts
986 3728 98 49 zu
1167 3705 510 93 berichtigen.
1779 3705 179 72 Und
2041 3730 139 47 um

233 3820 416 93 Feininger
749 3820 218 73 nicht
1064 3842 96 51 zu
1225 3821 377 92 kränken,
1684 3823 294 71 wollen
2029 3823 153 73 wir

234 3955 268 73 sagen;
554 3935 227 73 Mehr
832 3935 296 73 konnte
1211 3959 87 49 er
1381 3935 128 73 für
1558 3933 129 75 Sie
1740 3935 216 74 nicht
2016 3943 160 85 tun,

233 4050 116 71 als
448 4072 155 50 von
695 4050 494 72 Differenzen
1289 4050 173 71 rein
1564 4048 618 73 künstlerischer

238 5090 401 110 Inhalt

2419 465 250 76 Natur
2769 486 95 54 zu
2947 465 444 76 schreiben.
3494 464 223 76 Mehr
3802 464 239 77 nicht.
4144 464 222 81 Denn

2419 606 130 51 wo
2657 604 270 51 waren
3013 580 129 73 die
3226 579 544 78 Differenzen?
3855 582 259 75 Wenn
4198 582 168 73 ihm

2420 699 127 73 die
2585 697 547 93 Erscheinung
3167 692 357 80 William
3562 699 296 73 Wauer
3895 699 471 95 antipatisch

2419 838 191 66 war,
2690 816 211 69 kann
2981 836 84 49 er
3120 833 259 73 sagen,
3460 811 180 74 dass
3694 836 88 49 er
3833 814 145 71 mit
4027 811 339 76 Waiden

2422 931 488 73 Differenzen
2991 926 261 73 hatte?
3308 924 177 75 Und
3560 931 218 69 wäre
3853 950 81 49 es
3997 926 203 73 auch
4269 950 97 50 zu

2420 1046 261 73 einem
2759 1041 479 73 Bekenntnis
3313 1039 619 73 künstlerischer
4015 1039 141 73 Art
4237 1060 86 74 ge-

2420 1165 403 83 kommen,
2900 1178 233 51 wenn
3218 1178 86 49 er
3372 1154 218 75 nicht
3672 1154 111 73 im
3848 1153 252 74 Besitz
4153 1158 211 73 eines

2420 1268 852 78 kunsthändlerischen
3353 1268 471 73 Anerbieten
3909 1268 137 73 des
4112 1270 254 72 Herrn

2420 1388 220 73 Goltz
2676 1407 361 71 gewesen
3076 1386 235 70 wäre.
3418 1381 155 73 Das
3611 1383 98 73 ist
3761 1383 175 73 eine
3990 1385 335 71 fürchter-

2417 1503 212 75 liche
2681 1503 266 92 Frage,
3049 1500 143 73 auf
3282 1496 129 75 die
3494 1496 129 75 ich
3694 1498 228 71 keine
4009 1498 357 75 Antwort

2419 1617 260 74 haben
2752 1617 192 73 will.
3047 1613 415 93 Feininger
3513 1618 186 87 sagt,
3753 1634 86 50 er
3892 1613 112 75 sei
4058 1612 306 74 damals

2420 1732 391 76 überreizt
2886 1749 386 74 gewesen.
3372 1727 418 74 Vielleicht
3866 1728 336 73 erkennt
4283 1752 83 51 er

2422 1849 259 91 heute,
2784 1844 182 74 dass
3054 1845 125 73 ein
3252 1844 376 72 Künstler
3711 1842 171 74 sich
3941 1842 218 74 nicht
4208 1866 158 52 von

2420 1960 508 97 Antipathien
2986 1960 234 72 leiten
3265 1959 256 73 lassen
3575 1957 197 93 darf,
3873 1981 236 51 wenn
4164 1957 202 75 Herr

2419 2079 225 73 Goltz
2720 2077 174 73 ihm
2947 2076 247 74 schon
3252 2074 154 73 den
3457 2074 194 91 Weg
3704 2072 659 95 vorgeschrieben

2419 2192 157 77 hat.
2678 2192 127 73 Sie
2866 2192 210 90 aber,
3154 2191 201 73 Herr
3414 2187 461 93 Westheim,
3961 2189 256 73 sollen
4283 2211 80 51 es

2419 2308 415 91 Feininger
2910 2303 338 93 danken,
3336 2301 180 74 dass
3602 2325 87 50 er
3755 2301 139 74 das
3948 2321 416 76 vergessen

2419 2424 233 88 hatte,
2705 2423 118 69 als
2854 2443 86 49 er
2991 2418 345 93 dagegen
3364 2418 516 93 protestierte,
3932 2440 158 50 von
4119 2416 244 74 Ihnen

2417 2562 98 47 zu
2566 2538 261 71 einem
2857 2534 540 94 Begaunerten
3452 2531 362 95 gemacht
3861 2555 100 51 zu
4012 2531 349 76 werden.

2415 2650 378 76 Verdient
2842 2650 261 72 haben
3133 2646 132 76 Sie
3316 2670 81 49 es
3450 2645 218 74 nicht
3719 2668 137 51 um
3912 2646 153 75 den
4095 2648 266 91 Maler,

2410 2766 154 75 den
2620 2766 127 75 Sie
2823 2788 90 51 so
2972 2785 188 73 gern
3240 2761 151 75 den
3448 2761 386 95 Spitzweg
3885 2760 139 74 des
4076 2761 240 75 Kubis-

2408 2905 183 51 mus
2630 2887 371 84 nannten,
3055 2878 168 75 und
3277 2877 142 74 der
3470 2877 310 74 damals
3833 2877 198 72 über
4083 2877 127 74 Sie
4261 2899 102 50 an

2408 2995 339 76 Waiden
2834 2995 352 75 schrieb:
3291 2995 122 83 „In
3467 2990 557 78 Wirklichkeit
4097 2992 100 73 ist
4280 3014 81 51 es

2408 3115 158 71 mir
2647 3110 442 93 widerlich,
3192 3109 182 74 dass
3450 3131 188 50 man
3702 3107 158 73 mir
3909 3129 157 51 von
4119 3129 196 51 vorn-

2408 3225 278 75 herein
2771 3225 129 73 die
2971 3225 393 94 eigene
3416 3222 185 73 Art
3672 3222 125 73 bei
3851 3220 153 73 den
4058 3220 300 73 Leuten

2412 3342 882 95 absuggerieren

2412 3457 101 73 So
2564 3456 137 74 hat
2752 3456 417 94 Feininger
3221 3454 198 73 über
3470 3452 127 73 Sie
3648 3451 354 93 gedacht,
4063 3452 118 71 als
4232 3451 127 74 Sie

2412 3571 208 73 noch
2691 3571 290 74 anders
3060 3571 197 73 über
3325 3569 138 71 ihn
3541 3567 388 73 urteilten.
4032 3566 326 76 Damals

2412 3688 212 71 hatte
2691 3710 90 49 er
2840 3705 237 76 gegen
3133 3686 127 73 Sie
3319 3708 99 49 zu
3479 3683 396 93 kämpfen.
3977 3681 208 73 Aber
4246 3681 113 73 sie

2410 3801 325 73 werden
2822 3799 271 94 milde,
3203 3799 125 75 die
3414 3801 390 85 Künstler,
3899 3821 235 51 wenn
4229 3798 127 74 ein

2412 3915 433 74 Westheim
2900 3916 111 71 sie
3062 3915 454 74 anerkennt.

3631 4048 301 74 Rudolf
3978 4047 379 74 Blümner

238 5293 203 74 Kurt
493 5293 464 74 Liebmann:
1013 5290 381 76 Gedichte

234 5405 349 78 Thomas
641 5406 228 94 Ring:
925 5403 334 75 Gedicht

234 5522 246 74 Franz
534 5520 322 76 Richard
908 5520 376 74 Behrens:
1342 5518 376 73 Gedichte

234 5637 202 74 Kurt
487 5635 470 76 Schwitters:
1013 5633 383 76 Gedichte

236 5752 406 74 Hermann
695 5750 432 76 Grämlich:
1183 5748 333 75 Gedicht

236 5865 398 76 Herwarth
685 5865 369 75 Waiden:
1111 5865 243 73 Unter
1404 5864 154 72 den
1614 5864 292 74 Sinnen
1961 5862 29 95 /
2043 5864 194 76 Eine
2293 5862 393 95 Dichtung
2735 5862 402 76 zwischen
3191 5864 425 74 Menschen

234 5980 302 77 Rudolf
580 5980 409 75 Blümner:
1044 5982 155 71 Zur
1250 5979 471 76 Geschichte
1772 5977 139 75 des
1950 5977 267 75 Sturm
2254 5975 168 73 und
2456 5975 139 75 des
2632 5975 432 77 deutschen
3103 5979 582 73 Journalismus
3738 5975 27 95 /
3819 5977 256 75 Briefe
4112 5997 239 77 gegen

329 6097 196 71 Paul
576 6096 439 74 Westheim
1081 6092 25 97 /
1160 6094 514 73 Dreizehnter
1723 6092 215 73 Brief

234 6207 276 95 Jacoba
556 6234 152 51 van
759 6209 559 76 Heemskerck:
1372 6209 214 73 Zwei
1636 6206 532 76 Holzschnitte
2221 6204 25 95 /
2298 6206 204 74 Vom
2556 6206 233 72 Stock
2842 6204 376 95 gedruckt

238 6322 201 75 Peri:
493 6324 451 95 Zeichnung

238 6438 272 76 Albert
561 6436 342 80 Gleizes:
957 6441 207 73 Frau
1216 6439 168 75 und
1433 6439 208 75 Kind

238 6570 303 60 Oktober
580 6573 144 57 1921
