3546 4394
1768 184 69 49 50

238 327 260 47 italiänisirt.
557 328 100 46 Mir
689 327 142 45 blutet
858 325 78 47 das
965 327 136 53 Herz,
1132 343 51 28 zu
1214 325 155 55 sehen,
1401 327 84 45 wie
1514 327 69 45 ein
1613 325 104 47 deut-

235 404 130 47 scher
395 404 228 52 Künstler,
666 403 78 46 mit
780 404 182 61 eigener
990 402 409 63 Schöpfungskraft
1439 403 183 61 begabt,
1667 419 73 30 um

235 479 78 47 des
351 479 188 62 leidigen
572 479 204 46 Beifalles
805 478 80 47 der
915 479 162 62 Menge
1117 479 162 52 willen,
1321 494 99 31 zum
1453 479 291 46 Nachahmer

234 557 90 47 sich
357 555 353 61 herabwürdigt.
766 557 60 44 Ist
854 557 78 45 das
963 555 117 47 denn
1112 572 81 44 gar
1221 572 47 29 so
1297 557 192 52 schwer,
1526 555 83 46 den
1644 557 73 45 Bei-

236 633 70 47 fall
338 633 74 45 des
442 633 322 62 Augenblicks,
805 632 68 46 ich
915 648 106 47 sage
1063 632 121 46 nicht
1313 649 50 29 zu
1405 633 338 52 verachten,

234 709 110 47 aber
371 709 112 46 doch
517 708 120 47 nicht
666 709 61 46 als
760 709 219 46 Höchstes
1332 724 41 31 u.
1404 724 31 31 s.
1468 724 54 31 w.

347 786 53 46 Je
431 785 128 47 mehr
592 786 136 46 Mühe
764 785 175 48 Weber
967 786 89 46 sich
1087 785 113 47 auch
1235 802 72 29 um
1341 785 70 47 die
1442 785 298 62 Aufführung

231 863 224 62 gegeben,
502 879 72 28 um
604 878 49 30 so
684 863 196 62 weniger
910 863 227 45 verhehlte
1169 878 48 29 er
1245 860 80 47 der
1359 861 127 46 Welt
1517 861 86 46 und
1637 861 101 47 dem

234 940 212 46 Freunde
475 940 120 46 seine
617 940 216 61 Meinung
866 939 113 47 über
1010 940 76 46 das
1115 939 171 46 Wesen
1311 938 80 47 der
1415 939 145 47 Sache
1590 939 150 47 selbst.

346 1016 62 46 Er
437 1016 121 46 halte
588 1016 79 46 der
963 1016 88 46 und
1084 1016 100 46 dem
1533 1016 128 46 einen
1694 1016 42 46 in

229 1093 79 45 Nr.
346 1090 59 48 17
443 1090 87 47 und
568 1090 62 48 18
662 1093 79 45 der
772 1093 343 62 Abendzeitung
1155 1091 360 60 abgedruckten,
1557 1093 156 47 einfüh-

228 1169 169 45 renden
424 1167 181 47 Aufsatz
637 1170 406 58 vorausgeschickt,
1073 1170 40 44 in
1146 1169 100 47 dem
1279 1185 48 31 er
1355 1169 70 45 die
1456 1185 82 31 von
1565 1170 145 63 Meyer-

230 1245 108 48 beer
370 1246 68 46 bei
471 1246 305 62 Composition
817 1247 80 45 der
1198 1246 375 64 eingeschlagene
1604 1247 108 47 Rich-

226 1330 112 55 tung
370 1322 181 63 beklagt
582 1324 86 44 und
703 1324 269 62 missliebige
1001 1321 301 48 Seitenblicke
1340 1324 79 44 auf
1453 1322 84 47 den
1569 1325 167 44 Kunst-

226 1399 289 63 Standpunkt
544 1400 178 47 Italiens
751 1400 57 47 im
836 1401 312 62 Allgemeinen
1174 1400 128 47 wirft.
1335 1401 142 47 Unter
1510 1401 228 47 Anderem

226 1485 101 55 sagt
356 1493 47 30 er
433 1476 153 47 darin:

355 1554 86 54 „Es
485 1569 120 32 muss
648 1554 124 47 recht
813 1554 81 47 tief
930 1555 146 46 hinein
1122 1555 105 47 böse
1256 1555 92 46 sein
1382 1556 77 45 mit
1489 1554 100 47 dem
1622 1555 84 47 Ver-

225 1630 495 63 dauungs-Vermögen
770 1630 80 47 der
902 1632 301 46 italiänischen
1261 1632 328 61 Kunstmägen,
1639 1632 99 47 dass

224 1706 80 47 der
333 1707 160 62 gewiss
525 1724 79 29 aus
640 1708 183 60 eigener
858 1707 326 62 selbständiger
1214 1707 130 47 Kraft
1383 1707 200 47 schaffen
1626 1708 82 47 kön-

223 1785 146 45 nende
410 1783 168 47 Genius
617 1785 301 63 Meyerbeer's
962 1801 44 31 es
1053 1786 75 46 für
1166 1785 295 62 nothwendig
1501 1786 235 53 erkannte,

221 1861 122 48 nicht
374 1879 85 29 nur
488 1865 141 52 süsse,
661 1862 134 64 üppig
823 1862 301 48 schwellende
1160 1863 195 46 Früchte
1396 1863 80 47 auf
1509 1863 70 47 die
1609 1863 125 47 Tafel

220 1946 163 46 setzen,
426 1937 194 48 sondern
659 1940 61 45 sie
765 1940 113 45 auch
918 1940 168 62 gerade
1124 1941 79 46 mit
1240 1940 151 47 diesen
1423 1940 313 48 Modeformen

221 2016 271 47 verzuckern
521 2034 51 29 zu

339 2093 155 61 Gegen
525 2093 148 47 diesen
706 2095 183 47 Aufsatz
929 2096 153 46 liessen
1122 2095 70 47 die
1221 2096 226 51 Italiäner,
1493 2095 87 47 und
1614 2096 91 47 Mor-

223 2169 139 49 lacchi
394 2186 55 30 an
479 2169 122 47 ihrer
624 2171 162 61 Spitze,
817 2171 123 45 nicht
968 2187 85 31 nur
1082 2172 98 46 eine
1205 2171 307 62 Abfertigung
1541 2172 57 44 im
1636 2172 75 53 „Li-

221 2247 275 47 terarischen
770 2248 383 54 veröffentlichen,
1176 2248 195 47 sondern
1401 2249 61 46 sie
1495 2249 241 64 beklagten

219 2324 91 47 sich
342 2341 151 46 sogar,
534 2326 90 53 „als
667 2326 41 45 in
750 2326 121 47 ihrer
910 2326 353 47 künstlerischen
1298 2327 121 46 Ehre

221 2401 118 48 beim
374 2401 165 48 Grafen
573 2402 243 47 Einsiedel!
849 2403 81 46 Die
958 2403 305 61 Abfertigung
1293 2403 187 46 enthielt
1510 2403 228 47 hämische

220 2479 431 61 Verdächtigungen
694 2496 82 32 von
821 2481 213 47 Weber's
1075 2481 329 47 Kunststreben
1446 2482 39 46 in
1533 2482 205 47 Dresden

220 2557 88 47 und
353 2557 84 46 den
484 2558 192 46 Motiven
720 2558 143 46 seines
905 2558 177 47 Lebens
1137 2558 90 47 und
1272 2559 236 50 Treibens,
1561 2559 177 47 scharfe

217 2636 131 61 Rüge
386 2634 148 46 seiner
565 2633 225 55 Tendenz,
830 2634 83 47 den
948 2637 419 62 Kunstgeschmack
1407 2637 113 46 nach
1566 2638 167 46 seinem

216 2712 137 47 Sinne
380 2710 131 49 leiten
543 2728 50 29 zu
628 2713 176 51 wollen,
836 2730 41 29 u.
908 2728 31 31 s.
972 2730 54 29 w.

337 2789 81 46 Die
446 2789 146 47 Sache
637 2789 176 47 machte
858 2789 78 48 das
977 2794 173 60 grösste
1181 2789 247 50 Aufsehen,
1475 2791 77 46 das
1595 2807 141 43 ganze

221 2867 438 47 Theater-Personal
705 2883 93 31 war
841 2868 41 46 in
929 2868 275 63 Bewegung.
1260 2868 48 46 In
1346 2868 115 47 allen
1493 2869 243 62 geselligen

220 2943 180 48 Cirkeln
437 2943 80 47 der
553 2943 131 48 Stadt
720 2945 235 63 gruppirte
995 2944 90 47 sich
1131 2945 69 47 die
1239 2945 275 47 italiänische
1546 2945 86 47 und
1667 2945 71 47 die

219 3019 216 48 deutsche
465 3020 372 47 Theater-Partei
869 3022 216 52 schärfer,
1117 3023 62 46 als
1202 3022 47 63 je
1277 3038 148 31 zuvor.

336 3098 47 46 In
416 3113 185 31 unserer
630 3097 141 48 durch
805 3099 305 62 praktischere
1139 3099 327 53 Ideenströme,
1496 3098 242 58 Industrie,

219 3175 178 55 Politik,
428 3175 178 47 Handel
640 3175 87 47 und
753 3177 200 47 Technik
978 3177 239 61 bewegten
1240 3177 96 47 Zeit
1367 3177 118 47 kann
1518 3193 103 31 man
1645 3177 91 47 sich

219 3252 136 48 kaum
402 3253 128 47 mehr
572 3253 68 46 ein
689 3253 92 47 Bild
827 3253 144 48 davon
1014 3255 207 52 machen,
1264 3254 171 47 welche
1470 3254 268 64 Bedeutung

219 3329 71 47 ein
320 3329 284 47 öffentlicher
629 3330 170 64 Kampf
824 3347 73 30 um
924 3332 646 60 Theater-Angelegenheiten
1602 3332 42 45 in
1670 3332 46 63 je-

219 3423 81 30 ner
337 3423 82 30 von
460 3423 184 46 grossen
678 3408 323 63 Bewegungen
1048 3408 89 47 und
1170 3409 423 62 Erschütterungen
1636 3426 77 30 aus-

221 3483 235 47 ruhenden
488 3485 93 46 Zeit
612 3485 221 54 erhalten,
865 3485 84 47 wie
979 3503 49 29 er
1057 3485 70 47 die
1159 3485 254 48 Gemüther
1440 3486 115 47 eben
1585 3502 48 31 so
1663 3486 84 47 tief

220 3561 91 47 und
333 3563 236 45 stürmisch
593 3563 219 63 aufregen
832 3563 183 56 konnte,
1039 3564 84 47 wie
1139 3564 111 63 jetzt
1272 3564 99 48 eine
1393 3564 350 48 Wahlschlacht

220 3639 109 48 oder
360 3639 97 47 eine
487 3639 208 63 wichtige
728 3640 452 48 Kammer-Debatte.

341 3715 193 55 Weber,
577 3716 246 47 kränkelnd
868 3718 87 47 und
998 3718 192 53 reizbar,
1235 3719 97 47 liess
1373 3718 92 48 sich
1496 3718 143 48 durch
1670 3718 71 48 die

220 3793 246 63 Vorgänge
497 3794 104 47 weit
634 3794 116 47 über
778 3794 128 48 ihren
938 3795 262 47 wirklichen
1233 3795 167 48 Werth
1442 3796 160 47 hinaus
1645 3796 72 49 auf-

219 3888 138 44 regen
391 3871 89 47 und
513 3873 41 45 in
587 3870 291 50 fieberischer
906 3874 126 46 Hitze
1061 3874 228 53 verleiten,
1321 3874 130 48 einen
1477 3874 184 48 Aufsatz
1689 3892 52 30 zu

217 3949 254 54 schreiben,
501 3949 97 54 der,
630 3950 136 47 kaum
798 3950 353 62 gemässigteren
1176 3953 149 45 Tones
1354 3951 64 47 als
1442 3951 71 49 die
1536 3951 208 65 Angriffe

219 4026 146 46 seiner
397 4026 180 64 Gegner
607 4026 231 65 gehalten,
879 4027 122 46 nicht
1029 4027 305 49 allenthalben
1364 4029 80 47 das
1475 4029 145 48 Recht
1651 4029 90 48 und

220 4102 72 49 die
323 4102 259 50 öffentliche
614 4105 218 63 Meinung
863 4105 81 47 auf
967 4105 120 47 seine
1118 4105 121 47 Seite
1272 4105 198 48 brachte.

1960 325 118 47 Graf
2101 327 223 47 Einsiedel
2371 327 121 48 hatte
2535 328 70 46 die
2647 329 145 64 Klage
2831 328 80 48 der
2953 331 207 47 Italiäner
3204 332 160 62 richtig

1842 402 283 63 gewürdigt;
2166 419 48 31 er
2246 403 238 63 beruhigte
2520 405 178 46 Weber
2737 407 89 45 und
2869 405 75 49 bat
2975 407 92 54 ihn,
3116 407 71 47 die
3216 408 148 47 Sache

1843 478 95 47 todt
1967 496 50 28 zu
2048 480 269 61 schweigen.

1960 555 82 47 Die
2072 557 228 47 treffliche
2332 557 187 47 Familie
2549 558 113 44 Beer
2693 558 123 47 hatte
2846 559 135 46 kaum
3014 574 83 31 von
3128 558 85 48 den
3249 559 85 47 Ver-

1840 629 383 51 driesslichkeiten
2253 633 179 62 gehört,
2462 634 41 46 in
2535 633 69 47 die
2630 634 176 46 Weber
2827 635 177 63 zulolge
3028 635 149 47 seiner
3204 637 127 45 Wirk-

1839 708 192 47 samkeit
2070 709 68 46 bei
2171 710 298 64 Aufführung
2515 725 82 31 von
2630 710 304 64 Meyerbeer's
2963 712 159 63 Opern

1848 783 48 48 dl
2247 786 49 47 und
2651 788 255 45 verwickelt
2938 788 185 47 worden
3156 805 112 39 war,
3298 790 64 46 als

1839 860 64 46 sie
1942 861 241 52 beschloss,
2228 864 90 46 ihm
2364 865 128 46 einen
2539 863 309 48 freundlichen
2891 865 284 61 Augenblick
3217 865 142 48 durch

1842 939 246 62 Erfüllung
2119 940 119 46 eines
2266 941 184 64 zufällig
2474 941 142 47 durch
2649 941 84 47 den
2766 958 84 30 von
2879 941 178 47 Weber
3085 958 55 30 an
3171 943 63 47 sie
3264 960 62 31 em-

1842 1014 239 63 pfohlenen
2114 1016 361 49 Violoncellisten
2511 1019 132 46 Kraft
2684 1019 42 46 in
2773 1019 263 62 Erfahrung
3079 1019 280 63 gebrachten

1842 1091 470 62 Lieblingswunsches
2369 1094 214 47 Weber's
2642 1112 48 28 zu
2751 1094 216 48 bereiten.
3053 1096 92 46 Der
3191 1096 170 49 heitere

1844 1169 375 49 Prachtliebende
2267 1171 125 47 hatte
2435 1176 248 59 geäussert,
2740 1171 100 47 dass
2890 1173 90 45 ihm
3033 1190 85 30 nur
3165 1174 197 47 silberne

1840 1247 322 47 Armleuchter
2204 1249 114 47 noch
2360 1267 79 29 zur
2472 1249 287 63 Vollendung
2788 1249 80 45 der
2900 1250 274 46 Decoration
3213 1251 149 46 seiner

1840 1322 126 46 Tafel
2013 1324 179 47 fehlten.
2252 1325 112 47 Eine
2403 1326 123 46 Kiste
2568 1326 80 46 mit
2685 1326 201 54 solchen,
2928 1341 81 32 von
3042 1325 80 47 der
3154 1326 204 47 fürstlich

1839 1400 179 47 reichen
2048 1402 186 46 Familie
2257 1404 232 59 gesendet,
2520 1404 107 63 ging
2658 1420 70 29 am
2756 1402 83 50 28.
2870 1402 207 49 Februar
3108 1405 79 46 mit
3216 1404 146 48 einem

1839 1476 280 56 liebevollen,
2149 1479 266 48 dankbaren
2448 1480 88 47 und
2569 1480 70 46 die
2663 1481 166 46 Motive
2859 1480 80 47 der
2961 1481 219 62 Sendung
3210 1481 43 48 in
3282 1481 80 48 das

1839 1555 351 48 anmuthendste
2219 1556 131 47 Licht
2378 1556 247 48 stellenden
2657 1557 248 47 Schreiben
2938 1557 85 47 ein.

1959 1631 177 48 Weber
2162 1634 145 47 fühlte
2329 1635 91 47 sich
2445 1634 202 48 dadurch
2680 1636 42 45 in
2754 1634 260 63 peinlichste
3039 1634 324 63 Verlegenheit

1838 1717 182 52 gesetzt,
2054 1710 245 48 besonders
2329 1711 55 47 da
2423 1711 92 47 ihm
2554 1711 137 47 schon
2732 1711 229 47 öffentlich
2994 1711 122 47 seine
3146 1711 216 48 Vorliebe

1839 1785 75 47 für
1960 1786 303 65 Meyerbeer's
2300 1788 179 47 Werke
2521 1805 99 29 zum
2666 1787 220 47 Vorwurf
2916 1787 212 64 gemacht
3174 1787 187 48 worden

1838 1861 88 48 und
1959 1880 45 30 es
2036 1866 358 47 vorauszusehen
2429 1882 110 39 war,
2569 1865 101 47 dass
2699 1865 80 47 der
2811 1866 227 63 Empfang
3070 1865 77 47 des
3178 1865 156 48 kostba-

1837 1956 78 31 ren
1947 1941 291 48 Geschenkes
2266 1943 122 46 nicht
2420 1942 265 48 unbekannt
2716 1942 177 47 bleiben
2937 1942 88 47 und
3058 1941 119 48 dann
3211 1942 119 47 wahr-

1835 2017 298 48 scheinlicher
2166 2021 156 46 Weise
2360 2020 71 47 die
2468 2020 283 47 lieblosesten
2784 2020 328 63 Auslegungen
3149 2020 213 47 erfahren

1837 2096 172 47 würde.
2044 2097 84 47 Um
2158 2097 91 47 sich
2282 2097 89 48 und
2404 2115 78 30 vor
2511 2098 117 47 allen
2661 2098 178 63 Dingen
2865 2097 242 48 Carolinen
3138 2097 79 47 das
3244 2098 118 47 Herz

1837 2173 142 46 durch
2025 2172 85 47 den
2155 2173 195 49 Anblick
2394 2175 80 47 der
2515 2175 249 61 gesandten
2815 2173 365 49 Herrlichkeiten
3240 2175 121 45 nicht

1835 2249 178 47 schwer
2040 2267 52 29 zu
2125 2251 208 54 machen,
2375 2269 83 47 zog
2487 2269 48 29 er
2566 2267 45 31 es
2648 2267 95 40 vor,
2782 2251 69 47 die
2883 2252 125 44 Kiste
3047 2267 83 43 gar
3160 2251 121 47 nicht
3310 2269 51 29 zu

1835 2326 153 48 öffnen
2032 2327 92 47 und
2164 2327 198 49 dieselbe
2403 2329 78 46 mit
2510 2327 380 65 nachfolgendem
2920 2327 166 55 Briefe,
3135 2343 80 32 aus
3258 2328 101 47 dem

1837 2403 217 47 Weber's
2086 2404 139 47 feiner
2256 2407 127 52 Tact,
2422 2406 71 47 die
2522 2404 288 49 Redlichkeit
2844 2406 147 45 seiner
3020 2406 342 52 Kunstansicht,

1835 2481 263 48 verbunden
2131 2483 80 46 mit
2239 2482 102 48 dem
2374 2483 292 47 herzlichsten
2700 2483 256 52 Wunsche,
3000 2482 102 47 dem
3145 2482 188 47 hochver-

1835 2558 158 48 ehrten
2027 2561 145 45 Paare
2201 2559 42 49 in
2275 2561 155 47 keiner
2463 2561 160 47 Weise
2661 2561 98 45 eine
2796 2559 358 64 Missstimmung
3193 2576 50 30 zu
3284 2559 50 47 be-

1837 2636 157 53 reiten,
2025 2637 40 47 in
2098 2637 449 62 liebenswürdigster
2580 2639 136 46 Form
2750 2637 380 47 hervorleuchtet.

2446 2716 254 55 „Dresden,
2731 2716 85 47 den
2849 2714 47 49 2.
2929 2717 121 44 März
3086 2713 159 50 1820.

1961 2794 98 50 „An
2103 2792 145 47 meine
2288 2792 165 54 lieben,
2495 2792 359 48 hochverehrten
2897 2792 139 47 Vater
3067 2791 89 48 und
3191 2792 171 47 Mutter

2069 2869 128 46 Beer.

1960 2947 110 54 „Mit
2100 2947 127 47 recht
2256 2947 249 48 schwerem
2542 2949 175 46 Herzen
2760 2947 193 63 ergreife
2991 2947 70 47 ich
3093 2945 70 47 die
3196 2944 167 54 Feder,

1837 3023 73 46 Ihr
1955 3023 137 48 liebes
2131 3024 249 47 Schreiben
2427 3042 99 30 vom
2561 3024 86 50 26.
2683 3025 208 47 Februar
2929 3042 51 29 zu
3029 3025 334 49 beantworten,

1835 3100 117 47 denn
1983 3100 67 47 ich
2078 3118 121 31 muss
2221 3102 79 47 das
2326 3103 288 53 befürchten,
2647 3119 93 32 was
2770 3102 102 48 dem
2907 3100 212 49 Freunde
3149 3108 106 39 stets
3286 3099 77 50 das

1835 3178 374 49 Schmerzlichste
2238 3180 53 46 ist
2411 3182 75 45 Sie
2525 3198 51 29 zu
2616 3180 204 49 kränken
2858 3179 89 48 und
2980 3180 139 46 Ihnen
3152 3178 130 47 wehe
3312 3196 50 29 zu

1835 3254 127 48 thun.
1994 3255 127 47 Aber
2149 3257 70 47 ich
2253 3257 117 63 folge
2401 3258 194 47 meinem
2629 3258 201 48 Gefühle
2860 3257 89 47 und
2983 3257 171 47 meiner
3188 3254 178 56 Pflicht,

1835 3332 92 48 und
1960 3332 72 48 bin
2064 3334 267 61 überzeugt,
2354 3334 101 48 dass
2478 3335 75 47 Sie
2575 3335 138 47 selbst
2741 3353 51 28 zu
2823 3334 188 64 gerecht
3041 3333 91 47 und
3165 3332 174 48 feinfüh-

1838 3409 102 48 lend
1971 3410 115 55 sind,
2131 3413 63 46 als
2225 3412 102 48 dass
2356 3413 75 47 Sie
2552 3413 164 48 einmal
2759 3413 146 47 meine
2935 3410 189 49 Gründe
3155 3409 211 48 kennend

1928 3489 133 64 lange
2091 3490 81 46 auf
2197 3490 117 47 mich
2346 3494 168 45 zürnen
2547 3492 172 47 sollten.
2775 3490 231 49 Erlauben
3037 3490 75 47 Sie
3141 3489 84 46 mir
3255 3489 111 55 also,

1837 3565 161 48 theure
2022 3566 230 55 Freunde,
2282 3568 79 48 das
2384 3568 163 65 gewiss
2568 3569 170 47 schöne
2764 3568 256 54 Geschenk,
3051 3566 79 49 das
3155 3565 85 48 mir
3264 3566 103 49 Ihre

1839 3644 118 47 Güte
1987 3644 254 65 zugedacht
2271 3645 93 55 hat,
2394 3646 123 47 nicht
2547 3646 257 49 annehmen
2835 3663 51 30 zu
2912 3645 177 47 dürfen.
3119 3644 75 48 Ich
3221 3644 74 47 bin
3321 3660 46 32 es

1839 3720 82 48 fest
1950 3720 268 66 überzeugt,
2255 3723 91 48 und
2389 3724 146 48 kenne
2573 3724 74 47 Sie
2693 3723 138 48 Beide
2874 3723 132 63 lange
3044 3739 154 48 genug
3237 3721 131 56 dazu,

1839 3798 102 48 dass
1971 3799 71 48 die
2074 3801 164 47 reinste
2268 3800 207 56 Absicht,
2509 3803 85 45 mir
2624 3800 89 48 und
2749 3801 170 49 meiner
2950 3803 122 47 Frau
3105 3799 182 48 Freude
3315 3817 52 30 zu

1840 3876 210 55 machen,
2091 3879 75 47 Sie
2194 3897 52 29 zu
2276 3879 168 48 diesem
2478 3879 325 48 wiederholten
2836 3879 202 48 Beweise
3070 3878 128 48 Ihrer
3229 3878 141 48 Liebe

1839 3956 289 49 veranlasste.
2188 3958 125 47 Aber
2341 3959 98 47 Zeit
2477 3958 91 47 und
2602 3958 248 48 Umstände
2890 3958 224 48 wechseln
3146 3956 65 49 oft
3239 3973 97 32 wun-

1840 4031 169 50 derbar
2039 4034 43 47 in
2114 4034 81 48 der
2227 4035 142 48 Welt.
2425 4036 185 47 Könnte
2639 4036 122 49 nicht
2793 4036 114 49 auch
2940 4036 115 47 einst
3084 4035 70 47 ein
3185 4034 185 48 Zweifel

1842 4123 145 48 gegen
2020 4110 72 48 die
2124 4111 211 49 Reinheit
2378 4113 172 48 meiner
2591 4114 302 48 Theilnahme
2933 4130 56 32 an
3033 4113 149 48 Ihrem
3215 4113 156 48 Hause
