3546 4394
3046 4185 31 49 7

377 183 249 198 Nie
682 183 945 193 ie;T'seiiiisr'
1663 234 132 147 te
1942 183 1143 259 Musik-Zeitung

1005 483 117 119 fit
1213 483 551 117 Cumatfmmile
1820 488 142 112 tmii
2021 483 394 119 üiitKÜPr.

183 722 390 68 Herausgegeben
621 742 88 32 von
762 724 235 48 Professor
1926 718 68 58 L.
2157 717 264 78 Bischoff.
1630 723 171 66 Verlag
1857 724 81 48 der
2924 724 374 67 Buchhandlung.

253 873 81 53 i\r.
376 874 46 52 7.

1382 863 172 76 KÖLN,
1596 876 74 52 18.
1714 874 229 54 Februar
1985 876 135 53 18Ö5.

2790 877 122 53 XIII.
2954 877 272 71 Jahrgang.

284 1052 221 36 Inhalt.

560 1052 247 35 Persönliche
838 1052 258 36 Verhältnisse
1122 1065 151 35 grosser
1298 1054 154 34 Meister
1480 1066 47 21 zu
1557 1051 191 37 einander.
1778 1052 40 35 C.
1848 1053 51 35 M.
1929 1065 74 22 von
2033 1053 140 34 Weber
2199 1054 77 33 und
2303 1054 131 46 Meyer
2461 1056 107 33 Beer.
2699 1056 93 33 Eine
2823 1057 154 33 Stimme
3006 1068 66 22 aus
3102 1056 202 36 Nordame-

174 1113 80 35 rica
282 1113 93 34 über
404 1113 59 33 die
493 1113 183 33 deutsche
706 1113 112 45 Oper.
851 1133 43 5 —
926 1113 95 35 Aus
1053 1115 194 33 Bremen
1277 1113 170 45 (Hiller's
1487 1113 74 36 Ver
1588 1124 152 24 sacrum
1767 1114 77 33 und
1875 1115 96 43 „Die
1999 1116 230 44 Zerstörung
2575 1117 82 34 Von
2688 1130 34 21 x.
2751 1117 76 34 und
2857 1118 40 34 P.
2932 1138 41 3 —
3006 1117 193 35 Siebentes
3231 1119 50 34 Ge-

173 1172 403 36 sellschafts-Concert
603 1174 39 32 in
670 1173 104 34 Köln
802 1175 52 32 im
886 1174 228 34 Gürzenich.
1147 1193 46 4 —
1225 1175 175 44 Tages-
1439 1176 92 33 und
1569 1174 533 45 Unterhaltungsblatt
2131 1174 157 45 (Mainz,
2318 1176 58 34 die
2405 1177 362 35 mittelrheinischen
2796 1177 224 35 Musikfeste
3052 1199 41 4 —
3126 1179 176 43 Weimar,

176 1234 102 45 „Der
435 1254 42 4 —
510 1234 184 45 Dresden,
723 1233 444 45 Musik-Aufführungen
1198 1252 43 5 —
1272 1234 125 45 Wien,
1427 1233 412 47 Ordens-Verleihung,
1870 1233 322 47 Sing-Akademie
2223 1255 43 4 —
2298 1237 44 33 A.
2373 1234 166 36 Hennes'
2571 1236 386 35 Clavier-Unterricht
2984 1237 116 35 durch
3129 1238 154 45 Briefe).

275 1385 332 55 Persönliche
650 1384 350 56 Verhältnisse
1044 1405 208 53 grosser
1292 1386 204 57 Meister
1536 1406 61 36 zu

807 1472 258 55 einander.

767 1585 144 48 (Vergl.
954 1587 63 35 Nr.
1058 1584 52 49 3.)

379 1677 49 49 C.
469 1677 61 49 M.
569 1694 98 32 von
710 1679 216 48 Weber
967 1680 108 47 und
1115 1680 188 65 Meyer
1347 1680 153 47 Beer.

287 1771 304 49 Bekanntlich
623 1788 156 32 waren
808 1773 180 48 Weber
1019 1773 90 48 und
1141 1773 270 66 Meyerbeer
1442 1773 70 47 die
1543 1772 162 48 beiden

169 1849 224 58 Musiker,
431 1865 57 33 an
526 1849 140 49 deren
699 1851 292 64 Ausbildung
1021 1851 82 48 der
1132 1852 94 47 Abt
1256 1851 173 64 Vogler
1468 1851 70 47 die
1578 1852 128 47 letzte

172 1924 137 51 Hand
339 1926 155 64 gelegt
523 1927 125 47 hatte
678 1926 93 49 und
800 1928 80 47 mit
903 1928 148 48 Recht
1080 1928 123 48 nicht
1235 1929 147 64 wenig
1412 1929 107 46 stolz
1545 1927 166 48 darauf

170 2020 111 33 war.

287 2081 80 48 Bei
404 2081 169 66 Vogler
614 2082 43 48 in
689 2082 268 49 Darmstadt
998 2083 145 48 lernte
1176 2082 181 51 Weber
1395 2083 86 48 den
1514 2083 193 65 jungen,

170 2157 177 49 damals
389 2166 93 39 erst
522 2158 455 65 sechszehnjährigen
1011 2161 117 47 Beer
1169 2161 191 48 kennen.
1418 2161 162 47 Dieser
1608 2177 98 32 war

169 2237 46 48 in
244 2235 211 64 Vogler's
493 2235 157 49 Hause
691 2235 92 49 und
828 2244 182 58 erregte
1052 2237 143 48 durch
1239 2238 93 47 sein
1377 2237 329 48 wunderbares

170 2313 167 48 Talent
366 2310 94 50 und
489 2313 123 48 seine
640 2313 328 65 unglaubliche
998 2313 427 66 Auffassungsgabe
1456 2314 249 51 Aufsehen.

170 2392 68 47 Er
269 2406 98 33 war
396 2389 177 50 damals
601 2390 140 49 schon
771 2390 126 49 nicht
938 2408 88 32 nur
1065 2393 71 48 ein
1175 2393 399 65 ausgezeichneter
1603 2393 78 48 Vir-

170 2477 133 42 tuose
332 2467 77 49 aui
437 2467 104 49 dem
574 2468 193 55 Ciavier,
797 2468 196 49 sondern
1025 2470 117 47 auch
1167 2470 126 49 einer
1316 2470 80 49 der
1419 2478 150 41 ersten
1593 2472 84 48 Par-

172 2545 296 65 titurspieler,
511 2545 72 50 die
626 2563 46 32 es
703 2547 47 64 je
788 2548 205 63 gegeben
1028 2548 90 48 hat.
1175 2550 133 47 Seine
1353 2549 350 65 vierstimmigen

184 2623 275 58 „Geistliche
487 2623 167 48 Lieder
684 2641 82 30 von
1119 2643 153 31 waren
1311 2627 115 47 auch
1465 2627 138 48 schon
1635 2643 46 31 er-

174 2702 226 48 schienen.
464 2702 155 47 Wenn
648 2702 93 47 sich
774 2719 90 31 nun
897 2703 114 47 auch
1045 2703 197 58 Weber,
1291 2704 104 47 acht
1423 2704 141 48 Jahre
1594 2705 113 47 älter

176 2782 63 47 als
268 2779 135 53 Beer,
432 2779 125 47 nicht
586 2796 48 31 so
664 2797 89 47 eng
785 2780 89 49 und
907 2782 260 47 innerlichst
1195 2799 55 31 an
1277 2782 151 48 diesen
1461 2783 245 54 anschloss,

177 2857 85 48 wie
294 2873 54 32 an
381 2857 225 48 Gottfried
642 2858 180 48 Weber
861 2859 88 47 und
983 2859 311 55 Gänsbacher,
1332 2877 49 30 so
1423 2860 283 64 begründete

176 2934 116 48 doch
330 2934 107 63 jene
479 2934 277 48 Studienzeit
798 2935 68 47 ein
913 2935 450 50 freundschaftliches
1404 2938 303 63 persönliches

177 3011 282 49 Verhältniss
487 3013 222 47 zwischen
743 3013 186 52 Beiden,
969 3013 103 48 dass
1100 3014 92 47 sich
1225 3015 187 47 niemals
1443 3015 264 64 verläugnet

176 3089 95 56 hat,
301 3090 116 47 auch
443 3090 64 47 als
530 3089 166 48 Beider
718 3090 292 64 Richtungen
1035 3093 106 47 weit
1171 3108 79 32 aus
1282 3093 217 47 einander
1523 3093 182 63 gingen.

291 3168 152 47 Schon
488 3168 65 48 als
583 3169 390 48 Musik-Director
1018 3169 41 47 in
1089 3170 123 62 Prag
1258 3170 123 47 hatte
1414 3170 179 47 Weber
1633 3170 73 47 die

174 3253 118 42 erste
316 3245 130 66 Oper
471 3245 328 66 Meyerbeer's:
1170 3248 96 48 aufs
1296 3249 308 63 sorgfältigste
1626 3265 80 31 zur

177 3323 306 64 Aufführung
512 3324 240 63 gebracht,
784 3324 348 48 vorbereitende
1157 3325 209 47 Aufsätze
1396 3325 199 48 darüber
1625 3342 52 48 ge-

174 3401 258 57 schrieben,
463 3403 221 47 achtzehn
717 3403 180 48 Proben
930 3403 145 48 davon
1106 3404 213 62 gehalten
1352 3404 87 47 und
1471 3404 123 47 Alles
1625 3420 52 47 ge-

173 3480 128 57 tban,
333 3497 75 31 um
440 3480 71 47 ihr
541 3480 130 48 einen
695 3481 161 64 Erfolg
885 3498 53 30 zu
971 3481 297 56 verschaffen,
1298 3481 85 47 den
1406 3481 62 47 sie
1493 3481 40 47 in
1557 3481 120 47 Stutt-

173 3565 119 56 gart,
325 3556 139 50 Wien
497 3558 90 48 und
617 3574 58 31 an
706 3559 177 63 einigen
915 3558 200 48 anderen
1147 3559 146 47 Orten
1325 3559 122 47 nicht
1476 3559 123 47 hatte
1630 3575 47 31 er-

176 3635 165 65 langen
372 3635 196 50 können.
607 3638 130 47 Auch
770 3638 42 47 in
845 3638 120 64 Prag
996 3636 131 65 gefiel
1161 3636 70 49 die
1261 3638 129 63 Oper
1421 3636 69 49 bei
1522 3636 80 49 der
1630 3653 47 32 er-

173 3720 96 41 sten
294 3712 307 65 Aufführung
630 3714 139 57 nicht,
799 3730 168 49 errang
995 3714 91 48 sich
1120 3714 129 57 aber,
1279 3714 56 48 da
1364 3714 178 48 Weber
1573 3715 94 47 meh-

174 3808 102 31 rere
308 3791 430 65 Wiederholungen
769 3793 261 49 beharrlich
1065 3791 299 59 durchsetzte,
1407 3793 141 48 durch
1580 3793 121 48 diese

173 3869 71 48 die
294 3869 147 49 Gunst
489 3869 78 48 des
615 3870 279 51 Publicums,
955 3871 110 49 Wie
1103 3870 240 65 aufrichtig
1388 3886 49 32 er
1479 3886 47 32 es
1566 3869 132 49 dabei

173 3949 184 54 meinte,
395 3949 109 64 geht
534 3947 114 50 auch
682 3965 155 32 ausser
868 3949 80 49 der
981 3949 313 66 Betrachtung
1325 3949 79 48 der
1434 3949 152 64 Mühe,
1630 3949 71 48 die

174 4041 49 32 er
252 4025 169 49 darauf
443 4025 201 56 wandte,
687 4043 80 31 aus
814 4026 146 48 einem
992 4026 150 48 Briefe
1185 4043 55 31 an
1274 4029 47 45 F.
1354 4026 202 50 Rochlitz
1595 4026 77 48 her-

174 4119 94 43 vor,
297 4104 102 49 dem
441 4121 48 32 er
527 4104 69 64 (7.
626 4105 262 49 November
924 4104 162 65 1815)
1129 4105 206 48 schrieb:
1388 4106 125 56 „Der
1542 4105 130 64 glück-

1797 1391 115 47 liehe
1954 1390 158 64 Erfolg
2155 1390 80 48 der
2277 1391 129 63 Oper
2446 1391 305 66 Meyerbeer's
2802 1393 77 49 hat
2921 1395 84 47 mir
3048 1396 268 51 unendliche

1801 1468 179 47 Freude
2022 1468 229 63 gemacht,
2309 1468 90 49 und
2444 1470 68 47 ich
2557 1470 189 48 ersuche
2785 1472 91 56 Sie,
2929 1471 165 51 diesem
3138 1473 176 50 kleinen

1799 1546 212 47 Aufsatze
2035 1545 202 47 darüber
2265 1561 48 31 so
2346 1546 103 47 bald
2479 1547 64 47 als
2573 1547 197 64 möglich
2802 1548 70 47 ein
2895 1548 237 50 Plätzchen
3163 1551 41 47 in
3234 1551 80 48 der

1799 1623 368 63 Musik-Zeitung
2194 1641 49 29 zu

1915 1700 78 48 Als
2037 1700 342 64 Capellmeister
2421 1702 43 47 in
2506 1701 206 48 Dresden
2759 1701 232 49 bewährte
3034 1721 47 31 er
3122 1705 197 49 dieselbe

1799 1774 265 67 Gesinnung
2094 1794 147 48 gegen
2272 1778 84 49 den
2389 1780 183 47 Freund
2605 1778 88 49 und
2727 1780 383 63 Kunstgenossen.

1915 1854 267 65 Meyerbeer
2205 1872 94 31 war
2323 1856 288 48 bekanntlich
2636 1857 113 47 nach
2773 1857 157 48 Italien
2958 1875 238 49 gegangen
3227 1860 90 48 und

1799 1947 146 48 gegen
1976 1932 131 47 Ende
2152 1932 76 48 des
2265 1933 162 47 Jahres
2464 1933 141 48 1819
2652 1933 122 48 hatte
2817 1933 121 48 seine
2980 1936 127 63 Oper
3145 1936 172 49 Emma

1807 2006 54 50 di
1959 2008 213 67 Resburgo
2173 2009 23 47 in
2215 2009 205 65 Venedig
2449 2027 178 47 grosses
2656 2011 232 48 Aufsehen
2917 2021 171 57 erregt.

1914 2087 183 48 Weber
2126 2105 95 30 war
2252 2088 110 48 aber
2394 2089 211 55 Willens,
2643 2088 269 66 Meyerbeer
2942 2089 100 50 dem
3075 2091 244 49 dresdener

1799 2163 238 48 Publicum
2082 2166 42 45 in
2168 2166 144 47 einem
2361 2166 177 49 Werke
2587 2167 325 56 vorzuführen,
2970 2168 158 48 dessen
3169 2169 147 49 Musik

1797 2242 116 47 noch
1959 2241 86 48 den
2084 2242 247 48 deutschen
2375 2243 445 50 Grund-Charakter
2865 2251 146 58 trage,
3062 2246 90 49 und
3194 2247 123 48 hatte

1801 2318 79 48 mit
1908 2319 293 49 Einstudiren
2230 2319 79 49 des
2667 2321 257 64 begonnen.

1915 2397 63 47 So
2006 2397 292 48 schmerzlich
2335 2397 76 48 ihn
2451 2415 93 30 nun
2581 2398 114 48 auch
2727 2397 72 49 die
2836 2413 118 33 neue
2983 2399 230 66 Richtung
3243 2401 76 49 des

1799 2473 236 50 Freundes
2065 2474 236 57 berührte,
2341 2492 49 32 so
2430 2476 132 48 stand
2602 2492 49 32 er
2680 2476 135 57 doch,
2855 2476 43 47 in
2930 2476 79 48 der
3038 2478 279 65 Besorgniss,

1799 2550 101 49 dass
1928 2552 93 48 ihm
2053 2553 80 47 der
2161 2554 219 47 Vorwurf
2402 2571 52 30 zu
2486 2554 257 65 einseitiger
2765 2556 329 64 Bevorzugung
3122 2556 80 49 der
3224 2558 91 47 rein

1797 2628 248 51 deutschen
2097 2630 488 66 Kunstbestrebungen
2647 2633 213 63 gemacht
2916 2633 181 48 werden
3151 2634 165 59 könne,

1799 2707 123 47 nicht
1952 2723 71 38 an,
2054 2709 157 54 sofort,
2243 2709 281 62 gleichzeitig
2554 2709 79 47 mit
3023 2712 79 45 mit
3133 2710 156 49 Einstu-

1799 2783 124 49 diren
1956 2802 83 32 von
2365 2785 199 56 „Emma
2807 2784 53 50 di
2965 2788 83 63 vorzugehen,
3049 2788 71 47 als
3121 2806 61 30 er
3183 2789 134 57 hörte,

1799 2862 101 47 dass
1929 2879 45 30 es
2006 2863 200 47 höheren
2239 2863 136 48 Ortes
2407 2864 80 47 der
2521 2864 205 48 Wunsch
2757 2865 79 54 sei,
2865 2864 120 47 diese
3014 2881 48 31 so
3093 2865 78 49 viel
3203 2867 84 47 Auf-

1797 2939 137 47 sehen
1976 2940 252 64 erregende
2257 2942 128 62 Oper
2428 2942 41 47 in
2511 2942 203 47 Dresden
2759 2942 270 63 aufgeführt
3069 2961 52 29 zu
3164 2944 151 48 sehen.

1801 3019 61 46 Er
1891 3018 117 47 trieb
2039 3018 71 48 die
2138 3018 489 65 Selbstüberwindung
2656 3036 49 31 so
2736 3020 120 55 weit,
2893 3020 71 47 die
2995 3020 143 64 Oper,
3179 3022 109 48 eben-

1800 3095 94 47 falls
1917 3112 367 32 vernommenem
2307 3097 236 47 Wunsche
2566 3098 133 54 nach,
2727 3114 137 49 sogar
2887 3098 80 47 mit
2994 3098 321 49 italiänischem

1800 3173 143 47 Texte
1987 3173 346 52 einzustudiren,
2378 3173 90 48 und
2514 3173 188 49 brachte
2743 3177 63 45 sie
2848 3183 132 39 unter
3023 3175 292 66 Mitwirkung

1799 3250 80 47 der
1909 3250 156 48 besten
2098 3251 157 47 Kräfte
2285 3251 80 47 der
2394 3251 306 49 italiänischen
2731 3254 143 64 Oper,
2912 3253 198 54 Cantu's,
3150 3254 138 48 Benin-

1797 3329 157 53 casa's,
1987 3329 297 55 Decavanti's,
2323 3328 80 48 der
2434 3329 171 48 Miksch
2638 3330 89 47 und
2759 3331 81 47 der
2869 3330 149 56 Funk,
3057 3331 112 46 nach
3201 3331 92 47 vier-

1795 3405 112 47 zehn
1937 3420 204 49 sorgsam
2180 3405 238 64 geleiteten
2451 3406 181 49 Proben
2674 3423 71 32 am
2778 3408 85 48 26.
2892 3409 173 47 Januar
3093 3424 80 31 zur
3201 3408 85 48 Auf-

1797 3483 219 63 führung.
2382 3483 135 64 folgte
2559 3485 70 46 ihr
2674 3502 71 30 am
2776 3485 87 48 22.
2898 3484 221 49 Februar.
3178 3485 137 50 Beide

1796 3560 156 64 Opern
1985 3560 187 48 wurden
2205 3560 234 65 glänzend,
2474 3561 71 49 die
2581 3561 274 49 italiänische

1793 3636 139 69 burgo
1998 3654 137 47 sogar
2166 3639 78 46 mit
2281 3638 419 49 enthusiastischem
2732 3640 185 48 Beifalle
2945 3640 367 65 aufgenommen.

1796 3716 182 49 Weber
2007 3724 165 39 wusste
2202 3716 138 55 nicht,
2382 3716 59 49 ob
2479 3734 49 32 er
2557 3718 202 48 darüber
2785 3719 92 47 sich
2910 3719 156 48 freuen
3097 3718 109 49 oder
3234 3719 52 48 be-

1795 3794 165 48 trüben
1990 3795 141 47 sollte.
2166 3795 61 46 Er
2256 3794 198 49 schreibt
2483 3812 71 31 am
2587 3795 87 50 27.
2696 3798 176 47 Januar
2901 3813 56 32 an
2986 3796 324 49 Lichtenstein:

1922 3909 18 19 „
2136 3871 192 49 Gestern
2360 3871 118 50 habe
2507 3874 70 47 ich
2609 3874 303 66 Meyerbeer's
2954 3880 182 41 neueste
3165 3873 145 64 Oper,

1797 3947 176 51 Emma
2199 3946 52 52 di
2348 3947 117 68 Resburgo,
2466 3950 138 48 italiänisch
2646 3951 219 66 gegeben.
2921 3951 73 47 Sie
3034 3949 158 48 wurde
3230 3950 80 47 mit

1793 4027 351 49 Enthusiasmus
2187 4027 370 65 aufgenommen.
2614 4030 74 46 Ich
2733 4029 195 54 fürchte,
2987 4026 101 50 dass
3131 4026 91 50 dies
3265 4027 41 47 in

1793 4106 152 48 Berlin
1989 4106 121 48 nicht
2152 4123 48 31 so
2243 4106 80 48 der
2355 4107 94 49 Fall
2491 4107 91 47 sein
2622 4106 124 48 wird.
2807 4106 103 50 Wir
2940 4105 97 48 sind
3070 4105 96 48 hier
3194 4123 112 46 ganz
