2255 4386
767 417 336 55 BRUNO'S
1211 424 352 52 WEEKLY

2033 425 96 52 513

130 534 101 71 v?r*
278 582 11 23 1
322 534 315 58 •cents,
690 530 110 48 and
852 548 31 33 a
937 533 199 51 breath
1192 535 61 50 of

132 587 387 59 Washington
542 605 25 33 s
613 590 276 65 Birthday
929 614 117 33 was
1089 599 323 52 celebrated
1449 603 151 49 fhere
1643 604 74 61 by
1757 622 70 33 an
1870 605 256 51 addition

135 650 61 44 of
233 664 31 33 a
302 650 204 50 biscuit
544 656 216 49 tortoni
798 665 60 43 to
896 660 94 51 the
1030 662 227 60 regular
1294 665 217 51 dinner.
1587 667 53 50 It
1679 685 116 33 was
1833 670 202 49 served
2075 669 55 49 in

135 725 235 45 naming
411 716 97 47 red
551 733 189 45 paper,
784 723 267 59 together
1092 726 136 49 with
1273 728 96 50 the
1411 728 166 51 black
1618 731 198 52 coffee.
1891 732 52 50 A
1986 732 144 51 little

130 778 306 48 American
485 779 113 62 flag
641 799 117 35 was
806 787 165 49 stuck
1016 805 152 44 upon
1216 789 66 51 it!

208 839 141 47 i?ow
383 859 114 33 was
534 845 22 47 I
591 853 59 43 to
684 848 207 50 defend
925 852 112 49 this
1071 854 167 50 much
1272 855 213 51 abused
1520 857 143 50 flaer?

129 930 201 92 The
373 938 235 90 War

271 1047 46 48 E
367 1048 223 54 HAVE
638 1071 32 32 a
717 1071 127 36 new
891 1059 424 54 chambermaid
1364 1062 54 51 in
1468 1080 105 34 our
1621 1065 158 52 hotel
1827 1066 154 52 since
2032 1069 95 50 the

334 1113 350 55 declaration
720 1119 62 50 of
816 1121 95 51 the
947 1141 131 33 war.
1150 1125 112 52 She
1299 1127 45 50 is
1380 1145 31 33 a
1445 1128 123 50 nice
1605 1146 242 43 woman,
1883 1132 244 60 slender,

128 1177 225 57 blonde,
395 1178 135 49 with
574 1197 30 33 a
646 1184 145 49 snub
833 1201 157 35 nose.
1068 1188 110 50 She
1223 1189 45 50 is
1310 1198 103 42 not
1452 1191 180 62 really
1673 1210 31 33 a
1747 1193 220 52 trained
2010 1197 112 49 and

125 1243 376 56 experienced
549 1245 442 65 chambermaid,
1036 1253 101 49 but
1184 1253 91 51 for
1322 1255 95 50 the
1464 1255 110 51 last
1621 1255 130 52 four
1795 1276 182 43 years,
2025 1260 97 51 the

125 1304 130 49 wife
301 1305 61 49 of
403 1323 108 34 one
558 1309 61 49 of
663 1326 102 34 our
809 1314 245 61 waiters,
1099 1318 131 49 who
1275 1335 116 33 was
1437 1320 182 51 called
1665 1329 59 43 to
1771 1324 95 49 the
1913 1323 209 53 colors.

124 1368 163 59 They
327 1371 140 48 took
505 1372 100 50 her
643 1373 54 50 in
737 1377 215 61 mostly
991 1387 101 42 out
1131 1380 61 51 of
1230 1381 238 64 charity,
1508 1385 111 49 and
1659 1386 101 51 she
1802 1386 45 51 is
1888 1387 235 63 helping

123 1445 34 75 ?
163 1446 33 32 U
195 1494 29 26 u
274 1495 25 25 j
589 1437 175 52 there.
842 1441 22 48 I
908 1459 142 43 gave
1092 1443 100 50 her
1231 1461 110 34 one
1383 1447 194 61 krone,
1618 1466 109 34 one
1769 1451 124 60 day,
1935 1451 184 52 which

125 1497 26 44 I
194 1497 109 47 had
346 1497 135 62 kept
523 1499 90 51 for
652 1520 167 43 years
861 1522 61 33 as
965 1523 30 33 a
1036 1509 413 63 pocket-piece,
1491 1512 110 51 and
1644 1514 154 60 then,
1842 1516 144 49 later
2026 1532 94 45 on,

196 1575 143 44 gave
386 1563 99 49 her
530 1567 219 49 several
795 1584 158 36 more
998 1572 227 61 krones,
1270 1575 185 51 which
1503 1578 23 48 I
1576 1578 110 51 had
1731 1588 102 42 not
1878 1580 135 63 kept
2056 1597 63 36 as

120 1625 443 62 pocket-pieces,
599 1630 110 50 and
745 1633 121 49 told
901 1634 101 51 her
1037 1644 59 42 to
1132 1638 112 59 buy
1278 1654 160 36 some
1473 1640 186 51 better
1694 1641 138 53 food
1868 1643 90 52 for
1995 1645 94 50 her-

121 1688 124 47 self.
326 1688 112 51 She
482 1709 117 33 was
642 1694 144 62 pale,
830 1699 111 48 and
989 1699 21 49 I
1059 1700 247 61 thought
1352 1704 125 50 that
1521 1705 100 51 she
1667 1707 217 50 needed
1930 1709 188 52 better

381 1770 69 34 an
500 1756 133 61 they
680 1761 202 49 served
929 1761 54 51 in
1032 1763 95 51 the
1174 1766 198 51 maids'
1419 1767 408 62 dining-room.

186 1815 129 51 One
353 1818 108 61 day
500 1821 23 48 I
562 1821 145 52 said:
1149 1846 114 44 you
1300 1847 94 36 are
1431 1841 103 43 not
1568 1834 169 61 using
1774 1852 95 46 my
1905 1836 210 53 krones

119 1883 90 45 for
250 1883 185 48 better
478 1883 136 52 food
655 1888 110 48 and
807 1888 90 51 for
939 1890 145 51 little
1126 1892 267 63 luxuries,
1436 1897 102 51 but
1576 1914 115 45 you
1733 1916 95 34 are
1872 1902 245 61 sending

119 1950 42 42 it
207 1950 59 43 to
312 1963 145 43 your
502 1949 261 52 husband
809 1953 54 49 in
910 1955 95 51 the
1054 1959 265 49 trenches

184 2005 111 52 She
340 2008 256 65 blushed,
637 2015 111 49 and
790 2020 321 51 answered;
1188 2022 179 51 "Isn't
1407 2024 125 51 that
1573 2024 139 53 food
1755 2028 110 50 and
1908 2028 205 57 luxury

115 2068 92 52 for

182 2135 124 51 The
354 2147 137 42 next
537 2141 109 62 day
690 2142 149 52 after
886 2146 113 50 this
1046 2147 146 53 little
1239 2151 201 51 sketch
1487 2152 111 52 had
1645 2157 284 60 appeared
1978 2157 55 52 in
2080 2176 33 34 a

115 2200 145 49 local
315 2217 176 44 paper
546 2204 95 50 the
696 2224 198 46 young
946 2209 131 52 wife
1132 2215 271 50 accosted
1458 2232 90 34 me
1604 2217 53 51 in
1715 2221 96 49 the
1866 2221 247 62 hallway

113 2265 189 50 where
335 2266 100 51 she
468 2268 109 50 had
610 2270 143 51 been
786 2273 144 62 busy
962 2292 75 33 on
1071 2292 160 35 some
1264 2282 205 49 errand
1502 2298 67 33 or
1601 2283 183 59 other,
1818 2287 109 49 and
1963 2287 147 52 said:

215 2329 25 47 I
284 2346 93 33 am
421 2348 65 33 so
529 2334 272 50 ashamed
844 2337 111 50 and
999 2355 65 34 so
1108 2340 132 51 hurt
1282 2342 243 53 because
1567 2363 114 43 you
1725 2348 252 59 brought
2019 2367 91 35 me

114 2398 121 45 into
279 2393 95 51 the

617 2462 178 52 Hurt!
875 2466 53 49 It
969 2483 116 35 was
1130 2486 70 32 an
1244 2469 203 63 honor,

213 2520 129 51 You
377 2532 150 52 poet,
562 2525 111 50 and
706 2544 115 44 you
856 2529 260 51 dreamer
1149 2534 138 59 you!
1360 2536 111 50 But
1508 2537 24 49 I
1571 2537 92 51 did
1700 2548 102 42 not
1837 2542 140 51 send
2014 2543 96 51 the

110 2599 210 46 money
370 2595 58 41 at
476 2588 73 49 all
602 2598 59 42 to
711 2608 96 44 my
856 2593 278 53 husband.
1221 2598 24 48 I
1299 2607 90 42 ate
1441 2599 42 51 it
1532 2600 75 51 all
1658 2604 234 60 myself!
1978 2607 132 52 And

109 2656 101 43 not
250 2666 138 35 even
431 2652 139 60 that,
614 2655 23 48 I
679 2655 222 63 bought
942 2660 209 60 myself
1190 2679 31 33 a
1261 2679 127 34 new
1427 2665 166 51 waist
1630 2666 140 52 with
1811 2669 67 52 it!
1955 2670 153 53 How

107 2713 74 49 do
224 2713 24 49 I
297 2713 136 51 look
472 2732 131 35 now
646 2726 60 43 to
748 2736 114 45 you
904 2723 112 49 and
1059 2731 59 43 to
1163 2725 95 51 the

102 2791 114 42 After
232 2791 63 42 the
312 2793 169 42 German
499 2798 38 38 of
556 2797 113 42 Peter
686 2798 212 48 Altenberg
914 2801 49 46 by
982 2802 133 42 Guido
1135 2805 127 40 Bruno

102 2887 94 89 A
237 2891 292 89 Poem
571 2894 124 106 by
737 2898 405 91 Richard
1175 2901 511 99 Aldington

102 3000 310 61 Happiness

272 3068 290 103 CEASE
599 3073 342 57 grumblincv
980 3076 262 53 brother!

425 3133 95 48 All
557 3151 128 34 men
724 3153 94 35 are
856 3141 314 61 wretched;

319 3194 172 53 Some
534 3205 99 44 too
676 3199 136 61 rich,

320 3259 160 52 Most
524 3270 97 43 too
665 3280 214 45 poor—

322 3323 329 63 Happiness
698 3329 194 52 eludes
938 3332 172 51 them.

315 3452 110 52 We
470 3454 143 51 have
657 3457 184 52 books
887 3461 110 49 and
1043 3462 132 61 talk,

317 3516 247 53 Women
615 3520 130 61 (not
790 3525 198 60 many)

314 3581 132 51 And
489 3583 118 50 rich
651 3585 360 65 imaginings.

315 3643 108 53 Let
464 3663 65 34 us
571 3650 219 60 pardon
834 3652 95 51 the
972 3654 146 61 gods

314 3711 154 51 Who
508 3713 164 51 made
714 3731 64 34 us
820 3732 129 35 men

315 3774 113 50 For
469 3777 135 61 they
643 3778 141 51 have
825 3782 163 51 made
1028 3800 65 34 us
1132 3787 193 58 poets!

610 3843 174 51 From
825 3845 123 51 The
992 3847 221 61 Egoist,
1258 3850 259 54 London.
