2748 4186
2106 361 96 52 759

693 384 68 36 I.A
794 381 434 39 CLASSIFICATION
1265 379 105 36 DES
1406 374 235 38 TIMBRES

134 540 40 55 il
209 557 40 54 y
284 557 36 35 a
353 535 146 56 trois
533 532 215 58 teintes
782 530 302 72 primaires
1114 535 22 50 ?
1173 529 55 54 Y
1263 545 74 38 en
1373 521 256 60 aurait-il
1666 522 206 70 quatre
1910 532 75 37 ou
2020 512 131 73 plus
2180 515 24 49 ?

134 620 73 71 Je
245 618 136 55 n'en
419 614 114 56 sais
571 612 143 56 rien.
738 611 147 55 Mais
924 611 202 70 quand
1163 624 147 39 nous
1349 604 215 57 serions
1605 599 215 57 arrivés
1860 597 36 54 à
1935 611 63 37 ce
2036 590 168 73 point

136 700 71 55 de
237 700 168 52 notre
437 691 357 74 expérience,
825 706 149 37 nous
1004 687 323 56 entrerions
1360 686 145 55 dans
1534 682 57 54 la
1623 679 129 55 voie
1785 677 99 56 des
1916 668 288 60 contrôles

134 776 249 57 certains
411 779 60 51 et
500 775 71 55 de
598 771 58 55 la
684 767 412 58 classification
1122 765 237 74 précise.

245 936 258 70 Voyons,
541 950 72 38 en
658 929 162 68 effet,
857 945 64 38 ce
966 945 113 54 que
1124 943 147 38 nous
1318 926 259 54 donnent
1623 935 146 57 pour
1813 917 83 55 les
1942 911 260 57 couleurs

133 1018 83 56 les
249 1014 368 73 expériences
650 1009 311 57 effectuées
994 1011 136 51 tout
1166 1007 34 53 à
1230 1005 219 55 l'heure
1483 1019 97 38 sur
1611 1001 83 53 les
1728 999 278 53 éléments
2041 995 72 53 de
2146 991 58 53 la

134 1095 153 57 suite
324 1091 284 75 spectrale
648 1087 328 58 combinées
1016 1104 142 37 avec
1194 1085 82 56 les
1314 1081 287 74 principes
1642 1081 70 53 de
1749 1077 59 55 la
1845 1074 326 72 représenta-

136 1175 127 56 tion
300 1171 340 75 graphique.
679 1169 164 54 Nous
881 1184 184 38 avons
1102 1164 208 56 trouvé
1347 1162 144 55 trois
1526 1160 215 54 teintes
1777 1152 301 76 primaires
2104 1171 13 33 :
2147 1150 55 53 le

136 1255 194 73 jaune,
357 1253 53 54 le
434 1251 156 68 bleu,
616 1249 53 56 le
696 1265 146 37 rose.
868 1245 166 56 Trois
1058 1244 198 72 points
1283 1259 116 37 non
1423 1259 74 37 en
1520 1239 152 71 ligne
1700 1235 186 57 droite
1912 1231 259 72 représen-

134 1339 197 52 teront
378 1330 484 74 graphiquement
909 1343 93 38 ces
1046 1324 144 54 trois
1234 1320 323 57 sensations
1601 1312 399 78 primordiales
2043 1307 129 57 indé-

137 1414 325 71 pendantes
501 1410 83 55 les
623 1424 145 39 unes
810 1408 99 54 des
951 1409 213 52 autres.
1206 1401 131 55 Une
1378 1397 141 58 série
1562 1399 70 53 de
1674 1390 429 75 comparaisons
2144 1392 59 49 et

138 1491 427 73 d'expériences
593 1489 305 67 beaucoup
924 1490 136 65 trop
1086 1482 240 72 longues
1354 1481 35 52 à
1415 1480 302 70 rapporter
1745 1474 73 54 ici
1846 1471 119 56 m'a
1991 1466 212 75 permis

138 1570 320 58 d'affirmer
491 1584 113 56 que
636 1566 83 56 les
750 1564 197 73 points
980 1561 402 73 représentant
1416 1574 91 38 ces
1539 1555 145 54 trois
1716 1552 213 56 teintes
1962 1547 241 57 doivent

137 1653 122 54 être
289 1650 195 72 placés
515 1664 120 38 aux
664 1645 144 55 trois
839 1642 197 73 angles
1069 1640 141 56 d'un
1239 1637 247 72 triangle
1517 1631 359 74 équilatéral.
1909 1626 295 74 Appelons

137 1731 213 56 mixtes
387 1726 291 59 normales
716 1721 346 75 principales
1100 1720 82 55 les
1219 1719 213 56 teintes
1469 1715 252 56 binaires
1760 1709 298 74 produites
2098 1721 106 55 par

136 1811 52 55 le
222 1809 263 71 mélange
521 1806 154 56 deux
710 1805 35 52 à
778 1804 173 65 deux,
987 1801 35 54 à
1054 1800 279 53 hauteurs
1366 1795 190 72 égalés
1587 1799 60 50 et
1683 1810 35 36 a
1750 1790 212 56 teintes
1995 1785 208 72 égalés,

138 1891 70 55 de
254 1907 93 38 ces
391 1885 143 57 trois
576 1881 320 75 primaires.
943 1880 86 55 La
1078 1879 180 71 figure
1303 1872 397 71 schématique
1745 1869 270 57 suivante
2058 1882 146 40 nous

137 1969 395 72 représentera
561 1964 83 54 les
674 1965 271 67 rapports
978 1959 71 56 de
1081 1974 91 39 ces
1204 1956 90 55 six
1324 1955 260 56 couleurs
1613 1974 12 33 :

216 3041 92 56 On
321 3042 113 56 sait
452 3060 112 55 que
578 3042 57 56 la
655 3043 236 56 lumière
907 3042 246 55 blanche
1171 3037 374 72 décomposée
1558 3054 107 54 par
1676 3036 54 54 le
1742 3033 214 73 prisme
1968 3030 236 72 produit

138 3123 82 55 les
269 3123 263 56 couleurs
581 3126 80 53 du
710 3127 225 68 spectre
983 3127 59 50 et
1092 3139 113 53 que
1253 3136 93 38 ces
1396 3117 260 55 couleurs
1704 3130 231 54 reçues>
1949 3112 255 53 chacune

138 3220 99 37 sur
279 3220 79 37 un
399 3202 198 55 miroir
645 3207 60 51 et
747 3201 288 72 projetées
1076 3200 35 53 à
1150 3215 271 38 nouveau
1462 3214 72 36 en
1575 3212 81 38 un
1694 3193 255 55 faisceau
1990 3188 214 70 unique

137 3283 325 55 redonnent
534 3282 58 56 la
665 3282 239 56 lumière
943 3278 266 56 blanche.
1260 3277 92 53 En
1422 3275 369 72 mélangeant
1860 3275 197 50 toutes
2125 3267 79 56 les

140 3361 280 68 couleurs,
468 3380 120 37 non
634 3362 81 55 les
762 3360 267 56 lumières
1077 3356 249 56 colorées
1374 3353 301 57 dissociées
1721 3369 106 54 par
1873 3351 52 54 le
1971 3347 233 74 prisme,

138 3529 231 38 sensation
392 3529 54 38 de
461 3529 167 39 timbre
661 3528 149 51 puisse
835 3527 166 38 exister
1023 3527 112 36 dans
1157 3525 40 38 le
1219 3521 236 46 concret,il
1476 3522 101 38 faut
1599 3520 371 38 nécessairement
1991 3516 108 51 qu'il
2121 3516 86 37 soit

138 3588 257 52 représenté
419 3589 383 51 graphiquement
823 3599 82 38 par
926 3597 61 28 un
1008 3586 119 50 plan.
1152 3585 54 51 Je
1227 3595 55 28 ne
1302 3582 101 51 puis
1423 3593 70 28 me
1513 3583 135 37 livrer
1667 3580 56 39 ici
1745 3591 90 28 aux
1855 3576 352 42 considérations

136 3650 93 37 très
249 3649 288 52 longues,tqui
561 3648 382 40 démontreraient
964 3647 44 38 la
1027 3646 191 51 justesse
1241 3645 53 38 de
1315 3645 119 37 cette
1456 3642 230 40 assertion.
