2748 4186
1044 379 267 41 BULLETIN
1344 378 262 51 FRANÇAIS
1642 378 72 36 DE
1748 378 66 37 LA
1852 378 39 36 S.
1932 378 32 37 I.
2003 381 54 35 M.

514 386 96 49 774

630 534 76 56 Ce
731 531 102 73 qui
860 535 313 67 augmente
1199 529 54 53 le
1281 527 235 56 charme
1545 527 71 55 de
1644 544 94 38 ces
1766 526 136 70 airs,
1930 527 235 60 charme
2193 545 114 54 que
2334 529 222 57 malheu-

520 616 327 52 reusement
889 629 73 36 ne
1004 610 249 70 goûtent
1296 606 351 56 d'habitude
1690 625 113 52 que
1845 606 83 56 les
1971 606 214 71 initiés,
2229 625 66 38 ce
2337 614 135 51 sont
2513 610 80 56 les

519 691 244 74 paroles.
804 690 183 67 Voici,
1027 707 150 53 pour
1215 687 136 55 n'en
1392 686 143 56 citer
1577 687 205 72 qu'un,
1823 694 299 52 comment
2164 687 311 74 s'exprime
2514 709 79 38 un

523 773 174 55 vieux
735 773 172 71 poète
947 770 177 55 arabe
1153 790 10 33 :

1039 915 196 63 Jamais
1281 915 271 48 n'éviterai
1597 916 64 48 de
1705 917 230 55 chanter,

1039 983 196 63 Jamais
1270 999 65 31 ne
1368 983 226 47 laisserai
1625 983 71 49 les
1731 985 269 54 chansons,

1039 1051 71 47 Le
1159 1051 159 45 chant
1370 1049 312 49 déchira-t-il
1732 1051 51 47 la
1832 1066 168 47 gorge,

1039 1118 72 47 Le
1135 1117 169 47 baiser
1343 1117 47 47 le
1431 1132 142 33 cœur
1613 1118 64 47 de
1717 1118 272 62 quelqu'un
2011 1118 18 47 ?

628 1261 149 56 Mais
823 1279 150 38 nous
1020 1264 222 55 devons
1291 1261 306 56 continuer
1647 1268 171 51 notre
1867 1269 190 50 route.
2102 1264 261 56 Prenons
2413 1268 180 71 congé

519 1344 100 56 des
683 1343 224 56 Arabes
970 1361 99 38 sur
1135 1359 64 40 ce
1265 1343 137 56 vieil
1468 1343 87 54 air
1586 1364 11 33 :

637 2122 85 54 La
767 2122 131 56 côte
944 2141 114 53 que
1103 2141 148 37 nous
1340 2123 277 73 longeons
1656 2126 36 53 à
1736 2127 237 71 présent
2020 2129 90 53 est
2152 2124 335 56 clairsemée
2528 2126 71 54 de

526 2201 259 73 villages,
827 2207 61 51 et
930 2202 189 58 même
1161 2203 446 57 d'habitations.
1654 2207 343 71 Cependant
2040 2204 154 58 voici
2237 2203 165 57 venir
2445 2204 116 56 Bab-

526 2282 352 63 el-Mandeb,
919 2300 64 39 ce
1018 2283 238 56 fameux
1302 2284 236 70 détroit,
1578 2293 58 49 et
1681 2305 148 37 nous
1872 2305 254 53 prenons
2169 2291 243 51 contact
2455 2301 144 41 avec

529 2363 81 56 les
644 2362 249 56 Somalis
930 2363 71 55 de
1037 2363 290 71 Djibouti.
1367 2364 84 55 La
1487 2366 271 72 musique
1794 2386 72 37 ne
1903 2366 221 57 semble
2159 2385 110 53 pas
2303 2383 40 54 y
2380 2367 126 55 être
2526 2383 71 37 en

525 2444 220 72 grande
776 2442 207 57 faveur
1007 2464 14 48 ;
1057 2446 330 70 cependant
1423 2446 35 53 à
1490 2444 156 59 force
1669 2448 70 55 de
1759 2448 291 69 chercher,
2084 2465 153 38 nous
2267 2464 333 57 parvenons

526 2524 36 55 à
605 2528 214 51 mettre
863 2523 58 55 la
967 2523 157 56 main
1173 2542 97 37 sur
1315 2545 114 37 une
1475 2527 203 71 espèce
1724 2530 72 54 de
1843 2528 178 56 vieux
2065 2528 183 56 barde
2293 2527 304 74 populaire

529 2604 143 56 dont
706 2602 54 56 le
794 2604 315 72 répertoire
1145 2604 299 56 arabisant
1480 2625 74 37 ne
1589 2608 263 55 contient
1889 2608 218 73 qu'une
2142 2608 158 56 seule
2336 2608 261 55 chanson

525 2684 296 69 d'amour;
860 2701 194 56 parce
1093 2702 114 55 que
1244 2704 150 36 nous
1432 2687 379 57 connaissons
1852 2690 155 71 déjà,
2037 2688 42 55 il
2115 2707 151 38 nous
2303 2695 90 49 est
2432 2688 169 56 facile

526 2763 354 59 d'identifier
917 2770 94 49 cet
1051 2764 85 56 air
1176 2767 146 55 dont
1359 2767 54 55 le
1451 2768 255 70 rythme,
1745 2770 59 54 la
1842 2770 424 68 construction,
2305 2770 83 55 les
2426 2768 146 56 inter-

525 2843 183 57 valles
742 2846 509 71 caractéristiques
1272 2865 149 38 nous
1458 2850 305 55 ramènent
1781 2867 132 38 vers
1928 2850 275 55 l'Arabie.
2230 2851 111 54 Les
2375 2848 228 74 paroles

524 2927 332 71 échappent
898 2927 567 58 malheureusement
1508 2931 35 53 à
1583 2936 170 51 notre
1795 2932 152 56 désir
1989 2933 73 55 de
2102 2931 83 56 les
2224 2936 192 65 noter,
2457 2930 147 61 mais

526 3006 153 57 voici
712 3007 271 72 toujours
1016 3006 130 57 l'air
1174 3029 10 33 :
