2748 4186
460 340 95 61 764

989 353 265 39 BULLETIN
1293 352 267 49 FRANÇAIS
1598 351 71 34 DE
1707 351 65 33 LA
1814 376 39 9 ...
1967 352 54 33 M.

459 511 53 71 je
546 512 188 54 donne
769 511 33 52 à
832 511 154 49 cette
1019 501 404 57 constatation
1452 517 114 38 une
1598 499 185 55 forme
1815 499 265 72 générale
2112 519 73 36 en
2218 501 195 56 disant
2445 521 103 53 par

459 590 261 71 exemple
751 610 10 32 :

699 672 86 52 De
927 671 144 52 deux
1271 665 246 55 binaires
1821 663 64 54 de
2009 679 245 53 gammes

476 751 272 71 primaire
1141 762 288 40 commune
1833 748 263 66 repousse
2422 742 83 53 Va
2506 747 42 70 (par

455 835 241 68 rapport
742 830 34 52 à
819 831 154 51 cette
1017 823 296 73 primaire)
1349 840 135 37 sans
1532 840 104 54 que
1683 823 57 54 la
1786 823 228 55 couleur
2058 825 292 71 repoussée
2389 844 159 53 cesse,

456 912 123 54 bien
631 908 257 68 entendu,
926 905 164 54 d'être
1137 903 235 55 binaire.
1412 902 127 70 (Loi
1586 903 35 55 6
1668 905 71 54 de
1783 903 362 56 l'altération
2191 906 100 54 des
2334 906 214 58 teintes

454 988 374 74 juxtaposées
870 1005 74 37 en
987 985 301 72 quantités
1332 985 35 53 à
1407 1001 117 55 peu
1565 985 133 71 près
1740 985 208 72 égales.

452 1087 148 55 page
639 1071 149 70 191).

567 1150 50 53 Il
649 1150 150 54 n'est
832 1165 108 55 pas
970 1145 205 57 besoin
1209 1145 228 57 d'avoir
1468 1145 309 72 beaucoup
1810 1146 199 56 étudié
2041 1146 83 56 les
2154 1147 210 55 traités
2398 1150 120 54 d'or-

454 1228 359 58 chestration
869 1246 77 37 ou
1004 1226 607 70 d'instrumentation,
1668 1226 189 56 même
1913 1227 84 55 les
2050 1227 133 73 plus
2240 1230 304 71 complets,

451 1329 147 54 pour
661 1310 194 56 savoir
921 1310 298 71 qu'aucun
1284 1307 178 56 d'eux
1528 1307 298 73 n'expose,
1881 1326 137 37 sous
2077 1307 189 57 forme
2328 1311 217 70 précise

452 1392 70 55 de
563 1391 96 69 loi,
687 1391 84 55 les
804 1390 396 72 phénomènes
1244 1387 69 56 de
1358 1387 441 56 concomitance
1839 1406 79 37 ou
1961 1390 70 54 de
2074 1390 330 56 succession
2446 1392 99 55 des

450 1471 261 56 timbres.
758 1471 103 55 Ces
904 1486 307 56 ouvrages,
1252 1468 176 55 écrits
1468 1467 221 73 parfois
1731 1488 108 53 par
1884 1470 100 54 des
2028 1470 237 56 artistes
2305 1489 240 54 rompus

451 1554 36 53 à
516 1559 198 49 toutes
743 1552 84 55 les
856 1550 253 57 roueries
1142 1552 80 55 du
1252 1550 226 68 métier,
1512 1569 73 37 ne
1617 1568 60 38 se
1710 1556 344 66 composent
2086 1551 212 71 jamais
2329 1570 113 55 que
2475 1555 69 54 de

450 1637 249 51 recettes
741 1637 58 50 et
845 1650 113 53 que
1004 1631 355 71 d'exemples
1402 1630 317 56 excellents
1762 1650 73 36 en
1879 1631 104 69 soi,
2030 1631 150 55 mais
2220 1632 324 56 nullement

450 1712 357 73 synthétisés
842 1733 73 35 en
950 1711 292 74 principes
1279 1712 295 70 généraux
1611 1717 58 50 et
1706 1711 206 72 précis.
1953 1712 70 70 Je
2060 1731 179 52 pense
2276 1731 114 54 que
2425 1715 120 54 l'on

450 1792 313 57 fouillerait
795 1794 341 53 vainement
1166 1797 136 50 tous
1335 1810 93 37 ces
1459 1792 285 70 volâmes,
1777 1792 221 73 parfois
2030 1794 47 53 si
2110 1794 266 71 copieux,
2411 1814 133 35 sans

450 1875 249 70 pouvoir
737 1893 39 52 y
813 1880 240 48 trouver
1092 1893 113 35 une
1245 1872 156 56 seule
1439 1872 249 56 formule
1729 1874 101 71 qui
1868 1880 294 65 permette
2202 1876 70 54 de
2312 1876 232 71 prévoir

451 1955 34 53 à
515 1955 265 53 l'avance
813 1971 149 54 pour
991 1959 138 49 tous
1160 1954 82 56 les
1271 1954 248 54 timbres
1553 1955 70 55 de
1655 1954 358 69 l'orchestre,
2046 1955 83 55 les
2162 1956 279 55 résultats
2474 1957 70 55 de

449 2035 137 55 telle
617 2035 404 55 combinaison
1052 2035 226 55 définie.
1313 2035 216 71 Voyez,
1548 2053 108 53 par
1687 2036 286 71 exemple,
1990 2037 59 54 la
2080 2037 275 70 question
2388 2039 68 54 de
2487 2039 57 53 la

450 2115 218 55 valeur.
699 2116 91 54 En
827 2114 427 72 chromatique,
1283 2115 102 71 j'ai
1426 2115 176 56 défini
1639 2116 58 54 la
1735 2116 202 55 valeur
1967 2139 9 32 :
2023 2117 56 54 la
2117 2119 426 68 manifestation

462 2195 65 53 de
668 2195 57 53 la
850 2196 302 70 puissance
1531 2195 91 53 des
1787 2196 193 54 teintes
2246 2201 109 66 par
2540 2196 8 52 l

460 2275 93 53 des
696 2275 313 55 sensations
1372 2276 65 52 de
1550 2276 237 54 hauteur
1252 2281 79 64 et,
1349 2279 168 68 grâce
1543 2279 156 54 àma
1724 2277 414 58 classification
2155 2281 99 54 des
2281 2280 262 56 couleurs

449 2360 58 50 et
537 2374 119 36 aux
683 2356 257 55 données
970 2356 174 55 d'une
1174 2356 341 73 expérience
1543 2359 122 54 très
1694 2359 262 57 curieuse
1986 2378 115 53 que
2130 2361 56 71 je
2214 2361 120 55 n'ai
2364 2379 106 53 pas
2498 2363 50 54 le

449 2440 194 67 temps
669 2436 70 55 de
766 2443 307 64 rapporter
1100 2436 72 55 ici
1203 2440 100 66 (1),
1331 2439 57 70 je
1414 2439 134 68 sais,
1576 2458 115 35 une
1717 2440 112 55 fois
1856 2458 150 53 pour
2030 2446 221 65 toutes,
2280 2444 268 70 qu'entre

446 2521 199 51 toutes
677 2518 81 54 les
790 2518 216 55 teintes
1042 2519 69 54 de
1144 2518 284 55 hauteurs
1459 2520 210 71 égales,
1685 2520 54 55 le
1773 2521 332 56 maximum
2139 2524 70 54 de
2243 2524 305 72 puissance

447 2596 339 71 appartient
843 2617 77 35 au
976 2598 421 72 jaune-orangé
1452 2605 60 50 et
1567 2600 54 55 le
1677 2601 313 56 minimum
2046 2622 76 35 au
2185 2604 363 70 violet-blea,

447 2694 141 38 avec
620 2678 399 54 décroissance
1048 2680 363 70 progressive
1443 2688 147 47 dans
1617 2680 58 56 la
1705 2681 144 56 série
1881 2684 102 54 des
2012 2684 268 56 couleurs
2309 2685 239 55 suivant

445 2756 124 55 leur
612 2758 257 71 position
915 2759 323 71 graphique
1287 2761 146 54 dans
1476 2761 53 55 le
1572 2761 272 73 triangle.
1893 2763 171 56 Voilà
2110 2765 100 71 qui
2256 2772 89 49 est
2390 2765 158 69 clair,

445 2838 185 71 précis
650 2844 58 49 et
729 2840 250 70 général.
1002 2840 60 56 Si
1082 2858 149 38 vous
1251 2859 93 38 me
1365 2849 265 50 montrez
1659 2844 156 55 deux
1842 2845 265 56 couleurs
2135 2848 412 71 quelconques,

445 2935 80 37 un
565 2918 206 72 simple
813 2937 151 54 coup
1007 2920 160 56 d'œil
1207 2921 119 71 jeté
1367 2940 99 37 sur
1508 2940 96 37 ma
1646 2924 182 70 figure
1872 2925 70 56 de
1985 2925 413 59 classification
2451 2929 97 53 des

445 2998 334 71 puissances
827 2999 119 72 (fig.
996 3018 71 55 29
1111 3003 72 54 de
2027 3001 247 58 l'Orchestration
2275 3027 86 37 me
2362 3013 185 67 permet

446 3079 69 54 de
563 3080 220 70 prévoir
830 3081 527 73 immédiatement,
1400 3086 146 55 dans
1594 3106 114 35 une
1759 3088 342 56 décoration
2152 3092 245 68 donnée,
2442 3107 105 54 par

445 3160 283 70 exemple,
765 3161 249 72 laquelle
1049 3163 376 72 l'emportera
1462 3183 99 37 sur
1594 3165 215 57 l'autre
1846 3187 72 35 en
1952 3169 173 70 éclat,
2152 3175 134 50 tout
2312 3175 235 66 compte

443 3245 144 50 tenu
636 3243 69 53 de
753 3241 153 55 leurs
954 3244 282 56 hauteurs
1284 3246 272 56 relatives
1608 3253 60 49 et
1719 3249 100 55 des
1870 3252 274 54 matières
2192 3253 352 71 employées.

445 3319 331 70 J'aimerais
822 3323 135 54 bien
1001 3325 232 70 prévoir
1282 3328 69 54 de
1400 3329 208 69 même,
1655 3348 72 36 en
1774 3332 289 71 musique,
2108 3332 197 55 l'éclat
2351 3329 196 58 relatif

445 3400 70 54 de
563 3400 153 55 deux
761 3401 387 59 instruments
1195 3408 395 72 quelconques
1639 3428 148 52 pour
1834 3429 81 37 un
1961 3413 201 54 thème
2211 3414 212 56 donné.
2474 3413 71 70 Je

442 3479 114 53 sais
606 3480 135 56 bien
791 3500 225 40 comme
1067 3492 136 49 tout
1252 3488 52 54 le
1355 3489 215 56 monde
1622 3508 132 53 que,
1809 3493 146 54 dans
2007 3493 81 56 tel
2139 3495 312 68 ensemble,
2489 3494 58 52 la

560 3664 62 48 (i;
650 3664 225 42 Rotation
901 3669 147 40 droite
1073 3675 47 35 et
1143 3675 209 38 rotation
1376 3676 174 49 gauche
1578 3676 137 41 d'une
1739 3679 120 39 suite
1883 3682 223 47 spectrale
2130 3681 244 39 circulaire.
