2748 4186
991 349 266 42 BULLETIN
1296 346 264 51 FRANÇAIS
1598 346 73 36 DE
1705 346 65 36 LA
1809 346 42 36 S.
1890 345 33 37 I.
1964 346 55 36 M.

462 350 94 65 766

707 513 86 52 De
990 508 143 54 deux
1391 500 246 58 binaires
1999 500 381 69 appartenant

463 590 332 69 différentes,
841 585 56 53 la
939 581 137 74 -plus
1129 576 248 71 éloignée
1423 576 65 54 de
1536 575 56 55 la
1636 575 277 74 primaire
1959 590 291 38 commune
2293 578 264 67 repousse

489 670 198 55 Vautre
969 684 117 37 vers
1288 682 64 36 sa
1499 658 338 74 symétrique
2258 674 135 37 sans

463 749 254 67 entendu,
746 746 164 55 d'être
936 741 237 56 binaire.

574 828 50 53 Il
654 845 73 37 ne
760 819 424 77 m'appartient
1217 837 108 53 pas
1359 818 295 57 d'insister
1686 823 136 67 trop
1853 818 381 71 longuement
2266 814 290 56 là-dessus

460 908 59 58 ni
656 905 142 56 faire
831 901 260 63 miroiter
1124 918 65 37 ce
1220 900 137 55 rêve
1391 917 144 38 avec
1565 904 137 67 trop
1739 899 70 56 de
1842 898 237 72 lyrisme
2112 914 121 37 aux
2265 912 157 55 yeux
2457 895 99 55 des

460 986 327 69 musiciens,
809 984 249 74 puisque
1080 983 56 71 je
1156 981 245 55 n'ouvre
1424 998 107 55 pas
1551 980 60 55 la
1631 985 170 68 porte
1824 981 71 55 de
1919 997 64 38 ce
2006 978 214 55 monde
2243 975 310 57 enchanté.

459 1069 74 70 Je
566 1073 231 49 montre
831 1064 323 57 seulement
1188 1061 54 56 le
1277 1060 327 57 coffre-fort
1640 1061 79 55 où
1752 1060 53 56 le
1838 1061 189 54 trésor
2062 1063 90 52 est
2186 1056 278 69 enfermé,
2500 1054 57 72 je

459 1148 146 56 crois
639 1166 113 53 que
785 1146 120 72 j'en
936 1145 163 71 forge
1132 1144 190 55 même
1355 1143 58 54 la
1446 1140 171 59 clef...
1656 1143 181 54 Reste
1872 1143 36 53 à
1942 1138 306 58 découvrir
2280 1138 55 55 le
2369 1141 187 51 secret

459 1229 70 55 de
576 1226 57 56 la
680 1244 222 38 serrure
930 1247 14 48 ;
992 1224 144 56 c'est
1181 1223 251 56 l'affaire
1481 1224 102 55 des
1630 1221 588 73 expérimentateurs.
2269 1219 156 53 Pour
2471 1215 83 56 les

455 1313 213 63 tenter,
720 1308 56 71 je
825 1307 153 54 tiens
1029 1303 332 73 cependant
1413 1304 72 56 de
1533 1303 126 56 leur
1709 1301 143 56 faire
1904 1298 338 76 apercevoir
2290 1317 85 36 un
2424 1296 132 55 côté

458 1388 368 57 commercial
867 1389 69 55 de
974 1385 383 73 l'entreprise.
1401 1385 94 56 On
1533 1383 115 57 sait
1688 1402 162 38 assez
1889 1400 65 39 ce
1994 1399 115 55 que
2145 1378 333 58 l'industrie
2519 1395 35 36 a

455 1470 185 71 gagné
657 1470 34 54 à
704 1468 284 72 l'analyse
1005 1467 102 57 des
1119 1467 216 55 teintes
1352 1472 58 49 et
1429 1468 34 53 à
1476 1465 260 73 l'emploi
1754 1465 101 55 des
1870 1463 281 73 procédés
2171 1461 349 56 trichromes
2533 1479 14 48 ;

456 1567 93 38 ces
597 1550 280 71 procédés
945 1553 136 49 sont
1136 1548 195 56 entrés
1395 1548 148 54 dans
1611 1547 54 54 le
1728 1543 274 58 domaine
2064 1541 295 74 pratique.
2411 1539 137 56 Non

456 1629 323 57 seulement
821 1629 82 56 les
945 1646 209 38 revues
1199 1628 154 56 d'art
1397 1646 61 36 se
1502 1632 237 50 servent
1785 1624 320 57 désormais
2152 1624 71 55 de
2251 1639 65 37 ce
2338 1635 218 58 moyen

458 1710 377 56 merveilleux
869 1712 71 54 de
973 1709 437 72 reproduction,
1444 1709 150 56 mais
1626 1708 85 56 les
1745 1705 339 73 catalogues
2120 1705 102 56 des
2257 1704 296 70 magasins

456 1795 59 49 et
545 1792 102 54 des
672 1790 262 59 chemins
963 1790 70 55 de
1062 1789 85 56 fer
1173 1789 334 72 l'adoptent
1535 1788 363 56 eux-mêmes
1928 1787 70 54 de
2026 1784 133 74 plus
2186 1802 75 38 en
2286 1781 153 73 plus.
2469 1781 85 58 La

458 1872 633 72 chromolithographie
1113 1872 208 54 n'aura
1343 1870 233 55 bientôt
1601 1869 133 73 plus
1749 1868 220 72 qu'une
1987 1865 203 56 valeur
2204 1863 345 72 historique.

456 1950 285 74 N'aperce
745 1968 282 38 vez-vous
1082 1950 169 73 point
1308 1955 299 51 comment
1663 1948 288 72 l'analyse
2006 1945 228 74 psycho
2260 1943 293 73 physique

458 2032 100 57 des
590 2032 245 56 timbres
869 2033 309 56 donnerait
1211 2051 75 37 en
1317 2032 270 72 musique
1620 2049 82 37 un
1733 2029 250 57 résultat
2017 2027 288 72 analogue
2335 2032 24 48 ?
2393 2024 161 55 Vous

456 2112 334 56 connaissez
814 2117 136 51 tous
986 2128 93 40 ces
1094 2129 207 55 orgues
1325 2113 37 53 à
1385 2128 223 56 vapeur
1631 2109 384 57 formidables
2039 2126 114 54 que
2176 2123 150 38 nous
2349 2109 170 52 enten-

456 2192 148 54 dons
637 2193 35 53 à
701 2192 59 56 la
792 2192 143 56 foire
971 2194 70 54 de
1074 2193 237 71 Neuilly
1343 2211 77 37 ou
1452 2209 99 39 sur
1582 2192 59 56 la
1672 2190 166 74 place
1874 2189 218 74 Pigalle
2125 2206 121 38 aux
2278 2185 274 57 environs

458 2272 78 56 du
582 2288 71 57 14
695 2273 207 72 juillet.
949 2273 155 56 Elles
1147 2279 136 50 sont
1328 2272 134 73 déjà
1504 2273 137 56 bien
1684 2276 439 68 surprenantes,
2168 2268 206 72 quand
2416 2265 136 56 elles

454 2352 206 71 jouent
687 2353 449 72 intégralement
1164 2354 359 56 l'ouverture
1554 2356 71 54 de
2178 2367 78 38 ou
2288 2349 71 55 de
2387 2347 165 54 Poète

454 2437 48 48 et
526 2432 254 72 Paysan.
800 2434 568 71 Représentez-vous
1394 2451 63 39 ce
1482 2433 241 72 qu'elles
1750 2430 446 59 deviendraient
2219 2428 55 56 le
2298 2428 132 72 jour
2454 2427 98 69 où,

454 2514 334 71 composées
827 2514 323 56 seulement
1190 2517 73 53 de
1300 2516 146 54 trois
1485 2532 77 38 ou
1602 2519 211 66 quatre
1852 2513 141 72 jeux
2035 2513 70 55 de
2151 2509 247 60 timbres
2436 2507 87 72 pri-

454 2593 228 70 maires,
727 2594 298 56 combinés
1065 2608 73 42 en
1179 2596 375 72 proportions
1596 2594 245 56 voulues
1883 2596 170 71 grâce
2095 2593 36 53 à
2171 2610 84 36 un
2295 2589 257 73 système

454 2673 71 55 de
550 2673 190 56 volets
766 2676 36 53 à
823 2681 168 49 trous
1015 2695 74 36 en
1113 2681 367 67 permettant
1504 2676 53 57 le
1584 2677 215 71 dosage
1824 2673 207 74 précis,
2058 2672 138 57 elles
2220 2668 331 75 joueraient

453 2752 82 57 les
580 2756 378 71 symphonies
1005 2757 71 54 de
1123 2757 344 56 Beethoven
1512 2775 80 38 ou
1637 2757 103 56 des
1783 2754 328 74 fragments
2158 2753 71 56 de
2276 2750 275 73 Wagner,

450 2851 143 38 avec
625 2834 57 56 la
713 2837 418 72 reproduction
1161 2837 170 57 fidèle
1364 2838 71 56 de
1465 2836 593 68 l'instrumentation,
2090 2832 133 57 sauf
2253 2831 299 73 peut-être

449 2932 72 38 en
550 2932 65 39 ce
647 2917 100 72 qui
778 2935 280 43 concerne
1089 2918 57 56 la
1175 2918 309 74 puissance
1508 2917 348 57 musculaire
1871 2918 9 53 !
1919 2914 353 73 (D'ailleurs,
2293 2914 147 55 dans
2469 2911 84 55 les

447 2994 215 74 tirages
728 2998 466 74 phototypiques
1282 2999 363 69 trichromes,
1719 2998 59 55 la
1848 2997 310 74 puissance
2231 2991 321 62 matérielle

450 3077 343 57 corrélative
820 3078 151 57 n'est
999 3098 106 55 pas
1132 3098 121 39 non
1278 3081 133 72 plus
1439 3081 385 56 directement
1852 3077 384 74 reproduite).
2267 3074 80 55 Et
2375 3078 177 50 notez

447 3172 115 55 que
588 3156 54 57 le
667 3157 133 72 jour
826 3161 79 53 où
930 3159 122 58 l'on
1079 3161 356 57 connaîtrait
1462 3161 84 56 les
1573 3159 246 58 timbres
1846 3157 326 74 primaires,
2199 3156 42 54 il
2269 3172 73 38 ne
2370 3152 179 57 serait

447 3237 447 70 piobablement
939 3258 107 55 pas
1085 3241 240 58 difficile
1363 3242 136 56 d'en
1536 3241 270 72 analyser
1842 3241 56 54 le
1936 3242 216 69 dosage
2189 3241 174 52 exact
2402 3233 147 57 dans

446 3313 81 60 les
578 3319 452 59 chefs-d'œuvre
1080 3323 317 74 classiques
1446 3341 150 56 pour
1644 3321 327 58 construire
2022 3319 84 56 les
2157 3322 237 51 cartons
2448 3314 99 56 des

447 3399 290 70 appareils
780 3419 113 54 que
935 3403 57 71 je
1034 3405 252 69 prévois.
1333 3405 50 55 Il
1425 3422 94 42 me
1562 3402 221 57 semble
1825 3401 146 73 qu'il
2013 3419 40 54 y
2096 3419 35 36 a
2172 3399 61 55 là
2274 3413 150 58 pour
2467 3413 81 37 un

446 3476 313 59 inventeur
783 3499 113 39 une
921 3483 244 57 matière
1192 3487 35 53 à
1250 3482 537 76 expérimentation
1813 3485 147 54 dont
1983 3479 261 58 l'intérêt
2270 3476 277 75 pratique

445 3559 265 70 pourrait
740 3561 135 57 bien
907 3563 121 56 être
1060 3566 262 56 colossal.

560 3638 329 74 D'ailleurs,
931 3645 325 72 Messieurs,
1298 3647 83 57 les
1422 3645 336 59 recherches
1803 3646 146 54 dont
1990 3643 58 73 je
2090 3641 160 75 parle
2291 3645 60 52 et
2397 3638 148 56 dont
