2748 4186
2200 375 94 62 803

1153 385 67 36 LE
1247 387 129 35 MOIS

339 526 166 55 Nous
533 526 249 73 voyions
811 527 41 55 il
880 546 42 54 y
950 548 35 35 a
1016 531 155 56 deux
1200 553 104 37 ans
1333 535 135 57 Mlle
1500 536 258 56 Caffaret
1787 535 232 57 enlever
2050 538 35 53 à
2111 535 158 58 l'una-

227 605 208 55 nimité
470 606 52 55 le
559 606 249 71 premier
842 609 133 71 prix
1013 613 70 53 de
1117 613 178 71 piano
1335 616 34 54 à
1406 618 183 54 douze
1625 635 125 36 ans.
1789 618 130 54 Une
1956 616 344 56 charmante

227 684 280 56 blondine
541 687 72 54 de
646 686 101 55 dix
780 705 124 51 ans,
937 687 170 58 Aline
1139 709 119 38 van
1293 694 368 71 Bœrentzen,
1697 714 34 36 a
1763 696 293 71 remporté
2086 695 214 56 l'autre

227 764 117 54 soir
372 783 81 37 un
488 765 287 72 triomphe
805 767 34 53 à
866 767 58 54 la
952 769 140 56 salle
1121 771 73 56 de
1220 773 59 53 la
1305 789 102 39 rue
1439 775 336 56 d'Athènes.
1796 776 165 55 Cette
1989 776 205 55 enfant
2211 779 90 52 est

230 842 565 59 merveilleusement
828 847 183 55 douée
1040 867 119 38 non
1187 853 324 57 seulement
1540 872 226 39 comme
1821 855 371 70 mécanisme,
2222 854 79 57 où

230 922 40 54 il
297 941 72 37 ne
397 924 82 54 lui
509 941 254 54 manque
792 926 132 70 plus
952 945 115 54 que
1097 931 70 54 de
1194 930 58 55 la
1279 933 325 69 puissance,
1634 934 149 54 mais
1810 940 233 50 surtout
2071 953 230 38 comme

230 1004 368 71 intelligence
637 1005 298 56 musicale.
978 1007 145 56 Cette
1163 1010 193 69 enfant
1397 1016 319 69 comprend
1765 1015 60 53 la
1878 1015 286 71 musique.
2208 1015 93 56 On

231 1100 149 38 nous
409 1084 86 54 dit
523 1085 211 70 qu'elle
762 1091 87 49 est
876 1088 375 69 petite-nièce
1280 1094 70 53 de
1377 1093 209 55 Weber
1613 1099 58 49 et
1699 1095 142 55 c'est
1868 1095 292 70 peut-être
2184 1113 117 37 une

231 1162 376 72 explication.
634 1165 124 55 Elle
782 1184 33 34 a
837 1166 94 54 été
952 1168 239 71 exquise
1215 1171 146 54 dans
1380 1171 55 55 le
1458 1173 280 54 Concerto
1760 1193 74 35 en
1854 1174 51 53 si
1929 1174 28 53 b
1981 1175 70 55 de
2071 1175 230 53 Mozart

235 1242 99 69 (où
362 1241 57 55 la
447 1242 190 72 partie
669 1245 356 56 d'orchestre
1053 1248 150 54 était
1229 1250 311 56 transcrite
1568 1269 149 53 pour
1760 1270 79 36 un
1879 1254 216 54 second
2121 1253 179 72 piano

230 1325 146 51 tenu
411 1340 108 52 par
556 1322 135 55 Mlle
729 1325 57 55 S.
827 1325 179 70 Petit,
1043 1344 115 38 une
1196 1334 167 49 autre
1401 1330 205 55 artiste
1646 1333 70 53 de
1752 1338 281 64 quatorze
2071 1334 128 67 ans)
2240 1336 61 52 et

232 1401 146 55 dans
409 1401 57 54 la
495 1402 282 70 première
809 1404 218 57 Sonate
1059 1408 70 54 de
1171 1408 360 55 Beethoven.
1571 1409 148 54 Mais
1756 1428 78 37 on
1871 1429 35 36 a
1942 1430 73 36 eu
2056 1416 124 50 tort
2230 1413 72 56 de

234 1482 316 54 demander
592 1484 34 52 à
667 1500 94 38 ces
799 1484 202 70 jeunes
1044 1486 193 73 doigts
1275 1488 57 54 la
1375 1505 66 38 12
1445 1500 22 26 e
1509 1490 336 71 Rhapsodie
1888 1491 70 55 de
1999 1490 179 56 Liszt.
2221 1490 81 56 Ils

231 1559 131 54 font
392 1560 137 56 bien
559 1561 83 55 les
670 1562 268 56 terribles
970 1566 189 54 écarts
1190 1566 268 71 qu'exige
1488 1573 155 50 cette
1680 1568 371 72 musique-là,
2084 1569 147 56 mais
2262 1569 42 54 il

231 1639 126 56 leur
396 1658 257 54 manque
693 1641 57 55 la
791 1642 155 56 force
988 1645 336 56 nécessaire.
1368 1646 151 73 Quoi
1559 1648 145 71 qu'il
1744 1667 72 35 en
1855 1649 135 68 soit,
2036 1649 155 56 voilà
2234 1650 71 55 de

234 1721 248 70 grandes
522 1721 359 70 espérances,
923 1724 427 70 puissent-elles
1389 1744 60 37 se
1488 1726 231 56 réaliser
1758 1726 355 71 pleinement
2139 1730 11 55 !

347 1799 161 54 Avec
542 1800 136 55 Mlle
711 1801 155 55 Elsie
902 1803 278 71 Playfair,
1214 1805 41 52 il
1285 1805 104 71 n'y
1422 1824 35 34 a
1488 1805 132 71 plus
1652 1805 125 56 rien
1808 1806 35 54 à
1874 1809 249 70 espérer,
2158 1825 148 38 nous

235 1895 253 40 sommes
518 1899 71 36 en
618 1881 273 70 présence
924 1884 143 53 d'un
1095 1884 356 71 magnifique
1478 1885 191 56 talent
1700 1886 71 55 de
1799 1886 332 70 violoniste,
2164 1888 143 55 d'un

236 1959 512 71 épanouissement
786 1961 71 55 de
893 1961 310 56 virtuosité
1238 1964 220 71 précise
1493 1969 60 51 et
1589 1966 188 69 sobre,
1816 1966 142 55 d'un
1991 1966 153 73 style
2178 1984 97 55 per-

237 2039 220 54 sonnel.
501 2040 119 55 Son
659 2045 235 50 concert
937 2041 79 55 du
1059 2059 28 36 l
1089 2055 44 24 er
1172 2043 128 71 juin
1340 2062 147 36 nous
1529 2045 197 55 donna
1764 2063 114 38 une
1920 2048 71 53 de
2029 2063 107 38 nos
2174 2046 133 73 plus

236 2117 319 72 complètes
597 2117 401 58 satisfactions
1040 2121 71 55 de
1150 2121 248 56 l'année.
1441 2123 277 55 L'artiste
1760 2142 36 36 a
1835 2124 207 72 rempli
2081 2124 54 57 le
2174 2143 102 53 pro-

236 2214 262 55 gramme
529 2199 35 52 à
594 2197 107 56 elle
730 2199 156 56 seule
918 2204 60 52 et
1009 2218 144 39 avec
1186 2204 99 53 des
1318 2220 229 38 œuvres
1578 2205 211 53 ardues
1821 2222 226 39 comme
2076 2205 54 56 le
2161 2205 112 56 Con-

235 2281 157 50 certo
416 2277 70 55 de
508 2277 242 55 Dvorak
769 2284 60 49 et
849 2277 83 56 les
960 2277 278 59 Mélodies
1270 2281 345 71 Hongroises
1642 2284 70 54 de
1732 2283 198 55 Ernst.
1953 2284 78 54 M.
2055 2284 255 57 Colonne

236 2360 60 51 et
317 2373 108 38 son
447 2358 293 54 orchestre
764 2360 543 71 accompagnaient.
1333 2361 154 55 C'est
1510 2380 113 37 une
1647 2379 199 39 œuvre
1869 2364 120 54 très
2012 2365 298 69 moderne,

236 2436 121 54 très
396 2436 262 56 curieuse
698 2439 71 53 de
809 2440 227 55 thèmes
1076 2440 361 72 mélodiques
1477 2446 60 51 et
1577 2443 489 55 d'orchestration
2105 2462 115 54 que
2255 2444 55 57 le

240 2515 283 55 Concerto
555 2518 80 53 du
663 2518 211 54 maître
902 2520 273 70 tchèque,
1204 2520 148 53 mais
1382 2520 142 55 c'est
1551 2520 138 72 long
1718 2520 104 71 (les
1851 2524 155 54 deux
2033 2521 277 74 premiers

239 2601 412 50 mouvements
682 2614 60 37 se
773 2598 234 55 suivent
1040 2617 135 36 sans
1209 2599 413 73 interruption)
1656 2606 60 50 et
1760 2603 165 55 ardu.
1959 2603 130 55 Une
2131 2601 179 74 élégie

241 2676 70 54 de
377 2676 140 52 Max
583 2676 214 69 Bruch,
835 2676 73 55 In
1669 2678 360 69 Memoriam,
1378 2697 35 36 a
1467 2680 84 55 les
1591 2681 219 55 mêmes
1845 2681 253 73 qualités
2131 2686 61 53 et
2226 2684 84 55 les

240 2754 218 54 mêmes
493 2754 250 56 défauts.
780 2756 134 55 Mlle
947 2756 262 73 Playfair
1253 2777 36 35 a
1318 2758 135 71 joué
1487 2760 146 55 dans
1662 2778 82 37 un
1773 2761 122 54 très
1924 2761 121 55 bon
2074 2761 153 71 style
2255 2761 55 58 le

241 2834 285 59 Concerto
557 2846 71 41 n°
662 2850 35 54 4
728 2836 71 54 de
830 2835 247 71 Mozart,
1111 2855 142 37 avec
1288 2839 99 54 des
1418 2840 280 55 cadences
1728 2840 197 71 plutôt
1956 2840 353 71 périlleuses.

240 2912 148 55 Mais
423 2932 65 35 sa
522 2914 315 71 technique
871 2921 60 49 et
965 2934 65 36 sa
1063 2916 278 56 mémoire
1374 2923 136 48 sont
1544 2919 167 54 telles
1745 2920 180 70 qu'on
1959 2920 98 53 n'a
2090 2938 107 53 pas
2229 2939 81 38 un

239 2993 226 53 instant
490 2994 70 54 de
583 2993 221 71 fatigue
828 3000 57 50 et
910 2996 178 69 qu'on
1111 3015 71 36 ne
1206 3014 332 53 soupçonne
1573 3015 106 52 pas
1703 3015 114 54 que
1850 2999 244 56 l'artiste
2118 2999 192 72 puisse

240 3090 72 37 en
336 3074 300 70 éprouver.
667 3073 149 54 C'est
843 3092 112 36 une
980 3075 308 56 violoniste
1316 3076 68 55 de
1417 3078 216 69 grande
1671 3095 315 52 envergure
2012 3095 113 52 que
2163 3097 147 39 nous

239 3169 181 37 avons
475 3153 73 53 là.

2065 3160 63 54 F.
2166 3160 69 56 G.

238 3436 466 55 BORDEAUX.

355 3558 193 56 Soirée
579 3558 322 72 splendide,
933 3577 149 53 pour
1112 3558 353 57 l'exécution
1498 3560 70 55 de
1596 3560 245 56 l'œuvre
1872 3560 47 55 si
1949 3560 362 74 importante

246 3639 70 55 de
354 3639 185 55 Mmes
579 3638 231 72 Raphel
849 3639 70 55 de
957 3639 198 55 Laleu.
1197 3640 294 55 Personne
1527 3659 73 37 ne
1637 3640 349 56 s'attendait
2025 3644 35 53 à
2095 3661 64 38 ce
2198 3662 113 53 que
