2748 4186
2216 388 90 51 753

795 395 66 32 LA
896 393 433 34 CLASSIFICATION
1370 393 103 34 DES
1509 392 237 35 TIMBRES

340 542 71 70 Je
454 561 73 36 ne
571 541 325 71 m'occupai
942 543 149 52 donc
1134 558 105 53 pas
1285 542 79 52 du
1407 546 225 65 spectre
1676 538 224 67 solaire,
1944 537 56 71 je
2044 538 265 54 cherchai

226 622 81 55 les
341 622 248 71 origines
625 622 99 53 des
758 621 213 53 teintes
1008 622 144 53 dans
1186 619 56 54 la
1276 619 141 56 série
1461 621 69 54 de
1566 621 261 54 couleurs
1874 636 113 52 que
2034 617 275 71 j'appelai

227 702 144 53 suite
632 701 190 71 spectrale
823 719 77 50 par
901 699 262 72 analogie
1216 703 59 50 et
1328 717 112 52 que
1493 698 285 70 j'énonçai
1832 715 134 37 sous
2016 697 56 53 la
2126 696 183 56 forme

226 781 283 72 classique
538 802 9 32 :

378 956 224 52 ROUGE,
640 941 263 67 ORANGÉ,
951 955 216 53 JAUNE,
1207 955 178 53 VERT,
1426 956 180 52 BLEU,
1648 953 234 54 INDIGO,
1921 952 238 54 VIOLET,

228 1106 198 51 toutes
467 1119 93 36 ces
602 1101 261 54 couleurs
904 1101 168 54 étant
1112 1101 466 71 soigneusement
1619 1100 297 54 ramenées
1957 1100 33 52 à
2030 1098 279 54 hauteurs

228 1181 191 71 égales
480 1180 364 71 (précaution
901 1181 371 54 absolument
1328 1178 341 69 essentielle,
1728 1196 97 36 car
1879 1178 82 54 les
2018 1177 291 71 mélanges

230 1261 69 53 de
326 1262 154 53 deux
505 1260 263 54 couleurs
795 1261 68 53 de
887 1260 215 54 teintes
1126 1260 390 71 quelconques
1540 1257 342 71 produisent
1910 1258 99 54 des
2032 1256 277 54 résultats

223 1341 118 53 très
364 1341 302 54 différents
688 1340 238 54 suivant
946 1340 81 54 les
1049 1342 278 52 hauteurs
1347 1338 349 71 respectives
1719 1338 69 54 de
1809 1354 93 36 ces
1923 1336 262 54 couleurs
2208 1338 99 66 (i).

336 1421 148 54 Mais
510 1425 182 49 avant
721 1420 199 54 d'aller
943 1420 131 71 plus
1098 1420 137 67 loin,
1261 1420 40 52 il
1326 1425 86 48 est
1437 1417 267 56 essentiel
1729 1434 112 53 que
1865 1416 56 70 je
1945 1434 148 35 vous
2118 1417 191 53 donne

225 1500 279 71 quelques
542 1500 207 53 brèves
786 1498 235 55 notions
1059 1517 96 36 sur
1192 1516 140 37 mon
1368 1497 254 70 système
1662 1497 70 53 de
1770 1494 400 55 construction
2210 1496 99 53 des

226 1597 260 54 gammes
524 1580 268 54 colorées.

339 1660 289 71 J'appelle
659 1677 230 54 gamme
922 1661 70 53 de
1012 1661 232 65 teintes,
1262 1663 169 47 toute
1461 1656 143 53 série
1632 1657 68 52 de
1729 1654 262 54 couleurs
2024 1654 283 54 obtenues

225 1756 106 53 par
371 1740 50 54 le
462 1740 264 71 mélange
766 1738 309 71 progressif
1115 1743 58 49 et
1213 1737 243 71 régulier
1498 1737 69 53 de
1609 1736 153 53 deux
1799 1735 216 53 teintes
2056 1735 253 54 données

226 1818 71 55 de
335 1820 188 54 même
562 1820 251 53 hauteur
851 1820 48 50 A
945 1823 58 49 et
1042 1818 69 52 B.
1152 1817 48 52 A
1246 1821 58 49 et
1342 1817 50 51 B
1431 1820 133 48 sont
1602 1813 82 55 les
1722 1812 383 72 génératrices
2146 1813 69 54 de
2251 1812 58 55 la

225 1916 248 53 gamme,
501 1903 196 50 toutes
738 1900 81 53 les
858 1903 197 49 autres
1094 1897 262 55 couleurs
1397 1895 283 54 obtenues
1704 1911 107 53 par
1849 1893 124 54 leur
2013 1891 296 73 mélangée

225 1996 71 36 en
320 1983 133 50 sont
477 1980 84 53 les
585 1976 230 56 mixtes.
844 1977 93 53 En
960 1977 388 70 mélangeant,
1375 1992 106 54 par
1505 1972 282 71 exemple,
1821 1971 488 71 respectivement

265 2074 50 52 i,
377 2074 51 53 2,
486 2076 51 51 3,
594 2074 51 53 4,
712 2071 51 56 5,
825 2056 54 70 6,
941 2071 33 56 7
1581 2067 53 56 7,
1696 2052 51 67 6,
1808 2065 54 54 5,
1920 2067 52 55 4,
2029 2069 51 52 3,
2140 2069 49 52 2,
2243 2076 27 37 1

261 2156 51 69 8,
376 2156 50 69 8,
485 2159 53 66 8,
599 2159 54 66 8,
708 2156 51 69 8,
815 2156 51 69 8,
927 2154 35 55 8
1577 2149 56 71 8,
1681 2151 54 69 8,
1796 2151 53 66 8,
1907 2149 54 68 8,
2016 2149 54 68 8,
2126 2151 51 66 8,
2232 2149 54 71 8,

225 2237 69 55 de
368 2239 196 70 jaune,
636 2237 277 72 j'obtiens
952 2254 115 37 une
1121 2234 144 54 série
1340 2235 69 53 de
1451 2232 346 68 sensations,
1865 2236 212 62 vertes,
2124 2231 183 56 allant

222 2335 249 55 presque
518 2319 476 54 insensiblement
1044 2316 78 55 du
1168 2314 136 54 bleu
1376 2331 77 36 au
1520 2314 195 69 jaune,
1764 2330 73 36 en
1907 2316 243 66 passant
2198 2330 108 52 par

221 2396 52 55 le
352 2397 424 68 bleu-céladon,
829 2396 53 55 le
942 2395 309 66 bleu-vert,
1296 2392 52 55 le
1397 2397 129 50 vert
1582 2390 245 70 normal,
1858 2390 52 56 le
1954 2390 351 71 vert-jaune,

223 2483 59 48 et
326 2477 52 55 le
444 2477 324 55 vert-olive.
818 2475 522 72 Graphiquement,
1387 2472 55 70 je
1486 2472 331 70 représente
1859 2475 171 49 toute
2075 2486 231 55 gamme

222 2574 107 53 par
359 2577 114 36 une
506 2557 143 55 série
683 2559 70 53 de
786 2556 197 73 points
1013 2552 396 74 équidistants
1441 2570 73 37 en
1544 2551 151 71 ligne
1729 2550 205 56 droite.
1969 2551 108 53 Les
2109 2547 197 74 points

223 2635 294 57 extrêmes
550 2637 401 72 représentent
984 2634 83 54 les
1100 2631 386 74 génératrices
1521 2631 70 55 de
1625 2630 56 53 la
1714 2646 249 55 gamme.
2000 2629 72 69 Je
2105 2630 200 71 figure,

222 2733 107 53 par
371 2717 284 70 exemple,
698 2716 57 54 la
797 2731 230 56 gamme
1073 2714 100 54 des
1216 2716 159 50 verts
1420 2711 144 55 dont
1608 2710 54 71 je
1705 2707 215 73 parlais
1963 2709 36 52 à
2038 2707 268 56 l'instant

222 2796 70 55 de
325 2796 265 82 lajfaçon
622 2796 272 55 suivante
923 2817 10 31 :

223 3199 59 49 et
329 3210 150 54 pour
524 3191 233 55 réaliser
804 3190 621 71 expérimentalement
1472 3189 81 56 les
1601 3189 291 71 mélanges
1940 3189 365 54 constitutifs

223 3274 70 54 de
338 3278 153 49 cette
534 3288 251 54 gamme,
830 3270 56 71 je
931 3286 91 39 me
1065 3286 118 37 sers
1228 3270 71 55 de
1343 3267 233 73 disques
1619 3269 273 71 partagés
1935 3286 73 37 en
2050 3274 255 51 secteurs

223 3352 189 72 égaux
449 3368 115 54 que
602 3350 56 71 je
696 3349 165 72 peins
899 3347 516 56 alternativement
1454 3365 141 38 avec
1634 3347 258 56 chacune
1933 3349 99 54 des
2070 3349 235 71 généra-

289 3518 35 50 gS
348 3519 38 48 (i
400 3519 12 47 )
422 3518 108 38 Voir
542 3515 318 41 Orchestration
878 3516 70 38 des
966 3516 197 39 couleurs
1171 3553 8 17 ?
1195 3526 113 41 page
1322 3525 44 38 9,
1383 3518 47 36 et
1444 3514 41 40 le
1503 3515 219 51 diapason
1739 3515 76 39 des
1832 3514 217 40 hauteurs
2066 3526 57 27 au
2140 3526 165 40 moyen

221 3578 169 49 duquel
412 3577 44 51 je
479 3579 102 50 puis
603 3577 193 40 calculer
818 3577 44 38 la
885 3576 196 39 hauteur
1104 3576 137 39 d'une
1263 3575 184 40 couleur
1469 3575 53 40 de
1543 3575 144 40 teinte
1710 3576 280 50 quelconque
2011 3586 83 40 par
2116 3578 189 49 rapport

219 3638 28 39 à
268 3638 42 39 la
336 3650 183 38 gamme
543 3637 195 52 typique
766 3636 77 40 des
869 3637 88 49 gris
983 3638 198 49 (gamme
1207 3636 284 49 blanc-noir).
