2748 4186
1106 315 67 36 LE
1208 319 128 35 MOIS

2153 328 93 51 795

177 451 319 71 principale
541 455 196 56 raison
788 459 71 53 de
900 465 91 50 cet
1051 464 338 58 ostracisme
1437 470 202 55 venait
1690 473 78 53 du
1814 471 109 56 fait
1983 492 113 53 que
2142 494 105 37 nos

178 534 325 54 orchestres
520 536 463 73 symphoniques
1000 559 71 38 ne
1085 543 314 72 disposent,
1415 567 148 52 pour
1575 553 219 53 donner
1800 553 151 54 leurs
1964 562 279 62 concerts,

180 628 111 52 que
348 614 69 52 de
472 614 167 54 salles
695 616 71 54 de
831 618 234 57 théâtre
1132 624 368 70 dépourvues
1564 630 140 55 d'un
1767 630 353 57 instrument
2173 634 74 55 ici

174 689 450 73 indispensable,
661 700 60 48 et
757 696 101 70 qui
893 704 89 48 est
1018 700 235 72 l'orgue.
1295 705 151 56 C'est
1484 709 34 52 à
1551 713 122 51 tort
1711 728 112 53 que
1864 718 154 49 cette
2054 714 193 56 raison

178 771 247 68 pouvait
477 774 256 68 paraître
785 776 408 73 péremptoire.
1226 783 100 56 S'il
1356 792 86 48 est
1495 789 126 53 vrai
1673 808 114 52 que
1836 793 82 53 les
1971 794 276 53 Concerts

180 850 370 55 Lamoureux
566 858 105 48 ont
689 858 250 52 attendu
973 859 69 53 de
1074 865 240 52 trouver
1338 866 70 53 de
1439 869 247 67 grandes
1707 887 205 53 orgues
1947 873 144 53 dans
2121 873 126 56 leur

181 929 266 54 nouvelle
464 931 141 54 salle
621 931 72 55 de
718 931 55 55 la
801 950 101 38 rue
933 936 379 74 delaßoëtie,
1336 960 149 53 pour
1508 945 15 70 j
1536 963 137 38 ouer
1700 948 57 53 la
1787 950 346 71 Symphonie
2173 954 70 53 de

181 1007 77 52 M.
336 1009 236 56 Camille
634 1011 376 57 Saint-Saëns
1030 1035 13 47 ;
1117 1023 134 49 tout
1324 1023 438 72 dernièrement,
1819 1029 76 55 M.
1965 1030 281 56 Edouard

182 1086 269 70 Colonne,
473 1091 250 69 perdant
755 1110 115 37 une
905 1096 268 68 patience
1208 1100 99 70 qui
1340 1104 271 53 semblait
1645 1110 328 66 cependant
2008 1112 33 52 à
2074 1115 168 51 toute

180 1166 271 69 épreuve,
497 1186 147 36 nous
688 1188 34 35 a
764 1175 230 52 montré
1037 1193 113 52 que
1190 1179 409 57 l'installation
1645 1184 140 55 d'un
1827 1204 176 52 orgue
2046 1207 98 35 sur
2185 1190 57 54 la

180 1263 165 37 scene
381 1249 78 52 du
493 1249 266 56 Chatelet
792 1270 40 35 n
855 1253 147 54 était
1037 1273 105 52 pas
1169 1259 171 54 chose
1375 1261 153 52 aussi
1552 1263 234 56 difficile
1820 1268 178 67 qu'on
2013 1270 102 52 eût
2147 1270 94 54 été

182 1343 72 35 en
289 1326 152 54 droit
475 1329 70 52 de
576 1327 52 55 le
661 1330 199 69 croire,
893 1349 64 37 ce
990 1334 99 70 qui
1121 1354 146 36 nous
1298 1345 225 62 permet
1557 1341 69 54 de
1660 1343 118 54 dire
1811 1362 112 52 que
1955 1348 286 54 certaines

183 1404 221 54 raisons
436 1411 105 49 ont
574 1425 112 37 une
721 1409 311 71 éloquence
1066 1415 34 51 à
1145 1415 134 55 elles
1324 1435 227 52 propre.
1588 1421 154 54 Pour
1772 1440 80 36 un
1885 1425 221 69 artiste,
2148 1444 93 37 ces

180 1482 222 54 raisons
430 1491 134 47 sont
595 1487 70 54 de
695 1487 167 55 celles
889 1490 144 70 qu'il
1058 1498 210 50 trouve
1297 1496 146 54 dans
1470 1498 52 53 le
1550 1498 315 56 sentiment
1897 1504 68 52 de
1993 1522 105 35 son
2126 1512 111 62 art;

181 1576 148 56 pour
364 1581 105 36 nos
505 1564 132 70 plus
672 1566 263 55 fortunés
971 1570 158 55 chefs
1174 1574 371 70 d'orchestre,
1584 1594 62 37 ce
1696 1585 154 63 sont,
1889 1581 160 54 hélas
2074 1584 11 52 !
2142 1585 100 54 des

180 1642 486 72 préoccupations
676 1646 188 54 moins
877 1649 438 58 désintéressées
1333 1655 99 69 qui
1448 1655 253 70 priment
1717 1658 82 54 les
1813 1665 214 50 autres.
2043 1664 199 69 Quant

181 1739 77 36 au
290 1722 217 70 public,
543 1724 40 52 il
615 1743 73 37 ne
721 1731 142 64 peut
895 1733 135 48 tour
1063 1730 35 52 à
1127 1736 138 49 tour
1298 1750 112 51 que
1443 1752 60 35 se
1536 1735 264 69 plaindre
1836 1755 76 37 ou
1952 1757 61 38 se
2062 1741 155 55 félici-

180 1805 91 50 ter
303 1802 70 53 de
402 1801 57 54 la
489 1805 310 53 connexité
834 1806 68 54 de
935 1806 424 59 circonstances
1401 1813 273 55 fortuites
1711 1816 69 54 de
1824 1816 57 54 la
1921 1824 211 51 nature
2173 1823 70 53 de

188 1880 268 53 celles-ci.

291 1960 88 52 De
407 1965 197 50 toutes
628 1961 80 54 les
736 1980 226 38 œuvres
987 1968 305 54 modernes
1317 1976 392 64 appartenant
1740 1992 74 35 au
1839 1976 187 55 même
2051 1995 190 53 genre,

182 2044 154 49 cette
582 2040 346 71 Symphonie
1354 2060 66 40 en
1588 2045 74 52 Ut
1818 2046 223 55 mineur
1244 2054 87 48 est
1362 2051 419 56 certainement
1817 2072 111 37 une
1973 2058 100 52 des
2115 2059 128 69 plus

182 2116 192 69 belles,
412 2124 58 48 et
508 2119 54 68 je
592 2120 144 53 dirai
775 2120 187 56 même
992 2124 206 75 qu'elle
1229 2145 90 36 me
1352 2129 218 54 semble
1606 2130 81 55 les
1717 2149 295 55 surpasser
2049 2142 198 52 toutes

178 2214 108 52 par
310 2196 57 56 la
402 2197 218 70 qualité
657 2200 70 53 de
766 2215 102 40 son
907 2209 99 46 art.
1027 2205 124 53 Elle
1168 2208 327 68 représente
1524 2209 121 54 l'un
1681 2213 96 52 des
1808 2214 197 69 points
2045 2215 165 55 culmi-

182 2281 175 48 nants
387 2279 68 52 de
479 2277 244 55 l'œuvre
751 2280 69 53 de
845 2281 77 51 M.
953 2281 235 57 Camille
1206 2285 397 71 Saint-Saëns;
1625 2293 322 67 cependant
1966 2294 103 53 elle
2088 2294 153 56 n'est

181 2374 104 52 pas
333 2374 224 37 connue
601 2357 158 55 selon
801 2375 63 37 sa
889 2361 282 56 véritable
1211 2366 202 54 valeur
1455 2373 57 48 et
1552 2368 122 54 cela
1726 2369 168 70 tient,
1940 2390 147 54 pour
2124 2393 115 37 une

180 2441 151 65 part,
365 2451 117 39 aux
520 2436 325 56 conditions
863 2440 367 57 d'exécution
1260 2460 111 52 que
1387 2444 55 70 je
1457 2446 273 71 signalais
1752 2451 482 70 précédemment,

181 2520 76 61 et,
284 2533 73 35 en
388 2516 212 52 second
615 2515 132 68 lieu,
768 2516 104 55 àla
903 2524 206 51 nature
1127 2540 208 52 propre
1370 2525 68 53 de
1467 2543 64 35 sa
1561 2528 283 69 musique,
1866 2548 113 51 peu
2008 2549 198 54 suscep-

180 2594 143 53 tible
367 2595 69 52 de
500 2595 219 53 donner
780 2596 300 57 naissance
1129 2603 35 50 à
1199 2619 90 36 ces
1333 2603 249 54 violents
1627 2614 409 48 mouvements
2079 2610 127 55 d'en-

180 2674 375 66 thousiasme,
571 2674 99 70 qui
703 2675 330 57 entraînent
1070 2698 139 35 avec
1241 2700 113 35 eux
1385 2683 56 53 la
1472 2685 256 69 majeure
1745 2688 188 68 partie
1968 2690 68 52 de
2072 2690 138 70 l'opi-

181 2770 138 36 nion
350 2751 296 71 publique.
680 2755 74 53 Ce
788 2755 212 69 disant,
1037 2757 54 69 je
1133 2760 244 55 formule
1410 2765 290 66 peut-être
1739 2783 104 37 son
1879 2768 159 69 éloge
2074 2774 60 48 et
2172 2787 65 35 sa

182 2831 265 70 critique,
473 2831 146 53 mais
638 2832 159 69 c'est,
828 2834 161 54 selon
1024 2854 137 38 mon
1193 2839 330 70 sentiment,
1547 2843 329 71 davantage
1894 2863 62 35 sa
1992 2846 245 72 louange

182 2929 112 52 que
333 2929 107 35 son
479 2911 294 55 discrédit.

295 2991 83 52 La
414 2990 267 70 musique
721 2992 68 53 de
827 2992 76 53 M.
945 2994 235 56 Camille
1217 2998 373 54 Saint-Saëns
1629 3005 86 48 est
1752 3001 51 54 le
1841 3004 285 54 contraire
2167 3006 70 54 de

181 3074 133 48 tout
343 3071 169 52 excès
539 3091 13 46 ;
583 3070 105 53 elle
718 3076 86 47 est
835 3074 166 53 ordre
1032 3080 57 48 et
1123 3076 315 70 discipline,
1470 3079 192 53 raison
1691 3086 58 47 et
1780 3099 242 51 mesure,
2055 3084 181 54 clarté

181 3154 58 48 et
271 3149 349 54 conscience.
656 3150 112 52 Par
794 3150 74 67 là,
888 3151 104 55 elle
1022 3172 59 35 se
1109 3158 267 52 rattache
1408 3159 33 51 à
1469 3158 134 53 l'art
1632 3159 303 71 classique,
1966 3163 105 53 elle
2101 3182 71 35 en
2201 3183 28 34 a

181 3227 405 70 l'intelligence
627 3227 309 58 intérieure
989 3238 58 48 et
1103 3234 51 53 le
1208 3253 130 35 sens
1381 3236 298 69 véritable,
1726 3257 61 35 ce
1831 3240 99 69 qui
1970 3243 264 68 pourrait

181 3306 80 53 lui
298 3312 316 64 permettre
675 3311 68 54 de
784 3307 236 59 s'élever
1063 3315 301 53 au-dessus
1410 3316 98 52 des
1546 3318 405 68 contingences
1998 3321 238 56 étroites

182 3386 97 53 des
309 3390 212 49 formes
550 3385 372 71 extérieures;
952 3390 114 53 lors
1098 3392 148 54 donc
1279 3398 56 49 et
1371 3392 47 53 si
1452 3392 427 72 fréquemment
1912 3399 206 68 qu'elle
2148 3401 89 71 s'y

181 3470 308 62 soumette,
534 3485 61 36 ce
637 3469 150 52 n'est
834 3485 105 51 pas
985 3471 186 55 l'effet
1211 3472 174 56 d'une
1427 3472 331 59 obéissance
1800 3476 248 70 passive,
2090 3483 146 54 mais

177 3545 147 54 celui
365 3544 174 55 d'une
574 3547 238 55 volonté
842 3544 141 61 libre
1015 3551 101 69 qui
1142 3569 60 39 se
1241 3551 320 57 manifeste.
1606 3554 165 57 Cette
1799 3558 346 71 Symphonie
2176 3578 61 37 se
