2748 4186
884 410 98 34 LES
1018 414 208 34 CHANTS
1274 401 239 47 D'AMOUR

2203 407 91 62 789

186 527 252 68 Chinois,
482 543 91 39 ses
617 527 151 55 seuls
813 528 382 60 fournisseurs
1241 533 252 71 d'objets
1536 535 451 55 manufacturés.
2038 536 197 71 Quelle

185 608 231 55 énorme
448 608 259 55 distance
736 608 51 56 le
819 611 198 70 sépare
1048 615 154 52 aussi
1234 616 79 52 du
1342 615 283 71 Japonais
1656 615 117 72 qui,
1803 621 134 49 tout
1967 636 72 36 en
2067 618 168 54 étant

185 688 421 59 extrêmement
640 689 222 68 artiste,
900 697 88 47 est
1037 693 173 55 d'une
1260 695 238 54 activité
1548 696 198 54 fébrile
1794 697 143 70 qu'il
1971 715 70 35 11e
2089 715 146 37 nous

183 773 89 49 est
321 768 168 70 point
540 771 213 67 permis
820 771 437 71 d'approfondir
1308 775 88 54 ici.
1450 777 79 53 Le
1582 777 297 70 Japonais,
1945 796 73 36 en
2080 777 155 71 plein

183 848 232 69 travail,
468 848 113 55 sait
635 849 218 69 parfois
905 852 264 56 s'arrêter
1220 872 148 52 pour
1421 856 248 56 admirer
1719 857 58 53 la
1829 857 212 55 beauté
2094 858 141 55 d'un

181 927 129 69 site,
343 929 308 70 l'élégance
688 931 140 54 d'un
863 931 197 71 détail,
1097 952 81 36 un
1210 951 130 41 vers
1371 936 135 54 bien
1540 955 170 37 venu.

292 1008 85 55 La
414 1008 284 71 musique,
740 1029 76 35 au
839 1011 24 70 J
880 1029 168 52 apon,
1077 1012 192 56 dérive
1312 1020 77 52 du
1427 1017 252 69 système
1718 1016 240 56 musical
1998 1017 236 62 chinois,

180 1087 121 56 cela
347 1109 72 35 ne
466 1088 108 55 fait
622 1107 191 37 aucun
862 1092 196 55 doute.
1092 1095 108 53 Les
1229 1093 381 57 instruments
1644 1114 39 52 y
1730 1102 130 48 sont
1909 1097 323 70 également

179 1168 333 73 originaires
575 1172 67 53 de
703 1191 22 28 «
748 1172 256 70 l'empire
1069 1175 79 53 du
1208 1176 195 54 Milieu
1427 1199 40 45 »,
1529 1177 245 70 quelque
1834 1178 397 56 modification

179 1250 170 68 qu'ils
385 1250 157 54 aient
580 1267 81 52 pu
698 1252 159 53 subir
898 1255 67 52 de
1003 1253 56 54 la
1096 1261 133 63 part
1271 1258 97 54 des
1404 1256 242 53 luthiers
1683 1257 266 71 nippons.

289 1331 162 54 L'art
487 1330 267 71 japonais
792 1337 85 51 est
915 1336 248 70 quelque
1200 1352 114 52 peu
1345 1337 293 71 supérieur
1676 1338 34 51 à
1738 1336 144 54 celui
1914 1355 113 53 que
2064 1338 139 54 culti-

178 1417 139 48 vent
354 1411 81 56 les
471 1412 251 69 Chinois,
750 1415 206 69 depuis
994 1417 101 54 des
1130 1417 213 67 siècles,
1383 1435 140 37 avec
1558 1436 113 35 une
1708 1435 124 37 rare
1869 1416 233 57 fidélité.
2141 1420 85 54 La

178 1492 265 71 musique
470 1493 357 56 occidentale
853 1512 40 52 y
919 1514 33 35 a
978 1496 108 55 fait
1114 1497 133 70 déjà
1271 1497 220 56 mainte
1520 1496 348 71 apparition,
1897 1500 332 68 cependant

176 1572 107 56 elle
308 1592 72 36 ne
405 1573 217 55 semble
647 1591 107 52 pas
780 1575 190 54 réunir
994 1584 136 48 tous
1154 1578 83 54 les
1261 1577 284 71 suffrages
1570 1577 246 70 puisque
1841 1578 83 55 les
1949 1578 31 69 J
1990 1580 240 68 aponais

178 1655 69 53 de
273 1653 192 55 bonne
490 1653 312 55 éducation
829 1657 293 55 déclarent
1150 1657 207 71 qu'elle
1383 1658 146 70 plaît
1556 1678 21 27 «
1601 1675 117 36 aux
1742 1657 200 69 jeunes
1968 1660 261 67 femmes,

176 1751 117 37 aux
330 1733 253 68 enfants,
609 1740 59 47 et
707 1752 116 36 aux
861 1736 209 56 coolies
1093 1759 40 47 »,
1158 1736 147 56 mais
1343 1736 209 71 qu'elle
1589 1755 71 37 ne
1699 1737 220 54 saurait
1957 1740 274 54 convenir

176 1831 117 37 aux
322 1813 286 70 Japonais
636 1815 220 53 lettrés.

286 1896 110 53 Les
434 1895 264 53 hommes
738 1914 71 35 ne
851 1896 279 56 chantent
1173 1915 145 52 pour
1360 1897 145 54 ainsi
1547 1896 119 55 dire
1707 1897 227 70 jamais,
1975 1898 150 56 mais
2163 1898 67 55 ils

174 1975 219 56 aiment
419 1975 305 71 beaucoup
752 1977 278 55 entendre
1056 1977 82 55 les
1163 1979 219 69 ghéhas
1406 1995 77 36 ou
1498 1979 347 53 chanteuses
1863 1979 100 53 des
1978 1977 253 56 maisons

175 2056 70 53 de
280 2056 102 52 thé
419 2053 101 73 qui
555 2061 106 47 ont
700 2072 223 40 comme
964 2075 111 37 une
1111 2062 155 50 sorte
1304 2059 71 53 de
1412 2056 273 72 privilège
1722 2056 135 55 l'art
1897 2059 70 54 de
2008 2059 222 54 débiter

171 2133 82 55 les
286 2135 287 53 chansons
606 2135 283 54 d'amour.

282 2215 99 54 Un
425 2215 203 54 défaut
674 2216 216 56 semble
937 2216 119 55 être
1101 2216 268 56 inhérent
1416 2235 75 36 au
1536 2235 172 53 genre
1754 2216 186 56 même
1967 2239 13 47 ;
2027 2220 203 53 tantôt

170 2295 143 54 c'est
354 2295 53 54 le
449 2296 226 70 poème,
719 2295 188 72 image
948 2296 154 71 jolie,
1147 2297 100 70 qui
1289 2296 275 71 n'inspire
1608 2315 75 36 au
1724 2296 280 56 musicien
2047 2300 184 70 qu'un

170 2375 178 53 chant
413 2373 214 73 guindé
691 2393 171 52 parce
928 2376 468 71 qu'emprisonné
1459 2395 72 37 en
1610 2376 409 72 d'archaïques
2103 2379 124 69 lois;

167 2457 199 54 tantôt
401 2456 56 53 la
490 2456 212 72 pensée
739 2456 273 57 musicale
1049 2456 204 56 évolue
1290 2474 94 37 sur
1423 2456 100 56 des
1547 2474 129 38 vers
1712 2457 331 71 médiocres,
2083 2476 147 52 pour

167 2554 73 35 ne
278 2553 108 53 pas
427 2535 119 56 dire
587 2535 148 54 nuls.

279 2616 80 55 Le
411 2617 177 54 chant
639 2616 236 55 suivant
926 2616 353 71 correspond
1327 2616 194 70 plutôt
1575 2635 76 36 au
1700 2635 171 52 genre
1920 2636 112 52 que
2083 2635 146 38 nous

166 2713 184 39 avons
381 2695 181 57 voulu
594 2696 225 57 étudier
849 2696 374 71 aujourd'hui
1251 2718 12 47 ;
1296 2696 41 52 il
1366 2715 60 36 se
1459 2696 211 56 chante
1702 2702 232 50 surtout
1970 2700 144 53 dans
2146 2697 81 56 les

166 2776 269 55 environs
477 2777 70 54 de
590 2776 163 53 Yédo
783 2796 11 33 :

313 3007 247 41 Gracioso

271 3581 80 55 Le
399 3585 163 52 texte
610 3580 226 56 versifié
887 3579 102 72 qui
1038 3597 59 37 se
1146 3581 211 53 chante
1406 3596 98 37 sur
1554 3596 91 41 ces
1691 3579 180 72 lignes
1918 3580 302 57 musicales

162 3661 237 56 d'allure
436 3661 291 72 gracieuse
765 3666 89 51 est
893 3661 35 52 à
967 3679 116 53 peu
1119 3662 131 70 près
1288 3658 225 58 celui-ci
1541 3681 11 35 :
