2748 4186
393 380 97 33 LES
527 379 272 34 CONCERTS
837 379 70 33 DE
942 379 66 34 LA
1043 380 158 35 LIBRE
1238 370 336 57 ESTHÉTIQUE
1605 380 36 36 A
1676 378 316 35 BRUXELLES

2127 364 92 61 819

284 527 73 53 Ce
380 527 111 67 lut,
513 525 51 55 le
585 525 162 55 lundi
774 524 67 55 16
861 543 173 51 mars,
1057 532 132 48 tout
1211 547 78 34 un
1311 528 232 55 festival
1560 527 267 54 consacré
1846 525 34 54 à
1893 524 240 54 l'œuvre
2149 525 70 53 de

165 605 249 54 Vincent
444 605 132 54 d'ln
590 605 78 69 dy
696 605 190 54 donné
913 622 140 37 avec
1070 623 104 36 son
1190 623 295 52 concours,
1505 613 56 48 et
1579 605 143 56 celui
1742 607 68 53 de
1827 603 132 56 Mlle
1975 603 169 55 Selva
2161 608 58 47 et

168 687 79 53 du
291 689 252 66 quatuor
591 683 267 60 Zimmer.
903 684 93 54 Au
1038 702 364 53 programme
1432 687 106 53 :le
1583 692 251 65 quatuor
1855 702 73 37 en
2062 687 58 48 et
2164 682 51 53 le

169 769 254 66 quatuor
460 783 72 36 en
572 764 79 54 mi
689 769 57 49 et
784 763 57 55 la
878 764 278 71 première
1197 765 171 55 d'une
1406 765 416 72 transcription
1858 781 148 54 pour
2042 762 176 72 piano

169 843 137 71 qu'a
332 843 142 55 faite
503 844 68 54 de
926 842 126 54 Souvenirs
1053 843 125 53 Mlle
1179 843 164 56 Blanche
1371 845 170 54 Selva
1649 844 150 69 (Une
1828 859 197 37 œuvre
2050 839 141 73 origi-

169 923 130 55 nale
337 925 68 53 de
444 923 132 53 Mlle
614 922 169 56 Selva
819 939 35 37 a
888 923 93 52 été
1016 923 167 69 jouée
1222 924 33 52 à
1292 924 170 55 Gand
1496 924 50 55 le
1584 939 69 40 22
1691 925 144 54 dans
1869 941 81 35 un
1985 925 233 50 concert

169 1003 351 55 d'orchestre
555 1007 366 67 purement...
939 1002 239 54 léminin
1192 1021 76 35 ou
1288 1003 386 62 féministe—

169 1080 261 73 organisé
458 1087 58 48 et
548 1079 176 73 dirigé
752 1098 107 54 par
887 1080 133 55 Mlle
1051 1083 212 53 Berthe
1293 1083 257 67 Busine).

278 1162 186 71 Après
482 1162 50 53 le
553 1160 233 55 festival
807 1160 186 55 Fauré
1016 1162 68 53 de
1104 1162 117 53 l'an
1244 1163 240 67 dernier,
1505 1181 63 37 ce
1587 1160 232 58 festival
1841 1160 213 69 d'lndy
2073 1159 90 54 fut
2186 1160 33 53 à

168 1239 57 55 la
254 1240 163 54 Libre
736 1240 127 70 Esthétique
864 1258 86 36 un
951 1242 139 68 grand
1120 1242 211 53 succès.
1364 1242 212 53 Disons
1604 1246 231 49 surtout
1867 1238 184 72 quelle
2088 1256 99 53 pro-

168 1319 174 55 fonde
371 1319 341 71 impression
738 1319 286 71 produisit
1053 1320 51 54 le
1136 1326 251 64 quatuor
1415 1340 73 35 en
1613 1337 196 37 œuvre
1832 1318 383 67 chaleureuse,

168 1398 272 71 juvénile,
479 1399 78 54 où
593 1398 319 55 l'austérité
953 1399 230 69 voulue,
1222 1399 51 55 le
1312 1400 289 54 caractère
1649 1416 221 40 comme
1908 1395 311 70 liturgique

168 1480 102 53 des
311 1483 408 55 mouvements
761 1497 72 36 ne
878 1484 141 66 peut
1065 1497 146 37 nous
1255 1480 202 55 cacher
1500 1479 56 55 la
1601 1478 242 55 richesse
1889 1477 140 54 d'un
2070 1475 148 54 tissu

168 1557 259 68 musical,
604 1557 243 56 mélodie
903 1563 59 48 et
1014 1558 315 66 harmonie,
1480 1558 98 71 qui
1627 1562 88 49 est
1764 1555 124 55 l'un
1940 1555 97 55 des
2087 1553 131 72 plus

165 1637 195 54 beaux
388 1638 70 55 de
482 1642 167 49 toute
675 1637 241 54 l'œuvre
944 1639 69 54 de
1040 1637 246 54 Vincent
1321 1638 231 69 d'lndy.

280 1718 77 53 Le
404 1717 349 68 lendemain,
802 1732 66 55 17
915 1734 172 51 mars,
1133 1718 33 52 à
1208 1734 104 36 son
1353 1717 220 67 récital,
1632 1715 132 54 Mlle
1810 1714 187 66 Selva,
2042 1712 145 54 inter-

165 1797 169 71 préta
394 1795 58 55 la
508 1802 205 48 sonate
772 1814 72 36 en
1642 1795 82 54 mi
1039 1795 141 70 qu'il
1242 1801 87 48 est
1400 1794 234 56 difficile
1697 1794 69 54 de
1828 1793 179 70 juger,
2058 1790 158 55 voire

167 1874 369 74 simplement
590 1877 69 53 de
726 1875 386 68 caractériser,
1180 1875 165 72 après
1409 1893 112 36 une
1587 1873 276 72 première
1932 1870 282 56 audition.

169 1954 294 55 Certaines
494 1954 218 73 parties
747 1955 69 54 de
839 1954 54 55 la
916 1959 202 50 sonate
1141 1971 146 37 nous
1308 1959 103 49 ont
1433 1971 147 54 paru
1602 1972 79 34 un
1708 1971 114 53 peu
1848 1949 365 55 laborieuses.

167 2035 81 54 Le
389 2035 104 53 très
618 2034 68 54 animé
687 2039 93 50 est
781 2034 94 55 d'un
901 2034 151 54 beau
1076 2033 251 71 lyrisme.

285 2114 91 54 On
400 2113 52 55 le
480 2113 126 53 voit
635 2133 10 33 :
676 2129 62 37 ce
765 2113 91 53 fut
883 2113 56 53 la
967 2112 307 71 quinzaine
1305 2113 246 53 Vincent
1585 2112 230 68 d'lndy.

280 2194 77 54 Le
408 2193 305 53 dimanche
765 2204 66 56 15
882 2209 171 51 mars,
1103 2211 113 35 une
1264 2192 212 54 société
1526 2188 477 72 Jean-Sébastien
2054 2187 162 54 Bach

168 2274 190 52 donne
400 2289 105 37 son
543 2272 246 71 premier
827 2277 229 49 concert
1098 2272 144 54 dans
1279 2289 113 36 une
1433 2270 183 55 froide
1655 2269 137 55 salle
2079 2272 139 64 trop

168 2369 187 37 neuve
391 2357 59 48 et
485 2357 136 65 trop
657 2350 245 55 blanche
943 2348 99 71 (M.
1084 2350 161 69 Jules
1280 2350 241 54 Destrée
1559 2349 67 53 fit
1661 2349 135 53 bien
1833 2349 70 53 de
1940 2347 276 53 réclamer

167 2432 506 70 impérieusement
699 2432 33 52 à
752 2430 56 55 la
828 2430 233 55 tribune
1082 2429 461 73 parlementaire,
1568 2448 111 35 une
1701 2428 137 55 salle
1861 2428 70 53 de
1955 2430 263 51 concerts

167 2528 147 54 pour
341 2510 297 55 Bruxelles
665 2532 10 32 :
714 2510 141 72 qu'il
874 2528 72 36 ne
967 2509 164 55 lâche
1162 2509 168 71 point
1363 2509 52 55 le
1448 2509 259 54 ministre
1744 2509 99 52 des
1876 2507 247 53 sciences
2156 2510 58 49 et

167 2592 103 53 des
303 2596 122 48 arts
461 2589 99 71 qui
600 2589 123 55 doit
762 2589 233 54 mériter
1028 2606 108 37 son
1173 2588 180 67 titre).

276 2669 90 52 A-
390 2687 62 36 ce
517 2674 252 61 concert,
840 2668 75 53 M.
980 2668 246 53 Vincent
1284 2668 215 69 d'lndy
1554 2665 369 55 conférencie.
1975 2664 78 70 Ça
2114 2663 101 70 n'y

168 2754 88 50 est
317 2749 130 70 plus
474 2749 10 52 !
549 2750 309 65 Pourtant,
916 2747 198 71 j'aime
1175 2747 56 54 la
1288 2747 141 54 mise
1489 2748 70 53 de
1623 2747 232 68 d'lndy.
1927 2744 48 53 Il
2048 2744 165 69 porte

168 2846 136 37 sous
362 2847 82 36 un
501 2827 89 54 col
645 2828 125 67 bas,
821 2828 255 66 rabattu,
1134 2827 58 53 la
1256 2827 183 70 petite
1507 2830 233 50 cravate
1802 2823 157 54 noire
2007 2822 204 53 étroite

169 2909 71 54 de
285 2924 108 37 nos
438 2909 417 69 grands-pères.
894 2907 68 70 Je
1004 2926 71 35 ne
1120 2907 115 53 sais
1282 2905 283 72 pourquoi
1621 2904 121 55 cela
1776 2903 82 56 lui
1903 2904 188 55 donne
2133 2919 80 36 un

169 2988 184 70 grand
400 2987 85 53 air
535 2987 69 53 de
653 2987 227 70 probité
929 2985 324 70 artistique.
1307 2984 48 53 Il
1402 2984 158 71 parle
1608 2989 59 48 et
1714 2983 52 53 le
1815 2983 179 53 début
2032 2982 68 52 de
2150 2997 64 37 sa

168 3065 335 56 conférence
545 3071 88 48 est
675 3065 227 54 troublé
944 3083 105 52 par
1087 3064 54 55 le
1181 3064 159 54 bruit
1371 3064 171 55 d'une
1570 3063 253 53 violente
1852 3060 230 70 dispute
2112 3058 99 71 qui

168 3145 161 55 vient
370 3145 270 55 d'éclater
680 3145 33 53 à
748 3145 254 55 l'entrée.
1044 3144 51 54 Il
1132 3162 39 53 y
1208 3162 34 36 a
1279 3144 75 67 là,
1388 3143 260 70 bloqués,
1672 3148 172 47 tenus
1880 3158 72 37 en
1988 3144 225 65 respect

168 3242 107 53 par
300 3225 152 54 deux
477 3223 271 55 huissiers
772 3224 205 67 râblés,
1005 3224 34 52 à
1062 3223 205 55 cheval
1291 3239 96 37 sur
1410 3222 56 53 la
1491 3220 285 70 consigne,
1795 3238 112 36 une
1921 3217 293 55 trentaine

172 3305 68 54 de
262 3304 301 55 scholistes
583 3303 210 71 belges,
819 3305 69 53 de
910 3303 302 55 farouches
1234 3307 317 49 sectateurs
1574 3302 77 53 du
1674 3299 334 70 d'lndysme
2030 3314 185 37 venus

168 3402 146 53 pour
351 3383 355 58 communier
731 3402 20 29 «
774 3401 72 37 en
880 3383 59 53 la
972 3383 194 71 parole
1206 3383 77 53 du
1317 3379 206 60 maître
1547 3399 40 31 ».
1626 3379 95 53 Un
1757 3378 185 71 jeune,
1980 3394 193 54 sympa-

168 3463 204 71 thique
441 3468 60 48 et
568 3462 403 70 remarquable
1029 3460 257 55 virtuose
1347 3464 161 48 tente
1561 3458 34 53 à
1641 3458 283 71 plusieurs
1971 3455 243 73 reprises

171 3543 345 70 d'étrangler
544 3548 369 65 proprement
944 3542 80 54 les
1054 3543 152 53 deux
1234 3539 273 55 cerbères.

165 3631 50 47 ba
281 3622 354 70 Cependant,
670 3622 34 52 à
734 3620 332 68 l'intérieur,
1100 3619 245 55 Vincent
1381 3617 213 71 d'lndy
1625 3634 96 37 sur
1753 3636 80 35 un
1862 3622 107 49 ton
2004 3614 209 56 batail-
