2748 4186
1084 365 102 37 NOS
1218 352 172 51 ÉCHOS

2166 352 91 63 845

196 512 333 62 interprétées
560 527 100 47 que
691 529 94 47 par
816 519 136 44 cette
983 515 186 51 femme
1202 515 89 61 qui
1321 516 169 48 savait
1522 516 227 48 traduire
1781 531 66 32 au
1879 515 155 64 piano
2062 512 195 64 l'esprit

197 578 89 61 qui
314 578 72 48 les
417 579 231 49 animait.

294 644 214 49 Thérèse
543 646 298 48 Brunswick
873 648 126 47 était
1032 649 103 46 très
1165 647 260 62 religieuse
1449 665 12 40 ;
1495 649 174 61 quand
1702 649 297 49 Beethoven
2031 649 226 54 mourut,

195 710 92 49 elle
313 727 52 32 se
390 727 242 33 consacra
656 717 117 43 tout
799 714 191 47 entière
1016 714 31 47 à
1072 714 88 48 des
1187 728 200 33 œuvres
1413 714 62 48 de
1500 715 136 63 piété
1662 720 50 44 et
1738 715 174 58 fonda,
1932 731 62 33 en
2013 712 243 63 Hongrie,

192 778 71 47 les
289 779 240 61 premiers
552 794 208 46 squares
785 793 127 48 pour
934 780 72 47 les
1032 780 203 47 enfants
1260 795 10 40 ;
1297 781 145 60 après
1467 783 142 47 avoir
1632 781 193 63 palpité
1848 797 129 47 pour
1999 797 71 31 un
2093 778 164 64 grand

195 844 219 57 homme,
437 859 93 33 son
552 860 138 32 cœur
709 845 161 48 battit
892 861 129 46 pour
1039 846 73 48 les
1132 846 235 47 humbles
1389 851 49 43 et
1458 847 73 47 les
1551 849 292 47 souffrants.
1869 849 108 47 Elle
1997 849 207 49 mourut
2225 845 31 47 à

197 911 176 47 Brunn
397 926 61 32 en
483 911 141 61 1850,
648 912 147 62 après
817 912 107 48 être
945 912 162 48 restée
1128 911 147 48 fidèle
1298 927 65 32 au
1386 915 236 47 souvenir
1645 915 62 48 de
1729 930 91 32 son
1841 916 190 60 unique
2053 926 197 37 amour.

194 1135 70 46 La
309 1135 226 63 musique
577 1136 249 48 médicale.

291 1222 51 47 Si
369 1222 104 48 l'on
499 1227 232 45 remonte
758 1223 31 47 à
814 1223 51 47 la
893 1223 114 63 plus
1037 1223 156 49 haute
1221 1223 272 63 antiquité,
1517 1240 66 33 on
1611 1230 180 43 trouve
1818 1226 50 48 la
1896 1226 232 62 musique
2148 1240 68 35 em-

189 1288 181 62 ployée
407 1288 282 64 largement
728 1303 196 36 comme
963 1289 203 49 curatif.
1207 1288 117 48 Aux
1364 1302 101 36 xni
1467 1302 18 20 e
1522 1296 49 42 et
1608 1303 94 37 xiv
1703 1302 18 22 e
1757 1292 189 57 siècles,
1973 1291 201 63 lorsque
2202 1291 48 48 la

189 1354 158 48 danse
390 1354 64 48 de
473 1355 199 63 St-Guy
699 1357 214 48 désolait
953 1357 259 61 l'Europe,
1236 1371 65 33 on
1326 1357 164 49 forma
1514 1357 89 48 des
1631 1363 207 57 troupes
1879 1358 63 50 de
1981 1359 269 50 musiciens

188 1422 296 48 ambulants
513 1423 237 62 chargées
779 1423 61 47 de
869 1424 218 47 secourir
1113 1423 72 48 les
1214 1423 221 49 infirmes
1465 1424 30 47 à
1522 1429 195 43 travers
1743 1425 72 47 les
1842 1439 114 35 rues
1976 1424 87 50 des
2089 1424 160 58 villes,

188 1488 128 48 ainsi
344 1488 125 61 qu'il
496 1488 81 47 fut
606 1489 225 47 ordonné
860 1489 31 47 à
918 1489 149 62 Liège
1095 1494 52 43 et
1175 1489 30 47 à
1223 1489 319 63 Strasbourg.
1559 1489 80 48 Au
1670 1503 115 35 xvii
1787 1502 17 21 0
1829 1491 163 59 siècle,
2017 1490 233 50 l'illustre

188 1555 231 48 médecin
454 1556 287 61 napolitain
777 1556 201 62 Baglivi
1014 1556 264 62 prescrivit
1313 1556 191 64 l'usage
1541 1557 62 47 de
1636 1557 52 47 la
1722 1557 233 63 musique
1990 1561 176 45 contre
2197 1557 52 47 la

187 1621 273 48 tarentule.
498 1621 202 48 Durant
734 1621 52 48 la
822 1636 279 48 campagne
1138 1622 273 62 d'Egypte,
1449 1622 264 62 Napoléon
1750 1623 170 49 donna
1955 1623 147 49 ordre
2136 1623 32 47 à
2199 1622 51 48 la

187 1687 235 62 musique
450 1687 63 48 de
537 1687 207 51 l'armée
772 1687 233 49 d'Orient
1043 1688 62 48 de
1131 1688 144 62 jouer
1312 1689 196 60 chaque
1534 1688 115 61 jour
1674 1703 117 35 sous
1815 1689 74 49 les
1915 1689 221 49 fenêtres
2163 1688 87 48 des

186 1753 269 62 hôpitaux.
492 1753 360 62 Aujourd'hui,
891 1771 62 32 en
987 1754 312 62 Angleterre,
1322 1756 51 47 la
1400 1754 185 47 société
1621 1756 485 63 philanthropique:
2140 1756 109 48 «La

188 1819 150 50 Gilda
366 1820 62 49 de
459 1820 360 50 Sainte-Cécile
849 1838 35 41 »,
902 1837 51 33 se
982 1836 215 48 propose
1227 1822 62 47 de
1317 1820 198 49 vérifier
1545 1837 85 32 sur
1656 1838 71 32 un
1757 1823 162 62 grand
1946 1823 213 48 nombre
2190 1822 60 47 de

186 1888 226 48 malades
457 1888 287 48 l'influence
791 1889 242 47 musicale
1072 1903 196 34 comme
1308 1888 224 47 calmant
1570 1889 251 62 physique
1861 1894 51 43 et
1951 1890 161 47 moral
2136 1904 11 41 ;
2187 1889 62 47 de

184 1952 190 51 former
408 1970 72 32 un
517 1954 158 48 cercle
713 1955 61 47 de
811 1955 269 47 musiciens
1117 1952 266 49 infirmiers
1421 1954 233 62 toujours
1691 1956 138 61 prêts
1867 1955 32 47 à
1933 1955 250 63 répondre
2221 1954 29 47 à

182 2018 190 64 l'appel
405 2020 88 48 des
526 2021 254 48 médecins
805 2036 11 40 ;
851 2020 295 49 finalement
1180 2018 299 59 d'installer,
1515 2018 127 50 dans
1677 2036 68 32 un
1780 2021 146 62 point
1960 2021 194 47 central
2188 2020 61 48 de

183 2086 244 58 Londres,
449 2102 71 32 un
543 2091 146 57 poste
711 2087 61 47 de
794 2101 202 33 secours
1018 2086 212 49 musical
1251 2087 68 46 où
1339 2101 52 33 se
1412 2091 304 43 trouveront
1739 2088 62 47 de
1821 2087 115 48 nuit
1959 2092 52 43 et
2034 2087 62 48 de
2116 2087 131 62 jour,

183 2153 88 47 des
314 2154 270 47 musiciens
630 2158 205 59 experts
879 2168 128 47 pour
1051 2157 332 44 transmettre
1426 2153 506 62 téléphoniquement
1974 2154 73 49 les
2091 2153 156 48 ondes

181 2233 205 34 sonores
422 2219 32 48 à
488 2220 146 47 telles
670 2220 147 49 salles
854 2219 258 64 désignées
1148 2218 88 48 des
1273 2218 188 63 grands
1496 2219 270 62 hôpitaux.
1806 2219 254 48 Plusieurs
2096 2219 121 62 expé-

178 2285 192 48 riences
395 2291 90 44 ont
513 2286 117 63 déjà
656 2286 167 49 donné
849 2285 87 50 des
960 2288 243 47 résultats
1226 2286 350 58 intéressants,
1603 2286 97 49 tels
1725 2302 99 47 que
1848 2286 127 49 faire
1998 2288 178 62 régner
2197 2286 47 49 le

178 2352 184 47 silence
390 2368 65 33 ou
483 2354 62 47 de
572 2368 239 47 procurer
835 2369 71 32 un
932 2354 232 49 sommeil
1188 2354 298 61 réparateur
1513 2368 103 31 aux
1642 2354 226 48 malades
1893 2354 73 47 les
1993 2354 114 62 plus
2134 2368 82 33 ner-

178 2434 151 33 veux.
369 2418 44 47 A
451 2420 396 63 Schelenburgh,
882 2435 71 32 un
990 2418 186 49 comité
1213 2418 62 47 de
1312 2418 174 49 dames
1522 2417 296 51 infirmières
1846 2418 120 50 s'est
1990 2417 256 50 constitué

177 2500 129 47 pour
327 2486 125 48 faire
471 2491 119 43 tous
609 2487 71 47 les
699 2487 141 62 jours
860 2486 61 48 de
940 2487 51 47 la
1010 2484 234 64 musique
1264 2484 176 47 vocale
1461 2488 49 43 et
1532 2484 391 50 instrumentale
1943 2500 104 33 aux
2067 2484 175 64 opérés

178 2552 126 47 dont
329 2552 50 47 la
403 2553 348 62 température
775 2552 240 48 s'abaisse
1039 2552 371 49 notablement.

175 2768 214 48 Mexico.

273 2863 96 47 Les
390 2862 259 62 journaux
672 2862 62 47 de
752 2860 197 49 Mexico
971 2859 221 48 relatent
1213 2858 48 47 le
1285 2858 163 62 grand
1471 2858 173 47 succès
1666 2858 257 62 remporté
1948 2859 129 47 dans
2101 2862 134 44 cette

173 2930 118 47 ville
316 2944 93 47 par
433 2929 134 50 Mme
592 2926 412 64 Debogis-Bohy,
1030 2926 62 47 de
1118 2924 220 48 Genève.
1364 2923 145 48 Cette
1546 2924 354 62 remarquable
1938 2924 295 57 cantatrice,

172 2996 147 63 après
346 3012 100 31 une
473 2995 241 48 brillante
741 2994 213 48 tournée
982 3009 62 32 en
1073 2991 220 61 Europe,
1324 3005 30 32 a
1382 2989 81 48 été
1491 2990 219 62 engagée
1736 3005 130 47 pour
1891 3006 101 31 une
2020 2990 124 48 série
2172 2991 62 46 de

172 3064 353 59 vingt-quatre
546 3065 230 43 concerts
798 3075 67 33 au
887 3060 252 61 Mexique.
1250 3056 170 47 Parmi
1439 3056 73 47 les
1534 3071 200 33 œuvres
1757 3056 87 48 des
1866 3057 367 61 compositeurs

170 3130 220 59 français
428 3128 184 61 qu'elle
650 3144 31 31 a
717 3126 349 63 interprétées,
1103 3125 72 47 les
1213 3122 241 61 critiques
1493 3126 116 43 sont
1646 3122 266 48 unanimes
1950 3122 29 47 à
2017 3122 216 62 signaler

170 3196 127 47 dans
318 3194 72 49 les
412 3200 186 43 termes
621 3193 70 48 les
714 3194 114 63 plus
851 3192 230 63 élogieux
1099 3192 73 47 les
1188 3188 240 52 mélodies
1443 3188 62 47 de
1524 3188 139 47 René
1686 3188 288 58 Chansarel,
1990 3193 144 43 entre
2144 3205 59 30 au-

169 3267 103 42 tres
296 3262 33 45 l'
336 3262 408 62 Embarquement
770 3263 126 58 four
925 3259 213 61 Cythère,
1165 3254 315 50 Vlnvitation
1505 3268 69 34 au
1599 3269 194 49 voyage,
1820 3255 48 47 le
1895 3255 188 61 Jardin
2110 3260 42 42 et
2182 3255 48 47 la

174 3328 224 58 Maison,
423 3333 134 43 etc...
677 3328 134 45 Mme
840 3323 396 64 Debogis-Bohy
1263 3321 109 49 doit
1402 3321 210 46 chanter
1637 3320 51 48 la
1729 3321 169 50 saison
1938 3321 290 64 prochaine,

169 3395 29 46 à
220 3394 206 62 l'Opéra
447 3395 65 48 de
537 3394 187 58 Berlin,
747 3394 47 47 le
817 3393 103 47 rôle
1724 3390 179 50 à?Eisa,
1146 3390 127 47 dans

2135 3685 24 36 8
