2748 4186
569 337 95 52 826

1119 347 264 36 BULLETIN
1421 345 254 49 FRANÇAIS
1712 345 71 34 DE
1819 345 63 37 LA
1920 345 41 35 S.
1999 344 32 36 I.
2069 346 56 36 M.

578 502 131 71 plus
733 517 72 38 en
841 497 133 72 plus
1010 494 345 72 complexes.
1380 494 52 54 A
2332 493 319 71 Lohengrin
1791 498 60 50 et
2283 498 101 50 ont
2407 494 240 55 succédé

578 581 59 54 la
661 576 307 72 Walkyrie,
990 574 132 72 puis
1133 574 81 55 les
1251 572 240 57 Maîtres
1513 573 324 69 Chanteurs,
1853 590 148 53 pour
2036 572 252 70 aboutir,
2304 591 72 37 en
2406 580 241 63 passant

582 677 104 55 par
887 657 178 66 Tristan,
1066 674 66 35 au
1670 654 336 72 Crépuscule
2417 656 92 53 des
1860 652 137 55 Plus
2021 653 154 67 tard,
2200 652 71 55 ils
2318 658 104 49 ont
2472 654 175 70 goûté

583 740 315 63 vivement,
954 752 147 54 pour
1152 734 84 56 les
1289 734 218 56 mêmes
1557 734 240 68 raisons,
1852 733 84 55 les
1989 732 178 56 belles
2225 732 298 72 musiques
2578 732 69 57 de

585 818 247 55 Vincent
887 799 233 85 d'îndy,
1175 820 60 49 et
1289 820 103 48 ont
1447 814 187 56 même
1687 813 132 71 jugé
1872 830 143 37 avec
2067 811 205 56 faveur
2331 812 317 71 l'opulente

586 897 202 58 misère
819 896 101 54 des
950 912 229 38 œuvres
1209 893 69 57 de
1311 892 258 57 Richard
1598 894 251 55 Strauss.
1884 893 77 54 Et
1994 893 219 71 quand,
2243 892 405 71 progressistes

585 974 386 73 infatigables,
1026 974 69 55 ils
1146 974 315 59 réclament
1514 976 100 53 des
1665 973 144 71 joies
1862 972 297 55 nouvelles
2216 990 107 54 par
2376 973 70 54 de
2498 973 152 71 pires

586 1055 395 72 complexités,
1007 1056 52 54 le
1085 1056 230 53 théâtre
1341 1055 124 55 leur
1491 1053 145 56 offre
1661 1072 83 37 un
1768 1052 287 72 spectacle
2079 1053 121 54 très
2232 1053 270 69 attendu,
2530 1055 120 53 très

587 1137 201 67 désiré,
823 1136 148 58 mais
1004 1136 99 72 qui
1136 1136 84 54 les
1253 1137 360 53 déconcerte.

699 1217 151 55 C'est
879 1216 142 72 qu'il
1049 1235 73 35 ne
1150 1215 129 55 faut
1308 1234 107 53 pas
1442 1232 231 55 essayer
1705 1216 70 53 de
1804 1231 58 37 se
1889 1215 53 53 le
1973 1212 343 70 dissimuler,
2346 1213 226 56 Pelléas
2599 1221 49 48 et

605 1297 317 56 Mélisande
939 1315 34 37 a
1005 1297 91 53 été
1127 1314 146 53 pour
1302 1302 133 48 tout
1465 1296 52 54 le
1548 1293 230 70 monde,
1813 1296 35 52 à
1876 1295 57 54 la
1964 1293 278 71 première
2274 1292 265 57 audition
2572 1297 78 53 du

587 1376 206 68 moins,
828 1395 113 35 une
974 1377 122 53 très
1131 1392 191 55 grosse
1359 1376 328 71 déception.
1726 1376 74 53 Ce
1834 1375 151 53 n'est
2020 1390 106 54 pas
2163 1373 34 54 à
2230 1391 115 37 une
2382 1373 266 74 musique

587 1458 71 55 de
705 1475 62 37 ce
814 1474 171 53 genre
1032 1475 110 52 que
1189 1456 423 56 s'attendaient
1656 1455 84 54 les
1783 1458 299 52 amateurs
2128 1455 71 54 de
2243 1455 238 54 théâtre
2526 1472 118 37 non

585 1538 307 70 prévenus,
929 1542 59 50 et
1026 1537 187 55 même
1249 1554 148 38 ceux
1433 1535 99 73 qui
1569 1533 428 56 connaissaient
2032 1552 82 36 un
2150 1551 115 53 peu
2299 1533 84 56 les
2421 1551 230 38 œuvres

586 1617 230 56 vocales
864 1618 70 54 de
981 1618 272 70 Debussy
1278 1637 13 49 ;
1339 1635 115 51 car,
1501 1621 199 49 toutes
1747 1617 200 52 choses
1993 1616 189 70 égales
2232 1615 313 69 d'ailleurs,
2594 1616 57 54 la

587 1697 265 73 musique
888 1697 70 56 de
992 1697 276 56 chambre
1306 1698 79 55 du
1416 1695 393 73 compositeur
1839 1695 195 72 paraît
2067 1695 412 55 sensiblement
2521 1696 130 71 plus

586 1797 21 30 «
629 1777 395 56 nourrissante
1046 1797 20 30 »
1087 1795 112 52 que
1221 1794 65 38 sa
1307 1777 266 71 musique
1594 1775 272 72 scénique
1894 1796 10 33 :
1928 1794 107 53 par
2056 1775 204 54 valeur
2281 1795 22 29 «
2323 1775 283 55 nutritive
2629 1796 21 29 »

587 1860 173 53 d'une
783 1857 284 71 musique,
1090 1857 56 71 je
1169 1875 156 38 veux
1349 1857 119 56 dire
1493 1856 444 72 grossièrement
1962 1872 65 38 sa
2051 1855 248 55 richesse
2322 1855 329 73 mélodique

587 1956 75 37 ou
706 1936 370 72 simplement
1123 1937 358 73 dynamique
1529 1936 165 72 (qu'il
1738 1941 89 51 est
1875 1935 239 55 difficile
2162 1936 70 54 de
2275 1936 262 54 traduire
2581 1955 71 37 en

586 2017 227 71 paroles
831 2017 82 55 les
932 2016 375 74 impressions
1325 2016 448 60 rudimentaires
1791 2016 304 71 produites
2114 2032 106 54 par
2239 2015 59 56 la
2318 2016 268 71 musique
2613 2017 34 67 !)

588 2098 80 54 Et
709 2114 173 54 soyez
919 2097 138 55 bien
1095 2098 98 54 sûr
1235 2115 110 55 que
1387 2115 64 37 ce
1490 2101 136 51 sont
1667 2112 94 39 ces
1800 2096 368 55 éléments-là
2209 2096 100 71 qui
2349 2101 302 66 comptent

592 2180 146 53 dans
762 2176 281 72 l'opinion
1073 2178 141 54 d'un
1240 2177 324 59 nombreux
1589 2176 216 71 public.
1835 2177 84 54 La
1946 2192 189 44 masse
2164 2177 102 55 des
2290 2180 362 67 spectateurs

590 2258 151 55 n'est
776 2274 107 54 pas
916 2275 225 41 comme
1176 2274 96 38 ces
1305 2257 309 56 musiciens
1646 2257 139 55 bien
1820 2258 198 68 doués,
2054 2257 329 55 nombreux
2420 2257 35 54 à
2492 2256 160 55 Paris

593 2336 204 72 depuis
832 2336 278 71 quelques
1146 2338 231 68 années,
1415 2354 147 53 pour
1601 2336 99 72 qui
1735 2336 344 58 l'harmonie
2117 2342 89 50 est
2241 2341 156 65 tout,
2435 2341 58 51 et
2533 2335 118 72 qui,

593 2432 224 44 comme
852 2416 98 55 feu
987 2416 59 53 la
1084 2417 348 70 Pythonisse
1470 2434 99 37 sur
1606 2432 108 39 son
1749 2417 249 71 trépied,
2037 2417 279 71 s'agitent
2352 2415 300 61 follement

592 2515 74 37 en
696 2496 160 71 proie
889 2496 36 53 à
954 2515 114 36 une
1100 2496 215 56 ivresse
1350 2496 195 55 divine
1576 2496 253 55 aussitôt
1862 2515 113 53 que
2009 2497 280 73 quelques
2318 2496 334 57 neuvièmes

591 2577 274 71 frappent
898 2576 154 56 leurs
1085 2577 237 55 oreilles.
1359 2577 88 55 De
1481 2576 188 58 même
1702 2595 149 52 pour
1882 2577 337 56 l'orchestre
2248 2599 10 33 :
2293 2579 83 53 les
2412 2576 240 57 délicats

592 2656 338 58 frôlements
969 2657 104 55 des
1110 2661 352 66 trompettes
1500 2656 84 55 les
1622 2656 132 70 plus
1796 2657 530 70 hermétiquement
2368 2657 284 55 bouchées

593 2736 134 55 unis
760 2754 118 37 aux
908 2754 253 38 caresses
1194 2737 81 54 les
1310 2736 132 71 plus
1476 2737 212 55 douces
1722 2737 101 55 des
1855 2737 387 59 instruments
2275 2756 74 36 en
2382 2736 270 56 sourdine

593 2821 305 66 passeront
932 2833 246 55 presque
1212 2833 136 38 sans
1382 2817 119 54 être
1537 2833 207 53 perçus
1777 2835 107 53 par
1918 2819 103 53 des
2055 2819 358 69 organismes
2448 2817 204 71 qu'ont

592 2896 191 56 blasés
822 2896 84 56 les
946 2897 228 55 cuivres
1216 2896 418 72 tétralogiques
1674 2904 60 48 et
1776 2899 84 54 les
1902 2899 342 54 solennelles
2285 2897 257 55 fanfares
2583 2899 69 53 de

593 2977 234 54 Wotan.
877 2979 109 53 Les
1030 2982 296 54 amateurs
1372 2977 98 73 qui
1515 2995 73 36 ne
1634 2994 59 38 se
1739 2979 405 69 réjouissaient
2190 2979 156 71 jadis
2393 2996 110 55 que
2550 2979 100 53 des

595 3056 278 56 mélodies
893 3059 323 57 carrément
1240 3057 381 70 développées
1644 3057 70 55 de
1736 3056 56 56 la
1815 3057 189 56 vieille
2039 3057 269 74 musique
2343 3078 73 35 ne
2439 3076 57 36 se
2520 3061 132 51 sont

597 3154 107 53 pas
728 3137 271 55 habitués
1020 3156 73 37 en
1119 3137 248 73 quelque
1391 3137 161 71 jours
1576 3137 35 54 à
1632 3137 59 54 la
1714 3137 260 60 fameuse
1999 3159 22 29 «
2044 3140 249 58 mélodie
2316 3139 198 54 infinie
2537 3139 114 53 »de

596 3216 248 71 Wagner
869 3238 14 48 ;
915 3224 59 48 et
1006 3217 368 59 maintenant
1407 3216 172 72 qu'ils
1608 3222 135 50 sont
1775 3217 215 61 formés
2021 3220 35 53 à
2087 3225 156 49 cette
2276 3219 277 67 dernière,
2585 3217 67 54 ils

595 3314 71 37 ne
692 3304 258 63 peuvent
977 3299 204 69 goûter
1208 3302 133 50 tout
1371 3297 141 55 d'un
1537 3315 150 53 coup
1712 3297 57 55 la
1797 3299 248 58 mélodie
2069 3300 122 53 très
2215 3299 248 72 spéciale
2488 3304 59 49 et
2573 3315 78 36 un

593 3393 113 53 peu
759 3376 360 56 invertébrée
1174 3394 112 53 que
1338 3394 297 42 murmure
1687 3377 334 56 l'orchestre
2074 3398 73 35 en
2200 3379 284 54 sonorités
2537 3377 115 54 très

595 3456 358 55 atténuées...
985 3456 144 55 Mais
1155 3461 133 50 tout
1317 3457 139 68 cela,
1486 3474 62 37 ce
1576 3462 132 49 sont
1739 3459 100 54 des
1866 3459 305 67 banalités,
2201 3476 78 37 ou
2305 3459 196 71 plutôt
2530 3457 121 55 c'en

597 3535 226 56 devrait
852 3537 139 69 être,
1020 3555 97 37 car
1142 3536 39 53 il
1208 3541 88 51 est
1325 3537 102 55 des
1449 3536 289 55 banalités
1764 3537 101 73 qui
1891 3558 73 35 ne
1992 3544 133 49 sont
2153 3539 212 69 jamais
2396 3536 252 56 banales.

709 3617 166 55 Cette
920 3616 307 72 déception
1270 3616 303 72 profonde,
1618 3635 245 55 presque
1907 3619 271 71 toujours
2219 3619 302 68 inavouée,
2566 3620 85 51 est
