2365 4123
229 244 59 30 108

228 333 215 24 commence
456 325 149 37 leaping
617 326 117 28 about
750 331 49 23 on
816 325 64 29 the
897 326 107 35 stage
1018 324 38 30 of
1068 326 119 29 Music

228 377 101 31 Halls
337 378 39 30 in
383 378 104 30 what
494 378 92 36 they
594 384 100 22 were
703 375 151 38 pleased
865 378 40 28 to
915 375 70 31 call
997 376 189 37 Religious

227 438 43 22 or
294 429 139 31 Classic
456 431 150 29 dances.
652 429 32 29 It
706 436 94 29 gave
823 435 47 22 an
896 435 135 23 excuse
1053 428 60 30 for
1136 428 48 30 all

225 482 66 30 the
337 489 129 30 young
509 482 72 28 and
626 479 246 36 well-shaped
918 481 187 29 actresses
1148 480 38 30 of

226 535 188 34 Germany
446 534 41 28 to
517 532 96 30 steal
647 540 22 21 a
703 531 128 30 march
866 538 47 23 on
948 531 102 30 their
1080 540 103 23 more

225 585 219 37 intelligent
474 585 133 29 sisters
637 584 47 36 by
714 582 152 38 playing
896 583 65 30 the
992 585 87 35 part
1101 585 38 29 in
1162 593 21 21 a

224 637 213 30 semi-nude
468 637 113 29 state.
717 636 30 28 It
778 642 127 23 serves
935 635 66 30 the
1031 636 151 31 theatre

224 690 186 29 directors
432 696 22 22 a
475 696 92 28 very
591 688 69 29 bad
678 689 105 35 turn,
799 686 60 31 for
874 688 66 29 the
957 688 126 36 public
1097 689 85 30 who

222 740 102 31 flock
344 742 41 29 to
408 741 109 30 these
540 740 124 30 shows
687 747 85 22 now
788 738 127 31 refuse
931 741 41 28 to
988 741 193 35 patronise

223 793 185 37 anything
429 792 123 30 which
576 793 90 29 does
691 793 66 28 not
773 792 153 30 contain
943 801 21 21 a
981 794 94 35 good
1093 792 88 30 slice

223 844 38 30 of
284 845 134 36 nudity
440 846 38 28 in
503 845 43 29 it.

223 896 74 30 The
322 896 142 31 Censor
492 897 32 29 is
553 897 68 29 not
649 895 87 37 only
765 897 29 28 A
818 896 237 37 BLESSING;
1079 897 46 29 he
1150 898 30 28 is

221 949 30 28 A
291 947 372 32 NECESSITY.
708 949 52 28 He
785 947 134 30 should
938 949 45 29 be
999 956 40 22 as
1056 949 124 35 strict,

221 1007 41 22 as
294 999 242 37 puritanical,
569 1008 41 21 as
643 999 176 36 possible,
851 1001 39 28 to
924 1002 161 34 prevent
1113 1001 66 29 the

221 1051 210 31 disastrous
454 1051 173 30 invasion
651 1050 39 31 of
711 1051 109 30 these
843 1051 246 37 sacrilegious
1105 1053 71 28 and

221 1102 156 36 profane
387 1103 291 37 improprieties.
689 1102 51 31 To
750 1103 77 30 this
837 1104 71 29 end
920 1104 58 29 NO
990 1103 190 37 Religious

220 1156 149 34 subject
394 1155 135 30 should
554 1156 45 29 be
623 1156 224 35 permitted;
872 1163 47 21 no
943 1157 87 34 part
1053 1155 37 30 of
1112 1156 66 28 the

221 1207 96 37 body
332 1208 134 35 except
480 1206 83 31 face
579 1208 73 29 and
669 1208 121 29 hands
805 1206 134 31 should
959 1208 45 29 be
1019 1206 157 30 allowed

218 1260 41 28 to
282 1259 46 30 be
351 1267 103 22 seen.
499 1260 66 29 We
588 1258 124 31 would
741 1267 94 23 even
859 1267 46 29 go
929 1267 41 21 so
992 1258 60 30 far
1074 1266 41 22 as
1137 1260 40 28 to

218 1318 66 29 say
319 1311 86 30 that
440 1319 48 22 no
531 1318 132 24 scenes
708 1310 38 30 of
781 1310 184 35 violence,
1003 1310 92 30 such
1134 1318 43 22 as

218 1363 168 36 murder,
409 1364 155 35 suicide,
581 1364 212 35 seduction,
816 1364 165 34 torture,
998 1361 179 38 fighting,

218 1415 90 36 riot,
353 1422 43 22 or
443 1415 202 29 bloodshed
689 1414 38 30 of
771 1422 73 28 any
892 1413 105 37 kind,
1042 1413 132 30 should

219 1467 44 29 be
287 1465 156 32 allowed
467 1468 40 29 to
531 1474 104 23 come
659 1465 129 31 before
811 1467 66 29 the
894 1474 88 29 eyes
999 1467 71 28 and
1092 1473 84 23 ears

217 1516 39 31 of
284 1518 66 29 the
381 1519 203 35 audience;
614 1519 73 29 and
711 1517 49 30 all
784 1518 78 30 this
885 1518 132 29 should
1044 1519 37 28 in
1106 1526 70 21 our

217 1570 151 34 opinion
384 1571 45 28 be
443 1571 157 28 secured
613 1569 60 30 for
684 1577 43 22 us
741 1571 47 35 by
800 1571 70 28 Act
883 1569 38 30 of
931 1569 243 30 Parliament.

222 1674 114 30 Uail
361 1674 215 31 Columbia!
602 1674 73 30 She
692 1674 103 30 loves
812 1675 72 29 and
901 1675 122 29 hates.
1046 1674 128 31 That's

287 1735 22 21 a
322 1727 86 29 true
420 1734 161 22 woman.
596 1727 140 36 Hating
752 1727 68 30 her
836 1728 189 29 mediocre
1041 1728 132 30 artists

214 1778 66 30 she
307 1778 125 30 would
464 1786 91 29 spur
584 1778 105 30 them
717 1780 41 28 to
790 1780 153 35 greater
969 1779 129 37 things
1126 1781 47 36 by

213 1829 148 38 lashing
383 1831 103 29 them
511 1830 268 37 unmercifully
804 1831 92 29 with
920 1832 69 29 her
1012 1832 159 30 disdain.

212 1881 73 31 She
308 1883 109 29 hates
433 1882 69 30 her
517 1882 125 37 paltry
659 1882 193 30 Theatres.
897 1884 32 28 Is
952 1884 85 29 that
1059 1885 112 29 true?

212 1933 113 30 What
340 1941 136 29 proves
492 1934 56 29 it?
585 1933 76 31 The
679 1935 316 36 Kinemetograph
1013 1937 71 28 and
1104 1936 67 30 her

212 1987 209 35 patronage
456 1985 38 30 of
528 1987 50 28 its
611 1987 206 36 twopenny
850 1987 203 36 tragedies,
1096 1989 73 29 She

212 2038 110 30 hates
337 2037 67 30 the
418 2038 170 37 humbug
600 2038 38 29 of
654 2038 69 30 her
739 2038 103 30 slack
858 2039 172 30 theatres
1047 2039 122 30 which

212 2090 139 35 parade
367 2089 223 37 vulgarities
604 2089 129 31 before
750 2090 69 29 her
835 2090 137 37 calling
988 2092 31 29 it
1035 2092 134 36 Art,....

213 2141 109 30 Love.
454 2142 74 30 She
558 2142 32 29 is
623 2143 247 29 tremendous
904 2144 38 28 in
974 2143 68 30 her
1075 2146 93 27 acts.

211 2193 73 29 She
313 2201 145 28 sweeps
490 2194 171 30 thirteen
692 2194 183 30 Theatres
908 2194 106 30 clean
1049 2195 38 30 of
1119 2196 48 30 all

212 2245 100 30 their
341 2247 139 34 actors,
503 2245 117 38 plays,
644 2253 132 23 scenes
804 2247 71 29 and
900 2246 165 32 twaddle
1094 2250 72 28 and

211 2296 133 31 instals
354 2306 21 21 a
384 2299 119 28 brand
515 2306 82 21 new
608 2298 231 30 mechanical
851 2300 315 36 Kinemetograph

210 2349 37 29 in
271 2349 104 30 each.
421 2350 139 30 Bravo!
585 2351 133 35 Bravo,
743 2350 212 30 Columbia!

209 2401 24 17 44
250 2400 101 38 They
374 2408 71 30 pay
469 2403 128 28 better
656 2403 31 28 is
710 2403 66 29 the
800 2401 226 41 excuse|she
1050 2405 115 35 gives.

209 2453 90 29 How
330 2452 122 38 lovely
479 2453 66 30 she
576 2454 43 34 is,
651 2474 50 9 ....
725 2454 84 29 how
843 2455 248 30 tremendous
1127 2457 38 28 in

209 2504 68 30 her
292 2506 260 36 contempt,....
570 2513 41 22 as
627 2505 28 30 if
670 2506 66 29 she
761 2507 109 29 cared
896 2515 21 21 a
939 2515 108 28 scrap
1063 2508 103 29 what

209 2557 130 36 brings
369 2557 69 30 her
461 2565 21 21 a
504 2556 73 30 few
616 2565 103 22 more
743 2558 158 30 dollars!
953 2560 112 29 What
1099 2561 66 30 she

207 2615 106 23 cares
334 2607 73 38 for,
430 2609 66 29 she
524 2608 132 31 knows
682 2610 108 30 these
813 2610 173 31 theatres
1009 2619 65 22 are
1099 2614 67 27 not

206 2661 114 36 going
357 2662 39 28 to
431 2661 84 36 give
545 2661 80 29 her.
670 2662 112 30 What
804 2662 66 30 she
893 2664 123 28 wants
1040 2664 31 29 is
1098 2665 66 29 the

205 2711 101 38 first,
320 2713 96 36 best,
430 2713 98 29 most
540 2713 172 36 splendid
726 2714 153 30 theatre
894 2722 48 22 on
959 2715 65 30 the
1041 2718 121 28 round

205 2765 123 36 earth,
337 2772 47 22 no
395 2765 85 29 less.
493 2765 24 16 44
526 2765 94 36 Pays
631 2766 127 29 better
849 2766 140 38 Really,
1004 2768 159 37 Europe,

205 2824 73 29 you
295 2817 144 30 exhibit
455 2825 21 22 a
492 2817 253 30 carelessness
757 2819 106 35 quite
879 2821 283 34 unpardonable

206 2869 38 28 in
268 2876 71 22 one
362 2876 42 22 so
428 2868 74 37 old,
524 2869 111 30 when
665 2877 72 29 you
770 2869 143 32 believe
936 2871 78 30 this
1035 2880 129 29 young

207 2918 195 31 Columbia
431 2928 130 22 means
583 2921 103 30 what
709 2921 66 30 she
804 2921 231 39 flauntingly
1065 2932 96 29 says.

205 2970 58 31 All
296 2972 87 29 that
409 2972 173 30 America
611 2974 90 28 does
731 2973 66 30 she
828 2975 89 30 does
947 2974 98 31 well.
1089 2976 73 29 She

206 3023 107 30 could
348 3024 47 29 do
429 3024 204 31 otherwise
665 3026 68 29 but
762 3026 67 29 she
858 3026 76 30 will
967 3028 78 29 not.
1088 3028 73 29 She

204 3074 132 31 knows
372 3076 103 29 what
505 3077 67 29 she
602 3079 136 35 wants;
769 3078 31 29 it
823 3079 31 29 is
878 3078 153 38 already
1054 3080 108 35 hers;

202 3128 67 29 she
291 3128 111 29 waits
417 3127 60 31 for
499 3129 32 29 it
560 3130 40 28 to
623 3131 177 34 respond.

203 3180 204 30 Meantime
470 3181 86 29 that
613 3181 190 36 poltroon,
862 3184 64 28 the
986 3184 174 35 Theatre,

202 3233 294 36 masquerading
533 3241 40 21 as
612 3234 68 28 her
724 3233 118 38 lover,
886 3235 180 37 thinking
1110 3236 49 30 its

200 3283 182 31 artificial
406 3285 109 30 oaths
540 3287 71 28 and
637 3287 130 36 pretty
788 3287 157 36 parlour
970 3287 190 31 flatteries

200 3336 73 29 and
297 3337 185 35 promises
510 3337 76 30 will
616 3345 85 28 pass
724 3339 93 29 with
841 3340 81 36 her,
945 3341 87 28 that
1053 3348 106 21 worn

200 3389 68 28 out
291 3395 105 29 roue,
413 3388 170 38 horridly
598 3391 168 36 painted,
785 3391 121 37 husky
922 3393 144 35 voiced,
1083 3391 78 30 half

200 3438 116 38 blind,
340 3442 178 34 postures
543 3441 128 30 before
696 3442 78 31 her.

200 3490 75 32 The
297 3492 124 30 result
437 3492 38 31 of
490 3494 77 29 this
583 3496 202 36 posturing
801 3496 31 29 is
848 3496 85 29 that
988 3496 169 29 thirteen

198 3544 23 15 44
235 3543 38 31 of
287 3544 66 30 the
367 3545 153 36 regular
539 3546 173 31 theatres
725 3548 38 29 in
778 3548 160 29 Greater
953 3548 87 30 New
1057 3547 101 30 York

198 3596 22 14 4t
235 3603 63 23 are
311 3596 77 30 this
400 3605 169 23 summer
592 3600 160 29 devoted
770 3601 41 29 to
825 3601 152 35 moving
988 3600 169 35 pictures

198 3649 21 12 44
234 3649 72 29 and
329 3649 67 30 the
419 3650 218 31 immediate
660 3654 176 33 prospect
870 3653 31 29 is
933 3652 87 30 that
1046 3653 111 29 other

198 3701 21 14 44
233 3700 183 37 theatres,
444 3703 146 29 instead
616 3702 38 31 of
677 3704 144 37 closing
844 3704 109 30 down
976 3703 76 31 will
1077 3704 80 38 rely

197 3753 22 14 44
237 3759 100 29 upon
372 3753 77 30 this
485 3755 160 36 popular
681 3755 96 30 form
816 3755 38 31 of
882 3757 276 30 entertaiment

198 3805 21 14 44
233 3803 60 31 for
315 3804 101 31 their

1258 324 113 30 What
1405 331 48 23 an
1485 323 164 36 opening
1678 321 60 30 for
1768 328 47 22 an
1846 321 132 29 artist!
2023 322 79 29 And
2136 322 78 30 how

1254 376 215 31 enchanted
1496 376 90 29 Miss
1611 373 195 31 Columbia
1828 372 123 30 would
1978 373 64 29 be!

1292 451 45 44 Pi
1348 449 123 37 nglish
1503 449 106 35 stage
1644 448 268 34 management
1945 446 120 36 ought
2097 447 40 28 to
2172 447 42 29 be

1522 499 197 37 forgotten
1733 499 72 29 and
1822 498 93 30 then
1931 500 281 28 recommenced

1258 557 21 12 44
1294 555 47 37 by
1357 562 21 22 a
1395 561 83 22 new
1494 552 227 37 generation
1738 549 38 31 of
1791 552 109 35 stage
1916 557 200 29 managers
2131 550 82 30 who

1256 608 22 14 44
1293 607 93 29 have
1420 604 164 31 realized
1618 603 87 29 that
1741 602 104 37 they,
1880 610 40 21 as
1954 601 85 30 well
2074 609 40 22 as
2147 602 65 30 the

1256 660 21 14 44
1292 659 151 35 author,
1467 657 102 29 must
1585 655 88 30 look
1695 653 251 38 occasionally
1962 655 40 28 at
2018 652 64 32 life
2100 653 113 37 itself,

1254 712 22 14 44
1291 711 71 29 and
1409 709 122 35 make,
1576 709 40 28 at
1660 715 72 28 any
1775 708 97 34 rate,
1910 714 103 22 some
2050 707 163 35 attempt

1255 764 21 14 44
1290 764 41 28 at
1353 761 150 31 realism
1607 757 46 33 St
1699 758 187 38 George's
1929 757 181 30 Review.

1254 820 44 26 &
1341 815 111 35 Signs
1489 811 38 31 of
1550 810 226 37 awakening
1799 811 38 28 in
1870 809 183 37 England.
2163 810 47 29 all

1255 867 67 29 but
1351 866 86 29 that
1465 872 71 23 one
1559 864 119 35 word,
1708 863 23 14 44
1747 861 160 34 Realism
2004 862 112 29 What
2146 862 65 30 the

1251 919 133 29 writer
1425 916 165 38 possibly
1635 923 129 22 means
1811 915 30 28 is
1877 914 87 29 that
1999 914 66 29 the
2105 915 104 37 stage

1252 977 199 29 managers
1474 968 134 31 should
1631 976 46 29 go
1704 969 41 28 to
1777 967 137 29 nature
1944 968 40 28 to
2016 973 62 23 see
2109 966 101 30 what

1251 1022 120 29 Truth
1394 1023 31 28 is
1453 1022 72 29 and
1550 1021 84 29 how
1656 1021 42 28 to
1722 1019 127 30 match
1871 1018 66 30 the
1955 1017 120 31 Truth
2091 1017 38 31 of
2143 1018 66 30 the

1250 1074 126 29 Poet's
1392 1081 95 29 song
1503 1074 47 35 by
1567 1081 21 21 a
1603 1074 88 28 true
1708 1072 122 29 vision
1853 1069 60 31 for
1935 1070 66 30 the
2025 1077 81 30 eye.

1250 1127 74 30 But
1345 1126 87 29 that
1453 1126 33 29 is
1508 1132 91 29 very
1623 1123 183 31 different
1827 1123 99 29 from
1945 1122 174 34 Realism.

1249 1177 30 31 If
1299 1185 73 30 you
1400 1177 68 30 tell
1496 1178 106 35 stage
1635 1183 199 29 managers
1871 1177 41 28 to
1952 1176 43 28 be
2032 1174 177 34 Realistic

1245 1237 74 30 you
1338 1229 76 29 will
1431 1230 46 28 do
1493 1229 66 29 the
1577 1230 105 34 stage
1707 1229 109 35 great
1833 1228 119 34 harm,
1968 1226 61 31 for
2047 1227 158 33 Realism

1247 1283 32 28 is
1294 1290 22 21 a
1329 1283 214 34 dangerous
1559 1281 122 35 thing.
1691 1286 45 24 &
1747 1279 74 30 The
1839 1279 116 37 cheap
1968 1279 236 37 photograph

1245 1333 112 31 seeks
1394 1334 71 29 and
1504 1332 102 30 finds
1651 1333 42 33 it,
1739 1332 70 29 and
1858 1331 64 30 the
1968 1332 124 29 crowd
2138 1339 67 22 can

1246 1386 235 29 understand
1500 1385 31 29 it
1547 1392 40 21 so
1605 1383 117 37 easily
1734 1384 87 29 that
1835 1383 93 36 they
1952 1384 50 29 sit
2025 1382 180 37 listlessly

1246 1437 130 30 before
1400 1438 30 28 it
1453 1437 73 29 and
1551 1437 102 28 their
1684 1436 129 29 brains
1837 1436 71 29 and
1945 1436 133 35 beings
2112 1436 92 29 have

1247 1490 221 35 undergone
1486 1496 48 22 no
1559 1488 167 29 exercise
1751 1488 37 28 in
1812 1487 66 29 the
1902 1488 303 36 understanding

1245 1540 37 31 of
1306 1542 42 29 it.
1643 1545 45 25 &
1816 1545 216 25 &&
2159 1546 45 25 &

1244 1595 145 35 Beauty
1435 1593 70 29 and
1554 1592 118 30 Truth
1718 1599 65 22 are
1828 1592 105 35 quite
1968 1599 40 22 as
2042 1599 88 29 easy
2164 1592 38 28 to

1244 1646 249 35 understand,
1517 1646 69 28 but
1607 1644 112 30 there
1743 1651 69 21 can
1837 1645 45 28 be
1907 1651 47 21 no
1979 1643 91 30 such
2093 1644 111 35 thing

1240 1706 42 22 as
1305 1705 48 23 an
1378 1696 212 30 unathletic
1614 1696 304 35 understanding
1941 1694 38 31 of
1999 1696 145 36 Beauty
2160 1703 42 22 or

1242 1751 119 29 Truth
1372 1751 37 28 in
1427 1751 81 28 Art.
1522 1749 32 29 It
1568 1749 116 29 needs
1696 1747 167 30 athletes
1879 1749 40 28 to
1936 1749 127 28 create
2076 1749 82 35 Art,
2171 1748 21 29 it-

1241 1803 116 30 needs
1369 1811 21 20 a
1402 1809 87 22 race
1499 1800 39 31 of
1549 1800 159 30 athletic
1717 1800 132 36 beings
1858 1801 40 28 to
1910 1801 234 29 understand
2158 1801 43 28 it.

1237 1872 170 67 Anew
1432 1863 149 30 feature
1605 1862 39 30 of
1665 1862 66 30 the
1748 1863 149 36 August
1913 1863 72 29 and
2002 1861 195 38 following

1325 1917 179 29 numbers
1521 1914 38 31 of
1581 1916 24 14 44
1623 1914 75 30 The
1722 1913 107 31 Mask
1889 1914 79 30 will
1992 1915 46 29 be
2062 1923 21 21 a
2105 1921 94 30 page

1239 1969 174 35 devoted,
1431 1968 121 29 under
1564 1967 66 29 the
1644 1965 87 31 title
1753 1963 41 32 of
1806 1966 23 14 44
1844 1965 77 30 The
1942 1967 220 34 Spectators

1237 2022 40 28 to
1307 2020 66 30 the
1397 2019 233 36 publication
1648 2017 38 30 of
1709 2019 175 34 opinions
1907 2017 38 29 of
1960 2018 65 29 the
2043 2018 154 36 general

1237 2072 131 30 Public
1404 2071 123 29 which
1562 2071 96 29 have
1692 2071 96 28 been
1823 2071 202 35 expressed
2060 2070 138 36 during

1235 2125 66 29 the
1326 2123 133 30 month
1484 2130 48 21 on
1557 2130 73 28 any
1653 2121 98 37 play,
1778 2122 242 35 production,
2044 2121 153 30 notable

1235 2174 202 32 theatrical
1482 2175 115 28 event
1634 2181 43 21 or
1715 2172 178 37 long-felt
1929 2173 116 30 want.
2152 2179 44 25 &

1236 2227 221 37 Play-goers
1480 2234 65 21 are
1569 2226 145 29 invited
1746 2226 40 29 to
1811 2226 219 29 contribute
2061 2226 37 29 in
2131 2226 63 29 ten

1234 2288 43 22 or
1301 2279 137 30 twelve
1462 2278 97 30 lines
1582 2278 102 29 their
1708 2278 174 35 opinions
1896 2285 47 22 on
1958 2285 74 29 any
2055 2279 141 28 matter

1233 2332 166 36 relating
1414 2333 40 28 to
1472 2332 65 28 the
1555 2330 182 30 Theatres
1754 2330 91 36 they
1868 2330 101 30 visit.
2062 2331 39 28 In
2118 2330 77 30 this

1232 2393 82 28 way
1337 2392 57 21 we
1428 2384 96 35 hope
1562 2384 40 28 to
1637 2389 115 28 prove
1781 2382 87 29 that
1901 2382 66 29 the
2004 2382 129 30 Public
2156 2383 37 29 in

1232 2436 168 37 England
1426 2436 30 29 is
1474 2436 67 28 not
1556 2435 67 29 the
1641 2434 239 30 uneducated
1905 2435 72 28 and
2000 2433 194 38 unfeeling

1232 2490 171 28 monster
1426 2487 122 29 which
1573 2487 31 29 it
1628 2487 31 27 is
1686 2485 141 37 always
1850 2486 114 36 being
1995 2487 107 28 made
2126 2487 68 28 out

1230 2542 39 28 te
1294 2541 45 29 be
1363 2540 48 36 by
1434 2547 21 21 a
1479 2539 144 28 certain
1648 2538 147 29 section
1820 2536 38 31 of
1879 2537 66 30 the
1970 2538 140 29 critics.

1232 2591 289 33 Contributions
1558 2589 135 30 should
1730 2590 45 29 be
1806 2590 203 29 addressed
2051 2591 40 28 to
2126 2589 65 30 the

1230 2643 182 32 Editorial
1430 2642 117 31 Office
1564 2641 38 30 of
1618 2643 24 16 44
1660 2641 76 30 The
1752 2641 108 30 Mask
1929 2649 21 22 2
1968 2641 222 37 Lung'Arno

1229 2695 216 37 Acciaiuoli,
1470 2694 193 36 Florence,
1687 2692 106 38 Italy.
1802 2700 45 25 &

2035 2693 34 30 J.
2092 2693 45 30 S.

1331 2782 39 22 &
1411 2777 90 25 ALL
1529 2775 185 30 RIGHTS
1742 2775 264 30 RESERVED
2047 2780 39 23 &

1227 2840 201 31 GERENTE
1462 2838 348 31 RESPONSABILE,
1842 2839 103 25 GINO
1980 2839 128 25 DUCCI
2150 2843 39 22 &

1745 3824 104 25 MASK
1866 3826 44 24 OF
1929 3826 72 25 THE
2019 3827 96 29 LIAR.
