3482 4412
1718 219 105 48 104

212 359 139 35 dertste
379 355 125 37 Psalm
534 366 71 24 von
635 353 111 43 Hille,
780 354 154 46 „Haltet
962 354 99 36 Frau
1091 354 145 35 Musica
1264 354 37 35 in
1508 364 71 24 von
1602 354 98 35 Roch-

216 418 80 42 litz,
327 418 179 33 Motetten
536 425 71 23 von
638 414 43 35 ß.
710 413 111 34 Klein
851 413 75 35 und
955 413 244 45 Hauptmann
1228 424 35 25 u.
1294 425 16 23 s
1351 425 46 24 w.

292 477 55 33 Ist
387 487 38 22 es
470 477 109 32 unter
623 472 69 35 den
735 477 106 30 sonst
882 473 136 44 gewiss
1059 472 104 34 nicht
1198 474 209 44 ungünstig
1436 483 46 23 zu
1510 470 221 37 nennenden

215 534 285 37 Verhältnissen
527 533 104 34 nicht
659 544 63 22 um
751 544 41 22 so
817 531 103 34 mehr
949 542 46 22 zu
1025 530 197 48 beklagen,
1265 531 87 35 dass
1381 532 68 34 wir
1476 531 86 34 kein
1592 529 117 36 Orche-

216 599 74 31 ster
318 606 46 22 an
394 594 68 34 Ort
489 594 77 33 und
598 593 114 34 Stelle
748 591 147 34 haben?
950 589 69 36 Die
1049 590 133 35 Götter
1210 594 133 43 mögen
1373 602 69 23 uns
1470 591 153 45 geneigt
1653 591 78 34 sein

210 653 77 35 und
315 653 59 35 die
402 653 362 44 Erschliessungen
794 651 64 33 der
884 650 200 36 Behörden
1113 662 84 24 zum
1229 651 123 36 Guten
1381 651 157 35 lenken!

506 861 179 70 Tages-
727 859 99 54 und
855 859 581 72 Unterhaltungs-Blatt.

286 979 389 48 H.fflligSl»ei*g«
731 982 59 36 Se.
818 982 180 45 Majestät
1026 982 63 34 der
1117 982 127 46 König
1287 982 121 34 haben
1451 992 174 24 unserem
1663 992 42 35 ge-

216 1043 193 36 schätzten
451 1043 222 46 Mitbürger,
727 1042 82 36 dem
854 1043 175 35 Director
1068 1042 63 35 des
1180 1042 292 46 Sängervereins
1522 1042 122 35 Herrn
1690 1043 42 34 B.

214 1103 188 34 Hamma
442 1103 56 34 als
539 1105 59 33 ein
640 1102 187 35 Merkmal
870 1102 64 34 der
967 1102 289 34 Allerhöchsten
1285 1102 286 45 Anerkennung
1613 1103 121 33 seiner

214 1163 232 45 Leistungen
489 1164 36 33 in
568 1163 64 34 der
673 1161 293 36 musiealischen
994 1161 256 46 Composition
1279 1161 59 35 die
1365 1162 159 46 goldene
1552 1161 181 35 Medaille

216 1234 47 22 zu
292 1222 189 35 verleihen
504 1222 148 45 geruht.
703 1222 70 33 Die
800 1220 159 35 nächste
988 1220 288 45 Veranlassung
1305 1220 98 35 dazu
1432 1232 78 23 war
1537 1220 60 35 die
1625 1220 81 35 Com-

214 1283 161 45 position
425 1283 100 33 einer
571 1283 198 43 grösseren
816 1279 202 36 Cantate
1060 1281 60 34 für
1160 1281 235 45 gemischten
1425 1279 101 36 Chor
1554 1281 77 35 und
1661 1280 46 36 Or-

217 1343 156 34 chester.

286 1442 208 39 IVIftillz«
539 1444 70 35 Am
644 1444 53 37 17.
729 1443 33 36 d.
793 1444 87 37 Mts.
909 1445 88 34 fand
1026 1444 80 37 hier
1134 1446 57 35 als
1219 1446 417 47 Benefiz-Vorstellung
1667 1446 64 37 des

214 1504 303 47 Capellmeisters
548 1504 132 36 Gust.
710 1503 222 35 Schmidt
957 1504 57 36 die
1032 1505 244 47 Aufführung
1298 1507 122 35 seiner
1442 1508 61 34 für
1522 1519 71 23 uns
1613 1519 120 23 neuen

214 1566 99 46 Oper
344 1565 280 46 „Weibertreue
652 1564 87 35 oder
766 1566 137 34 Kaiser
931 1564 149 36 Conrad
1116 1577 67 24 vor
1502 1568 110 43 Statt,
1656 1568 77 35 und

213 1627 68 33 wir
308 1625 129 35 freuen
466 1636 82 34 uns,
589 1636 70 23 von
690 1625 83 35 dem
801 1625 153 45 Erfolge
984 1625 195 35 derselben
1207 1627 39 34 in
1268 1627 108 44 jeder
1402 1629 229 45 Beziehung,
1675 1640 39 24 so-

213 1684 97 36 wohl
338 1697 78 23 was
445 1685 59 34 die
533 1685 242 46 Aufführung
816 1686 132 45 selbst,
990 1686 56 35 als
1076 1687 99 34 auch
1205 1687 58 35 die
1290 1688 217 35 Aufnahme
1536 1689 64 35 der
1628 1689 104 46 Oper

212 1756 73 24 von
306 1745 125 35 Seiten
461 1746 63 34 des
553 1745 220 35 Publicums
807 1745 152 47 betrifft,
990 1758 70 23 nur
1089 1747 205 47 Günstiges
1324 1749 210 36 mittheilen
1564 1761 48 23 zu
1640 1749 70 36 kön-

214 1817 80 24 nen.
343 1806 70 34 Die
442 1805 129 35 Musik
601 1807 50 33 ist
679 1806 189 35 durchaus
899 1806 114 35 frisch
1052 1808 77 34 und
1159 1810 198 45 anregend,
1401 1810 103 35 reich
1534 1821 47 23 an
1610 1810 107 34 liebli-

212 1865 92 35 chen
334 1865 222 46 Melodieen,
601 1866 76 34 und
717 1867 65 34 der
819 1867 232 35 orchestrale
1079 1869 110 34 Theil
1226 1869 195 36 derselben
1451 1874 114 43 zeugt
1592 1883 71 23 von
1694 1882 40 24 so

212 1926 136 34 vielem
377 1925 184 35 Geschick
594 1926 73 34 und
696 1926 172 35 Feinheit
907 1928 37 33 in
974 1928 65 35 der
1068 1929 251 48 Behandlung
1347 1930 66 36 der
1442 1931 291 35 verschiedenen

212 1985 267 46 Instrumente,
521 1985 88 34 dass
651 1998 87 22 man
778 1986 120 35 dieses
929 1987 113 35 Werk
1086 1987 81 35 dem
1209 1989 150 45 Besten,
1407 2003 77 22 was
1511 1992 39 33 in
1578 2003 157 24 neuerer

214 2047 82 34 Zeit
322 2046 51 34 im
400 2046 124 35 Fache
554 2046 64 35 der
645 2047 217 35 komisehen
892 2048 100 47 Oper
1018 2050 36 33 in
1083 2050 263 36 Deutschland
1373 2053 195 45 producirt
1592 2053 141 44 wurde,

212 2107 209 45 unbedingt
449 2119 45 22 an
524 2108 60 34 die
611 2108 99 34 Seite
739 2108 131 34 stellen
901 2109 109 37 kann.
1061 2111 71 34 Die
1161 2111 326 47 Haupt-Partieen
1527 2126 121 23 waren
1693 2115 38 34 in

212 2168 68 35 den
322 2167 158 34 Händen
522 2168 62 34 der
622 2168 159 35 Damen:
827 2169 96 35 Frau
952 2171 322 46 Haase-Capitain
1305 2173 199 47 (Elsbeth),
1550 2175 181 35 Fräulein

209 2227 148 36 Molnär
382 2227 179 45 (Gundel)
603 2227 75 34 und
707 2227 64 35 der
798 2228 143 36 Herren
968 2229 168 47 Philippi
1165 2231 194 47 (Conrad),
1402 2234 103 34 Dalfi
1533 2234 198 47 (Walter),

214 2286 158 37 Ulbrich
404 2285 185 47 (Martin),
620 2287 178 35 Leithner
826 2288 235 46 (Jerobeam)
1089 2292 78 33 und
1197 2291 127 35 Simon
1353 2292 157 46 (Peter).
1554 2293 78 34 Das
1661 2294 49 33 Pu-

214 2347 143 35 blicum
385 2346 88 34 liess
503 2357 38 23 es
573 2358 46 22 an
648 2347 231 34 reichlichen
906 2349 324 45 Beifallsspenden
1260 2351 104 34 nicht
1392 2351 136 43 fehlen,
1568 2352 165 35 welchen

211 2417 58 24 am
299 2405 181 35 Schlüsse
509 2405 64 34 der
602 2405 99 45 Oper
729 2407 59 33 ein
817 2408 244 35 stürmisches
1088 2409 259 37 Hervorrufen
1376 2412 64 34 des
1467 2412 267 47 Componisten

210 2467 67 33 mit
304 2465 70 34 den
404 2466 165 43 Trägern
601 2464 65 35 der
694 2466 252 45 Hauptrollen
976 2467 129 46 folgte.

290 2526 78 35 Wir
395 2525 148 35 können
571 2526 105 34 nicht
703 2527 249 46 unterlassen,
995 2529 61 36 bei
1092 2530 121 36 dieser
1242 2532 246 47 Gelegenheit
1515 2546 47 23 zu
1591 2535 120 35 erwäh-

208 2598 83 33 nen,
320 2586 85 34 dass
436 2585 64 35 das
529 2598 75 22 neu
640 2587 178 35 erwählte
849 2588 327 38 Theater-Comite
1217 2593 51 33 im
1297 2593 314 37 Gemeinderathe
1653 2596 80 35 sich

209 2646 106 35 recht
343 2646 176 35 ernstlich
551 2648 66 32 mit
645 2648 100 33 einer
772 2648 324 47 zweckmässigen
1124 2651 286 48 Verbesserung
1439 2666 157 24 unserer
1611 2655 99 36 Thea-

209 2706 337 36 ter-Verhältnisse
574 2707 238 46 beschäftigt.
868 2709 117 35 Sollte
1029 2723 48 22 zu
1119 2711 69 35 den
1230 2713 224 36 Resultaten
1495 2715 65 36 der
1599 2716 140 36 darauf

210 2767 247 46 bezüglichen
487 2768 263 46 Berathungen
795 2770 96 35 auch
933 2770 59 36 die
1019 2771 185 48 Creirung
1232 2774 101 35 eines
1363 2775 199 47 ständigen
1592 2776 117 37 Orche-

209 2831 94 31 sters
334 2831 110 31 unter
471 2828 117 34 einem
619 2829 194 47 tüchtigen
842 2830 75 35 und
946 2832 196 46 erprobten
1173 2834 283 47 Capellmeister
1484 2837 176 46 gehören,
1690 2850 41 24 so

211 2887 153 35 würden
396 2889 68 33 wir
492 2888 79 35 dies
600 2889 56 34 als
687 2890 81 34 eine
798 2890 221 47 Grundlage
1063 2893 61 34 für
1164 2893 58 35 die
1249 2895 287 49 Verbesserung
1576 2910 157 24 unserer

207 2953 232 40 gesammten
469 2947 294 37 musicalischen
792 2950 191 36 Zustände
1012 2953 70 33 auf
1106 2953 66 35 das
1201 2955 207 46 freudigste
1436 2956 220 47 begrüssen.

1352 3014 131 47 (Südd.
1514 3016 138 48 M.-Z.)

596 3115 100 34 Zwei
724 3127 132 34 grosse
888 3118 215 45 Gastspiele
1140 3118 122 36 haben
1292 3130 41 24 so
1362 3120 92 36 eben
1485 3133 46 24 an
1560 3123 164 46 hiesiger

209 3172 132 36 Bühne
368 3173 58 35 ihr
452 3174 101 34 Ende
582 3175 170 35 erreicht.
800 3177 97 35 Herr
925 3178 374 36 Tichatscheck
1331 3181 77 34 und
1437 3182 179 36 Fräulein
1645 3184 58 35 Ja-

209 3234 248 35 nauschek
488 3247 82 22 vom
593 3235 222 36 Hoftheater
840 3248 46 23 zu
905 3238 168 35 Dresden
1103 3239 153 35 führten
1287 3252 70 23 uns
1383 3243 82 33 eine
1485 3243 117 35 Reihe
1630 3244 103 35 ihrer

210 3295 317 35 anerkanntesten
555 3295 232 46 Leistungen
817 3308 77 24 vor.
925 3299 100 34 Dass
1056 3299 169 35 Elfterer
1253 3305 95 30 trotz
1378 3303 122 34 seines
1531 3305 203 45 unstreitig

209 3354 81 35 sich
320 3354 223 35 bemerkbar
564 3354 230 35 machenden
814 3356 122 35 Alters
964 3358 132 35 immer
1122 3360 98 34 noch
1253 3359 90 36 über
1370 3372 98 35 ganz
1496 3363 236 46 respectable

208 3414 254 34 Stimmmittel
492 3425 46 22 zu
569 3415 181 44 verfügen
780 3415 76 44 hat,
901 3418 50 32 ist
977 3418 36 33 in
1044 3417 63 35 der
1134 3419 218 35 Kunstwelt
1387 3422 225 45 anerkannt,
1655 3424 78 35 und

209 3473 112 35 dahin
351 3475 108 34 zielte
487 3475 98 33 auch
616 3475 67 33 das
711 3476 180 44 gerechte
919 3476 92 44 Lob,
1057 3480 159 33 welches
1258 3480 77 35 ihm
1375 3482 59 34 bei
1463 3484 141 34 seinem
1636 3483 76 35 dies-

207 3535 164 46 maligen
401 3534 187 46 Gastspiel
631 3547 73 23 von
746 3536 70 35 den
851 3538 174 36 Kennern
1068 3551 47 23 zu
1144 3541 123 35 Theil.
1298 3542 142 44 wurde;
1484 3544 59 35 die
1586 3545 123 34 Enthu-

209 3596 141 33 siasten
393 3595 146 34 freilich
581 3595 211 35 erblickten
835 3597 36 34 in
913 3598 78 34 ihm
1020 3599 94 35 noch
1143 3601 130 35 immer
1301 3601 68 35 den

207 3654 344 36 unverwüstlichen
579 3655 293 37 Helden-Tenor
901 3669 71 24 von
1002 3659 167 36 Anno??
1199 3661 51 47 (!),
1292 3662 77 35 und
1406 3664 123 35 dieser
1570 3676 47 23 zu
1648 3666 86 35 weit

209 3716 216 45 getriebene
456 3715 354 47 Autoritätsglaube
849 3719 50 33 ist
939 3730 53 35 es,
1039 3720 64 35 der
1130 3722 96 34 auch
1258 3722 155 36 diesmal
1443 3725 106 33 einen
1577 3736 156 34 grossen

210 3776 108 35 Theil
347 3776 65 35 des
442 3776 167 46 hiesigen
633 3777 223 37 Publicums
894 3781 69 33 mit
990 3781 376 37 unwiderstehlicher
1387 3784 147 35 Gewalt
1574 3785 161 38 fortriss.

209 3836 86 36 Man
325 3837 139 36 konnte
492 3837 60 36 bei
581 3838 139 35 diesem
751 3840 188 46 Gastspiel
969 3842 67 33 mit
1065 3842 198 36 Bedauern
1293 3843 213 46 bemerken,
1550 3846 70 34 wie
1648 3846 88 35 sehr

212 3896 58 34 die
296 3897 312 46 Opernzustände
649 3909 57 23 am
739 3899 169 47 hiesigen
938 3901 165 36 Theater
1129 3904 50 33 im
1207 3903 127 48 Argen
1363 3904 122 47 liegen
1520 3906 79 35 und
1642 3906 89 35 dass

212 3959 169 42 grössere
409 3957 138 34 Werke
576 3969 70 23 nur
674 3958 86 35 sehr
790 3960 265 47 mittelmässig
1084 3974 68 22 zur
1180 3962 167 48 Geltung
1374 3964 184 45 gebracht
1586 3966 147 35 werden

212 4016 161 35 können.
392 4036 41 5 —
456 4017 53 33 im
537 4017 225 46 Schauspiel
792 4030 79 23 war
894 4019 176 37 Fräulein
1099 4022 364 37 Janauschek's
1492 4024 134 37 Medea
1653 4028 81 33 eine

212 4076 229 45 grossartige
469 4077 192 46 Leistung,
702 4079 79 34 ihre
809 4078 168 48 Königin
1004 4081 202 36 Elisabeth
1233 4084 39 33 in
1305 4083 118 47 „Graf
1647 4087 66 35 wel-

213 4134 89 37 cher
331 4135 78 35 hier
435 4147 72 23 neu
536 4137 200 35 einstudirt
766 4139 139 46 wurde,
935 4142 81 34 eine
1046 4140 58 37 bis
1131 4143 57 34 ins
1219 4143 162 36 kleinste
1399 4144 125 36 Detail
1554 4157 178 36 ausgear-

1804 356 138 36 Beitete
1977 355 162 37 Gestalt.
2196 355 61 35 Sie
2285 356 76 34 trat
2389 355 122 35 ferner
2546 352 97 38 lioöh
2673 355 56 35 als
2759 355 128 37 Gräfin
2917 355 126 37 Orsini
3070 357 38 34 in

1808 414 160 47 „Emilia
2194 413 76 35 und
2299 413 56 35 als
2382 412 190 36 Adrienne
2596 413 246 39 Lecouvreur
2874 417 70 34 auf
2977 415 77 37 und
3095 418 147 34 ärntete
3270 417 61 36 bei

1806 477 92 31 stets
1927 473 229 35 überfüllten
2185 473 178 34 Häusern
2392 472 267 36 rauschenden
2687 473 151 37 Beifall.

2119 576 40 35 In
2189 575 64 36 der
2287 576 180 46 jüngsten
2496 576 294 47 Versammlung
2818 576 64 37 des
2910 576 394 49 Männer-Gesangver-

1805 635 78 35 eins
1912 635 112 35 sollte
2051 635 93 35 über
2172 635 60 35 die
2258 635 251 35 Modalitäten
2552 635 63 35 der
2643 635 240 37 Kunstreise,
2909 648 68 25 zur
3004 637 178 36 londoner
3212 639 117 34 Welt-

1806 694 251 47 Ausstellung
2086 694 181 36 berathen
2297 694 156 37 werden.
2493 694 123 36 Bevor
2639 694 138 46 jedoch
2809 696 59 35 die
2896 697 237 47 vorläufigen
3161 697 173 46 Anträge

1806 754 64 34 des
1899 753 177 37 Comite's
2105 766 68 24 zur
2201 755 268 45 Abstimmung
2496 753 185 48 gebracht
2709 755 148 35 werden
2886 756 178 45 konnten,
3107 757 131 36 wurde
3266 757 67 36 das

1804 814 215 35 Präsidium
2060 826 73 24 von
2171 814 193 35 einzelnen
2392 814 245 46 Mitgliedern
2680 814 238 47 interpellirt,
2963 815 47 36 ob
3039 816 102 35 einer
3168 816 92 37 oder
3286 816 48 36 ob

1806 876 92 34 zwei
1930 875 255 35 Chormeister
2226 875 37 33 in
2305 873 157 37 London
2504 875 176 44 fungiren
2722 875 149 34 sollten.
2927 875 77 35 Der
3031 875 207 37 Beschluss
3268 875 65 36 des

1807 933 179 36 Comite's
2015 934 141 35 lautete
2186 933 126 43 dahin,
2359 933 87 34 dass
2474 943 72 25 nur
2577 934 71 34 ein
2676 933 266 47 Chormeister,
2978 935 76 35 und
3083 947 101 24 zwar
3210 937 93 34 Her-

1804 995 142 46 beck,
1988 995 60 35 die
2086 994 217 35 artistische
2345 994 164 46 Leitung
2551 994 65 35 des
2656 994 155 34 Vereins
2853 994 255 37 übernehmen
3150 996 108 38 solle.

1805 1055 172 35 Darüber
2005 1054 225 36 entstanden
2258 1054 143 46 heftige
2417 1054 187 35 Debatten
2631 1055 78 34 und
2739 1054 192 36 feierliche
2958 1056 183 35 Proteste.
3169 1054 164 37 Endlich

1881 1115 95 35 nach
2013 1115 291 46 zweistündiger
2331 1115 226 35 Discussion
2662 1114 128 36 wurde
2831 1114 93 36 über
2967 1114 71 36 den
3079 1115 147 47 Antrag
3269 1115 65 36 des

1805 1176 122 35 Herrn
1955 1176 65 37 Dr.
2045 1176 125 34 Bauer
2198 1174 254 43 entschieden,
2480 1174 87 35 dass
2596 1174 411 47 Subscriptionsbogen
3037 1186 67 25 zur
3131 1175 178 36 Einzeich-

1804 1247 105 34 nung
1937 1237 61 33 für
2026 1234 210 47 diejenigen
2264 1234 227 46 Mitglieder,
2518 1235 142 36 welche
2688 1246 45 24 an
2765 1235 64 36 der
2857 1235 226 36 Kunstreise
3106 1236 110 36 Theil
3243 1236 69 36 neh-

1805 1307 85 24 men
1919 1295 148 42 wollen,
2098 1294 197 47 aufgelegt
2322 1294 163 37 werden.
2531 1295 42 34 In
2605 1296 171 45 wenigen
2805 1296 175 35 Minuten
3010 1308 125 23 waren
3164 1296 171 36 mehrere

1806 1355 180 35 Tausend
2015 1355 151 35 Gulden
2194 1354 234 47 gezeichnet.
2467 1355 77 35 Für
2574 1354 72 37 100
2676 1355 231 47 Mitglieder,
2937 1355 23 37 ä
2987 1355 75 38 300
3090 1357 56 35 Fl.
3179 1357 133 47 gerech-

1806 1419 74 41 net,
1910 1416 84 35 sind
2022 1413 139 47 30,000
2189 1416 58 35 Fl.
2278 1415 259 36 erforderlich.

1884 1517 85 34 Den
2010 1515 480 37 Sinfonie-Concurs
2528 1515 218 46 betreffend,
2796 1515 163 37 welcher
2995 1528 72 24 von
3097 1517 66 37 der
3190 1518 124 36 Gesell-

1806 1576 127 37 schaft
1961 1576 64 35 der
2053 1576 292 35 Musikfreunde
2373 1577 37 34 in
2438 1576 111 35 Wien
2587 1576 158 35 eröffnet
2773 1576 140 46 wurde,
2960 1578 151 36 erlaubt
3153 1579 80 36 sich
3276 1579 59 36 die

1804 1639 206 45 gefertigte
2037 1637 195 35 Direction
2274 1636 70 35 den
2383 1637 42 34 P.
2456 1637 43 36 T.
2528 1637 144 35 Herren
2714 1639 243 45 Tonsetzern,
3004 1638 142 36 welche
3191 1639 140 36 Werke

1805 1698 222 47 eingesandt
2054 1697 137 45 haben,
2220 1696 213 47 Folgendes
2462 1709 68 22 zur
2557 1697 210 47 gefälligen
2794 1699 209 35 Kenntniss
3033 1710 48 23 zu
3109 1699 181 47 bringen:

1882 1757 44 37 In
1953 1757 119 47 Folge
2112 1757 66 35 der
2215 1757 87 35 sehr
2338 1757 260 35 bedeutenden
2628 1758 148 35 Anzahl
2805 1758 65 36 der
2897 1759 268 45 eingesandten
3195 1761 140 36 Werke

1805 1819 108 46 (über
1941 1818 175 47 dreissig)
2159 1819 51 34 ist
2236 1829 39 24 es
2309 1816 69 35 den
2408 1817 181 46 geehrten
2617 1818 146 35 Herren
2791 1819 283 36 Preisrichtern
3097 1820 106 35 nicht
3230 1832 78 34 mog-

1804 1879 76 35 lioh
1909 1891 188 34 gewesen,
2142 1879 81 35 eine
2265 1877 234 46 eingehende
2537 1878 76 34 und
2652 1879 294 45 gewissenhafte
2973 1880 176 46 Prüfung
3188 1880 38 35 in
3270 1880 65 36 der

1804 1944 320 43 vorausgesezten
2167 1940 143 35 kurzen
2352 1939 83 34 Zeit
2473 1938 293 39 vorzunehmen.
2817 1939 73 35 Die
2923 1940 215 35 Sinfonieen
3178 1940 156 36 wurden

1806 2002 119 34 daher
1952 2012 68 24 vor
2046 2001 164 34 Kurzem
2239 2002 77 32 erst
2344 2010 85 24 vom
2468 1997 137 37 dritten
2634 1999 251 36 Preisrichter
2925 2001 191 35 remittirt.
3170 2001 59 35 Da
3257 2001 58 35 die-

1806 2062 128 36 selben
1962 2073 77 24 nun
2067 2060 98 37 noch
2193 2072 47 23 an
2269 2059 62 35 die
2359 2060 91 34 zwei
2480 2059 164 36 anderen
2673 2060 181 35 versandt
2880 2061 150 35 werden
3067 2062 153 35 müssen
3255 2061 79 36 und

1807 2122 58 35 die
1891 2122 216 35 Jahreszeit
2135 2121 116 34 schon
2279 2119 214 36 bedeutend
2523 2121 231 44 vorgerückt
2779 2121 64 46 ist,
2889 2132 41 24 so
2972 2121 92 35 wird
3102 2121 59 35 die
3201 2121 114 35 öffent-

1804 2182 101 35 liche
1933 2181 246 45 Aufführung
2221 2180 64 35 der
2327 2180 56 35 als
2424 2180 138 35 relativ
2604 2180 131 35 besten
2775 2180 258 36 anerkannten
3062 2182 169 35 Sinfonie
3258 2185 78 32 erst

1804 2243 172 44 Anfangs
2005 2242 65 34 der
2095 2241 186 34 nächsten
2309 2239 329 45 Concert-Saison,
2679 2241 51 34 im
2767 2241 260 45 Spätherbste,
3068 2242 100 35 Statt
3208 2242 126 35 finden

1806 2302 164 34 können.

1886 2361 121 47 Wien,
2038 2372 57 23 am
2126 2358 57 38 19.
2213 2359 107 36 März
2352 2357 110 40 1862.

2074 2425 80 33 Die
2182 2425 216 32 Direction
2425 2426 75 32 der
2527 2427 286 31 Gesellschaft
2841 2427 73 31 der
2942 2427 315 34 Musikfreunde

2245 2477 74 32 des
2348 2478 379 33 österreichischen
2754 2479 335 32 Kaiserstaates.

1923 4042 360 36 Verantwortlicher
2309 4042 287 47 Herausgeber:
2626 4043 100 35 Prof.
2759 4042 35 34 L
2798 4068 11 12 ♦
2839 4042 174 47 Bischoff
3035 4045 41 33 in
3103 4043 115 38 Köln.

1881 4093 197 48 Verleger:
2109 4094 54 35 M.
2193 4093 427 48 DuMont-Schauberj'
2627 4094 89 35 sehe
2743 4094 304 48 Buchhandlung
3076 4096 40 34 in
3144 4095 116 37 Köln.

1840 4146 190 36 Drucker:
2061 4145 55 37 M.
2146 4144 417 49 DuMont-Schauberg
2591 4147 38 34 in
2657 4144 114 47 Köln,
2810 4147 242 37 Breitstrasse
3081 4146 49 39 76
3156 4160 35 24 u.
3223 4146 64 40 78*

1907 2836 61 36 Im
2022 2836 160 47 Verlage
2222 2848 75 24 von
2338 2834 124 38 Brei
2474 2841 14 30 t
2498 2836 122 46 köpf
2649 2836 34 36 &
2711 2836 187 38 Härtel
2935 2838 42 37 in
3022 2838 154 50 Leipzig
3203 2840 49 36 ist
3296 2853 41 24 so

1805 2888 90 36 eben
1924 2887 219 37 erschienen
2170 2888 82 35 und
2279 2887 124 36 durch
2431 2888 75 35 alle
2533 2888 141 45 Buch-,
2704 2888 144 37 Kunst-
2875 2890 84 37 und
2978 2890 357 38 Musicalienhand-

1804 2941 141 46 lungen
1973 2952 47 23 t:u
2047 2939 197 37 beziehen:

2365 3004 400 51 Portrait

2523 3099 76 24 von

1982 3146 200 50 Fell*
2213 3147 497 51 Mendelssohn
2743 3149 404 62 Bartholdy.

1976 3208 777 20 •."-*',
2073 3208 97 20 4
2764 3208 2 21 '
3046 3208 4 21 .
3058 3208 4 21 f
3274 3208 1 21 ■
3285 3219 5 7 ».
3299 3208 3 21 ,
3314 3208 3 21 ;

1803 3229 104 37 Nach
1937 3229 83 37 dem
2051 3230 183 36 Gemälde
2262 3243 74 24 von
2366 3231 74 36 Bd.
2466 3232 170 46 Magnus
2639 3259 7 17 ,
2674 3231 274 48 lithographirt
2975 3244 77 24 von
3084 3234 34 35 G
3120 3259 8 10 .
3161 3233 175 36 Feckert.

1893 3290 117 35 Gross
2039 3290 118 35 Folio.
2189 3292 104 33 Preis
2323 3288 22 39 3
2375 3291 127 44 Thlr.;
2533 3303 66 24 vor
2627 3291 65 36 der
2719 3292 141 35 Schrift
2890 3291 21 37 5
2940 3292 105 36 Thlr.
3076 3290 48 39 20
3152 3294 90 46 Ngr.

1907 3396 77 35 Ein
2008 3395 111 36 Blatt
2145 3406 75 25 von
2248 3395 299 37 künstlerischer
2585 3396 250 49 Vollendung,
2879 3398 153 37 zoelches
3064 3398 61 36 die
3151 3398 188 37 Freunde

1804 3447 83 36 und
1924 3447 191 36 Verehrer
2144 3447 390 36 Mendelssohns
2568 3449 42 35 in
2638 3449 132 36 hohem
2801 3450 132 35 Grade
2963 3449 237 48 befriedigen
3229 3450 108 38 wird.

1906 3536 51 36 In
1985 3537 102 35 allen
2116 3537 126 35 Buch-
2271 3537 83 35 und
2382 3537 487 50 Musicallenhandlungen
2898 3538 49 37 ist
2971 3551 47 24 zu
3045 3539 145 37 haben:

1807 3596 218 37 Schmidt
2035 3624 7 18 j
2073 3598 56 35 M.
2159 3599 67 42 IL,
2260 3599 152 46 Gesang
2439 3599 83 36 und
2555 3600 113 45 Oper,
2698 3602 23 32 2
2762 3600 110 47 Heft.
2902 3600 253 48 Magdeburg,
3186 3600 48 36 II
3238 3601 99 37 ein-

2117 3648 310 47 richshofen.
2485 3653 49 33 12
2564 3650 87 48 Sgr.

1911 3736 83 36 Alle
2021 3736 43 36 in
2092 3736 125 36 dieser
2245 3737 311 49 Musik-Zeitung
2584 3739 282 45 besprochenen
2906 3739 84 35 und
3025 3741 313 47 angekündigten

1807 3787 230 37 Musicalien
2066 3794 65 30 etc.
2168 3788 90 36 sind
2291 3801 48 23 zu
2377 3790 174 36 erhalten
2579 3791 42 35 in
2647 3791 70 35 der
2744 3796 87 30 stets
2858 3791 230 48 vollständig
3113 3793 225 35 assortirten

1806 3839 468 48 Musicalien-Handlung
2301 3841 83 36 und
2400 3841 247 37 Leihanstalt
2673 3854 76 24 von
2769 3841 315 38 BERNHARD
3104 3842 235 37 BREUER

1805 3892 42 35 in
1874 3892 116 44 Köln,
2026 3904 130 35 grosse
2183 3892 249 47 Budengasse
2462 3894 73 35 Nr.
2566 3897 35 42 1,
2645 3906 40 23 so
2729 3893 68 36 wie
2838 3893 58 36 bei
2936 3895 37 34 J.
3006 3895 83 35 FR.
3130 3894 208 44 WEBER,

1808 3944 330 46 Appellhofsplatz
2168 3944 75 37 Nr.
2271 3946 62 34 22.
