3482 4412
1708 147 103 48 100

214 315 86 32 nur
329 297 191 53 Sachen,
567 296 40 47 in
651 294 143 47 denen
840 292 306 49 musicalische
1183 289 250 50 Gedanken
1474 287 110 49 sind.
1641 288 79 47 Als

215 373 260 64 Componist
506 371 75 48 bat
609 386 49 32 er
687 369 97 47 hier
813 369 70 47 die
915 369 142 49 Gunst
1087 367 80 47 der
1197 364 355 50 bedeutendsten
1584 363 108 47 Stim-

215 467 100 31 men
346 449 78 47 der
454 447 144 48 Kritik
629 447 254 48 erworben.
913 447 65 47 Er
1005 444 155 65 spielte
1189 443 79 48 das

211 524 133 66 niqiie
372 523 91 50 und
489 523 289 48 Variationen
803 523 77 47 mit
903 522 245 48 Orchester
1171 519 42 49 in
1237 519 169 49 seinem
1429 526 147 39 ersten
1603 517 88 47 Con-

212 609 120 41 certe
361 602 57 46 im
450 601 272 47 Herz'schen
752 599 147 55 Saale,
929 598 57 47 im
1016 597 187 48 zweiten
1236 595 70 49 bei
1338 593 146 49 Erard
1515 594 69 46 ein
1614 594 25 46 1
1658 593 63 47 rio

211 678 43 48 in
358 675 158 60 G-moll,
517 675 271 49 Variationen
809 681 177 41 ernsten
1009 673 103 48 Stils
1141 672 91 48 und
1264 672 70 48 ein
1364 686 111 49 paar
1498 670 196 47 Bravour-

211 754 180 56 stücke;
432 753 192 48 eröffnet
665 750 156 49 wurde
861 767 45 32 es
949 749 142 48 durch
1133 749 70 48 ein
1246 748 390 57 Violin-Quartett
1679 745 42 47 in

211 829 200 60 Es-dur,
454 828 213 48 ebenfalls
708 844 82 31 von
837 828 146 47 seiner
1026 825 326 65 Composition,
1407 823 194 47 welches
1642 820 80 49 der

215 905 408 60 Quartett-Verein
653 902 286 66 Armingaud
982 902 91 49 und
1104 903 229 47 Genossen
1362 899 104 50 sehr
1505 905 82 59 gut
1621 913 75 33 aus-

212 984 201 47 führten.
468 982 99 48 Alle
615 980 119 50 diese
764 980 218 50 Arbeiten
1033 978 288 51 bekundeten
1352 978 71 48 ein
1452 976 272 64 gediegenes

212 1059 183 50 Wissen
435 1058 89 48 und
562 1058 97 48 eine
700 1056 229 50 blühende
958 1055 241 50 Phantasie
1242 1053 92 49 und
1363 1053 163 48 fanden
1556 1051 138 49 durch-

1458 1113 9 13 i

210 1150 101 50 weg
339 1135 98 47 eine
468 1134 244 65 glänzende
739 1133 272 49 Aufnahme.
1066 1133 58 47 H.
1157 1130 172 48 Berlioz
1372 1129 105 48 fasst
1513 1129 93 47 sein
1637 1128 57 48 Ur-

209 1213 108 48 theil
346 1211 43 49 in
419 1211 237 65 folgenden
685 1213 193 47 Worten
902 1225 282 33 zusammen:
1223 1208 106 55 „Als
1354 1206 264 65 Componist
1646 1205 78 48 hat

210 1290 180 64 August
417 1289 188 62 Dupont
642 1286 237 65 Anspruch
924 1286 81 47 auf
1040 1284 70 49 die
1155 1284 185 48 höchste
1378 1281 343 65 Anerkennung

210 1365 81 48 der
318 1365 198 47 Kenner.
572 1364 103 48 Sein
705 1364 80 47 Stil
816 1364 53 47 ist
899 1363 163 63 kräftig
1093 1360 90 50 und
1214 1360 238 65 gedrängt,
1481 1357 71 50 die
1583 1359 138 47 Form

210 1443 76 47 hat
315 1441 229 65 prächtige
574 1441 146 55 Fülle,
761 1441 119 47 seine
913 1439 248 49 Harmonie
1202 1439 52 47 ist
1292 1437 98 49 klar
1432 1436 89 48 und
1562 1436 133 64 klang-

207 1517 99 58 \oll,
336 1517 120 49 seine
479 1516 194 50 Melodie
695 1524 105 40 stets
831 1516 110 48 edel.
974 1517 63 47 Er
1066 1514 328 49 instrumentirt
1421 1511 300 57 vortrefflich,

207 1595 219 48 vielleicht
456 1595 95 47 hier
579 1595 92 47 und
701 1594 58 49 da
788 1595 78 47 mit
894 1611 51 31 zu
976 1594 155 48 vielem
1157 1592 151 49 Blech.
1339 1592 94 47 Das
1461 1590 232 66 symphoni-

206 1671 104 48 sche
355 1671 193 48 Concert
597 1670 90 48 und
736 1670 71 49 die
858 1670 292 49 Variationen
1199 1669 79 47 mit
1326 1666 250 50 Orchester
1623 1665 97 49 sind

207 1749 178 49 Werke
413 1765 84 32 von
526 1765 198 48 grossem
760 1749 217 56 Werthe;
1019 1747 61 49 sie
1112 1745 148 49 haben
1291 1745 129 48 einen
1451 1744 270 66 gewaltigen

206 1825 231 48 Eindruck
469 1826 81 47 auf
573 1826 116 47 mich
720 1825 224 65 gemacht.
974 1825 201 49 Warum
1207 1824 80 47 soll
1315 1822 70 49 ich
1416 1838 46 33 es
1490 1821 122 48 nicht
1641 1821 80 48 frei

207 1902 167 50 heraus
402 1904 167 63 sagen?
626 1904 59 47 Es
720 1902 97 49 sind
847 1904 148 63 Dinge
1024 1901 147 57 darin,
1214 1898 172 50 welche
1416 1898 70 49 die
1515 1901 205 62 grössten

206 1979 185 48 Meister
423 1980 75 47 für
526 1980 130 48 einen
686 1979 281 64 glücklichen
999 1977 129 50 Fund
1161 1977 151 48 halten
1344 1975 206 58 würden,
1590 1991 134 32 wenn

207 2057 64 47 sie
300 2056 135 48 ihnen
465 2057 222 56 einfielen,
720 2055 480 51 bewundernswerthe
1228 2055 168 64 Dinge,
1425 2052 172 50 welche
1620 2069 104 33 man

210 2149 72 30 um
314 2147 47 33 so
393 2133 128 47 mehr
551 2132 280 50 bewundern
863 2132 128 56 wird,
1028 2132 39 61 je
1096 2131 117 49 öfter
1242 2146 103 33 man
1374 2130 63 48 sie

1478 2206 50 48 B.
1556 2206 50 47 P.

631 2399 96 53 Aus
755 2396 270 55 Frankfurt
1053 2414 78 36 am
1157 2395 143 55 Main.

324 2521 94 47 Der
449 2517 519 67 philharmonische
1000 2516 202 49 Verein
1235 2516 76 48 hat
1341 2514 41 49 in
1411 2514 168 49 seinem
1611 2513 91 48 vier-

207 2607 73 38 ten
314 2597 218 48 Concerte
564 2611 70 32 am
667 2593 85 50 20.
784 2593 41 48 d.
849 2594 99 47 Mts.
979 2593 131 48 einen
1140 2610 46 31 so
1217 2591 301 49 erfreulichen
1547 2591 177 48 Beweis

209 2674 120 49 eines
358 2672 294 49 endlichen
684 2671 316 48 Fortschrittes
1028 2669 223 66 gegeben,
1282 2668 100 50 dass
1411 2667 115 51 auch
1557 2668 44 48 in
1630 2666 69 50 die-

207 2768 79 32 sen
318 2752 197 47 Blättern
545 2748 144 52 davon
715 2748 129 48 Notiz
874 2765 273 48 genommen
1176 2746 186 50 werden
1391 2747 94 48 soll.
1536 2747 61 47 Es
1628 2761 96 33 war

207 2829 164 49 einmal
414 2828 98 47 eine
554 2843 84 32 von
676 2827 218 47 Männern
939 2826 298 63 ausgeführte
1267 2823 455 65 Concert-Leistung,

205 2904 129 50 keine
364 2903 478 65 Semestrai-Prüfung
873 2902 122 49 einer
1023 2902 321 56 Musikschule,
1374 2901 86 48 wie
1487 2907 124 42 sonst
1639 2899 55 49 im-

204 2998 96 32 mer
328 3000 51 30 zu
411 2982 140 48 hören
582 2996 225 49 gewesen.
861 2979 94 49 Seit
983 2981 143 47 vollen
1156 2978 185 66 dreissig
1369 2977 172 49 Jahren
1573 2977 124 48 beste-

202 3058 137 56 hend,
383 3058 163 48 befand
583 3058 90 47 sich
720 3057 146 48 dieser
907 3057 165 48 Verein
1114 3057 43 47 in
1195 3055 143 65 Folge
1380 3053 344 49 verschiedener

204 3135 326 50 Wechselfälle
572 3135 79 47 mit
676 3134 131 48 theils
837 3130 370 69 ungeschickten,
1251 3133 130 48 theils
1409 3132 312 63 nachlässigen

204 3214 269 62 Dirigenten
494 3213 160 48 immer
677 3213 79 48 auf
780 3212 79 48 der
882 3212 127 48 Stufe
1032 3210 318 66 jugendlicher
1374 3208 230 51 Unschuld
1630 3209 91 47 und

205 3289 396 57 Unerfahrenheit,
644 3288 65 49 bis
751 3289 58 48 im
841 3289 197 48 Herbste
1075 3288 143 49 1860
1264 3289 122 47 Herr
1416 3288 58 47 H.
1505 3287 216 48 Henkel

197 3383 102 32 zum
332 3365 282 50 belebenden
644 3365 178 65 Princip
852 3365 190 49 erwählt
1071 3365 201 49 worden.
1327 3365 107 47 Erst
1462 3381 85 31 von
1575 3362 59 49 da
1664 3363 57 48 ab

200 3445 77 49 hat
305 3444 79 50 der
417 3444 162 50 Verein
619 3443 71 49 ein
728 3443 202 48 wirklich
976 3459 136 32 neues
1140 3443 157 48 Leben
1341 3442 258 66 begonnen,
1646 3458 50 31 zu-

198 3522 146 66 gleich
378 3522 69 48 die
477 3522 105 48 licht
618 3519 307 66 gewordenen
955 3520 174 49 Reihen
1165 3520 146 49 seiner
1340 3518 259 67 Mitglieder
1644 3519 78 48 mit

197 3599 196 48 frischen
417 3599 187 48 Kräften
626 3598 263 66 ausgefüllt,
921 3596 219 50 demnach
1173 3613 47 33 er
1242 3598 84 48 wie
1353 3613 86 33 neu
1465 3595 257 66 gegründet

197 3676 239 50 erscheint.
493 3675 213 50 Henkel's
743 3675 140 48 Fleiss
927 3674 91 48 und
1056 3675 440 48 Directions-Talent
1537 3673 184 49 werden

197 3754 70 48 die
297 3755 150 64 Dinge
475 3770 54 31 zu
560 3753 126 49 Aller
714 3753 177 48 Nutzen
926 3751 92 49 und
1048 3753 249 47 Frommen
1327 3753 157 48 weiter
1514 3750 207 57 fördern,

201 3838 128 43 unter
358 3831 82 49 der
469 3830 121 50 wohl
630 3848 52 30 zu
728 3829 310 49 beachtenden
1067 3828 433 66 Nebenbedingung
1536 3828 185 66 jedoch,

200 3923 132 33 wenn
362 3925 103 32 man
494 3908 183 58 ablässt,
717 3908 115 48 nach
864 3909 84 47 Art
983 3923 154 33 armer
1166 3906 145 49 Leute
1354 3922 81 33 aus
1475 3906 80 49 der
1584 3905 136 50 Hand

198 3984 44 47 in
272 3983 85 49 den
386 3985 140 50 Mund
557 4003 50 30 zu
638 3984 146 49 leben.
839 3985 156 48 Wenn
1037 3984 91 49 sich
1160 3984 99 48 eine
1292 3983 312 58 Gesellschaft,
1640 3999 80 33 aus

198 4060 277 51 Dilettanten
506 4061 261 61 bestehend,
797 4060 122 50 nicht
946 4060 143 50 durch
1122 4060 209 67 Beiträge
1362 4059 81 51 der
1466 4060 254 65 Mitglieder

1793 285 70 47 die
1894 285 208 47 Existenz
2145 282 271 66 wenigstens
2453 297 47 33 so
2540 282 134 64 lange
2701 300 53 29 zu
2783 282 176 48 sichern
3002 297 202 49 vermag,
3248 282 66 48 bis

1792 361 61 48 sie
1877 360 85 48 den
1986 358 274 50 Schulstaub
2284 376 83 31 von
2397 358 85 49 den
2506 358 213 47 Schuhen
2750 360 285 62 geschüttelt,
3061 358 77 47 mit
3162 358 147 49 einem

1792 437 220 64 gewissen
2044 435 153 49 Grade
2234 435 349 49 künstlerischer
2614 433 289 66 Ausbildung
2939 451 80 32 vor
3048 433 79 49 das
3157 433 130 49 Publi-

1793 530 102 30 cum
1924 530 52 30 zu
2007 520 145 40 treten
2181 512 58 47 im
2271 511 170 49 Stande
2469 511 83 54 ist;
2582 527 131 32 wenn
2736 511 91 47 sich
2853 512 71 47 ein
2947 511 175 48 solcher
3147 509 165 50 Verein

1795 588 351 50 ausschliesslich
2177 588 79 47 mit
2285 587 249 65 Einübung
2563 603 84 31 von
2682 587 205 48 Werken
2919 586 284 64 beschäftigt,
3244 586 71 48 die

1793 666 138 48 schon
1961 664 81 50 auf
2066 663 101 50 dem
2199 664 213 49 nächsten
2445 664 493 64 Concert-Programm
2980 663 217 64 figuriren
3227 663 66 48 sol-

1796 744 86 54 len,
1927 742 80 48 der
2036 741 110 48 wird
2190 741 138 48 selbst
2367 742 80 47 mit
2482 739 100 50 dem
2615 739 155 50 besten
2799 741 270 64 Dirigenten
3098 757 86 31 nur
3212 739 104 49 sehr

1793 819 190 65 geringe
2012 817 297 49 Fortschritte
2338 817 206 49 machen.
2587 818 61 47 Es
2679 833 119 32 muss
2827 817 81 48 viel
2939 816 91 48 und
3062 816 147 48 Vieles
3239 832 52 48 ge-

1795 896 133 55 lernt,
1962 892 314 51 überwunden
2307 893 111 56 sein,
2442 910 158 31 wovon
2630 910 87 30 nur
2746 893 70 48 ein
2840 893 128 48 Theil
3000 908 77 32 vor
3108 892 72 48 die
3203 892 85 48 Oef-

1796 971 276 49 fentlichkeit
2113 969 223 66 gebracht
2378 969 184 48 werden
2606 969 134 48 kann.
2794 971 62 45 Ist
2892 986 46 31 es
2973 968 117 49 doch
3128 968 71 49 bei
3230 968 86 49 den

1797 1048 186 50 meisten
2014 1047 333 48 menschlichen
2376 1045 346 65 Bestrebungen
2752 1044 207 50 derselbe
2989 1047 113 47 Fall.

1912 1125 95 47 Der
2030 1123 166 49 Verein
2221 1123 124 49 hatte
2366 1123 78 48 für
2465 1123 143 48 dieses
2633 1123 193 48 Concert
2849 1122 85 49 den
2957 1138 186 50 grossen
3169 1137 147 33 neuen

1795 1202 104 49 Saal
1929 1200 198 65 gewählt
2163 1200 91 49 und
2296 1200 87 49 den
2414 1199 274 50 berühmten
2718 1200 174 65 Sänger
2922 1199 166 50 Stock
3105 1199 211 48 hausen

1795 1296 78 31 zur
1904 1277 296 63 Mitwirkung
2240 1277 281 64 eingeladen.
2577 1278 72 47 An
2685 1275 512 50 Instrumentalwerken
3240 1275 52 47 ka-

1797 1372 101 32 men
1928 1372 78 30 zur
2033 1354 328 65 Aufführung:
2393 1353 295 48 Beethoven's
2717 1354 263 48 Ouvertüre
3006 1369 52 31 zu
3089 1352 86 48 den
3204 1353 84 47 Rui-

1796 1449 86 32 nen
1906 1449 84 31 von
2014 1432 169 54 Athen,
2206 1430 71 49 die
2300 1430 200 49 Sinfonie
2522 1430 42 47 in
2797 1432 90 63 Op.
2912 1429 89 56 83,
3029 1445 84 32 von
3137 1428 182 64 Haydn,

1795 1510 260 49 Ouvertüre
2102 1525 51 31 zu
2193 1509 102 65 Ruy
2341 1508 103 47 Blas
2484 1523 83 32 von
2611 1506 319 49 Mendelssohn
2975 1505 90 50 und
3108 1506 211 47 Mozart's

1796 1585 497 59 Pianoforte-Quintett
2323 1585 80 47 mit
2425 1585 478 48 Blas-Instrumenten.
2936 1584 141 48 Unter
3107 1583 86 48 den
3222 1581 97 50 drei

1795 1663 435 49 Orchesterwerken
2253 1661 202 49 verdient
2486 1661 71 49 die
2581 1661 305 65 Ausführung
2910 1660 80 48 der
3013 1660 202 48 Sinfonie
3239 1660 78 48 das

1795 1741 157 49 meiste
1974 1740 117 56 Lob,
2122 1740 99 47 weil
2246 1739 71 48 die
2341 1738 212 66 Aufgabe
2578 1739 191 60 hierbei,
2798 1739 71 48 die
2898 1738 202 48 Partitur
3128 1738 43 48 in
3202 1738 118 48 allen

1795 1819 219 47 Stimmen
2041 1818 79 48 mit
2143 1824 274 58 gespannter
2437 1815 419 50 Aufmerksamkeit
2882 1832 53 31 zu
2964 1814 248 65 verfolgen,
3244 1830 76 32 um

1795 1894 78 49 das
1904 1893 279 49 wunderbar
2221 1893 456 64 zusammengefügte
2707 1891 215 50 Getriebe
2959 1891 118 49 auch
3108 1891 81 49 mit
3216 1889 104 51 dem

1796 1971 217 50 kleinsten
2056 1979 120 41 etwa
2218 1970 269 50 verrückten
2524 1969 326 49 Zeittheilchen
2893 1967 123 50 nicht
3055 1985 53 31 zu
3151 1971 170 52 stören,

1796 2067 83 31 von
1910 2050 117 48 allen
2056 2049 206 66 Spielern
2290 2047 281 49 vortrefflich
2595 2047 159 65 gelös't
2775 2045 174 51 wurde.
2980 2046 86 48 Ein
3090 2045 229 49 Aufwand

1795 2143 85 31 von
1909 2125 287 49 technischen
2223 2124 404 64 Schwierigkeiten
2657 2124 55 48 ist
2742 2124 144 48 hierin
2915 2122 123 49 nicht
3066 2139 53 32 zu
3150 2121 171 57 finden,

1796 2202 124 50 desto
1951 2206 182 61 grösser
2159 2202 55 47 ist
2243 2201 71 48 die
2337 2202 189 47 Summe
2555 2218 84 31 von
2671 2200 146 49 feinen
2840 2201 159 64 Zügen
3023 2199 297 55 besonderer,

1797 2279 64 49 oft
1884 2276 392 51 überraschender
2299 2277 100 56 Art,
2423 2277 85 49 wie
2530 2276 152 50 solche
2705 2294 88 30 nur
2817 2276 140 48 Vater
2982 2275 164 66 Haydn
3169 2276 129 64 eigen-

1799 2356 218 48 tümlich
2047 2355 112 49 sind.
2190 2355 61 57 0,
2280 2355 142 48 welch
2454 2355 129 48 einen
2608 2355 161 48 Schatz
2794 2354 349 48 künstlerischer
3169 2352 122 50 Weis-

1800 2432 90 49 heit
1936 2432 119 65 birgt
2097 2431 124 50 nicht
2262 2430 121 49 diese
2412 2430 223 49 Sinfonie!
2686 2431 88 47 Die
2803 2431 212 64 Tempo's
3057 2430 111 48 aller
3194 2430 130 48 Sätze

1797 2511 300 65 entsprachen
2126 2508 103 49 dem
2261 2508 148 50 Inhalt
2437 2508 98 49 aufs
2566 2507 141 59 beste,
2736 2507 145 50 daher
2907 2524 84 33 von
3022 2506 101 49 dem
3154 2507 44 48 in
3227 2506 72 49 die-

1795 2605 92 32 sem
1919 2587 135 50 Saale
2080 2604 50 31 so
2160 2586 155 65 häufig
2357 2585 389 50 vorkommenden
2775 2586 131 48 Eilen
2947 2585 77 48 des
3055 2585 269 49 Orchesters

1797 2665 142 48 nichts
1967 2681 52 32 zu
2051 2662 188 51 merken
2268 2679 226 49 gewesen.

1910 2743 97 49 Das
2049 2741 211 58 Quintett
2301 2756 84 33 von
2427 2741 192 56 Mozart,
2674 2738 124 50 nicht
2848 2737 176 50 minder
3066 2738 70 50 ein
3180 2737 143 50 Stück

1795 2820 118 64 ewig
1942 2818 235 66 geltender
2207 2817 247 57 Weisheit,
2486 2817 85 48 wie
2600 2816 72 49 die
2700 2816 219 54 Sinfonie,
2949 2832 97 33 war
3076 2816 97 48 hier
3201 2816 123 48 nicht

1796 2914 71 33 am
1910 2897 165 48 Platze.
2129 2895 195 49 Solchen
2366 2893 325 66 Schöpfungen
2737 2893 203 50 beweis't
2982 2892 81 50 der
3104 2893 219 49 Künstler

1795 2991 87 32 nur
1910 2972 205 51 dadurch
2146 2972 72 48 die
2246 2971 235 66 schuldige
2511 2971 265 58 Ehrfurcht,
2815 2987 130 33 wenn
2976 2987 49 31 er
3053 2971 63 48 sie
3145 2971 42 48 in
3218 2969 102 49 dem

1797 3051 248 67 passenden
2077 3052 180 47 Baume
2284 3066 80 32 zur
2392 3049 308 63 Ausführung
2731 3048 165 65 bringt.
2929 3048 117 48 Was
3074 3047 80 49 soll
3184 3047 112 48 über-

1797 3130 141 64 haupt
1979 3126 375 50 Kammermusik
2397 3127 43 47 in
2483 3126 169 49 diesem
2696 3142 187 48 grossen
2926 3126 167 48 Saale?
3147 3124 177 50 Zudem

1795 3207 152 66 eignet
1973 3206 92 48 sich
2097 3204 116 50 auch
2238 3206 154 48 Herrn
2417 3203 217 50 Henkel's
2663 3203 280 66 Spielweise,
2972 3203 71 48 die
3074 3202 119 48 wohl
3223 3218 76 33 cor-

1796 3291 94 42 rect
1919 3283 92 50 und
2040 3282 169 49 sauber
2237 3282 71 57 ist,
2351 3281 113 50 aber
2492 3281 77 49 des
2608 3281 222 64 kräftigen
2862 3281 193 49 Colorits
3086 3279 90 49 und
3207 3278 118 51 eben

1796 3362 178 48 solcher
2003 3362 199 48 Accente
2232 3361 271 63 ermangelt,
2548 3358 123 50 nicht
2717 3359 76 47 für
2831 3375 156 48 grosse
3018 3359 193 47 Bäume.
3267 3357 62 49 Es

1796 3456 96 32 war
1928 3438 224 50 demnach
2193 3436 370 57 unvermeidlich,
2606 3436 102 48 dass
2738 3436 79 49 das
2848 3437 477 65 Haupt-Instrument,

1795 3517 146 48 zumal
1971 3516 118 49 noch
2119 3514 342 64 schwachtönig
2501 3531 56 32 an
2587 3513 111 57 sich,
2741 3530 147 49 gegen
2917 3513 72 48 die
3019 3513 277 48 Blasinstru-

1796 3601 150 42 mente
1974 3593 65 50 oft
2068 3593 43 47 in
2139 3591 242 50 Nachtheil
2413 3591 181 49 bleiben
2625 3598 183 41 musste.

1909 3672 123 48 Herr
2078 3669 399 50 Stockhausen
2521 3669 126 49 hatte
2688 3686 101 30 zum
2831 3667 227 66 Vortrage
3102 3667 223 64 gewählt:

1795 3748 245 50 Sacchini's
2069 3748 111 48 Arie
2221 3763 82 33 aus
2656 3747 43 48 in
2745 3744 324 51 französischer
3105 3744 221 67 Sprache,

1793 3825 215 49 Bossini's
2039 3824 328 50 Barbier-Arie
2395 3825 44 47 in
2469 3823 304 49 italiänischer
2801 3822 203 66 Sprache
3033 3822 93 49 und
3166 3823 136 56 »Krie-

1795 3905 119 64 ger's
2214 3900 93 51 und
2713 3916 81 33 aus
2834 3899 266 50 Schubert's
3137 3899 160 50 Schwa-

1796 3996 281 50 nengesang,
2098 3979 148 50 denen
2271 3994 51 33 er
2342 3978 118 49 noch
2494 3978 257 65 „Sonntags
2774 3993 72 33 am
3075 3993 85 33 von
3180 3977 119 48 Schu-

1799 4074 137 33 mann
1967 4055 299 69 beigegeben.
2324 4057 60 48 Es
2413 4055 198 50 versteht
2639 4054 93 50 sich
2764 4054 119 51 wohl
2914 4071 83 34 von
3034 4053 154 61 selbst,
3227 4053 102 52 dass
