<?xml version="1.0" encoding="UTF-8"?>
<alto xmlns:xsi="http://www.w3.org/2001/XMLSchema-instance" xmlns="http://www.loc.gov/standards/alto/ns-v2#" xsi:schemaLocation="http://www.loc.gov/standards/alto/ns-v2# http://www.loc.gov/standards/alto/alto-v2.0.xsd" xmlns:xlink="http://www.w3.org/1999/xlink">
	<Description>
		<MeasurementUnit>mm10</MeasurementUnit>
		<sourceImageInformation>
			<fileName>//fileserver7/IN2/Princeton/Batch5/bmtnabi/1862/03/29_01/00000116.tif</fileName>
		</sourceImageInformation>
		<OCRProcessing ID="OCRPROCESSING_1">
			<preProcessingStep>
				<processingSoftware>
					<softwareCreator>CCS Content Conversion Specialists GmbH, Germany</softwareCreator>
					<softwareName>CCS docWORKS</softwareName>
					<softwareVersion>6.6-1.18</softwareVersion>
				</processingSoftware>
			</preProcessingStep>
			<ocrProcessingStep>
				<processingSoftware>
					<softwareCreator>ABBYY (BIT Software), Russia</softwareCreator>
					<softwareName>FineReader</softwareName>
					<softwareVersion>10.0</softwareVersion>
				</processingSoftware>
			</ocrProcessingStep>
		</OCRProcessing>
	</Description>
	<Styles>
		<TextStyle ID="TXT_0" FONTSIZE="20" FONTFAMILY="Times New Roman"/>
		<TextStyle ID="TXT_1" FONTSIZE="15" FONTFAMILY="Times New Roman"/>
		<TextStyle ID="TXT_2" FONTSIZE="17" FONTFAMILY="Times New Roman" FONTSTYLE="italics"/>
		<TextStyle ID="TXT_3" FONTSIZE="20" FONTFAMILY="Times New Roman" FONTSTYLE="italics"/>
		<TextStyle ID="TXT_4" FONTSIZE="17" FONTFAMILY="Times New Roman" FONTSTYLE="bold"/>
		<ParagraphStyle ID="PAR_CENTER" ALIGN="Center"/>
		<ParagraphStyle ID="PAR_LEFT" ALIGN="Left"/>
		<ParagraphStyle ID="PAR_RIGHT" ALIGN="Right"/>
	</Styles>
	<Layout>
		<Page ID="P6" PHYSICAL_IMG_NR="6" HEIGHT="4412" WIDTH="3482" PRINTED_IMG_NR="102" PC="0.933">
			<TopMargin ID="P6_TM00001" HPOS="0" VPOS="0" WIDTH="3482" HEIGHT="177">
				<TextBlock ID="P6_TB00001" HPOS="1701" VPOS="126" WIDTH="102" HEIGHT="49" STYLEREFS="TXT_0 PAR_CENTER">
					<TextLine ID="P6_TL00001" HPOS="1701" VPOS="126" WIDTH="102" HEIGHT="49">
						<String ID="P6_ST00001" HPOS="1701" VPOS="126" WIDTH="102" HEIGHT="49" CONTENT="102" WC="0.44" CC="358"/>
					</TextLine>
				</TextBlock>
			</TopMargin>
			<LeftMargin ID="P6_LM00001" HPOS="0" VPOS="177" WIDTH="197" HEIGHT="3918"/>
			<RightMargin ID="P6_RM00001" HPOS="3313" VPOS="177" WIDTH="169" HEIGHT="3918"/>
			<BottomMargin ID="P6_BM00001" HPOS="0" VPOS="4095" WIDTH="3482" HEIGHT="317"/>
			<PrintSpace ID="P6_PS00001" HPOS="197" VPOS="177" WIDTH="3116" HEIGHT="3935">
				<TextBlock ID="P6_TB00002" HPOS="183" VPOS="262" WIDTH="1548" HEIGHT="3850" STYLEREFS="TXT_1 PAR_LEFT">
					<TextLine ID="P6_TL00002" HPOS="202" VPOS="264" WIDTH="1504" HEIGHT="66">
						<String ID="P6_ST00002" HPOS="202" VPOS="267" WIDTH="247" HEIGHT="52" CONTENT="mcntalion" SUBS_TYPE="HypPart2" SUBS_CONTENT="Instrumcntalion" WC="0.73" CC="248420001"/>
						<SP ID="P6_SP00001" HPOS="449" VPOS="319" WIDTH="29"/>
						<String ID="P6_ST00003" HPOS="478" VPOS="267" WIDTH="141" HEIGHT="48" CONTENT="dieses" WC="0.99" CC="520010"/>
						<SP ID="P6_SP00002" HPOS="619" VPOS="319" WIDTH="28"/>
						<String ID="P6_ST00004" HPOS="647" VPOS="267" WIDTH="150" HEIGHT="47" CONTENT="Satzes" WC="0.97" CC="357622"/>
						<SP ID="P6_SP00003" HPOS="797" VPOS="319" WIDTH="30"/>
						<String ID="P6_ST00005" HPOS="827" VPOS="267" WIDTH="52" HEIGHT="47" CONTENT="ist" WC="0.98" CC="201"/>
						<SP ID="P6_SP00004" HPOS="879" VPOS="319" WIDTH="27"/>
						<String ID="P6_ST00006" HPOS="906" VPOS="264" WIDTH="235" HEIGHT="66" CONTENT="glänzend;" WC="0.98" CC="757162753"/>
						<SP ID="P6_SP00005" HPOS="1141" VPOS="330" WIDTH="40"/>
						<String ID="P6_ST00007" HPOS="1181" VPOS="282" WIDTH="46" HEIGHT="32" CONTENT="es" WC="0.67" CC="33"/>
						<SP ID="P6_SP00006" HPOS="1227" VPOS="330" WIDTH="38"/>
						<String ID="P6_ST00008" HPOS="1265" VPOS="267" WIDTH="70" HEIGHT="56" CONTENT="ist," WC="0.96" CC="0575"/>
						<SP ID="P6_SP00007" HPOS="1335" VPOS="330" WIDTH="39"/>
						<String ID="P6_ST00009" HPOS="1374" VPOS="267" WIDTH="64" HEIGHT="48" CONTENT="als" WC="0.97" CC="501"/>
						<SP ID="P6_SP00008" HPOS="1438" VPOS="330" WIDTH="28"/>
						<String ID="P6_ST00010" HPOS="1466" VPOS="266" WIDTH="107" HEIGHT="48" CONTENT="sähe" WC="0.98" CC="0550"/>
						<SP ID="P6_SP00009" HPOS="1573" VPOS="330" WIDTH="29"/>
						<String ID="P6_ST00011" HPOS="1602" VPOS="281" WIDTH="104" HEIGHT="32" CONTENT="man" WC="1.00" CC="000"/>
					</TextLine>
					<TextLine ID="P6_TL00003" HPOS="200" VPOS="343" WIDTH="1464" HEIGHT="69">
						<String ID="P6_ST00012" HPOS="200" VPOS="348" WIDTH="278" HEIGHT="64" CONTENT="Gepanzerte" WC="0.99" CC="6033760050"/>
						<SP ID="P6_SP00010" HPOS="478" VPOS="412" WIDTH="30"/>
						<String ID="P6_ST00013" HPOS="508" VPOS="346" WIDTH="79" HEIGHT="45" CONTENT="mit" WC="0.96" CC="306"/>
						<SP ID="P6_SP00011" HPOS="587" VPOS="412" WIDTH="29"/>
						<String ID="P6_ST00014" HPOS="616" VPOS="343" WIDTH="134" HEIGHT="47" CONTENT="Helm" WC="0.98" CC="8020"/>
						<SP ID="P6_SP00012" HPOS="750" VPOS="412" WIDTH="31"/>
						<String ID="P6_ST00015" HPOS="781" VPOS="343" WIDTH="91" HEIGHT="48" CONTENT="und" WC="0.97" CC="510"/>
						<SP ID="P6_SP00013" HPOS="872" VPOS="412" WIDTH="22"/>
						<String ID="P6_ST00016" HPOS="894" VPOS="343" WIDTH="150" HEIGHT="48" CONTENT="Schild" WC="0.99" CC="300043"/>
						<SP ID="P6_SP00014" HPOS="1044" VPOS="412" WIDTH="29"/>
						<String ID="P6_ST00017" HPOS="1073" VPOS="360" WIDTH="146" HEIGHT="48" CONTENT="gegen" WC="0.97" CC="95900"/>
						<SP ID="P6_SP00015" HPOS="1219" VPOS="412" WIDTH="31"/>
						<String ID="P6_ST00018" HPOS="1250" VPOS="343" WIDTH="217" HEIGHT="50" CONTENT="einander" WC="1.00" CC="00000303"/>
						<SP ID="P6_SP00016" HPOS="1467" VPOS="412" WIDTH="27"/>
						<String ID="P6_ST00019" HPOS="1494" VPOS="343" WIDTH="170" HEIGHT="48" CONTENT="stehen." WC="0.99" CC="0500060"/>
					</TextLine>
					<TextLine ID="P6_TL00004" HPOS="315" VPOS="419" WIDTH="1390" HEIGHT="56">
						<String ID="P6_ST00020" HPOS="315" VPOS="419" WIDTH="92" HEIGHT="50" CONTENT="Der" WC="0.97" CC="403"/>
						<SP ID="P6_SP00017" HPOS="407" VPOS="469" WIDTH="31"/>
						<String ID="P6_ST00021" HPOS="438" VPOS="421" WIDTH="171" HEIGHT="54" CONTENT="Beifall," WC="0.99" CC="70074043"/>
						<SP ID="P6_SP00018" HPOS="609" VPOS="475" WIDTH="42"/>
						<String ID="P6_ST00022" HPOS="651" VPOS="419" WIDTH="85" HEIGHT="49" CONTENT="den" WC="0.97" CC="026"/>
						<SP ID="P6_SP00019" HPOS="736" VPOS="475" WIDTH="30"/>
						<String ID="P6_ST00023" HPOS="766" VPOS="419" WIDTH="142" HEIGHT="49" CONTENT="dieses" WC="0.99" CC="041060"/>
						<SP ID="P6_SP00020" HPOS="908" VPOS="475" WIDTH="32"/>
						<String ID="P6_ST00024" HPOS="940" VPOS="419" WIDTH="145" HEIGHT="49" CONTENT="Werk" WC="0.99" CC="0002"/>
						<SP ID="P6_SP00021" HPOS="1085" VPOS="475" WIDTH="41"/>
						<String ID="P6_ST00025" HPOS="1126" VPOS="436" WIDTH="184" HEIGHT="32" CONTENT="unseres" WC="0.99" CC="0600500"/>
						<SP ID="P6_SP00022" HPOS="1310" VPOS="475" WIDTH="28"/>
						<String ID="P6_ST00026" HPOS="1338" VPOS="421" WIDTH="236" HEIGHT="47" CONTENT="verehrten" WC="1.00" CC="000001405"/>
						<SP ID="P6_SP00023" HPOS="1574" VPOS="475" WIDTH="32"/>
						<String ID="P6_ST00027" HPOS="1606" VPOS="419" WIDTH="66" HEIGHT="47" CONTENT="Mu" SUBS_TYPE="HypPart1" SUBS_CONTENT="Musik-Directors" WC="0.84" CC="04"/>
						<HYP HPOS="1672" VPOS="419" WIDTH="33" CONTENT="-"/>
					</TextLine>
					<TextLine ID="P6_TL00005" HPOS="198" VPOS="494" WIDTH="1508" HEIGHT="66">
						<String ID="P6_ST00028" HPOS="198" VPOS="497" WIDTH="323" HEIGHT="49" CONTENT="sik-Directors" SUBS_TYPE="HypPart2" SUBS_CONTENT="Musik-Directors" WC="0.69" CC="7014811000850"/>
						<SP ID="P6_SP00024" HPOS="521" VPOS="546" WIDTH="28"/>
						<String ID="P6_ST00029" HPOS="549" VPOS="496" WIDTH="225" HEIGHT="64" CONTENT="gefunden" WC="0.99" CC="03820035"/>
						<SP ID="P6_SP00025" HPOS="774" VPOS="560" WIDTH="31"/>
						<String ID="P6_ST00030" HPOS="805" VPOS="497" WIDTH="92" HEIGHT="54" CONTENT="hat," WC="0.98" CC="0404"/>
						<SP ID="P6_SP00026" HPOS="897" VPOS="560" WIDTH="43"/>
						<String ID="P6_ST00031" HPOS="940" VPOS="512" WIDTH="94" HEIGHT="31" CONTENT="war" WC="0.99" CC="100"/>
						<SP ID="P6_SP00027" HPOS="1034" VPOS="560" WIDTH="41"/>
						<String ID="P6_ST00032" HPOS="1075" VPOS="497" WIDTH="70" HEIGHT="47" CONTENT="ein" WC="0.99" CC="010"/>
						<SP ID="P6_SP00028" HPOS="1145" VPOS="560" WIDTH="40"/>
						<String ID="P6_ST00033" HPOS="1185" VPOS="497" WIDTH="238" HEIGHT="63" CONTENT="allgemein" WC="1.00" CC="062000000"/>
						<SP ID="P6_SP00029" HPOS="1423" VPOS="560" WIDTH="31"/>
						<String ID="P6_ST00034" HPOS="1454" VPOS="494" WIDTH="252" HEIGHT="65" CONTENT="freudiger;" WC="0.99" CC="0465000063"/>
					</TextLine>
					<TextLine ID="P6_TL00006" HPOS="200" VPOS="572" WIDTH="1506" HEIGHT="63">
						<String ID="P6_ST00035" HPOS="200" VPOS="576" WIDTH="78" HEIGHT="47" CONTENT="das" WC="0.97" CC="061"/>
						<SP ID="P6_SP00030" HPOS="278" VPOS="623" WIDTH="41"/>
						<String ID="P6_ST00036" HPOS="319" VPOS="573" WIDTH="182" HEIGHT="47" CONTENT="nächste" WC="0.99" CC="7010030"/>
						<SP ID="P6_SP00031" HPOS="501" VPOS="623" WIDTH="40"/>
						<String ID="P6_ST00037" HPOS="541" VPOS="573" WIDTH="422" HEIGHT="48" CONTENT="Sinfonie-Concert" WC="0.73" CC="0074470002460006"/>
						<SP ID="P6_SP00032" HPOS="963" VPOS="623" WIDTH="41"/>
						<String ID="P6_ST00038" HPOS="1004" VPOS="572" WIDTH="90" HEIGHT="48" CONTENT="und" WC="0.96" CC="470"/>
						<SP ID="P6_SP00033" HPOS="1094" VPOS="623" WIDTH="43"/>
						<String ID="P6_ST00039" HPOS="1137" VPOS="573" WIDTH="169" HEIGHT="48" CONTENT="andere" WC="0.99" CC="660010"/>
						<SP ID="P6_SP00034" HPOS="1306" VPOS="623" WIDTH="40"/>
						<String ID="P6_ST00040" HPOS="1346" VPOS="573" WIDTH="360" HEIGHT="62" CONTENT="Aufführungen" WC="1.00" CC="660000017000"/>
					</TextLine>
					<TextLine ID="P6_TL00007" HPOS="200" VPOS="648" WIDTH="1507" HEIGHT="65">
						<String ID="P6_ST00041" HPOS="200" VPOS="648" WIDTH="184" HEIGHT="50" CONTENT="werden" WC="0.99" CC="400006"/>
						<SP ID="P6_SP00035" HPOS="384" VPOS="698" WIDTH="43"/>
						<String ID="P6_ST00042" HPOS="427" VPOS="649" WIDTH="161" HEIGHT="64" CONTENT="gewiss" WC="0.98" CC="900070"/>
						<SP ID="P6_SP00036" HPOS="588" VPOS="713" WIDTH="41"/>
						<String ID="P6_ST00043" HPOS="629" VPOS="649" WIDTH="110" HEIGHT="47" CONTENT="dazu" WC="0.95" CC="9427"/>
						<SP ID="P6_SP00037" HPOS="739" VPOS="713" WIDTH="42"/>
						<String ID="P6_ST00044" HPOS="781" VPOS="649" WIDTH="251" HEIGHT="62" CONTENT="beitragen," WC="0.99" CC="7016809014"/>
						<SP ID="P6_SP00038" HPOS="1032" VPOS="713" WIDTH="41"/>
						<String ID="P6_ST00045" HPOS="1073" VPOS="648" WIDTH="69" HEIGHT="48" CONTENT="bei" WC="0.98" CC="500"/>
						<SP ID="P6_SP00039" HPOS="1142" VPOS="713" WIDTH="41"/>
						<String ID="P6_ST00046" HPOS="1183" VPOS="666" WIDTH="254" HEIGHT="47" CONTENT="genauerer" WC="1.00" CC="000000405"/>
						<SP ID="P6_SP00040" HPOS="1437" VPOS="713" WIDTH="30"/>
						<String ID="P6_ST00047" HPOS="1467" VPOS="648" WIDTH="240" HEIGHT="48" CONTENT="Kenntniss" WC="0.78" CC="606011030"/>
					</TextLine>
					<TextLine ID="P6_TL00008" HPOS="201" VPOS="723" WIDTH="1143" HEIGHT="67">
						<String ID="P6_ST00048" HPOS="201" VPOS="727" WIDTH="79" HEIGHT="47" CONTENT="das" WC="0.97" CC="900"/>
						<SP ID="P6_SP00041" HPOS="280" VPOS="774" WIDTH="31"/>
						<String ID="P6_ST00049" HPOS="311" VPOS="725" WIDTH="340" HEIGHT="64" CONTENT="Wohlgefallen" WC="0.99" CC="125700000037"/>
						<SP ID="P6_SP00042" HPOS="651" VPOS="789" WIDTH="29"/>
						<String ID="P6_ST00050" HPOS="680" VPOS="741" WIDTH="56" HEIGHT="31" CONTENT="an" WC="1.00" CC="00"/>
						<SP ID="P6_SP00043" HPOS="736" VPOS="789" WIDTH="28"/>
						<String ID="P6_ST00051" HPOS="764" VPOS="723" WIDTH="259" HEIGHT="49" CONTENT="demselben" WC="0.99" CC="003014406"/>
						<SP ID="P6_SP00044" HPOS="1023" VPOS="789" WIDTH="29"/>
						<String ID="P6_ST00052" HPOS="1052" VPOS="742" WIDTH="53" HEIGHT="30" CONTENT="zu" WC="0.74" CC="50"/>
						<SP ID="P6_SP00045" HPOS="1105" VPOS="789" WIDTH="27"/>
						<String ID="P6_ST00053" HPOS="1132" VPOS="727" WIDTH="212" HEIGHT="63" CONTENT="steigern." WC="0.99" CC="050000344"/>
					</TextLine>
					<TextLine ID="P6_TL00009" HPOS="314" VPOS="800" WIDTH="1391" HEIGHT="51">
						<String ID="P6_ST00054" HPOS="314" VPOS="804" WIDTH="170" HEIGHT="47" CONTENT="Ausser" WC="0.99" CC="050100"/>
						<SP ID="P6_SP00046" HPOS="484" VPOS="851" WIDTH="28"/>
						<String ID="P6_ST00055" HPOS="512" VPOS="802" WIDTH="80" HEIGHT="48" CONTENT="der" WC="1.00" CC="000"/>
						<SP ID="P6_SP00047" HPOS="592" VPOS="851" WIDTH="27"/>
						<String ID="P6_ST00056" HPOS="619" VPOS="802" WIDTH="198" HEIGHT="48" CONTENT="Sinfonie" WC="0.99" CC="10064000"/>
						<SP ID="P6_SP00048" HPOS="817" VPOS="851" WIDTH="32"/>
						<String ID="P6_ST00057" HPOS="849" VPOS="800" WIDTH="156" HEIGHT="50" CONTENT="wurde" WC="1.00" CC="00200"/>
						<SP ID="P6_SP00049" HPOS="1005" VPOS="851" WIDTH="35"/>
						<String ID="P6_ST00058" HPOS="1040" VPOS="803" WIDTH="286" HEIGHT="48" CONTENT="Cherubini's" WC="0.77" CC="61001505003"/>
						<SP ID="P6_SP00050" HPOS="1326" VPOS="851" WIDTH="28"/>
						<String ID="P6_ST00059" HPOS="1354" VPOS="803" WIDTH="260" HEIGHT="47" CONTENT="Ouvertüre" WC="0.99" CC="513035050"/>
						<SP ID="P6_SP00051" HPOS="1614" VPOS="851" WIDTH="39"/>
						<String ID="P6_ST00060" HPOS="1653" VPOS="818" WIDTH="52" HEIGHT="31" CONTENT="zu" WC="0.42" CC="64"/>
					</TextLine>
					<TextLine ID="P6_TL00010" HPOS="197" VPOS="877" WIDTH="1510" HEIGHT="66">
						<String ID="P6_ST00061" HPOS="197" VPOS="879" WIDTH="248" HEIGHT="50" CONTENT="Anakreon" WC="0.63" CC="07049114"/>
						<SP ID="P6_SP00052" HPOS="445" VPOS="929" WIDTH="44"/>
						<String ID="P6_ST00062" HPOS="489" VPOS="877" WIDTH="89" HEIGHT="49" CONTENT="und" WC="0.93" CC="079"/>
						<SP ID="P6_SP00053" HPOS="578" VPOS="929" WIDTH="38"/>
						<String ID="P6_ST00063" HPOS="616" VPOS="878" WIDTH="70" HEIGHT="47" CONTENT="die" WC="1.00" CC="000"/>
						<SP ID="P6_SP00054" HPOS="686" VPOS="929" WIDTH="41"/>
						<String ID="P6_ST00064" HPOS="727" VPOS="896" WIDTH="52" HEIGHT="29" CONTENT="zu" WC="0.53" CC="62"/>
						<SP ID="P6_SP00055" HPOS="779" VPOS="929" WIDTH="33"/>
						<String ID="P6_ST00065" HPOS="812" VPOS="877" WIDTH="170" HEIGHT="49" CONTENT="Fidelio" WC="0.80" CC="7000105"/>
						<SP ID="P6_SP00056" HPOS="982" VPOS="929" WIDTH="42"/>
						<String ID="P6_ST00066" HPOS="1024" VPOS="894" WIDTH="84" HEIGHT="33" CONTENT="von" WC="0.98" CC="006"/>
						<SP ID="P6_SP00057" HPOS="1108" VPOS="929" WIDTH="31"/>
						<String ID="P6_ST00067" HPOS="1139" VPOS="880" WIDTH="257" HEIGHT="47" CONTENT="Beethoven" WC="0.99" CC="700470000"/>
						<SP ID="P6_SP00058" HPOS="1396" VPOS="929" WIDTH="29"/>
						<String ID="P6_ST00068" HPOS="1425" VPOS="878" WIDTH="282" HEIGHT="65" CONTENT="aufgeführt." WC="0.99" CC="63000007004"/>
					</TextLine>
					<TextLine ID="P6_TL00011" HPOS="198" VPOS="953" WIDTH="1509" HEIGHT="51">
						<String ID="P6_ST00069" HPOS="198" VPOS="957" WIDTH="102" HEIGHT="45" CONTENT="Den" WC="0.94" CC="706"/>
						<SP ID="P6_SP00059" HPOS="300" VPOS="1002" WIDTH="23"/>
						<String ID="P6_ST00070" HPOS="323" VPOS="953" WIDTH="161" HEIGHT="49" CONTENT="Abend" WC="0.97" CC="36440"/>
						<SP ID="P6_SP00060" HPOS="484" VPOS="1002" WIDTH="23"/>
						<String ID="P6_ST00071" HPOS="507" VPOS="954" WIDTH="164" HEIGHT="47" CONTENT="zierten" WC="0.98" CC="7004527"/>
						<SP ID="P6_SP00061" HPOS="671" VPOS="1002" WIDTH="23"/>
						<String ID="P6_ST00072" HPOS="694" VPOS="954" WIDTH="115" HEIGHT="47" CONTENT="noch" WC="1.00" CC="0001"/>
						<SP ID="P6_SP00062" HPOS="809" VPOS="1002" WIDTH="26"/>
						<String ID="P6_ST00073" HPOS="835" VPOS="954" WIDTH="209" HEIGHT="48" CONTENT="Fräulein" WC="0.99" CC="65046104"/>
						<SP ID="P6_SP00063" HPOS="1044" VPOS="1002" WIDTH="29"/>
						<String ID="P6_ST00074" HPOS="1073" VPOS="957" WIDTH="159" HEIGHT="47" CONTENT="Anna" WC="1.00" CC="0010"/>
						<SP ID="P6_SP00064" HPOS="1232" VPOS="1004" WIDTH="28"/>
						<String ID="P6_ST00075" HPOS="1260" VPOS="955" WIDTH="156" HEIGHT="49" CONTENT="Reiss" WC="0.89" CC="50000"/>
						<SP ID="P6_SP00065" HPOS="1416" VPOS="1004" WIDTH="30"/>
						<String ID="P6_ST00076" HPOS="1446" VPOS="971" WIDTH="81" HEIGHT="31" CONTENT="aus" WC="0.95" CC="660"/>
						<SP ID="P6_SP00066" HPOS="1527" VPOS="1004" WIDTH="21"/>
						<String ID="P6_ST00077" HPOS="1548" VPOS="955" WIDTH="128" HEIGHT="47" CONTENT="Mann" SUBS_TYPE="HypPart1" SUBS_CONTENT="Mannheim" WC="0.97" CC="2484"/>
						<HYP HPOS="1676" VPOS="955" WIDTH="31" CONTENT="-"/>
					</TextLine>
					<TextLine ID="P6_TL00012" HPOS="200" VPOS="1029" WIDTH="1508" HEIGHT="67">
						<String ID="P6_ST00078" HPOS="200" VPOS="1032" WIDTH="117" HEIGHT="47" CONTENT="heim" SUBS_TYPE="HypPart2" SUBS_CONTENT="Mannheim" WC="0.98" CC="7020"/>
						<SP ID="P6_SP00067" HPOS="317" VPOS="1079" WIDTH="31"/>
						<String ID="P6_ST00079" HPOS="348" VPOS="1029" WIDTH="92" HEIGHT="48" CONTENT="und" WC="0.96" CC="180"/>
						<SP ID="P6_SP00068" HPOS="440" VPOS="1079" WIDTH="23"/>
						<String ID="P6_ST00080" HPOS="463" VPOS="1030" WIDTH="119" HEIGHT="49" CONTENT="Herr" WC="0.98" CC="6001"/>
						<SP ID="P6_SP00069" HPOS="582" VPOS="1079" WIDTH="30"/>
						<String ID="P6_ST00081" HPOS="612" VPOS="1030" WIDTH="131" HEIGHT="49" CONTENT="Karl" WC="0.98" CC="3060"/>
						<SP ID="P6_SP00070" HPOS="743" VPOS="1079" WIDTH="31"/>
						<String ID="P6_ST00082" HPOS="774" VPOS="1030" WIDTH="269" HEIGHT="49" CONTENT="Davidoff" WC="1.00" CC="50000000"/>
						<SP ID="P6_SP00071" HPOS="1043" VPOS="1079" WIDTH="23"/>
						<String ID="P6_ST00083" HPOS="1066" VPOS="1048" WIDTH="80" HEIGHT="32" CONTENT="aus" WC="0.99" CC="100"/>
						<SP ID="P6_SP00072" HPOS="1146" VPOS="1080" WIDTH="21"/>
						<String ID="P6_ST00084" HPOS="1167" VPOS="1032" WIDTH="197" HEIGHT="64" CONTENT="Leipzig." WC="1.00" CC="00060003"/>
						<SP ID="P6_SP00073" HPOS="1364" VPOS="1096" WIDTH="32"/>
						<String ID="P6_ST00085" HPOS="1396" VPOS="1032" WIDTH="85" HEIGHT="47" CONTENT="Die" WC="0.96" CC="044"/>
						<SP ID="P6_SP00074" HPOS="1481" VPOS="1096" WIDTH="23"/>
						<String ID="P6_ST00086" HPOS="1504" VPOS="1032" WIDTH="204" HEIGHT="47" CONTENT="verehrte" WC="0.99" CC="00900050"/>
					</TextLine>
					<TextLine ID="P6_TL00013" HPOS="198" VPOS="1106" WIDTH="1510" HEIGHT="65">
						<String ID="P6_ST00087" HPOS="198" VPOS="1106" WIDTH="262" HEIGHT="49" CONTENT="Künstlerin" WC="0.99" CC="4040220005"/>
						<SP ID="P6_SP00075" HPOS="460" VPOS="1155" WIDTH="24"/>
						<String ID="P6_ST00088" HPOS="484" VPOS="1106" WIDTH="230" HEIGHT="49" CONTENT="entfaltete" WC="1.00" CC="0060016000"/>
						<SP ID="P6_SP00076" HPOS="714" VPOS="1155" WIDTH="28"/>
						<String ID="P6_ST00089" HPOS="742" VPOS="1106" WIDTH="42" HEIGHT="49" CONTENT="in" WC="0.95" CC="00"/>
						<SP ID="P6_SP00077" HPOS="784" VPOS="1155" WIDTH="30"/>
						<String ID="P6_ST00090" HPOS="814" VPOS="1106" WIDTH="85" HEIGHT="49" CONTENT="den" WC="1.00" CC="000"/>
						<SP ID="P6_SP00078" HPOS="899" VPOS="1155" WIDTH="31"/>
						<String ID="P6_ST00091" HPOS="930" VPOS="1109" WIDTH="254" HEIGHT="62" CONTENT="gewählten" WC="1.00" CC="000005300"/>
						<SP ID="P6_SP00079" HPOS="1184" VPOS="1171" WIDTH="25"/>
						<String ID="P6_ST00092" HPOS="1209" VPOS="1108" WIDTH="385" HEIGHT="48" CONTENT="Concertstücken" WC="0.68" CC="60002460600916"/>
						<SP ID="P6_SP00080" HPOS="1594" VPOS="1171" WIDTH="29"/>
						<String ID="P6_ST00093" HPOS="1623" VPOS="1106" WIDTH="85" HEIGHT="49" CONTENT="den" WC="0.99" CC="030"/>
					</TextLine>
					<TextLine ID="P6_TL00014" HPOS="201" VPOS="1183" WIDTH="1510" HEIGHT="66">
						<String ID="P6_ST00094" HPOS="201" VPOS="1184" WIDTH="269" HEIGHT="48" CONTENT="Reichthum" WC="0.99" CC="800035460"/>
						<SP ID="P6_SP00081" HPOS="470" VPOS="1232" WIDTH="32"/>
						<String ID="P6_ST00095" HPOS="502" VPOS="1183" WIDTH="91" HEIGHT="48" CONTENT="und" WC="0.96" CC="208"/>
						<SP ID="P6_SP00082" HPOS="593" VPOS="1232" WIDTH="28"/>
						<String ID="P6_ST00096" HPOS="621" VPOS="1184" WIDTH="70" HEIGHT="48" CONTENT="die" WC="0.98" CC="005"/>
						<SP ID="P6_SP00083" HPOS="691" VPOS="1232" WIDTH="31"/>
						<String ID="P6_ST00097" HPOS="722" VPOS="1184" WIDTH="402" HEIGHT="63" CONTENT="unvergleichliche" WC="1.00" CC="0560402000003004"/>
						<SP ID="P6_SP00084" HPOS="1124" VPOS="1247" WIDTH="28"/>
						<String ID="P6_ST00098" HPOS="1152" VPOS="1185" WIDTH="235" HEIGHT="64" CONTENT="Schulung" WC="0.99" CC="06460450"/>
						<SP ID="P6_SP00085" HPOS="1387" VPOS="1249" WIDTH="36"/>
						<String ID="P6_ST00099" HPOS="1423" VPOS="1185" WIDTH="123" HEIGHT="47" CONTENT="ihrer" WC="0.98" CC="04204"/>
						<SP ID="P6_SP00086" HPOS="1546" VPOS="1249" WIDTH="28"/>
						<String ID="P6_ST00100" HPOS="1574" VPOS="1185" WIDTH="110" HEIGHT="47" CONTENT="Stim" SUBS_TYPE="HypPart1" SUBS_CONTENT="Stimme;" WC="0.99" CC="0120"/>
						<HYP HPOS="1684" VPOS="1185" WIDTH="27" CONTENT="-"/>
					</TextLine>
					<TextLine ID="P6_TL00015" HPOS="201" VPOS="1260" WIDTH="1507" HEIGHT="64">
						<String ID="P6_ST00101" HPOS="201" VPOS="1277" WIDTH="95" HEIGHT="39" CONTENT="me;" SUBS_TYPE="HypPart2" SUBS_CONTENT="Stimme;" WC="0.99" CC="300"/>
						<SP ID="P6_SP00087" HPOS="296" VPOS="1316" WIDTH="42"/>
						<String ID="P6_ST00102" HPOS="338" VPOS="1260" WIDTH="238" HEIGHT="64" CONTENT="imponirte" WC="0.61" CC="100775362"/>
						<SP ID="P6_SP00088" HPOS="576" VPOS="1324" WIDTH="29"/>
						<String ID="P6_ST00103" HPOS="605" VPOS="1261" WIDTH="61" HEIGHT="46" CONTENT="sie" WC="0.97" CC="141"/>
						<SP ID="P6_SP00089" HPOS="666" VPOS="1324" WIDTH="29"/>
						<String ID="P6_ST00104" HPOS="695" VPOS="1260" WIDTH="42" HEIGHT="47" CONTENT="in" WC="0.70" CC="05"/>
						<SP ID="P6_SP00090" HPOS="737" VPOS="1324" WIDTH="29"/>
						<String ID="P6_ST00105" HPOS="766" VPOS="1260" WIDTH="296" HEIGHT="48" CONTENT="Beethoven's" WC="0.69" CC="60042500525"/>
						<SP ID="P6_SP00091" HPOS="1062" VPOS="1324" WIDTH="30"/>
						<String ID="P6_ST00106" HPOS="1092" VPOS="1261" WIDTH="143" HEIGHT="49" CONTENT="Scene" WC="0.58" CC="50275"/>
						<SP ID="P6_SP00092" HPOS="1235" VPOS="1324" WIDTH="30"/>
						<String ID="P6_ST00107" HPOS="1265" VPOS="1260" WIDTH="92" HEIGHT="48" CONTENT="und" WC="0.96" CC="540"/>
						<SP ID="P6_SP00093" HPOS="1357" VPOS="1324" WIDTH="29"/>
						<String ID="P6_ST00108" HPOS="1386" VPOS="1261" WIDTH="108" HEIGHT="49" CONTENT="Arie" WC="0.99" CC="0500"/>
						<SP ID="P6_SP00094" HPOS="1494" VPOS="1324" WIDTH="30"/>
						<String ID="P6_ST00109" HPOS="1524" VPOS="1277" WIDTH="80" HEIGHT="31" CONTENT="aus" WC="1.00" CC="001"/>
						<SP ID="P6_SP00095" HPOS="1604" VPOS="1324" WIDTH="31"/>
						<String ID="P6_ST00110" HPOS="1635" VPOS="1260" WIDTH="49" HEIGHT="48" CONTENT="Fi" SUBS_TYPE="HypPart1" SUBS_CONTENT="Fidelio" WC="1.00" CC="00"/>
						<HYP HPOS="1684" VPOS="1260" WIDTH="24" CONTENT="-"/>
					</TextLine>
					<TextLine ID="P6_TL00016" HPOS="201" VPOS="1336" WIDTH="1507" HEIGHT="66">
						<String ID="P6_ST00111" HPOS="201" VPOS="1338" WIDTH="116" HEIGHT="47" CONTENT="delio" SUBS_TYPE="HypPart2" SUBS_CONTENT="Fidelio" WC="0.95" CC="00001"/>
						<SP ID="P6_SP00096" HPOS="317" VPOS="1385" WIDTH="29"/>
						<String ID="P6_ST00112" HPOS="346" VPOS="1336" WIDTH="141" HEIGHT="47" CONTENT="durch" WC="0.98" CC="02503"/>
						<SP ID="P6_SP00097" HPOS="487" VPOS="1385" WIDTH="29"/>
						<String ID="P6_ST00113" HPOS="516" VPOS="1336" WIDTH="71" HEIGHT="47" CONTENT="die" WC="0.99" CC="003"/>
						<SP ID="P6_SP00098" HPOS="587" VPOS="1385" WIDTH="31"/>
						<String ID="P6_ST00114" HPOS="618" VPOS="1336" WIDTH="175" HEIGHT="49" CONTENT="Gewalt" WC="0.99" CC="040003"/>
						<SP ID="P6_SP00099" HPOS="793" VPOS="1385" WIDTH="28"/>
						<String ID="P6_ST00115" HPOS="821" VPOS="1336" WIDTH="81" HEIGHT="47" CONTENT="der" WC="0.93" CC="944"/>
						<SP ID="P6_SP00100" HPOS="902" VPOS="1385" WIDTH="29"/>
						<String ID="P6_ST00116" HPOS="931" VPOS="1338" WIDTH="282" HEIGHT="64" CONTENT="Klangfülle," WC="1.00" CC="05450000000"/>
						<SP ID="P6_SP00101" HPOS="1213" VPOS="1402" WIDTH="45"/>
						<String ID="P6_ST00117" HPOS="1258" VPOS="1353" WIDTH="48" HEIGHT="32" CONTENT="so" WC="1.00" CC="00"/>
						<SP ID="P6_SP00102" HPOS="1306" VPOS="1402" WIDTH="39"/>
						<String ID="P6_ST00118" HPOS="1345" VPOS="1338" WIDTH="80" HEIGHT="47" CONTENT="riss" WC="0.96" CC="0010"/>
						<SP ID="P6_SP00103" HPOS="1425" VPOS="1402" WIDTH="41"/>
						<String ID="P6_ST00119" HPOS="1466" VPOS="1339" WIDTH="63" HEIGHT="46" CONTENT="sie" WC="1.00" CC="010"/>
						<SP ID="P6_SP00104" HPOS="1529" VPOS="1402" WIDTH="36"/>
						<String ID="P6_ST00120" HPOS="1565" VPOS="1338" WIDTH="143" HEIGHT="47" CONTENT="durch" WC="0.98" CC="07500"/>
					</TextLine>
					<TextLine ID="P6_TL00017" HPOS="200" VPOS="1413" WIDTH="1511" HEIGHT="50">
						<String ID="P6_ST00121" HPOS="200" VPOS="1414" WIDTH="71" HEIGHT="48" CONTENT="die" WC="0.96" CC="063"/>
						<SP ID="P6_SP00105" HPOS="271" VPOS="1462" WIDTH="30"/>
						<String ID="P6_ST00122" HPOS="301" VPOS="1413" WIDTH="211" HEIGHT="48" CONTENT="Cavatine" WC="0.69" CC="74005060"/>
						<SP ID="P6_SP00106" HPOS="512" VPOS="1462" WIDTH="36"/>
						<String ID="P6_ST00123" HPOS="548" VPOS="1430" WIDTH="78" HEIGHT="31" CONTENT="aus" WC="0.98" CC="014"/>
						<SP ID="P6_SP00107" HPOS="626" VPOS="1462" WIDTH="30"/>
						<String ID="P6_ST00124" HPOS="656" VPOS="1413" WIDTH="101" HEIGHT="48" CONTENT="dem" WC="0.98" CC="040"/>
						<SP ID="P6_SP00108" HPOS="757" VPOS="1462" WIDTH="32"/>
						<String ID="P6_ST00125" HPOS="789" VPOS="1414" WIDTH="192" HEIGHT="47" CONTENT="Barbier" WC="0.98" CC="6992000"/>
						<SP ID="P6_SP00109" HPOS="981" VPOS="1462" WIDTH="26"/>
						<String ID="P6_ST00126" HPOS="1007" VPOS="1432" WIDTH="83" HEIGHT="30" CONTENT="von" WC="0.94" CC="907"/>
						<SP ID="P6_SP00110" HPOS="1090" VPOS="1462" WIDTH="30"/>
						<String ID="P6_ST00127" HPOS="1120" VPOS="1416" WIDTH="162" HEIGHT="47" CONTENT="Sevilla" WC="1.00" CC="3000002"/>
						<SP ID="P6_SP00111" HPOS="1282" VPOS="1463" WIDTH="29"/>
						<String ID="P6_ST00128" HPOS="1311" VPOS="1432" WIDTH="84" HEIGHT="31" CONTENT="von" WC="0.98" CC="040"/>
						<SP ID="P6_SP00112" HPOS="1395" VPOS="1463" WIDTH="30"/>
						<String ID="P6_ST00129" HPOS="1425" VPOS="1415" WIDTH="174" HEIGHT="48" CONTENT="Rossini" WC="1.00" CC="0000000"/>
						<SP ID="P6_SP00113" HPOS="1599" VPOS="1463" WIDTH="33"/>
						<String ID="P6_ST00130" HPOS="1632" VPOS="1415" WIDTH="79" HEIGHT="47" CONTENT="mit" WC="0.96" CC="703"/>
					</TextLine>
					<TextLine ID="P6_TL00018" HPOS="200" VPOS="1489" WIDTH="1511" HEIGHT="68">
						<String ID="P6_ST00131" HPOS="200" VPOS="1491" WIDTH="143" HEIGHT="46" CONTENT="ihrem" WC="0.98" CC="07004"/>
						<SP ID="P6_SP00114" HPOS="343" VPOS="1537" WIDTH="38"/>
						<String ID="P6_ST00132" HPOS="381" VPOS="1489" WIDTH="217" HEIGHT="49" CONTENT="delicaten" WC="0.86" CC="000000506"/>
						<SP ID="P6_SP00115" HPOS="598" VPOS="1538" WIDTH="32"/>
						<String ID="P6_ST00133" HPOS="630" VPOS="1491" WIDTH="225" HEIGHT="62" CONTENT="Vortrage" WC="0.99" CC="13654005"/>
						<SP ID="P6_SP00116" HPOS="855" VPOS="1553" WIDTH="43"/>
						<String ID="P6_ST00134" HPOS="898" VPOS="1490" WIDTH="89" HEIGHT="48" CONTENT="und" WC="0.97" CC="070"/>
						<SP ID="P6_SP00117" HPOS="987" VPOS="1553" WIDTH="41"/>
						<String ID="P6_ST00135" HPOS="1028" VPOS="1491" WIDTH="122" HEIGHT="49" CONTENT="ihrer" WC="0.99" CC="00205"/>
						<SP ID="P6_SP00118" HPOS="1150" VPOS="1553" WIDTH="42"/>
						<String ID="P6_ST00136" HPOS="1192" VPOS="1491" WIDTH="245" HEIGHT="66" CONTENT="perlenden" WC="1.00" CC="004000000"/>
						<SP ID="P6_SP00119" HPOS="1437" VPOS="1557" WIDTH="31"/>
						<String ID="P6_ST00137" HPOS="1468" VPOS="1493" WIDTH="243" HEIGHT="48" CONTENT="Coloratur" WC="0.51" CC="827250655"/>
					</TextLine>
					<TextLine ID="P6_TL00019" HPOS="198" VPOS="1565" WIDTH="1514" HEIGHT="60">
						<String ID="P6_ST00138" HPOS="198" VPOS="1566" WIDTH="80" HEIGHT="48" CONTENT="das" WC="0.99" CC="002"/>
						<SP ID="P6_SP00120" HPOS="278" VPOS="1614" WIDTH="28"/>
						<String ID="P6_ST00139" HPOS="306" VPOS="1565" WIDTH="237" HEIGHT="48" CONTENT="Publicum" WC="0.99" CC="00660050"/>
						<SP ID="P6_SP00121" HPOS="543" VPOS="1614" WIDTH="38"/>
						<String ID="P6_ST00140" HPOS="581" VPOS="1584" WIDTH="52" HEIGHT="29" CONTENT="zu" WC="0.28" CC="67"/>
						<SP ID="P6_SP00122" HPOS="633" VPOS="1614" WIDTH="38"/>
						<String ID="P6_ST00141" HPOS="671" VPOS="1566" WIDTH="143" HEIGHT="47" CONTENT="einem" WC="1.00" CC="00100"/>
						<SP ID="P6_SP00123" HPOS="814" VPOS="1614" WIDTH="32"/>
						<String ID="P6_ST00142" HPOS="846" VPOS="1567" WIDTH="272" HEIGHT="49" CONTENT="Ausbruche" WC="0.99" CC="014260000"/>
						<SP ID="P6_SP00124" HPOS="1118" VPOS="1616" WIDTH="42"/>
						<String ID="P6_ST00143" HPOS="1160" VPOS="1567" WIDTH="77" HEIGHT="49" CONTENT="des" WC="1.00" CC="000"/>
						<SP ID="P6_SP00125" HPOS="1237" VPOS="1616" WIDTH="37"/>
						<String ID="P6_ST00144" HPOS="1274" VPOS="1569" WIDTH="180" HEIGHT="47" CONTENT="Beifalls" WC="0.99" CC="60046000"/>
						<SP ID="P6_SP00126" HPOS="1454" VPOS="1616" WIDTH="44"/>
						<String ID="P6_ST00145" HPOS="1498" VPOS="1569" WIDTH="92" HEIGHT="56" CONTENT="hin," WC="0.98" CC="1053"/>
						<SP ID="P6_SP00127" HPOS="1590" VPOS="1625" WIDTH="41"/>
						<String ID="P6_ST00146" HPOS="1631" VPOS="1567" WIDTH="81" HEIGHT="49" CONTENT="der" WC="0.98" CC="004"/>
					</TextLine>
					<TextLine ID="P6_TL00020" HPOS="198" VPOS="1642" WIDTH="1512" HEIGHT="68">
						<String ID="P6_ST00147" HPOS="198" VPOS="1660" WIDTH="88" HEIGHT="31" CONTENT="nur" WC="0.95" CC="705"/>
						<SP ID="P6_SP00128" HPOS="286" VPOS="1691" WIDTH="28"/>
						<String ID="P6_ST00148" HPOS="314" VPOS="1644" WIDTH="141" HEIGHT="47" CONTENT="durch" WC="0.99" CC="03402"/>
						<SP ID="P6_SP00129" HPOS="455" VPOS="1691" WIDTH="29"/>
						<String ID="P6_ST00149" HPOS="484" VPOS="1644" WIDTH="70" HEIGHT="47" CONTENT="ein" WC="0.97" CC="006"/>
						<SP ID="P6_SP00130" HPOS="554" VPOS="1691" WIDTH="29"/>
						<String ID="P6_ST00150" HPOS="583" VPOS="1642" WIDTH="62" HEIGHT="49" CONTENT="da" WC="0.65" CC="07" STYLEREFS="TXT_2"/>
						<SP ID="P6_SP00131" HPOS="645" VPOS="1691" WIDTH="27"/>
						<String ID="P6_ST00151" HPOS="672" VPOS="1659" WIDTH="111" HEIGHT="51" CONTENT="capo" WC="0.34" CC="2886" STYLEREFS="TXT_2"/>
						<SP ID="P6_SP00132" HPOS="783" VPOS="1710" WIDTH="28"/>
						<String ID="P6_ST00152" HPOS="811" VPOS="1644" WIDTH="163" HEIGHT="63" CONTENT="gestillt" WC="0.99" CC="00472610"/>
						<SP ID="P6_SP00133" HPOS="974" VPOS="1710" WIDTH="30"/>
						<String ID="P6_ST00153" HPOS="1004" VPOS="1645" WIDTH="181" HEIGHT="48" CONTENT="werden" WC="0.99" CC="004007"/>
						<SP ID="P6_SP00134" HPOS="1185" VPOS="1710" WIDTH="33"/>
						<String ID="P6_ST00154" HPOS="1218" VPOS="1646" WIDTH="182" HEIGHT="47" CONTENT="konnte." WC="0.99" CC="0270604"/>
						<SP ID="P6_SP00135" HPOS="1400" VPOS="1710" WIDTH="42"/>
						<String ID="P6_ST00155" HPOS="1442" VPOS="1646" WIDTH="122" HEIGHT="47" CONTENT="Herr" WC="0.98" CC="7012"/>
						<SP ID="P6_SP00136" HPOS="1564" VPOS="1710" WIDTH="35"/>
						<String ID="P6_ST00156" HPOS="1599" VPOS="1647" WIDTH="74" HEIGHT="46" CONTENT="Da" SUBS_TYPE="HypPart1" SUBS_CONTENT="Davidoff" WC="0.96" CC="60"/>
						<HYP HPOS="1673" VPOS="1647" WIDTH="37" CONTENT="-"/>
					</TextLine>
					<TextLine ID="P6_TL00021" HPOS="200" VPOS="1719" WIDTH="1511" HEIGHT="64">
						<String ID="P6_ST00157" HPOS="200" VPOS="1719" WIDTH="179" HEIGHT="48" CONTENT="vidoff" SUBS_TYPE="HypPart2" SUBS_CONTENT="Davidoff" WC="1.00" CC="010400"/>
						<SP ID="P6_SP00137" HPOS="379" VPOS="1767" WIDTH="35"/>
						<String ID="P6_ST00158" HPOS="414" VPOS="1727" WIDTH="103" HEIGHT="56" CONTENT="trug" WC="0.98" CC="5040"/>
						<SP ID="P6_SP00138" HPOS="517" VPOS="1783" WIDTH="43"/>
						<String ID="P6_ST00159" HPOS="560" VPOS="1736" WIDTH="82" HEIGHT="31" CONTENT="uns" WC="1.00" CC="000"/>
						<SP ID="P6_SP00139" HPOS="642" VPOS="1783" WIDTH="43"/>
						<String ID="P6_ST00160" HPOS="685" VPOS="1721" WIDTH="79" HEIGHT="46" CONTENT="mit" WC="0.96" CC="045"/>
						<SP ID="P6_SP00140" HPOS="764" VPOS="1783" WIDTH="40"/>
						<String ID="P6_ST00161" HPOS="804" VPOS="1720" WIDTH="266" HEIGHT="49" CONTENT="rühmlichst" WC="0.99" CC="0069100005"/>
						<SP ID="P6_SP00141" HPOS="1070" VPOS="1783" WIDTH="36"/>
						<String ID="P6_ST00162" HPOS="1106" VPOS="1721" WIDTH="252" HEIGHT="50" CONTENT="bekannter" WC="0.99" CC="600004023"/>
						<SP ID="P6_SP00142" HPOS="1358" VPOS="1783" WIDTH="23"/>
						<String ID="P6_ST00163" HPOS="1381" VPOS="1721" WIDTH="209" HEIGHT="50" CONTENT="Feinheit" WC="0.99" CC="00041004"/>
						<SP ID="P6_SP00143" HPOS="1590" VPOS="1783" WIDTH="27"/>
						<String ID="P6_ST00164" HPOS="1617" VPOS="1721" WIDTH="94" HEIGHT="48" CONTENT="sein" WC="0.98" CC="6004"/>
					</TextLine>
					<TextLine ID="P6_TL00022" HPOS="202" VPOS="1797" WIDTH="1508" HEIGHT="51">
						<String ID="P6_ST00165" HPOS="202" VPOS="1797" WIDTH="193" HEIGHT="47" CONTENT="Concert" WC="0.89" CC="7000000"/>
						<SP ID="P6_SP00144" HPOS="395" VPOS="1844" WIDTH="42"/>
						<String ID="P6_ST00166" HPOS="437" VPOS="1797" WIDTH="89" HEIGHT="47" CONTENT="und" WC="0.99" CC="010"/>
						<SP ID="P6_SP00145" HPOS="526" VPOS="1844" WIDTH="45"/>
						<String ID="P6_ST00167" HPOS="571" VPOS="1797" WIDTH="57" HEIGHT="47" CONTENT="im" WC="1.00" CC="00"/>
						<SP ID="P6_SP00146" HPOS="628" VPOS="1844" WIDTH="42"/>
						<String ID="P6_ST00168" HPOS="670" VPOS="1799" WIDTH="186" HEIGHT="47" CONTENT="zweiten" WC="0.99" CC="4011604"/>
						<SP ID="P6_SP00147" HPOS="856" VPOS="1846" WIDTH="31"/>
						<String ID="P6_ST00169" HPOS="887" VPOS="1799" WIDTH="157" HEIGHT="48" CONTENT="Theile" WC="0.76" CC="060150"/>
						<SP ID="P6_SP00148" HPOS="1044" VPOS="1847" WIDTH="42"/>
						<String ID="P6_ST00170" HPOS="1086" VPOS="1799" WIDTH="70" HEIGHT="49" CONTENT="die" WC="0.99" CC="002"/>
						<SP ID="P6_SP00149" HPOS="1156" VPOS="1848" WIDTH="32"/>
						<String ID="P6_ST00171" HPOS="1188" VPOS="1800" WIDTH="241" HEIGHT="48" CONTENT="Phantasie" WC="0.99" CC="670254030"/>
						<SP ID="P6_SP00150" HPOS="1429" VPOS="1848" WIDTH="39"/>
						<String ID="P6_ST00172" HPOS="1468" VPOS="1799" WIDTH="115" HEIGHT="49" CONTENT="über" WC="0.98" CC="0506"/>
						<SP ID="P6_SP00151" HPOS="1583" VPOS="1848" WIDTH="42"/>
						<String ID="P6_ST00173" HPOS="1625" VPOS="1799" WIDTH="85" HEIGHT="48" CONTENT="den" WC="0.95" CC="903"/>
					</TextLine>
					<TextLine ID="P6_TL00023" HPOS="198" VPOS="1872" WIDTH="1513" HEIGHT="54">
						<String ID="P6_ST00174" HPOS="198" VPOS="1872" WIDTH="491" HEIGHT="51" CONTENT="Sehnsuchts-Walzer" WC="0.71" CC="00780260500050704"/>
						<SP ID="P6_SP00152" HPOS="689" VPOS="1923" WIDTH="26"/>
						<String ID="P6_ST00175" HPOS="715" VPOS="1890" WIDTH="85" HEIGHT="32" CONTENT="von" WC="0.96" CC="640"/>
						<SP ID="P6_SP00153" HPOS="800" VPOS="1923" WIDTH="31"/>
						<String ID="P6_ST00176" HPOS="831" VPOS="1876" WIDTH="174" HEIGHT="47" CONTENT="Servais" WC="0.75" CC="4620102"/>
						<SP ID="P6_SP00154" HPOS="1005" VPOS="1923" WIDTH="28"/>
						<String ID="P6_ST00177" HPOS="1033" VPOS="1893" WIDTH="90" HEIGHT="33" CONTENT="vor." WC="0.99" CC="0040"/>
						<SP ID="P6_SP00155" HPOS="1123" VPOS="1926" WIDTH="44"/>
						<String ID="P6_ST00178" HPOS="1167" VPOS="1877" WIDTH="70" HEIGHT="49" CONTENT="Da" WC="0.57" CC="43"/>
						<SP ID="P6_SP00156" HPOS="1237" VPOS="1926" WIDTH="31"/>
						<String ID="P6_ST00179" HPOS="1268" VPOS="1877" WIDTH="84" HEIGHT="49" CONTENT="wir" WC="0.97" CC="700"/>
						<SP ID="P6_SP00157" HPOS="1352" VPOS="1926" WIDTH="26"/>
						<String ID="P6_ST00180" HPOS="1378" VPOS="1876" WIDTH="137" HEIGHT="48" CONTENT="schon" WC="0.98" CC="20136"/>
						<SP ID="P6_SP00158" HPOS="1515" VPOS="1926" WIDTH="31"/>
						<String ID="P6_ST00181" HPOS="1546" VPOS="1877" WIDTH="165" HEIGHT="49" CONTENT="einmal" WC="0.99" CC="006000"/>
					</TextLine>
					<TextLine ID="P6_TL00024" HPOS="200" VPOS="1948" WIDTH="1519" HEIGHT="66">
						<String ID="P6_ST00182" HPOS="200" VPOS="1948" WIDTH="78" HEIGHT="50" CONTENT="das" WC="1.00" CC="000"/>
						<SP ID="P6_SP00159" HPOS="278" VPOS="1998" WIDTH="31"/>
						<String ID="P6_ST00183" HPOS="309" VPOS="1950" WIDTH="275" HEIGHT="64" CONTENT="Vergnügen" WC="0.98" CC="020979967"/>
						<SP ID="P6_SP00160" HPOS="584" VPOS="2014" WIDTH="42"/>
						<String ID="P6_ST00184" HPOS="626" VPOS="1951" WIDTH="172" HEIGHT="57" CONTENT="hatten," WC="0.99" CC="6034032"/>
						<SP ID="P6_SP00161" HPOS="798" VPOS="2014" WIDTH="43"/>
						<String ID="P6_ST00185" HPOS="841" VPOS="1951" WIDTH="119" HEIGHT="63" CONTENT="jenes" WC="0.97" CC="02769"/>
						<SP ID="P6_SP00162" HPOS="960" VPOS="2014" WIDTH="30"/>
						<String ID="P6_ST00186" HPOS="990" VPOS="1952" WIDTH="194" HEIGHT="49" CONTENT="Concert" WC="0.65" CC="7050064"/>
						<SP ID="P6_SP00163" HPOS="1184" VPOS="2014" WIDTH="28"/>
						<String ID="P6_ST00187" HPOS="1212" VPOS="1952" WIDTH="77" HEIGHT="50" CONTENT="des" WC="1.00" CC="000"/>
						<SP ID="P6_SP00164" HPOS="1289" VPOS="2014" WIDTH="30"/>
						<String ID="P6_ST00188" HPOS="1319" VPOS="1955" WIDTH="152" HEIGHT="47" CONTENT="Herrn" WC="0.97" CC="60417"/>
						<SP ID="P6_SP00165" HPOS="1471" VPOS="2014" WIDTH="30"/>
						<String ID="P6_ST00189" HPOS="1501" VPOS="1952" WIDTH="218" HEIGHT="50" CONTENT="Davidoff" WC="1.00" CC="00000011"/>
					</TextLine>
					<TextLine ID="P6_TL00025" HPOS="198" VPOS="2027" WIDTH="1513" HEIGHT="69">
						<String ID="P6_ST00190" HPOS="198" VPOS="2045" WIDTH="52" HEIGHT="29" CONTENT="zu" WC="0.58" CC="53"/>
						<SP ID="P6_SP00166" HPOS="250" VPOS="2074" WIDTH="33"/>
						<String ID="P6_ST00191" HPOS="283" VPOS="2027" WIDTH="159" HEIGHT="57" CONTENT="hören," WC="0.98" CC="750004"/>
						<SP ID="P6_SP00167" HPOS="442" VPOS="2084" WIDTH="29"/>
						<String ID="P6_ST00192" HPOS="471" VPOS="2045" WIDTH="49" HEIGHT="30" CONTENT="so" WC="0.83" CC="30"/>
						<SP ID="P6_SP00168" HPOS="520" VPOS="2084" WIDTH="31"/>
						<String ID="P6_ST00193" HPOS="551" VPOS="2031" WIDTH="120" HEIGHT="46" CONTENT="wäre" WC="0.99" CC="0040"/>
						<SP ID="P6_SP00169" HPOS="671" VPOS="2084" WIDTH="29"/>
						<String ID="P6_ST00194" HPOS="700" VPOS="2028" WIDTH="98" HEIGHT="49" CONTENT="eine" WC="0.99" CC="0030"/>
						<SP ID="P6_SP00170" HPOS="798" VPOS="2084" WIDTH="23"/>
						<String ID="P6_ST00195" HPOS="821" VPOS="2028" WIDTH="340" HEIGHT="68" CONTENT="Abwechslung" WC="0.99" CC="25000214650"/>
						<SP ID="P6_SP00171" HPOS="1161" VPOS="2096" WIDTH="29"/>
						<String ID="P6_ST00196" HPOS="1190" VPOS="2031" WIDTH="122" HEIGHT="48" CONTENT="nicht" WC="0.99" CC="60040"/>
						<SP ID="P6_SP00172" HPOS="1312" VPOS="2096" WIDTH="28"/>
						<String ID="P6_ST00197" HPOS="1340" VPOS="2031" WIDTH="371" HEIGHT="48" CONTENT="unwillkommen" WC="1.00" CC="000000000900"/>
					</TextLine>
					<TextLine ID="P6_TL00026" HPOS="198" VPOS="2120" WIDTH="223" HEIGHT="47">
						<String ID="P6_ST00198" HPOS="198" VPOS="2120" WIDTH="223" HEIGHT="47" CONTENT="gewesen." WC="0.98" CC="93431080"/>
					</TextLine>
					<TextLine ID="P6_TL00027" HPOS="313" VPOS="2181" WIDTH="1398" HEIGHT="66">
						<String ID="P6_ST00199" HPOS="313" VPOS="2181" WIDTH="95" HEIGHT="47" CONTENT="Das" WC="0.95" CC="056"/>
						<SP ID="P6_SP00173" HPOS="408" VPOS="2228" WIDTH="38"/>
						<String ID="P6_ST00200" HPOS="446" VPOS="2188" WIDTH="168" HEIGHT="40" CONTENT="neunte" WC="0.97" CC="522875"/>
						<SP ID="P6_SP00174" HPOS="614" VPOS="2228" WIDTH="44"/>
						<String ID="P6_ST00201" HPOS="658" VPOS="2181" WIDTH="371" HEIGHT="49" CONTENT="Privat-Concert" WC="0.99" CC="75640515071000"/>
						<SP ID="P6_SP00175" HPOS="1029" VPOS="2230" WIDTH="41"/>
						<String ID="P6_ST00202" HPOS="1070" VPOS="2183" WIDTH="157" HEIGHT="49" CONTENT="wurde" WC="1.00" CC="00000"/>
						<SP ID="P6_SP00176" HPOS="1227" VPOS="2232" WIDTH="42"/>
						<String ID="P6_ST00203" HPOS="1269" VPOS="2183" WIDTH="258" HEIGHT="64" CONTENT="eingeleitet" WC="1.00" CC="21700500000"/>
						<SP ID="P6_SP00177" HPOS="1527" VPOS="2247" WIDTH="42"/>
						<String ID="P6_ST00204" HPOS="1569" VPOS="2182" WIDTH="142" HEIGHT="50" CONTENT="durch" WC="0.97" CC="86405"/>
					</TextLine>
					<TextLine ID="P6_TL00028" HPOS="200" VPOS="2256" WIDTH="1511" HEIGHT="62">
						<String ID="P6_ST00205" HPOS="200" VPOS="2257" WIDTH="97" HEIGHT="46" CONTENT="eine" WC="0.97" CC="3080"/>
						<SP ID="P6_SP00178" HPOS="297" VPOS="2303" WIDTH="30"/>
						<String ID="P6_ST00206" HPOS="327" VPOS="2256" WIDTH="199" HEIGHT="48" CONTENT="Sinfonie" WC="0.99" CC="05300406"/>
						<SP ID="P6_SP00179" HPOS="526" VPOS="2304" WIDTH="36"/>
						<String ID="P6_ST00207" HPOS="562" VPOS="2274" WIDTH="82" HEIGHT="30" CONTENT="von" WC="0.99" CC="003"/>
						<SP ID="P6_SP00180" HPOS="644" VPOS="2304" WIDTH="38"/>
						<String ID="P6_ST00208" HPOS="682" VPOS="2257" WIDTH="121" HEIGHT="47" CONTENT="Niels" WC="0.98" CC="50650"/>
						<SP ID="P6_SP00181" HPOS="803" VPOS="2304" WIDTH="32"/>
						<String ID="P6_ST00209" HPOS="835" VPOS="2258" WIDTH="80" HEIGHT="49" CONTENT="W." WC="0.78" CC="04"/>
						<SP ID="P6_SP00182" HPOS="915" VPOS="2307" WIDTH="30"/>
						<String ID="P6_ST00210" HPOS="945" VPOS="2258" WIDTH="144" HEIGHT="56" CONTENT="Gade," WC="0.78" CC="60022"/>
						<SP ID="P6_SP00183" HPOS="1089" VPOS="2314" WIDTH="37"/>
						<String ID="P6_ST00211" HPOS="1126" VPOS="2261" WIDTH="82" HEIGHT="46" CONTENT="Nr." WC="0.96" CC="424"/>
						<SP ID="P6_SP00184" HPOS="1208" VPOS="2314" WIDTH="31"/>
						<String ID="P6_ST00212" HPOS="1239" VPOS="2260" WIDTH="52" HEIGHT="55" CONTENT="4," WC="0.95" CC="00"/>
						<SP ID="P6_SP00185" HPOS="1291" VPOS="2315" WIDTH="40"/>
						<String ID="P6_ST00213" HPOS="1331" VPOS="2260" WIDTH="183" HEIGHT="58" CONTENT="B-dur," WC="0.77" CC="310602" STYLEREFS="TXT_2"/>
						<SP ID="P6_SP00186" HPOS="1514" VPOS="2318" WIDTH="42"/>
						<String ID="P6_ST00214" HPOS="1556" VPOS="2260" WIDTH="71" HEIGHT="47" CONTENT="die" WC="1.00" CC="000"/>
						<SP ID="P6_SP00187" HPOS="1627" VPOS="2318" WIDTH="41"/>
						<String ID="P6_ST00215" HPOS="1668" VPOS="2260" WIDTH="43" HEIGHT="47" CONTENT="in" WC="0.66" CC="06"/>
					</TextLine>
					<TextLine ID="P6_TL00029" HPOS="200" VPOS="2332" WIDTH="1512" HEIGHT="69">
						<String ID="P6_ST00216" HPOS="200" VPOS="2332" WIDTH="122" HEIGHT="47" CONTENT="ihrer" WC="0.98" CC="06005"/>
						<SP ID="P6_SP00188" HPOS="322" VPOS="2379" WIDTH="29"/>
						<String ID="P6_ST00217" HPOS="351" VPOS="2332" WIDTH="235" HEIGHT="48" CONTENT="lieblichen" WC="0.99" CC="2007000603"/>
						<SP ID="P6_SP00189" HPOS="586" VPOS="2380" WIDTH="34"/>
						<String ID="P6_ST00218" HPOS="620" VPOS="2333" WIDTH="259" HEIGHT="49" CONTENT="Weichheit" WC="0.99" CC="050036505"/>
						<SP ID="P6_SP00190" HPOS="879" VPOS="2382" WIDTH="31"/>
						<String ID="P6_ST00219" HPOS="910" VPOS="2335" WIDTH="75" HEIGHT="47" CONTENT="für" WC="0.98" CC="004"/>
						<SP ID="P6_SP00191" HPOS="985" VPOS="2382" WIDTH="27"/>
						<String ID="P6_ST00220" HPOS="1012" VPOS="2335" WIDTH="72" HEIGHT="49" CONTENT="die" WC="1.00" CC="000"/>
						<SP ID="P6_SP00192" HPOS="1084" VPOS="2384" WIDTH="29"/>
						<String ID="P6_ST00221" HPOS="1113" VPOS="2335" WIDTH="166" HEIGHT="49" CONTENT="darauf" WC="0.99" CC="006006"/>
						<SP ID="P6_SP00193" HPOS="1279" VPOS="2384" WIDTH="24"/>
						<String ID="P6_ST00222" HPOS="1303" VPOS="2336" WIDTH="239" HEIGHT="65" CONTENT="folgenden" WC="1.00" CC="015002000"/>
						<SP ID="P6_SP00194" HPOS="1542" VPOS="2401" WIDTH="25"/>
						<String ID="P6_ST00223" HPOS="1567" VPOS="2336" WIDTH="116" HEIGHT="48" CONTENT="Chor" SUBS_TYPE="HypPart1" SUBS_CONTENT="Chorgesänge" WC="0.98" CC="0402"/>
						<HYP HPOS="1683" VPOS="2336" WIDTH="29" CONTENT="-"/>
					</TextLine>
					<TextLine ID="P6_TL00030" HPOS="200" VPOS="2409" WIDTH="1514" HEIGHT="65">
						<String ID="P6_ST00224" HPOS="200" VPOS="2413" WIDTH="195" HEIGHT="60" CONTENT="gesänge" SUBS_TYPE="HypPart2" SUBS_CONTENT="Chorgesänge" WC="0.97" CC="9208806"/>
						<SP ID="P6_SP00195" HPOS="395" VPOS="2473" WIDTH="43"/>
						<String ID="P6_ST00225" HPOS="438" VPOS="2409" WIDTH="84" HEIGHT="47" CONTENT="wie" WC="0.98" CC="004"/>
						<SP ID="P6_SP00196" HPOS="522" VPOS="2473" WIDTH="42"/>
						<String ID="P6_ST00226" HPOS="564" VPOS="2411" WIDTH="151" HEIGHT="63" CONTENT="eigens" WC="0.98" CC="069000"/>
						<SP ID="P6_SP00197" HPOS="715" VPOS="2474" WIDTH="42"/>
						<String ID="P6_ST00227" HPOS="757" VPOS="2411" WIDTH="257" HEIGHT="63" CONTENT="geschaffen" WC="0.99" CC="0650700006"/>
						<SP ID="P6_SP00198" HPOS="1014" VPOS="2474" WIDTH="38"/>
						<String ID="P6_ST00228" HPOS="1052" VPOS="2413" WIDTH="165" HEIGHT="47" CONTENT="schien." WC="0.99" CC="0050060"/>
						<SP ID="P6_SP00199" HPOS="1217" VPOS="2474" WIDTH="56"/>
						<String ID="P6_ST00229" HPOS="1273" VPOS="2413" WIDTH="99" HEIGHT="47" CONTENT="Auf" WC="0.99" CC="200"/>
						<SP ID="P6_SP00200" HPOS="1372" VPOS="2474" WIDTH="24"/>
						<String ID="P6_ST00230" HPOS="1396" VPOS="2413" WIDTH="210" HEIGHT="50" CONTENT="Wunsch" WC="0.99" CC="034005"/>
						<SP ID="P6_SP00201" HPOS="1606" VPOS="2474" WIDTH="30"/>
						<String ID="P6_ST00231" HPOS="1636" VPOS="2413" WIDTH="78" HEIGHT="49" CONTENT="des" WC="1.00" CC="000"/>
					</TextLine>
					<TextLine ID="P6_TL00031" HPOS="198" VPOS="2486" WIDTH="1514" HEIGHT="53">
						<String ID="P6_ST00232" HPOS="198" VPOS="2486" WIDTH="262" HEIGHT="47" CONTENT="Publicums" WC="0.65" CC="057600550"/>
						<SP ID="P6_SP00202" HPOS="460" VPOS="2533" WIDTH="42"/>
						<String ID="P6_ST00233" HPOS="502" VPOS="2486" WIDTH="157" HEIGHT="48" CONTENT="wurde" WC="0.98" CC="01180"/>
						<SP ID="P6_SP00203" HPOS="659" VPOS="2534" WIDTH="28"/>
						<String ID="P6_ST00234" HPOS="687" VPOS="2487" WIDTH="356" HEIGHT="49" CONTENT="Mendelssohn's" WC="0.70" CC="5259230004301"/>
						<SP ID="P6_SP00204" HPOS="1043" VPOS="2536" WIDTH="28"/>
						<String ID="P6_ST00235" HPOS="1071" VPOS="2487" WIDTH="100" HEIGHT="52" CONTENT="Ave" WC="0.96" CC="504" STYLEREFS="TXT_2"/>
						<SP ID="P6_SP00205" HPOS="1171" VPOS="2539" WIDTH="29"/>
						<String ID="P6_ST00236" HPOS="1200" VPOS="2489" WIDTH="77" HEIGHT="49" CONTENT="für" WC="1.00" CC="000"/>
						<SP ID="P6_SP00206" HPOS="1277" VPOS="2539" WIDTH="29"/>
						<String ID="P6_ST00237" HPOS="1306" VPOS="2491" WIDTH="284" HEIGHT="48" CONTENT="Tenor-Solo" WC="0.99" CC="0044300353"/>
						<SP ID="P6_SP00207" HPOS="1590" VPOS="2539" WIDTH="33"/>
						<String ID="P6_ST00238" HPOS="1623" VPOS="2489" WIDTH="89" HEIGHT="49" CONTENT="und" WC="0.98" CC="230"/>
					</TextLine>
					<TextLine ID="P6_TL00032" HPOS="198" VPOS="2562" WIDTH="1516" HEIGHT="65">
						<String ID="P6_ST00239" HPOS="198" VPOS="2562" WIDTH="360" HEIGHT="65" CONTENT="achtstimmigen" WC="0.99" CC="0076070090010"/>
						<SP ID="P6_SP00208" HPOS="558" VPOS="2627" WIDTH="33"/>
						<String ID="P6_ST00240" HPOS="591" VPOS="2563" WIDTH="122" HEIGHT="48" CONTENT="Chor" WC="0.96" CC="6534"/>
						<SP ID="P6_SP00209" HPOS="713" VPOS="2627" WIDTH="30"/>
						<String ID="P6_ST00241" HPOS="743" VPOS="2563" WIDTH="282" HEIGHT="60" CONTENT="wiederholt," WC="0.99" CC="00090072664"/>
						<SP ID="P6_SP00210" HPOS="1025" VPOS="2627" WIDTH="38"/>
						<String ID="P6_ST00242" HPOS="1063" VPOS="2566" WIDTH="169" HEIGHT="48" CONTENT="darauf" WC="0.97" CC="096529"/>
						<SP ID="P6_SP00211" HPOS="1232" VPOS="2627" WIDTH="34"/>
						<String ID="P6_ST00243" HPOS="1266" VPOS="2568" WIDTH="124" HEIGHT="55" CONTENT="„Der" WC="0.99" CC="6000"/>
						<SP ID="P6_SP00212" HPOS="1390" VPOS="2627" WIDTH="26"/>
						<String ID="P6_ST00244" HPOS="1416" VPOS="2575" WIDTH="117" HEIGHT="40" CONTENT="erste" WC="0.99" CC="03050"/>
						<SP ID="P6_SP00213" HPOS="1533" VPOS="2627" WIDTH="32"/>
						<String ID="P6_ST00245" HPOS="1565" VPOS="2567" WIDTH="120" HEIGHT="48" CONTENT="Früh" SUBS_TYPE="HypPart1" SUBS_CONTENT='Frühlingstag",' WC="0.98" CC="6504"/>
						<HYP HPOS="1685" VPOS="2567" WIDTH="29" CONTENT="-"/>
					</TextLine>
					<TextLine ID="P6_TL00033" HPOS="200" VPOS="2638" WIDTH="1508" HEIGHT="70">
						<String ID="P6_ST00246" HPOS="200" VPOS="2639" WIDTH="246" HEIGHT="64" CONTENT='lingstag",' SUBS_TYPE="HypPart2" SUBS_CONTENT='Frühlingstag",' WC="1.00" CC="0040310020"/>
						<SP ID="P6_SP00214" HPOS="446" VPOS="2703" WIDTH="31"/>
						<String ID="P6_ST00247" HPOS="477" VPOS="2638" WIDTH="92" HEIGHT="48" CONTENT="drei" WC="0.98" CC="0033"/>
						<SP ID="P6_SP00215" HPOS="569" VPOS="2703" WIDTH="29"/>
						<String ID="P6_ST00248" HPOS="598" VPOS="2639" WIDTH="166" HEIGHT="49" CONTENT="Lieder" WC="0.99" CC="600004"/>
						<SP ID="P6_SP00216" HPOS="764" VPOS="2703" WIDTH="30"/>
						<String ID="P6_ST00249" HPOS="794" VPOS="2642" WIDTH="75" HEIGHT="46" CONTENT="für" WC="0.95" CC="085"/>
						<SP ID="P6_SP00217" HPOS="869" VPOS="2703" WIDTH="30"/>
						<String ID="P6_ST00250" HPOS="899" VPOS="2642" WIDTH="124" HEIGHT="48" CONTENT="Chor" WC="0.95" CC="5557"/>
						<SP ID="P6_SP00218" HPOS="1023" VPOS="2703" WIDTH="36"/>
						<String ID="P6_ST00251" HPOS="1059" VPOS="2658" WIDTH="83" HEIGHT="32" CONTENT="von" WC="0.97" CC="008"/>
						<SP ID="P6_SP00219" HPOS="1142" VPOS="2703" WIDTH="32"/>
						<String ID="P6_ST00252" HPOS="1174" VPOS="2643" WIDTH="336" HEIGHT="59" CONTENT="Mendelssohn," WC="1.00" CC="404001000630"/>
						<SP ID="P6_SP00220" HPOS="1510" VPOS="2703" WIDTH="38"/>
						<String ID="P6_ST00253" HPOS="1548" VPOS="2660" WIDTH="134" HEIGHT="48" CONTENT="gesun" SUBS_TYPE="HypPart1" SUBS_CONTENT="gesungen." WC="0.98" CC="00067"/>
						<HYP HPOS="1682" VPOS="2660" WIDTH="26" CONTENT="-"/>
					</TextLine>
					<TextLine ID="P6_TL00034" HPOS="200" VPOS="2716" WIDTH="1514" HEIGHT="63">
						<String ID="P6_ST00254" HPOS="200" VPOS="2732" WIDTH="101" HEIGHT="47" CONTENT="gen." SUBS_TYPE="HypPart2" SUBS_CONTENT="gesungen." WC="0.99" CC="0050"/>
						<SP ID="P6_SP00221" HPOS="301" VPOS="2779" WIDTH="54"/>
						<String ID="P6_ST00255" HPOS="355" VPOS="2716" WIDTH="66" HEIGHT="47" CONTENT="Im" WC="1.00" CC="00"/>
						<SP ID="P6_SP00222" HPOS="421" VPOS="2779" WIDTH="29"/>
						<String ID="P6_ST00256" HPOS="450" VPOS="2717" WIDTH="184" HEIGHT="47" CONTENT="zweiten" WC="0.99" CC="4000721"/>
						<SP ID="P6_SP00223" HPOS="634" VPOS="2779" WIDTH="33"/>
						<String ID="P6_ST00257" HPOS="667" VPOS="2718" WIDTH="156" HEIGHT="47" CONTENT="Theile" WC="0.76" CC="205006"/>
						<SP ID="P6_SP00224" HPOS="823" VPOS="2779" WIDTH="31"/>
						<String ID="P6_ST00258" HPOS="854" VPOS="2719" WIDTH="101" HEIGHT="47" CONTENT="kam" WC="0.94" CC="960"/>
						<SP ID="P6_SP00225" HPOS="955" VPOS="2779" WIDTH="32"/>
						<String ID="P6_ST00259" HPOS="987" VPOS="2719" WIDTH="80" HEIGHT="49" CONTENT="das" WC="1.00" CC="000"/>
						<SP ID="P6_SP00226" HPOS="1067" VPOS="2779" WIDTH="28"/>
						<String ID="P6_ST00260" HPOS="1095" VPOS="2721" WIDTH="349" HEIGHT="48" CONTENT="Alexanderfest" WC="1.00" CC="0400033040263"/>
						<SP ID="P6_SP00227" HPOS="1444" VPOS="2779" WIDTH="27"/>
						<String ID="P6_ST00261" HPOS="1471" VPOS="2737" WIDTH="84" HEIGHT="32" CONTENT="von" WC="1.00" CC="010"/>
						<SP ID="P6_SP00228" HPOS="1555" VPOS="2779" WIDTH="32"/>
						<String ID="P6_ST00262" HPOS="1587" VPOS="2723" WIDTH="96" HEIGHT="46" CONTENT="Hän" SUBS_TYPE="HypPart1" SUBS_CONTENT="Händel" WC="0.97" CC="607"/>
						<HYP HPOS="1683" VPOS="2723" WIDTH="31" CONTENT="-"/>
					</TextLine>
					<TextLine ID="P6_TL00035" HPOS="200" VPOS="2793" WIDTH="1512" HEIGHT="71">
						<String ID="P6_ST00263" HPOS="200" VPOS="2793" WIDTH="71" HEIGHT="47" CONTENT="del" SUBS_TYPE="HypPart2" SUBS_CONTENT="Händel" WC="0.97" CC="007"/>
						<SP ID="P6_SP00229" HPOS="271" VPOS="2840" WIDTH="42"/>
						<String ID="P6_ST00264" HPOS="313" VPOS="2793" WIDTH="114" HEIGHT="47" CONTENT="nach" WC="0.99" CC="4001"/>
						<SP ID="P6_SP00230" HPOS="427" VPOS="2840" WIDTH="39"/>
						<String ID="P6_ST00265" HPOS="466" VPOS="2793" WIDTH="82" HEIGHT="48" CONTENT="der" WC="1.00" CC="000"/>
						<SP ID="P6_SP00231" HPOS="548" VPOS="2841" WIDTH="35"/>
						<String ID="P6_ST00266" HPOS="583" VPOS="2794" WIDTH="324" HEIGHT="50" CONTENT="Mozart'schen" WC="0.51" CC="046698070426"/>
						<SP ID="P6_SP00232" HPOS="907" VPOS="2844" WIDTH="31"/>
						<String ID="P6_ST00267" HPOS="938" VPOS="2797" WIDTH="307" HEIGHT="66" CONTENT="Bearbeitung" WC="0.99" CC="70335006509"/>
						<SP ID="P6_SP00233" HPOS="1245" VPOS="2863" WIDTH="44"/>
						<String ID="P6_ST00268" HPOS="1289" VPOS="2816" WIDTH="79" HEIGHT="29" CONTENT="zur" WC="0.93" CC="566"/>
						<SP ID="P6_SP00234" HPOS="1368" VPOS="2863" WIDTH="28"/>
						<String ID="P6_ST00269" HPOS="1396" VPOS="2799" WIDTH="316" HEIGHT="65" CONTENT="Aufführung." WC="0.99" CC="02670094000"/>
					</TextLine>
					<TextLine ID="P6_TL00036" HPOS="197" VPOS="2869" WIDTH="1515" HEIGHT="71">
						<String ID="P6_ST00270" HPOS="197" VPOS="2869" WIDTH="201" HEIGHT="48" CONTENT="Obwohl" WC="0.98" CC="870073"/>
						<SP ID="P6_SP00235" HPOS="398" VPOS="2917" WIDTH="30"/>
						<String ID="P6_ST00271" HPOS="428" VPOS="2869" WIDTH="80" HEIGHT="48" CONTENT="das" WC="0.94" CC="095"/>
						<SP ID="P6_SP00236" HPOS="508" VPOS="2917" WIDTH="24"/>
						<String ID="P6_ST00272" HPOS="532" VPOS="2872" WIDTH="342" HEIGHT="62" CONTENT="Sonntagsblatt" WC="0.99" CC="6248569646084"/>
						<SP ID="P6_SP00237" HPOS="874" VPOS="2934" WIDTH="28"/>
						<String ID="P6_ST00273" HPOS="902" VPOS="2873" WIDTH="145" HEIGHT="66" CONTENT="einige" WC="0.98" CC="027505"/>
						<SP ID="P6_SP00238" HPOS="1047" VPOS="2939" WIDTH="29"/>
						<String ID="P6_ST00274" HPOS="1076" VPOS="2874" WIDTH="265" HEIGHT="49" CONTENT="erklärende" WC="0.99" CC="5506000700"/>
						<SP ID="P6_SP00239" HPOS="1341" VPOS="2939" WIDTH="23"/>
						<String ID="P6_ST00275" HPOS="1364" VPOS="2876" WIDTH="348" HEIGHT="64" CONTENT="Mittheilungen" WC="1.00" CC="0043500230000"/>
					</TextLine>
					<TextLine ID="P6_TL00037" HPOS="197" VPOS="2945" WIDTH="1517" HEIGHT="72">
						<String ID="P6_ST00276" HPOS="197" VPOS="2945" WIDTH="114" HEIGHT="49" CONTENT="über" WC="0.98" CC="0504"/>
						<SP ID="P6_SP00240" HPOS="311" VPOS="2994" WIDTH="28"/>
						<String ID="P6_ST00277" HPOS="339" VPOS="2945" WIDTH="73" HEIGHT="50" CONTENT="die" WC="1.00" CC="000"/>
						<SP ID="P6_SP00241" HPOS="412" VPOS="2995" WIDTH="35"/>
						<String ID="P6_ST00278" HPOS="447" VPOS="2947" WIDTH="104" HEIGHT="48" CONTENT="Idee" WC="0.95" CC="7950"/>
						<SP ID="P6_SP00242" HPOS="551" VPOS="2995" WIDTH="41"/>
						<String ID="P6_ST00279" HPOS="592" VPOS="2948" WIDTH="80" HEIGHT="47" CONTENT="der" WC="0.99" CC="003"/>
						<SP ID="P6_SP00243" HPOS="672" VPOS="2995" WIDTH="32"/>
						<String ID="P6_ST00280" HPOS="704" VPOS="2949" WIDTH="336" HEIGHT="65" CONTENT="Dryden'schen" WC="0.66" CC="707736030500"/>
						<SP ID="P6_SP00244" HPOS="1040" VPOS="3014" WIDTH="31"/>
						<String ID="P6_ST00281" HPOS="1071" VPOS="2952" WIDTH="232" HEIGHT="65" CONTENT="Dichtung" WC="0.99" CC="46050400"/>
						<SP ID="P6_SP00245" HPOS="1303" VPOS="3017" WIDTH="28"/>
						<String ID="P6_ST00282" HPOS="1331" VPOS="2953" WIDTH="214" HEIGHT="64" CONTENT="gemacht" WC="0.99" CC="0070004"/>
						<SP ID="P6_SP00246" HPOS="1545" VPOS="3017" WIDTH="29"/>
						<String ID="P6_ST00283" HPOS="1574" VPOS="2953" WIDTH="140" HEIGHT="57" CONTENT="hatte," WC="0.98" CC="244004"/>
					</TextLine>
					<TextLine ID="P6_TL00038" HPOS="198" VPOS="3022" WIDTH="1516" HEIGHT="61">
						<String ID="P6_ST00284" HPOS="198" VPOS="3023" WIDTH="115" HEIGHT="48" CONTENT="auch" WC="0.97" CC="9006"/>
						<SP ID="P6_SP00247" HPOS="313" VPOS="3071" WIDTH="29"/>
						<String ID="P6_ST00285" HPOS="342" VPOS="3022" WIDTH="70" HEIGHT="48" CONTENT="die" WC="0.97" CC="006"/>
						<SP ID="P6_SP00248" HPOS="412" VPOS="3071" WIDTH="28"/>
						<String ID="P6_ST00286" HPOS="440" VPOS="3024" WIDTH="91" HEIGHT="47" CONTENT="Soli" WC="0.97" CC="2136"/>
						<SP ID="P6_SP00249" HPOS="531" VPOS="3071" WIDTH="32"/>
						<String ID="P6_ST00287" HPOS="563" VPOS="3024" WIDTH="41" HEIGHT="47" CONTENT="in" WC="0.36" CC="65"/>
						<SP ID="P6_SP00250" HPOS="604" VPOS="3071" WIDTH="31"/>
						<String ID="P6_ST00288" HPOS="635" VPOS="3025" WIDTH="153" HEIGHT="49" CONTENT="Herrn" WC="0.98" CC="82401"/>
						<SP ID="P6_SP00251" HPOS="788" VPOS="3074" WIDTH="30"/>
						<String ID="P6_ST00289" HPOS="818" VPOS="3027" WIDTH="81" HEIGHT="47" CONTENT="Dr." WC="0.93" CC="764"/>
						<SP ID="P6_SP00252" HPOS="899" VPOS="3074" WIDTH="32"/>
						<String ID="P6_ST00290" HPOS="931" VPOS="3027" WIDTH="173" HEIGHT="56" CONTENT="Gunz," WC="0.56" CC="33770"/>
						<SP ID="P6_SP00253" HPOS="1104" VPOS="3083" WIDTH="42"/>
						<String ID="P6_ST00291" HPOS="1146" VPOS="3029" WIDTH="150" HEIGHT="47" CONTENT="Herrn" WC="0.98" CC="80027"/>
						<SP ID="P6_SP00254" HPOS="1296" VPOS="3083" WIDTH="31"/>
						<String ID="P6_ST00292" HPOS="1327" VPOS="3029" WIDTH="211" HEIGHT="48" CONTENT="Director" WC="0.70" CC="00500755"/>
						<SP ID="P6_SP00255" HPOS="1538" VPOS="3083" WIDTH="28"/>
						<String ID="P6_ST00293" HPOS="1566" VPOS="3029" WIDTH="148" HEIGHT="48" CONTENT="Behr" WC="0.59" CC="7206"/>
					</TextLine>
					<TextLine ID="P6_TL00039" HPOS="200" VPOS="3099" WIDTH="1512" HEIGHT="71">
						<String ID="P6_ST00294" HPOS="200" VPOS="3099" WIDTH="89" HEIGHT="48" CONTENT="und" WC="0.98" CC="040"/>
						<SP ID="P6_SP00256" HPOS="289" VPOS="3147" WIDTH="31"/>
						<String ID="P6_ST00295" HPOS="320" VPOS="3100" WIDTH="207" HEIGHT="47" CONTENT="Fräulein" WC="0.99" CC="52024407"/>
						<SP ID="P6_SP00257" HPOS="527" VPOS="3147" WIDTH="32"/>
						<String ID="P6_ST00296" HPOS="559" VPOS="3103" WIDTH="161" HEIGHT="47" CONTENT="Beste" WC="0.97" CC="93062"/>
						<SP ID="P6_SP00258" HPOS="720" VPOS="3150" WIDTH="31"/>
						<String ID="P6_ST00297" HPOS="751" VPOS="3104" WIDTH="99" HEIGHT="47" CONTENT="eine" WC="0.97" CC="2074"/>
						<SP ID="P6_SP00259" HPOS="850" VPOS="3151" WIDTH="29"/>
						<String ID="P6_ST00298" HPOS="879" VPOS="3104" WIDTH="307" HEIGHT="48" CONTENT="vortreffliche" WC="1.00" CC="0205900060000"/>
						<SP ID="P6_SP00260" HPOS="1186" VPOS="3152" WIDTH="22"/>
						<String ID="P6_ST00299" HPOS="1208" VPOS="3105" WIDTH="253" HEIGHT="65" CONTENT="Besetzung" WC="0.98" CC="500304569"/>
						<SP ID="P6_SP00261" HPOS="1461" VPOS="3170" WIDTH="23"/>
						<String ID="P6_ST00300" HPOS="1484" VPOS="3105" WIDTH="228" HEIGHT="65" CONTENT="gefunden" WC="0.99" CC="00046905"/>
					</TextLine>
					<TextLine ID="P6_TL00040" HPOS="202" VPOS="3178" WIDTH="1513" HEIGHT="54">
						<String ID="P6_ST00301" HPOS="202" VPOS="3178" WIDTH="170" HEIGHT="54" CONTENT="hatten," WC="0.98" CC="7046500"/>
						<SP ID="P6_SP00262" HPOS="372" VPOS="3232" WIDTH="30"/>
						<String ID="P6_ST00302" HPOS="402" VPOS="3193" WIDTH="48" HEIGHT="32" CONTENT="so" WC="0.84" CC="30"/>
						<SP ID="P6_SP00263" HPOS="450" VPOS="3232" WIDTH="30"/>
						<String ID="P6_ST00303" HPOS="480" VPOS="3179" WIDTH="157" HEIGHT="48" CONTENT="wurde" WC="0.99" CC="03400"/>
						<SP ID="P6_SP00264" HPOS="637" VPOS="3232" WIDTH="35"/>
						<String ID="P6_ST00304" HPOS="672" VPOS="3180" WIDTH="114" HEIGHT="49" CONTENT="doch" WC="0.97" CC="0616"/>
						<SP ID="P6_SP00265" HPOS="786" VPOS="3232" WIDTH="31"/>
						<String ID="P6_ST00305" HPOS="817" VPOS="3180" WIDTH="71" HEIGHT="49" CONTENT="die" WC="0.94" CC="870"/>
						<SP ID="P6_SP00266" HPOS="888" VPOS="3232" WIDTH="30"/>
						<String ID="P6_ST00306" HPOS="918" VPOS="3182" WIDTH="300" HEIGHT="48" CONTENT="Theilnahme" WC="0.70" CC="0700580700"/>
						<SP ID="P6_SP00267" HPOS="1218" VPOS="3232" WIDTH="29"/>
						<String ID="P6_ST00307" HPOS="1247" VPOS="3183" WIDTH="80" HEIGHT="48" CONTENT="der" WC="0.95" CC="770"/>
						<SP ID="P6_SP00268" HPOS="1327" VPOS="3232" WIDTH="28"/>
						<String ID="P6_ST00308" HPOS="1355" VPOS="3184" WIDTH="209" HEIGHT="48" CONTENT="Zuhörer" WC="0.99" CC="0037230"/>
						<SP ID="P6_SP00269" HPOS="1564" VPOS="3232" WIDTH="29"/>
						<String ID="P6_ST00309" HPOS="1593" VPOS="3184" WIDTH="122" HEIGHT="48" CONTENT="nicht" WC="0.98" CC="60072"/>
					</TextLine>
					<TextLine ID="P6_TL00041" HPOS="198" VPOS="3253" WIDTH="454" HEIGHT="49">
						<String ID="P6_ST00310" HPOS="198" VPOS="3253" WIDTH="205" HEIGHT="49" CONTENT="dauernd" WC="1.00" CC="0000030"/>
						<SP ID="P6_SP00270" HPOS="403" VPOS="3302" WIDTH="29"/>
						<String ID="P6_ST00311" HPOS="432" VPOS="3254" WIDTH="220" HEIGHT="48" CONTENT="erhalten." WC="0.99" CC="006404014"/>
					</TextLine>
					<TextLine ID="P6_TL00042" HPOS="317" VPOS="3331" WIDTH="976" HEIGHT="54">
						<String ID="P6_ST00312" HPOS="317" VPOS="3333" WIDTH="90" HEIGHT="45" CONTENT="Das" WC="0.98" CC="004"/>
						<SP ID="P6_SP00271" HPOS="407" VPOS="3378" WIDTH="26"/>
						<String ID="P6_ST00313" HPOS="433" VPOS="3331" WIDTH="159" HEIGHT="49" CONTENT="zehnte" WC="0.98" CC="605460"/>
						<SP ID="P6_SP00272" HPOS="592" VPOS="3380" WIDTH="31"/>
						<String ID="P6_ST00314" HPOS="623" VPOS="3333" WIDTH="367" HEIGHT="51" CONTENT="Privat-Concert" WC="0.99" CC="05020437936036"/>
						<SP ID="P6_SP00273" HPOS="990" VPOS="3384" WIDTH="22"/>
						<String ID="P6_ST00315" HPOS="1012" VPOS="3335" WIDTH="187" HEIGHT="50" CONTENT="brachte" WC="0.98" CC="7060770"/>
						<SP ID="P6_SP00274" HPOS="1199" VPOS="3385" WIDTH="24"/>
						<String ID="P6_ST00316" HPOS="1223" VPOS="3335" WIDTH="70" HEIGHT="50" CONTENT="die" WC="1.00" CC="000"/>
						<SP ID="P6_SP00275" HPOS="1293" VPOS="3385" WIDTH="0"/>
					</TextLine>
					<TextLine ID="P6_TL00043" HPOS="198" VPOS="3408" WIDTH="1516" HEIGHT="58">
						<String ID="P6_ST00317" HPOS="198" VPOS="3424" WIDTH="83" HEIGHT="31" CONTENT="von" WC="0.97" CC="007"/>
						<SP ID="P6_SP00276" HPOS="281" VPOS="3455" WIDTH="24"/>
						<String ID="P6_ST00318" HPOS="305" VPOS="3408" WIDTH="272" HEIGHT="56" CONTENT="Beethoven," WC="0.98" CC="7047741662"/>
						<SP ID="P6_SP00277" HPOS="577" VPOS="3464" WIDTH="30"/>
						<String ID="P6_ST00319" HPOS="607" VPOS="3409" WIDTH="89" HEIGHT="57" CONTENT="die," WC="0.98" CC="0704"/>
						<SP ID="P6_SP00278" HPOS="696" VPOS="3466" WIDTH="31"/>
						<String ID="P6_ST00320" HPOS="727" VPOS="3410" WIDTH="82" HEIGHT="48" CONTENT="wie" WC="0.98" CC="006"/>
						<SP ID="P6_SP00279" HPOS="809" VPOS="3466" WIDTH="22"/>
						<String ID="P6_ST00321" HPOS="831" VPOS="3419" WIDTH="122" HEIGHT="47" CONTENT="stets," WC="0.99" CC="450000"/>
						<SP ID="P6_SP00280" HPOS="953" VPOS="3466" WIDTH="29"/>
						<String ID="P6_ST00322" HPOS="982" VPOS="3414" WIDTH="116" HEIGHT="47" CONTENT="auch" WC="1.00" CC="0001"/>
						<SP ID="P6_SP00281" HPOS="1098" VPOS="3466" WIDTH="26"/>
						<String ID="P6_ST00323" HPOS="1124" VPOS="3414" WIDTH="187" HEIGHT="48" CONTENT="diesmal" WC="0.99" CC="4540000"/>
						<SP ID="P6_SP00282" HPOS="1311" VPOS="3466" WIDTH="32"/>
						<String ID="P6_ST00324" HPOS="1343" VPOS="3414" WIDTH="80" HEIGHT="48" CONTENT="mit" WC="0.96" CC="630"/>
						<SP ID="P6_SP00283" HPOS="1423" VPOS="3466" WIDTH="28"/>
						<String ID="P6_ST00325" HPOS="1451" VPOS="3414" WIDTH="263" HEIGHT="50" CONTENT="dankbarer" WC="0.99" CC="004029320"/>
					</TextLine>
					<TextLine ID="P6_TL00044" HPOS="201" VPOS="3485" WIDTH="1510" HEIGHT="66">
						<String ID="P6_ST00326" HPOS="201" VPOS="3485" WIDTH="325" HEIGHT="65" CONTENT="Begeisterung" WC="1.00" CC="900400000040"/>
						<SP ID="P6_SP00284" HPOS="526" VPOS="3550" WIDTH="42"/>
						<String ID="P6_ST00327" HPOS="568" VPOS="3488" WIDTH="350" HEIGHT="63" CONTENT="aufgenommen" WC="0.99" CC="04090005800"/>
						<SP ID="P6_SP00285" HPOS="918" VPOS="3551" WIDTH="45"/>
						<String ID="P6_ST00328" HPOS="963" VPOS="3492" WIDTH="171" HEIGHT="48" CONTENT="wurde." WC="0.99" CC="040700"/>
						<SP ID="P6_SP00286" HPOS="1134" VPOS="3551" WIDTH="55"/>
						<String ID="P6_ST00329" HPOS="1189" VPOS="3492" WIDTH="79" HEIGHT="46" CONTENT="Als" WC="0.97" CC="072"/>
						<SP ID="P6_SP00287" HPOS="1268" VPOS="3551" WIDTH="42"/>
						<String ID="P6_ST00330" HPOS="1310" VPOS="3492" WIDTH="137" HEIGHT="48" CONTENT="Gäste" WC="0.98" CC="50105"/>
						<SP ID="P6_SP00288" HPOS="1447" VPOS="3551" WIDTH="43"/>
						<String ID="P6_ST00331" HPOS="1490" VPOS="3492" WIDTH="221" HEIGHT="48" CONTENT="beehrten" WC="0.98" CC="72204725"/>
					</TextLine>
					<TextLine ID="P6_TL00045" HPOS="200" VPOS="3561" WIDTH="1510" HEIGHT="73">
						<String ID="P6_ST00332" HPOS="200" VPOS="3577" WIDTH="81" HEIGHT="31" CONTENT="uns" WC="0.95" CC="705"/>
						<SP ID="P6_SP00289" HPOS="281" VPOS="3608" WIDTH="29"/>
						<String ID="P6_ST00333" HPOS="310" VPOS="3561" WIDTH="122" HEIGHT="49" CONTENT="Herr" WC="0.97" CC="6203"/>
						<SP ID="P6_SP00290" HPOS="432" VPOS="3610" WIDTH="27"/>
						<String ID="P6_ST00334" HPOS="459" VPOS="3564" WIDTH="128" HEIGHT="47" CONTENT="Karl" WC="0.97" CC="6403"/>
						<SP ID="P6_SP00291" HPOS="587" VPOS="3611" WIDTH="39"/>
						<String ID="P6_ST00335" HPOS="626" VPOS="3564" WIDTH="281" HEIGHT="49" CONTENT="Reinecke" WC="0.99" CC="76292000"/>
						<SP ID="P6_SP00292" HPOS="907" VPOS="3613" WIDTH="38"/>
						<String ID="P6_ST00336" HPOS="945" VPOS="3582" WIDTH="80" HEIGHT="31" CONTENT="aus" WC="1.00" CC="000"/>
						<SP ID="P6_SP00293" HPOS="1025" VPOS="3613" WIDTH="28"/>
						<String ID="P6_ST00337" HPOS="1053" VPOS="3566" WIDTH="182" HEIGHT="65" CONTENT="Leipzig" WC="1.00" CC="0100110"/>
						<SP ID="P6_SP00294" HPOS="1235" VPOS="3631" WIDTH="29"/>
						<String ID="P6_ST00338" HPOS="1264" VPOS="3568" WIDTH="90" HEIGHT="48" CONTENT="und" WC="0.97" CC="070"/>
						<SP ID="P6_SP00295" HPOS="1354" VPOS="3631" WIDTH="29"/>
						<String ID="P6_ST00339" HPOS="1383" VPOS="3568" WIDTH="71" HEIGHT="48" CONTENT="die" WC="0.99" CC="002"/>
						<SP ID="P6_SP00296" HPOS="1454" VPOS="3631" WIDTH="31"/>
						<String ID="P6_ST00340" HPOS="1485" VPOS="3568" WIDTH="225" HEIGHT="66" CONTENT="königlich" WC="1.00" CC="000000407"/>
					</TextLine>
					<TextLine ID="P6_TL00046" HPOS="197" VPOS="3638" WIDTH="1514" HEIGHT="67">
						<String ID="P6_ST00341" HPOS="197" VPOS="3638" WIDTH="305" HEIGHT="49" CONTENT="schwedische" WC="0.99" CC="01700006061"/>
						<SP ID="P6_SP00297" HPOS="502" VPOS="3687" WIDTH="53"/>
						<String ID="P6_ST00342" HPOS="555" VPOS="3641" WIDTH="303" HEIGHT="64" CONTENT="Ilofsängerin" WC="0.45" CC="270879805834"/>
						<SP ID="P6_SP00298" HPOS="858" VPOS="3705" WIDTH="57"/>
						<String ID="P6_ST00343" HPOS="915" VPOS="3644" WIDTH="122" HEIGHT="48" CONTENT="Frau" WC="0.97" CC="9300"/>
						<SP ID="P6_SP00299" HPOS="1037" VPOS="3705" WIDTH="54"/>
						<String ID="P6_ST00344" HPOS="1091" VPOS="3644" WIDTH="200" HEIGHT="49" CONTENT="Louise" WC="0.99" CC="050000"/>
						<SP ID="P6_SP00300" HPOS="1291" VPOS="3705" WIDTH="54"/>
						<String ID="P6_ST00345" HPOS="1345" VPOS="3646" WIDTH="330" HEIGHT="49" CONTENT="Michal-Mi" SUBS_TYPE="HypPart1" SUBS_CONTENT="Michal-Michaeli." WC="0.87" CC="000605000"/>
						<HYP HPOS="1675" VPOS="3646" WIDTH="36" CONTENT="-"/>
					</TextLine>
					<TextLine ID="P6_TL00047" HPOS="198" VPOS="3715" WIDTH="1512" HEIGHT="74">
						<String ID="P6_ST00346" HPOS="198" VPOS="3715" WIDTH="196" HEIGHT="50" CONTENT="chaeli." SUBS_TYPE="HypPart2" SUBS_CONTENT="Michal-Michaeli." WC="0.64" CC="6044323"/>
						<SP ID="P6_SP00301" HPOS="394" VPOS="3765" WIDTH="29"/>
						<String ID="P6_ST00347" HPOS="423" VPOS="3719" WIDTH="95" HEIGHT="46" CONTENT="Das" WC="0.95" CC="740"/>
						<SP ID="P6_SP00302" HPOS="518" VPOS="3765" WIDTH="32"/>
						<String ID="P6_ST00348" HPOS="550" VPOS="3719" WIDTH="412" HEIGHT="58" CONTENT="Clavier-Concert," WC="0.76" CC="6500005220100904"/>
						<SP ID="P6_SP00303" HPOS="962" VPOS="3777" WIDTH="26"/>
						<String ID="P6_ST00349" HPOS="988" VPOS="3738" WIDTH="83" HEIGHT="30" CONTENT="von" WC="0.94" CC="366"/>
						<SP ID="P6_SP00304" HPOS="1071" VPOS="3777" WIDTH="27"/>
						<String ID="P6_ST00350" HPOS="1098" VPOS="3723" WIDTH="148" HEIGHT="47" CONTENT="Herrn" WC="0.98" CC="81133"/>
						<SP ID="P6_SP00305" HPOS="1246" VPOS="3777" WIDTH="24"/>
						<String ID="P6_ST00351" HPOS="1270" VPOS="3723" WIDTH="226" HEIGHT="48" CONTENT="Reinecke" WC="1.00" CC="00003001"/>
						<SP ID="P6_SP00306" HPOS="1496" VPOS="3777" WIDTH="31"/>
						<String ID="P6_ST00352" HPOS="1527" VPOS="3739" WIDTH="153" HEIGHT="50" CONTENT="compo" SUBS_TYPE="HypPart1" SUBS_CONTENT="componirt" WC="0.73" CC="27600"/>
						<HYP HPOS="1680" VPOS="3739" WIDTH="30" CONTENT="-"/>
					</TextLine>
					<TextLine ID="P6_TL00048" HPOS="200" VPOS="3792" WIDTH="1508" HEIGHT="73">
						<String ID="P6_ST00353" HPOS="200" VPOS="3792" WIDTH="85" HEIGHT="47" CONTENT="nirt" SUBS_TYPE="HypPart2" SUBS_CONTENT="componirt" WC="0.66" CC="7060"/>
						<SP ID="P6_SP00307" HPOS="285" VPOS="3839" WIDTH="29"/>
						<String ID="P6_ST00354" HPOS="314" VPOS="3792" WIDTH="89" HEIGHT="49" CONTENT="und" WC="0.98" CC="320"/>
						<SP ID="P6_SP00308" HPOS="403" VPOS="3841" WIDTH="28"/>
						<String ID="P6_ST00355" HPOS="431" VPOS="3801" WIDTH="320" HEIGHT="58" CONTENT="vorgetragen," WC="0.99" CC="036055559024"/>
						<SP ID="P6_SP00309" HPOS="751" VPOS="3859" WIDTH="28"/>
						<String ID="P6_ST00356" HPOS="779" VPOS="3796" WIDTH="156" HEIGHT="49" CONTENT="wurde" WC="0.97" CC="03907"/>
						<SP ID="P6_SP00310" HPOS="935" VPOS="3859" WIDTH="30"/>
						<String ID="P6_ST00357" HPOS="965" VPOS="3798" WIDTH="79" HEIGHT="48" CONTENT="mit" WC="0.94" CC="905"/>
						<SP ID="P6_SP00311" HPOS="1044" VPOS="3859" WIDTH="22"/>
						<String ID="P6_ST00358" HPOS="1066" VPOS="3799" WIDTH="136" HEIGHT="48" CONTENT="vieler" WC="0.98" CC="050609"/>
						<SP ID="P6_SP00312" HPOS="1202" VPOS="3859" WIDTH="25"/>
						<String ID="P6_ST00359" HPOS="1227" VPOS="3800" WIDTH="191" HEIGHT="48" CONTENT="Wärme" WC="0.98" CC="00076"/>
						<SP ID="P6_SP00313" HPOS="1418" VPOS="3859" WIDTH="22"/>
						<String ID="P6_ST00360" HPOS="1440" VPOS="3800" WIDTH="239" HEIGHT="65" CONTENT="aufgenom" SUBS_TYPE="HypPart1" SUBS_CONTENT="aufgenommen," WC="0.99" CC="00000809"/>
						<HYP HPOS="1679" VPOS="3800" WIDTH="29" CONTENT="-"/>
					</TextLine>
					<TextLine ID="P6_TL00049" HPOS="202" VPOS="3871" WIDTH="1506" HEIGHT="70">
						<String ID="P6_ST00361" HPOS="202" VPOS="3885" WIDTH="116" HEIGHT="42" CONTENT="men," SUBS_TYPE="HypPart2" SUBS_CONTENT="aufgenommen," WC="0.98" CC="0062"/>
						<SP ID="P6_SP00314" HPOS="318" VPOS="3927" WIDTH="46"/>
						<String ID="P6_ST00362" HPOS="364" VPOS="3871" WIDTH="69" HEIGHT="48" CONTENT="die" WC="0.99" CC="030"/>
						<SP ID="P6_SP00315" HPOS="433" VPOS="3927" WIDTH="40"/>
						<String ID="P6_ST00363" HPOS="473" VPOS="3871" WIDTH="91" HEIGHT="48" CONTENT="sich" WC="0.97" CC="6007"/>
						<SP ID="P6_SP00316" HPOS="564" VPOS="3927" WIDTH="40"/>
						<String ID="P6_ST00364" HPOS="604" VPOS="3871" WIDTH="69" HEIGHT="48" CONTENT="bei" WC="0.96" CC="540"/>
						<SP ID="P6_SP00317" HPOS="673" VPOS="3927" WIDTH="37"/>
						<String ID="P6_ST00365" HPOS="710" VPOS="3873" WIDTH="81" HEIGHT="48" CONTENT="der" WC="1.00" CC="000"/>
						<SP ID="P6_SP00318" HPOS="791" VPOS="3927" WIDTH="31"/>
						<String ID="P6_ST00366" HPOS="822" VPOS="3881" WIDTH="130" HEIGHT="41" CONTENT="unter" WC="0.97" CC="36407"/>
						<SP ID="P6_SP00319" HPOS="952" VPOS="3927" WIDTH="26"/>
						<String ID="P6_ST00367" HPOS="978" VPOS="3876" WIDTH="149" HEIGHT="49" CONTENT="seiner" WC="0.99" CC="110207"/>
						<SP ID="P6_SP00320" HPOS="1127" VPOS="3927" WIDTH="29"/>
						<String ID="P6_ST00368" HPOS="1156" VPOS="3876" WIDTH="197" HEIGHT="65" CONTENT="Leitung" WC="0.99" CC="0305340"/>
						<SP ID="P6_SP00321" HPOS="1353" VPOS="3941" WIDTH="29"/>
						<String ID="P6_ST00369" HPOS="1382" VPOS="3878" WIDTH="326" HEIGHT="63" CONTENT="aufgeführten" WC="0.99" CC="950600070500"/>
					</TextLine>
					<TextLine ID="P6_TL00050" HPOS="201" VPOS="3949" WIDTH="1509" HEIGHT="70">
						<String ID="P6_ST00370" HPOS="201" VPOS="3949" WIDTH="255" HEIGHT="47" CONTENT="Ouvertüre" WC="0.99" CC="960140055"/>
						<SP ID="P6_SP00322" HPOS="456" VPOS="3996" WIDTH="38"/>
						<String ID="P6_ST00371" HPOS="494" VPOS="3949" WIDTH="235" HEIGHT="57" CONTENT='„Alladin"' WC="0.62" CC="357700613"/>
						<SP ID="P6_SP00323" HPOS="729" VPOS="4006" WIDTH="45"/>
						<String ID="P6_ST00372" HPOS="774" VPOS="3968" WIDTH="51" HEIGHT="29" CONTENT="zu" WC="0.46" CC="36"/>
						<SP ID="P6_SP00324" HPOS="825" VPOS="4006" WIDTH="44"/>
						<String ID="P6_ST00373" HPOS="869" VPOS="3951" WIDTH="246" HEIGHT="51" CONTENT="lebhaftem" WC="1.00" CC="220100500"/>
						<SP ID="P6_SP00325" HPOS="1115" VPOS="4006" WIDTH="46"/>
						<String ID="P6_ST00374" HPOS="1161" VPOS="3954" WIDTH="155" HEIGHT="49" CONTENT="Beifall" WC="0.99" CC="6000062"/>
						<SP ID="P6_SP00326" HPOS="1316" VPOS="4006" WIDTH="41"/>
						<String ID="P6_ST00375" HPOS="1357" VPOS="3955" WIDTH="230" HEIGHT="64" CONTENT="steigerte," WC="0.99" CC="2560932000"/>
						<SP ID="P6_SP00327" HPOS="1587" VPOS="4019" WIDTH="41"/>
						<String ID="P6_ST00376" HPOS="1628" VPOS="3956" WIDTH="82" HEIGHT="49" CONTENT="der" WC="1.00" CC="000"/>
					</TextLine>
					<TextLine ID="P6_TL00051" HPOS="200" VPOS="4022" WIDTH="1507" HEIGHT="73">
						<String ID="P6_ST00377" HPOS="200" VPOS="4022" WIDTH="166" HEIGHT="49" CONTENT="seinem" WC="0.98" CC="521427"/>
						<SP ID="P6_SP00328" HPOS="366" VPOS="4071" WIDTH="42"/>
						<String ID="P6_ST00378" HPOS="408" VPOS="4024" WIDTH="128" HEIGHT="50" CONTENT="edlen" WC="0.97" CC="09507"/>
						<SP ID="P6_SP00329" HPOS="536" VPOS="4074" WIDTH="42"/>
						<String ID="P6_ST00379" HPOS="578" VPOS="4026" WIDTH="92" HEIGHT="48" CONTENT="und" WC="0.97" CC="150"/>
						<SP ID="P6_SP00330" HPOS="670" VPOS="4074" WIDTH="41"/>
						<String ID="P6_ST00380" HPOS="711" VPOS="4027" WIDTH="277" HEIGHT="65" CONTENT="glänzenden" WC="0.98" CC="0694516906"/>
						<SP ID="P6_SP00331" HPOS="988" VPOS="4092" WIDTH="41"/>
						<String ID="P6_ST00381" HPOS="1029" VPOS="4030" WIDTH="119" HEIGHT="65" CONTENT="Spiel" WC="0.97" CC="49004"/>
						<SP ID="P6_SP00332" HPOS="1148" VPOS="4095" WIDTH="59"/>
						<String ID="P6_ST00382" HPOS="1207" VPOS="4030" WIDTH="117" HEIGHT="50" CONTENT="auch" WC="0.98" CC="5014"/>
						<SP ID="P6_SP00333" HPOS="1324" VPOS="4095" WIDTH="42"/>
						<String ID="P6_ST00383" HPOS="1366" VPOS="4030" WIDTH="41" HEIGHT="50" CONTENT="in" WC="0.96" CC="00"/>
						<SP ID="P6_SP00334" HPOS="1407" VPOS="4095" WIDTH="44"/>
						<String ID="P6_ST00384" HPOS="1451" VPOS="4031" WIDTH="85" HEIGHT="49" CONTENT="den" WC="0.93" CC="926"/>
						<SP ID="P6_SP00335" HPOS="1536" VPOS="4095" WIDTH="44"/>
						<String ID="P6_ST00385" HPOS="1580" VPOS="4033" WIDTH="102" HEIGHT="49" CONTENT="Solo" SUBS_TYPE="HypPart1" SUBS_CONTENT="Solostücken:" WC="0.99" CC="5002"/>
						<HYP HPOS="1682" VPOS="4033" WIDTH="25" CONTENT="-"/>
					</TextLine>
				</TextBlock>
				<TextBlock ID="P6_TB00003" HPOS="1779" VPOS="263" WIDTH="1534" HEIGHT="3684" STYLEREFS="TXT_1 PAR_LEFT">
					<TextLine ID="P6_TL00052" HPOS="1780" VPOS="263" WIDTH="1520" HEIGHT="64">
						<String ID="P6_ST00386" HPOS="1780" VPOS="263" WIDTH="209" HEIGHT="48" CONTENT="stücken:" SUBS_TYPE="HypPart2" SUBS_CONTENT="Solostücken:" WC="0.99" CC="02005065"/>
						<SP ID="P6_SP00336" HPOS="1989" VPOS="311" WIDTH="40"/>
						<String ID="P6_ST00387" HPOS="2029" VPOS="264" WIDTH="433" HEIGHT="56" CONTENT='„Schlummerlied"' WC="1.00" CC="650500200300046"/>
						<SP ID="P6_SP00337" HPOS="2462" VPOS="320" WIDTH="40"/>
						<String ID="P6_ST00388" HPOS="2502" VPOS="283" WIDTH="83" HEIGHT="32" CONTENT="von" WC="0.96" CC="504"/>
						<SP ID="P6_SP00338" HPOS="2585" VPOS="320" WIDTH="30"/>
						<String ID="P6_ST00389" HPOS="2615" VPOS="266" WIDTH="178" HEIGHT="51" CONTENT="Robert" WC="0.98" CC="305263"/>
						<SP ID="P6_SP00339" HPOS="2793" VPOS="320" WIDTH="20"/>
						<String ID="P6_ST00390" HPOS="2813" VPOS="268" WIDTH="281" HEIGHT="57" CONTENT="Schumann," WC="0.98" CC="206676042"/>
						<SP ID="P6_SP00340" HPOS="3094" VPOS="325" WIDTH="41"/>
						<String ID="P6_ST00391" HPOS="3135" VPOS="267" WIDTH="132" HEIGHT="60" CONTENT="„Mar" SUBS_TYPE="HypPart1" SUBS_CONTENT="„Marda" WC="0.71" CC="2262"/>
						<HYP HPOS="3267" VPOS="267" WIDTH="33" CONTENT="-"/>
					</TextLine>
					<TextLine ID="P6_TL00053" HPOS="1779" VPOS="338" WIDTH="1523" HEIGHT="71">
						<String ID="P6_ST00392" HPOS="1779" VPOS="338" WIDTH="72" HEIGHT="51" CONTENT="da" SUBS_TYPE="HypPart2" SUBS_CONTENT="„Marda" WC="0.22" CC="87" STYLEREFS="TXT_2"/>
						<SP ID="P6_SP00341" HPOS="1851" VPOS="389" WIDTH="19"/>
						<String ID="P6_ST00393" HPOS="1870" VPOS="338" WIDTH="179" HEIGHT="70" CONTENT="giocosa" WC="0.61" CC="6070661" STYLEREFS="TXT_2"/>
						<String ID="P6_ST00394" HPOS="2058" VPOS="348" WIDTH="16" HEIGHT="17" CONTENT='"' WC="0.54" CC="4"/>
						<SP ID="P6_SP00342" HPOS="2074" VPOS="408" WIDTH="41"/>
						<String ID="P6_ST00395" HPOS="2115" VPOS="358" WIDTH="82" HEIGHT="31" CONTENT="von" WC="0.96" CC="316"/>
						<SP ID="P6_SP00343" HPOS="2197" VPOS="408" WIDTH="32"/>
						<String ID="P6_ST00396" HPOS="2229" VPOS="342" WIDTH="146" HEIGHT="48" CONTENT="Hiller" WC="0.99" CC="400303"/>
						<SP ID="P6_SP00344" HPOS="2375" VPOS="408" WIDTH="38"/>
						<String ID="P6_ST00397" HPOS="2413" VPOS="342" WIDTH="94" HEIGHT="49" CONTENT="und" WC="0.97" CC="060"/>
						<SP ID="P6_SP00345" HPOS="2507" VPOS="408" WIDTH="38"/>
						<String ID="P6_ST00398" HPOS="2545" VPOS="344" WIDTH="298" HEIGHT="65" CONTENT="Improvisata" WC="0.61" CC="06024055575"/>
						<SP ID="P6_SP00346" HPOS="2843" VPOS="409" WIDTH="38"/>
						<String ID="P6_ST00399" HPOS="2881" VPOS="344" WIDTH="115" HEIGHT="49" CONTENT="über" WC="0.99" CC="0500"/>
						<SP ID="P6_SP00347" HPOS="2996" VPOS="409" WIDTH="42"/>
						<String ID="P6_ST00400" HPOS="3038" VPOS="346" WIDTH="264" HEIGHT="49" CONTENT="Schubert's" WC="0.82" CC="0003001048"/>
					</TextLine>
					<TextLine ID="P6_TL00054" HPOS="1791" VPOS="417" WIDTH="1082" HEIGHT="56">
						<String ID="P6_ST00401" HPOS="1791" VPOS="417" WIDTH="234" HEIGHT="56" CONTENT='„Forelle"' WC="0.99" CC="650300606"/>
						<SP ID="P6_SP00348" HPOS="2025" VPOS="473" WIDTH="40"/>
						<String ID="P6_ST00402" HPOS="2065" VPOS="433" WIDTH="83" HEIGHT="32" CONTENT="von" WC="0.97" CC="006"/>
						<SP ID="P6_SP00349" HPOS="2148" VPOS="473" WIDTH="30"/>
						<String ID="P6_ST00403" HPOS="2178" VPOS="418" WIDTH="65" HEIGHT="47" CONTENT="St." WC="0.95" CC="184"/>
						<SP ID="P6_SP00350" HPOS="2243" VPOS="473" WIDTH="32"/>
						<String ID="P6_ST00404" HPOS="2275" VPOS="418" WIDTH="154" HEIGHT="48" CONTENT="Heller" WC="0.99" CC="600002"/>
						<SP ID="P6_SP00351" HPOS="2429" VPOS="473" WIDTH="26"/>
						<String ID="P6_ST00405" HPOS="2455" VPOS="437" WIDTH="52" HEIGHT="31" CONTENT="zu" WC="0.71" CC="50"/>
						<SP ID="P6_SP00352" HPOS="2507" VPOS="473" WIDTH="32"/>
						<String ID="P6_ST00406" HPOS="2539" VPOS="421" WIDTH="130" HEIGHT="48" CONTENT="Theil" WC="0.90" CC="01201"/>
						<SP ID="P6_SP00353" HPOS="2669" VPOS="473" WIDTH="30"/>
						<String ID="P6_ST00407" HPOS="2699" VPOS="421" WIDTH="174" HEIGHT="48" CONTENT="wurde." WC="0.99" CC="054004"/>
					</TextLine>
					<TextLine ID="P6_TL00055" HPOS="1896" VPOS="494" WIDTH="1408" HEIGHT="66">
						<String ID="P6_ST00408" HPOS="1896" VPOS="494" WIDTH="122" HEIGHT="47" CONTENT="Frau" WC="0.97" CC="3260"/>
						<SP ID="P6_SP00354" HPOS="2018" VPOS="541" WIDTH="32"/>
						<String ID="P6_ST00409" HPOS="2050" VPOS="494" WIDTH="400" HEIGHT="50" CONTENT="Michal-Micbaeli" WC="0.87" CC="700000300070000"/>
						<SP ID="P6_SP00355" HPOS="2450" VPOS="544" WIDTH="55"/>
						<String ID="P6_ST00410" HPOS="2505" VPOS="512" WIDTH="113" HEIGHT="48" CONTENT="sang" WC="0.99" CC="0201"/>
						<SP ID="P6_SP00356" HPOS="2618" VPOS="560" WIDTH="44"/>
						<String ID="P6_ST00411" HPOS="2662" VPOS="498" WIDTH="217" HEIGHT="47" CONTENT="Recitativ" WC="0.78" CC="400060700"/>
						<SP ID="P6_SP00357" HPOS="2879" VPOS="560" WIDTH="55"/>
						<String ID="P6_ST00412" HPOS="2934" VPOS="496" WIDTH="93" HEIGHT="49" CONTENT="und" WC="0.97" CC="610"/>
						<SP ID="P6_SP00358" HPOS="3027" VPOS="560" WIDTH="43"/>
						<String ID="P6_ST00413" HPOS="3070" VPOS="498" WIDTH="110" HEIGHT="48" CONTENT="Arie" WC="0.99" CC="3200"/>
						<SP ID="P6_SP00359" HPOS="3180" VPOS="560" WIDTH="41"/>
						<String ID="P6_ST00414" HPOS="3221" VPOS="515" WIDTH="83" HEIGHT="31" CONTENT="aus" WC="0.93" CC="557"/>
					</TextLine>
					<TextLine ID="P6_TL00056" HPOS="1791" VPOS="571" WIDTH="1513" HEIGHT="59">
						<String ID="P6_ST00415" HPOS="1791" VPOS="571" WIDTH="131" HEIGHT="54" CONTENT="„Don" WC="0.96" CC="6640"/>
						<SP ID="P6_SP00360" HPOS="1922" VPOS="625" WIDTH="32"/>
						<String ID="P6_ST00416" HPOS="1954" VPOS="571" WIDTH="147" HEIGHT="46" CONTENT='Juan"' WC="0.97" CC="44932"/>
						<SP ID="P6_SP00361" HPOS="2101" VPOS="625" WIDTH="39"/>
						<String ID="P6_ST00417" HPOS="2140" VPOS="587" WIDTH="84" HEIGHT="32" CONTENT="von" WC="0.95" CC="065"/>
						<SP ID="P6_SP00362" HPOS="2224" VPOS="625" WIDTH="29"/>
						<String ID="P6_ST00418" HPOS="2253" VPOS="572" WIDTH="192" HEIGHT="57" CONTENT="Mozart," WC="0.98" CC="0375304"/>
						<SP ID="P6_SP00363" HPOS="2445" VPOS="629" WIDTH="42"/>
						<String ID="P6_ST00419" HPOS="2487" VPOS="573" WIDTH="98" HEIGHT="48" CONTENT="eine" WC="0.98" CC="0070"/>
						<SP ID="P6_SP00364" HPOS="2585" VPOS="629" WIDTH="37"/>
						<String ID="P6_ST00420" HPOS="2622" VPOS="573" WIDTH="108" HEIGHT="48" CONTENT="Arie" WC="0.98" CC="4400"/>
						<SP ID="P6_SP00365" HPOS="2730" VPOS="629" WIDTH="36"/>
						<String ID="P6_ST00421" HPOS="2766" VPOS="590" WIDTH="80" HEIGHT="31" CONTENT="aus" WC="0.95" CC="650"/>
						<SP ID="P6_SP00366" HPOS="2846" VPOS="629" WIDTH="31"/>
						<String ID="P6_ST00422" HPOS="2877" VPOS="573" WIDTH="213" HEIGHT="48" CONTENT="Herold's" WC="0.87" CC="30000005"/>
						<SP ID="P6_SP00367" HPOS="3090" VPOS="629" WIDTH="41"/>
						<String ID="P6_ST00423" HPOS="3131" VPOS="574" WIDTH="145" HEIGHT="56" CONTENT="„Zwei" SUBS_TYPE="HypPart1" SUBS_CONTENT='„Zweikampf",' WC="0.98" CC="30506"/>
						<HYP HPOS="3276" VPOS="574" WIDTH="28" CONTENT="-"/>
					</TextLine>
					<TextLine ID="P6_TL00057" HPOS="1781" VPOS="645" WIDTH="1521" HEIGHT="65">
						<String ID="P6_ST00424" HPOS="1781" VPOS="645" WIDTH="208" HEIGHT="65" CONTENT='kampf",' SUBS_TYPE="HypPart2" SUBS_CONTENT='„Zweikampf",' WC="0.99" CC="0003641"/>
						<SP ID="P6_SP00368" HPOS="1989" VPOS="710" WIDTH="42"/>
						<String ID="P6_ST00425" HPOS="2031" VPOS="663" WIDTH="47" HEIGHT="32" CONTENT="so" WC="0.71" CC="05"/>
						<SP ID="P6_SP00369" HPOS="2078" VPOS="710" WIDTH="32"/>
						<String ID="P6_ST00426" HPOS="2110" VPOS="647" WIDTH="85" HEIGHT="48" CONTENT="wie" WC="0.96" CC="064"/>
						<SP ID="P6_SP00370" HPOS="2195" VPOS="710" WIDTH="35"/>
						<String ID="P6_ST00427" HPOS="2230" VPOS="648" WIDTH="108" HEIGHT="48" CONTENT="zwei" WC="0.97" CC="7005"/>
						<SP ID="P6_SP00371" HPOS="2338" VPOS="710" WIDTH="31"/>
						<String ID="P6_ST00428" HPOS="2369" VPOS="649" WIDTH="308" HEIGHT="50" CONTENT="schwedische" WC="1.00" CC="00400000001"/>
						<SP ID="P6_SP00372" HPOS="2677" VPOS="710" WIDTH="26"/>
						<String ID="P6_ST00429" HPOS="2703" VPOS="649" WIDTH="169" HEIGHT="50" CONTENT="Lieder" WC="0.99" CC="600006"/>
						<SP ID="P6_SP00373" HPOS="2872" VPOS="710" WIDTH="28"/>
						<String ID="P6_ST00430" HPOS="2900" VPOS="651" WIDTH="92" HEIGHT="47" CONTENT="und" WC="0.97" CC="070"/>
						<SP ID="P6_SP00374" HPOS="2992" VPOS="710" WIDTH="31"/>
						<String ID="P6_ST00431" HPOS="3023" VPOS="651" WIDTH="70" HEIGHT="48" CONTENT="ein" WC="0.97" CC="007"/>
						<SP ID="P6_SP00375" HPOS="3093" VPOS="710" WIDTH="30"/>
						<String ID="P6_ST00432" HPOS="3123" VPOS="667" WIDTH="150" HEIGHT="32" CONTENT="norwe" SUBS_TYPE="HypPart1" SUBS_CONTENT="norwegisches" WC="0.99" CC="02400"/>
						<HYP HPOS="3273" VPOS="667" WIDTH="29" CONTENT="-"/>
					</TextLine>
					<TextLine ID="P6_TL00058" HPOS="1780" VPOS="722" WIDTH="1525" HEIGHT="68">
						<String ID="P6_ST00433" HPOS="1780" VPOS="722" WIDTH="174" HEIGHT="64" CONTENT="gisches" SUBS_TYPE="HypPart2" SUBS_CONTENT="norwegisches" WC="0.99" CC="9000000"/>
						<SP ID="P6_SP00376" HPOS="1954" VPOS="786" WIDTH="25"/>
						<String ID="P6_ST00434" HPOS="1979" VPOS="722" WIDTH="278" HEIGHT="49" CONTENT="Echo-Lied." WC="0.99" CC="0045040093"/>
						<SP ID="P6_SP00377" HPOS="2257" VPOS="786" WIDTH="32"/>
						<String ID="P6_ST00435" HPOS="2289" VPOS="725" WIDTH="94" HEIGHT="47" CONTENT="Der" WC="0.99" CC="300"/>
						<SP ID="P6_SP00378" HPOS="2383" VPOS="786" WIDTH="28"/>
						<String ID="P6_ST00436" HPOS="2411" VPOS="725" WIDTH="171" HEIGHT="49" CONTENT="Pathos" WC="0.98" CC="306606"/>
						<SP ID="P6_SP00379" HPOS="2582" VPOS="786" WIDTH="29"/>
						<String ID="P6_ST00437" HPOS="2611" VPOS="727" WIDTH="120" HEIGHT="47" CONTENT="ihres" WC="0.98" CC="03503"/>
						<SP ID="P6_SP00380" HPOS="2731" VPOS="786" WIDTH="33"/>
						<String ID="P6_ST00438" HPOS="2764" VPOS="727" WIDTH="265" HEIGHT="63" CONTENT="Vortrages," WC="0.99" CC="0446169003"/>
						<SP ID="P6_SP00381" HPOS="3029" VPOS="790" WIDTH="29"/>
						<String ID="P6_ST00439" HPOS="3058" VPOS="725" WIDTH="82" HEIGHT="49" CONTENT="der" WC="0.97" CC="035"/>
						<SP ID="P6_SP00382" HPOS="3140" VPOS="790" WIDTH="23"/>
						<String ID="P6_ST00440" HPOS="3163" VPOS="727" WIDTH="142" HEIGHT="48" CONTENT="Glanz" WC="0.96" CC="16666"/>
					</TextLine>
					<TextLine ID="P6_TL00059" HPOS="1780" VPOS="799" WIDTH="1529" HEIGHT="57">
						<String ID="P6_ST00441" HPOS="1780" VPOS="799" WIDTH="124" HEIGHT="47" CONTENT="ihrer" WC="0.98" CC="00506"/>
						<SP ID="P6_SP00383" HPOS="1904" VPOS="846" WIDTH="29"/>
						<String ID="P6_ST00442" HPOS="1933" VPOS="799" WIDTH="261" HEIGHT="57" CONTENT="Coloratur," WC="0.71" CC="6210166003"/>
						<SP ID="P6_SP00384" HPOS="2194" VPOS="856" WIDTH="42"/>
						<String ID="P6_ST00443" HPOS="2236" VPOS="817" WIDTH="49" HEIGHT="32" CONTENT="so" WC="0.79" CC="04"/>
						<SP ID="P6_SP00385" HPOS="2285" VPOS="856" WIDTH="44"/>
						<String ID="P6_ST00444" HPOS="2329" VPOS="802" WIDTH="86" HEIGHT="48" CONTENT="wie" WC="1.00" CC="000"/>
						<SP ID="P6_SP00386" HPOS="2415" VPOS="856" WIDTH="38"/>
						<String ID="P6_ST00445" HPOS="2453" VPOS="802" WIDTH="43" HEIGHT="48" CONTENT="in" WC="0.94" CC="01"/>
						<SP ID="P6_SP00387" HPOS="2496" VPOS="856" WIDTH="39"/>
						<String ID="P6_ST00446" HPOS="2535" VPOS="802" WIDTH="87" HEIGHT="49" CONTENT="den" WC="1.00" CC="000"/>
						<SP ID="P6_SP00388" HPOS="2622" VPOS="856" WIDTH="31"/>
						<String ID="P6_ST00447" HPOS="2653" VPOS="802" WIDTH="314" HEIGHT="49" CONTENT="Volksliedern" WC="1.00" CC="407001000050"/>
						<SP ID="P6_SP00389" HPOS="2967" VPOS="856" WIDTH="29"/>
						<String ID="P6_ST00448" HPOS="2996" VPOS="802" WIDTH="71" HEIGHT="48" CONTENT="die" WC="1.00" CC="000"/>
						<SP ID="P6_SP00390" HPOS="3067" VPOS="856" WIDTH="31"/>
						<String ID="P6_ST00449" HPOS="3098" VPOS="802" WIDTH="211" HEIGHT="49" CONTENT="reizende" WC="0.98" CC="00060696"/>
					</TextLine>
					<TextLine ID="P6_TL00060" HPOS="1781" VPOS="875" WIDTH="1525" HEIGHT="69">
						<String ID="P6_ST00450" HPOS="1781" VPOS="875" WIDTH="207" HEIGHT="49" CONTENT="Naivetät" WC="0.71" CC="64000165"/>
						<SP ID="P6_SP00391" HPOS="1988" VPOS="924" WIDTH="39"/>
						<String ID="P6_ST00451" HPOS="2027" VPOS="877" WIDTH="242" HEIGHT="48" CONTENT="erwarben" WC="0.99" CC="00004500"/>
						<SP ID="P6_SP00392" HPOS="2269" VPOS="925" WIDTH="43"/>
						<String ID="P6_ST00452" HPOS="2312" VPOS="878" WIDTH="71" HEIGHT="47" CONTENT="ihr" WC="0.98" CC="004"/>
						<SP ID="P6_SP00393" HPOS="2383" VPOS="925" WIDTH="42"/>
						<String ID="P6_ST00453" HPOS="2425" VPOS="878" WIDTH="86" HEIGHT="48" CONTENT="den" WC="0.97" CC="007"/>
						<SP ID="P6_SP00394" HPOS="2511" VPOS="926" WIDTH="45"/>
						<String ID="P6_ST00454" HPOS="2556" VPOS="880" WIDTH="377" HEIGHT="64" CONTENT="ungetheiltesten" WC="0.76" CC="059004000500601"/>
						<SP ID="P6_SP00395" HPOS="2933" VPOS="944" WIDTH="40"/>
						<String ID="P6_ST00455" HPOS="2973" VPOS="878" WIDTH="176" HEIGHT="49" CONTENT="Beifall." WC="0.98" CC="50075614"/>
						<SP ID="P6_SP00396" HPOS="3149" VPOS="944" WIDTH="56"/>
						<String ID="P6_ST00456" HPOS="3205" VPOS="880" WIDTH="101" HEIGHT="47" CONTENT="Den" WC="0.97" CC="060"/>
					</TextLine>
					<TextLine ID="P6_TL00061" HPOS="1782" VPOS="952" WIDTH="1523" HEIGHT="53">
						<String ID="P6_ST00457" HPOS="1782" VPOS="953" WIDTH="184" HEIGHT="48" CONTENT="Schluss" WC="0.84" CC="5012100"/>
						<SP ID="P6_SP00397" HPOS="1966" VPOS="1001" WIDTH="28"/>
						<String ID="P6_ST00458" HPOS="1994" VPOS="952" WIDTH="145" HEIGHT="49" CONTENT="dieses" WC="0.99" CC="000305"/>
						<SP ID="P6_SP00398" HPOS="2139" VPOS="1001" WIDTH="29"/>
						<String ID="P6_ST00459" HPOS="2168" VPOS="954" WIDTH="254" HEIGHT="48" CONTENT="herrlichen" WC="1.00" CC="5030100000"/>
						<SP ID="P6_SP00399" HPOS="2422" VPOS="1002" WIDTH="32"/>
						<String ID="P6_ST00460" HPOS="2454" VPOS="955" WIDTH="246" HEIGHT="50" CONTENT="Concertes" WC="0.85" CC="300004500"/>
						<SP ID="P6_SP00400" HPOS="2700" VPOS="1005" WIDTH="30"/>
						<String ID="P6_ST00461" HPOS="2730" VPOS="955" WIDTH="179" HEIGHT="50" CONTENT="machte" WC="0.99" CC="010560"/>
						<SP ID="P6_SP00401" HPOS="2909" VPOS="1005" WIDTH="28"/>
						<String ID="P6_ST00462" HPOS="2937" VPOS="957" WIDTH="210" HEIGHT="48" CONTENT="Mozart's" WC="0.69" CC="13491002"/>
						<SP ID="P6_SP00402" HPOS="3147" VPOS="1005" WIDTH="32"/>
						<String ID="P6_ST00463" HPOS="3179" VPOS="957" WIDTH="126" HEIGHT="48" CONTENT="Don-" WC="0.62" CC="5062"/>
					</TextLine>
					<TextLine ID="P6_TL00062" HPOS="1781" VPOS="1029" WIDTH="425" HEIGHT="48">
						<String ID="P6_ST00464" HPOS="1781" VPOS="1029" WIDTH="425" HEIGHT="48" CONTENT="Juan-Ouverture." WC="0.84" CC="000210000056204"/>
					</TextLine>
					<TextLine ID="P6_TL00063" HPOS="1896" VPOS="1106" WIDTH="1410" HEIGHT="51">
						<String ID="P6_ST00465" HPOS="1896" VPOS="1106" WIDTH="94" HEIGHT="47" CONTENT="Das" WC="0.99" CC="200"/>
						<SP ID="P6_SP00403" HPOS="1990" VPOS="1153" WIDTH="25"/>
						<String ID="P6_ST00466" HPOS="2015" VPOS="1106" WIDTH="146" HEIGHT="49" CONTENT="fünfte" WC="0.99" CC="006060"/>
						<SP ID="P6_SP00404" HPOS="2161" VPOS="1155" WIDTH="17"/>
						<String ID="P6_ST00467" HPOS="2178" VPOS="1106" WIDTH="426" HEIGHT="50" CONTENT="Sinfonie-Concert" WC="0.88" CC="3020200106000003"/>
						<SP ID="P6_SP00405" HPOS="2604" VPOS="1156" WIDTH="19"/>
						<String ID="P6_ST00468" HPOS="2623" VPOS="1108" WIDTH="155" HEIGHT="49" CONTENT="führte" WC="0.98" CC="006543"/>
						<SP ID="P6_SP00406" HPOS="2778" VPOS="1157" WIDTH="21"/>
						<String ID="P6_ST00469" HPOS="2799" VPOS="1123" WIDTH="84" HEIGHT="33" CONTENT="uns" WC="0.97" CC="302"/>
						<SP ID="P6_SP00407" HPOS="2883" VPOS="1157" WIDTH="23"/>
						<String ID="P6_ST00470" HPOS="2906" VPOS="1106" WIDTH="229" HEIGHT="50" CONTENT="abermals" WC="1.00" CC="00025030"/>
						<SP ID="P6_SP00408" HPOS="3135" VPOS="1157" WIDTH="17"/>
						<String ID="P6_ST00471" HPOS="3152" VPOS="1108" WIDTH="154" HEIGHT="48" CONTENT="Herrn" WC="0.98" CC="70037"/>
					</TextLine>
					<TextLine ID="P6_TL00064" HPOS="1783" VPOS="1181" WIDTH="1522" HEIGHT="61">
						<String ID="P6_ST00472" HPOS="1783" VPOS="1181" WIDTH="301" HEIGHT="50" CONTENT="Reinthaler's" WC="0.79" CC="000660050600"/>
						<SP ID="P6_SP00409" HPOS="2084" VPOS="1231" WIDTH="21"/>
						<String ID="P6_ST00473" HPOS="2105" VPOS="1183" WIDTH="396" HEIGHT="49" CONTENT="Z&gt;-e?wr-Sinfonie" WC="0.57" CC="8828788010372000"/>
						<SP ID="P6_SP00410" HPOS="2501" VPOS="1232" WIDTH="28"/>
						<String ID="P6_ST00474" HPOS="2529" VPOS="1200" WIDTH="96" HEIGHT="42" CONTENT="vor," WC="0.98" CC="0063"/>
						<SP ID="P6_SP00411" HPOS="2625" VPOS="1242" WIDTH="31"/>
						<String ID="P6_ST00475" HPOS="2656" VPOS="1185" WIDTH="76" HEIGHT="47" CONTENT="für" WC="0.98" CC="004"/>
						<SP ID="P6_SP00412" HPOS="2732" VPOS="1242" WIDTH="29"/>
						<String ID="P6_ST00476" HPOS="2761" VPOS="1185" WIDTH="173" HEIGHT="48" CONTENT="welche" WC="0.98" CC="006362"/>
						<SP ID="P6_SP00413" HPOS="2934" VPOS="1242" WIDTH="28"/>
						<String ID="P6_ST00477" HPOS="2962" VPOS="1184" WIDTH="79" HEIGHT="48" CONTENT="das" WC="0.98" CC="050"/>
						<SP ID="P6_SP00414" HPOS="3041" VPOS="1242" WIDTH="23"/>
						<String ID="P6_ST00478" HPOS="3064" VPOS="1184" WIDTH="241" HEIGHT="49" CONTENT="Publicum" WC="0.99" CC="15540005"/>
					</TextLine>
					<TextLine ID="P6_TL00065" HPOS="1782" VPOS="1259" WIDTH="1523" HEIGHT="66">
						<String ID="P6_ST00479" HPOS="1782" VPOS="1259" WIDTH="59" HEIGHT="48" CONTENT="im" WC="0.97" CC="00"/>
						<SP ID="P6_SP00415" HPOS="1841" VPOS="1307" WIDTH="27"/>
						<String ID="P6_ST00480" HPOS="1868" VPOS="1259" WIDTH="178" HEIGHT="49" CONTENT="Voraus" WC="0.99" CC="035000"/>
						<SP ID="P6_SP00416" HPOS="2046" VPOS="1308" WIDTH="22"/>
						<String ID="P6_ST00481" HPOS="2068" VPOS="1261" WIDTH="122" HEIGHT="49" CONTENT="seine" WC="1.00" CC="00200"/>
						<SP ID="P6_SP00417" HPOS="2190" VPOS="1310" WIDTH="25"/>
						<String ID="P6_ST00482" HPOS="2215" VPOS="1261" WIDTH="264" HEIGHT="64" CONTENT="Gesinnung" WC="0.99" CC="003008460"/>
						<SP ID="P6_SP00418" HPOS="2479" VPOS="1325" WIDTH="23"/>
						<String ID="P6_ST00483" HPOS="2502" VPOS="1261" WIDTH="292" HEIGHT="58" CONTENT="ausdrückte," WC="0.99" CC="62290020000"/>
						<SP ID="P6_SP00419" HPOS="2794" VPOS="1325" WIDTH="22"/>
						<String ID="P6_ST00484" HPOS="2816" VPOS="1261" WIDTH="151" HEIGHT="49" CONTENT="indem" WC="0.99" CC="06000"/>
						<SP ID="P6_SP00420" HPOS="2967" VPOS="1325" WIDTH="25"/>
						<String ID="P6_ST00485" HPOS="2992" VPOS="1278" WIDTH="46" HEIGHT="32" CONTENT="es" WC="0.94" CC="01"/>
						<SP ID="P6_SP00421" HPOS="3038" VPOS="1325" WIDTH="23"/>
						<String ID="P6_ST00486" HPOS="3061" VPOS="1261" WIDTH="86" HEIGHT="49" CONTENT="den" WC="0.99" CC="001"/>
						<SP ID="P6_SP00422" HPOS="3147" VPOS="1325" WIDTH="21"/>
						<String ID="P6_ST00487" HPOS="3168" VPOS="1261" WIDTH="103" HEIGHT="50" CONTENT="Com" SUBS_TYPE="HypPart1" SUBS_CONTENT="Componisten" WC="0.84" CC="320"/>
						<HYP HPOS="3271" VPOS="1261" WIDTH="34" CONTENT="-"/>
					</TextLine>
					<TextLine ID="P6_TL00066" HPOS="1783" VPOS="1336" WIDTH="1524" HEIGHT="68">
						<String ID="P6_ST00488" HPOS="1783" VPOS="1336" WIDTH="202" HEIGHT="64" CONTENT="ponisten" SUBS_TYPE="HypPart2" SUBS_CONTENT="Componisten" WC="0.74" CC="04302404"/>
						<SP ID="P6_SP00423" HPOS="1985" VPOS="1400" WIDTH="32"/>
						<String ID="P6_ST00489" HPOS="2017" VPOS="1336" WIDTH="79" HEIGHT="49" CONTENT="mit" WC="0.98" CC="005"/>
						<SP ID="P6_SP00424" HPOS="2096" VPOS="1400" WIDTH="30"/>
						<String ID="P6_ST00490" HPOS="2126" VPOS="1338" WIDTH="252" HEIGHT="64" CONTENT="freudigem" WC="1.00" CC="000000900"/>
						<SP ID="P6_SP00425" HPOS="2378" VPOS="1402" WIDTH="30"/>
						<String ID="P6_ST00491" HPOS="2408" VPOS="1338" WIDTH="205" HEIGHT="64" CONTENT="Applaus" WC="0.99" CC="1902500"/>
						<SP ID="P6_SP00426" HPOS="2613" VPOS="1402" WIDTH="29"/>
						<String ID="P6_ST00492" HPOS="2642" VPOS="1339" WIDTH="215" HEIGHT="65" CONTENT="empfing." WC="1.00" CC="00000303"/>
						<SP ID="P6_SP00427" HPOS="2857" VPOS="1404" WIDTH="36"/>
						<String ID="P6_ST00493" HPOS="2893" VPOS="1339" WIDTH="88" HEIGHT="47" CONTENT="Die" WC="1.00" CC="000"/>
						<SP ID="P6_SP00428" HPOS="2981" VPOS="1404" WIDTH="29"/>
						<String ID="P6_ST00494" HPOS="3010" VPOS="1339" WIDTH="184" HEIGHT="47" CONTENT="Frische" WC="0.99" CC="0300050"/>
						<SP ID="P6_SP00429" HPOS="3194" VPOS="1404" WIDTH="31"/>
						<String ID="P6_ST00495" HPOS="3225" VPOS="1338" WIDTH="82" HEIGHT="49" CONTENT="der" WC="0.98" CC="006"/>
					</TextLine>
					<TextLine ID="P6_TL00067" HPOS="1781" VPOS="1413" WIDTH="1521" HEIGHT="66">
						<String ID="P6_ST00496" HPOS="1781" VPOS="1413" WIDTH="259" HEIGHT="64" CONTENT="Stimmung" WC="1.00" CC="00040060"/>
						<SP ID="P6_SP00430" HPOS="2040" VPOS="1477" WIDTH="42"/>
						<String ID="P6_ST00497" HPOS="2082" VPOS="1414" WIDTH="151" HEIGHT="48" CONTENT="schien" WC="0.99" CC="005012"/>
						<SP ID="P6_SP00431" HPOS="2233" VPOS="1477" WIDTH="42"/>
						<String ID="P6_ST00498" HPOS="2275" VPOS="1414" WIDTH="43" HEIGHT="48" CONTENT="in" WC="0.59" CC="08"/>
						<SP ID="P6_SP00432" HPOS="2318" VPOS="1477" WIDTH="43"/>
						<String ID="P6_ST00499" HPOS="2361" VPOS="1414" WIDTH="71" HEIGHT="48" CONTENT="die" WC="0.96" CC="901"/>
						<SP ID="P6_SP00433" HPOS="2432" VPOS="1477" WIDTH="44"/>
						<String ID="P6_ST00500" HPOS="2476" VPOS="1414" WIDTH="303" HEIGHT="65" CONTENT="Aufführung" WC="1.00" CC="3030002070"/>
						<SP ID="P6_SP00434" HPOS="2779" VPOS="1479" WIDTH="42"/>
						<String ID="P6_ST00501" HPOS="2821" VPOS="1414" WIDTH="351" HEIGHT="65" CONTENT="überzugehen;" WC="0.99" CC="970466906001"/>
						<SP ID="P6_SP00435" HPOS="3172" VPOS="1479" WIDTH="49"/>
						<String ID="P6_ST00502" HPOS="3221" VPOS="1414" WIDTH="81" HEIGHT="49" CONTENT="das" WC="0.94" CC="807"/>
					</TextLine>
					<TextLine ID="P6_TL00068" HPOS="1783" VPOS="1490" WIDTH="1522" HEIGHT="66">
						<String ID="P6_ST00503" HPOS="1783" VPOS="1491" WIDTH="174" HEIGHT="64" CONTENT="Tempo" WC="0.99" CC="40004"/>
						<SP ID="P6_SP00436" HPOS="1957" VPOS="1555" WIDTH="31"/>
						<String ID="P6_ST00504" HPOS="1988" VPOS="1506" WIDTH="96" HEIGHT="32" CONTENT="war" WC="0.98" CC="004"/>
						<SP ID="P6_SP00437" HPOS="2084" VPOS="1555" WIDTH="27"/>
						<String ID="P6_ST00505" HPOS="2111" VPOS="1491" WIDTH="71" HEIGHT="49" CONTENT="ein" WC="0.97" CC="107"/>
						<SP ID="P6_SP00438" HPOS="2182" VPOS="1555" WIDTH="31"/>
						<String ID="P6_ST00506" HPOS="2213" VPOS="1491" WIDTH="150" HEIGHT="65" CONTENT="wenig" WC="1.00" CC="00100"/>
						<SP ID="P6_SP00439" HPOS="2363" VPOS="1556" WIDTH="26"/>
						<String ID="P6_ST00507" HPOS="2389" VPOS="1490" WIDTH="219" HEIGHT="58" CONTENT="schärfer," WC="0.99" CC="206740064"/>
						<SP ID="P6_SP00440" HPOS="2608" VPOS="1556" WIDTH="22"/>
						<String ID="P6_ST00508" HPOS="2630" VPOS="1491" WIDTH="72" HEIGHT="50" CONTENT="die" WC="0.99" CC="010"/>
						<SP ID="P6_SP00441" HPOS="2702" VPOS="1556" WIDTH="21"/>
						<String ID="P6_ST00509" HPOS="2723" VPOS="1493" WIDTH="278" HEIGHT="63" CONTENT="Leistungen" WC="0.99" CC="5020543902"/>
						<SP ID="P6_SP00442" HPOS="3001" VPOS="1556" WIDTH="23"/>
						<String ID="P6_ST00510" HPOS="3024" VPOS="1491" WIDTH="78" HEIGHT="49" CONTENT="des" WC="1.00" CC="000"/>
						<SP ID="P6_SP00443" HPOS="3102" VPOS="1556" WIDTH="24"/>
						<String ID="P6_ST00511" HPOS="3126" VPOS="1493" WIDTH="150" HEIGHT="48" CONTENT="Orche" SUBS_TYPE="HypPart1" SUBS_CONTENT="Orchesters" WC="0.99" CC="50004"/>
						<HYP HPOS="3276" VPOS="1493" WIDTH="29" CONTENT="-"/>
					</TextLine>
					<TextLine ID="P6_TL00069" HPOS="1782" VPOS="1567" WIDTH="1515" HEIGHT="65">
						<String ID="P6_ST00512" HPOS="1782" VPOS="1574" WIDTH="112" HEIGHT="39" CONTENT="sters" SUBS_TYPE="HypPart2" SUBS_CONTENT="Orchesters" WC="0.99" CC="16000"/>
						<SP ID="P6_SP00444" HPOS="1894" VPOS="1613" WIDTH="42"/>
						<String ID="P6_ST00513" HPOS="1936" VPOS="1567" WIDTH="280" HEIGHT="64" CONTENT="vorzüglich;" WC="1.00" CC="00620002001"/>
						<SP ID="P6_SP00445" HPOS="2216" VPOS="1631" WIDTH="53"/>
						<String ID="P6_ST00514" HPOS="2269" VPOS="1569" WIDTH="115" HEIGHT="47" CONTENT="auch" WC="0.98" CC="7100"/>
						<SP ID="P6_SP00446" HPOS="2384" VPOS="1631" WIDTH="42"/>
						<String ID="P6_ST00515" HPOS="2426" VPOS="1569" WIDTH="173" HEIGHT="48" CONTENT="scheint" WC="0.99" CC="0000056"/>
						<SP ID="P6_SP00447" HPOS="2599" VPOS="1631" WIDTH="40"/>
						<String ID="P6_ST00516" HPOS="2639" VPOS="1569" WIDTH="99" HEIGHT="48" CONTENT="eine" WC="0.99" CC="0300"/>
						<SP ID="P6_SP00448" HPOS="2738" VPOS="1631" WIDTH="44"/>
						<String ID="P6_ST00517" HPOS="2782" VPOS="1569" WIDTH="222" HEIGHT="63" CONTENT="Kürzung" WC="0.97" CC="7056649"/>
						<SP ID="P6_SP00449" HPOS="3004" VPOS="1632" WIDTH="41"/>
						<String ID="P6_ST00518" HPOS="3045" VPOS="1569" WIDTH="59" HEIGHT="47" CONTENT="im" WC="0.78" CC="04"/>
						<SP ID="P6_SP00450" HPOS="3104" VPOS="1632" WIDTH="43"/>
						<String ID="P6_ST00519" HPOS="3147" VPOS="1576" WIDTH="150" HEIGHT="40" CONTENT="ersten" WC="0.98" CC="047607"/>
					</TextLine>
					<TextLine ID="P6_TL00070" HPOS="1782" VPOS="1644" WIDTH="1523" HEIGHT="66">
						<String ID="P6_ST00520" HPOS="1782" VPOS="1644" WIDTH="131" HEIGHT="48" CONTENT="Satze" WC="0.97" CC="05652"/>
						<SP ID="P6_SP00451" HPOS="1913" VPOS="1692" WIDTH="29"/>
						<String ID="P6_ST00521" HPOS="1942" VPOS="1644" WIDTH="92" HEIGHT="48" CONTENT="und" WC="0.98" CC="060"/>
						<SP ID="P6_SP00452" HPOS="2034" VPOS="1692" WIDTH="30"/>
						<String ID="P6_ST00522" HPOS="2064" VPOS="1646" WIDTH="285" HEIGHT="64" CONTENT="Auslassung" WC="0.98" CC="5604333369"/>
						<SP ID="P6_SP00453" HPOS="2349" VPOS="1710" WIDTH="29"/>
						<String ID="P6_ST00523" HPOS="2378" VPOS="1645" WIDTH="81" HEIGHT="48" CONTENT="der" WC="1.00" CC="000"/>
						<SP ID="P6_SP00454" HPOS="2459" VPOS="1710" WIDTH="28"/>
						<String ID="P6_ST00524" HPOS="2487" VPOS="1646" WIDTH="257" HEIGHT="64" CONTENT="Repetition" WC="0.83" CC="0200601006"/>
						<SP ID="P6_SP00455" HPOS="2744" VPOS="1710" WIDTH="31"/>
						<String ID="P6_ST00525" HPOS="2775" VPOS="1646" WIDTH="122" HEIGHT="48" CONTENT="eines" WC="1.00" CC="00010"/>
						<SP ID="P6_SP00456" HPOS="2897" VPOS="1710" WIDTH="29"/>
						<String ID="P6_ST00526" HPOS="2926" VPOS="1646" WIDTH="289" HEIGHT="54" CONTENT="Mittelsatzes" WC="0.99" CC="006503495676"/>
						<SP ID="P6_SP00457" HPOS="3215" VPOS="1710" WIDTH="30"/>
						<String ID="P6_ST00527" HPOS="3245" VPOS="1646" WIDTH="60" HEIGHT="47" CONTENT="im" WC="0.90" CC="01"/>
					</TextLine>
					<TextLine ID="P6_TL00071" HPOS="1782" VPOS="1720" WIDTH="1524" HEIGHT="67">
						<String ID="P6_ST00528" HPOS="1782" VPOS="1720" WIDTH="194" HEIGHT="48" CONTENT="Scherzo" WC="0.99" CC="5000341"/>
						<SP ID="P6_SP00458" HPOS="1976" VPOS="1768" WIDTH="39"/>
						<String ID="P6_ST00529" HPOS="2015" VPOS="1738" WIDTH="52" HEIGHT="30" CONTENT="zu" WC="0.69" CC="42"/>
						<SP ID="P6_SP00459" HPOS="2067" VPOS="1768" WIDTH="36"/>
						<String ID="P6_ST00530" HPOS="2103" VPOS="1721" WIDTH="125" HEIGHT="48" CONTENT="einer" WC="0.99" CC="01103"/>
						<SP ID="P6_SP00460" HPOS="2228" VPOS="1769" WIDTH="35"/>
						<String ID="P6_ST00531" HPOS="2263" VPOS="1721" WIDTH="398" HEIGHT="65" CONTENT="abgerundeteren" WC="1.00" CC="56002413000601"/>
						<SP ID="P6_SP00461" HPOS="2661" VPOS="1786" WIDTH="32"/>
						<String ID="P6_ST00532" HPOS="2693" VPOS="1722" WIDTH="269" HEIGHT="65" CONTENT="Gestaltung" WC="0.99" CC="6004404060"/>
						<SP ID="P6_SP00462" HPOS="2962" VPOS="1787" WIDTH="30"/>
						<String ID="P6_ST00533" HPOS="2992" VPOS="1721" WIDTH="79" HEIGHT="48" CONTENT="des" WC="0.97" CC="600"/>
						<SP ID="P6_SP00463" HPOS="3071" VPOS="1787" WIDTH="32"/>
						<String ID="P6_ST00534" HPOS="3103" VPOS="1721" WIDTH="203" HEIGHT="50" CONTENT="Werkes" WC="0.99" CC="004007"/>
					</TextLine>
					<TextLine ID="P6_TL00072" HPOS="1783" VPOS="1797" WIDTH="1521" HEIGHT="66">
						<String ID="P6_ST00535" HPOS="1783" VPOS="1797" WIDTH="259" HEIGHT="49" CONTENT="wesentlich" WC="0.99" CC="0030560002"/>
						<SP ID="P6_SP00464" HPOS="2042" VPOS="1846" WIDTH="32"/>
						<String ID="P6_ST00536" HPOS="2074" VPOS="1797" WIDTH="295" HEIGHT="66" CONTENT="beigetragen" WC="0.99" CC="74090065000"/>
						<SP ID="P6_SP00465" HPOS="2369" VPOS="1863" WIDTH="28"/>
						<String ID="P6_ST00537" HPOS="2397" VPOS="1816" WIDTH="52" HEIGHT="31" CONTENT="zu" WC="0.47" CC="55"/>
						<SP ID="P6_SP00466" HPOS="2449" VPOS="1863" WIDTH="32"/>
						<String ID="P6_ST00538" HPOS="2481" VPOS="1799" WIDTH="166" HEIGHT="49" CONTENT="haben." WC="0.99" CC="006024"/>
						<SP ID="P6_SP00467" HPOS="2647" VPOS="1863" WIDTH="30"/>
						<String ID="P6_ST00539" HPOS="2677" VPOS="1799" WIDTH="276" HEIGHT="49" CONTENT="Ausserdem" WC="0.99" CC="721102010"/>
						<SP ID="P6_SP00468" HPOS="2953" VPOS="1863" WIDTH="33"/>
						<String ID="P6_ST00540" HPOS="2986" VPOS="1797" WIDTH="160" HEIGHT="50" CONTENT="wurde" WC="0.99" CC="05500"/>
						<SP ID="P6_SP00469" HPOS="3146" VPOS="1863" WIDTH="24"/>
						<String ID="P6_ST00541" HPOS="3170" VPOS="1799" WIDTH="108" HEIGHT="48" CONTENT="Beet" SUBS_TYPE="HypPart1" SUBS_CONTENT="Beethoven's" WC="0.76" CC="6005"/>
						<HYP HPOS="3278" VPOS="1799" WIDTH="26" CONTENT="-"/>
					</TextLine>
					<TextLine ID="P6_TL00073" HPOS="1785" VPOS="1875" WIDTH="1507" HEIGHT="58">
						<String ID="P6_ST00542" HPOS="1785" VPOS="1875" WIDTH="181" HEIGHT="48" CONTENT="hoven's" SUBS_TYPE="HypPart2" SUBS_CONTENT="Beethoven's" WC="0.82" CC="1300303"/>
						<SP ID="P6_SP00470" HPOS="1966" VPOS="1923" WIDTH="32"/>
						<String ID="P6_ST00543" HPOS="1998" VPOS="1875" WIDTH="387" HEIGHT="49" CONTENT=".F-efer-Sinfonie" WC="0.61" CC="7928448400004700"/>
						<SP ID="P6_SP00471" HPOS="2385" VPOS="1924" WIDTH="41"/>
						<String ID="P6_ST00544" HPOS="2426" VPOS="1876" WIDTH="93" HEIGHT="48" CONTENT="und" WC="0.96" CC="450"/>
						<SP ID="P6_SP00472" HPOS="2519" VPOS="1924" WIDTH="42"/>
						<String ID="P6_ST00545" HPOS="2561" VPOS="1876" WIDTH="69" HEIGHT="50" CONTENT="die" WC="0.97" CC="170"/>
						<SP ID="P6_SP00473" HPOS="2630" VPOS="1926" WIDTH="31"/>
						<String ID="P6_ST00546" HPOS="2661" VPOS="1877" WIDTH="260" HEIGHT="49" CONTENT="Ouvertüre" WC="0.99" CC="570006040"/>
						<SP ID="P6_SP00474" HPOS="2921" VPOS="1926" WIDTH="28"/>
						<String ID="P6_ST00547" HPOS="2949" VPOS="1894" WIDTH="55" HEIGHT="30" CONTENT="zu" WC="0.39" CC="65"/>
						<SP ID="P6_SP00475" HPOS="3004" VPOS="1926" WIDTH="41"/>
						<String ID="P6_ST00548" HPOS="3045" VPOS="1875" WIDTH="247" HEIGHT="58" CONTENT='„Oberon"' WC="0.77" CC="05302600"/>
					</TextLine>
					<TextLine ID="P6_TL00074" HPOS="1783" VPOS="1951" WIDTH="808" HEIGHT="67">
						<String ID="P6_ST00549" HPOS="1783" VPOS="1952" WIDTH="44" HEIGHT="49" CONTENT="in" WC="0.81" CC="03"/>
						<SP ID="P6_SP00476" HPOS="1827" VPOS="2001" WIDTH="29"/>
						<String ID="P6_ST00550" HPOS="1856" VPOS="1951" WIDTH="170" HEIGHT="50" CONTENT="diesem" WC="1.00" CC="000000"/>
						<SP ID="P6_SP00477" HPOS="2026" VPOS="2001" WIDTH="30"/>
						<String ID="P6_ST00551" HPOS="2056" VPOS="1952" WIDTH="224" HEIGHT="50" CONTENT="Concerte" WC="0.84" CC="84000000"/>
						<SP ID="P6_SP00478" HPOS="2280" VPOS="2002" WIDTH="30"/>
						<String ID="P6_ST00552" HPOS="2310" VPOS="1954" WIDTH="281" HEIGHT="64" CONTENT="aufgeführt." WC="0.99" CC="63090000004"/>
					</TextLine>
					<TextLine ID="P6_TL00075" HPOS="1902" VPOS="2028" WIDTH="1404" HEIGHT="67">
						<String ID="P6_ST00553" HPOS="1902" VPOS="2030" WIDTH="48" HEIGHT="47" CONTENT="In" WC="0.35" CC="66"/>
						<SP ID="P6_SP00479" HPOS="1950" VPOS="2077" WIDTH="42"/>
						<String ID="P6_ST00554" HPOS="1992" VPOS="2045" WIDTH="313" HEIGHT="50" CONTENT="vergangener" WC="0.99" CC="00005690005"/>
						<SP ID="P6_SP00480" HPOS="2305" VPOS="2095" WIDTH="26"/>
						<String ID="P6_ST00555" HPOS="2331" VPOS="2030" WIDTH="186" HEIGHT="49" CONTENT="Woche" WC="0.98" CC="60060"/>
						<SP ID="P6_SP00481" HPOS="2517" VPOS="2095" WIDTH="44"/>
						<String ID="P6_ST00556" HPOS="2561" VPOS="2031" WIDTH="155" HEIGHT="47" CONTENT="hatten" WC="0.99" CC="233500"/>
						<SP ID="P6_SP00482" HPOS="2716" VPOS="2095" WIDTH="29"/>
						<String ID="P6_ST00557" HPOS="2745" VPOS="2030" WIDTH="84" HEIGHT="48" CONTENT="wir" WC="0.98" CC="004"/>
						<SP ID="P6_SP00483" HPOS="2829" VPOS="2095" WIDTH="28"/>
						<String ID="P6_ST00558" HPOS="2857" VPOS="2030" WIDTH="115" HEIGHT="48" CONTENT="auch" WC="0.99" CC="0420"/>
						<SP ID="P6_SP00484" HPOS="2972" VPOS="2095" WIDTH="32"/>
						<String ID="P6_ST00559" HPOS="3004" VPOS="2028" WIDTH="71" HEIGHT="50" CONTENT="die" WC="0.99" CC="001"/>
						<SP ID="P6_SP00485" HPOS="3075" VPOS="2095" WIDTH="32"/>
						<String ID="P6_ST00560" HPOS="3107" VPOS="2028" WIDTH="199" HEIGHT="56" CONTENT="Freude," WC="1.00" CC="0101003"/>
					</TextLine>
					<TextLine ID="P6_TL00076" HPOS="1783" VPOS="2106" WIDTH="1521" HEIGHT="66">
						<String ID="P6_ST00561" HPOS="1783" VPOS="2106" WIDTH="99" HEIGHT="48" CONTENT="eine" WC="0.98" CC="0430"/>
						<SP ID="P6_SP00486" HPOS="1882" VPOS="2154" WIDTH="28"/>
						<String ID="P6_ST00562" HPOS="1910" VPOS="2122" WIDTH="116" HEIGHT="32" CONTENT="neue" WC="1.00" CC="0000"/>
						<SP ID="P6_SP00487" HPOS="2026" VPOS="2154" WIDTH="25"/>
						<String ID="P6_ST00563" HPOS="2051" VPOS="2107" WIDTH="308" HEIGHT="65" CONTENT="Composition" WC="0.72" CC="85005106020"/>
						<SP ID="P6_SP00488" HPOS="2359" VPOS="2172" WIDTH="30"/>
						<String ID="P6_ST00564" HPOS="2389" VPOS="2107" WIDTH="121" HEIGHT="47" CONTENT="eines" WC="0.99" CC="00340"/>
						<SP ID="P6_SP00489" HPOS="2510" VPOS="2172" WIDTH="30"/>
						<String ID="P6_ST00565" HPOS="2540" VPOS="2107" WIDTH="200" HEIGHT="64" CONTENT="hiesigen" WC="0.99" CC="67050003"/>
						<SP ID="P6_SP00490" HPOS="2740" VPOS="2172" WIDTH="24"/>
						<String ID="P6_ST00566" HPOS="2764" VPOS="2107" WIDTH="255" HEIGHT="57" CONTENT="Künstlers," WC="0.99" CC="5096401303"/>
						<SP ID="P6_SP00491" HPOS="3019" VPOS="2172" WIDTH="29"/>
						<String ID="P6_ST00567" HPOS="3048" VPOS="2106" WIDTH="77" HEIGHT="48" CONTENT="des" WC="1.00" CC="000"/>
						<SP ID="P6_SP00492" HPOS="3125" VPOS="2172" WIDTH="25"/>
						<String ID="P6_ST00568" HPOS="3150" VPOS="2107" WIDTH="154" HEIGHT="48" CONTENT="Herrn" WC="0.97" CC="50347"/>
					</TextLine>
					<TextLine ID="P6_TL00077" HPOS="1783" VPOS="2182" WIDTH="1524" HEIGHT="60">
						<String ID="P6_ST00569" HPOS="1783" VPOS="2182" WIDTH="338" HEIGHT="59" CONTENT="Streudner," WC="0.92" CC="0400001001"/>
						<SP ID="P6_SP00493" HPOS="2121" VPOS="2241" WIDTH="41"/>
						<String ID="P6_ST00570" HPOS="2162" VPOS="2201" WIDTH="54" HEIGHT="31" CONTENT="zu" WC="0.56" CC="35"/>
						<SP ID="P6_SP00494" HPOS="2216" VPOS="2241" WIDTH="44"/>
						<String ID="P6_ST00571" HPOS="2260" VPOS="2183" WIDTH="160" HEIGHT="58" CONTENT="hören," WC="0.98" CC="546000"/>
						<SP ID="P6_SP00495" HPOS="2420" VPOS="2241" WIDTH="34"/>
						<String ID="P6_ST00572" HPOS="2454" VPOS="2183" WIDTH="71" HEIGHT="49" CONTENT="ein" WC="0.97" CC="044"/>
						<SP ID="P6_SP00496" HPOS="2525" VPOS="2241" WIDTH="36"/>
						<String ID="P6_ST00573" HPOS="2561" VPOS="2183" WIDTH="210" HEIGHT="59" CONTENT="Quintett" WC="0.99" CC="56033026"/>
						<SP ID="P6_SP00497" HPOS="2771" VPOS="2242" WIDTH="35"/>
						<String ID="P6_ST00574" HPOS="2806" VPOS="2183" WIDTH="77" HEIGHT="47" CONTENT="für" WC="1.00" CC="000"/>
						<SP ID="P6_SP00498" HPOS="2883" VPOS="2242" WIDTH="35"/>
						<String ID="P6_ST00575" HPOS="2918" VPOS="2183" WIDTH="260" HEIGHT="49" CONTENT="Pianoforte" WC="0.79" CC="0040304260"/>
						<SP ID="P6_SP00499" HPOS="3178" VPOS="2242" WIDTH="37"/>
						<String ID="P6_ST00576" HPOS="3215" VPOS="2183" WIDTH="92" HEIGHT="49" CONTENT="und" WC="1.00" CC="000"/>
					</TextLine>
					<TextLine ID="P6_TL00078" HPOS="1783" VPOS="2260" WIDTH="1519" HEIGHT="64">
						<String ID="P6_ST00577" HPOS="1783" VPOS="2260" WIDTH="437" HEIGHT="58" CONTENT="Streich-Quartett," WC="1.00" CC="55400000200350400"/>
						<SP ID="P6_SP00500" HPOS="2220" VPOS="2318" WIDTH="29"/>
						<String ID="P6_ST00578" HPOS="2249" VPOS="2261" WIDTH="196" HEIGHT="47" CONTENT="welches" WC="1.00" CC="0200004"/>
						<SP ID="P6_SP00501" HPOS="2445" VPOS="2318" WIDTH="23"/>
						<String ID="P6_ST00579" HPOS="2468" VPOS="2277" WIDTH="159" HEIGHT="47" CONTENT="wegen" WC="0.99" CC="00007"/>
						<SP ID="P6_SP00502" HPOS="2627" VPOS="2324" WIDTH="28"/>
						<String ID="P6_ST00580" HPOS="2655" VPOS="2261" WIDTH="147" HEIGHT="47" CONTENT="seiner" WC="0.99" CC="000604"/>
						<SP ID="P6_SP00503" HPOS="2802" VPOS="2324" WIDTH="25"/>
						<String ID="P6_ST00581" HPOS="2827" VPOS="2260" WIDTH="192" HEIGHT="48" CONTENT="frischen" WC="0.99" CC="04000304"/>
						<SP ID="P6_SP00504" HPOS="3019" VPOS="2324" WIDTH="23"/>
						<String ID="P6_ST00582" HPOS="3042" VPOS="2260" WIDTH="234" HEIGHT="48" CONTENT="Natürlich" SUBS_TYPE="HypPart1" SUBS_CONTENT="Natürlichkeit" WC="0.99" CC="615021000"/>
						<HYP HPOS="3276" VPOS="2260" WIDTH="26" CONTENT="-"/>
					</TextLine>
					<TextLine ID="P6_TL00079" HPOS="1786" VPOS="2336" WIDTH="1520" HEIGHT="66">
						<String ID="P6_ST00583" HPOS="1786" VPOS="2336" WIDTH="91" HEIGHT="48" CONTENT="keit" SUBS_TYPE="HypPart2" SUBS_CONTENT="Natürlichkeit" WC="0.98" CC="0025"/>
						<SP ID="P6_SP00505" HPOS="1877" VPOS="2384" WIDTH="30"/>
						<String ID="P6_ST00584" HPOS="1907" VPOS="2336" WIDTH="90" HEIGHT="48" CONTENT="und" WC="0.98" CC="230"/>
						<SP ID="P6_SP00506" HPOS="1997" VPOS="2384" WIDTH="23"/>
						<String ID="P6_ST00585" HPOS="2020" VPOS="2336" WIDTH="147" HEIGHT="48" CONTENT="seiner" WC="0.98" CC="003605"/>
						<SP ID="P6_SP00507" HPOS="2167" VPOS="2384" WIDTH="23"/>
						<String ID="P6_ST00586" HPOS="2190" VPOS="2337" WIDTH="357" HEIGHT="48" CONTENT="künstlerischen" WC="1.00" CC="00606602000407"/>
						<SP ID="P6_SP00508" HPOS="2547" VPOS="2385" WIDTH="23"/>
						<String ID="P6_ST00587" HPOS="2570" VPOS="2337" WIDTH="290" HEIGHT="65" CONTENT="Tüchtigkeit" WC="1.00" CC="00023090003"/>
						<SP ID="P6_SP00509" HPOS="2860" VPOS="2402" WIDTH="22"/>
						<String ID="P6_ST00588" HPOS="2882" VPOS="2337" WIDTH="43" HEIGHT="48" CONTENT="in" WC="0.71" CC="05"/>
						<SP ID="P6_SP00510" HPOS="2925" VPOS="2402" WIDTH="24"/>
						<String ID="P6_ST00589" HPOS="2949" VPOS="2337" WIDTH="201" HEIGHT="64" CONTENT="hiesigen" WC="0.99" CC="50000005"/>
						<SP ID="P6_SP00511" HPOS="3150" VPOS="2402" WIDTH="23"/>
						<String ID="P6_ST00590" HPOS="3173" VPOS="2337" WIDTH="107" HEIGHT="48" CONTENT="Krei" SUBS_TYPE="HypPart1" SUBS_CONTENT="Kreisen" WC="0.99" CC="0500"/>
						<HYP HPOS="3280" VPOS="2337" WIDTH="26" CONTENT="-"/>
					</TextLine>
					<TextLine ID="P6_TL00080" HPOS="1783" VPOS="2412" WIDTH="1524" HEIGHT="67">
						<String ID="P6_ST00591" HPOS="1783" VPOS="2429" WIDTH="78" HEIGHT="31" CONTENT="sen" SUBS_TYPE="HypPart2" SUBS_CONTENT="Kreisen" WC="0.98" CC="400"/>
						<SP ID="P6_SP00512" HPOS="1861" VPOS="2460" WIDTH="23"/>
						<String ID="P6_ST00592" HPOS="1884" VPOS="2412" WIDTH="81" HEIGHT="48" CONTENT="viel" WC="1.00" CC="0000"/>
						<SP ID="P6_SP00513" HPOS="1965" VPOS="2460" WIDTH="24"/>
						<String ID="P6_ST00593" HPOS="1989" VPOS="2413" WIDTH="158" HEIGHT="47" CONTENT="Beifall" WC="0.99" CC="6000903"/>
						<SP ID="P6_SP00514" HPOS="2147" VPOS="2460" WIDTH="22"/>
						<String ID="P6_ST00594" HPOS="2169" VPOS="2413" WIDTH="229" HEIGHT="65" CONTENT="gefunden" WC="1.00" CC="00050000"/>
						<SP ID="P6_SP00515" HPOS="2398" VPOS="2478" WIDTH="31"/>
						<String ID="P6_ST00595" HPOS="2429" VPOS="2415" WIDTH="78" HEIGHT="47" CONTENT="hat" WC="0.95" CC="661"/>
						<SP ID="P6_SP00516" HPOS="2507" VPOS="2478" WIDTH="28"/>
						<String ID="P6_ST00596" HPOS="2535" VPOS="2415" WIDTH="90" HEIGHT="47" CONTENT="und" WC="0.98" CC="500"/>
						<SP ID="P6_SP00517" HPOS="2625" VPOS="2478" WIDTH="30"/>
						<String ID="P6_ST00597" HPOS="2655" VPOS="2430" WIDTH="80" HEIGHT="32" CONTENT="zur" WC="0.95" CC="641"/>
						<SP ID="P6_SP00518" HPOS="2735" VPOS="2478" WIDTH="21"/>
						<String ID="P6_ST00598" HPOS="2756" VPOS="2415" WIDTH="216" HEIGHT="49" CONTENT="weiteren" WC="0.99" CC="05040200"/>
						<SP ID="P6_SP00519" HPOS="2972" VPOS="2478" WIDTH="27"/>
						<String ID="P6_ST00599" HPOS="2999" VPOS="2413" WIDTH="308" HEIGHT="66" CONTENT="Verbreitung" WC="0.99" CC="00051004249"/>
					</TextLine>
					<TextLine ID="P6_TL00081" HPOS="1785" VPOS="2488" WIDTH="898" HEIGHT="68">
						<String ID="P6_ST00600" HPOS="1785" VPOS="2488" WIDTH="71" HEIGHT="50" CONTENT="die" WC="1.00" CC="000"/>
						<SP ID="P6_SP00520" HPOS="1856" VPOS="2538" WIDTH="30"/>
						<String ID="P6_ST00601" HPOS="1886" VPOS="2492" WIDTH="211" HEIGHT="46" CONTENT="wärmste" WC="0.99" CC="0610060"/>
						<SP ID="P6_SP00521" HPOS="2097" VPOS="2538" WIDTH="29"/>
						<String ID="P6_ST00602" HPOS="2126" VPOS="2489" WIDTH="310" HEIGHT="67" CONTENT="Empfehlung" WC="0.99" CC="5090055040"/>
						<SP ID="P6_SP00522" HPOS="2436" VPOS="2556" WIDTH="29"/>
						<String ID="P6_ST00603" HPOS="2465" VPOS="2489" WIDTH="218" HEIGHT="50" CONTENT="verdient." WC="1.00" CC="500000003"/>
					</TextLine>
					<TextLine ID="P6_TL00082" HPOS="1899" VPOS="2566" WIDTH="1408" HEIGHT="66">
						<String ID="P6_ST00604" HPOS="1899" VPOS="2566" WIDTH="90" HEIGHT="48" CONTENT="Am" WC="0.50" CC="09"/>
						<SP ID="P6_SP00523" HPOS="1989" VPOS="2614" WIDTH="31"/>
						<String ID="P6_ST00605" HPOS="2020" VPOS="2566" WIDTH="81" HEIGHT="49" CONTENT="15." WC="0.60" CC="074"/>
						<SP ID="P6_SP00524" HPOS="2101" VPOS="2615" WIDTH="25"/>
						<String ID="P6_ST00606" HPOS="2126" VPOS="2567" WIDTH="121" HEIGHT="48" CONTENT="März" WC="0.98" CC="0046"/>
						<SP ID="P6_SP00525" HPOS="2247" VPOS="2615" WIDTH="30"/>
						<String ID="P6_ST00607" HPOS="2277" VPOS="2567" WIDTH="124" HEIGHT="48" CONTENT="hatte" WC="0.97" CC="50255"/>
						<SP ID="P6_SP00526" HPOS="2401" VPOS="2615" WIDTH="29"/>
						<String ID="P6_ST00608" HPOS="2430" VPOS="2567" WIDTH="81" HEIGHT="49" CONTENT="der" WC="0.99" CC="003"/>
						<SP ID="P6_SP00527" HPOS="2511" VPOS="2616" WIDTH="31"/>
						<String ID="P6_ST00609" HPOS="2542" VPOS="2567" WIDTH="334" HEIGHT="65" CONTENT="Gesangverein" WC="0.99" CC="000069005105"/>
						<SP ID="P6_SP00528" HPOS="2876" VPOS="2632" WIDTH="30"/>
						<String ID="P6_ST00610" HPOS="2906" VPOS="2566" WIDTH="79" HEIGHT="49" CONTENT="des" WC="0.98" CC="005"/>
						<SP ID="P6_SP00529" HPOS="2985" VPOS="2632" WIDTH="28"/>
						<String ID="P6_ST00611" HPOS="3013" VPOS="2568" WIDTH="153" HEIGHT="47" CONTENT="Herrn" WC="0.99" CC="70010"/>
						<SP ID="P6_SP00530" HPOS="3166" VPOS="2632" WIDTH="31"/>
						<String ID="P6_ST00612" HPOS="3197" VPOS="2568" WIDTH="74" HEIGHT="48" CONTENT="En" SUBS_TYPE="HypPart1" SUBS_CONTENT="Engel" WC="0.95" CC="26"/>
						<HYP HPOS="3271" VPOS="2568" WIDTH="36" CONTENT="-"/>
					</TextLine>
					<TextLine ID="P6_TL00083" HPOS="1785" VPOS="2643" WIDTH="1524" HEIGHT="65">
						<String ID="P6_ST00613" HPOS="1785" VPOS="2643" WIDTH="90" HEIGHT="65" CONTENT="gel" SUBS_TYPE="HypPart2" SUBS_CONTENT="Engel" WC="1.00" CC="000"/>
						<SP ID="P6_SP00531" HPOS="1875" VPOS="2708" WIDTH="43"/>
						<String ID="P6_ST00614" HPOS="1918" VPOS="2643" WIDTH="100" HEIGHT="48" CONTENT="eine" WC="1.00" CC="0010"/>
						<SP ID="P6_SP00532" HPOS="2018" VPOS="2708" WIDTH="28"/>
						<String ID="P6_ST00615" HPOS="2046" VPOS="2643" WIDTH="158" HEIGHT="48" CONTENT="Soiree" WC="1.00" CC="000200"/>
						<SP ID="P6_SP00533" HPOS="2204" VPOS="2708" WIDTH="39"/>
						<String ID="P6_ST00616" HPOS="2243" VPOS="2646" WIDTH="307" HEIGHT="56" CONTENT="veranstaltet," WC="1.00" CC="0058202000060"/>
						<SP ID="P6_SP00534" HPOS="2550" VPOS="2708" WIDTH="41"/>
						<String ID="P6_ST00617" HPOS="2591" VPOS="2644" WIDTH="46" HEIGHT="49" CONTENT="in" WC="0.72" CC="04"/>
						<SP ID="P6_SP00535" HPOS="2637" VPOS="2708" WIDTH="37"/>
						<String ID="P6_ST00618" HPOS="2674" VPOS="2644" WIDTH="198" HEIGHT="49" CONTENT="welcher" WC="0.99" CC="0030404"/>
						<SP ID="P6_SP00536" HPOS="2872" VPOS="2708" WIDTH="30"/>
						<String ID="P6_ST00619" HPOS="2902" VPOS="2644" WIDTH="151" HEIGHT="49" CONTENT="Chöre" WC="0.98" CC="30650"/>
						<SP ID="P6_SP00537" HPOS="3053" VPOS="2708" WIDTH="37"/>
						<String ID="P6_ST00620" HPOS="3090" VPOS="2643" WIDTH="94" HEIGHT="50" CONTENT="und" WC="0.98" CC="130"/>
						<SP ID="P6_SP00538" HPOS="3184" VPOS="2708" WIDTH="29"/>
						<String ID="P6_ST00621" HPOS="3213" VPOS="2644" WIDTH="96" HEIGHT="50" CONTENT="Soli" WC="0.96" CC="6207"/>
					</TextLine>
					<TextLine ID="P6_TL00084" HPOS="1785" VPOS="2721" WIDTH="1525" HEIGHT="58">
						<String ID="P6_ST00622" HPOS="1785" VPOS="2737" WIDTH="81" HEIGHT="33" CONTENT="aus" WC="0.99" CC="010"/>
						<SP ID="P6_SP00539" HPOS="1866" VPOS="2770" WIDTH="30"/>
						<String ID="P6_ST00623" HPOS="1896" VPOS="2721" WIDTH="181" HEIGHT="48" CONTENT="Hiller's" WC="0.71" CC="63060400"/>
						<SP ID="P6_SP00540" HPOS="2077" VPOS="2770" WIDTH="28"/>
						<String ID="P6_ST00624" HPOS="2105" VPOS="2722" WIDTH="268" HEIGHT="49" CONTENT="Oratorium" WC="0.99" CC="665046000"/>
						<SP ID="P6_SP00541" HPOS="2373" VPOS="2771" WIDTH="35"/>
						<String ID="P6_ST00625" HPOS="2408" VPOS="2723" WIDTH="193" HEIGHT="56" CONTENT='„Saul",' WC="0.63" CC="4570044"/>
						<SP ID="P6_SP00542" HPOS="2601" VPOS="2779" WIDTH="28"/>
						<String ID="P6_ST00626" HPOS="2629" VPOS="2722" WIDTH="360" HEIGHT="48" CONTENT="Mendelssohn's" WC="0.82" CC="0006400045300"/>
						<SP ID="P6_SP00543" HPOS="2989" VPOS="2779" WIDTH="28"/>
						<String ID="P6_ST00627" HPOS="3017" VPOS="2722" WIDTH="190" HEIGHT="49" CONTENT="Motette" WC="0.99" CC="0100620"/>
						<SP ID="P6_SP00544" HPOS="3207" VPOS="2779" WIDTH="25"/>
						<String ID="P6_ST00628" HPOS="3232" VPOS="2722" WIDTH="78" HEIGHT="48" CONTENT="für" WC="0.97" CC="503"/>
					</TextLine>
					<TextLine ID="P6_TL00085" HPOS="1786" VPOS="2798" WIDTH="1521" HEIGHT="66">
						<String ID="P6_ST00629" HPOS="1786" VPOS="2798" WIDTH="414" HEIGHT="56" CONTENT="Frauenstimmen," WC="1.00" CC="40000602000001"/>
						<SP ID="P6_SP00545" HPOS="2200" VPOS="2854" WIDTH="48"/>
						<String ID="P6_ST00630" HPOS="2248" VPOS="2799" WIDTH="219" HEIGHT="65" CONTENT="Mirjam's" WC="0.84" CC="00001504"/>
						<SP ID="P6_SP00546" HPOS="2467" VPOS="2864" WIDTH="42"/>
						<String ID="P6_ST00631" HPOS="2509" VPOS="2799" WIDTH="331" HEIGHT="65" CONTENT="Siegesgesang" WC="1.00" CC="300000000300"/>
						<SP ID="P6_SP00547" HPOS="2840" VPOS="2864" WIDTH="43"/>
						<String ID="P6_ST00632" HPOS="2883" VPOS="2799" WIDTH="76" HEIGHT="47" CONTENT="für" WC="0.99" CC="002"/>
						<SP ID="P6_SP00548" HPOS="2959" VPOS="2864" WIDTH="35"/>
						<String ID="P6_ST00633" HPOS="2994" VPOS="2799" WIDTH="313" HEIGHT="65" CONTENT="Sopran-Solo" WC="0.99" CC="00060102309"/>
					</TextLine>
					<TextLine ID="P6_TL00086" HPOS="1787" VPOS="2874" WIDTH="1523" HEIGHT="68">
						<String ID="P6_ST00634" HPOS="1787" VPOS="2876" WIDTH="79" HEIGHT="47" CONTENT="mit" WC="0.97" CC="080"/>
						<SP ID="P6_SP00549" HPOS="1866" VPOS="2923" WIDTH="30"/>
						<String ID="P6_ST00635" HPOS="1896" VPOS="2874" WIDTH="124" HEIGHT="50" CONTENT="Chor" WC="0.96" CC="5426"/>
						<SP ID="P6_SP00550" HPOS="2020" VPOS="2924" WIDTH="28"/>
						<String ID="P6_ST00636" HPOS="2048" VPOS="2892" WIDTH="85" HEIGHT="32" CONTENT="von" WC="0.96" CC="026"/>
						<SP ID="P6_SP00551" HPOS="2133" VPOS="2924" WIDTH="29"/>
						<String ID="P6_ST00637" HPOS="2162" VPOS="2877" WIDTH="51" HEIGHT="47" CONTENT="F." WC="1.00" CC="00"/>
						<SP ID="P6_SP00552" HPOS="2213" VPOS="2924" WIDTH="30"/>
						<String ID="P6_ST00638" HPOS="2243" VPOS="2876" WIDTH="245" HEIGHT="57" CONTENT="Schubert," WC="0.99" CC="104000344"/>
						<SP ID="P6_SP00553" HPOS="2488" VPOS="2933" WIDTH="47"/>
						<String ID="P6_ST00639" HPOS="2535" VPOS="2877" WIDTH="183" HEIGHT="65" CONTENT="Hymne" WC="0.97" CC="69200"/>
						<SP ID="P6_SP00554" HPOS="2718" VPOS="2942" WIDTH="41"/>
						<String ID="P6_ST00640" HPOS="2759" VPOS="2877" WIDTH="77" HEIGHT="47" CONTENT="für" WC="0.98" CC="006"/>
						<SP ID="P6_SP00555" HPOS="2836" VPOS="2942" WIDTH="36"/>
						<String ID="P6_ST00641" HPOS="2872" VPOS="2877" WIDTH="313" HEIGHT="63" CONTENT="Sopran-Solo" WC="0.99" CC="40940001305"/>
						<SP ID="P6_SP00556" HPOS="3185" VPOS="2942" WIDTH="44"/>
						<String ID="P6_ST00642" HPOS="3229" VPOS="2877" WIDTH="81" HEIGHT="48" CONTENT="mit" WC="0.93" CC="619"/>
					</TextLine>
					<TextLine ID="P6_TL00087" HPOS="1788" VPOS="2952" WIDTH="1521" HEIGHT="57">
						<String ID="P6_ST00643" HPOS="1788" VPOS="2952" WIDTH="125" HEIGHT="48" CONTENT="Chor" WC="0.97" CC="6050"/>
						<SP ID="P6_SP00557" HPOS="1913" VPOS="3000" WIDTH="27"/>
						<String ID="P6_ST00644" HPOS="1940" VPOS="2968" WIDTH="85" HEIGHT="32" CONTENT="von" WC="0.95" CC="806"/>
						<SP ID="P6_SP00558" HPOS="2025" VPOS="3000" WIDTH="24"/>
						<String ID="P6_ST00645" HPOS="2049" VPOS="2953" WIDTH="51" HEIGHT="47" CONTENT="F." WC="0.83" CC="03"/>
						<SP ID="P6_SP00559" HPOS="2100" VPOS="3000" WIDTH="24"/>
						<String ID="P6_ST00646" HPOS="2124" VPOS="2953" WIDTH="320" HEIGHT="48" CONTENT="Mendelssohn" WC="1.00" CC="00200011235"/>
						<SP ID="P6_SP00560" HPOS="2444" VPOS="3001" WIDTH="29"/>
						<String ID="P6_ST00647" HPOS="2473" VPOS="2953" WIDTH="91" HEIGHT="50" CONTENT="und" WC="0.95" CC="660"/>
						<SP ID="P6_SP00561" HPOS="2564" VPOS="3003" WIDTH="28"/>
						<String ID="P6_ST00648" HPOS="2592" VPOS="2968" WIDTH="87" HEIGHT="33" CONTENT="von" WC="0.93" CC="674"/>
						<SP ID="P6_SP00562" HPOS="2679" VPOS="3003" WIDTH="29"/>
						<String ID="P6_ST00649" HPOS="2708" VPOS="2953" WIDTH="262" HEIGHT="48" CONTENT="demselben" WC="0.99" CC="109000600"/>
						<SP ID="P6_SP00563" HPOS="2970" VPOS="3003" WIDTH="34"/>
						<String ID="P6_ST00650" HPOS="3004" VPOS="2953" WIDTH="114" HEIGHT="56" CONTENT="„Die" WC="0.99" CC="0301"/>
						<SP ID="P6_SP00564" HPOS="3118" VPOS="3009" WIDTH="26"/>
						<String ID="P6_ST00651" HPOS="3144" VPOS="2953" WIDTH="132" HEIGHT="50" CONTENT="Wald" SUBS_TYPE="HypPart1" SUBS_CONTENT='Waldvöglein"' WC="0.99" CC="0020"/>
						<HYP HPOS="3276" VPOS="2953" WIDTH="33" CONTENT="-"/>
					</TextLine>
					<TextLine ID="P6_TL00088" HPOS="1786" VPOS="3029" WIDTH="1293" HEIGHT="66">
						<String ID="P6_ST00652" HPOS="1786" VPOS="3029" WIDTH="204" HEIGHT="65" CONTENT='vöglein"' SUBS_TYPE="HypPart2" SUBS_CONTENT='Waldvöglein"' WC="0.99" CC="00900004"/>
						<SP ID="P6_SP00565" HPOS="1990" VPOS="3094" WIDTH="41"/>
						<String ID="P6_ST00653" HPOS="2031" VPOS="3029" WIDTH="91" HEIGHT="48" CONTENT="und" WC="1.00" CC="000"/>
						<SP ID="P6_SP00566" HPOS="2122" VPOS="3094" WIDTH="41"/>
						<String ID="P6_ST00654" HPOS="2163" VPOS="3029" WIDTH="368" HEIGHT="57" CONTENT='„Deutschland"' WC="0.99" CC="1000600009804"/>
						<SP ID="P6_SP00567" HPOS="2531" VPOS="3094" WIDTH="44"/>
						<String ID="P6_ST00655" HPOS="2575" VPOS="3030" WIDTH="270" HEIGHT="65" CONTENT="aufgeführt" WC="0.99" CC="2109008502"/>
						<SP ID="P6_SP00568" HPOS="2845" VPOS="3095" WIDTH="29"/>
						<String ID="P6_ST00656" HPOS="2874" VPOS="3029" WIDTH="205" HEIGHT="50" CONTENT="wurden." WC="0.99" CC="0400044"/>
					</TextLine>
					<TextLine ID="P6_TL00089" HPOS="1898" VPOS="3107" WIDTH="1413" HEIGHT="64">
						<String ID="P6_ST00657" HPOS="1898" VPOS="3108" WIDTH="94" HEIGHT="47" CONTENT="Das" WC="0.99" CC="200"/>
						<SP ID="P6_SP00569" HPOS="1992" VPOS="3155" WIDTH="23"/>
						<String ID="P6_ST00658" HPOS="2015" VPOS="3123" WIDTH="107" HEIGHT="48" CONTENT="rege" WC="0.99" CC="0003"/>
						<SP ID="P6_SP00570" HPOS="2122" VPOS="3171" WIDTH="23"/>
						<String ID="P6_ST00659" HPOS="2145" VPOS="3108" WIDTH="195" HEIGHT="48" CONTENT="Streben" WC="0.99" CC="2130604"/>
						<SP ID="P6_SP00571" HPOS="2340" VPOS="3171" WIDTH="25"/>
						<String ID="P6_ST00660" HPOS="2365" VPOS="3108" WIDTH="142" HEIGHT="49" CONTENT="dieses" WC="1.00" CC="000301"/>
						<SP ID="P6_SP00572" HPOS="2507" VPOS="3171" WIDTH="27"/>
						<String ID="P6_ST00661" HPOS="2534" VPOS="3108" WIDTH="188" HEIGHT="48" CONTENT="Vereins" WC="0.99" CC="0090063"/>
						<SP ID="P6_SP00573" HPOS="2722" VPOS="3171" WIDTH="30"/>
						<String ID="P6_ST00662" HPOS="2752" VPOS="3107" WIDTH="191" HEIGHT="49" CONTENT="drückte" WC="0.99" CC="9000000"/>
						<SP ID="P6_SP00574" HPOS="2943" VPOS="3171" WIDTH="28"/>
						<String ID="P6_ST00663" HPOS="2971" VPOS="3107" WIDTH="93" HEIGHT="49" CONTENT="sich" WC="1.00" CC="0001"/>
						<SP ID="P6_SP00575" HPOS="3064" VPOS="3171" WIDTH="30"/>
						<String ID="P6_ST00664" HPOS="3094" VPOS="3108" WIDTH="43" HEIGHT="48" CONTENT="in" WC="1.00" CC="00"/>
						<SP ID="P6_SP00576" HPOS="3137" VPOS="3171" WIDTH="29"/>
						<String ID="P6_ST00665" HPOS="3166" VPOS="3108" WIDTH="116" HEIGHT="48" CONTENT="wohl" SUBS_TYPE="HypPart1" SUBS_CONTENT="wohlthuender" WC="0.68" CC="0077"/>
						<HYP HPOS="3282" VPOS="3108" WIDTH="29" CONTENT="-"/>
					</TextLine>
					<TextLine ID="P6_TL00090" HPOS="1786" VPOS="3182" WIDTH="1523" HEIGHT="52">
						<String ID="P6_ST00666" HPOS="1786" VPOS="3182" WIDTH="223" HEIGHT="50" CONTENT="thuender" SUBS_TYPE="HypPart2" SUBS_CONTENT="wohlthuender" WC="0.74" CC="70704000"/>
						<SP ID="P6_SP00577" HPOS="2009" VPOS="3232" WIDTH="28"/>
						<String ID="P6_ST00667" HPOS="2037" VPOS="3184" WIDTH="162" HEIGHT="48" CONTENT="Weise" WC="0.98" CC="80015"/>
						<SP ID="P6_SP00578" HPOS="2199" VPOS="3232" WIDTH="28"/>
						<String ID="P6_ST00668" HPOS="2227" VPOS="3185" WIDTH="116" HEIGHT="49" CONTENT="auch" WC="0.98" CC="6004"/>
						<SP ID="P6_SP00579" HPOS="2343" VPOS="3234" WIDTH="31"/>
						<String ID="P6_ST00669" HPOS="2374" VPOS="3185" WIDTH="42" HEIGHT="47" CONTENT="in" WC="0.80" CC="04"/>
						<SP ID="P6_SP00580" HPOS="2416" VPOS="3234" WIDTH="30"/>
						<String ID="P6_ST00670" HPOS="2446" VPOS="3184" WIDTH="168" HEIGHT="50" CONTENT="diesem" WC="0.99" CC="010027"/>
						<SP ID="P6_SP00581" HPOS="2614" VPOS="3234" WIDTH="34"/>
						<String ID="P6_ST00671" HPOS="2648" VPOS="3184" WIDTH="221" HEIGHT="50" CONTENT="Concerte" WC="0.77" CC="53800100"/>
						<SP ID="P6_SP00582" HPOS="2869" VPOS="3234" WIDTH="31"/>
						<String ID="P6_ST00672" HPOS="2900" VPOS="3201" WIDTH="103" HEIGHT="31" CONTENT="aus:" WC="1.00" CC="0200"/>
						<SP ID="P6_SP00583" HPOS="3003" VPOS="3234" WIDTH="31"/>
						<String ID="P6_ST00673" HPOS="3034" VPOS="3184" WIDTH="153" HEIGHT="48" CONTENT="Chöre" WC="0.98" CC="63040"/>
						<SP ID="P6_SP00584" HPOS="3187" VPOS="3234" WIDTH="29"/>
						<String ID="P6_ST00674" HPOS="3216" VPOS="3184" WIDTH="93" HEIGHT="48" CONTENT="und" WC="0.94" CC="619"/>
					</TextLine>
					<TextLine ID="P6_TL00091" HPOS="1785" VPOS="3260" WIDTH="1517" HEIGHT="66">
						<String ID="P6_ST00675" HPOS="1785" VPOS="3260" WIDTH="90" HEIGHT="49" CONTENT="Soli" WC="0.97" CC="3205"/>
						<SP ID="P6_SP00585" HPOS="1875" VPOS="3309" WIDTH="30"/>
						<String ID="P6_ST00676" HPOS="1905" VPOS="3260" WIDTH="190" HEIGHT="49" CONTENT="wurden" WC="0.99" CC="003005"/>
						<SP ID="P6_SP00586" HPOS="2095" VPOS="3309" WIDTH="39"/>
						<String ID="P6_ST00677" HPOS="2134" VPOS="3262" WIDTH="80" HEIGHT="48" CONTENT="mit" WC="0.99" CC="003"/>
						<SP ID="P6_SP00587" HPOS="2214" VPOS="3310" WIDTH="30"/>
						<String ID="P6_ST00678" HPOS="2244" VPOS="3262" WIDTH="206" HEIGHT="48" CONTENT="Feinheit" WC="0.99" CC="30045004"/>
						<SP ID="P6_SP00588" HPOS="2450" VPOS="3310" WIDTH="40"/>
						<String ID="P6_ST00679" HPOS="2490" VPOS="3262" WIDTH="91" HEIGHT="48" CONTENT="und" WC="0.98" CC="060"/>
						<SP ID="P6_SP00589" HPOS="2581" VPOS="3310" WIDTH="30"/>
						<String ID="P6_ST00680" HPOS="2611" VPOS="3262" WIDTH="228" HEIGHT="48" CONTENT="Präcision" WC="0.77" CC="400000275"/>
						<SP ID="P6_SP00590" HPOS="2839" VPOS="3310" WIDTH="38"/>
						<String ID="P6_ST00681" HPOS="2877" VPOS="3262" WIDTH="291" HEIGHT="64" CONTENT="ausgeführt," WC="0.99" CC="00090006103"/>
						<SP ID="P6_SP00591" HPOS="3168" VPOS="3326" WIDTH="44"/>
						<String ID="P6_ST00682" HPOS="3212" VPOS="3262" WIDTH="90" HEIGHT="48" CONTENT="und" WC="0.95" CC="608"/>
					</TextLine>
					<TextLine ID="P6_TL00092" HPOS="1783" VPOS="3337" WIDTH="1526" HEIGHT="68">
						<String ID="P6_ST00683" HPOS="1783" VPOS="3337" WIDTH="72" HEIGHT="48" CONTENT="die" WC="0.98" CC="040"/>
						<SP ID="P6_SP00592" HPOS="1855" VPOS="3385" WIDTH="29"/>
						<String ID="P6_ST00684" HPOS="1884" VPOS="3338" WIDTH="330" HEIGHT="65" CONTENT="Lebendigkeit" WC="0.99" CC="627000090006"/>
						<SP ID="P6_SP00593" HPOS="2214" VPOS="3403" WIDTH="30"/>
						<String ID="P6_ST00685" HPOS="2244" VPOS="3339" WIDTH="89" HEIGHT="48" CONTENT="und" WC="0.95" CC="740"/>
						<SP ID="P6_SP00594" HPOS="2333" VPOS="3403" WIDTH="30"/>
						<String ID="P6_ST00686" HPOS="2363" VPOS="3339" WIDTH="320" HEIGHT="66" CONTENT="Klangfrische" WC="1.00" CC="106500204020"/>
						<SP ID="P6_SP00595" HPOS="2683" VPOS="3405" WIDTH="27"/>
						<String ID="P6_ST00687" HPOS="2710" VPOS="3339" WIDTH="82" HEIGHT="48" CONTENT="der" WC="0.98" CC="005"/>
						<SP ID="P6_SP00596" HPOS="2792" VPOS="3405" WIDTH="21"/>
						<String ID="P6_ST00688" HPOS="2813" VPOS="3339" WIDTH="305" HEIGHT="65" CONTENT="Aufführung" WC="1.00" CC="2200010370"/>
						<SP ID="P6_SP00597" HPOS="3118" VPOS="3405" WIDTH="28"/>
						<String ID="P6_ST00689" HPOS="3146" VPOS="3339" WIDTH="163" HEIGHT="65" CONTENT="zeigte," WC="0.99" CC="2000504"/>
					</TextLine>
					<TextLine ID="P6_TL00093" HPOS="1783" VPOS="3414" WIDTH="1527" HEIGHT="67">
						<String ID="P6_ST00690" HPOS="1783" VPOS="3414" WIDTH="101" HEIGHT="48" CONTENT="dass" WC="0.84" CC="0600"/>
						<SP ID="P6_SP00598" HPOS="1884" VPOS="3462" WIDTH="42"/>
						<String ID="P6_ST00691" HPOS="1926" VPOS="3415" WIDTH="323" HEIGHT="66" CONTENT="aufopfernder" WC="0.99" CC="010009244402"/>
						<SP ID="P6_SP00599" HPOS="2249" VPOS="3481" WIDTH="37"/>
						<String ID="P6_ST00692" HPOS="2286" VPOS="3417" WIDTH="126" HEIGHT="48" CONTENT="Eifer" WC="1.00" CC="00001"/>
						<SP ID="P6_SP00600" HPOS="2412" VPOS="3481" WIDTH="44"/>
						<String ID="P6_ST00693" HPOS="2456" VPOS="3417" WIDTH="92" HEIGHT="48" CONTENT="und" WC="0.96" CC="550"/>
						<SP ID="P6_SP00601" HPOS="2548" VPOS="3481" WIDTH="44"/>
						<String ID="P6_ST00694" HPOS="2592" VPOS="3417" WIDTH="348" HEIGHT="48" CONTENT="künstlerisches" WC="1.00" CC="00356005000700"/>
						<SP ID="P6_SP00602" HPOS="2940" VPOS="3481" WIDTH="31"/>
						<String ID="P6_ST00695" HPOS="2971" VPOS="3417" WIDTH="222" HEIGHT="49" CONTENT="Geschick" WC="0.99" CC="00006003"/>
						<SP ID="P6_SP00603" HPOS="3193" VPOS="3481" WIDTH="45"/>
						<String ID="P6_ST00696" HPOS="3238" VPOS="3417" WIDTH="72" HEIGHT="48" CONTENT="die" WC="0.97" CC="601"/>
					</TextLine>
					<TextLine ID="P6_TL00094" HPOS="1786" VPOS="3492" WIDTH="1002" HEIGHT="66">
						<String ID="P6_ST00697" HPOS="1786" VPOS="3492" WIDTH="137" HEIGHT="49" CONTENT="festen" WC="0.99" CC="600404"/>
						<SP ID="P6_SP00604" HPOS="1923" VPOS="3541" WIDTH="32"/>
						<String ID="P6_ST00698" HPOS="1955" VPOS="3493" WIDTH="297" HEIGHT="65" CONTENT="Grundlagen" WC="0.99" CC="0540007006"/>
						<SP ID="P6_SP00605" HPOS="2252" VPOS="3558" WIDTH="29"/>
						<String ID="P6_ST00699" HPOS="2281" VPOS="3494" WIDTH="145" HEIGHT="48" CONTENT="dieses" WC="1.00" CC="000300"/>
						<SP ID="P6_SP00606" HPOS="2426" VPOS="3558" WIDTH="30"/>
						<String ID="P6_ST00700" HPOS="2456" VPOS="3494" WIDTH="188" HEIGHT="48" CONTENT="Vereins" WC="1.00" CC="0000001"/>
						<SP ID="P6_SP00607" HPOS="2644" VPOS="3558" WIDTH="31"/>
						<String ID="P6_ST00701" HPOS="2675" VPOS="3494" WIDTH="113" HEIGHT="48" CONTENT="sind." WC="0.99" CC="10003"/>
					</TextLine>
					<TextLine ID="P6_TL00095" HPOS="1898" VPOS="3569" WIDTH="1413" HEIGHT="52">
						<String ID="P6_ST00702" HPOS="1898" VPOS="3572" WIDTH="71" HEIGHT="47" CONTENT="An" WC="0.64" CC="07"/>
						<SP ID="P6_SP00608" HPOS="1969" VPOS="3619" WIDTH="30"/>
						<String ID="P6_ST00703" HPOS="1999" VPOS="3570" WIDTH="263" HEIGHT="50" CONTENT="demselben" WC="1.00" CC="000010311"/>
						<SP ID="P6_SP00609" HPOS="2262" VPOS="3620" WIDTH="29"/>
						<String ID="P6_ST00704" HPOS="2291" VPOS="3572" WIDTH="193" HEIGHT="49" CONTENT="Abende" WC="0.98" CC="560070"/>
						<SP ID="P6_SP00610" HPOS="2484" VPOS="3621" WIDTH="40"/>
						<String ID="P6_ST00705" HPOS="2524" VPOS="3572" WIDTH="129" HEIGHT="49" CONTENT="ward" WC="0.98" CC="0700"/>
						<SP ID="P6_SP00611" HPOS="2653" VPOS="3621" WIDTH="36"/>
						<String ID="P6_ST00706" HPOS="2689" VPOS="3572" WIDTH="61" HEIGHT="48" CONTENT="im" WC="0.69" CC="24"/>
						<SP ID="P6_SP00612" HPOS="2750" VPOS="3621" WIDTH="37"/>
						<String ID="P6_ST00707" HPOS="2787" VPOS="3572" WIDTH="134" HEIGHT="49" CONTENT="Saale" WC="0.99" CC="30060"/>
						<SP ID="P6_SP00613" HPOS="2921" VPOS="3621" WIDTH="42"/>
						<String ID="P6_ST00708" HPOS="2963" VPOS="3570" WIDTH="79" HEIGHT="49" CONTENT="des" WC="0.96" CC="801"/>
						<SP ID="P6_SP00614" HPOS="3042" VPOS="3621" WIDTH="29"/>
						<String ID="P6_ST00709" HPOS="3071" VPOS="3569" WIDTH="240" HEIGHT="50" CONTENT="Künstler-" WC="0.99" CC="600345024"/>
					</TextLine>
					<TextLine ID="P6_TL00096" HPOS="1786" VPOS="3645" WIDTH="1525" HEIGHT="66">
						<String ID="P6_ST00710" HPOS="1786" VPOS="3645" WIDTH="188" HEIGHT="50" CONTENT="Vereins" WC="0.99" CC="0162000"/>
						<SP ID="P6_SP00615" HPOS="1974" VPOS="3695" WIDTH="28"/>
						<String ID="P6_ST00711" HPOS="2002" VPOS="3646" WIDTH="79" HEIGHT="50" CONTENT="das" WC="0.99" CC="003"/>
						<SP ID="P6_SP00616" HPOS="2081" VPOS="3696" WIDTH="43"/>
						<String ID="P6_ST00712" HPOS="2124" VPOS="3655" WIDTH="118" HEIGHT="41" CONTENT="erste" WC="0.98" CC="03061"/>
						<SP ID="P6_SP00617" HPOS="2242" VPOS="3696" WIDTH="34"/>
						<String ID="P6_ST00713" HPOS="2276" VPOS="3664" WIDTH="84" HEIGHT="32" CONTENT="von" WC="0.98" CC="060"/>
						<SP ID="P6_SP00618" HPOS="2360" VPOS="3696" WIDTH="39"/>
						<String ID="P6_ST00714" HPOS="2399" VPOS="3648" WIDTH="97" HEIGHT="49" CONTENT="drei" WC="0.99" CC="0500"/>
						<SP ID="P6_SP00619" HPOS="2496" VPOS="3697" WIDTH="42"/>
						<String ID="P6_ST00715" HPOS="2538" VPOS="3648" WIDTH="299" HEIGHT="49" CONTENT="historischen" WC="1.00" CC="400020000405"/>
						<SP ID="P6_SP00620" HPOS="2837" VPOS="3697" WIDTH="30"/>
						<String ID="P6_ST00716" HPOS="2867" VPOS="3648" WIDTH="254" HEIGHT="48" CONTENT="Concerten" WC="0.88" CC="500005000"/>
						<SP ID="P6_SP00621" HPOS="3121" VPOS="3697" WIDTH="31"/>
						<String ID="P6_ST00717" HPOS="3152" VPOS="3646" WIDTH="133" HEIGHT="65" CONTENT="aufge" SUBS_TYPE="HypPart1" SUBS_CONTENT="aufgeführt;" WC="1.00" CC="00000"/>
						<HYP HPOS="3285" VPOS="3646" WIDTH="26" CONTENT="-"/>
					</TextLine>
					<TextLine ID="P6_TL00097" HPOS="1786" VPOS="3723" WIDTH="1525" HEIGHT="57">
						<String ID="P6_ST00718" HPOS="1786" VPOS="3723" WIDTH="149" HEIGHT="57" CONTENT="führt;" SUBS_TYPE="HypPart2" SUBS_CONTENT="aufgeführt;" WC="0.98" CC="906062"/>
						<SP ID="P6_SP00622" HPOS="1935" VPOS="3780" WIDTH="29"/>
						<String ID="P6_ST00719" HPOS="1964" VPOS="3740" WIDTH="44" HEIGHT="32" CONTENT="es" WC="1.00" CC="00"/>
						<SP ID="P6_SP00623" HPOS="2008" VPOS="3780" WIDTH="32"/>
						<String ID="P6_ST00720" HPOS="2040" VPOS="3725" WIDTH="189" HEIGHT="48" CONTENT="brachte" WC="0.98" CC="5045260"/>
						<SP ID="P6_SP00624" HPOS="2229" VPOS="3780" WIDTH="29"/>
						<String ID="P6_ST00721" HPOS="2258" VPOS="3724" WIDTH="71" HEIGHT="49" CONTENT="die" WC="0.99" CC="020"/>
						<SP ID="P6_SP00625" HPOS="2329" VPOS="3780" WIDTH="28"/>
						<String ID="P6_ST00722" HPOS="2357" VPOS="3725" WIDTH="162" HEIGHT="50" CONTENT="beiden" WC="1.00" CC="000000"/>
						<SP ID="P6_SP00626" HPOS="2519" VPOS="3780" WIDTH="30"/>
						<String ID="P6_ST00723" HPOS="2549" VPOS="3725" WIDTH="422" HEIGHT="50" CONTENT="Oboen-Concerte" WC="0.67" CC="76610040700460"/>
						<SP ID="P6_SP00627" HPOS="2971" VPOS="3780" WIDTH="28"/>
						<String ID="P6_ST00724" HPOS="2999" VPOS="3742" WIDTH="84" HEIGHT="31" CONTENT="von" WC="0.95" CC="904"/>
						<SP ID="P6_SP00628" HPOS="3083" VPOS="3780" WIDTH="31"/>
						<String ID="P6_ST00725" HPOS="3114" VPOS="3725" WIDTH="197" HEIGHT="54" CONTENT="Händel," WC="0.99" CC="5000061"/>
					</TextLine>
					<TextLine ID="P6_TL00098" HPOS="1786" VPOS="3801" WIDTH="1526" HEIGHT="65">
						<String ID="P6_ST00726" HPOS="1786" VPOS="3801" WIDTH="397" HEIGHT="50" CONTENT="Clavier-Concert" WC="0.89" CC="503000004000000"/>
						<SP ID="P6_SP00629" HPOS="2183" VPOS="3851" WIDTH="28"/>
						<String ID="P6_ST00727" HPOS="2211" VPOS="3803" WIDTH="44" HEIGHT="48" CONTENT="in" WC="0.96" CC="00"/>
						<SP ID="P6_SP00630" HPOS="2255" VPOS="3851" WIDTH="525"/>
						<String ID="P6_ST00728" HPOS="2780" VPOS="3803" WIDTH="187" HEIGHT="49" CONTENT="Es-dur" WC="0.70" CC="452060" STYLEREFS="TXT_2"/>
						<String ID="P6_ST00729" HPOS="2491" VPOS="3820" WIDTH="84" HEIGHT="32" CONTENT="von" WC="0.97" CC="070"/>
						<SP ID="P6_SP00631" HPOS="2967" VPOS="3852" WIDTH="-362"/>
						<String ID="P6_ST00730" HPOS="2605" VPOS="3804" WIDTH="174" HEIGHT="48" CONTENT="Mozart" WC="0.99" CC="050006"/>
						<SP ID="P6_SP00632" HPOS="2967" VPOS="3852" WIDTH="-157"/>
						<String ID="P6_ST00731" HPOS="2810" VPOS="3801" WIDTH="97" HEIGHT="65" CONTENT="[für" WC="1.00" CC="0000"/>
						<SP ID="P6_SP00633" HPOS="2967" VPOS="3866" WIDTH="-32"/>
						<String ID="P6_ST00732" HPOS="2935" VPOS="3803" WIDTH="110" HEIGHT="49" CONTENT="zwei" WC="0.98" CC="6004"/>
						<SP ID="P6_SP00634" HPOS="3045" VPOS="3866" WIDTH="30"/>
						<String ID="P6_ST00733" HPOS="3075" VPOS="3803" WIDTH="237" HEIGHT="49" CONTENT="Claviere?" WC="0.86" CC="600000005"/>
					</TextLine>
					<TextLine ID="P6_TL00099" HPOS="1782" VPOS="3879" WIDTH="1528" HEIGHT="67">
						<String ID="P6_ST00734" HPOS="1782" VPOS="3879" WIDTH="86" HEIGHT="47" CONTENT="Ein" WC="0.97" CC="007"/>
						<SP ID="P6_SP00635" HPOS="1868" VPOS="3926" WIDTH="39"/>
						<String ID="P6_ST00735" HPOS="1907" VPOS="3879" WIDTH="190" HEIGHT="49" CONTENT="anderes" WC="1.00" CC="0100002"/>
						<SP ID="P6_SP00636" HPOS="2097" VPOS="3928" WIDTH="43"/>
						<String ID="P6_ST00736" HPOS="2140" VPOS="3880" WIDTH="43" HEIGHT="48" CONTENT="in" WC="0.73" CC="05"/>
						<SP ID="P6_SP00637" HPOS="2183" VPOS="3928" WIDTH="30"/>
						<String ID="P6_ST00737" HPOS="2213" VPOS="3879" WIDTH="71" HEIGHT="49" CONTENT="Es" WC="0.63" CC="43" STYLEREFS="TXT_3"/>
						<SP ID="P6_SP00638" HPOS="2284" VPOS="3928" WIDTH="29"/>
						<String ID="P6_ST00738" HPOS="2313" VPOS="3880" WIDTH="177" HEIGHT="50" CONTENT="kennen" WC="1.00" CC="000002"/>
						<SP ID="P6_SP00639" HPOS="2490" VPOS="3930" WIDTH="30"/>
						<String ID="P6_ST00739" HPOS="2520" VPOS="3881" WIDTH="83" HEIGHT="47" CONTENT="wir" WC="0.99" CC="030"/>
						<SP ID="P6_SP00640" HPOS="2603" VPOS="3930" WIDTH="26"/>
						<String ID="P6_ST00740" HPOS="2629" VPOS="3879" WIDTH="156" HEIGHT="65" CONTENT="nicht.]" WC="0.99" CC="0200733"/>
						<SP ID="P6_SP00641" HPOS="2785" VPOS="3944" WIDTH="44"/>
						<String ID="P6_ST00741" HPOS="2829" VPOS="3879" WIDTH="91" HEIGHT="49" CONTENT="und" WC="0.98" CC="600"/>
						<SP ID="P6_SP00642" HPOS="2920" VPOS="3944" WIDTH="46"/>
						<String ID="P6_ST00742" HPOS="2966" VPOS="3879" WIDTH="202" HEIGHT="67" CONTENT="Haydn's" WC="0.60" CC="7560602"/>
						<SP ID="P6_SP00643" HPOS="3168" VPOS="3946" WIDTH="45"/>
						<String ID="P6_ST00743" HPOS="3213" VPOS="3879" WIDTH="97" HEIGHT="51" CONTENT="Ab-" WC="0.56" CC="714"/>
					</TextLine>
				</TextBlock>
				<TextBlock ID="P6_TB00004" HPOS="3089" VPOS="3955" WIDTH="113" HEIGHT="52" STYLEREFS="TXT_4 PAR_RIGHT">
					<TextLine ID="P6_TL00100" HPOS="3095" VPOS="3958" WIDTH="106" HEIGHT="49">
						<String ID="P6_ST00744" HPOS="3095" VPOS="3958" WIDTH="106" HEIGHT="49" CONTENT="Wl." WC="0.75" CC="034"/>
					</TextLine>
				</TextBlock>
				<TextBlock ID="P6_TB00005" HPOS="1782" VPOS="3955" WIDTH="420" HEIGHT="52" STYLEREFS="TXT_1 PAR_RIGHT">
					<TextLine ID="P6_TL00101" HPOS="1783" VPOS="3956" WIDTH="417" HEIGHT="51">
						<String ID="P6_ST00745" HPOS="1783" VPOS="3956" WIDTH="417" HEIGHT="51" CONTENT="schieds-Sinfonie." WC="0.71" CC="16701302000748004"/>
					</TextLine>
				</TextBlock>
			</PrintSpace>
		</Page>
	</Layout>
</alto>
