3132 4396
1554 200 78 71 S.
1714 200 68 72 I.
1861 200 124 71 M.

470 223 162 70 73°

610 347 305 51 ANVERS.
1636 348 65 47 Le
1820 348 126 49 Gala
2125 351 53 46 de
2284 350 44 47 la
2439 350 231 48 Wallonie
1710 370 28 29 a
1776 351 169 48 trouvé
1987 365 127 36 cette
2158 356 155 48 année
2360 375 67 29 un
2469 359 74 48 vif
2562 362 176 49 succès.
2775 364 85 48 Un
2907 366 160 62 public

463 422 273 47 nombreux
762 434 49 34 et
837 421 149 47 choisi
1014 439 47 30 se
1090 422 192 62 pressait
1307 440 62 29 au
1396 422 185 48 théâtre
1607 423 173 66 Royal.
1811 425 79 48 M.
1922 423 81 50 De
2034 425 101 49 Vos
2164 428 345 65 bourgmestre,
2540 431 78 50 M.
2648 432 254 52 l'Echevin
2951 439 60 48 M
3017 441 53 23 me

461 507 49 36 et
539 494 59 49 M
605 491 42 30 lle
675 493 240 66 Desguin,
966 493 77 48 M.
1073 506 47 35 et
1148 494 63 49 M
1216 497 53 24 me
1296 496 111 47 Van
1452 496 199 66 Kuyck,
1694 497 147 50 MM.
1867 498 249 64 Meunier,
2148 500 234 68 Lagonge
2423 516 49 36 et
2514 505 254 66 Beaurain,
2811 477 256 99 président,

461 566 235 63 trésorier,
738 567 268 62 secrétaire,
1054 569 417 61 respectivement,
1495 569 57 47 de
1593 571 71 47 La
1707 569 231 49 Wallonie
1965 574 288 60 occupaient
2293 574 43 49 la
2382 576 105 65 loge
2515 577 287 55 d'honneur.
2835 583 71 50 Le
2931 585 139 49 ténor

461 639 240 64 Francell,
731 639 62 50 M
798 637 23 26 ll
823 652 7 15 '
869 638 208 51 Korsoff
1106 642 58 46 de
1203 639 180 65 l'opéra
1421 643 240 64 comique,
1692 643 62 47 M
1759 647 52 23 me
1838 643 199 64 Savelle,
2078 644 112 65 Ista,
2230 647 162 65 Suzel,
2420 649 233 68 Lejeune,
2695 653 145 52 MM.
2872 657 195 64 Boussa,

461 712 178 49 Duron
668 726 49 35 et
745 712 175 49 Dezan
948 731 31 47 y
1007 713 237 62 prêtaient
1272 713 124 48 leurs
1416 732 252 33 concours.

963 785 72 49 La
1165 787 157 47 Société
1526 788 69 46 des
1720 785 258 49 Nouveaux
2289 801 183 36 concerts
1578 808 26 29 a
1628 788 159 63 offert,
1806 808 120 45 pour
1947 789 45 50 la
2017 792 236 63 première
2280 794 102 64 fois,
2406 815 59 29 au
2486 798 160 62 public
2675 803 197 48 musical
2898 822 143 31 anver-

458 859 107 61 sois,
595 877 66 29 un
689 872 105 34 acte
822 859 58 47 de
1372 858 225 67 Parsifal.
1178 858 62 48 M
1245 862 30 20 m
1278 870 19 22 «
1324 859 233 51 Litvinne
1597 877 48 33 et
1686 863 111 47 Van
1842 862 150 67 Dyck
2018 882 61 29 en
2109 865 162 49 furent
2299 867 65 48 les
2390 869 281 64 interprêtes
2709 873 254 52 éminents.
2996 877 71 49 Le

460 931 170 47 chœur
658 931 80 47 des
766 931 459 49 Blumenmâdchen
1254 931 114 49 était
1396 935 243 61 ravissant,
1661 948 49 34 et
1738 935 310 61 l'exécution,
2067 939 337 61 parfaitement
2421 942 166 66 stylée,
2610 948 384 49 consciencieuse
3022 964 48 35 et

459 1002 413 65 compréhensive,
913 1005 83 47 fait
1024 1005 150 64 grand
1204 1006 224 47 honneur
1453 1006 27 49 à
1505 1006 280 50 l'excellent
1813 1010 233 47 musicien
2075 1010 257 67 Lodewyk
2360 1014 342 65 Mortelmans,
2731 1019 236 51 directeur
3011 1024 56 47 de

458 1076 44 48 la
526 1076 193 50 société.

632 1149 86 50 On
750 1168 223 30 annonce
1001 1150 25 48 à
1053 1150 183 49 Anvers
1263 1150 43 48 la
1341 1152 249 49 fondation
1621 1154 57 47 de
1707 1168 221 35 concerts
1954 1155 270 66 classiques,
2252 1176 108 32 sous
2387 1160 43 48 la
2456 1161 233 51 direction
2718 1166 57 46 de
2812 1166 79 50 M.
2921 1168 57 49 L.
3010 1170 56 48 de

458 1222 184 48 Vocht.
769 1222 89 50 On
887 1236 115 50 peut
1028 1225 129 45 avoir
1185 1225 413 65 renseignements
1637 1244 61 29 au
1740 1227 154 47 Cercle
1933 1229 245 64 catholique
2222 1249 63 30 ou
2312 1250 61 29 au
2399 1234 271 50 secrétariat
2699 1255 10 29 :
2760 1253 83 50 27,
2873 1240 193 66 Champ

458 1295 317 63 Vleminckx,
804 1296 206 48 Anvers.

605 1433 231 52 GAND.
964 1436 74 47 Au
1070 1436 344 48 Conservatoire
1442 1437 162 66 Royal.
1733 1438 72 50 La
1832 1439 306 50 distribution
2167 1443 80 48 des
2275 1446 101 62 prix
2404 1465 26 28 a
2451 1465 60 29 eu
2534 1447 94 48 lieu
2651 1448 40 49 le
2717 1465 66 34 20
2804 1455 262 48 novembre

458 1519 48 36 et
531 1526 28 29 a
579 1507 77 49 été
682 1509 356 65 accompagnée
1068 1509 56 47 de
1155 1509 42 48 la
1223 1510 356 49 traditionnelle
1620 1512 217 48 audition
1877 1513 206 50 d'éleves
2121 1516 216 49 lauréats.
2371 1517 144 49 Cette
2540 1521 169 49 séance
2736 1524 161 49 reflète
2924 1541 114 34 natu-

458 1580 255 50 rellement
739 1580 44 49 le
809 1583 172 47 niveau
1010 1584 80 46 des
1117 1583 210 48 derniers
1353 1602 251 43 concours,
1634 1585 80 64 qui
1744 1598 85 34 ont
1858 1585 75 49 été
1961 1587 148 48 d'une
2136 1590 260 47 honorable
2425 1610 258 48 moyenne,
2712 1615 104 30 sans
2837 1598 119 62 plus.

535 1653 283 49 L'éminent
865 1655 240 49 directeur
1148 1657 65 47 du
1260 1657 385 63 Conservatoire,
1694 1658 79 49 M.
1824 1659 246 64 Mathieu,
2115 1681 27 28 a
2187 1663 149 65 dirigé
2380 1663 290 52 l'ouverture
2713 1669 81 48 des
2835 1669 137 51 Noces
3014 1674 52 46 de

463 1726 229 49 Gamache
737 1729 57 46 de
841 1728 371 63 Mendelssohn,
1258 1730 118 48 ainsi
1423 1749 94 45 que
1546 1730 42 48 le
1617 1731 72 47 bel
1733 1734 68 46 air
1843 1731 203 51 d'Odile
2089 1737 56 45 de
2182 1754 85 31 son
2314 1738 141 62 opéra
2502 1739 211 50 Richilde
2714 1781 13 24 ,
2768 1744 176 48 chanté
2984 1764 80 45 par

461 1799 63 48 M
527 1795 42 32 l)e
621 1800 163 48 Maria
837 1800 263 64 Bultiauw,
1156 1801 127 49 Pour
1335 1803 65 48 les
1451 1818 157 34 autres
1651 1806 226 47 numéros
1917 1808 63 47 du
2021 1825 321 47 programme,
2385 1811 28 46 il
2460 1831 26 29 a
2530 1813 118 48 cédé
2690 1814 42 48 le
2773 1817 139 48 bâton
2944 1818 24 47 à
2996 1837 69 30 ses

460 1872 264 65 distingués
750 1874 306 62 professeurs:
1087 1875 79 48 M.
1198 1875 103 48 Léo
1329 1876 386 65 Vanderhaegen
1738 1875 11 27 1
1778 1879 204 63 (chant),
2001 1881 78 63 qui
2110 1879 54 49 fit
2192 1881 228 50 exécuter
2446 1902 64 29 un
2542 1886 88 49 air:

470 1944 65 64 (A
653 1965 74 28 ma
807 1946 57 65 lyre),
865 1947 59 46 de
925 1964 58 30 son
1005 1947 143 63 opéra
1186 1949 208 47 flamand
1423 1947 141 65 Lina,
1593 1968 80 44 par
1702 1950 79 48 M.
1811 1951 57 47 de
1900 1951 163 48 Raeve
2092 1954 121 59 ;M.
2244 1954 176 49 Albert
2449 1956 226 50 Zimmer
2702 1960 213 66 (violon),
2945 1963 119 48 dont

459 2017 66 48 les
553 2018 170 64 élèves,
752 2018 147 49 MM.
931 2020 139 49 Fred.
1103 2020 167 66 Ghigo
1297 2034 47 34 et
1373 2021 113 47 Cari
1517 2022 109 47 Van
1655 2022 226 66 Styvoort
1896 2025 226 65 jouèrent
2144 2026 42 47 le
2210 2027 125 64 largo
2363 2029 63 47 du
2454 2045 227 34 concerto
2709 2052 61 29 en
2872 2036 190 47 mineur

459 2109 120 45 pour
607 2092 127 47 deux
762 2092 201 62 violons,
992 2093 56 46 de
1076 2092 122 65 J.-S.
1231 2093 149 64 Bach,
1409 2107 48 35 et
1484 2093 80 50 M.
1598 2095 93 49 Ed.
1722 2096 158 66 Potjes
1907 2097 198 65 (piano),
2134 2100 118 47 dont
2279 2100 185 63 l'élève,
2496 2102 62 49 M
2562 2098 43 32 lle
2632 2104 265 50 Germaine
2926 2109 104 48 Van-

460 2166 93 46 den
582 2165 185 48 Abeele
794 2165 109 49 s'est
930 2166 223 63 attaquée
1181 2186 59 28 au
1269 2181 230 34 concerto
1526 2186 59 31 en
2783 2168 44 49 la
1688 2171 192 47 mineur
1908 2171 56 47 de
1994 2170 170 64 Grieg.

700 2237 75 48 Au
808 2238 150 50 Cercle
986 2238 251 65 Artistique
1263 2252 42 34 et
1330 2239 268 51 Littéraire.
1730 2242 70 48 La
1825 2245 153 47 saison
2007 2262 27 30 a
2073 2245 176 48 débuté
2289 2265 81 44 par
2398 2266 95 29 une
2521 2251 215 47 audition
2766 2252 64 48 du
2858 2266 204 51 quatuor

521 2309 155 64 blanc,
778 2312 224 62 composé
1049 2313 57 46 de
1153 2312 61 48 M
1220 2308 80 31 ulles
1329 2313 218 48 Corinne
1592 2314 166 65 Coryn
1801 2316 43 63 (i
1856 2318 35 22 er
1918 2317 199 65 violon),
2159 2318 270 51 Germaine
2458 2321 275 51 Schellinck
2760 2325 48 63 (2
2815 2321 20 28 d
2862 2327 198 65 violon),

456 2383 285 65 Hyacinthe
770 2383 315 66 Slingeneyer
1113 2384 133 64 (alto)
1275 2397 47 36 et
1353 2386 154 66 Daisy
1532 2388 121 62 Jean
1684 2388 341 66 (violoncelle).
2055 2391 130 48 Très
2213 2393 72 46 vif
2302 2393 165 48 succès
2502 2413 118 45 pour
2658 2396 402 66 l'interprétation

458 2455 107 46 bien
607 2457 237 61 comprise
883 2468 46 34 et
972 2457 109 47 bien
1112 2457 177 48 fondue
1319 2458 62 47 du
1409 2472 208 51 quatuor
1645 2477 60 29 en
1735 2460 62 47 mi
1825 2460 159 49 bémol
2015 2463 55 46 de
2101 2463 199 48 Mozart
2328 2479 47 34 et
2403 2467 60 47 du
2495 2468 334 48 difficultueux
2857 2483 203 52 quatuor

456 2547 59 28 en
619 2528 35 48 la
655 2530 154 46 mineur
839 2529 55 47 de
924 2529 221 48 Brahms.
1178 2529 169 48 L'idée
1386 2532 57 47 de
1479 2532 139 64 jouer
1660 2552 60 28 en
1764 2552 228 30 morceau
2036 2535 113 49 isolé
2192 2537 44 48 la
2277 2538 187 48 célèbre
2810 2544 55 47 de
2910 2544 113 49 Men-

455 2600 239 64 delssohn,
722 2614 47 34 et
797 2601 106 47 d'en
934 2603 114 47 faire
1077 2620 65 30 un
1235 2620 225 31 morceau
1487 2604 83 48 des
1598 2605 215 64 paletots,
1898 2606 97 49 m'a
2022 2627 117 44 paru
2167 2628 95 31 une
2290 2613 149 61 petite
2468 2613 128 48 faute
2625 2615 55 46 de
2708 2617 132 62 goût.

576 2723 6 22 1
609 2727 68 38 On
700 2727 75 38 sait
798 2740 79 39 que
902 2726 62 49 M,
985 2728 85 37 Léo
1091 2727 327 51 Vanderhaegen
1443 2737 56 30 est
1526 2742 54 26 un
1606 2728 49 40 de
1679 2744 74 24 nos
1769 2731 145 51 jeunes
1950 2732 298 55 compositeurs
2277 2749 49 24 en
2365 2736 70 52 qui
2460 2733 54 42 les
2538 2737 219 41 musiciens
2780 2750 73 29 ont
2876 2741 77 39 mis
2973 2740 89 42 leur

451 2784 226 41 confiance.
703 2788 66 37 On
794 2787 88 38 doit
906 2789 251 51 représenter
1179 2796 104 29 cette
1305 2791 129 36 année
1457 2788 135 39 même
1613 2791 23 36 à
1654 2789 124 38 Gand
1804 2805 80 25 une
1907 2791 49 39 de
1978 2806 57 24 ses
2059 2806 170 28 œuvres.

706 3046 300 122 LA
1108 3046 706 127 SCOLA
1910 3052 899 137 MUSIC^E

570 3209 399 74 Institut
1012 3209 432 74 musical
1482 3209 125 74 de
1658 3210 33 73 ler1
1710 3224 59 27 er
1804 3212 308 86 ordre,
2172 3214 118 76 90
2331 3242 180 50 rue
2549 3219 387 79 Gallait.

1465 3316 581 53 BRUXELLES

830 3400 259 59 Chant,
1143 3401 515 61 déclamation,
1706 3406 507 61 instruments,
2266 3408 405 63 harmonie,

892 3474 410 63 esthétique
1344 3476 380 58 musicale,
1764 3477 405 55 littérature
2215 3481 391 71 française.

1330 3543 315 75 Études
1692 3562 484 71 complètes.
