3132 4396
1471 370 181 122 Çà
1715 383 125 84 et
1911 373 185 94 Là

721 766 140 48 Nous
885 784 273 44 apprenons
1183 784 115 30 avec
1326 766 157 64 plaisir
1528 788 92 45 que
1667 781 137 36 notre
1850 769 241 48 excellent
2136 769 217 66 collègue
2400 769 155 68 Laloy
2596 790 25 30 a
2648 771 76 50 été
2749 775 200 48 nommé
2975 776 27 49 à
3027 776 44 49 la

478 839 291 63 suppléance
799 840 63 46 du
890 856 140 31 cours
1055 839 58 47 de
1141 837 79 50 M.
1252 839 212 49 Romain
1498 841 211 50 Rolland
1737 842 27 47 à
1790 841 44 48 la
1865 841 266 50 Sorbonne.

716 936 79 50 M.
828 936 115 49 Paul
974 936 72 49 Le
1074 936 141 49 Flem
1243 940 203 61 reprend
1474 957 69 30 ses
1569 958 140 29 cours
1737 940 302 47 d'harmonie
2069 941 85 64 (17
2184 958 83 32 rue
2296 941 338 65 Froidevaux).
2663 943 39 48 Il
2731 962 337 34 commencera

473 1029 69 31 un
570 1028 138 30 cours
736 1010 400 48 d'orchestration
1160 1011 215 63 pratique
1394 1014 79 62 qui
1494 1014 318 62 comprendra
1840 1032 10 30 :
1888 1016 47 45 i°
1963 1013 255 67 L'analyse
2240 1015 284 47 orchestrale
2547 1015 239 51 d'œuvres
2810 1021 257 49 anciennes

475 1096 47 35 et
550 1084 254 47 modernes
828 1105 11 37 ;
872 1086 51 46 2°
952 1082 103 49 Des
1083 1085 137 47 essais
1249 1082 398 51 d'orchestration
1676 1104 108 30 sous
1812 1086 43 48 la
1882 1087 235 49 direction
2147 1087 66 47 du
2240 1087 264 63 professeur
2527 1112 13 36 ;
2571 1104 28 50 3
2606 1091 18 21 0
2649 1087 102 51 Des
2777 1094 290 48 corrections

475 1155 186 49 d'essàis
689 1155 242 63 présentés
957 1174 83 44 par
1069 1156 65 47 les
1162 1155 167 51 élèves.

731 1254 153 47 Schola
914 1254 269 49 Cantorum.
1313 1255 265 50 Monsieur
1621 1258 218 48 Vincent
1879 1258 177 66 d'lndy
2079 1259 134 47 vient
2241 1259 56 47 de
2326 1258 130 48 créer
2483 1278 66 29 un
2578 1278 138 32 cours
2742 1261 241 65 supérieur
3011 1265 54 47 de

475 1326 161 48 violon
664 1326 27 48 à
717 1325 45 48 la
790 1325 172 49 Schola
992 1326 290 50 Cantorum.

618 1399 135 48 C'est
781 1399 78 48 M.
889 1400 223 47 Armand
1141 1399 193 64 Parent,
1364 1400 104 67 déjà
1498 1401 210 48 titulaire
1736 1402 65 47 du
1828 1420 139 31 cours
1995 1404 62 47 du
2104 1402 254 49 deuxième
2408 1404 141 64 degré
2587 1406 77 62 qui
2692 1424 27 29 a
2756 1406 75 49 été
2872 1408 193 66 désigné

473 1491 120 46 pour
619 1472 42 47 le
691 1472 190 65 diriger.

724 1573 73 45 Un
824 1574 222 46 directeur
1058 1573 214 67 français
1298 1593 49 27 en
1379 1574 231 48 Colombie.
1738 1575 79 48 M.
1849 1574 67 51 G.
1948 1576 171 63 Uribe,
2169 1575 129 48 élève
2328 1576 55 47 de
2415 1578 217 47 Vincent
2674 1578 191 66 d'lndy,
2894 1593 169 35 auteur

473 1645 146 48 d'une
647 1658 168 34 sonate
844 1658 47 34 et
919 1646 59 47 de
1006 1646 115 47 lieds
1162 1645 258 65 appréciés,
1467 1648 133 47 vient
1647 1648 150 47 d'être
1846 1648 201 48 nommé
2090 1649 239 48 directeur
2372 1650 57 47 de
2474 1649 271 48 l'ancienne
2795 1653 267 48 Académie

473 1716 243 50 nationale
762 1717 56 47 de
865 1719 218 62 musique
1130 1717 58 49 de
1232 1717 191 65 Bogota
1469 1720 220 62 (capitale
1737 1720 57 48 de
1842 1720 44 47 la
1929 1720 293 66 Colombie),
2272 1721 62 47 où
2382 1721 31 47 il
2461 1721 193 64 prépare
2701 1722 363 64 d'importantes

472 1791 243 50 réformes.

729 1888 71 48 La
839 1888 266 49 littérature
1144 1889 227 49 musicale
1412 1909 124 29 russe
1576 1890 246 48 s'enrichit
1862 1893 181 62 chaque
2079 1894 111 63 jour
2230 1893 56 47 de
2339 1893 246 48 nouvelles
2636 1894 322 63 découvertes,
2999 1896 65 49 les

473 1963 315 48 folkoloristes
832 1975 107 34 sont
980 1961 281 51 inlassables.
1304 1963 138 49 Dans
1481 1964 41 47 la
1567 1964 127 48 seule
1735 1966 226 61 province
2004 1966 58 47 de
2108 1965 140 48 Perni
2290 1965 53 48 ils
2381 1978 86 35 ont
2505 1966 212 49 recueilli
2758 1968 104 63 plus
2899 1969 57 47 de
2999 1983 61 48 52

473 2037 237 46 chansons
749 2034 281 63 populaires.
1086 2034 95 49 Les
1243 2053 198 47 paysans
1479 2036 65 47 les
1582 2037 233 46 chantent
1855 2037 116 47 dans
2009 2037 65 49 les
2126 2036 165 65 églises
2330 2050 47 34 et
2417 2039 210 62 pendant
2672 2039 65 48 les
2773 2040 292 51 cérémonies

475 2107 249 64 nuptiales.
773 2107 187 47 Chants
1006 2106 217 48 d'amour
1247 2130 11 37 ;
1301 2109 237 47 chansons
1583 2109 55 47 de
1688 2110 233 63 brigands.
1972 2109 159 49 Chose
2194 2111 233 61 curieuse,
2467 2129 187 29 aucune
2695 2112 57 47 de
2790 2130 76 31 ces
2898 2116 166 60 petites

473 2181 345 62 compositions
844 2197 61 30 ne
932 2178 185 49 célèbre
1155 2180 42 47 le
1235 2181 79 46 vin
1343 2199 63 29 ou
1432 2180 205 50 l'alcool.
1668 2180 94 49 Les
1789 2199 200 48 paysans
2015 2200 60 29 ne
2104 2183 232 47 chantent
2359 2200 78 46 pas
2457 2183 66 47 les
2544 2182 226 51 mélodies
2789 2186 271 64 originales;

473 2253 55 49 ils
553 2270 61 30 en
644 2253 255 46 inventent
924 2252 132 47 selon
1086 2252 102 47 leur
1216 2252 230 50 fantaisie.

710 2349 94 49 Les
824 2350 206 48 théâtres
1058 2351 57 47 de
1144 2350 244 48 Lisbonne
1417 2352 292 47 deviennent
1726 2352 317 64 républicains
2058 2355 118 47 ainsi
2201 2354 42 47 le
2265 2354 218 48 Théâtre
2517 2355 154 65 Royal
2701 2356 147 62 prend
2875 2356 43 48 le
2947 2374 115 30 nom

472 2426 59 46 de
556 2422 461 66 Théâtre-Lyrique
1045 2436 47 35 et
1120 2422 42 49 le
1190 2424 218 48 Théâtre
1439 2424 182 48 Donna
1648 2425 194 47 Amélia
1868 2425 222 63 s'appelle
2118 2426 217 48 Théâtre
2363 2427 57 47 de
2448 2426 43 50 la
2519 2426 318 66 République.

715 2521 78 49 De
820 2521 231 65 quelques
1078 2523 223 48 fauteuils
1327 2523 347 64 académiques.
1705 2524 94 48 Les
1826 2524 231 49 titulaires
2081 2543 10 30 :

625 2637 17 30 1
851 2624 34 27 &
898 2620 37 66 fauteuil
936 2638 53 29 :
990 2619 174 64 Méhul,
1195 2620 265 63 Boïeldieu,
1492 2622 199 63 Reicha,
1735 2623 205 66 Havély,
1983 2623 268 65 Clapisson,
2293 2623 233 63 Gounod,
2566 2624 262 50 Théodore
2857 2625 202 51 Dubois.

618 2722 28 33 2
651 2708 18 22 e
950 2705 208 66 fauteuil
929 2723 10 32 :
970 2705 288 63 Cherubini,
1287 2705 228 64 Onslow,
1547 2707 174 63 Reber,
1751 2708 320 50 Saint-Saëns.

618 2808 28 50 3
651 2796 17 20 e
698 2792 212 66 fautueil
928 2810 10 30 :
970 2789 201 65 Gossec,
1199 2794 185 61 Auber,
1413 2794 173 47 Victor
1615 2793 179 64 Massé,
1826 2793 102 48 Léo
1955 2794 216 63 Delibes,
2202 2794 237 64 Guiraud,
2470 2794 256 51 Paladilhe.

617 2895 30 43 4
652 2881 17 19 e
699 2877 213 66 fauteuil
929 2895 9 30 :
971 2876 200 67 Grétry,
1201 2877 287 67 Monsigny,
1519 2878 157 64 Catel,
1707 2878 133 64 Paër,
1864 2879 239 64 Spontini,
2127 2881 253 48 Ambroise
2403 2881 238 63 Thomas,
2665 2882 93 50 Ch.
2784 2882 278 65 Lenepveu,

1050 2977 193 48 Widor.

622 3081 24 50 5
652 3072 18 21 e
948 3069 211 67 fauteuil
929 3086 10 31 :
971 3069 201 63 Berton,
1201 3070 225 63 Adolphe
1455 3070 178 62 Adam,
1662 3070 207 63 Berlioz,
1900 3071 212 48 Félicien
2142 3071 175 62 David,
2349 3071 175 68 Reyer,
2555 3071 168 51 Fauré.

617 3154 30 49 6
651 3158 18 20 e
945 3154 208 66 fauteuil
926 3172 10 31 :
967 3154 233 62 Lesueur,
1441 3155 169 64 Bazin,
1641 3156 264 50 Massenet.

710 3254 186 48 Sait-on
924 3272 93 46 que
1042 3254 204 48 Brahms
1266 3272 60 30 ne
1354 3273 47 29 se
1428 3257 270 47 contentait
1719 3273 79 46 pas
1825 3257 80 47 des
1925 3255 192 49 lauriers
2137 3257 64 47 du
2223 3258 338 61 compositeur,
2582 3258 115 47 mais
2720 3258 201 65 briguait
2941 3276 122 30 ceux

473 3328 58 47 de
557 3326 283 49 l'historien.
871 3325 41 48 Il
939 3326 228 63 travailla,
1191 3326 190 67 jusqu'à
1407 3344 48 31 sa
1482 3339 143 50 mort,
1655 3328 25 48 à
1705 3346 98 30 une

618 3427 47 46 A
693 3438 139 35 noter
852 3442 95 31 une
976 3423 252 51 définition
1257 3427 56 47 de
1340 3427 45 47 la
1412 3428 220 62 musique
1655 3446 80 44 par
1759 3427 259 48 Christiani
2038 3440 170 34 auteur
2236 3427 79 47 des

462 3499 140 66 forte.
683 3498 95 48 Cet
804 3511 72 34 art
904 3498 62 63 (la
992 3499 240 65 musique)
1260 3517 25 29 a
1312 3516 47 31 sa
1385 3499 62 48 loi
1475 3499 359 48 fondamentale
1855 3500 116 47 dans
1997 3499 42 47 la
2060 3499 62 47 loi
2145 3499 56 47 de
2222 3498 43 48 la
2284 3499 185 50 beauté.
2494 3500 72 49 La
2588 3500 168 47 beauté
2784 3500 279 64 présuppose

472 3572 45 47 la
534 3570 242 66 symétrie.
807 3569 73 50 La
904 3570 226 65 symétrie
1157 3583 68 36 est
1252 3572 161 48 visible
1442 3573 116 47 dans
1583 3573 42 47 le
1653 3574 210 64 rythme.
1891 3572 67 48 Le
1986 3573 192 65 rythme
2198 3572 117 47 rend
2345 3573 235 47 audicible
2607 3572 43 47 la
2671 3573 222 65 symétrie
2916 3591 78 45 par
3022 3573 42 48 le

473 3655 318 36 mouvement
835 3643 308 66 symétrique.
1186 3643 70 49 Le
1304 3658 317 34 mouvement
1665 3645 293 65 symétrique
2000 3657 69 35 est
2114 3645 123 46 donc
2290 3643 40 47 le
2378 3645 228 62 principal
2654 3644 210 48 élément
2914 3647 55 45 de
3021 3645 43 49 la

473 3718 237 62 musique.

759 3811 112 36 Tous
900 3810 132 38 droits
1060 3808 190 40 réservés
1278 3823 107 35 pour
1413 3812 92 37 tous
1534 3823 104 36 pays
1667 3824 26 35 y
1722 3812 185 47 compris
1935 3812 38 37 la
2003 3811 276 36 Scandinavie
2307 3812 40 35 et
2375 3810 226 39 l'Extrême
2632 3812 157 37 Orient.

2405 3898 8 27 :
2451 3884 202 41 MARCEL
2684 3884 207 42 FREDET.

948 3949 141 52 Impr.
1126 3960 80 42 par
1238 3949 110 42 THE
1381 3949 73 42 ST.
1487 3947 286 44 CATHERINE
1807 3948 146 43 PRESS
1985 3948 113 43 LTD.
2138 3948 187 54 Bruges,
2359 3948 231 55 Belgique.
