3132 4396
491 295 165 91 664

1573 289 77 70 S*
1722 287 68 72 !•
1861 286 123 71 M.

487 442 380 84 Tétralogie.
910 442 97 59 De
1045 455 202 67 temps
1281 461 75 39 en
1394 454 223 67 temps,
1645 439 356 59 l'excellent
2039 436 260 61 homme
2336 435 264 85 qu'était
2630 454 96 44 cet
2755 437 339 64 admirable

488 538 319 58 initiateur
841 534 74 60 de
951 531 242 75 beauté,
1233 531 463 61 raccourcissait
1732 553 59 38 sa
1826 529 186 61 barbe
2048 529 75 61 de
2157 529 198 61 fleuve
2381 554 14 48 ;
2433 545 59 45 et
2529 527 207 64 c'était
2771 553 123 39 aux
2928 533 163 73 jours

490 628 75 61 de
601 629 154 83 gala,
793 625 229 85 quand,
1059 627 456 81 interrompant
1554 623 384 73 Beethoven,
1976 644 80 38 on
2075 623 205 81 jouait
2315 621 84 61 du
2438 623 296 62 Gounod.

680 999 82 58 Et
811 997 55 60 le
915 996 273 83 premier
1224 996 245 80 Allegro
1473 1046 15 22 ,
1526 1018 252 38 comme
1831 1018 82 36 un
1966 1009 259 59 torrent,
2263 992 406 64 s'écoulait....
2715 995 381 62 c'est-à-dire

496 1090 187 83 qu'on
721 1086 314 62 exécutait
1070 1087 55 60 le
1162 1089 270 81 premier
1466 1086 263 62 numéro
1766 1087 83 60 du
1884 1109 423 61 programme.
2349 1086 104 61 Ah
2490 1087 10 60 !
2538 1109 98 39 ces
2672 1109 425 61 programmes

496 1183 83 58 du
628 1183 269 58 Concert
951 1180 347 83 populaire,
1350 1181 144 82 quel
1546 1179 296 85 éloquent
1905 1195 58 45 et
2024 1179 418 84 méthodique
2500 1181 468 82 enseignement
3027 1183 70 59 ils

496 1270 323 63 déroulent
859 1272 9 61 !
915 1274 74 79 Je
1038 1273 84 60 les
1172 1273 363 72 recueillais,
1585 1294 80 39 un
1715 1270 31 61 à
1795 1294 103 52 un,
1947 1273 83 60 les
2081 1273 467 60 collectionnais
2598 1273 499 81 soigneusement

895 1364 241 60 memoria
1137 1380 20 44 et
1185 1364 420 82 aujourd'hui,
1642 1366 52 72 je
1731 1380 269 67 regrette
2037 1364 73 60 de
2145 1366 83 59 les
2278 1366 174 58 avoir
2503 1364 244 83 perdus,
2907 1366 75 59 de
3015 1366 83 61 les

496 1458 192 71 avoir,
726 1457 146 60 dans
909 1479 119 38 une
1064 1458 154 59 crise
1253 1456 479 75 d'élimination,
1759 1456 156 84 jetés
1966 1480 72 37 au
2091 1458 304 83 panier....
2447 1457 81 60 Ils
2576 1458 282 73 seraient,
2908 1456 32 61 à
2989 1480 108 38 nos

496 1546 93 63 fils
624 1565 139 67 trop
868 1551 243 71 avertis,
1216 1548 209 63 initiés
1472 1565 140 69 trop
1663 1552 93 59 tôt
1807 1573 123 38 aux
1980 1550 328 73 extrêmes,
2361 1551 54 58 le
2467 1548 403 84 témoignage
2917 1550 180 61 d'une

499 1640 334 62 éducation
870 1642 295 60 musicale
1201 1642 142 60 bien
1381 1641 314 62 ordonnée
1732 1645 109 81 qui
1880 1658 127 44 met
2053 1645 84 60 les
2187 1640 203 63 bœufs
2441 1641 223 61 devant
2715 1644 56 58 la
2816 1642 280 74 charrue,

501 1749 165 47 trace
702 1757 81 37 un
821 1735 179 60 sillon
1038 1749 260 60 correct,
1336 1750 58 45 et
1431 1758 76 37 ne
1541 1735 308 84 précipite
1886 1736 151 60 rien.

685 1827 59 59 A
781 1841 96 45 cet
914 1827 112 81 âge
1061 1825 405 63 d'innocence
1502 1827 394 74 orchestrale,
1934 1849 79 39 on
2049 1849 77 39 ne
2160 1827 312 61 redoutait
2509 1848 104 61 pas
2648 1824 339 76 d'écouter,
3022 1848 74 38 en

503 1919 172 82 guise
735 1918 72 61 de
859 1917 276 85 prélude,
1187 1921 255 82 Haydn,
2848 1922 51 58 le
3017 1919 82 61 bon
2472 1941 252 38 comme
2781 1941 77 38 on
2919 1919 179 60 disait

501 2011 177 71 alors,
726 2031 146 38 avec
919 2032 121 37 une
1085 2009 307 61 tendresse
1439 2009 627 86 d'arrière-petit-fils,
2112 2013 153 59 mais
2311 2032 133 40 sans
2489 2012 108 58 nul
2642 2012 233 60 sourire
2922 2009 142 86 équi-

501 2122 224 61 voque.
767 2101 504 75 Généralement,
1308 2125 120 37 une
1463 2103 75 60 de
1573 2125 88 39 ses
1708 2105 115 59 118
1866 2105 420 82 Symphonies
2321 2101 316 85 précédait
2688 2105 167 58 l'une
2907 2103 100 60 des
3059 2124 34 58 9

504 2194 82 59 du
641 2194 193 82 grand
895 2195 380 61 Beethoven.
1341 2197 146 61 Puis
1539 2195 212 61 c'était
1809 2199 56 58 la
1924 2211 142 46 tour
2124 2196 75 61 de
2256 2197 280 73 Mozart,
2597 2196 193 60 d'être
2848 2197 117 59 mis
3023 2218 74 38 en

503 2300 306 46 contraste
844 2308 146 38 avec
1024 2288 56 58 le
1115 2286 203 83 géant.
1361 2289 328 60 D'ailleurs
1722 2290 53 59 le
1823 2310 18 39 i
1856 2295 17 21 R
1908 2289 388 84 Symphonie
2334 2289 74 60 de
2443 2310 70 40 ce
2555 2289 242 60 dernier
2844 2286 253 61 formait

504 2378 473 59 naturellement
1013 2379 56 58 le
1104 2399 267 61 passage.
1412 2380 117 59 Les
1569 2401 31 59 3
1640 2396 362 45 ouvertures
2038 2382 74 58 de
2386 2382 303 59 servaient
2735 2380 73 60 de
2846 2380 252 83 pylônes

504 2469 504 74 introductoires,
1045 2486 58 44 et
1140 2493 58 38 sa
1235 2486 174 44 toute
1450 2474 315 80 gracieuse
2537 2474 224 59 laissait
2795 2474 54 57 le
2885 2472 212 82 public

503 2559 299 61 s'écouler
838 2583 132 37 vers
1004 2563 224 73 l'issue,
1268 2585 252 38 comme
1554 2562 32 61 à
1623 2580 226 44 travers
1886 2564 101 61 des
2025 2564 224 77 jardins
2287 2564 72 60 de
2409 2563 212 62 fête....
2679 2566 97 58 De
2828 2564 269 59 distance

503 2675 73 37 en
637 2652 292 75 distance,
984 2676 79 37 on
1113 2655 395 59 introduisait
1563 2656 474 74 Mendelssohn,
2087 2658 82 60 tel
2222 2680 81 37 un
2353 2657 354 60 aventurier
2764 2656 74 60 de
2895 2655 202 59 bonne

503 2747 394 80 compagnie,
958 2749 108 80 qui
1122 2749 303 58 racontait
1484 2770 73 37 en
1618 2750 306 60 allemand
1982 2750 103 61 des
2138 2765 325 45 aventures
2522 2751 320 59 italiennes
2872 2773 14 48 ;
2940 2763 58 44 et
3044 2749 54 58 la

501 2853 178 67 porte
729 2837 290 60 s'ouvrait
1070 2840 156 58 aussi
1277 2862 159 59 pour
1488 2840 382 75 Schumann,
1934 2843 218 59 rêveur
2206 2843 415 71 douloureux,
2682 2841 414 80 romantique,

500 2928 142 59 mais
690 2951 98 60 qui
824 2929 236 81 parlait
1103 2953 192 37 encore
1343 2931 61 59 la
1454 2930 167 61 bonne
1670 2934 226 80 langue.
1952 2930 208 76 Enfin,
2212 2957 109 60 par
2373 2956 121 36 une
2546 2933 331 61 courtoisie
2924 2945 173 46 toute

500 3018 429 85 académique,
965 3020 462 63 l'harmonieux
1463 3024 180 59 Salon
1696 3024 102 61 des
1836 3027 185 59 Filles
2072 3025 83 60 du
2207 3027 284 59 Calvaire
2541 3025 222 60 laissait
2814 3022 284 83 pénétrer

503 3113 298 81 quelques
850 3112 288 61 hommes
1183 3114 75 60 de
1294 3113 237 61 théâtre
1568 3114 376 84 présentant,
1981 3140 73 38 en
2094 3119 173 80 guise
2303 3118 74 59 de
2420 3132 186 57 carte,
2645 3138 118 39 une
3079 3141 14 47 ;

501 3203 145 60 c'est
704 3206 153 58 ainsi
909 3227 121 60 que
1082 3227 152 38 nous
1287 3206 193 61 vîmes
1531 3229 81 38 un
1654 3208 146 82 jour
1992 3210 109 81 (oh
2131 3210 9 59 !
2198 3232 154 61 pure
2404 3208 386 84 exception),
2842 3208 54 59 le
2947 3229 149 36 nom

500 3296 283 60 d'Auber
819 3297 296 83 imprimé
1153 3314 136 44 tout
1342 3298 132 83 près
1525 3300 75 59 de
1651 3323 158 38 ceux
1845 3302 72 59 de
1957 3301 254 75 Weber,
2247 3301 75 61 de
2362 3301 393 61 Schubert....
2796 3300 258 59 Evidem-

500 3401 196 59 ment,
731 3389 55 58 la
821 3386 327 64 désinence
1182 3391 410 83 germanique
1629 3394 103 81 n'y
1770 3391 150 62 était
1955 3417 160 59 pour
2148 3395 133 58 rien
2308 3419 13 47 ;
2361 3395 175 72 mais,
2573 3392 31 60 à
2640 3406 136 46 tout
2811 3390 284 84 prendre,

500 3480 57 59 la
607 3478 245 83 préface
903 3481 471 61 instrumentale
1425 3483 74 59 de
1539 3484 56 58 la
1696 3488 230 57 Muette
1958 3486 67 60 de
2062 3485 227 61 Portici
2380 3485 257 84 pouvait
2687 3504 201 62 passer
2938 3503 159 62 pour

500 3593 122 38 une
656 3572 335 60 miniature
1027 3573 74 61 de
1138 3574 407 82 Symphonie.
