<?xml version="1.0" encoding="UTF-8"?>
<alto xmlns:xsi="http://www.w3.org/2001/XMLSchema-instance" xmlns="http://www.loc.gov/standards/alto/ns-v2#" xsi:schemaLocation="http://www.loc.gov/standards/alto/ns-v2# http://www.loc.gov/standards/alto/alto-v2.0.xsd" xmlns:xlink="http://www.w3.org/1999/xlink">
	<Description>
		<MeasurementUnit>mm10</MeasurementUnit>
		<sourceImageInformation>
			<fileName>//fileserver7/IN2/Princeton/Batch3/bmtnabh/1910/12/15_01/00000314.tif</fileName>
		</sourceImageInformation>
		<OCRProcessing ID="OCRPROCESSING_1">
			<preProcessingStep>
				<processingSoftware>
					<softwareCreator>CCS Content Conversion Specialists GmbH, Germany</softwareCreator>
					<softwareName>CCS docWORKS</softwareName>
					<softwareVersion>6.6-1.18</softwareVersion>
				</processingSoftware>
			</preProcessingStep>
			<ocrProcessingStep>
				<processingSoftware>
					<softwareCreator>ABBYY (BIT Software), Russia</softwareCreator>
					<softwareName>FineReader</softwareName>
					<softwareVersion>10.0</softwareVersion>
				</processingSoftware>
			</ocrProcessingStep>
		</OCRProcessing>
	</Description>
	<Styles>
		<TextStyle ID="TXT_0" FONTSIZE="19" FONTFAMILY="Times New Roman"/>
		<TextStyle ID="TXT_1" FONTSIZE="26" FONTFAMILY="Times New Roman"/>
		<TextStyle ID="TXT_2" FONTSIZE="22" FONTFAMILY="Times New Roman"/>
		<TextStyle ID="TXT_3" FONTSIZE="22" FONTFAMILY="Times New Roman" FONTSTYLE="italics"/>
		<ParagraphStyle ID="PAR_LEFT" ALIGN="Left"/>
		<ParagraphStyle ID="PAR_CENTER" ALIGN="Center"/>
		<ParagraphStyle ID="PAR_BLOCK" ALIGN="Block"/>
	</Styles>
	<Layout>
		<Page ID="P55" PHYSICAL_IMG_NR="55" HEIGHT="4396" WIDTH="3132" PC="0.929">
			<TopMargin ID="P55_TM00001" HPOS="0" VPOS="0" WIDTH="3132" HEIGHT="179"/>
			<LeftMargin ID="P55_LM00001" HPOS="0" VPOS="179" WIDTH="499" HEIGHT="3552"/>
			<RightMargin ID="P55_RM00001" HPOS="3117" VPOS="179" WIDTH="15" HEIGHT="3552"/>
			<BottomMargin ID="P55_BM00001" HPOS="0" VPOS="3731" WIDTH="3132" HEIGHT="665"/>
			<PrintSpace ID="P55_PS00001" HPOS="499" VPOS="179" WIDTH="2618" HEIGHT="3552">
				<TextBlock ID="P55_TB00001" HPOS="516" VPOS="184" WIDTH="165" HEIGHT="95" STYLEREFS="TXT_0 PAR_LEFT">
					<TextLine ID="P55_TL00001" HPOS="519" VPOS="188" WIDTH="159" HEIGHT="91">
						<String ID="P55_ST00001" HPOS="519" VPOS="188" WIDTH="159" HEIGHT="91" CONTENT="692" WC="0.64" CC="037"/>
					</TextLine>
				</TextBlock>
				<TextBlock ID="P55_TB00002" HPOS="1601" VPOS="179" WIDTH="437" HEIGHT="78" STYLEREFS="TXT_1 PAR_CENTER">
					<TextLine ID="P55_TL00002" HPOS="1604" VPOS="183" WIDTH="430" HEIGHT="72">
						<String ID="P55_ST00002" HPOS="1604" VPOS="184" WIDTH="76" HEIGHT="70" CONTENT="S." WC="0.78" CC="04"/>
						<SP ID="P55_SP00001" HPOS="1680" VPOS="254" WIDTH="85"/>
						<String ID="P55_ST00003" HPOS="1765" VPOS="183" WIDTH="65" HEIGHT="72" CONTENT="I." WC="0.46" CC="37"/>
						<SP ID="P55_SP00002" HPOS="1830" VPOS="255" WIDTH="85"/>
						<String ID="P55_ST00004" HPOS="1915" VPOS="183" WIDTH="119" HEIGHT="71" CONTENT="M." WC="0.79" CC="04"/>
					</TextLine>
				</TextBlock>
				<TextBlock ID="P55_TB00003" HPOS="499" VPOS="331" WIDTH="2618" HEIGHT="3400" STYLEREFS="TXT_2 PAR_BLOCK">
					<TextLine ID="P55_TL00003" HPOS="512" VPOS="331" WIDTH="2583" HEIGHT="89">
						<String ID="P55_ST00005" HPOS="512" VPOS="359" WIDTH="165" HEIGHT="40" CONTENT="sœur" WC="1.00" CC="0000"/>
						<SP ID="P55_SP00003" HPOS="677" VPOS="399" WIDTH="53"/>
						<String ID="P55_ST00006" HPOS="730" VPOS="359" WIDTH="76" HEIGHT="37" CONTENT="ne" WC="0.72" CC="50"/>
						<SP ID="P55_SP00004" HPOS="806" VPOS="399" WIDTH="59"/>
						<String ID="P55_ST00007" HPOS="865" VPOS="336" WIDTH="132" HEIGHT="59" CONTENT="Test" WC="0.96" CC="8044"/>
						<SP ID="P55_SP00005" HPOS="997" VPOS="399" WIDTH="33"/>
						<String ID="P55_ST00008" HPOS="1030" VPOS="355" WIDTH="109" HEIGHT="61" CONTENT="pas" WC="0.97" CC="530"/>
						<SP ID="P55_SP00006" HPOS="1139" VPOS="416" WIDTH="48"/>
						<String ID="P55_ST00009" HPOS="1187" VPOS="355" WIDTH="162" HEIGHT="61" CONTENT="pour" WC="0.96" CC="7370"/>
						<SP ID="P55_SP00007" HPOS="1349" VPOS="416" WIDTH="34"/>
						<String ID="P55_ST00010" HPOS="1383" VPOS="354" WIDTH="106" HEIGHT="40" CONTENT="son" WC="0.99" CC="030"/>
						<SP ID="P55_SP00008" HPOS="1489" VPOS="416" WIDTH="54"/>
						<String ID="P55_ST00011" HPOS="1543" VPOS="331" WIDTH="179" HEIGHT="64" CONTENT="frère." WC="0.98" CC="607003"/>
						<SP ID="P55_SP00009" HPOS="1722" VPOS="416" WIDTH="58"/>
						<String ID="P55_ST00012" HPOS="1780" VPOS="336" WIDTH="184" HEIGHT="59" CONTENT="Cette" WC="0.98" CC="00550"/>
						<SP ID="P55_SP00010" HPOS="1964" VPOS="416" WIDTH="35"/>
						<String ID="P55_ST00013" HPOS="1999" VPOS="338" WIDTH="232" HEIGHT="80" CONTENT="longue" WC="0.99" CC="007000"/>
						<SP ID="P55_SP00011" HPOS="2231" VPOS="418" WIDTH="52"/>
						<String ID="P55_ST00014" HPOS="2283" VPOS="338" WIDTH="290" HEIGHT="82" CONTENT="pratique" WC="0.99" CC="06541500"/>
						<SP ID="P55_SP00012" HPOS="2573" VPOS="420" WIDTH="52"/>
						<String ID="P55_ST00015" HPOS="2625" VPOS="362" WIDTH="143" HEIGHT="39" CONTENT="avec" WC="0.98" CC="5040"/>
						<SP ID="P55_SP00013" HPOS="2768" VPOS="420" WIDTH="51"/>
						<String ID="P55_ST00016" HPOS="2819" VPOS="343" WIDTH="84" HEIGHT="59" CONTENT="les" WC="0.99" CC="200"/>
						<SP ID="P55_SP00014" HPOS="2903" VPOS="420" WIDTH="50"/>
						<String ID="P55_ST00017" HPOS="2953" VPOS="345" WIDTH="142" HEIGHT="61" CONTENT="chef" WC="0.97" CC="0606"/>
					</TextLine>
					<TextLine ID="P55_TL00004" HPOS="513" VPOS="425" WIDTH="2582" HEIGHT="87">
						<String ID="P55_ST00018" HPOS="513" VPOS="432" WIDTH="188" HEIGHT="58" CONTENT="d'une" WC="0.99" CC="13300"/>
						<SP ID="P55_SP00015" HPOS="701" VPOS="490" WIDTH="54"/>
						<String ID="P55_ST00019" HPOS="755" VPOS="428" WIDTH="229" HEIGHT="84" CONTENT="grande" WC="0.99" CC="320503"/>
						<SP ID="P55_SP00016" HPOS="984" VPOS="512" WIDTH="52"/>
						<String ID="P55_ST00020" HPOS="1036" VPOS="428" WIDTH="213" HEIGHT="58" CONTENT="nation" WC="1.00" CC="200000"/>
						<SP ID="P55_SP00017" HPOS="1249" VPOS="512" WIDTH="44"/>
						<String ID="P55_ST00021" HPOS="1293" VPOS="427" WIDTH="125" HEIGHT="59" CONTENT="m'a" WC="0.99" CC="020"/>
						<SP ID="P55_SP00018" HPOS="1418" VPOS="512" WIDTH="55"/>
						<String ID="P55_ST00022" HPOS="1473" VPOS="425" WIDTH="204" HEIGHT="61" CONTENT="donné" WC="0.99" CC="00007"/>
						<SP ID="P55_SP00019" HPOS="1677" VPOS="512" WIDTH="39"/>
						<String ID="P55_ST00023" HPOS="1716" VPOS="448" WIDTH="99" HEIGHT="40" CONTENT="ces" WC="1.00" CC="000"/>
						<SP ID="P55_SP00020" HPOS="1815" VPOS="512" WIDTH="54"/>
						<String ID="P55_ST00024" HPOS="1869" VPOS="428" WIDTH="304" HEIGHT="61" CONTENT="manières" WC="0.99" CC="00617020"/>
						<SP ID="P55_SP00021" HPOS="2173" VPOS="512" WIDTH="40"/>
						<String ID="P55_ST00025" HPOS="2213" VPOS="429" WIDTH="400" HEIGHT="83" CONTENT="distinguées," WC="0.99" CC="010000428405"/>
						<SP ID="P55_SP00022" HPOS="2613" VPOS="512" WIDTH="58"/>
						<String ID="P55_ST00026" HPOS="2671" VPOS="449" WIDTH="161" HEIGHT="46" CONTENT="cette" WC="1.00" CC="01200"/>
						<SP ID="P55_SP00023" HPOS="2832" VPOS="512" WIDTH="52"/>
						<String ID="P55_ST00027" HPOS="2884" VPOS="439" WIDTH="211" HEIGHT="62" CONTENT="aisano" WC="0.80" CC="000047"/>
					</TextLine>
					<TextLine ID="P55_TL00005" HPOS="513" VPOS="521" WIDTH="2582" HEIGHT="85">
						<String ID="P55_ST00028" HPOS="513" VPOS="522" WIDTH="190" HEIGHT="84" CONTENT="qu'on" WC="0.98" CC="40007"/>
						<SP ID="P55_SP00024" HPOS="703" VPOS="606" WIDTH="35"/>
						<String ID="P55_ST00029" HPOS="738" VPOS="542" WIDTH="103" HEIGHT="38" CONTENT="me" WC="1.00" CC="00"/>
						<SP ID="P55_SP00025" HPOS="841" VPOS="606" WIDTH="33"/>
						<String ID="P55_ST00030" HPOS="874" VPOS="521" WIDTH="153" HEIGHT="59" CONTENT="voit." WC="0.99" CC="01403"/>
						<SP ID="P55_SP00026" HPOS="1027" VPOS="606" WIDTH="40"/>
						<String ID="P55_ST00031" HPOS="1067" VPOS="521" WIDTH="215" HEIGHT="58" CONTENT="Est-ce" WC="0.99" CC="105204"/>
						<SP ID="P55_SP00027" HPOS="1282" VPOS="606" WIDTH="36"/>
						<String ID="P55_ST00032" HPOS="1318" VPOS="541" WIDTH="122" HEIGHT="60" CONTENT="que" WC="0.98" CC="040"/>
						<SP ID="P55_SP00028" HPOS="1440" VPOS="606" WIDTH="33"/>
						<String ID="P55_ST00033" HPOS="1473" VPOS="541" WIDTH="154" HEIGHT="38" CONTENT="vous" WC="0.99" CC="0050"/>
						<SP ID="P55_SP00029" HPOS="1627" VPOS="606" WIDTH="34"/>
						<String ID="P55_ST00034" HPOS="1661" VPOS="521" WIDTH="239" HEIGHT="59" CONTENT="sauriez" WC="0.99" CC="0300420"/>
						<SP ID="P55_SP00030" HPOS="1900" VPOS="606" WIDTH="26"/>
						<String ID="P55_ST00035" HPOS="1926" VPOS="522" WIDTH="201" HEIGHT="81" CONTENT="parler" WC="1.00" CC="002200"/>
						<SP ID="P55_SP00031" HPOS="2127" VPOS="606" WIDTH="34"/>
						<String ID="P55_ST00036" HPOS="2161" VPOS="521" WIDTH="32" HEIGHT="60" CONTENT="à" WC="0.35" CC="6"/>
						<SP ID="P55_SP00032" HPOS="2193" VPOS="606" WIDTH="28"/>
						<String ID="P55_ST00037" HPOS="2221" VPOS="545" WIDTH="121" HEIGHT="36" CONTENT="une" WC="0.98" CC="500"/>
						<SP ID="P55_SP00033" HPOS="2342" VPOS="606" WIDTH="36"/>
						<String ID="P55_ST00038" HPOS="2378" VPOS="523" WIDTH="343" HEIGHT="76" CONTENT="Duchesse," WC="0.99" CC="530600004"/>
						<SP ID="P55_SP00034" HPOS="2721" VPOS="606" WIDTH="35"/>
						<String ID="P55_ST00039" HPOS="2756" VPOS="548" WIDTH="151" HEIGHT="41" CONTENT="vous" WC="1.00" CC="0000"/>
						<SP ID="P55_SP00035" HPOS="2907" VPOS="606" WIDTH="26"/>
						<String ID="P55_ST00040" HPOS="2933" VPOS="533" WIDTH="162" HEIGHT="60" CONTENT="serie:" WC="0.78" CC="020045"/>
					</TextLine>
					<TextLine ID="P55_TL00006" HPOS="513" VPOS="611" WIDTH="2587" HEIGHT="85">
						<String ID="P55_ST00041" HPOS="513" VPOS="615" WIDTH="140" HEIGHT="59" CONTENT="bête" WC="1.00" CC="0010"/>
						<SP ID="P55_SP00036" HPOS="653" VPOS="674" WIDTH="36"/>
						<String ID="P55_ST00042" HPOS="689" VPOS="634" WIDTH="251" HEIGHT="39" CONTENT="comme" WC="1.00" CC="03000"/>
						<SP ID="P55_SP00037" HPOS="940" VPOS="674" WIDTH="35"/>
						<String ID="P55_ST00043" HPOS="975" VPOS="632" WIDTH="122" HEIGHT="38" CONTENT="une" WC="1.00" CC="000"/>
						<SP ID="P55_SP00038" HPOS="1097" VPOS="674" WIDTH="36"/>
						<String ID="P55_ST00044" HPOS="1133" VPOS="612" WIDTH="99" HEIGHT="58" CONTENT="oie" WC="0.94" CC="545"/>
						<SP ID="P55_SP00039" HPOS="1232" VPOS="674" WIDTH="33"/>
						<String ID="P55_ST00045" HPOS="1265" VPOS="611" WIDTH="10" HEIGHT="59" CONTENT="!" WC="1.00" CC="0"/>
						<SP ID="P55_SP00040" HPOS="1275" VPOS="674" WIDTH="57"/>
						<String ID="P55_ST00046" HPOS="1332" VPOS="612" WIDTH="169" HEIGHT="72" CONTENT="Moi," WC="0.98" CC="0330"/>
						<SP ID="P55_SP00041" HPOS="1501" VPOS="684" WIDTH="42"/>
						<String ID="P55_ST00047" HPOS="1543" VPOS="611" WIDTH="65" HEIGHT="82" CONTENT="je" WC="1.00" CC="00"/>
						<SP ID="P55_SP00042" HPOS="1608" VPOS="693" WIDTH="35"/>
						<String ID="P55_ST00048" HPOS="1643" VPOS="611" WIDTH="206" HEIGHT="61" CONTENT="donne" WC="0.99" CC="00550"/>
						<SP ID="P55_SP00043" HPOS="1849" VPOS="693" WIDTH="35"/>
						<String ID="P55_ST00049" HPOS="1884" VPOS="612" WIDTH="105" HEIGHT="60" CONTENT="des" WC="0.99" CC="030"/>
						<SP ID="P55_SP00044" HPOS="1989" VPOS="693" WIDTH="34"/>
						<String ID="P55_ST00050" HPOS="2023" VPOS="615" WIDTH="208" HEIGHT="80" CONTENT="leçons" WC="1.00" CC="050000"/>
						<SP ID="P55_SP00045" HPOS="2231" VPOS="695" WIDTH="36"/>
						<String ID="P55_ST00051" HPOS="2267" VPOS="613" WIDTH="31" HEIGHT="61" CONTENT="à" WC="0.49" CC="5"/>
						<SP ID="P55_SP00046" HPOS="2298" VPOS="695" WIDTH="44"/>
						<String ID="P55_ST00052" HPOS="2342" VPOS="616" WIDTH="122" HEIGHT="59" CONTENT="Son" WC="0.97" CC="043"/>
						<SP ID="P55_SP00047" HPOS="2464" VPOS="695" WIDTH="36"/>
						<String ID="P55_ST00053" HPOS="2500" VPOS="617" WIDTH="242" HEIGHT="61" CONTENT="Altesse" WC="1.00" CC="0061000"/>
						<SP ID="P55_SP00048" HPOS="2742" VPOS="695" WIDTH="39"/>
						<String ID="P55_ST00054" HPOS="2781" VPOS="621" WIDTH="236" HEIGHT="75" CONTENT="Royale" WC="0.99" CC="002740"/>
						<SP ID="P55_SP00049" HPOS="3017" VPOS="696" WIDTH="49"/>
						<String ID="P55_ST00055" HPOS="3066" VPOS="625" WIDTH="34" HEIGHT="59" CONTENT="1:" WC="0.56" CC="17"/>
					</TextLine>
					<TextLine ID="P55_TL00007" HPOS="517" VPOS="701" WIDTH="2545" HEIGHT="86">
						<String ID="P55_ST00056" HPOS="517" VPOS="703" WIDTH="318" HEIGHT="63" CONTENT="Duchesse" WC="1.00" CC="00300006"/>
						<SP ID="P55_SP00050" HPOS="835" VPOS="766" WIDTH="36"/>
						<String ID="P55_ST00057" HPOS="871" VPOS="701" WIDTH="351" HEIGHT="65" CONTENT="d'Orléans." WC="1.00" CC="0000050003"/>
						<SP ID="P55_SP00051" HPOS="1222" VPOS="766" WIDTH="57"/>
						<String ID="P55_ST00058" HPOS="1279" VPOS="702" WIDTH="384" HEIGHT="62" CONTENT="Charmante" WC="1.00" CC="000007010"/>
						<SP ID="P55_SP00052" HPOS="1663" VPOS="766" WIDTH="35"/>
						<String ID="P55_ST00059" HPOS="1698" VPOS="703" WIDTH="239" HEIGHT="61" CONTENT="femme" WC="0.98" CC="73000"/>
						<SP ID="P55_SP00053" HPOS="1937" VPOS="766" WIDTH="52"/>
						<String ID="P55_ST00060" HPOS="1989" VPOS="728" WIDTH="123" HEIGHT="59" CONTENT="que" WC="0.98" CC="040"/>
						<SP ID="P55_SP00054" HPOS="2112" VPOS="787" WIDTH="35"/>
						<String ID="P55_ST00061" HPOS="2147" VPOS="721" WIDTH="164" HEIGHT="46" CONTENT="cette" WC="0.99" CC="00600"/>
						<SP ID="P55_SP00055" HPOS="2311" VPOS="787" WIDTH="54"/>
						<String ID="P55_ST00062" HPOS="2365" VPOS="708" WIDTH="320" HEIGHT="63" CONTENT="Duchesse" WC="1.00" CC="00000103"/>
						<SP ID="P55_SP00056" HPOS="2685" VPOS="787" WIDTH="50"/>
						<String ID="P55_ST00063" HPOS="2735" VPOS="712" WIDTH="327" HEIGHT="65" CONTENT="d'Orléans" WC="0.99" CC="000536000"/>
					</TextLine>
					<TextLine ID="P55_TL00008" HPOS="504" VPOS="795" WIDTH="2590" HEIGHT="90">
						<String ID="P55_ST00064" HPOS="504" VPOS="800" WIDTH="74" HEIGHT="80" CONTENT="Je" WC="0.93" CC="10"/>
						<SP ID="P55_SP00057" HPOS="578" VPOS="880" WIDTH="38"/>
						<String ID="P55_ST00065" HPOS="616" VPOS="799" WIDTH="157" HEIGHT="59" CONTENT="crois" WC="1.00" CC="03000"/>
						<SP ID="P55_SP00058" HPOS="773" VPOS="880" WIDTH="36"/>
						<String ID="P55_ST00066" HPOS="809" VPOS="795" WIDTH="120" HEIGHT="61" CONTENT="très" WC="0.97" CC="4360"/>
						<SP ID="P55_SP00059" HPOS="929" VPOS="880" WIDTH="36"/>
						<String ID="P55_ST00067" HPOS="965" VPOS="797" WIDTH="384" HEIGHT="82" CONTENT="importante" WC="1.00" CC="1003020140"/>
						<SP ID="P55_SP00060" HPOS="1349" VPOS="880" WIDTH="36"/>
						<String ID="P55_ST00068" HPOS="1385" VPOS="819" WIDTH="101" HEIGHT="36" CONTENT="ma" WC="1.00" CC="00"/>
						<SP ID="P55_SP00061" HPOS="1486" VPOS="880" WIDTH="35"/>
						<String ID="P55_ST00069" HPOS="1521" VPOS="799" WIDTH="253" HEIGHT="58" CONTENT="mission" WC="1.00" CC="0000030"/>
						<SP ID="P55_SP00062" HPOS="1774" VPOS="880" WIDTH="42"/>
						<String ID="P55_ST00070" HPOS="1816" VPOS="797" WIDTH="400" HEIGHT="84" CONTENT="d'inculquer" WC="0.99" CC="04351046400"/>
						<SP ID="P55_SP00063" HPOS="2216" VPOS="881" WIDTH="33"/>
						<String ID="P55_ST00071" HPOS="2249" VPOS="801" WIDTH="85" HEIGHT="59" CONTENT="les" WC="0.99" CC="300"/>
						<SP ID="P55_SP00064" HPOS="2334" VPOS="881" WIDTH="38"/>
						<String ID="P55_ST00072" HPOS="2372" VPOS="802" WIDTH="314" HEIGHT="83" CONTENT="principes" WC="0.99" CC="044622020"/>
						<SP ID="P55_SP00065" HPOS="2686" VPOS="885" WIDTH="35"/>
						<String ID="P55_ST00073" HPOS="2721" VPOS="805" WIDTH="73" HEIGHT="58" CONTENT="de" WC="1.00" CC="00"/>
						<SP ID="P55_SP00066" HPOS="2794" VPOS="885" WIDTH="51"/>
						<String ID="P55_ST00074" HPOS="2845" VPOS="828" WIDTH="149" HEIGHT="39" CONTENT="mon" WC="1.00" CC="000"/>
						<SP ID="P55_SP00067" HPOS="2994" VPOS="885" WIDTH="36"/>
						<String ID="P55_ST00075" HPOS="3030" VPOS="832" WIDTH="64" HEIGHT="37" CONTENT="ar" WC="1.00" CC="00"/>
					</TextLine>
					<TextLine ID="P55_TL00009" HPOS="513" VPOS="888" WIDTH="2592" HEIGHT="94">
						<String ID="P55_ST00076" HPOS="513" VPOS="889" WIDTH="32" HEIGHT="61" CONTENT="à" WC="0.31" CC="6"/>
						<SP ID="P55_SP00068" HPOS="545" VPOS="950" WIDTH="35"/>
						<String ID="P55_ST00077" HPOS="580" VPOS="912" WIDTH="120" HEIGHT="38" CONTENT="une" WC="1.00" CC="000"/>
						<SP ID="P55_SP00069" HPOS="700" VPOS="950" WIDTH="35"/>
						<String ID="P55_ST00078" HPOS="735" VPOS="890" WIDTH="307" HEIGHT="81" CONTENT="princesse" WC="1.00" CC="003500100"/>
						<SP ID="P55_SP00070" HPOS="1042" VPOS="971" WIDTH="26"/>
						<String ID="P55_ST00079" HPOS="1068" VPOS="888" WIDTH="108" HEIGHT="82" CONTENT="qui" WC="0.98" CC="060"/>
						<SP ID="P55_SP00071" HPOS="1176" VPOS="971" WIDTH="35"/>
						<String ID="P55_ST00080" HPOS="1211" VPOS="909" WIDTH="84" HEIGHT="38" CONTENT="un" WC="1.00" CC="00"/>
						<SP ID="P55_SP00072" HPOS="1295" VPOS="971" WIDTH="27"/>
						<String ID="P55_ST00081" HPOS="1322" VPOS="888" WIDTH="147" HEIGHT="81" CONTENT="jour" WC="0.98" CC="3500"/>
						<SP ID="P55_SP00073" HPOS="1469" VPOS="971" WIDTH="20"/>
						<String ID="P55_ST00082" HPOS="1489" VPOS="910" WIDTH="127" HEIGHT="39" CONTENT="sera" WC="1.00" CC="0000"/>
						<SP ID="P55_SP00074" HPOS="1616" VPOS="971" WIDTH="40"/>
						<String ID="P55_ST00083" HPOS="1656" VPOS="890" WIDTH="201" HEIGHT="60" CONTENT="Reine" WC="1.00" CC="00100"/>
						<SP ID="P55_SP00075" HPOS="1857" VPOS="971" WIDTH="35"/>
						<String ID="P55_ST00084" HPOS="1892" VPOS="890" WIDTH="10" HEIGHT="60" CONTENT="!" WC="1.00" CC="0"/>
						<SP ID="P55_SP00076" HPOS="1902" VPOS="971" WIDTH="38"/>
						<String ID="P55_ST00085" HPOS="1940" VPOS="890" WIDTH="11" HEIGHT="61" CONTENT="!" WC="0.52" CC="4"/>
						<SP ID="P55_SP00077" HPOS="1951" VPOS="971" WIDTH="44"/>
						<String ID="P55_ST00086" HPOS="1995" VPOS="890" WIDTH="10" HEIGHT="61" CONTENT="!" WC="0.51" CC="4"/>
						<SP ID="P55_SP00078" HPOS="2005" VPOS="971" WIDTH="41"/>
						<String ID="P55_ST00087" HPOS="2046" VPOS="893" WIDTH="151" HEIGHT="58" CONTENT="Cela" WC="0.98" CC="0208"/>
						<SP ID="P55_SP00079" HPOS="2197" VPOS="971" WIDTH="23"/>
						<String ID="P55_ST00088" HPOS="2220" VPOS="891" WIDTH="258" HEIGHT="63" CONTENT="influera" WC="0.99" CC="75330210"/>
						<SP ID="P55_SP00080" HPOS="2478" VPOS="971" WIDTH="22"/>
						<String ID="P55_ST00089" HPOS="2500" VPOS="915" WIDTH="101" HEIGHT="39" CONTENT="sur" WC="0.97" CC="150"/>
						<SP ID="P55_SP00081" HPOS="2601" VPOS="971" WIDTH="20"/>
						<String ID="P55_ST00090" HPOS="2621" VPOS="896" WIDTH="56" HEIGHT="59" CONTENT="le" WC="1.00" CC="00"/>
						<SP ID="P55_SP00082" HPOS="2677" VPOS="971" WIDTH="36"/>
						<String ID="P55_ST00091" HPOS="2713" VPOS="919" WIDTH="147" HEIGHT="61" CONTENT="pays" WC="0.99" CC="0050"/>
						<SP ID="P55_SP00083" HPOS="2860" VPOS="980" WIDTH="34"/>
						<String ID="P55_ST00092" HPOS="2894" VPOS="900" WIDTH="211" HEIGHT="82" CONTENT="qu'elk" WC="0.81" CC="001009"/>
					</TextLine>
					<TextLine ID="P55_TL00010" HPOS="513" VPOS="979" WIDTH="2592" HEIGHT="98">
						<String ID="P55_ST00093" HPOS="513" VPOS="1003" WIDTH="402" HEIGHT="62" CONTENT="gouvernera." WC="1.00" CC="00100000194"/>
						<SP ID="P55_SP00084" HPOS="915" VPOS="1065" WIDTH="42"/>
						<String ID="P55_ST00094" HPOS="957" VPOS="982" WIDTH="105" HEIGHT="59" CONTENT="On" WC="0.65" CC="07"/>
						<SP ID="P55_SP00085" HPOS="1062" VPOS="1065" WIDTH="36"/>
						<String ID="P55_ST00095" HPOS="1098" VPOS="1002" WIDTH="101" HEIGHT="37" CONTENT="me" WC="1.00" CC="00"/>
						<SP ID="P55_SP00086" HPOS="1199" VPOS="1065" WIDTH="36"/>
						<String ID="P55_ST00096" HPOS="1235" VPOS="979" WIDTH="216" HEIGHT="61" CONTENT="bénira" WC="0.99" CC="054200"/>
						<SP ID="P55_SP00087" HPOS="1451" VPOS="1065" WIDTH="27"/>
						<String ID="P55_ST00097" HPOS="1478" VPOS="983" WIDTH="177" HEIGHT="71" CONTENT="alors," WC="0.99" CC="040003"/>
						<SP ID="P55_SP00088" HPOS="1655" VPOS="1065" WIDTH="30"/>
						<String ID="P55_ST00098" HPOS="1685" VPOS="1006" WIDTH="311" HEIGHT="59" CONTENT="parceque" WC="0.94" CC="00200010"/>
						<SP ID="P55_SP00089" HPOS="1996" VPOS="1065" WIDTH="27"/>
						<String ID="P55_ST00099" HPOS="2023" VPOS="984" WIDTH="225" HEIGHT="81" CONTENT="j'aurai" WC="1.00" CC="2100003"/>
						<SP ID="P55_SP00090" HPOS="2248" VPOS="1065" WIDTH="26"/>
						<String ID="P55_ST00100" HPOS="2274" VPOS="984" WIDTH="98" HEIGHT="61" CONTENT="été" WC="0.94" CC="625"/>
						<SP ID="P55_SP00091" HPOS="2372" VPOS="1065" WIDTH="37"/>
						<String ID="P55_ST00101" HPOS="2409" VPOS="1008" WIDTH="108" HEIGHT="40" CONTENT="son" WC="0.98" CC="004"/>
						<SP ID="P55_SP00092" HPOS="2517" VPOS="1065" WIDTH="35"/>
						<String ID="P55_ST00102" HPOS="2552" VPOS="989" WIDTH="309" HEIGHT="64" CONTENT="maître...." WC="0.99" CC="0040004334"/>
						<SP ID="P55_SP00093" HPOS="2861" VPOS="1065" WIDTH="41"/>
						<String ID="P55_ST00103" HPOS="2902" VPOS="994" WIDTH="203" HEIGHT="83" CONTENT="Voye2" WC="0.80" CC="03007"/>
					</TextLine>
					<TextLine ID="P55_TL00011" HPOS="512" VPOS="1073" WIDTH="2595" HEIGHT="90">
						<String ID="P55_ST00104" HPOS="512" VPOS="1096" WIDTH="250" HEIGHT="39" CONTENT="comme" WC="1.00" CC="00000"/>
						<SP ID="P55_SP00094" HPOS="762" VPOS="1135" WIDTH="35"/>
						<String ID="P55_ST00105" HPOS="797" VPOS="1095" WIDTH="79" HEIGHT="38" CONTENT="on" WC="0.87" CC="20"/>
						<SP ID="P55_SP00095" HPOS="876" VPOS="1135" WIDTH="37"/>
						<String ID="P55_ST00106" HPOS="913" VPOS="1095" WIDTH="102" HEIGHT="38" CONTENT="me" WC="0.87" CC="02"/>
						<SP ID="P55_SP00096" HPOS="1015" VPOS="1135" WIDTH="35"/>
						<String ID="P55_ST00107" HPOS="1050" VPOS="1074" WIDTH="164" HEIGHT="59" CONTENT="salue" WC="0.98" CC="05550"/>
						<SP ID="P55_SP00097" HPOS="1214" VPOS="1135" WIDTH="35"/>
						<String ID="P55_ST00108" HPOS="1249" VPOS="1073" WIDTH="75" HEIGHT="60" CONTENT="de" WC="1.00" CC="00"/>
						<SP ID="P55_SP00098" HPOS="1324" VPOS="1135" WIDTH="37"/>
						<String ID="P55_ST00109" HPOS="1361" VPOS="1088" WIDTH="203" HEIGHT="46" CONTENT="toutes" WC="0.99" CC="400500"/>
						<SP ID="P55_SP00099" HPOS="1564" VPOS="1135" WIDTH="28"/>
						<String ID="P55_ST00110" HPOS="1592" VPOS="1089" WIDTH="256" HEIGHT="68" CONTENT="parts...." WC="0.99" CC="000423324"/>
						<SP ID="P55_SP00100" HPOS="1848" VPOS="1157" WIDTH="30"/>
						<String ID="P55_ST00111" HPOS="1878" VPOS="1076" WIDTH="64" HEIGHT="81" CONTENT="je" WC="0.96" CC="00"/>
						<SP ID="P55_SP00101" HPOS="1942" VPOS="1157" WIDTH="38"/>
						<String ID="P55_ST00112" HPOS="1980" VPOS="1098" WIDTH="75" HEIGHT="38" CONTENT="ne" WC="1.00" CC="00"/>
						<SP ID="P55_SP00102" HPOS="2055" VPOS="1157" WIDTH="35"/>
						<String ID="P55_ST00113" HPOS="2090" VPOS="1079" WIDTH="140" HEIGHT="82" CONTENT="puis" WC="0.99" CC="0130"/>
						<SP ID="P55_SP00103" HPOS="2230" VPOS="1161" WIDTH="33"/>
						<String ID="P55_ST00114" HPOS="2263" VPOS="1076" WIDTH="152" HEIGHT="63" CONTENT="faire" WC="1.00" CC="00200"/>
						<SP ID="P55_SP00104" HPOS="2415" VPOS="1161" WIDTH="31"/>
						<String ID="P55_ST00115" HPOS="2446" VPOS="1102" WIDTH="80" HEIGHT="37" CONTENT="un" WC="0.82" CC="30"/>
						<SP ID="P55_SP00105" HPOS="2526" VPOS="1161" WIDTH="38"/>
						<String ID="P55_ST00116" HPOS="2564" VPOS="1103" WIDTH="105" HEIGHT="60" CONTENT="pas" WC="1.00" CC="000"/>
						<SP ID="P55_SP00106" HPOS="2669" VPOS="1163" WIDTH="36"/>
						<String ID="P55_ST00117" HPOS="2705" VPOS="1103" WIDTH="131" HEIGHT="41" CONTENT="sans" WC="1.00" CC="0000"/>
						<SP ID="P55_SP00107" HPOS="2836" VPOS="1163" WIDTH="21"/>
						<String ID="P55_ST00118" HPOS="2857" VPOS="1107" WIDTH="215" HEIGHT="41" CONTENT="rencon" SUBS_TYPE="HypPart1" SUBS_CONTENT="rencontrer" WC="1.00" CC="000050"/>
						<HYP HPOS="3072" VPOS="1107" WIDTH="35" CONTENT="-"/>
					</TextLine>
					<TextLine ID="P55_TL00012" HPOS="513" VPOS="1164" WIDTH="2597" HEIGHT="86">
						<String ID="P55_ST00119" HPOS="513" VPOS="1182" WIDTH="121" HEIGHT="43" CONTENT="trer" SUBS_TYPE="HypPart2" SUBS_CONTENT="rencontrer" WC="0.97" CC="5006"/>
						<SP ID="P55_SP00108" HPOS="634" VPOS="1225" WIDTH="35"/>
						<String ID="P55_ST00120" HPOS="669" VPOS="1164" WIDTH="102" HEIGHT="60" CONTENT="des" WC="1.00" CC="000"/>
						<SP ID="P55_SP00109" HPOS="771" VPOS="1225" WIDTH="44"/>
						<String ID="P55_ST00121" HPOS="815" VPOS="1166" WIDTH="156" HEIGHT="58" CONTENT="amis" WC="0.99" CC="6000"/>
						<SP ID="P55_SP00110" HPOS="971" VPOS="1225" WIDTH="38"/>
						<String ID="P55_ST00122" HPOS="1009" VPOS="1164" WIDTH="318" HEIGHT="61" CONTENT="intimes..." WC="1.00" CC="0021000443"/>
						<SP ID="P55_SP00111" HPOS="1327" VPOS="1225" WIDTH="60"/>
						<String ID="P55_ST00123" HPOS="1387" VPOS="1167" WIDTH="180" HEIGHT="58" CONTENT="Celui" WC="1.00" CC="00000"/>
						<SP ID="P55_SP00112" HPOS="1567" VPOS="1225" WIDTH="49"/>
						<String ID="P55_ST00124" HPOS="1616" VPOS="1167" WIDTH="110" HEIGHT="83" CONTENT="qui" WC="0.99" CC="002"/>
						<SP ID="P55_SP00113" HPOS="1726" VPOS="1250" WIDTH="51"/>
						<String ID="P55_ST00125" HPOS="1777" VPOS="1168" WIDTH="171" HEIGHT="60" CONTENT="vient" WC="0.98" CC="02270"/>
						<SP ID="P55_SP00114" HPOS="1948" VPOS="1250" WIDTH="39"/>
						<String ID="P55_ST00126" HPOS="1987" VPOS="1168" WIDTH="75" HEIGHT="60" CONTENT="de" WC="1.00" CC="00"/>
						<SP ID="P55_SP00115" HPOS="2062" VPOS="1250" WIDTH="55"/>
						<String ID="P55_ST00127" HPOS="2117" VPOS="1192" WIDTH="101" HEIGHT="37" CONTENT="me" WC="0.94" CC="01"/>
						<SP ID="P55_SP00116" HPOS="2218" VPOS="1250" WIDTH="54"/>
						<String ID="P55_ST00128" HPOS="2272" VPOS="1172" WIDTH="198" HEIGHT="58" CONTENT="saluer" WC="0.99" CC="000543"/>
						<SP ID="P55_SP00117" HPOS="2470" VPOS="1250" WIDTH="55"/>
						<String ID="P55_ST00129" HPOS="2525" VPOS="1171" WIDTH="151" HEIGHT="62" CONTENT="était" WC="0.98" CC="61024"/>
						<SP ID="P55_SP00118" HPOS="2676" VPOS="1250" WIDTH="57"/>
						<String ID="P55_ST00130" HPOS="2733" VPOS="1177" WIDTH="54" HEIGHT="57" CONTENT="le" WC="0.73" CC="31"/>
						<SP ID="P55_SP00119" HPOS="2787" VPOS="1250" WIDTH="61"/>
						<String ID="P55_ST00131" HPOS="2848" VPOS="1177" WIDTH="144" HEIGHT="61" CONTENT="Duc" WC="0.99" CC="020"/>
						<SP ID="P55_SP00120" HPOS="2992" VPOS="1250" WIDTH="52"/>
						<String ID="P55_ST00132" HPOS="3044" VPOS="1178" WIDTH="66" HEIGHT="61" CONTENT="de" WC="0.64" CC="07"/>
					</TextLine>
					<TextLine ID="P55_TL00013" HPOS="512" VPOS="1257" WIDTH="2601" HEIGHT="94">
						<String ID="P55_ST00133" HPOS="512" VPOS="1258" WIDTH="293" HEIGHT="59" CONTENT="Noailles." WC="0.89" CC="000311003"/>
						<SP ID="P55_SP00121" HPOS="805" VPOS="1317" WIDTH="56"/>
						<String ID="P55_ST00134" HPOS="861" VPOS="1257" WIDTH="90" HEIGHT="60" CONTENT="Le" WC="0.65" CC="60"/>
						<SP ID="P55_SP00122" HPOS="951" VPOS="1317" WIDTH="37"/>
						<String ID="P55_ST00135" HPOS="988" VPOS="1258" WIDTH="159" HEIGHT="82" CONTENT="petit" WC="0.99" CC="02023"/>
						<SP ID="P55_SP00123" HPOS="1147" VPOS="1340" WIDTH="52"/>
						<String ID="P55_ST00136" HPOS="1199" VPOS="1279" WIDTH="141" HEIGHT="61" CONTENT="gros" WC="0.99" CC="0030"/>
						<SP ID="P55_SP00124" HPOS="1340" VPOS="1340" WIDTH="35"/>
						<String ID="P55_ST00137" HPOS="1375" VPOS="1257" WIDTH="261" HEIGHT="61" CONTENT="homme" WC="0.99" CC="61000"/>
						<SP ID="P55_SP00125" HPOS="1636" VPOS="1340" WIDTH="50"/>
						<String ID="P55_ST00138" HPOS="1686" VPOS="1275" WIDTH="183" HEIGHT="44" CONTENT="avant" WC="0.99" CC="00043"/>
						<SP ID="P55_SP00126" HPOS="1869" VPOS="1340" WIDTH="37"/>
						<String ID="P55_ST00139" HPOS="1906" VPOS="1262" WIDTH="109" HEIGHT="71" CONTENT="lui," WC="0.97" CC="5502"/>
						<SP ID="P55_SP00127" HPOS="2015" VPOS="1340" WIDTH="54"/>
						<String ID="P55_ST00140" HPOS="2069" VPOS="1262" WIDTH="54" HEIGHT="60" CONTENT="le" WC="0.54" CC="44"/>
						<SP ID="P55_SP00128" HPOS="2123" VPOS="1340" WIDTH="37"/>
						<String ID="P55_ST00141" HPOS="2160" VPOS="1260" WIDTH="250" HEIGHT="85" CONTENT="général" WC="0.99" CC="0609004"/>
						<SP ID="P55_SP00129" HPOS="2410" VPOS="1345" WIDTH="51"/>
						<String ID="P55_ST00142" HPOS="2461" VPOS="1263" WIDTH="75" HEIGHT="61" CONTENT="de" WC="1.00" CC="00"/>
						<SP ID="P55_SP00130" HPOS="2536" VPOS="1345" WIDTH="37"/>
						<String ID="P55_ST00143" HPOS="2573" VPOS="1267" WIDTH="236" HEIGHT="82" CONTENT="Sparre," WC="0.90" CC="1005000"/>
						<SP ID="P55_SP00131" HPOS="2809" VPOS="1349" WIDTH="53"/>
						<String ID="P55_ST00144" HPOS="2862" VPOS="1271" WIDTH="132" HEIGHT="80" CONTENT="pair" WC="1.00" CC="0000"/>
						<SP ID="P55_SP00132" HPOS="2994" VPOS="1351" WIDTH="50"/>
						<String ID="P55_ST00145" HPOS="3044" VPOS="1271" WIDTH="69" HEIGHT="60" CONTENT="de" WC="0.79" CC="04"/>
					</TextLine>
					<TextLine ID="P55_TL00014" HPOS="513" VPOS="1351" WIDTH="2601" HEIGHT="90">
						<String ID="P55_ST00146" HPOS="513" VPOS="1352" WIDTH="322" HEIGHT="59" CONTENT="France...." WC="0.99" CC="1001054304"/>
						<SP ID="P55_SP00133" HPOS="835" VPOS="1411" WIDTH="47"/>
						<String ID="P55_ST00147" HPOS="882" VPOS="1351" WIDTH="376" HEIGHT="79" CONTENT="Justement," WC="0.99" CC="2606001600"/>
						<SP ID="P55_SP00134" HPOS="1258" VPOS="1430" WIDTH="36"/>
						<String ID="P55_ST00148" HPOS="1294" VPOS="1352" WIDTH="166" HEIGHT="59" CONTENT="voici" WC="1.00" CC="00001"/>
						<SP ID="P55_SP00135" HPOS="1460" VPOS="1430" WIDTH="50"/>
						<String ID="P55_ST00149" HPOS="1510" VPOS="1352" WIDTH="56" HEIGHT="59" CONTENT="la" WC="0.83" CC="30"/>
						<SP ID="P55_SP00136" HPOS="1566" VPOS="1430" WIDTH="47"/>
						<String ID="P55_ST00150" HPOS="1613" VPOS="1354" WIDTH="322" HEIGHT="59" CONTENT="Comtesse" WC="1.00" CC="10000000"/>
						<SP ID="P55_SP00137" HPOS="1935" VPOS="1430" WIDTH="37"/>
						<String ID="P55_ST00151" HPOS="1972" VPOS="1354" WIDTH="384" HEIGHT="75" CONTENT="d'Osmond;" WC="0.90" CC="000000701"/>
						<SP ID="P55_SP00138" HPOS="2356" VPOS="1430" WIDTH="39"/>
						<String ID="P55_ST00152" HPOS="2395" VPOS="1365" WIDTH="38" HEIGHT="24" CONTENT='"' WC="1.00" CC="0"/>
						<SP ID="P55_SP00139" HPOS="2433" VPOS="1430" WIDTH="33"/>
						<String ID="P55_ST00153" HPOS="2466" VPOS="1406" WIDTH="80" HEIGHT="14" CONTENT="...." WC="0.97" CC="3044"/>
						<SP ID="P55_SP00140" HPOS="2546" VPOS="1430" WIDTH="53"/>
						<String ID="P55_ST00154" HPOS="2599" VPOS="1359" WIDTH="285" HEIGHT="82" CONTENT="bonjour," WC="0.99" CC="50033103"/>
						<SP ID="P55_SP00141" HPOS="2884" VPOS="1441" WIDTH="48"/>
						<String ID="P55_ST00155" HPOS="2932" VPOS="1361" WIDTH="182" HEIGHT="62" CONTENT="chère" WC="0.98" CC="06600"/>
					</TextLine>
					<TextLine ID="P55_TL00015" HPOS="512" VPOS="1441" WIDTH="2603" HEIGHT="84">
						<String ID="P55_ST00156" HPOS="512" VPOS="1444" WIDTH="341" HEIGHT="70" CONTENT="Comtesse," WC="1.00" CC="030300060"/>
						<SP ID="P55_SP00142" HPOS="853" VPOS="1514" WIDTH="68"/>
						<String ID="P55_ST00157" HPOS="921" VPOS="1441" WIDTH="125" HEIGHT="60" CONTENT="êtes" WC="0.99" CC="0300"/>
						<SP ID="P55_SP00143" HPOS="1046" VPOS="1514" WIDTH="56"/>
						<String ID="P55_ST00158" HPOS="1102" VPOS="1463" WIDTH="155" HEIGHT="38" CONTENT="vous" WC="0.99" CC="0020"/>
						<SP ID="P55_SP00144" HPOS="1257" VPOS="1514" WIDTH="66"/>
						<String ID="P55_ST00159" HPOS="1323" VPOS="1441" WIDTH="252" HEIGHT="84" CONTENT="reposée" WC="1.00" CC="0000060"/>
						<SP ID="P55_SP00145" HPOS="1575" VPOS="1525" WIDTH="54"/>
						<String ID="P55_ST00160" HPOS="1629" VPOS="1444" WIDTH="81" HEIGHT="60" CONTENT="du" WC="0.66" CC="06"/>
						<SP ID="P55_SP00146" HPOS="1710" VPOS="1525" WIDTH="64"/>
						<String ID="P55_ST00161" HPOS="1774" VPOS="1445" WIDTH="208" HEIGHT="61" CONTENT="Raout" WC="0.87" CC="00022"/>
						<SP ID="P55_SP00147" HPOS="1982" VPOS="1525" WIDTH="69"/>
						<String ID="P55_ST00162" HPOS="2051" VPOS="1446" WIDTH="325" HEIGHT="63" CONTENT="charmant" WC="0.99" CC="66060000"/>
						<SP ID="P55_SP00148" HPOS="2376" VPOS="1525" WIDTH="61"/>
						<String ID="P55_ST00163" HPOS="2437" VPOS="1449" WIDTH="72" HEIGHT="60" CONTENT="de" WC="0.88" CC="02"/>
						<SP ID="P55_SP00149" HPOS="2509" VPOS="1525" WIDTH="59"/>
						<String ID="P55_ST00164" HPOS="2568" VPOS="1453" WIDTH="56" HEIGHT="58" CONTENT="la" WC="1.00" CC="00"/>
						<SP ID="P55_SP00150" HPOS="2624" VPOS="1525" WIDTH="57"/>
						<String ID="P55_ST00165" HPOS="2681" VPOS="1453" WIDTH="311" HEIGHT="62" CONTENT="Princesse" WC="0.99" CC="010330005"/>
						<SP ID="P55_SP00151" HPOS="2992" VPOS="1525" WIDTH="51"/>
						<String ID="P55_ST00166" HPOS="3043" VPOS="1455" WIDTH="72" HEIGHT="60" CONTENT="de" WC="1.00" CC="00"/>
					</TextLine>
					<TextLine ID="P55_TL00016" HPOS="514" VPOS="1506" WIDTH="2603" HEIGHT="111">
						<String ID="P55_ST00167" HPOS="514" VPOS="1534" WIDTH="351" HEIGHT="83" CONTENT="Belgiojoso" WC="0.82" CC="5000202500"/>
						<SP ID="P55_SP00152" HPOS="865" VPOS="1617" WIDTH="33"/>
						<String ID="P55_ST00168" HPOS="898" VPOS="1535" WIDTH="19" HEIGHT="59" CONTENT="?" WC="0.46" CC="5"/>
						<SP ID="P55_SP00153" HPOS="917" VPOS="1617" WIDTH="34"/>
						<String ID="P55_ST00169" HPOS="951" VPOS="1533" WIDTH="30" HEIGHT="21" CONTENT='"' WC="0.96" CC="0"/>
						<SP ID="P55_SP00154" HPOS="981" VPOS="1617" WIDTH="2135"/>
						<String ID="P55_ST00170" HPOS="3116" VPOS="1506" WIDTH="1" HEIGHT="111" CONTENT="I" WC="0.26" CC="7"/>
					</TextLine>
					<TextLine ID="P55_TL00017" HPOS="697" VPOS="1624" WIDTH="2417" HEIGHT="98">
						<String ID="P55_ST00171" HPOS="697" VPOS="1628" WIDTH="180" HEIGHT="58" CONTENT="Nous" WC="0.99" CC="4000"/>
						<SP ID="P55_SP00155" HPOS="877" VPOS="1686" WIDTH="35"/>
						<String ID="P55_ST00172" HPOS="912" VPOS="1624" WIDTH="200" HEIGHT="62" CONTENT="étions" WC="0.99" CC="611400"/>
						<SP ID="P55_SP00156" HPOS="1112" VPOS="1686" WIDTH="35"/>
						<String ID="P55_ST00173" HPOS="1147" VPOS="1625" WIDTH="228" HEIGHT="63" CONTENT="arrivés" WC="0.99" CC="0400070"/>
						<SP ID="P55_SP00157" HPOS="1375" VPOS="1688" WIDTH="34"/>
						<String ID="P55_ST00174" HPOS="1409" VPOS="1650" WIDTH="108" HEIGHT="38" CONTENT="rue" WC="0.97" CC="440"/>
						<SP ID="P55_SP00158" HPOS="1517" VPOS="1688" WIDTH="40"/>
						<String ID="P55_ST00175" HPOS="1557" VPOS="1629" WIDTH="355" HEIGHT="75" CONTENT="Richelieu," WC="0.99" CC="0035030270"/>
						<SP ID="P55_SP00159" HPOS="1912" VPOS="1704" WIDTH="32"/>
						<String ID="P55_ST00176" HPOS="1944" VPOS="1632" WIDTH="158" HEIGHT="59" CONTENT="chez" WC="0.99" CC="0300"/>
						<SP ID="P55_SP00160" HPOS="2102" VPOS="1704" WIDTH="33"/>
						<String ID="P55_ST00177" HPOS="2135" VPOS="1631" WIDTH="289" HEIGHT="62" CONTENT="l'éditeur" WC="0.99" CC="306004043"/>
						<SP ID="P55_SP00161" HPOS="2424" VPOS="1704" WIDTH="29"/>
						<String ID="P55_ST00178" HPOS="2453" VPOS="1634" WIDTH="411" HEIGHT="85" CONTENT="Schlesinger," WC="0.79" CC="005000377000"/>
						<SP ID="P55_SP00162" HPOS="2864" VPOS="1719" WIDTH="25"/>
						<String ID="P55_ST00179" HPOS="2889" VPOS="1642" WIDTH="225" HEIGHT="80" CONTENT="auquel" WC="0.99" CC="230201"/>
					</TextLine>
					<TextLine ID="P55_TL00018" HPOS="514" VPOS="1718" WIDTH="2601" HEIGHT="95">
						<String ID="P55_ST00180" HPOS="514" VPOS="1721" WIDTH="102" HEIGHT="58" CONTENT="M." WC="0.78" CC="04"/>
						<SP ID="P55_SP00163" HPOS="616" VPOS="1779" WIDTH="40"/>
						<String ID="P55_ST00181" HPOS="656" VPOS="1718" WIDTH="435" HEIGHT="61" CONTENT="Kalkbrenner" WC="0.90" CC="00000510400"/>
						<SP ID="P55_SP00164" HPOS="1091" VPOS="1779" WIDTH="26"/>
						<String ID="P55_ST00182" HPOS="1117" VPOS="1742" WIDTH="101" HEIGHT="37" CONTENT="me" WC="0.94" CC="01"/>
						<SP ID="P55_SP00165" HPOS="1218" VPOS="1779" WIDTH="37"/>
						<String ID="P55_ST00183" HPOS="1255" VPOS="1718" WIDTH="279" HEIGHT="84" CONTENT="présenta" WC="0.99" CC="00800230"/>
						<SP ID="P55_SP00166" HPOS="1534" VPOS="1802" WIDTH="36"/>
						<String ID="P55_ST00184" HPOS="1570" VPOS="1745" WIDTH="73" HEIGHT="37" CONTENT="en" WC="0.63" CC="06"/>
						<SP ID="P55_SP00167" HPOS="1643" VPOS="1802" WIDTH="29"/>
						<String ID="P55_ST00185" HPOS="1672" VPOS="1722" WIDTH="200" HEIGHT="61" CONTENT="disant" WC="0.99" CC="041003"/>
						<SP ID="P55_SP00168" HPOS="1872" VPOS="1802" WIDTH="28"/>
						<String ID="P55_ST00186" HPOS="1900" VPOS="1746" WIDTH="11" HEIGHT="38" CONTENT=":" WC="0.81" CC="1"/>
						<SP ID="P55_SP00169" HPOS="1911" VPOS="1802" WIDTH="33"/>
						<String ID="P55_ST00187" HPOS="1944" VPOS="1732" WIDTH="38" HEIGHT="24" CONTENT='"' WC="1.00" CC="0"/>
						<SP ID="P55_SP00170" HPOS="1982" VPOS="1802" WIDTH="32"/>
						<String ID="P55_ST00188" HPOS="2014" VPOS="1724" WIDTH="169" HEIGHT="60" CONTENT="Cher" WC="0.97" CC="3631"/>
						<SP ID="P55_SP00171" HPOS="2183" VPOS="1802" WIDTH="29"/>
						<String ID="P55_ST00189" HPOS="2212" VPOS="1727" WIDTH="315" HEIGHT="75" CONTENT="Maurice," WC="1.00" CC="00002003"/>
						<SP ID="P55_SP00172" HPOS="2527" VPOS="1802" WIDTH="27"/>
						<String ID="P55_ST00190" HPOS="2554" VPOS="1728" WIDTH="63" HEIGHT="82" CONTENT="je" WC="1.00" CC="00"/>
						<SP ID="P55_SP00173" HPOS="2617" VPOS="1810" WIDTH="32"/>
						<String ID="P55_ST00191" HPOS="2649" VPOS="1752" WIDTH="151" HEIGHT="39" CONTENT="vous" WC="1.00" CC="0000"/>
						<SP ID="P55_SP00174" HPOS="2800" VPOS="1810" WIDTH="34"/>
						<String ID="P55_ST00192" HPOS="2834" VPOS="1730" WIDTH="281" HEIGHT="83" CONTENT="présente" WC="0.99" CC="01603033"/>
					</TextLine>
					<TextLine ID="P55_TL00019" HPOS="513" VPOS="1808" WIDTH="2600" HEIGHT="96">
						<String ID="P55_ST00193" HPOS="513" VPOS="1834" WIDTH="82" HEIGHT="37" CONTENT="un" WC="0.37" CC="56"/>
						<SP ID="P55_SP00175" HPOS="595" VPOS="1871" WIDTH="63"/>
						<String ID="P55_ST00194" HPOS="658" VPOS="1812" WIDTH="227" HEIGHT="59" CONTENT="nouvel" WC="0.99" CC="104004"/>
						<SP ID="P55_SP00176" HPOS="885" VPOS="1871" WIDTH="34"/>
						<String ID="P55_ST00195" HPOS="919" VPOS="1808" WIDTH="169" HEIGHT="63" CONTENT="élève" WC="0.97" CC="73601"/>
						<SP ID="P55_SP00177" HPOS="1088" VPOS="1871" WIDTH="34"/>
						<String ID="P55_ST00196" HPOS="1122" VPOS="1811" WIDTH="32" HEIGHT="60" CONTENT="à" WC="0.37" CC="6"/>
						<SP ID="P55_SP00178" HPOS="1154" VPOS="1871" WIDTH="36"/>
						<String ID="P55_ST00197" HPOS="1190" VPOS="1813" WIDTH="126" HEIGHT="59" CONTENT="moi" WC="0.98" CC="004"/>
						<SP ID="P55_SP00179" HPOS="1316" VPOS="1872" WIDTH="39"/>
						<String ID="P55_ST00198" HPOS="1355" VPOS="1836" WIDTH="14" HEIGHT="49" CONTENT=";" WC="0.57" CC="4"/>
						<SP ID="P55_SP00180" HPOS="1369" VPOS="1885" WIDTH="60"/>
						<String ID="P55_ST00199" HPOS="1429" VPOS="1813" WIDTH="44" HEIGHT="59" CONTENT="il" WC="0.73" CC="13"/>
						<SP ID="P55_SP00181" HPOS="1473" VPOS="1885" WIDTH="48"/>
						<String ID="P55_ST00200" HPOS="1521" VPOS="1813" WIDTH="172" HEIGHT="82" CONTENT="joue," WC="0.98" CC="40501"/>
						<SP ID="P55_SP00182" HPOS="1693" VPOS="1895" WIDTH="37"/>
						<String ID="P55_ST00201" HPOS="1730" VPOS="1830" WIDTH="59" HEIGHT="44" CONTENT="et" WC="0.76" CC="04"/>
						<SP ID="P55_SP00183" HPOS="1789" VPOS="1895" WIDTH="59"/>
						<String ID="P55_ST00202" HPOS="1848" VPOS="1817" WIDTH="43" HEIGHT="57" CONTENT="il" WC="0.72" CC="04"/>
						<SP ID="P55_SP00184" HPOS="1891" VPOS="1895" WIDTH="37"/>
						<String ID="P55_ST00203" HPOS="1928" VPOS="1839" WIDTH="296" HEIGHT="61" CONTENT="compose" WC="1.00" CC="0000000"/>
						<SP ID="P55_SP00185" HPOS="2224" VPOS="1900" WIDTH="35"/>
						<String ID="P55_ST00204" HPOS="2259" VPOS="1820" WIDTH="158" HEIGHT="59" CONTENT="aussi" WC="0.99" CC="06003"/>
						<SP ID="P55_SP00186" HPOS="2417" VPOS="1900" WIDTH="36"/>
						<String ID="P55_ST00205" HPOS="2453" VPOS="1843" WIDTH="82" HEIGHT="36" CONTENT="un" WC="0.57" CC="25"/>
						<SP ID="P55_SP00187" HPOS="2535" VPOS="1900" WIDTH="56"/>
						<String ID="P55_ST00206" HPOS="2591" VPOS="1843" WIDTH="141" HEIGHT="61" CONTENT="peu." WC="0.98" CC="0052"/>
						<SP ID="P55_SP00188" HPOS="2732" VPOS="1904" WIDTH="40"/>
						<String ID="P55_ST00207" HPOS="2772" VPOS="1824" WIDTH="170" HEIGHT="59" CONTENT="Mais" WC="0.99" CC="0060"/>
						<SP ID="P55_SP00189" HPOS="2942" VPOS="1904" WIDTH="35"/>
						<String ID="P55_ST00208" HPOS="2977" VPOS="1839" WIDTH="136" HEIGHT="46" CONTENT="tout" WC="0.97" CC="5053"/>
					</TextLine>
					<TextLine ID="P55_TL00020" HPOS="512" VPOS="1905" WIDTH="2601" HEIGHT="91">
						<String ID="P55_ST00209" HPOS="512" VPOS="1905" WIDTH="129" HEIGHT="58" CONTENT="cela" WC="0.98" CC="0108"/>
						<SP ID="P55_SP00190" HPOS="641" VPOS="1963" WIDTH="34"/>
						<String ID="P55_ST00210" HPOS="675" VPOS="1918" WIDTH="88" HEIGHT="45" CONTENT="est" WC="0.98" CC="103"/>
						<SP ID="P55_SP00191" HPOS="763" VPOS="1963" WIDTH="55"/>
						<String ID="P55_ST00211" HPOS="818" VPOS="1924" WIDTH="254" HEIGHT="61" CONTENT="pauvre," WC="1.00" CC="0000034"/>
						<SP ID="P55_SP00192" HPOS="1072" VPOS="1985" WIDTH="35"/>
						<String ID="P55_ST00212" HPOS="1107" VPOS="1905" WIDTH="159" HEIGHT="81" CONTENT="petit" WC="0.99" CC="00014"/>
						<SP ID="P55_SP00193" HPOS="1266" VPOS="1986" WIDTH="36"/>
						<String ID="P55_ST00213" HPOS="1302" VPOS="1919" WIDTH="59" HEIGHT="44" CONTENT="et" WC="0.81" CC="03"/>
						<SP ID="P55_SP00194" HPOS="1361" VPOS="1986" WIDTH="36"/>
						<String ID="P55_ST00214" HPOS="1397" VPOS="1926" WIDTH="131" HEIGHT="39" CONTENT="sans" WC="0.99" CC="2000"/>
						<SP ID="P55_SP00195" HPOS="1528" VPOS="1986" WIDTH="34"/>
						<String ID="P55_ST00215" HPOS="1562" VPOS="1907" WIDTH="155" HEIGHT="83" CONTENT="style" WC="0.99" CC="00013"/>
						<SP ID="P55_SP00196" HPOS="1717" VPOS="1990" WIDTH="225"/>
						<String ID="P55_ST00216" HPOS="1942" VPOS="1906" WIDTH="210" HEIGHT="76" CONTENT="Enfin," WC="0.98" CC="517730"/>
						<SP ID="P55_SP00197" HPOS="2152" VPOS="1990" WIDTH="37"/>
						<String ID="P55_ST00217" HPOS="2189" VPOS="1931" WIDTH="154" HEIGHT="40" CONTENT="nous" WC="0.99" CC="0040"/>
						<SP ID="P55_SP00198" HPOS="2343" VPOS="1990" WIDTH="51"/>
						<String ID="P55_ST00218" HPOS="2394" VPOS="1912" WIDTH="56" HEIGHT="59" CONTENT="le" WC="0.79" CC="40"/>
						<SP ID="P55_SP00199" HPOS="2450" VPOS="1990" WIDTH="31"/>
						<String ID="P55_ST00219" HPOS="2481" VPOS="1910" WIDTH="366" HEIGHT="66" CONTENT="formerons." WC="1.00" CC="0030000003"/>
						<SP ID="P55_SP00200" HPOS="2847" VPOS="1990" WIDTH="32"/>
						<String ID="P55_ST00220" HPOS="2879" VPOS="1915" WIDTH="117" HEIGHT="81" CONTENT="J'ai" WC="0.96" CC="0493"/>
						<SP ID="P55_SP00201" HPOS="2996" VPOS="1996" WIDTH="35"/>
						<String ID="P55_ST00221" HPOS="3031" VPOS="1939" WIDTH="82" HEIGHT="37" CONTENT="vu" WC="1.00" CC="00"/>
					</TextLine>
					<TextLine ID="P55_TL00021" HPOS="513" VPOS="1995" WIDTH="2598" HEIGHT="94">
						<String ID="P55_ST00222" HPOS="513" VPOS="1996" WIDTH="300" HEIGHT="82" CONTENT="quelques" WC="0.99" CC="02240501"/>
						<SP ID="P55_SP00202" HPOS="813" VPOS="2078" WIDTH="35"/>
						<String ID="P55_ST00223" HPOS="848" VPOS="1996" WIDTH="244" HEIGHT="59" CONTENT="articles" WC="1.00" CC="00100300"/>
						<SP ID="P55_SP00203" HPOS="1092" VPOS="2078" WIDTH="28"/>
						<String ID="P55_ST00224" HPOS="1120" VPOS="1995" WIDTH="74" HEIGHT="60" CONTENT="de" WC="1.00" CC="00"/>
						<SP ID="P55_SP00204" HPOS="1194" VPOS="2078" WIDTH="34"/>
						<String ID="P55_ST00225" HPOS="1228" VPOS="1998" WIDTH="88" HEIGHT="57" CONTENT="lui" WC="0.98" CC="050"/>
						<SP ID="P55_SP00205" HPOS="1316" VPOS="2078" WIDTH="36"/>
						<String ID="P55_ST00226" HPOS="1352" VPOS="1996" WIDTH="148" HEIGHT="61" CONTENT="dans" WC="0.99" CC="0040"/>
						<SP ID="P55_SP00206" HPOS="1500" VPOS="2078" WIDTH="34"/>
						<String ID="P55_ST00227" HPOS="1534" VPOS="1999" WIDTH="57" HEIGHT="58" CONTENT="la" WC="0.77" CC="04"/>
						<SP ID="P55_SP00207" HPOS="1591" VPOS="2078" WIDTH="28"/>
						<String ID="P55_ST00228" HPOS="1619" VPOS="1999" WIDTH="267" HEIGHT="61" CONTENT="Gazette" WC="1.00" CC="0000420"/>
						<SP ID="P55_SP00208" HPOS="1886" VPOS="2078" WIDTH="35"/>
						<String ID="P55_ST00229" HPOS="1921" VPOS="2001" WIDTH="74" HEIGHT="59" CONTENT="de" WC="1.00" CC="00"/>
						<SP ID="P55_SP00209" HPOS="1995" VPOS="2078" WIDTH="37"/>
						<String ID="P55_ST00230" HPOS="2032" VPOS="2003" WIDTH="307" HEIGHT="81" CONTENT="Leipzick" WC="0.80" CC="50004300"/>
						<SP ID="P55_SP00210" HPOS="2339" VPOS="2084" WIDTH="34"/>
						<String ID="P55_ST00231" HPOS="2373" VPOS="2025" WIDTH="12" HEIGHT="37" CONTENT=":" WC="0.29" CC="7"/>
						<SP ID="P55_SP00211" HPOS="2385" VPOS="2084" WIDTH="42"/>
						<String ID="P55_ST00232" HPOS="2427" VPOS="2027" WIDTH="104" HEIGHT="59" CONTENT="pas" WC="1.00" CC="000"/>
						<SP ID="P55_SP00212" HPOS="2531" VPOS="2086" WIDTH="28"/>
						<String ID="P55_ST00233" HPOS="2559" VPOS="2006" WIDTH="143" HEIGHT="73" CONTENT="mal," WC="0.99" CC="0210"/>
						<SP ID="P55_SP00213" HPOS="2702" VPOS="2086" WIDTH="37"/>
						<String ID="P55_ST00234" HPOS="2739" VPOS="2029" WIDTH="106" HEIGHT="60" CONTENT="pas" WC="1.00" CC="000"/>
						<SP ID="P55_SP00214" HPOS="2845" VPOS="2089" WIDTH="34"/>
						<String ID="P55_ST00235" HPOS="2879" VPOS="2009" WIDTH="123" HEIGHT="58" CONTENT="mal" WC="1.00" CC="000"/>
						<SP ID="P55_SP00215" HPOS="3002" VPOS="2089" WIDTH="28"/>
						<String ID="P55_ST00236" HPOS="3030" VPOS="2009" WIDTH="81" HEIGHT="60" CONTENT="du" WC="1.00" CC="00"/>
					</TextLine>
					<TextLine ID="P55_TL00022" HPOS="513" VPOS="2089" WIDTH="2597" HEIGHT="93">
						<String ID="P55_ST00237" HPOS="513" VPOS="2103" WIDTH="156" HEIGHT="44" CONTENT="tout." WC="0.98" CC="20604"/>
						<SP ID="P55_SP00216" HPOS="669" VPOS="2147" WIDTH="41"/>
						<String ID="P55_ST00238" HPOS="710" VPOS="2089" WIDTH="175" HEIGHT="58" CONTENT="Vous" WC="0.97" CC="7340"/>
						<SP ID="P55_SP00217" HPOS="885" VPOS="2147" WIDTH="56"/>
						<String ID="P55_ST00239" HPOS="941" VPOS="2089" WIDTH="291" HEIGHT="81" CONTENT="pourriez" WC="0.99" CC="03400302"/>
						<SP ID="P55_SP00218" HPOS="1232" VPOS="2170" WIDTH="57"/>
						<String ID="P55_ST00240" HPOS="1289" VPOS="2090" WIDTH="366" HEIGHT="84" CONTENT="l'employer" WC="1.00" CC="0000000000"/>
						<SP ID="P55_SP00219" HPOS="1655" VPOS="2174" WIDTH="57"/>
						<String ID="P55_ST00241" HPOS="1712" VPOS="2114" WIDTH="160" HEIGHT="61" CONTENT="pour" WC="0.99" CC="0150"/>
						<SP ID="P55_SP00220" HPOS="1872" VPOS="2175" WIDTH="52"/>
						<String ID="P55_ST00242" HPOS="1924" VPOS="2109" WIDTH="176" HEIGHT="45" CONTENT="votre" WC="0.98" CC="02650"/>
						<SP ID="P55_SP00221" HPOS="2100" VPOS="2175" WIDTH="49"/>
						<String ID="P55_ST00243" HPOS="2149" VPOS="2097" WIDTH="250" HEIGHT="78" CONTENT="journal" WC="0.99" CC="1001802"/>
						<SP ID="P55_SP00222" HPOS="2399" VPOS="2175" WIDTH="35"/>
						<String ID="P55_ST00244" HPOS="2434" VPOS="2097" WIDTH="75" HEIGHT="59" CONTENT="de" WC="1.00" CC="00"/>
						<SP ID="P55_SP00223" HPOS="2509" VPOS="2175" WIDTH="61"/>
						<String ID="P55_ST00245" HPOS="2570" VPOS="2099" WIDTH="322" HEIGHT="83" CONTENT="Musique." WC="1.00" CC="00000004"/>
						<SP ID="P55_SP00224" HPOS="2892" VPOS="2182" WIDTH="41"/>
						<String ID="P55_ST00246" HPOS="2933" VPOS="2102" WIDTH="177" HEIGHT="59" CONTENT="Ainsi" WC="0.99" CC="00212"/>
					</TextLine>
					<TextLine ID="P55_TL00023" HPOS="513" VPOS="2179" WIDTH="2598" HEIGHT="90">
						<String ID="P55_ST00247" HPOS="513" VPOS="2179" WIDTH="368" HEIGHT="74" CONTENT="Blanchard," WC="0.99" CC="0005057002"/>
						<SP ID="P55_SP00225" HPOS="881" VPOS="2253" WIDTH="37"/>
						<String ID="P55_ST00248" HPOS="918" VPOS="2201" WIDTH="69" HEIGHT="38" CONTENT="ce" WC="0.93" CC="10"/>
						<SP ID="P55_SP00226" HPOS="987" VPOS="2253" WIDTH="55"/>
						<String ID="P55_ST00249" HPOS="1042" VPOS="2179" WIDTH="345" HEIGHT="75" CONTENT="misérable," WC="0.99" CC="0707004000"/>
						<SP ID="P55_SP00227" HPOS="1387" VPOS="2254" WIDTH="35"/>
						<String ID="P55_ST00250" HPOS="1422" VPOS="2183" WIDTH="170" HEIGHT="60" CONTENT="vient" WC="0.99" CC="02014"/>
						<SP ID="P55_SP00228" HPOS="1592" VPOS="2254" WIDTH="55"/>
						<String ID="P55_ST00251" HPOS="1647" VPOS="2183" WIDTH="75" HEIGHT="60" CONTENT="de" WC="1.00" CC="00"/>
						<SP ID="P55_SP00229" HPOS="1722" VPOS="2254" WIDTH="35"/>
						<String ID="P55_ST00252" HPOS="1757" VPOS="2187" WIDTH="304" HEIGHT="82" CONTENT="critiquer" WC="0.99" CC="054500620"/>
						<SP ID="P55_SP00230" HPOS="2061" VPOS="2269" WIDTH="34"/>
						<String ID="P55_ST00253" HPOS="2095" VPOS="2210" WIDTH="101" HEIGHT="36" CONTENT="ma" WC="1.00" CC="00"/>
						<SP ID="P55_SP00231" HPOS="2196" VPOS="2269" WIDTH="55"/>
						<String ID="P55_ST00254" HPOS="2251" VPOS="2189" WIDTH="300" HEIGHT="61" CONTENT="Polonaise" WC="0.99" CC="841440052" STYLEREFS="TXT_3"/>
						<SP ID="P55_SP00232" HPOS="2551" VPOS="2269" WIDTH="57"/>
						<String ID="P55_ST00255" HPOS="2608" VPOS="2213" WIDTH="65" HEIGHT="37" CONTENT="en" WC="0.96" CC="00" STYLEREFS="TXT_3"/>
						<SP ID="P55_SP00233" HPOS="2673" VPOS="2269" WIDTH="33"/>
						<String ID="P55_ST00256" HPOS="2706" VPOS="2192" WIDTH="117" HEIGHT="61" CONTENT="Mi." WC="0.97" CC="035" STYLEREFS="TXT_3"/>
						<SP ID="P55_SP00234" HPOS="2823" VPOS="2269" WIDTH="43"/>
						<String ID="P55_ST00257" HPOS="2866" VPOS="2193" WIDTH="179" HEIGHT="61" CONTENT="Dites" WC="0.99" CC="23500"/>
						<SP ID="P55_SP00235" HPOS="3045" VPOS="2269" WIDTH="35"/>
						<String ID="P55_ST00258" HPOS="3080" VPOS="2193" WIDTH="31" HEIGHT="61" CONTENT="à" WC="0.41" CC="5"/>
					</TextLine>
					<TextLine ID="P55_TL00024" HPOS="513" VPOS="2269" WIDTH="2593" HEIGHT="97">
						<String ID="P55_ST00259" HPOS="513" VPOS="2271" WIDTH="274" HEIGHT="82" CONTENT="Stephen" WC="0.84" CC="0030600"/>
						<SP ID="P55_SP00236" HPOS="787" VPOS="2353" WIDTH="37"/>
						<String ID="P55_ST00260" HPOS="824" VPOS="2271" WIDTH="74" HEIGHT="59" CONTENT="de" WC="1.00" CC="00"/>
						<SP ID="P55_SP00237" HPOS="898" VPOS="2353" WIDTH="56"/>
						<String ID="P55_ST00261" HPOS="954" VPOS="2269" WIDTH="153" HEIGHT="61" CONTENT="faire" WC="0.99" CC="50101"/>
						<SP ID="P55_SP00238" HPOS="1107" VPOS="2353" WIDTH="37"/>
						<String ID="P55_ST00262" HPOS="1144" VPOS="2295" WIDTH="80" HEIGHT="35" CONTENT="un" WC="0.57" CC="25"/>
						<SP ID="P55_SP00239" HPOS="1224" VPOS="2353" WIDTH="39"/>
						<String ID="P55_ST00263" HPOS="1263" VPOS="2274" WIDTH="226" HEIGHT="59" CONTENT="nouvel" WC="1.00" CC="000003"/>
						<SP ID="P55_SP00240" HPOS="1489" VPOS="2353" WIDTH="35"/>
						<String ID="P55_ST00264" HPOS="1524" VPOS="2277" WIDTH="213" HEIGHT="58" CONTENT="article" WC="1.00" CC="0040002"/>
						<SP ID="P55_SP00241" HPOS="1737" VPOS="2353" WIDTH="36"/>
						<String ID="P55_ST00265" HPOS="1773" VPOS="2299" WIDTH="101" HEIGHT="38" CONTENT="sur" WC="0.97" CC="033"/>
						<SP ID="P55_SP00242" HPOS="1874" VPOS="2353" WIDTH="55"/>
						<String ID="P55_ST00266" HPOS="1929" VPOS="2300" WIDTH="100" HEIGHT="38" CONTENT="ma" WC="1.00" CC="00"/>
						<SP ID="P55_SP00243" HPOS="2029" VPOS="2353" WIDTH="64"/>
						<String ID="P55_ST00267" HPOS="2093" VPOS="2281" WIDTH="340" HEIGHT="59" CONTENT="Polonaise." WC="1.00" CC="0050005003"/>
						<SP ID="P55_SP00244" HPOS="2433" VPOS="2353" WIDTH="43"/>
						<String ID="P55_ST00268" HPOS="2476" VPOS="2282" WIDTH="51" HEIGHT="60" CONTENT="Il" WC="0.80" CC="04"/>
						<SP ID="P55_SP00245" HPOS="2527" VPOS="2353" WIDTH="37"/>
						<String ID="P55_ST00269" HPOS="2564" VPOS="2299" WIDTH="86" HEIGHT="44" CONTENT="est" WC="1.00" CC="000"/>
						<SP ID="P55_SP00246" HPOS="2650" VPOS="2353" WIDTH="37"/>
						<String ID="P55_ST00270" HPOS="2687" VPOS="2282" WIDTH="249" HEIGHT="84" CONTENT="capable" WC="0.99" CC="0000505"/>
						<SP ID="P55_SP00247" HPOS="2936" VPOS="2366" WIDTH="37"/>
						<String ID="P55_ST00271" HPOS="2973" VPOS="2285" WIDTH="133" HEIGHT="61" CONTENT="d'en" WC="0.98" CC="0134"/>
					</TextLine>
					<TextLine ID="P55_TL00025" HPOS="513" VPOS="2362" WIDTH="1152" HEIGHT="85">
						<String ID="P55_ST00272" HPOS="513" VPOS="2362" WIDTH="410" HEIGHT="84" CONTENT="comprendre" WC="1.00" CC="0300005000"/>
						<SP ID="P55_SP00248" HPOS="923" VPOS="2446" WIDTH="37"/>
						<String ID="P55_ST00273" HPOS="960" VPOS="2379" WIDTH="203" HEIGHT="44" CONTENT="toutes" WC="0.98" CC="405203"/>
						<SP ID="P55_SP00249" HPOS="1163" VPOS="2446" WIDTH="33"/>
						<String ID="P55_ST00274" HPOS="1196" VPOS="2365" WIDTH="84" HEIGHT="59" CONTENT="les" WC="0.98" CC="040"/>
						<SP ID="P55_SP00250" HPOS="1280" VPOS="2446" WIDTH="36"/>
						<String ID="P55_ST00275" HPOS="1316" VPOS="2365" WIDTH="283" HEIGHT="82" CONTENT="qualités." WC="0.99" CC="050044603"/>
						<SP ID="P55_SP00251" HPOS="1599" VPOS="2447" WIDTH="33"/>
						<String ID="P55_ST00276" HPOS="1632" VPOS="2367" WIDTH="33" HEIGHT="20" CONTENT='"' WC="0.33" CC="6"/>
					</TextLine>
					<TextLine ID="P55_TL00026" HPOS="697" VPOS="2455" WIDTH="2412" HEIGHT="91">
						<String ID="P55_ST00277" HPOS="697" VPOS="2456" WIDTH="99" HEIGHT="58" CONTENT="M." WC="0.81" CC="03"/>
						<SP ID="P55_SP00252" HPOS="796" VPOS="2514" WIDTH="43"/>
						<String ID="P55_ST00278" HPOS="839" VPOS="2455" WIDTH="389" HEIGHT="82" CONTENT="Schlesinger" WC="0.78" CC="00734002060"/>
						<SP ID="P55_SP00253" HPOS="1228" VPOS="2537" WIDTH="52"/>
						<String ID="P55_ST00279" HPOS="1280" VPOS="2457" WIDTH="88" HEIGHT="59" CONTENT="lui" WC="1.00" CC="000"/>
						<SP ID="P55_SP00254" HPOS="1368" VPOS="2537" WIDTH="36"/>
						<String ID="P55_ST00280" HPOS="1404" VPOS="2456" WIDTH="291" HEIGHT="84" CONTENT="répondit" WC="0.99" CC="46030032"/>
						<SP ID="P55_SP00255" HPOS="1695" VPOS="2540" WIDTH="38"/>
						<String ID="P55_ST00281" HPOS="1733" VPOS="2483" WIDTH="12" HEIGHT="38" CONTENT=":" WC="0.91" CC="0"/>
						<SP ID="P55_SP00256" HPOS="1745" VPOS="2540" WIDTH="66"/>
						<String ID="P55_ST00282" HPOS="1811" VPOS="2469" WIDTH="34" HEIGHT="24" CONTENT='"' WC="1.00" CC="0"/>
						<SP ID="P55_SP00257" HPOS="1845" VPOS="2540" WIDTH="27"/>
						<String ID="P55_ST00283" HPOS="1872" VPOS="2462" WIDTH="176" HEIGHT="60" CONTENT="Avec" WC="1.00" CC="0000"/>
						<SP ID="P55_SP00258" HPOS="2048" VPOS="2540" WIDTH="37"/>
						<String ID="P55_ST00284" HPOS="2085" VPOS="2465" WIDTH="230" HEIGHT="81" CONTENT="plaisir," WC="1.00" CC="01000700"/>
						<SP ID="P55_SP00259" HPOS="2315" VPOS="2546" WIDTH="37"/>
						<String ID="P55_ST00285" HPOS="2352" VPOS="2465" WIDTH="150" HEIGHT="60" CONTENT="cher" WC="0.99" CC="0500"/>
						<SP ID="P55_SP00260" HPOS="2502" VPOS="2546" WIDTH="50"/>
						<String ID="P55_ST00286" HPOS="2552" VPOS="2467" WIDTH="352" HEIGHT="74" CONTENT="Monsieur," WC="0.99" CC="030020523"/>
						<SP ID="P55_SP00261" HPOS="2904" VPOS="2546" WIDTH="51"/>
						<String ID="P55_ST00287" HPOS="2955" VPOS="2471" WIDTH="154" HEIGHT="59" CONTENT="mais" WC="0.98" CC="0600"/>
					</TextLine>
					<TextLine ID="P55_TL00027" HPOS="500" VPOS="2546" WIDTH="2609" HEIGHT="98">
						<String ID="P55_ST00288" HPOS="500" VPOS="2546" WIDTH="65" HEIGHT="81" CONTENT="je" WC="0.84" CC="30"/>
						<SP ID="P55_SP00262" HPOS="565" VPOS="2627" WIDTH="34"/>
						<String ID="P55_ST00289" HPOS="599" VPOS="2568" WIDTH="153" HEIGHT="38" CONTENT="vous" WC="0.99" CC="0020"/>
						<SP ID="P55_SP00263" HPOS="752" VPOS="2627" WIDTH="33"/>
						<String ID="P55_ST00290" HPOS="785" VPOS="2547" WIDTH="134" HEIGHT="82" CONTENT="prie" WC="1.00" CC="0000"/>
						<SP ID="P55_SP00264" HPOS="919" VPOS="2629" WIDTH="36"/>
						<String ID="P55_ST00291" HPOS="955" VPOS="2547" WIDTH="73" HEIGHT="59" CONTENT="de" WC="1.00" CC="00"/>
						<SP ID="P55_SP00265" HPOS="1028" VPOS="2629" WIDTH="36"/>
						<String ID="P55_ST00292" HPOS="1064" VPOS="2569" WIDTH="75" HEIGHT="37" CONTENT="ne" WC="0.49" CC="63"/>
						<SP ID="P55_SP00266" HPOS="1139" VPOS="2629" WIDTH="37"/>
						<String ID="P55_ST00293" HPOS="1176" VPOS="2569" WIDTH="105" HEIGHT="61" CONTENT="pas" WC="1.00" CC="000"/>
						<SP ID="P55_SP00267" HPOS="1281" VPOS="2630" WIDTH="37"/>
						<String ID="P55_ST00294" HPOS="1318" VPOS="2564" WIDTH="138" HEIGHT="69" CONTENT="trop" WC="0.98" CC="4410"/>
						<SP ID="P55_SP00268" HPOS="1456" VPOS="2633" WIDTH="36"/>
						<String ID="P55_ST00295" HPOS="1492" VPOS="2572" WIDTH="102" HEIGHT="38" CONTENT="me" WC="1.00" CC="00"/>
						<SP ID="P55_SP00269" HPOS="1594" VPOS="2633" WIDTH="35"/>
						<String ID="P55_ST00296" HPOS="1629" VPOS="2573" WIDTH="233" HEIGHT="61" CONTENT="presser" WC="1.00" CC="0400000"/>
						<SP ID="P55_SP00270" HPOS="1862" VPOS="2634" WIDTH="35"/>
						<String ID="P55_ST00297" HPOS="1897" VPOS="2575" WIDTH="100" HEIGHT="38" CONTENT="sur" WC="0.98" CC="030"/>
						<SP ID="P55_SP00271" HPOS="1997" VPOS="2634" WIDTH="35"/>
						<String ID="P55_ST00298" HPOS="2032" VPOS="2554" WIDTH="261" HEIGHT="84" CONTENT="l'argent" WC="1.00" CC="00000003"/>
						<SP ID="P55_SP00272" HPOS="2293" VPOS="2638" WIDTH="39"/>
						<String ID="P55_ST00299" HPOS="2332" VPOS="2579" WIDTH="120" HEIGHT="61" CONTENT="que" WC="1.00" CC="000"/>
						<SP ID="P55_SP00273" HPOS="2452" VPOS="2640" WIDTH="26"/>
						<String ID="P55_ST00300" HPOS="2478" VPOS="2559" WIDTH="63" HEIGHT="81" CONTENT="je" WC="0.80" CC="40"/>
						<SP ID="P55_SP00274" HPOS="2541" VPOS="2640" WIDTH="34"/>
						<String ID="P55_ST00301" HPOS="2575" VPOS="2580" WIDTH="151" HEIGHT="40" CONTENT="vous" WC="1.00" CC="0010"/>
						<SP ID="P55_SP00275" HPOS="2726" VPOS="2640" WIDTH="35"/>
						<String ID="P55_ST00302" HPOS="2761" VPOS="2560" WIDTH="132" HEIGHT="61" CONTENT="dois" WC="0.99" CC="0500"/>
						<SP ID="P55_SP00276" HPOS="2893" VPOS="2640" WIDTH="56"/>
						<String ID="P55_ST00303" HPOS="2949" VPOS="2583" WIDTH="160" HEIGHT="61" CONTENT="pour" WC="1.00" CC="0000"/>
					</TextLine>
					<TextLine ID="P55_TL00028" HPOS="508" VPOS="2636" WIDTH="2598" HEIGHT="101">
						<String ID="P55_ST00304" HPOS="508" VPOS="2654" WIDTH="175" HEIGHT="45" CONTENT="votre" WC="0.99" CC="03302"/>
						<SP ID="P55_SP00277" HPOS="683" VPOS="2699" WIDTH="36"/>
						<String ID="P55_ST00305" HPOS="719" VPOS="2636" WIDTH="282" HEIGHT="64" CONTENT="fantaisie" WC="1.00" CC="000000020"/>
						<SP ID="P55_SP00278" HPOS="1001" VPOS="2700" WIDTH="36"/>
						<String ID="P55_ST00306" HPOS="1037" VPOS="2640" WIDTH="284" HEIGHT="60" CONTENT="brillante" WC="0.99" CC="411409130"/>
						<SP ID="P55_SP00279" HPOS="1321" VPOS="2700" WIDTH="36"/>
						<String ID="P55_ST00307" HPOS="1357" VPOS="2664" WIDTH="101" HEIGHT="60" CONTENT="op." WC="0.99" CC="003"/>
						<SP ID="P55_SP00280" HPOS="1458" VPOS="2724" WIDTH="44"/>
						<String ID="P55_ST00308" HPOS="1502" VPOS="2643" WIDTH="80" HEIGHT="59" CONTENT="86" WC="0.73" CC="50"/>
						<SP ID="P55_SP00281" HPOS="1582" VPOS="2724" WIDTH="37"/>
						<String ID="P55_ST00309" HPOS="1619" VPOS="2666" WIDTH="102" HEIGHT="38" CONTENT="sur" WC="1.00" CC="000"/>
						<SP ID="P55_SP00282" HPOS="1721" VPOS="2724" WIDTH="39"/>
						<String ID="P55_ST00310" HPOS="1760" VPOS="2645" WIDTH="185" HEIGHT="62" CONTENT="Guido" WC="0.87" CC="00015" STYLEREFS="TXT_3"/>
						<SP ID="P55_SP00283" HPOS="1945" VPOS="2724" WIDTH="32"/>
						<String ID="P55_ST00311" HPOS="1977" VPOS="2660" WIDTH="54" HEIGHT="46" CONTENT="et" WC="0.94" CC="01" STYLEREFS="TXT_3"/>
						<SP ID="P55_SP00284" HPOS="2031" VPOS="2724" WIDTH="39"/>
						<String ID="P55_ST00312" HPOS="2070" VPOS="2648" WIDTH="278" HEIGHT="62" CONTENT="Ginevra." WC="0.71" CC="00008337" STYLEREFS="TXT_3"/>
						<SP ID="P55_SP00285" HPOS="2348" VPOS="2724" WIDTH="53"/>
						<String ID="P55_ST00313" HPOS="2401" VPOS="2652" WIDTH="75" HEIGHT="80" CONTENT="Je" WC="0.79" CC="04"/>
						<SP ID="P55_SP00286" HPOS="2476" VPOS="2732" WIDTH="36"/>
						<String ID="P55_ST00314" HPOS="2512" VPOS="2653" WIDTH="122" HEIGHT="58" CONTENT="n'ai" WC="0.98" CC="7002"/>
						<SP ID="P55_SP00287" HPOS="2634" VPOS="2732" WIDTH="37"/>
						<String ID="P55_ST00315" HPOS="2671" VPOS="2674" WIDTH="102" HEIGHT="60" CONTENT="pas" WC="1.00" CC="000"/>
						<SP ID="P55_SP00288" HPOS="2773" VPOS="2734" WIDTH="36"/>
						<String ID="P55_ST00316" HPOS="2809" VPOS="2653" WIDTH="297" HEIGHT="84" CONTENT="d'argent," WC="0.99" CC="010604444"/>
					</TextLine>
					<TextLine ID="P55_TL00029" HPOS="509" VPOS="2729" WIDTH="2597" HEIGHT="99">
						<String ID="P55_ST00317" HPOS="509" VPOS="2729" WIDTH="89" HEIGHT="61" CONTENT="foi" WC="1.00" CC="000"/>
						<SP ID="P55_SP00289" HPOS="598" VPOS="2790" WIDTH="36"/>
						<String ID="P55_ST00318" HPOS="634" VPOS="2730" WIDTH="337" HEIGHT="61" CONTENT="d'honnête" WC="1.00" CC="006000043"/>
						<SP ID="P55_SP00290" HPOS="971" VPOS="2791" WIDTH="57"/>
						<String ID="P55_ST00319" HPOS="1028" VPOS="2730" WIDTH="282" HEIGHT="77" CONTENT="homme," WC="1.00" CC="600000"/>
						<SP ID="P55_SP00291" HPOS="1310" VPOS="2807" WIDTH="60"/>
						<String ID="P55_ST00320" HPOS="1370" VPOS="2735" WIDTH="154" HEIGHT="60" CONTENT="mais" WC="0.99" CC="0040"/>
						<SP ID="P55_SP00292" HPOS="1524" VPOS="2807" WIDTH="33"/>
						<String ID="P55_ST00321" HPOS="1557" VPOS="2757" WIDTH="153" HEIGHT="39" CONTENT="vous" WC="0.99" CC="0040"/>
						<SP ID="P55_SP00293" HPOS="1710" VPOS="2807" WIDTH="58"/>
						<String ID="P55_ST00322" HPOS="1768" VPOS="2760" WIDTH="183" HEIGHT="39" CONTENT="aurez" WC="1.00" CC="00001"/>
						<SP ID="P55_SP00294" HPOS="1951" VPOS="2807" WIDTH="58"/>
						<String ID="P55_ST00323" HPOS="2009" VPOS="2740" WIDTH="256" HEIGHT="61" CONTENT="l'article" WC="0.99" CC="009353020"/>
						<SP ID="P55_SP00295" HPOS="2265" VPOS="2807" WIDTH="58"/>
						<String ID="P55_ST00324" HPOS="2323" VPOS="2742" WIDTH="325" HEIGHT="76" CONTENT="demandé," WC="1.00" CC="00000070"/>
						<SP ID="P55_SP00296" HPOS="2648" VPOS="2818" WIDTH="37"/>
						<String ID="P55_ST00325" HPOS="2685" VPOS="2744" WIDTH="142" HEIGHT="61" CONTENT="d'ici" WC="1.00" CC="00200"/>
						<SP ID="P55_SP00297" HPOS="2827" VPOS="2818" WIDTH="53"/>
						<String ID="P55_ST00326" HPOS="2880" VPOS="2747" WIDTH="226" HEIGHT="81" CONTENT="quinze" WC="0.99" CC="000025"/>
					</TextLine>
					<TextLine ID="P55_TL00030" HPOS="500" VPOS="2822" WIDTH="1209" HEIGHT="82">
						<String ID="P55_ST00327" HPOS="500" VPOS="2823" WIDTH="174" HEIGHT="81" CONTENT="jours" WC="0.99" CC="42200"/>
						<SP ID="P55_SP00298" HPOS="674" VPOS="2904" WIDTH="34"/>
						<String ID="P55_ST00328" HPOS="708" VPOS="2822" WIDTH="146" HEIGHT="61" CONTENT="dans" WC="1.00" CC="0000"/>
						<SP ID="P55_SP00299" HPOS="854" VPOS="2904" WIDTH="36"/>
						<String ID="P55_ST00329" HPOS="890" VPOS="2845" WIDTH="102" HEIGHT="36" CONTENT="ma" WC="1.00" CC="00"/>
						<SP ID="P55_SP00300" HPOS="992" VPOS="2904" WIDTH="35"/>
						<String ID="P55_ST00330" HPOS="1027" VPOS="2824" WIDTH="266" HEIGHT="60" CONTENT="Gazette" WC="1.00" CC="0003000"/>
						<SP ID="P55_SP00301" HPOS="1293" VPOS="2904" WIDTH="36"/>
						<String ID="P55_ST00331" HPOS="1329" VPOS="2827" WIDTH="315" HEIGHT="61" CONTENT="musicale." WC="0.99" CC="000208403"/>
						<SP ID="P55_SP00302" HPOS="1644" VPOS="2904" WIDTH="33"/>
						<String ID="P55_ST00332" HPOS="1677" VPOS="2828" WIDTH="32" HEIGHT="20" CONTENT='"' WC="1.00" CC="0"/>
					</TextLine>
					<TextLine ID="P55_TL00031" HPOS="811" VPOS="2914" WIDTH="2295" HEIGHT="96">
						<String ID="P55_ST00333" HPOS="811" VPOS="2922" WIDTH="38" HEIGHT="23" CONTENT='"' WC="0.86" CC="1"/>
						<SP ID="P55_SP00303" HPOS="849" VPOS="2945" WIDTH="31"/>
						<String ID="P55_ST00334" HPOS="880" VPOS="2916" WIDTH="173" HEIGHT="58" CONTENT="Vous" WC="0.97" CC="6040"/>
						<SP ID="P55_SP00304" HPOS="1053" VPOS="2974" WIDTH="34"/>
						<String ID="P55_ST00335" HPOS="1087" VPOS="2916" WIDTH="126" HEIGHT="59" CONTENT="êtes" WC="0.98" CC="1500"/>
						<SP ID="P55_SP00305" HPOS="1213" VPOS="2975" WIDTH="36"/>
						<String ID="P55_ST00336" HPOS="1249" VPOS="2939" WIDTH="82" HEIGHT="36" CONTENT="un" WC="0.90" CC="01"/>
						<SP ID="P55_SP00306" HPOS="1331" VPOS="2975" WIDTH="34"/>
						<String ID="P55_ST00337" HPOS="1365" VPOS="2914" WIDTH="262" HEIGHT="78" CONTENT="farceur," WC="0.99" CC="50140000"/>
						<SP ID="P55_SP00307" HPOS="1627" VPOS="2992" WIDTH="39"/>
						<String ID="P55_ST00338" HPOS="1666" VPOS="2942" WIDTH="147" HEIGHT="37" CONTENT="mon" WC="0.98" CC="004"/>
						<SP ID="P55_SP00308" HPOS="1813" VPOS="2992" WIDTH="38"/>
						<String ID="P55_ST00339" HPOS="1851" VPOS="2921" WIDTH="148" HEIGHT="61" CONTENT="cher" WC="0.99" CC="0600"/>
						<SP ID="P55_SP00309" HPOS="1999" VPOS="2992" WIDTH="37"/>
						<String ID="P55_ST00340" HPOS="2036" VPOS="2925" WIDTH="313" HEIGHT="73" CONTENT="Maurice," WC="0.99" CC="00721440"/>
						<SP ID="P55_SP00310" HPOS="2349" VPOS="2998" WIDTH="41"/>
						<String ID="P55_ST00341" HPOS="2390" VPOS="2928" WIDTH="189" HEIGHT="82" CONTENT="reprit" WC="0.98" CC="540032"/>
						<SP ID="P55_SP00311" HPOS="2579" VPOS="3010" WIDTH="40"/>
						<String ID="P55_ST00342" HPOS="2619" VPOS="2928" WIDTH="99" HEIGHT="60" CONTENT="M." WC="0.81" CC="03"/>
						<SP ID="P55_SP00312" HPOS="2718" VPOS="3010" WIDTH="40"/>
						<String ID="P55_ST00343" HPOS="2758" VPOS="2928" WIDTH="310" HEIGHT="60" CONTENT="Kalkbren" SUBS_TYPE="HypPart1" SUBS_CONTENT="Kalkbrenner," WC="0.94" CC="00004000"/>
						<HYP HPOS="3068" VPOS="2928" WIDTH="38" CONTENT="-"/>
					</TextLine>
					<TextLine ID="P55_TL00032" HPOS="510" VPOS="3006" WIDTH="2596" HEIGHT="95">
						<String ID="P55_ST00344" HPOS="510" VPOS="3029" WIDTH="130" HEIGHT="51" CONTENT="ner," SUBS_TYPE="HypPart2" SUBS_CONTENT="Kalkbrenner," WC="0.88" CC="0013"/>
						<SP ID="P55_SP00313" HPOS="640" VPOS="3080" WIDTH="44"/>
						<String ID="P55_ST00345" HPOS="684" VPOS="3006" WIDTH="65" HEIGHT="81" CONTENT="je" WC="0.84" CC="20"/>
						<SP ID="P55_SP00314" HPOS="749" VPOS="3087" WIDTH="34"/>
						<String ID="P55_ST00346" HPOS="783" VPOS="3028" WIDTH="154" HEIGHT="38" CONTENT="vous" WC="0.97" CC="0056"/>
						<SP ID="P55_SP00315" HPOS="937" VPOS="3087" WIDTH="36"/>
						<String ID="P55_ST00347" HPOS="973" VPOS="3010" WIDTH="269" HEIGHT="58" CONTENT="connais." WC="0.99" CC="00030242"/>
						<SP ID="P55_SP00316" HPOS="1242" VPOS="3087" WIDTH="60"/>
						<String ID="P55_ST00348" HPOS="1302" VPOS="3010" WIDTH="203" HEIGHT="59" CONTENT="Faites" WC="0.99" CC="402200"/>
						<SP ID="P55_SP00317" HPOS="1505" VPOS="3087" WIDTH="33"/>
						<String ID="P55_ST00349" HPOS="1538" VPOS="3034" WIDTH="203" HEIGHT="60" CONTENT="passer" WC="1.00" CC="000000"/>
						<SP ID="P55_SP00318" HPOS="1741" VPOS="3094" WIDTH="33"/>
						<String ID="P55_ST00350" HPOS="1774" VPOS="3015" WIDTH="259" HEIGHT="59" CONTENT="l'article" WC="0.99" CC="430404051"/>
						<SP ID="P55_SP00319" HPOS="2033" VPOS="3094" WIDTH="37"/>
						<String ID="P55_ST00351" HPOS="2070" VPOS="3017" WIDTH="74" HEIGHT="59" CONTENT="de" WC="0.93" CC="01"/>
						<SP ID="P55_SP00320" HPOS="2144" VPOS="3094" WIDTH="39"/>
						<String ID="P55_ST00352" HPOS="2183" VPOS="3019" WIDTH="272" HEIGHT="82" CONTENT="Stephen" WC="0.74" CC="0000663"/>
						<SP ID="P55_SP00321" HPOS="2455" VPOS="3101" WIDTH="56"/>
						<String ID="P55_ST00353" HPOS="2511" VPOS="3041" WIDTH="100" HEIGHT="39" CONTENT="sur" WC="1.00" CC="000"/>
						<SP ID="P55_SP00322" HPOS="2611" VPOS="3101" WIDTH="33"/>
						<String ID="P55_ST00354" HPOS="2644" VPOS="3043" WIDTH="102" HEIGHT="38" CONTENT="ma" WC="0.85" CC="02"/>
						<SP ID="P55_SP00323" HPOS="2746" VPOS="3101" WIDTH="36"/>
						<String ID="P55_ST00355" HPOS="2782" VPOS="3022" WIDTH="324" HEIGHT="59" CONTENT="Polonaise" WC="0.99" CC="607300300"/>
					</TextLine>
					<TextLine ID="P55_TL00033" HPOS="510" VPOS="3095" WIDTH="1921" HEIGHT="89">
						<String ID="P55_ST00356" HPOS="510" VPOS="3114" WIDTH="61" HEIGHT="43" CONTENT="et" WC="0.86" CC="02"/>
						<SP ID="P55_SP00324" HPOS="571" VPOS="3157" WIDTH="36"/>
						<String ID="P55_ST00357" HPOS="607" VPOS="3095" WIDTH="239" HEIGHT="63" CONTENT="confiez" WC="0.99" CC="0156700"/>
						<SP ID="P55_SP00325" HPOS="846" VPOS="3158" WIDTH="34"/>
						<String ID="P55_ST00358" HPOS="880" VPOS="3100" WIDTH="82" HEIGHT="57" CONTENT="lui" WC="0.94" CC="473"/>
						<SP ID="P55_SP00326" HPOS="962" VPOS="3158" WIDTH="41"/>
						<String ID="P55_ST00359" HPOS="1003" VPOS="3121" WIDTH="222" HEIGHT="39" CONTENT="encore" WC="0.99" CC="060600"/>
						<SP ID="P55_SP00327" HPOS="1225" VPOS="3160" WIDTH="36"/>
						<String ID="P55_ST00360" HPOS="1261" VPOS="3102" WIDTH="298" HEIGHT="82" CONTENT="quelques" WC="1.00" CC="06010020"/>
						<SP ID="P55_SP00328" HPOS="1559" VPOS="3184" WIDTH="36"/>
						<String ID="P55_ST00361" HPOS="1595" VPOS="3119" WIDTH="199" HEIGHT="46" CONTENT="autres" WC="0.99" CC="242000"/>
						<SP ID="P55_SP00329" HPOS="1794" VPOS="3184" WIDTH="36"/>
						<String ID="P55_ST00362" HPOS="1830" VPOS="3129" WIDTH="239" HEIGHT="38" CONTENT="œuvres" WC="0.99" CC="050400"/>
						<SP ID="P55_SP00330" HPOS="2069" VPOS="3184" WIDTH="35"/>
						<String ID="P55_ST00363" HPOS="2104" VPOS="3109" WIDTH="74" HEIGHT="59" CONTENT="de" WC="1.00" CC="00"/>
						<SP ID="P55_SP00331" HPOS="2178" VPOS="3184" WIDTH="37"/>
						<String ID="P55_ST00364" HPOS="2215" VPOS="3113" WIDTH="150" HEIGHT="58" CONTENT="moi." WC="0.99" CC="0004"/>
						<SP ID="P55_SP00332" HPOS="2365" VPOS="3184" WIDTH="33"/>
						<String ID="P55_ST00365" HPOS="2398" VPOS="3111" WIDTH="33" HEIGHT="23" CONTENT='"' WC="0.51" CC="4"/>
					</TextLine>
					<TextLine ID="P55_TL00034" HPOS="813" VPOS="3191" WIDTH="2292" HEIGHT="94">
						<String ID="P55_ST00366" HPOS="813" VPOS="3199" WIDTH="35" HEIGHT="23" CONTENT='"' WC="0.53" CC="4"/>
						<SP ID="P55_SP00333" HPOS="848" VPOS="3222" WIDTH="34"/>
						<String ID="P55_ST00367" HPOS="882" VPOS="3193" WIDTH="163" HEIGHT="57" CONTENT="Mon" WC="0.97" CC="007"/>
						<SP ID="P55_SP00334" HPOS="1045" VPOS="3250" WIDTH="39"/>
						<String ID="P55_ST00368" HPOS="1084" VPOS="3191" WIDTH="150" HEIGHT="60" CONTENT="cher" WC="0.97" CC="0732"/>
						<SP ID="P55_SP00335" HPOS="1234" VPOS="3251" WIDTH="36"/>
						<String ID="P55_ST00369" HPOS="1270" VPOS="3194" WIDTH="453" HEIGHT="75" CONTENT="Kalkbrenner," WC="0.84" CC="101052070000"/>
						<SP ID="P55_SP00336" HPOS="1723" VPOS="3269" WIDTH="28"/>
						<String ID="P55_ST00370" HPOS="1751" VPOS="3196" WIDTH="64" HEIGHT="82" CONTENT="je" WC="0.69" CC="32"/>
						<SP ID="P55_SP00337" HPOS="1815" VPOS="3278" WIDTH="33"/>
						<String ID="P55_ST00371" HPOS="1848" VPOS="3221" WIDTH="152" HEIGHT="38" CONTENT="vous" WC="0.99" CC="0032"/>
						<SP ID="P55_SP00338" HPOS="2000" VPOS="3278" WIDTH="36"/>
						<String ID="P55_ST00372" HPOS="2036" VPOS="3223" WIDTH="194" HEIGHT="38" CONTENT="avoue" WC="1.00" CC="00000"/>
						<SP ID="P55_SP00339" HPOS="2230" VPOS="3278" WIDTH="37"/>
						<String ID="P55_ST00373" HPOS="2267" VPOS="3224" WIDTH="120" HEIGHT="61" CONTENT="que" WC="1.00" CC="000"/>
						<SP ID="P55_SP00340" HPOS="2387" VPOS="3285" WIDTH="46"/>
						<String ID="P55_ST00374" HPOS="2433" VPOS="3219" WIDTH="175" HEIGHT="45" CONTENT="votre" WC="0.99" CC="00503"/>
						<SP ID="P55_SP00341" HPOS="2608" VPOS="3285" WIDTH="33"/>
						<String ID="P55_ST00375" HPOS="2641" VPOS="3203" WIDTH="279" HEIGHT="62" CONTENT="fantaisie" WC="0.99" CC="007002020"/>
						<SP ID="P55_SP00342" HPOS="2920" VPOS="3285" WIDTH="35"/>
						<String ID="P55_ST00376" HPOS="2955" VPOS="3205" WIDTH="120" HEIGHT="60" CONTENT="bril" SUBS_TYPE="HypPart1" SUBS_CONTENT="brillante" WC="0.99" CC="1004"/>
						<HYP HPOS="3075" VPOS="3205" WIDTH="30" CONTENT="-"/>
					</TextLine>
					<TextLine ID="P55_TL00035" HPOS="512" VPOS="3280" WIDTH="1101" HEIGHT="85">
						<String ID="P55_ST00377" HPOS="512" VPOS="3283" WIDTH="162" HEIGHT="58" CONTENT="lante" SUBS_TYPE="HypPart2" SUBS_CONTENT="brillante" WC="0.99" CC="14200"/>
						<SP ID="P55_SP00343" HPOS="674" VPOS="3341" WIDTH="36"/>
						<String ID="P55_ST00378" HPOS="710" VPOS="3303" WIDTH="100" HEIGHT="60" CONTENT="op." WC="0.98" CC="103"/>
						<SP ID="P55_SP00344" HPOS="810" VPOS="3363" WIDTH="44"/>
						<String ID="P55_ST00379" HPOS="854" VPOS="3280" WIDTH="103" HEIGHT="74" CONTENT="86," WC="0.86" CC="210"/>
						<SP ID="P55_SP00345" HPOS="957" VPOS="3363" WIDTH="38"/>
						<String ID="P55_ST00380" HPOS="995" VPOS="3304" WIDTH="73" HEIGHT="37" CONTENT="ne" WC="0.61" CC="61"/>
						<SP ID="P55_SP00346" HPOS="1068" VPOS="3363" WIDTH="37"/>
						<String ID="P55_ST00381" HPOS="1105" VPOS="3306" WIDTH="73" HEIGHT="36" CONTENT="va" WC="1.00" CC="00"/>
						<SP ID="P55_SP00347" HPOS="1178" VPOS="3363" WIDTH="36"/>
						<String ID="P55_ST00382" HPOS="1214" VPOS="3306" WIDTH="104" HEIGHT="59" CONTENT="pas" WC="1.00" CC="000"/>
						<SP ID="P55_SP00348" HPOS="1318" VPOS="3365" WIDTH="34"/>
						<String ID="P55_ST00383" HPOS="1352" VPOS="3284" WIDTH="141" HEIGHT="60" CONTENT="bien" WC="0.96" CC="6408"/>
						<SP ID="P55_SP00349" HPOS="1493" VPOS="3365" WIDTH="41"/>
						<String ID="P55_ST00384" HPOS="1534" VPOS="3285" WIDTH="10" HEIGHT="61" CONTENT="!" WC="0.49" CC="5"/>
						<SP ID="P55_SP00350" HPOS="1544" VPOS="3365" WIDTH="36"/>
						<String ID="P55_ST00385" HPOS="1580" VPOS="3287" WIDTH="33" HEIGHT="21" CONTENT='"' WC="0.43" CC="5"/>
					</TextLine>
					<TextLine ID="P55_TL00036" HPOS="816" VPOS="3375" WIDTH="2288" HEIGHT="96">
						<String ID="P55_ST00386" HPOS="816" VPOS="3382" WIDTH="37" HEIGHT="23" CONTENT='"' WC="0.75" CC="2"/>
						<SP ID="P55_SP00351" HPOS="853" VPOS="3405" WIDTH="29"/>
						<String ID="P55_ST00387" HPOS="882" VPOS="3375" WIDTH="221" HEIGHT="60" CONTENT="Allons" WC="0.99" CC="030070"/>
						<SP ID="P55_SP00352" HPOS="1103" VPOS="3435" WIDTH="59"/>
						<String ID="P55_ST00388" HPOS="1162" VPOS="3377" WIDTH="181" HEIGHT="72" CONTENT="donc," WC="1.00" CC="00300"/>
						<SP ID="P55_SP00353" HPOS="1343" VPOS="3449" WIDTH="36"/>
						<String ID="P55_ST00389" HPOS="1379" VPOS="3400" WIDTH="152" HEIGHT="38" CONTENT="vous" WC="0.99" CC="0050"/>
						<SP ID="P55_SP00354" HPOS="1531" VPOS="3449" WIDTH="58"/>
						<String ID="P55_ST00390" HPOS="1589" VPOS="3379" WIDTH="144" HEIGHT="74" CONTENT="êtes," WC="1.00" CC="00004"/>
						<SP ID="P55_SP00355" HPOS="1733" VPOS="3453" WIDTH="59"/>
						<String ID="P55_ST00391" HPOS="1792" VPOS="3384" WIDTH="209" HEIGHT="80" CONTENT="parole" WC="1.00" CC="000014"/>
						<SP ID="P55_SP00356" HPOS="2001" VPOS="3464" WIDTH="37"/>
						<String ID="P55_ST00392" HPOS="2038" VPOS="3383" WIDTH="367" HEIGHT="76" CONTENT="d'honneur," WC="0.99" CC="0060220613"/>
						<SP ID="P55_SP00357" HPOS="2405" VPOS="3464" WIDTH="43"/>
						<String ID="P55_ST00393" HPOS="2448" VPOS="3389" WIDTH="55" HEIGHT="58" CONTENT="le" WC="0.81" CC="30"/>
						<SP ID="P55_SP00358" HPOS="2503" VPOS="3464" WIDTH="58"/>
						<String ID="P55_ST00394" HPOS="2561" VPOS="3389" WIDTH="268" HEIGHT="82" CONTENT="premier" WC="0.99" CC="0040400"/>
						<SP ID="P55_SP00359" HPOS="2829" VPOS="3471" WIDTH="33"/>
						<String ID="P55_ST00395" HPOS="2862" VPOS="3387" WIDTH="242" HEIGHT="61" CONTENT="éditeur" WC="0.99" CC="7014002"/>
					</TextLine>
					<TextLine ID="P55_TL00037" HPOS="510" VPOS="3466" WIDTH="2317" HEIGHT="82">
						<String ID="P55_ST00396" HPOS="510" VPOS="3466" WIDTH="110" HEIGHT="81" CONTENT="qui" WC="0.99" CC="030"/>
						<SP ID="P55_SP00360" HPOS="620" VPOS="3547" WIDTH="36"/>
						<String ID="P55_ST00397" HPOS="656" VPOS="3486" WIDTH="101" HEIGHT="38" CONTENT="me" WC="1.00" CC="00"/>
						<SP ID="P55_SP00361" HPOS="757" VPOS="3547" WIDTH="34"/>
						<String ID="P55_ST00398" HPOS="791" VPOS="3467" WIDTH="168" HEIGHT="80" CONTENT="parle" WC="0.99" CC="06031"/>
						<SP ID="P55_SP00362" HPOS="959" VPOS="3547" WIDTH="35"/>
						<String ID="P55_ST00399" HPOS="994" VPOS="3468" WIDTH="151" HEIGHT="59" CONTENT="ainsi" WC="0.99" CC="00600"/>
						<SP ID="P55_SP00363" HPOS="1145" VPOS="3547" WIDTH="40"/>
						<String ID="P55_ST00400" HPOS="1185" VPOS="3467" WIDTH="10" HEIGHT="60" CONTENT="!" WC="0.54" CC="4"/>
						<SP ID="P55_SP00364" HPOS="1195" VPOS="3547" WIDTH="32"/>
						<String ID="P55_ST00401" HPOS="1227" VPOS="3469" WIDTH="73" HEIGHT="79" CONTENT="Je" WC="0.88" CC="02"/>
						<SP ID="P55_SP00365" HPOS="1300" VPOS="3548" WIDTH="35"/>
						<String ID="P55_ST00402" HPOS="1335" VPOS="3491" WIDTH="153" HEIGHT="38" CONTENT="vous" WC="0.97" CC="7060"/>
						<SP ID="P55_SP00366" HPOS="1488" VPOS="3548" WIDTH="35"/>
						<String ID="P55_ST00403" HPOS="1523" VPOS="3471" WIDTH="292" HEIGHT="75" CONTENT="enrichis," WC="0.99" CC="310235004"/>
						<SP ID="P55_SP00367" HPOS="1815" VPOS="3548" WIDTH="34"/>
						<String ID="P55_ST00404" HPOS="1849" VPOS="3495" WIDTH="152" HEIGHT="39" CONTENT="vous" WC="0.99" CC="0040"/>
						<SP ID="P55_SP00368" HPOS="2001" VPOS="3548" WIDTH="36"/>
						<String ID="P55_ST00405" HPOS="2037" VPOS="3491" WIDTH="198" HEIGHT="46" CONTENT="autres" WC="0.98" CC="062920"/>
						<SP ID="P55_SP00369" HPOS="2235" VPOS="3548" WIDTH="37"/>
						<String ID="P55_ST00406" HPOS="2272" VPOS="3477" WIDTH="198" HEIGHT="62" CONTENT="drôles" WC="0.99" CC="004200"/>
						<SP ID="P55_SP00370" HPOS="2470" VPOS="3548" WIDTH="325"/>
						<String ID="P55_ST00407" HPOS="2795" VPOS="3478" WIDTH="32" HEIGHT="23" CONTENT='"' WC="1.00" CC="0"/>
					</TextLine>
					<TextLine ID="P55_TL00038" HPOS="814" VPOS="3558" WIDTH="2285" HEIGHT="97">
						<String ID="P55_ST00408" HPOS="814" VPOS="3565" WIDTH="39" HEIGHT="24" CONTENT='"' WC="0.87" CC="1"/>
						<SP ID="P55_SP00371" HPOS="853" VPOS="3589" WIDTH="26"/>
						<String ID="P55_ST00409" HPOS="879" VPOS="3558" WIDTH="172" HEIGHT="60" CONTENT="Vous" WC="0.99" CC="0030"/>
						<SP ID="P55_SP00372" HPOS="1051" VPOS="3618" WIDTH="35"/>
						<String ID="P55_ST00410" HPOS="1086" VPOS="3574" WIDTH="200" HEIGHT="45" CONTENT="autres" WC="0.98" CC="953300"/>
						<SP ID="P55_SP00373" HPOS="1286" VPOS="3619" WIDTH="36"/>
						<String ID="P55_ST00411" HPOS="1322" VPOS="3560" WIDTH="195" HEIGHT="61" CONTENT="drôles" WC="0.99" CC="005500"/>
						<SP ID="P55_SP00374" HPOS="1517" VPOS="3621" WIDTH="36"/>
						<String ID="P55_ST00412" HPOS="1553" VPOS="3562" WIDTH="74" HEIGHT="60" CONTENT="de" WC="1.00" CC="00"/>
						<SP ID="P55_SP00375" HPOS="1627" VPOS="3622" WIDTH="34"/>
						<String ID="P55_ST00413" HPOS="1661" VPOS="3567" WIDTH="474" HEIGHT="80" CONTENT="compositeurs," WC="1.00" CC="1400100400010"/>
						<SP ID="P55_SP00376" HPOS="2135" VPOS="3647" WIDTH="35"/>
						<String ID="P55_ST00414" HPOS="2170" VPOS="3590" WIDTH="154" HEIGHT="39" CONTENT="vous" WC="0.99" CC="0030"/>
						<SP ID="P55_SP00377" HPOS="2324" VPOS="3647" WIDTH="35"/>
						<String ID="P55_ST00415" HPOS="2359" VPOS="3593" WIDTH="154" HEIGHT="39" CONTENT="nous" WC="1.00" CC="0000"/>
						<SP ID="P55_SP00378" HPOS="2513" VPOS="3647" WIDTH="34"/>
						<String ID="P55_ST00416" HPOS="2547" VPOS="3571" WIDTH="242" HEIGHT="61" CONTENT="donnez" WC="1.00" CC="000004"/>
						<SP ID="P55_SP00379" HPOS="2789" VPOS="3647" WIDTH="47"/>
						<String ID="P55_ST00417" HPOS="2836" VPOS="3594" WIDTH="155" HEIGHT="61" CONTENT="pour" WC="0.99" CC="0300"/>
						<SP ID="P55_SP00380" HPOS="2991" VPOS="3655" WIDTH="34"/>
						<String ID="P55_ST00418" HPOS="3025" VPOS="3572" WIDTH="74" HEIGHT="59" CONTENT="de" WC="1.00" CC="00"/>
					</TextLine>
					<TextLine ID="P55_TL00039" HPOS="510" VPOS="3649" WIDTH="1272" HEIGHT="82">
						<String ID="P55_ST00419" HPOS="510" VPOS="3649" WIDTH="125" HEIGHT="60" CONTENT="bon" WC="0.99" CC="001"/>
						<SP ID="P55_SP00381" HPOS="635" VPOS="3709" WIDTH="35"/>
						<String ID="P55_ST00420" HPOS="670" VPOS="3665" WIDTH="237" HEIGHT="66" CONTENT="argent," WC="1.00" CC="0200020"/>
						<SP ID="P55_SP00382" HPOS="907" VPOS="3731" WIDTH="36"/>
						<String ID="P55_ST00421" HPOS="943" VPOS="3650" WIDTH="73" HEIGHT="59" CONTENT="de" WC="0.91" CC="01"/>
						<SP ID="P55_SP00383" HPOS="1016" VPOS="3731" WIDTH="37"/>
						<String ID="P55_ST00422" HPOS="1053" VPOS="3652" WIDTH="339" HEIGHT="60" CONTENT="mauvaises" WC="0.99" CC="064060005"/>
						<SP ID="P55_SP00384" HPOS="1392" VPOS="3731" WIDTH="34"/>
						<String ID="P55_ST00423" HPOS="1426" VPOS="3655" WIDTH="243" HEIGHT="61" CONTENT="croûtes" WC="0.99" CC="0115400"/>
						<SP ID="P55_SP00385" HPOS="1669" VPOS="3731" WIDTH="39"/>
						<String ID="P55_ST00424" HPOS="1708" VPOS="3656" WIDTH="74" HEIGHT="61" CONTENT='!"' WC="0.79" CC="21"/>
						<SP ID="P55_SP00386" HPOS="1782" VPOS="3731" WIDTH="0"/>
					</TextLine>
				</TextBlock>
			</PrintSpace>
		</Page>
	</Layout>
</alto>
