3132 4396
2640 3814 18 34 I

255 841 185 89 LE
519 839 704 96 FESTIVAL
1304 848 206 89 DE
1586 851 630 96 MUNICH
2284 859 196 88 ET

481 1006 196 89 LA
760 1006 506 94 PRESSE
1345 1014 929 96 ALLEMANDE

229 1303 81 53 En
366 1300 169 56 allant
586 1300 32 55 à
667 1301 226 55 Munich
925 1317 141 57 pour
1109 1304 133 55 ainsi
1289 1305 111 54 dire
1447 1324 60 36 en
1549 1308 292 73 délégation,
1891 1329 119 37 nous
2051 1312 199 71 offrions
2292 1314 30 55 à
2365 1317 51 53 la
2463 1318 203 74 critique

94 1379 263 58 allemande
714 1379 264 56 l'occasion
1339 1380 62 52 de
1540 1395 179 56 porter
1987 1399 67 37 un
2182 1383 271 72 jugement

96 1460 221 75 confrères
592 1459 233 56 d'Outre
1110 1459 145 56 Rhin
1456 1459 141 55 n'ont
1761 1474 103 57 pas
2022 1463 220 73 manqué
2510 1463 62 53 de
2659 1464 7 70 f
2252 1473 334 70 caractériser,

92 1541 100 54 leur
869 1539 67 53 les
1062 1538 260 54 tendances
1637 1539 63 52 de
1819 1557 85 35 nos
2044 1540 273 55 musiciens.

378 1616 106 58 Dès
446 1619 243 53 le1
478 1639 36 49 4
1001 1618 275 72 septembre
1610 1637 59 35 on
1766 1620 230 69 pouvait
2269 1619 94 53 lire
2510 1620 128 55 dans

291 1775 346 56 L'influence
680 1775 70 55 de
792 1774 52 56 la
887 1775 260 76 musique
1189 1775 310 57 allemande
1542 1797 94 35 sur
1678 1776 51 56 la
1770 1780 257 75 musique
2069 1778 277 75 française,
2392 1784 95 75 qui
2535 1785 131 56 était

89 1854 375 58 incontestable
492 1867 166 43 avant
686 1853 50 55 la
764 1874 222 55 guerre,
1016 1874 149 34 cessa
1193 1855 246 74 pendant
1469 1855 242 76 quelque
1740 1869 200 62 temps,
1965 1870 55 42 et
2048 1859 134 53 ainsi
2213 1879 56 36 se
2299 1858 193 72 forma,
2516 1883 68 34 en
2608 1883 58 36 se

91 1935 279 56 rattachant
398 1933 29 54 à
456 1933 225 56 Berlioz
709 1945 56 44 et
793 1934 29 53 à
853 1934 235 70 Franck,
1121 1954 111 35 une
1262 1934 152 56 école
1444 1935 291 55 nationale.
1770 1936 152 54 Mais
1950 1936 209 56 celle-ci
2198 1935 86 59 fut
2325 1939 29 55 à
2396 1961 99 34 son
2537 1954 129 43 tour

91 2013 233 56 menacée
367 2033 97 55 par
503 2013 54 53 le
599 2011 381 77 wagnerisme.
1027 2013 78 54 Ce
1149 2011 143 56 n'est
1335 2033 109 55 que
1486 2025 127 42 tout
1657 2014 337 56 récemment
2025 2035 109 55 que
2171 2015 51 56 la
2248 2018 182 70 Jeune
2460 2019 205 56 France

92 2093 236 54 musicale
356 2113 31 33 a
416 2112 77 54 pu
521 2091 273 75 échapper
822 2091 29 55 à
881 2112 59 34 ce
968 2091 184 75 géant.
1184 2091 127 55 Elle
1342 2091 207 56 entend
1578 2091 301 56 désormais
1909 2094 184 56 suivre
2124 2114 84 35 ses
2237 2116 227 54 propres
2492 2099 172 70 voies,

91 2171 156 74 parmi
286 2170 295 76 lesquelles
623 2170 49 56 le
717 2170 204 56 sentier
950 2170 70 55 de
1049 2170 267 76 Debussy
1343 2170 51 55 la
1423 2171 265 55 conduira
1716 2192 123 34 sans
1864 2171 190 72 doute,
2083 2193 70 34 au
2182 2174 125 74 plus
2336 2188 175 58 court,
2540 2197 125 34 vers

91 2249 279 56 l'inconnu.
400 2250 111 55 Les
543 2249 254 70 Français
828 2249 159 54 n'ont
1009 2248 198 76 jamais
1236 2249 90 54 nié
1349 2249 165 76 qu'ils
1537 2269 145 34 nous
1705 2250 258 55 devaient
1984 2250 287 75 beaucoup
2300 2272 68 34 en
2389 2254 272 75 musique.

139 2329 74 54 La
239 2329 257 76 musique
525 2328 329 71 allemande,
884 2328 135 55 écrit
1049 2328 92 54 M.
1175 2328 240 54 Romain
1447 2328 263 72 Rolland,
1740 2342 231 61 apporta
1999 2329 30 54 à
2055 2329 51 54 la
2128 2330 256 75 musique
2407 2329 258 71 française

92 2427 65 34 un
183 2408 257 54 caractère
469 2428 168 55 grave
667 2420 55 42 et
751 2419 193 43 savant
1056 2406 151 55 Mais
1237 2427 59 34 ce
1319 2406 266 55 caractère
1616 2408 322 73 n'empêcha
1966 2428 94 53 pas
2090 2408 69 54 de
2198 2429 289 34 conserver
2529 2410 135 55 dans

89 2484 45 56 le
182 2488 251 54 domaine
479 2486 98 56 des
624 2507 147 49 sons,
818 2507 60 34 ce
928 2485 138 76 qu'il
1109 2507 38 54 y
1194 2505 31 35 a
1279 2485 70 56 de
1394 2485 254 56 meilleur
1703 2486 136 55 dans
1884 2485 119 56 l'art
2049 2484 241 72 français,
2340 2507 58 35 ce
2446 2489 218 54 charme

91 2564 299 57 inimitable.
439 2565 78 56 Et
566 2565 412 56 dernièrement
1028 2565 91 55 M.
1179 2564 323 56 Chevillard
1549 2584 29 34 a
1622 2584 79 55 pu
1748 2564 239 54 affirmer
2041 2584 110 56 que
2204 2577 141 43 cette
2392 2565 270 57 influence

91 2643 302 72 allemande,
414 2645 146 76 jadis
591 2645 466 75 prépondérante,
1089 2644 131 56 était
1248 2644 360 76 aujourd'hui
1639 2644 29 54 à
1695 2664 110 55 peu
1836 2644 123 75 près
1988 2644 151 54 nulle

234 2804 66 54 Ce
329 2805 134 71 petit
502 2803 245 69 entrefilet
783 2822 120 36 nous
945 2804 206 74 indique
1193 2803 116 75 déjà
1352 2804 61 52 de
1455 2801 118 77 quel
1583 2803 150 71 point
1758 2803 61 53 de
1847 2820 99 36 vue
1974 2801 67 54 les
2071 2800 292 55 Allemands
2383 2800 213 56 allaient
2617 2819 49 36 se

87 2880 162 70 placer
261 2899 137 56 pour
759 2902 120 36 nous
888 2884 178 74 juger.

408 3041 260 75 musique
710 3038 281 72 française,
1975 3055 140 57 pour
2330 3040 50 53 la
2518 3039 147 54 Neue
2104 3046 81 42 est
2228 3054 75 34 un
2349 3032 217 56 modèle
2595 3034 69 54 de

91 3111 189 62 facture
324 3120 141 55 aisée
510 3133 53 42 et
606 3132 396 62 transparente.
1049 3118 129 55 Elle
1220 3138 30 33 a
1291 3116 52 56 le
1386 3137 124 34 sens
1554 3116 69 54 de
1665 3116 51 54 la
1757 3115 148 75 ligne
1947 3114 266 75 élégante,
2256 3112 95 75 qui
2393 3125 272 41 rarement

91 3192 223 74 (comme
337 3200 135 53 chez
501 3199 291 75 Debussy)
823 3199 139 73 perd
992 3219 102 33 son
1126 3196 196 55 souffle
1353 3208 53 43 et
1438 3215 56 35 sa
1532 3194 142 54 belle
1716 3213 306 48 assurance,
2067 3204 52 42 et
2162 3203 273 42 rarement
2477 3190 188 55 tombe

91 3271 119 57 dans
238 3275 48 55 le
314 3278 267 74 vulgaire.
615 3278 100 53 Du
738 3278 183 53 moins
929 3302 9 9 -
952 3278 137 54 dans
1117 3275 80 55 les
1227 3294 222 36 œuvres
1480 3272 286 55 exécutées
1795 3271 28 55 à
1850 3270 259 69 Munich,
2145 3289 75 33 un
2252 3267 137 74 style
2417 3269 247 75 piquant,

88 3355 254 71 gracieux,
374 3369 241 43 souvent
644 3356 150 75 plein
837 3358 69 54 de
938 3354 113 72 feu,
1082 3354 312 56 caractérise
1423 3352 52 55 la
1503 3352 221 74 plupart
1754 3351 69 54 de
1852 3369 85 34 ces
1975 3351 291 52 maîtres...
2300 3349 177 52 Leurs
2516 3347 149 54 idées

93 3448 59 35 ne
179 3448 119 42 sont
328 3455 93 54 pas
450 3436 258 75 toujours
738 3432 305 78 profondes
1074 3434 135 54 mais
1239 3432 52 54 la
1319 3431 241 55 manière
1590 3431 69 54 de
1690 3430 77 53 les
1791 3427 280 75 présenter
2098 3446 30 33 a
2149 3425 240 75 quelque
2411 3426 162 52 chose
2598 3424 68 54 de

92 3514 486 67 particulièrement
606 3528 253 62 prenant.
898 3515 79 55 Ce
1018 3515 139 53 n'est
1188 3533 94 54 pas
1312 3511 256 75 toujours
1598 3510 50 53 la
1677 3506 247 56 sincérité
1954 3506 78 55 du
2062 3505 316 68 sentiment,
2408 3502 50 56 la
2495 3504 172 54 vérité

996 3753 286 50 (COPYRIGHT
1315 3761 54 41 By
1402 3749 35 38 S.
1464 3748 33 40 I.
1522 3747 69 39 M.
1632 3745 125 52 1910)
