3132 4396
779 265 519 94 L'ÉDITION
1366 290 519 71 MUSICALE

2436 318 152 71 747

203 429 194 63 Chopin
447 443 68 35 est
560 433 209 63 toujours
813 435 55 45 de
910 436 157 61 mode,
1097 436 29 46 il
1167 438 169 60 inspire
1363 438 25 46 à
1413 433 81 52 M.
1524 435 252 51 Jemain
1801 457 95 28 une
1922 440 193 47 Ballade
2147 459 48 28 en
2218 441 47 47 Si
2290 441 153 46 Bémol
2463 443 83 63 (3),
2574 443 25 46 à

64 496 79 52 M.
171 497 275 51 Louvier
471 521 95 28 une
589 502 122 48 Nuit
738 506 215 45 tombante
978 508 67 62 (4)
1073 507 143 48 d'une
1256 508 318 62 désespérante
1602 510 178 61 fadeur,
1808 523 46 33 et
1880 511 26 46 à
1931 507 82 51 M.
2043 508 175 50 Hans
2242 509 234 60 Hllber,
2520 513 79 48 Six

65 572 163 47 Etudes
255 572 209 64 Lyriques
491 575 81 62 (5).
616 575 121 47 Rien
769 575 305 67 d'ennuyeux
1103 597 188 28 comme
1331 598 75 29 ces
1430 594 181 34 retours
1649 581 114 48 d'un
1790 582 303 46 romantisme
2133 583 106 46 hors
2274 582 55 47 de
2368 585 130 46 mise.
2528 584 70 48 Ce

64 645 77 61 qui
172 644 111 46 était
310 645 92 47 fort
430 647 278 47 intéressant
734 665 59 29 en
837 648 131 61 1850
997 668 59 27 ne
1084 649 102 48 l'est
1224 651 102 61 plus
1365 652 282 47 nullement.
1677 652 64 48 Et
1768 654 229 62 pourquoi
2036 652 264 47 s'acharner
2325 654 25 46 à
2377 671 53 30 ce
2456 672 142 45 genre

66 716 195 64 hybride
289 716 78 47 des
395 716 181 49 Etudes
602 719 80 62 qui
711 736 58 28 ne
796 732 107 33 sont
929 722 48 44 ni
1006 722 78 46 des
1110 739 269 44 morceaux,
1409 725 47 44 ni
1485 724 78 45 des
1589 725 246 46 exercices.
1864 725 57 63 Je
1947 725 85 45 sais
2060 725 105 45 bien
2204 742 89 44 que
2319 742 54 29 ce
2399 725 200 64 système

66 803 115 30 nous
207 805 26 28 a
259 788 107 46 valu
395 789 78 46 des
500 791 128 45 chefs
654 789 232 48 d'œuvres
913 809 187 30 comme
1131 793 62 47 les
1219 793 162 47 études
1417 795 55 45 de
1500 794 207 62 Chopin.
1737 795 129 47 Mais
1910 795 278 61 cependant,
2217 812 116 44 pour
2373 795 227 49 s'exercer

64 875 91 29 aux
181 859 190 62 arpèges
398 861 54 45 de
483 862 128 45 main
639 862 197 62 gauche,
866 863 28 45 il
923 863 119 46 n'est
1071 864 81 45 nul
1182 865 158 46 besoin
1369 866 55 45 de
1451 865 63 46 les
1549 883 219 29 nommer
1796 866 86 46 Sur
1908 865 130 61 Yeau,
2065 878 47 33 et
2139 883 116 44 pour
2282 866 230 47 travailler
2538 868 63 47 les

66 942 131 35 notes
224 930 223 62 répétées,
477 932 107 46 d'en
612 934 113 45 faire
762 950 94 29 une
883 932 216 49 Matinée
1124 936 219 47 brumeuse
1347 974 8 9 .
1390 936 76 47 Ne
1493 937 156 63 suis-je
1677 955 76 44 pas
1778 949 103 50 trop
1907 937 156 47 sévère
2089 955 117 44 pour
2233 937 77 47 des
2335 955 183 31 œuvres
2544 940 57 47 de

64 1002 155 45 bonne
245 1014 161 36 tenue.

208 1074 154 60 Après
390 1075 209 61 Chopin,
628 1076 234 60 Wagner,
892 1088 46 34 et
964 1078 217 62 Wagner
1209 1079 118 44 trahi
1357 1096 79 43 par
1463 1096 65 28 un
1568 1079 55 46 de
1662 1097 68 29 ses
1771 1081 118 60 pires
1917 1080 274 59 imitateurs,
2220 1097 78 44 par
2325 1097 65 29 un
2413 1079 184 50 Italien.

68 1143 68 47 Le
182 1144 154 47 Giuda
376 1147 51 44 de
465 1145 184 47 Kerioth
655 1184 12 24 y
698 1146 67 63 (6)
796 1146 56 46 de
896 1144 82 50 M.
1009 1145 177 50 Kiicci
1211 1145 323 60 Signorini
1578 1162 68 35 est
1686 1168 62 29 un
1787 1150 258 47 ténébreux
2090 1150 166 61 poème
2298 1168 117 44 pour
2452 1153 145 62 grand

65 1216 255 60 orchestre,
349 1216 62 47 où
440 1217 79 46 des
547 1234 138 46 pages
713 1217 144 47 d'une
885 1219 223 47 intensité
1135 1221 310 62 dramatique,
1473 1233 411 51 outrageusement
1923 1222 189 61 tendue,
2140 1222 232 46 voisinent
2399 1240 110 29 avec
2535 1223 64 47 les

66 1286 101 61 plus
209 1287 145 61 plates
399 1287 267 63 vulgarités.
711 1289 236 62 Pourquoi
994 1308 60 28 en
1096 1292 125 45 avoir
1268 1292 131 46 tenté
1443 1304 124 34 cette
1611 1294 330 60 transcription
1980 1310 116 44 pour
2124 1293 153 60 piano,
2306 1294 291 63 surchargée,

68 1357 185 47 illisible
280 1371 47 34 et
355 1376 195 45 presque
578 1360 250 64 injouable.

208 1430 171 47 Allons
424 1431 96 46 vite
566 1432 166 62 goûter
772 1450 65 28 un
881 1450 91 43 peu
1017 1433 56 46 de
1113 1450 133 44 repos
1284 1451 112 28 avec
1435 1433 42 47 le
1504 1435 248 45 charmant
1778 1433 196 64 Paysage
2001 1435 56 44 de
2083 1430 82 50 M.
2197 1430 183 62 Plljol
2408 1435 68 63 (3)
2504 1453 93 28 une

66 1500 193 46 contrée
288 1501 205 61 paisible,
508 1503 242 61 herbeuse,
764 1503 222 47 dominée
1012 1521 79 44 par
1119 1504 55 46 de
1202 1505 163 45 hautes
1391 1504 194 47 collines
1611 1506 76 60 qui
1717 1522 57 29 ne
1795 1517 107 34 sont
1923 1522 77 43 pas
2016 1522 169 28 encore
2208 1505 77 46 des
2302 1517 294 51 montagnes,

66 1584 45 34 et
139 1572 250 61 parfumée
416 1572 116 47 d'un
560 1574 146 63 grand
734 1576 161 44 souffle
923 1575 55 45 de
1007 1576 117 45 brise
1166 1574 194 62 alpestre
1385 1597 12 36 ;
1440 1576 136 59 voilà,
1604 1576 24 45 à
1655 1593 114 28 mon
1799 1576 118 60 idée,
1945 1591 52 30 ce
2024 1593 91 44 que
2143 1575 77 47 M.
2245 1575 132 65 Pujol
2405 1594 25 28 a
2456 1576 144 48 voulu

68 1660 121 29 nous
217 1644 207 60 peindre.
456 1644 136 47 Nous
619 1662 206 29 sommes
852 1644 157 47 entrés
1035 1647 60 45 ici
1125 1646 113 45 dans
1264 1645 41 46 le
1334 1647 220 45 domaine
1583 1647 56 45 de
1670 1646 43 45 la
1740 1647 178 61 grande
1946 1647 230 61 musique.

212 1715 136 46 Nous
389 1733 30 46 y
461 1728 245 48 resterons,
749 1733 114 29 avec
904 1717 124 45 deux
1073 1716 279 47 admirables
1392 1717 151 60 pièces
1582 1713 332 64 d'Albeniz,
1937 1717 68 62 (3)
2035 1717 37 45 Z
2075 1717 174 60 ortzico,
2278 1717 138 47 danse
2441 1717 26 47 à
2492 1720 108 59 cinq

67 1797 166 50 temps,
264 1798 47 34 et
337 1786 70 46 La
439 1786 118 62 Vega
562 1826 11 21 ,
621 1789 200 59 premier
867 1804 222 29 morceau
1134 1786 143 47 d'une
1323 1787 130 47 Suite
1498 1805 118 43 pour
1658 1788 139 61 piano
1842 1787 196 62 inspirée
2084 1804 78 43 par
2208 1786 296 49 l'Alhambra
2544 1790 55 45 de

68 1854 242 50 Grenade.
343 1857 87 47 Par
457 1857 43 46 la
527 1858 183 46 fluidité
738 1858 78 46 des
843 1858 335 59 modulations,
1208 1870 46 33 et
1282 1857 225 62 l'exquise
1533 1859 255 45 recherche
1834 1859 55 44 de
1931 1858 44 46 la
2018 1857 193 47 couleur
2255 1876 181 43 sonore,
2477 1859 28 46 il
2533 1872 67 34 est

70 1926 117 48 d'un
217 1929 115 46 bout
360 1929 25 45 à
411 1928 169 47 l'autre
608 1946 65 29 un
702 1929 124 63 régal
854 1931 164 60 exquis
1046 1946 116 44 pour
1192 1927 208 48 l'oreille.
1432 1928 139 47 Ceux
1598 1930 79 61 qui
1725 1946 59 28 ne
1827 1928 191 46 veulent
2060 1930 99 44 voir
2187 1946 57 28 en
2274 1929 210 46 Albeniz
2510 1948 90 45 que

68 1998 41 47 le
140 2000 258 61 champion
427 2012 222 51 tapageur
678 2000 142 47 d'une
849 1999 128 47 école
1004 1999 124 47 ultra
1154 1999 245 60 moderne,
1427 2011 159 35 seront
1614 2011 112 50 peut
1754 2000 94 46 être
1875 2000 171 60 surpris
2072 1999 57 46 de
2155 2016 53 30 ce
2234 2017 237 31 morceau.

212 2084 277 47 CHANT.
615 2084 124 46 Pour
769 2102 57 27 ne
854 2101 81 44 pas
961 2086 174 59 quitter
1162 2096 125 33 cette
1333 2085 214 60 musique
1592 2082 249 63 espagnole
1884 2084 36 45 si
1962 2082 282 61 séduisante,
2287 2099 186 44 passons
2512 2101 91 29 aux

67 2167 166 51 quatre
282 2154 224 47 Chansons
546 2155 221 64 d'enfants
808 2156 55 45 de
905 2151 241 60 Joseph
1172 2150 160 50 Civil
1355 2150 60 49 Y
1441 2150 320 64 Castellvi,
1791 2154 67 62 (3)
1901 2153 150 61 (Beau
2095 2152 154 61 Soleil,
2297 2152 129 48 Saint
2463 2155 141 62 Ange

70 2226 230 60 Gardien,
350 2225 71 47 La
462 2228 115 44 fleur
623 2226 272 62 d'Amour).
945 2225 93 47 Ces
1082 2226 168 61 petites
1291 2225 226 47 mélodies
1557 2224 115 47 d'un
1714 2237 106 34 tour
1867 2223 228 62 imprévu,
2135 2223 175 63 qu'une
2337 2224 266 48 traduction

68 2298 225 61 française
337 2315 127 30 assez
510 2298 201 61 baroque
753 2298 115 45 rend
909 2315 170 29 encore
1124 2296 102 61 plus
1270 2296 401 59 déconcertantes,
1700 2307 83 35 ont
1809 2294 202 63 quelque
2037 2295 55 46 de
2121 2296 136 45 chose
2284 2295 56 46 de
2360 2296 159 63 jeune,
2548 2297 56 46 de

66 2370 122 59 frais,
217 2369 57 46 de
301 2367 266 61 malhabile,
597 2367 273 47 infiniment
895 2369 345 63 sympathique.

210 2436 82 50 M.
324 2435 240 51 Siefert
589 2456 119 31 nous
736 2437 115 49 offre
876 2456 67 28 un
972 2439 167 62 poème
1160 2439 80 62 qui
1263 2450 132 50 porte
1414 2455 54 29 ce
1489 2439 108 44 titre
1620 2436 344 47 éminemment
1981 2436 237 62 suggestif.

77 2530 158 46 quune
429 2511 197 62 présence
871 2512 52 45 de
1025 2511 247 48 veilleuse...
814 2511 68 62 (3)
928 2527 114 30 vous
1069 2511 201 46 devinez
1295 2526 89 45 que
1412 2508 63 47 les
1515 2526 100 29 vers
1657 2520 108 35 sont
1808 2508 56 46 de
1905 2507 290 47 Rodenbach
2225 2529 12 37 ;
2267 2525 113 29 vous
2405 2508 201 47 devinez

67 2583 118 47 aussi
216 2595 106 34 tout
349 2600 53 29 ce
429 2581 149 63 qu'un
607 2583 284 61 prestigieux
918 2581 112 47 clair
1056 2582 257 46 obscuriste
1338 2599 26 28 a
1403 2596 53 31 su
1483 2578 225 63 dépenser
1734 2577 329 65 d'ingéniosité
2090 2578 113 47 dans
2242 2577 42 47 la
2325 2578 279 63 description

70 2654 57 47 de
153 2670 77 30 ces
256 2653 283 61 pénombres
566 2652 246 47 musicales
839 2670 10 29 :
880 2651 179 63 malgré
1086 2663 104 35 tant
1218 2649 268 63 d'habileté,
1514 2649 172 47 devant
1712 2661 124 35 cette
1878 2649 144 61 petite
2065 2648 233 61 veilleuse,
2321 2649 45 64 je
2404 2661 200 52 regrette

68 2726 42 45 le
141 2724 148 64 grand
317 2723 130 48 soleil
476 2722 284 65 d'Espagne.

213 2807 396 49 ENSEMBLE.
734 2807 70 47 Le
1609 2807 114 47 Lied
974 2803 312 62 d'Eugène
1312 2802 181 51 Cools
1522 2803 69 64 (6)
1618 2816 67 35 est
1728 2822 67 29 un
1840 2803 236 47 excellent
2103 2821 221 29 morceau
2367 2804 57 46 de
2460 2803 144 62 salon,

72 2879 245 62 dépourvu
345 2879 57 46 de
430 2891 132 34 toute
591 2878 270 47 nouveauté
905 2878 136 61 (pour
1083 2878 112 46 flûte
1240 2889 46 33 et
1331 2874 316 64 violoncelle).
1690 2873 163 62 Enfin,
1900 2892 118 28 nous
2057 2891 221 29 recevons
2317 2873 42 47 la
2397 2874 211 47 dernière

70 2954 207 57 minute,
321 2968 66 29 un
433 2950 92 47 très
566 2949 72 47 bel
682 2949 120 47 Aria
843 2967 119 44 pour
1007 2948 176 61 violon,
1225 2948 57 47 de
1310 2944 289 51 Clément
1621 2943 246 51 Robert
1912 2944 83 64 (8).
2044 2944 228 48 L'auteur
2307 2944 69 65 s'y
2403 2958 203 48 montre,

67 3041 194 29 comme
289 3022 212 63 toujours
529 3038 65 29 un
623 3020 244 47 mélodiste
896 3020 56 46 de
993 3020 200 61 premier
1219 3019 151 46 ordre.
1400 3018 73 47 La
1514 3016 163 64 pureté
1718 3033 193 46 presque
1955 3015 225 64 classique
2221 3016 57 46 de
2317 3030 86 32 son
2438 3015 168 61 dessin,

68 3093 220 48 l'aisance
317 3094 57 46 de
401 3109 70 29 ses
499 3090 336 62 moludations,
865 3103 47 34 et
939 3090 44 47 la
1009 3090 92 47 très
1126 3091 142 45 haute
1298 3103 142 33 tenue
1469 3089 56 46 de
1552 3105 83 31 son
1662 3088 118 64 style
1825 3104 119 29 nous
1971 3086 103 47 font
2100 3103 200 47 augurer
2326 3086 144 63 grand
2500 3088 106 45 bien

70 3166 57 47 de
153 3166 113 46 trois
294 3164 154 61 pièces
473 3161 113 64 qu'il
616 3179 120 30 nous
764 3174 186 49 promet
978 3179 118 44 pour
1122 3160 93 47 l'an
1244 3161 229 61 prochain
1501 3182 13 36 ;
1543 3159 217 59 Prélude,
1790 3159 275 61 Arabesque
2091 3170 46 33 et
2165 3156 178 48 Finale.

212 3245 457 53 ORCHESTRE.
793 3245 72 48 La
908 3245 255 48 collection
1209 3245 80 46 des
1329 3245 167 61 petites
1539 3242 246 63 partitions
1828 3240 285 48 d'orchestre
2155 3241 56 46 de
2256 3239 204 48 Durand
2499 3240 107 47 s'est

68 3320 286 65 augmentée
383 3320 55 46 de
467 3319 113 45 trois
607 3316 212 48 volumes
843 3335 10 29 :
898 3316 72 47 La
998 3316 80 46 Foi
1105 3317 55 46 de
1202 3311 185 52 Saint
1411 3311 199 51 Saens
1639 3335 12 36 ;
1695 3314 146 45 Etude
1868 3311 308 65 Symphonique
2199 3310 173 63 d'après
2396 3310 71 47 La
2495 3310 109 66 Nef,

71 3396 56 46 de
148 3386 419 62 Samazeuilh,
591 3401 46 33 et
659 3387 30 47 Y
699 3387 141 47 Etude
849 3399 113 52 pour
981 3387 37 47 le
1033 3386 157 48 Palais
1205 3386 179 61 Hanié,
1407 3387 54 45 de
1483 3381 260 49 Florent
1768 3380 293 50 Schmitt.
2086 3382 135 46 Nous
2240 3399 29 47 y
2291 3382 313 47 reviendrons.

2307 3467 63 46 V.
2411 3466 52 47 P.

175 3561 48 33 N.
242 3560 39 33 B.
361 3560 102 31 Nous
477 3556 152 34 attirons
646 3554 207 35 l'attention
867 3556 41 32 de
923 3567 64 21 nos
1003 3556 152 31 lecteurs
1175 3566 59 21 sur
1252 3553 263 34 l'intéressante
1534 3551 220 47 publication
1775 3563 61 33 par
1855 3549 235 45 souscription
2111 3549 182 33 annoncée
2313 3550 84 32 dans
2416 3550 32 32 le
2468 3549 142 44 présent

70 3614 153 33 numéro
254 3623 88 33 pour
371 3622 70 21 une
470 3608 89 34 série
589 3608 41 33 de
662 3606 268 35 chefs-d'œuvre
959 3608 44 32 du
1036 3607 134 32 XVIII
1173 3610 12 15 e
1216 3605 103 33 siècle
1340 3619 7 19 :
1377 3604 324 46 opéras-comiques
1732 3604 38 32 ds
1801 3604 139 41 Favart,
1970 3601 122 44 Duny,
2113 3600 207 44 Monsigny,
2341 3601 161 42 arrangés
2522 3612 88 33 pour

70 3666 106 45 piano
197 3670 36 27 et
251 3661 121 35 chant.
396 3662 104 33 Cette
521 3659 232 46 publication,
773 3660 86 33 dont
879 3657 226 46 l'apparition
1127 3657 159 33 coïncide
1314 3669 84 21 avec
1425 3658 51 32 les
1505 3654 300 47 représentations
1834 3655 154 32 données
2017 3665 42 21 au
2088 3650 157 36 Théâtre
2274 3654 40 31 de
2344 3651 202 45 Monsieur,
2564 3664 45 21 ne

68 3723 87 39 peut
175 3726 174 34 manquer
369 3715 42 32 de
431 3711 159 36 recevoir
610 3713 59 32 des
689 3718 176 27 amateurs
886 3712 42 32 de
948 3709 117 35 bonne
1084 3709 164 47 musique
1267 3707 174 46 française
1460 3709 33 32 le
1512 3707 165 35 meilleur
1697 3705 144 35 accueil.
