3132 4396
1555 237 76 68 S.
1703 237 52 68 I.
1843 237 121 69 M.

499 240 163 90 684

1603 2855 272 50 FIGURE
1931 2874 26 48 3

626 3043 239 65 Lorsqu'il
894 3063 31 47 y
952 3065 25 28 a
1005 3044 103 64 plus
1134 3046 56 47 de
1221 3046 123 47 deux
1372 3063 201 47 groupes
1601 3046 57 48 de
1686 3048 111 47 trois
1825 3066 117 44 pour
1970 3062 126 34 cette
2126 3051 197 47 bourrée
2351 3051 65 48 les
2443 3052 237 64 danseurs,
2709 3071 57 29 en
2791 3067 277 35 conservant

482 3117 214 65 toujours
724 3117 41 47 le
794 3135 79 44 pas
894 3118 55 46 de
980 3118 43 46 la
1049 3117 215 62 bourrée,
1295 3131 44 34 et
1380 3118 265 48 réunissant
1684 3121 116 45 dans
1827 3119 103 49 leur
1957 3122 130 46 main
2117 3123 150 47 droite
2309 3124 64 47 les
2401 3126 123 45 deux
2553 3124 207 50 foulards
2785 3127 282 47 conduisent

482 3188 123 47 leurs
632 3189 248 47 danseuses
907 3208 59 28 au
990 3189 101 62 plus
1119 3190 148 63 grand
1296 3190 216 47 danseur.
1545 3190 208 49 Celui-ci
1797 3192 159 48 réunit
2003 3194 114 47 dans
2162 3212 47 29 sa
2255 3197 128 46 main
2425 3196 151 48 droite
2615 3211 104 33 tous
2759 3197 63 48 les
2852 3199 134 46 bouts
3013 3199 55 46 de

482 3260 184 49 foulard
695 3276 46 33 et
767 3263 150 47 arrive
944 3263 116 47 ainsi
1089 3263 24 46 à
1140 3264 129 46 avoir
1296 3276 170 34 autour
1495 3263 55 47 de
1579 3263 65 48 lui
1674 3278 155 33 toutes
1856 3264 65 50 les
1938 3265 262 50 danseuses.
2227 3268 188 48 Levant
2435 3269 121 48 alors
2577 3270 41 47 le
2643 3272 113 59 bras,
2778 3270 29 47 il
2835 3290 46 27 se
2904 3284 162 35 trouve

479 3350 60 28 au
567 3345 162 35 centre
759 3334 113 46 d'un
901 3334 122 47 cerle
1052 3334 112 47 d'où
1193 3334 63 47 les
1283 3334 207 48 foulards
1533 3347 271 54 rayonnent
1849 3356 58 27 en
1938 3338 254 62 parapluie.
2237 3339 93 48 Les
2373 3342 249 48 danseuses
2666 3343 103 46 font
2815 3361 66 29 un
2910 3356 105 34 tour
3042 3343 25 47 à

480 3405 152 46 droite
673 3406 101 61 puis
816 3424 64 29 un
927 3420 107 33 tour
1062 3406 25 47 à
1114 3408 200 63 gauche,
1357 3406 269 64 cependant
1665 3427 92 44 que
1801 3408 64 48 les
1910 3410 220 47 hommes
2176 3411 201 49 dansent
2421 3432 77 29 sur
2544 3414 145 63 place.
2721 3414 125 62 Puis,
2874 3417 191 45 ceux-ci

480 3479 229 45 viennent
737 3480 251 61 reprendre
1018 3479 123 48 leurs
1168 3481 262 60 danseuses,
1474 3480 186 47 laissant
1700 3481 158 65 glisser
1886 3481 122 49 leurs
2049 3485 151 46 mains
2238 3503 78 29 sur
2344 3486 64 47 les
2436 3486 206 49 foulards
2669 3505 115 45 pour
2815 3505 57 30 ne
2900 3505 77 45 pas
3004 3488 63 47 les

480 3550 153 47 laisser
661 3551 183 48 choir...
877 3551 297 47 Lentement
1202 3551 63 48 les
1293 3552 248 47 danseuses
1561 3566 186 50 passent
1768 3570 106 31 sous
1903 3555 62 47 les
1993 3555 206 48 foulards
2219 3571 47 32 et
2289 3560 264 47 terminent
2575 3578 80 44 par
2676 3578 94 29 une
2798 3559 266 51 révérence.

482 3621 94 48 Ces
601 3621 173 65 figures
800 3641 46 30 se
874 3624 201 48 dansent
1100 3643 76 29 sur
1204 3637 181 50 quatre,
1415 3626 120 60 huit,
1564 3627 123 46 seize
1716 3644 222 44 mesures,
1968 3629 186 45 suivant
2184 3629 363 65 l'éloignement
2576 3632 77 47 des
2681 3632 221 47 vis-à-vis.
