3132 4396
738 1649 673 71 IMPRESSIONS
1482 1652 581 73 MUSICALES
2127 1654 137 69 DE
2323 1654 495 104 JEUNESSE

836 2092 689 80 PASDELOUP
1596 2096 160 74 ET
1825 2099 211 73 LES
2117 2096 591 79 CONCERTS

1416 2256 721 78 POPULAIRES

653 2472 121 80 J'ai
826 2471 217 75 décrit,
1090 2474 146 59 dans
1272 2497 83 36 un
1392 2476 211 60 article
1637 2475 360 84 précédent,
2027 2474 13 28 1
2075 2480 56 58 le
2166 2480 198 83 temple
2407 2480 67 60 de
2506 2480 61 60 la
2600 2479 277 85 Musique
2916 2480 158 83 (vers

488 2563 218 81 1860).
746 2565 59 59 A
841 2579 161 46 cette
1048 2563 269 85 époque,
1354 2568 112 81 âge
1517 2566 306 86 héroïque
1872 2570 74 60 de
1995 2571 58 60 la
2089 2571 411 84 Symphonie,
2536 2574 55 58 le
2642 2574 230 81 temple
2923 2570 149 62 était

477 2678 82 37 un
611 2654 487 85 hippodrome...
1153 2659 82 59 Et
1278 2659 63 81 je
1392 2659 202 74 disais,
1636 2683 159 60 pour
1844 2664 315 73 conclure,
2206 2664 155 84 qu'il
2407 2687 76 37 ne
2528 2663 194 62 fallait
2774 2686 103 62 pas
2929 2679 141 69 trop

475 2747 121 61 s'en
648 2748 382 62 scandaliser.
1084 2749 298 74 D'abord,
1434 2753 56 59 la
1541 2751 202 62 forme
1791 2773 380 65 rayonnante
2224 2756 76 61 de
2350 2758 56 59 la
2459 2758 142 59 salle
2649 2756 315 61 favorisait
3013 2758 57 59 la

475 2861 426 61 convergence
936 2841 103 59 des
1073 2842 315 61 auditeurs
1424 2869 14 47 ;
1493 2859 201 47 toutes
1739 2847 82 60 les
1858 2848 239 60 oreilles
2131 2870 60 38 se
2227 2850 316 58 tendaient
2594 2850 475 59 naturellement

473 2952 136 40 vers
644 2954 80 37 un
764 2946 209 46 centre
1009 2930 103 77 où,
1148 2935 84 59 les
1266 2936 150 60 soirs
1451 2935 75 61 de
1561 2937 238 83 cirque,
1835 2960 60 39 se
1931 2940 316 61 tendaient
2284 2942 82 59 les
2399 2963 165 61 yeux
2596 2964 12 37 :
2663 2956 59 45 et
2757 2941 127 60 cela
2919 2939 150 60 était

473 3024 258 82 propice
775 3022 32 61 à
851 3026 57 57 la
949 3027 411 59 communion
1421 3027 103 61 des
1559 3031 238 80 esprits,
1846 3030 31 61 à
1927 3031 504 61 l'enthousiasme
2481 3033 461 83 sympathique.

473 3115 82 60 Et
605 3118 139 80 puis
794 3116 377 63 n'allait-elle
1217 3120 202 81 point,
1466 3123 54 57 la
1564 3123 410 82 Symphonie,
2041 3123 253 62 réitérer
2462 3125 186 60 d'une
2699 3124 179 82 façon
2933 3125 137 83 plus

470 3205 219 75 idéale,
724 3208 296 75 s'entend,
1179 3212 84 59 les
1288 3212 152 81 jeux
1476 3215 418 83 olympiques,
1932 3238 74 38 en
2056 3238 89 40 ses
2481 3240 87 38 ses
2909 3238 161 61 pour

470 3300 153 59 ainsi
681 3299 131 60 dire
861 3299 400 87 athlétiques,
1313 3306 209 59 même
1580 3328 88 39 ses
2949 3308 125 59 anda
2058 3330 87 39 ses
2470 3308 299 86 rythmés,
2821 3330 211 62 proces-

469 3389 265 61 sionnels
762 3393 19 59 ?
2733 3416 55 43 <-

657 3483 121 59 Car
823 3483 144 60 c'est
1020 3507 81 37 un
1151 3485 307 62 caractère
1509 3488 75 60 de
1630 3491 166 60 l'Art
1844 3492 300 82 classique
2197 3494 331 72 allemand,
2576 3494 72 59 de
2695 3491 268 61 traduire
3008 3492 57 59 la

588 3635 11 23 1
633 3637 102 39 Voir
755 3639 37 38 S.
815 3639 34 38 I.
873 3640 63 39 M.
961 3641 55 38 du
1046 3654 47 39 15
1110 3640 133 53 juillet
1272 3656 122 39 1909.
1477 3646 268 53 Impressions
1778 3646 212 41 musicales
2013 3646 214 42 d'enfance
2259 3658 38 30 et
2320 3649 50 39 de
2397 3650 183 51 jeunesse
2665 3651 32 38 I.
2721 3651 70 38 Les
2811 3647 184 55 musiques
3017 3649 48 39 de

467 3709 84 26 mon
574 3695 171 50 enfance.
