2276 3736
531 199 50 26 LA
614 197 202 33 MUSIQUE
848 197 270 28 RELIGIEUSE
1152 198 52 25 ET
1237 197 51 27 LA
1320 195 200 32 MUSIQUE
1555 183 202 39 D'ÉGLISE

2076 194 78 37 407

141 304 56 27 en
219 306 59 25 un
301 290 172 53 pontife
497 305 225 36 nouveau,
740 292 227 51 proclame
991 304 47 27 sa
1064 289 333 42 traditionnelle
1413 297 41 32 et
1477 289 270 52 impérieuse
1770 287 254 53 préférence
2044 300 113 40 pour

143 359 38 40 le
202 359 283 53 plain-chant
508 364 212 36 consacré
734 360 294 50 longuement
1044 367 41 33 et
1103 359 38 40 la
1168 359 207 51 musique
1399 357 184 50 d'église
1607 369 87 40 que
1714 357 87 40 Ton
1823 365 105 44 peut
1947 355 92 40 dire
2060 359 73 47 gré-

142 430 235 49 gorienne,
396 429 38 40 le
457 442 115 39 pape
592 427 218 52 Grégoire
834 428 165 52 l'ayant
1031 426 214 42 autrefois
1282 440 52 27 en
1360 426 194 52 quelque
1578 433 117 33 sorte
1713 423 108 42 fixée
1844 433 41 32 et
1907 426 199 51 imposée
2131 428 21 35 à

144 497 39 39 la
219 497 268 41 catholicité.

198 564 126 42 Nous
348 565 298 40 observerons
666 579 54 26 en
741 573 185 43 passant
950 578 86 38 que
1054 564 205 50 l'origine
1298 566 219 37 vraiment
1546 563 256 41 chrétienne
1830 563 54 39 de
1913 570 108 32 cette
2054 576 68 25 mu-

142 635 127 50 sique
290 647 54 26 ne
376 634 132 39 laisse
541 646 80 38 pas
643 631 134 41 d'être
807 632 369 50 singulièrement
1200 632 232 40 douteuse.
1458 630 95 42 Aux
1588 634 148 38 ruines
1769 632 77 40 des
1867 632 130 40 vieux
2016 630 139 40 cultes

141 705 156 48 païens
321 701 106 52 qu'il
445 701 238 40 discrédite
703 709 40 31 et
768 699 119 48 abat,
914 700 39 39 le
973 700 347 46 christianisme,
1338 704 20 35 à
1380 701 128 51 peine
1530 702 264 50 vainqueur,
1814 701 263 51 s'empresse
2100 698 54 40 de

140 783 223 27 ramasser
385 783 47 26 ce
469 771 75 51 qui
569 769 92 40 doit
685 773 91 38 être
800 773 22 35 à
847 781 84 39 peu
952 773 100 47 près
1076 768 53 39 de
1153 781 46 26 sa
1227 780 297 28 convenance.
1546 767 32 40 Il
1602 769 225 51 dépouille
1847 769 63 39 les
1942 767 207 53 temples;

141 840 113 39 mais
287 847 189 32 souvent
494 839 28 38 il
544 837 63 53 s'y
627 837 195 40 installe.
848 835 79 42 S'il
950 837 61 39 les
1033 851 21 25 a
1080 837 84 38 mis
1181 849 54 26 en
1258 838 161 50 pièces,
1437 837 28 38 il
1486 849 53 27 en
1565 837 206 39 recueille
1795 837 218 51 quelques
2037 849 86 26 mor-

139 918 160 37 ceaux;
325 907 28 39 il
379 906 160 41 rebâtit
563 919 126 28 assez
713 905 365 40 misérablement
1101 917 47 27 ce
1172 904 105 52 qu'il
1300 918 21 25 a
1359 905 83 51 jeté
1480 908 21 35 à
1527 913 129 30 terre.
1691 903 62 40 Le
1777 903 208 41 mobilier
2007 908 144 35 même

137 983 66 32 est
223 975 169 52 parfois
415 980 181 47 usurpé.
633 973 85 42 Les
741 974 214 51 gardiens
986 973 78 40 des
1088 971 241 42 ténébreux
1371 973 276 39 sanctuaires
1672 971 121 41 n'ont
1818 974 93 38 rien
1930 972 173 49 changé
2127 976 21 35 à

138 1043 95 40 leur
256 1042 157 41 labeur
437 1044 241 40 routinier;
705 1055 175 27 comme
904 1042 202 51 toujours
1126 1040 53 41 ils
1212 1049 76 32 ont
1312 1040 238 40 renouvelé
1571 1037 152 43 l'huile
1746 1039 77 41 des
1848 1039 172 52 lampes
2044 1052 105 27 sans

139 1109 59 42 fin
217 1111 311 48 scintillantes,
560 1119 40 32 et
624 1112 75 50 qui
725 1110 195 40 révèlent
941 1110 217 52 quelques
1182 1108 194 52 reliques
1397 1110 255 51 précieuses
1694 1106 106 42 d'un
1825 1117 169 43 martyr
2022 1108 53 39 de
2108 1107 40 40 la

135 1180 145 43 veille,
309 1193 174 27 comme
506 1180 107 40 elles
638 1179 241 41 révélaient
918 1180 62 38 les
1012 1178 195 51 reliques
1231 1176 210 53 profanes
1474 1177 105 39 d'un
1603 1176 171 41 Adonis
1799 1190 56 27 ou
1878 1176 54 40 de
1955 1176 194 52 quelque

139 1258 125 31 autre
287 1249 257 50 légendaire
568 1248 260 40 demi-dieu.
865 1246 137 41 L'eau
1027 1246 184 40 lustrale
1230 1245 102 41 s'est
1355 1245 205 53 épandue
1586 1260 83 25 aux
1700 1258 133 27 urnes
1872 1245 77 40 des
1975 1246 147 51 baptis-

138 1322 136 42 tères;
300 1326 41 31 et
365 1317 40 40 le
430 1317 348 47 christianisme,
807 1321 21 35 à
854 1329 82 27 son
959 1317 100 39 insu
1080 1319 241 48 peut-être,
1367 1315 208 39 continue
1614 1314 63 40 les
1715 1322 148 42 gestes
1898 1314 54 40 de
1990 1318 132 36 consé-

136 1387 172 39 cration
331 1394 41 31 et
403 1386 54 40 de
497 1385 284 40 bénédiction
806 1398 85 39 que
915 1384 40 40 le
989 1385 282 51 paganisme,
1305 1391 93 32 tant
1421 1383 53 39 de
1495 1381 84 42 fois
1603 1382 232 47 séculaire,
1862 1384 116 38 avait
2001 1383 123 39 ensei-

135 1458 113 46 gnés
269 1468 54 26 au
349 1455 176 40 monde.
554 1453 32 40 Il
611 1453 170 41 semble
800 1453 104 40 bien
941 1465 85 39 que
1045 1461 112 32 cette
1186 1460 280 43 usurpation,
1501 1451 58 40 du
1584 1459 114 32 reste
1729 1450 223 40 désirable
1974 1460 40 31 et
2035 1451 84 39 heu-

138 1536 143 28 reuse,
311 1536 47 27 se
381 1524 86 39 soit
490 1522 190 41 étendue
713 1536 83 26 aux
833 1521 157 40 choses
1014 1521 53 39 de
1107 1521 40 39 la
1182 1522 221 49 musique.
1441 1518 119 41 C'est
1600 1519 216 52 l'opinion
1856 1521 189 38 motivée
2069 1521 77 40 des

135 1591 244 40 historiens
403 1591 63 39 les
487 1592 148 38 mieux
659 1589 232 41 informés.
920 1587 117 42 Sans
1061 1589 134 40 doute
1216 1603 59 25 un
1299 1588 128 39 choix
1452 1587 230 52 s'imposa.
1708 1587 64 40 De
1789 1591 144 36 même
1964 1602 85 38 que
2082 1589 64 40 les

134 1658 196 42 fervents
354 1659 54 39 de
442 1659 131 54 Jésus
598 1659 231 39 mettaient
861 1670 87 27 une
971 1658 116 39 croix
1111 1671 84 25 aux
1219 1655 206 41 frontons
1449 1662 56 33 où
1529 1669 47 26 se
1597 1656 137 40 tenait
1757 1669 160 27 encore
1940 1656 11 39 1
1971 1670 145 27 assem-

135 1727 97 41 blée
250 1736 280 44 rayonnante
550 1727 77 39 des
645 1727 147 46 dieux,
812 1739 58 27 on
887 1726 146 39 devait
1051 1725 308 39 christianiser
1381 1724 63 39 les
1465 1724 189 52 hymnes
1679 1726 237 49 conquises
1933 1734 40 30 et
1995 1739 124 39 accep-

134 1801 105 35 tées.
268 1795 108 41 Cela
409 1794 62 42 fut
497 1796 133 51 rejeté
652 1803 41 31 et
712 1794 205 52 disparut
936 1794 112 39 dans
1071 1792 171 49 l'oubli,
1270 1793 74 51 qui
1365 1793 106 39 était
1490 1800 97 43 trop
1610 1790 254 42 fidèlement
1885 1796 237 38 caractéris-

135 1867 122 50 tique
280 1864 105 40 d'un
409 1864 116 40 idéal
547 1864 250 40 désormais
826 1865 232 49 réprouvé.
1098 1860 71 42 On
1193 1874 55 27 ne
1271 1862 181 50 pouvait
1483 1860 217 40 admettre
1723 1873 85 39 que
1844 1873 104 27 sous
1974 1861 38 39 la
2039 1870 105 32 note

134 1941 311 44 transparente
487 1932 174 47 éclatât,
711 1944 160 27 encore
921 1928 379 51 reconnaissable,
1353 1929 37 39 le
1439 1928 104 40 cher
1581 1941 105 27 nom
1728 1927 309 53 d'Aphrodite,
2086 1944 56 26 ou

133 2001 175 47 bondît,
332 2010 98 43 trop
452 2001 292 40 violemment
765 2012 178 33 sonore,
969 2013 61 26 un
1070 1997 127 53 appel
1223 2002 21 35 à
1266 1997 250 52 l'orgiaque
1533 1996 239 54 Dionysos.
1797 1996 116 40 Mais
1937 1997 37 40 le
2000 2012 113 38 paga-

133 2072 145 38 nisme
309 2071 117 38 avait
468 2082 147 27 connu
649 2077 41 32 et
720 2069 115 39 servi
872 2067 76 40 des
991 2067 128 40 dieux
1157 2066 101 52 plus
1299 2065 166 40 calmes
1506 2075 40 30 et
1585 2065 54 40 de
1679 2065 190 40 sérénité
1906 2064 234 53 profonde.

131 2137 38 41 L
187 2137 194 54 Olympe
396 2138 26 39 d
435 2139 95 38 'une
553 2137 152 40 Pallas
729 2149 107 38 sage
871 2136 278 40 conseillère,
1175 2147 57 27 ou
1256 2134 105 40 d'un
1383 2132 195 53 Apollon
1614 2131 287 54 pacificateur
1922 2134 52 39 de
1997 2143 144 32 toutes

132 2207 172 46 choses,
332 2220 104 26 sans
461 2206 171 51 grande
651 2208 144 50 peine,
819 2206 183 51 pouvait
1037 2204 183 39 devenir
1252 2217 58 26 un
1334 2202 80 41 ciel
1449 2200 242 42 accessible
1729 2216 55 26 au
1814 2201 113 41 Dieu
1958 2217 184 26 meneur

130 2275 77 40 des
228 2278 123 37 âmes
374 2276 232 44 extasiées,
633 2288 56 26 au
711 2272 153 42 Christ
884 2281 308 43 contempteur
1214 2271 54 40 de
1292 2271 234 52 l'injustice
1548 2279 42 31 et
1614 2270 313 52 dispensateur
1951 2271 53 40 de
2040 2279 100 32 tous

129 2344 63 40 les
212 2342 143 41 biens.
383 2342 144 47 Ainsi,
549 2356 79 38 par
641 2342 98 40 delà
759 2350 93 32 tant
873 2342 52 39 de
945 2341 158 39 haines
1124 2349 40 31 et
1184 2340 52 39 de
1261 2340 284 51 réciproques
1562 2340 440 45 méconnaissances,
2032 2348 109 32 cette

130 2412 204 47 alliance,
362 2425 55 27 au
441 2412 147 39 moins
604 2410 182 40 relative
828 2418 40 32 et
901 2409 218 52 partielle,
1146 2422 21 25 a
1192 2422 57 38 pu
1275 2420 46 27 se
1343 2407 205 40 conclure
1571 2415 41 31 et
1632 2406 146 40 durer.
1806 2406 34 40 C
1860 2415 66 32 est
1959 2422 58 25 un
2042 2409 98 39 titre

129 2480 201 50 glorieux
349 2487 125 32 entre
497 2488 100 31 tous
616 2479 108 39 dont
757 2491 45 27 se
822 2478 93 39 doit
938 2478 195 39 honorer
1163 2475 96 40 l'art
1280 2488 84 39 que
1389 2488 114 27 nous
1533 2476 191 43 aimons,
1746 2473 107 53 qu'il
1878 2476 58 38 ait
1960 2489 58 37 pu
2038 2490 77 37 rap-

128 2548 189 52 procher
340 2548 63 39 les
424 2546 136 41 frères
583 2548 219 48 ennemis,
824 2546 63 39 les
910 2552 254 44 emportant
1188 2545 33 39 si
1258 2544 106 38 haut
1386 2540 130 54 qu'ils
1539 2551 76 31 ont
1639 2540 151 42 oublié
1826 2542 37 39 la
1891 2551 112 31 terre
2026 2543 113 41 dans

128 2616 385 41 l'éblouissement
545 2614 133 41 d'une
712 2618 145 36 même
892 2613 200 40 lumière.
1136 2612 63 40 De
1242 2626 78 38 par
1357 2624 81 26 son
1472 2612 287 50 imprécision
1781 2623 263 39 vaporeuse,
2069 2625 69 26 ses

127 2685 264 40 délicieuses
411 2693 41 31 et
475 2684 226 40 flottantes
724 2681 306 47 incertitudes,
1056 2693 69 28 ses
1167 2680 369 53 prolongements
1563 2692 188 27 sonores
1784 2679 75 51 qui
1884 2692 46 27 se
1953 2679 185 52 perdent

127 2754 113 39 dans
264 2751 174 50 l'infini,
463 2753 38 39 la
528 2753 209 50 musique
755 2751 122 40 seule
900 2751 182 52 pouvait
1106 2749 183 40 réaliser
1310 2761 48 27 ce
1382 2748 203 51 prodige.
1613 2745 290 42 L'harmonie
1922 2747 77 40 des
2030 2761 106 27 sons

127 2823 184 53 pouvait
334 2821 123 41 seule
481 2833 287 28 consommer
784 2819 267 40 l'harmonie
1073 2819 77 39 des
1174 2820 138 37 âmes.
1338 2815 233 42 Toutefois
1592 2813 167 43 n'est-il
1782 2829 78 38 pas
1882 2817 178 39 curieux
2096 2826 40 31 et

125 2893 189 51 piquant
337 2903 87 39 que
443 2890 63 40 les
526 2893 171 37 mêmes
711 2888 158 40 chants
892 2901 47 27 se
960 2889 145 39 soient
1124 2886 146 41 élevés
1281 2889 224 48 peut-être
1529 2889 21 35 à
1568 2883 193 51 Eleusis,
1780 2888 21 36 à
1816 2883 243 53 Epidaure,
2078 2899 56 27 ou

125 2960 164 40 devant
313 2972 47 26 ce
384 2960 251 38 sanctuaire
658 2960 208 48 suprême
885 2957 54 39 de
960 2956 218 40 l'absolue
1200 2954 178 47 beauté,
1421 2954 39 39 le
1480 2953 276 46 Parthénon,
1781 2961 42 32 et
1855 2954 279 40 maintenant

126 3028 211 40 s'élèvent
360 3040 160 27 encore
542 3040 54 26 en
630 3039 81 27 nos
741 3026 164 50 églises
948 3033 145 33 toutes
1126 3024 279 40 chrétiennes
1434 3031 41 31 et
1497 3021 297 53 jalousement
1820 3021 315 53 catholiques?

126 3094 174 43 N'est-il
327 3109 80 38 pas
433 3095 219 50 singulier
671 3093 138 53 qu'un
830 3107 129 39 pape,
987 3094 37 40 le
1045 3092 278 41 mandataire
1346 3092 59 39 du
1428 3090 168 47 Christ,
1617 3090 330 44 recommande,
1961 3103 173 27 comme

126 3165 290 51 l'expression
433 3162 188 53 parfaite
635 3176 53 27 en
707 3165 207 49 musique
931 3163 76 40 des
1024 3163 364 49 enseignements
1405 3167 41 32 et
1462 3158 77 40 des
1563 3158 187 50 dogmes
1772 3158 108 40 dont
1902 3158 232 40 lui-même

123 3243 67 30 est
216 3233 38 40 le
273 3232 205 50 gardien,
516 3245 70 26 ces
623 3231 241 52 mélopées,
908 3245 70 26 ces
1015 3231 204 52 hymnes,
1243 3230 154 51 qu'ont
1420 3231 220 40 écoutées,
1665 3229 217 49 peut-être
1906 3226 225 48 chantées,

123 3301 177 41 ceux-là
338 3304 168 36 mêmes
555 3301 75 50 qui
665 3301 166 38 niaient
864 3299 39 40 le
941 3298 152 41 Christ
1132 3307 40 32 et
1202 3299 179 51 jetaient
1425 3310 81 25 aux
1543 3295 222 52 supplices
1804 3307 71 27 ses
1916 3295 216 51 premiers

123 3373 235 50 croyants?

180 3437 240 41 L'histoire
472 3451 22 25 a
533 3436 53 40 de
641 3448 70 27 ces
772 3435 348 41 contradictions
1172 3434 212 49 bizarres,
1433 3434 114 38 mais
1599 3433 120 38 aussi
1788 3429 343 54 profondément

122 3509 299 39 instructives.
459 3504 63 42 Ce
555 3506 134 39 serait
727 3502 224 42 rabaisser
990 3504 62 39 les
1084 3503 157 40 choses
1275 3515 85 38 que
1398 3501 53 40 de
1491 3502 97 39 voir
1630 3501 39 39 là
1710 3509 174 32 surtout
1924 3515 59 26 un
2016 3501 116 51 sujet
