2276 3736
509 176 52 25 LA
592 173 203 33 MUSIQUE
828 172 272 28 RELIGIEUSE
1134 172 52 26 ET
1219 172 52 26 LA
1304 169 204 34 MUSIQUE
1542 153 205 44 D'ÉGLISE

119 166 84 46 406

120 270 188 40 l'exalte.
336 268 85 42 Les
454 271 200 51 papistes
673 276 193 46 peuvent
889 267 96 40 dire
1007 266 40 40 la
1073 278 148 28 messe
1246 278 105 28 sans
1372 266 226 51 musique,
1621 277 56 27 en
1710 279 61 26 un
1795 276 158 28 morne
1986 263 169 41 silence

122 353 87 40 que
228 339 122 41 seuls
386 348 247 31 traversent
658 337 219 54 quelques
900 344 118 33 mots
1043 336 136 40 latins
1205 339 21 36 à
1251 336 132 51 peine
1420 338 257 36 murmurés
1698 346 9 38 ;
1752 334 40 40 le
1814 333 164 53 prêche
2010 341 67 32 est
2099 332 59 40 de

121 409 40 41 la
186 409 153 52 parole
362 409 59 40 du
463 417 185 44 pasteur
680 406 321 53 bruyamment
1044 404 232 53 répandue
1299 417 9 35 ;
1335 403 28 41 il
1388 412 66 32 est
1479 417 91 28 non
1604 405 151 40 moins
1778 416 164 29 encore
1965 403 59 40 du
2046 416 81 27 con-

120 487 89 32 cert
237 478 54 40 de
311 486 146 32 toutes
477 477 63 41 les
563 478 101 39 voix
688 475 284 42 déchaînées,
992 482 41 33 et
1056 473 107 41 d'un
1183 473 132 53 appel
1339 475 308 49 retentissant,
1674 487 177 28 comme
1872 473 134 40 d'une
2030 485 93 27 som-

122 549 170 38 mation
328 546 198 48 ardente,
555 546 75 52 qui
656 549 99 36 rêve
778 544 53 40 de
855 543 144 41 forcer
1031 542 253 41 l'attention
1320 543 218 40 clémente
1562 551 42 32 et
1644 543 38 40 la
1706 544 107 51 pitié
1833 543 55 40 de
1921 541 232 41 l'Eternel,

120 615 64 41 La
208 614 192 42 réforme
420 616 104 40 s'est
543 614 104 41 faite
673 628 55 27 au
751 612 121 42 bruit
888 613 78 41 des
990 625 231 40 psaumes,
1248 611 324 50 obstinément,
1595 612 347 52 héroïquement
1961 614 188 49 répétés.

118 684 87 41 Les
228 684 248 41 camisards
500 684 257 40 chantaient
792 687 21 36 à
844 681 200 41 l'instant
1068 685 145 37 même
1237 694 87 40 que
1349 681 121 41 leurs
1491 681 159 41 chants
1676 681 64 41 les
1780 682 208 40 devaient
2012 680 142 40 trahir

119 764 41 31 et
179 754 133 40 livrer
341 768 84 25 aux
449 753 344 40 missionnaires
816 750 148 42 bottés
987 751 55 40 de
1066 750 218 48 Louvois,
1307 765 83 26 aux
1411 753 358 38 convertisseurs
1790 751 55 40 de
1868 750 141 41 Louis
2033 748 123 41 XIV..

118 821 152 52 Enfin,
296 836 57 27 on
378 823 146 40 devait
548 821 185 41 chanter
771 821 78 40 des
877 821 235 50 cantiques
1132 819 261 52 huguenots
1430 821 167 52 jusque
1621 833 77 28 sur
1722 820 63 41 les
1809 819 140 41 bancs
1973 819 79 40 des
2076 832 51 37 ga-

120 892 129 40 lères.

175 959 88 42 Les
286 962 218 51 premiers
540 960 240 51 chrétiens,
816 959 203 53 toujours
1058 967 220 44 suspects,
1315 967 190 31 souvent
1531 960 226 52 inquiétés
1791 966 41 32 et
1875 957 277 41 condamnés

120 1035 21 35 à
183 1030 78 41 des
301 1038 259 32 rencontres
593 1030 287 40 incertaines,
922 1033 209 42 secrètes,
1183 1027 78 41 des
1299 1030 216 38 réunions
1555 1028 180 52 rapides
1787 1036 43 32 et
1867 1028 283 51 angoissées,

120 1099 252 41 osaient-ils
392 1098 248 52 cependant
662 1097 194 41 affirmer
879 1098 95 40 leur
997 1096 60 42 foi
1075 1106 42 31 et
1134 1097 120 40 leurs
1274 1101 283 48 espérances,
1578 1097 114 40 dans
1717 1096 220 54 quelques
1960 1096 192 53 hymnes

119 1170 319 51 improvisées,
487 1167 58 40 du
591 1168 147 39 moins
793 1166 114 40 dans
953 1166 196 52 quelque
1187 1165 205 53 mélopée
1441 1165 341 41 douloureuse?
1835 1165 105 41 Cela
1984 1174 67 32 est
2098 1164 57 41 de

119 1246 119 31 toute
263 1235 288 54 probabilité,
597 1235 104 41 bien
725 1249 86 38 que
832 1248 114 27 nous
982 1249 168 38 soyons
1173 1235 54 40 de
1270 1235 93 40 cela
1409 1248 125 27 assez
1569 1235 89 40 mal
1691 1233 235 42 informés.
1962 1233 119 41 Mais
2114 1233 39 40 le

117 1307 99 51 jour
237 1312 55 34 où
330 1305 37 40 le
390 1305 335 40 christianisme
763 1308 204 49 apparaît
990 1302 122 43 enfin
1138 1301 297 55 triomphant,
1461 1304 28 40 il
1522 1308 206 49 apparaît
1752 1305 122 40 aussi
1907 1303 182 41 vibrant
2112 1311 45 32 et

117 1375 228 39 chantant.
391 1371 235 43 Toutefois
668 1373 28 40 il
722 1374 118 39 avait
875 1381 98 44 trop
997 1373 259 52 longtemps
1296 1371 191 42 fulminé
1526 1381 153 32 contre
1703 1373 63 40 les
1800 1370 352 53 magnificences

117 1444 109 40 dont
257 1443 64 39 les
344 1442 140 40 cultes
508 1446 157 48 païens
698 1442 400 48 s'environnaient,
1124 1455 115 39 pour
1278 1454 55 28 ne
1355 1455 81 39 pas
1473 1440 179 42 affecter
1674 1443 192 39 aussitôt
1889 1454 89 28 une
2003 1445 125 36 austé-

117 1514 80 38 rité
220 1512 194 52 quelque
437 1524 85 40 peu
543 1513 282 49 rigoureuse.
852 1510 32 40 Il
910 1519 176 44 accepte
1112 1511 38 39 la
1171 1512 224 50 musique,
1435 1512 113 39 mais
1569 1511 28 39 il
1627 1511 40 40 la
1688 1524 187 28 censure
1897 1520 8 39 ;
1927 1511 113 39 dans
2064 1524 88 26 une

119 1585 179 49 pensée,
324 1584 224 49 peut-être
581 1580 200 51 légitime
818 1588 40 32 et
890 1593 124 27 assez
1052 1580 241 48 naturelle,
1330 1581 54 40 de
1408 1579 288 54 purification
1726 1589 41 32 et
1796 1578 353 53 d'ombrageuse

120 1649 232 51 méfiance,
367 1649 30 40 il
418 1647 153 42 enlève
595 1662 54 27 en
661 1649 195 53 quelque
878 1658 119 31 sorte
1021 1653 22 36 à
1061 1658 112 31 cette
1195 1651 210 51 musique
1432 1649 357 53 quelques-unes
1814 1649 54 41 de
1889 1663 72 27 ses
1978 1660 176 38 armes;,

121 1720 27 40 il
172 1719 145 41 réduit
350 1731 71 28 ses
449 1731 187 40 moyens
657 1717 324 53 d'expression,
1009 1719 28 39 il
1074 1720 205 39 restreint
1305 1731 82 28 son
1408 1719 229 40 domaine.
1658 1718 63 41 Le
1740 1719 338 41 christianisme
2102 1731 46 28 se

120 1788 197 53 rappelle
336 1800 160 28 encore
586 1787 63 40 les
670 1786 255 41 bas-reliefs
939 1802 83 38 par
1034 1787 147 51 grand
1214 1788 166 40 hasard
1402 1792 226 49 épargnés
1654 1788 38 40 le
1714 1788 61 40 lui
1800 1788 350 53 rappelleraient

120 1858 66 40 s'il
209 1858 182 52 pouvait
431 1855 208 41 l'oublier
766 1855 287 53 qu'alentour
1086 1856 79 41 des
1205 1857 145 40 autels
1382 1856 254 42 désormais
1668 1859 235 51 proscrits,
1930 1857 64 41 les
2017 1857 130 41 flûtes

121 1927 260 41 scandaient
419 1926 63 40 les
524 1925 179 53 paroles
739 1926 199 40 rituelles
977 1926 59 40 du
1063 1924 322 43 sacrificateur.
1412 1927 87 39 Les
1534 1927 209 41 docteurs
1768 1927 64 40 les
1862 1928 148 39 mieux
2055 1927 78 40 atti-

124 2001 87 35 trés
235 1995 52 40 de
317 1995 39 40 la
377 1994 61 41 foi
463 1994 209 41 nouvelle
695 2008 55 26 ne
772 1994 223 41 semblent
1020 2008 83 40 pas
1136 1995 131 40 s'être
1308 1995 210 41 accordés
1556 2000 22 35 à
1602 2005 66 32 cet
1693 1996 138 51 égard
1857 2009 55 28 en
1936 1996 79 41 des
2048 2009 80 28 con-

124 2065 198 40 clusions
354 2064 203 51 toujours
581 2062 273 41 semblables
879 2073 40 31 et
944 2063 300 53 jalousement
1266 2067 303 38 maintenues.
1596 2064 254 50 Toutefois,
1888 2065 38 40 le
1947 2065 186 41 christia-

125 2136 144 37 nisme
292 2133 207 47 oriental,
536 2134 282 39 étroitement
840 2135 188 45 associé,
1049 2147 54 26 en
1128 2134 363 51 quelques-unes
1515 2135 54 39 de
1594 2148 69 27 ses
1683 2135 238 40 traditions
1945 2143 41 32 et
2004 2135 54 40 de
2081 2148 70 28 ses

124 2212 250 41 coutumes,
401 2216 55 26 au
491 2202 101 53 plus
629 2202 187 40 lointain
840 2202 352 48 christianisme,
1220 2202 39 40 le
1294 2203 337 40 christianisme
1654 2204 55 39 de
1750 2202 404 55 Constantinople,

125 2274 54 39 de
203 2273 39 39 la
277 2270 138 43 Grèce
438 2281 46 30 et
503 2271 78 40 des
605 2275 202 37 contrées
833 2284 87 39 que
945 2284 71 28 ces
1040 2272 213 40 lumières
1277 2276 257 36 entraînent
1575 2272 196 41 derrière
1794 2273 123 51 elles,
1942 2286 47 28 ce
2013 2274 118 40 chris-

127 2343 208 39 tianisme
358 2342 74 51 qui
458 2354 46 26 se
540 2340 62 40 dit
636 2340 247 41 orthodoxe
913 2349 40 32 et
998 2354 91 39 que
1121 2349 129 32 notre
1280 2340 335 42 christianisme
1652 2342 248 40 occidental
1924 2342 228 53 proclame

127 2410 323 52 schismabque
471 2418 42 31 et
550 2409 248 53 hérétique,
826 2409 287 54 aujourd'hui
1147 2423 181 35 encore,
1350 2423 176 28 comme
1566 2409 232 52 autrefois,
1823 2411 181 42 interdit
2032 2412 98 41 l'em-

128 2480 89 52 ploi
250 2479 79 40 des
367 2481 313 38 instruments.
725 2477 84 42 Les
852 2480 100 39 voix
993 2479 166 50 seules,
1186 2493 106 27 sans
1332 2488 127 32 autre
1495 2490 433 43 accompagnement
1962 2495 86 39 que
2076 2481 78 41 des

134 2552 123 37 âmes
286 2552 247 48 supposées
557 2549 247 46 suivantes,
839 2557 101 31 sont
971 2549 197 40 admises
1206 2553 21 35 à
1263 2547 240 43 l'honneur
1535 2549 53 41 de
1625 2550 127 40 louer
1790 2550 113 40 Dieu
1928 2550 113 41 dans
2070 2564 82 28 son

129 2616 178 53 temple.
328 2615 66 41 En
414 2614 233 50 Occident,
673 2630 87 27 une
784 2616 197 42 solution
1004 2618 102 52 plus
1129 2616 190 42 libérale
1338 2618 149 40 devait
1509 2618 241 52 prévaloir.
1776 2618 199 52 L'orgue
2009 2634 85 38 que
2115 2621 39 40 le

129 2688 266 50 paganisme
419 2686 119 40 avait
561 2698 163 35 connu,
761 2684 218 42 —Néron
1004 2685 64 54 s'y
1091 2687 303 52 complaisait,
1420 2688 167 50 dit-on,
1678 2685 190 54 l'orgue,
1894 2703 60 26 un
1978 2690 155 40 orches-

130 2764 63 32 tre
210 2759 251 45 concentré,
485 2753 188 51 l'orgue,
699 2754 300 42 l'instrument
1024 2760 225 48 suprême,
1270 2770 75 26 car
1359 2756 27 40 il
1407 2756 249 41 rassemble
1677 2761 22 36 à
1721 2771 86 39 peu
1823 2764 118 46 près,
1961 2759 195 41 derrière

130 2824 39 39 la
195 2824 226 52 phalange
447 2827 165 46 rangée
643 2836 55 27 en
734 2822 185 41 bataille
938 2824 54 39 de
1016 2837 70 27 ses
1110 2834 165 43 tuyaux
1300 2828 331 49 retentissants,
1655 2836 147 31 toutes
1827 2827 63 41 les
1914 2830 240 47 sonorités,

130 2902 101 31 tous
252 2892 63 39 les
352 2891 200 50 timbres,
579 2900 146 31 toutes
764 2892 64 40 les
847 2894 117 45 voix,
999 2892 171 51 l'orgue
1206 2908 52 25 va
1283 2894 185 40 devenir
1489 2894 131 41 l'âme
1644 2900 275 37 résonnante
1955 2898 79 39 des
2058 2898 97 41 nefs

131 2973 187 28 sonores
348 2968 42 31 et
413 2960 76 39 des
526 2958 219 43 sublimes
769 2961 293 41 cathédrales.
1089 2960 266 54 Cependant
1387 2963 172 50 l'orgue
1596 2964 248 49 lui-même,
1870 2979 55 27 en
1951 2966 197 54 quelque

132 3043 193 36 mesure,
352 3029 177 41 devient
558 3039 180 43 suspect
764 3040 8 37 ;
795 3039 41 31 et
858 3029 160 53 Rome,
1041 3036 292 36 accoutumée
1355 3030 138 42 d'être
1517 3031 129 41 obéie
1669 3033 160 53 depuis
1855 3034 62 42 les
1940 3036 216 42 lointains

131 3098 179 51 Césars,
351 3098 143 42 Rome
526 3100 268 52 entreprend
831 3100 53 40 de
907 3100 215 51 gronder,
1157 3101 54 40 de
1235 3114 211 28 menacer
1469 3105 147 38 même
1639 3117 8 34 ;
1675 3111 42 32 et
1741 3103 28 40 il
1792 3104 174 42 semble
1989 3106 167 53 qu'une

131 3170 194 38 certaine
364 3170 209 50 musique
592 3178 66 31 est
680 3182 54 27 en
755 3182 134 39 passe
916 3170 257 41 d'encourir
1199 3184 87 27 une
1310 3172 259 39 accusation
1590 3171 54 41 de
1669 3173 236 52 sacrilège.
1933 3173 123 44 C'est
2093 3190 42 27 re-

131 3236 213 42 doutable
366 3253 8 33 ;
405 3246 42 32 et
468 3239 255 51 quiconque
747 3251 19 27 s
786 3240 220 39 intéresse
1039 3241 281 50 pieusement
1346 3252 57 27 ou
1428 3242 374 50 passionnément
1827 3247 19 36 à
1877 3244 38 39 la
1943 3247 210 51 musique

131 3314 106 44 peut
259 3306 273 41 s'émouvoir
550 3307 54 40 de
619 3316 112 31 cette
753 3309 119 50 prise
891 3308 209 46 d'armes,
1133 3309 54 40 de
1214 3322 48 27 ce
1282 3309 152 41 conflit
1455 3319 41 32 et
1528 3311 80 40 des
1631 3312 269 52 prochaines
1924 3314 235 43 destinées

132 3381 56 34 où
212 3375 98 40 l'art
337 3377 74 51 qui
445 3389 114 27 nous
579 3385 65 32 est
667 3377 105 40 cher
796 3378 150 51 risque
969 3378 54 40 de
1058 3380 197 38 recevoir
1277 3378 78 41 des
1380 3378 168 53 leçons,
1584 3380 53 41 de
1668 3391 260 32 rencontrer
1968 3384 79 40 des
2072 3384 54 41 ob-

132 3444 176 49 stacles,
330 3444 53 40 de
416 3444 126 41 subir
563 3445 78 40 des
666 3445 313 53 réprobations
997 3448 196 52 quelque
1217 3460 86 40 peu
1334 3450 305 40 inattendues.

191 3511 159 50 Rome,
372 3527 115 27 nous
509 3514 252 41 entendons
785 3515 38 40 la
858 3514 143 42 Rome
1037 3517 257 52 catholique
1327 3526 40 32 et
1403 3519 163 52 papale
1590 3522 75 49 qui
1690 3523 122 38 vient
1833 3522 53 40 de
1911 3521 249 44 s'incarner
