2276 3736
126 201 82 36 402

796 448 290 41 ALFRED
1136 444 363 43 BRUNEAU

186 634 133 41 Nous
350 634 184 41 n'avons
548 644 90 41 pas
668 629 26 42 à
717 629 249 54 présenter
987 625 27 42 à
1047 639 82 28 nos
1152 625 198 41 lecteurs
1373 636 57 28 un
1455 621 316 55 compositeur
1792 620 130 41 aussi
1940 616 231 43 renommé

126 716 89 42 que
256 704 66 39 M.
360 700 173 57 Alfred
567 700 221 41 Bruneau
812 713 13 34 ;
858 710 113 28 nous
1009 695 193 42 voulons
1236 694 295 53 simplement
1564 690 172 42 rendre
1773 690 245 52 hommage
2051 686 27 42 à
2110 699 57 28 un

127 771 158 57 grand
318 771 170 42 artiste
522 776 45 34 et
604 767 216 55 rappeler
858 765 279 42 brièvement
1166 775 73 28 ses
1264 761 291 55 principaux
1593 758 152 42 titres.
1783 756 77 43 Né
1884 755 26 42 à
1949 756 146 41 Paris
2128 756 40 39 le

129 841 31 42 3
178 854 125 28 mars
329 838 144 58 iBsy,
494 838 58 42 A.
568 837 220 42 Bruneau
807 835 145 42 obtint
973 831 198 43 d'abord
1192 845 58 28 au
1272 828 363 45 Conservatoire
1656 830 42 39 le
1720 840 24 28 2
1753 836 13 15 e
1789 827 113 52 prix
1926 823 174 57 {1874)
2124 830 46 35 et

132 911 39 39 le
201 924 17 27 i
228 915 34 19 er
276 908 119 55 prix
417 908 56 41 de
505 906 270 43 violoncelle
797 917 53 28 en
892 899 149 59 iBy6.
1068 901 41 42 Il
1132 907 70 36 est
1213 898 120 56 prix
1352 898 54 42 de
1438 899 142 41 Rome
1612 896 56 41 de
1695 893 148 44 1881.
1875 894 85 41 Ses
1988 906 182 29 œuvres

130 979 56 42 de
209 982 44 39 la
275 977 194 57 période
489 977 55 40 de
567 976 138 41 début
726 981 105 35 sont
859 972 121 43 Léda
1000 970 16 49 (
1021 972 199 51 chœurs,
1242 968 235 43 orchestre
1502 976 43 33 et
1563 965 135 55 solo),
1715 964 142 57 jouée
1886 978 59 28 au
1968 965 203 40 Concert

134 1048 193 42 Godard
347 1061 53 28 en
440 1043 126 44 1882
588 1058 16 37 ;
640 1042 262 43 Ouverture
941 1039 246 55 héroïque,
1212 1037 156 62 jouée,
1396 1038 45 39 la
1458 1037 144 40 même
1630 1037 156 48 année,
1814 1047 94 28 aux
1938 1033 229 42 Concerts

129 1118 263 52 Pasdeloup
414 1132 12 34 ;
463 1111 291 45 Penthésilée
794 1111 9 53 (
811 1111 210 42 Colonne
1049 1115 45 36 et
1117 1110 338 50 Lamoureux),
1494 1105 43 42 la
1573 1104 128 43 Belle
1724 1117 56 27 au
1817 1103 104 41 bois
1944 1104 222 40 dormant

127 1185 279 56 [Colonne);
444 1180 230 57 Requiem
704 1180 11 55 (
1325 1178 130 58 iBg6
864 1179 29 56 ).
931 1180 71 39 Au
1267 1176 882 42 théâtreon
1353 1176 91 41 sait
1471 1171 258 59 qu'Alfred
1766 1172 224 41 Bruneau
2036 1184 27 27 a
2095 1170 72 42 été

125 1269 58 28 un
207 1251 400 46 révolutionnaire
629 1259 43 33 et
694 1264 58 27 un
774 1249 216 42 créateur
1011 1245 140 43 hardi
1170 1263 13 25 :
1206 1246 34 41 il
1262 1259 26 26 a
1311 1244 226 43 substitué
1556 1256 59 28 au
1635 1254 295 43 personnage
1951 1240 27 42 à
2002 1252 166 44 casque

122 1338 59 27 ou
204 1327 26 38 à
248 1321 257 57 pourpoint
527 1320 56 42 de
606 1318 197 42 l'ancien
839 1330 158 42 opéra,
1024 1315 212 42 l'homme
1273 1313 114 49 réel,
1422 1311 189 43 observé
1643 1311 113 42 dans
1797 1311 44 40 la
1870 1310 72 41 vie
1964 1316 174 35 contem-

120 1393 217 55 poraine,
362 1397 45 36 et
428 1387 232 56 remplacé
693 1388 40 41 le
759 1387 139 41 livret
919 1398 53 28 en
996 1397 103 29 vers
1115 1397 92 42 par
1241 1385 40 40 le
1303 1383 138 41 livret
1463 1395 55 28 en
1698 1393 14 37 ;
1738 1379 284 42 orientation
2044 1385 126 35 toute

125 1463 207 42 nouvelle
351 1461 60 42 du
427 1459 161 42 drame
606 1459 207 54 lyrique,
837 1456 115 42 dont
973 1456 40 40 le
1028 1453 161 55 public
1204 1453 107 42 s'est
1344 1451 198 43 d'abord
1564 1451 180 49 étonné,
1771 1451 117 39 mais
1922 1449 80 55 qui
2022 1461 114 42 appa-

124 1539 96 35 raît
251 1542 175 30 comme
459 1529 43 41 la
535 1527 311 56 conséquence
881 1525 186 54 logique
1105 1522 56 42 de
1195 1522 268 42 l'évolution
1504 1519 252 52 littéraire,
1790 1518 373 54 philosophique,

122 1602 256 53 artistique
395 1604 44 36 et
451 1598 173 41 sociale
646 1595 61 42 du
723 1594 138 43 XIX'-
882 1594 155 41 siècle.
1051 1593 71 40 De
1137 1597 95 36 très
1255 1590 153 42 beaux
1432 1589 183 42 drames
1637 1590 258 47 musicaux,
1913 1589 86 39 tels
2017 1599 88 43 que
2124 1586 42 41 le

140 1665 326 59 Rève(iSgi),
466 1666 233 54 /'Attaque
719 1663 61 42 du
806 1660 184 43 Moulin
1010 1663 9 49 (
1933 1659 165 58 iBg3),
1225 1658 235 43 Messidor
1611 1656 62 57 7),
1692 1656 258 55 /'Ouragan
1970 1655 12 55 (
2129 1655 30 55 ),

112 1739 215 54 plaident
343 1750 122 42 pour
484 1741 116 36 cette
634 1734 255 53 esthétique
912 1730 238 56 originale
1170 1730 234 53 beaucoup
1427 1729 161 40 mieux
1606 1740 86 43 que
1712 1726 80 42 des
1810 1725 215 43 théories.
2040 1725 93 42 Mal-

119 1806 88 56 gré
224 1819 71 29 ses
317 1804 246 42 tendances
586 1801 237 50 réalistes,
837 1797 171 57 Alfred
1029 1799 241 49 Bruneau,
1286 1797 81 55 qui
1390 1795 73 43 n'a
1489 1795 221 42 travaillé
1733 1801 43 34 et
1800 1806 55 29 ne
1876 1800 104 35 veut
2003 1792 133 43 désor-

120 1876 119 41 mais
261 1872 246 43 travailler
540 1884 87 43 que
656 1882 84 30 sur
770 1868 79 42 des
878 1868 163 41 livrets
1062 1866 198 42 d'Emile
1300 1866 142 49 Zola,
1475 1871 67 34 est
1576 1870 101 35 tout
1712 1863 42 41 le
1783 1862 241 43 contraire
2051 1862 110 41 d'un

121 1945 159 40 brutal
298 1955 11 28 :
334 1942 108 42 c'est
460 1955 60 26 un
539 1940 176 46 tendre,
741 1951 57 28 un
820 1937 199 52 sincère,
1042 1950 58 26 un
1127 1936 207 54 lyrique,
1355 1933 177 42 aimant
1554 1932 26 42 à
1601 1932 265 42 construire
1893 1931 265 53 librement,

120 2026 108 28 sans
244 2026 49 28 se
308 2011 284 56 préoccuper
614 2009 42 41 le
675 2008 148 42 moins
1575 2006 60 41 du
925 2006 157 41 monde
1101 2004 56 42 de
1171 2004 176 56 flatter
1363 2006 41 39 le
1422 2003 177 55 public,
1625 2002 81 42 des
1726 2017 21 25 «
1767 2003 157 55 palais
1944 2000 55 44 de
2013 2013 110 29 sons
2142 2017 19 22 »

121 2084 27 40 à
182 2083 43 39 la
244 2083 94 47 fois
359 2079 236 55 puissants
618 2084 44 35 et
682 2078 214 41 délicats.
922 2075 44 42 Il
988 2089 27 27 a
1039 2075 196 40 maintes
1245 2073 107 56 fois
1373 2072 220 41 bousculé
1615 2072 43 40 la
1678 2070 297 56 grammaire

125 2149 220 43 tionnelle
362 2164 13 35 ;
407 2149 114 39 mais
544 2160 80 28 son
649 2145 276 54 inspiration
966 2150 68 35 est
1060 2143 57 40 de
1148 2144 242 39 caractère
1420 2141 94 41 très
1545 2139 282 56 mélodique,
1851 2147 59 39 et,
1935 2140 108 55 che\
2077 2140 85 51 lui,

124 2227 99 34 tout
240 2227 113 45 part
373 2216 59 42 du
454 2228 142 30 cœur.
621 2214 74 42 En
712 2213 169 41 dehors
898 2213 61 40 du
985 2210 197 51 théâtre,
1207 2211 34 40 il
1264 2224 27 27 a
1310 2209 159 56 publié
1489 2207 107 56 che\
1617 2207 245 42 Choudens
1884 2206 79 43 des
1983 2220 181 29 œuvres

125 2291 93 38 très
254 2289 268 39 curieuses:
573 2284 65 42 les
670 2281 138 43 Lieds
847 2281 55 42 de
947 2281 176 41 France
1157 2280 214 54 (paroles
1406 2279 55 40 de
1499 2277 189 41 Catulle
1721 2276 233 56 Mendès),
1987 2277 176 41 recueil

122 2357 113 41 dont
256 2369 113 29 nous
390 2355 206 42 donnons
618 2366 57 28 un
695 2352 182 42 extrait
898 2350 116 43 dans
1033 2356 133 36 notre
1187 2347 315 57 Supplément,
1518 2354 46 35 et
1584 2348 64 40 les
1668 2345 250 43 Chansons
1935 2345 24 43 à
1977 2346 184 42 danser.

120 2425 98 43 J'ai
232 2439 66 40 pu
314 2425 273 56 parcourir,
619 2421 119 52 hier,
765 2421 41 42 le
832 2421 262 40 manuscrit
1129 2425 45 34 et
1209 2418 65 41 les
1300 2417 256 56 premières
1576 2418 221 51 épreuves
1833 2414 56 42 de
1926 2413 237 43 /'Enfant-

122 2493 106 54 Roi,
257 2494 117 55 quel
379 2492 404 57 Opéra-Comique
801 2502 113 28 nous
924 2488 209 42 donnera
1716 2484 62 42 La
1799 2483 120 43 faute
1941 2484 55 42 de
2010 2483 152 43 l'abbé

125 2564 208 50 Mouret;
367 2561 55 57 je
431 2575 70 27 me
524 2558 219 43 bornerai
760 2558 28 42 à
811 2564 235 36 constater
1067 2569 87 42 que
1180 2569 85 28 sur
1288 2562 117 34 cette
1416 2554 237 55 partition
1677 2555 306 49 manuscrite,
2002 2555 135 54 singu-

125 2634 239 41 lièrement
399 2630 264 42 attachante
694 2642 124 42 pour
853 2628 124 52 l'œil,
1018 2628 34 39 il
1089 2625 80 51 n'y
1203 2639 25 28 a
1256 2639 84 41 pas
1376 2638 85 28 une
1494 2625 128 41 seule
1651 2630 182 47 rature,
1860 2637 86 42 pas
1975 2637 59 28 un
2062 2627 101 39 seul

125 2699 256 57 repentir...

183 2770 214 56 Critique
418 2768 492 55 exceptionnellement
928 2764 228 53 autorisé,
1182 2771 44 35 et
1248 2764 135 40 d'une
1405 2764 255 40 courtoisie
1677 2761 214 56 parfaite
1914 2762 80 55 qui
2010 2762 152 42 s'allie

125 2841 25 40 à
176 2853 85 28 une
298 2840 175 39 entière
498 2835 202 57 probité,
736 2832 174 54 Alfred
947 2834 219 39 Bruneau
1207 2845 28 27 a
1268 2831 118 41 écrit
1408 2830 78 43 des
1514 2832 141 41 livres
1692 2832 94 41 très
1819 2831 305 42 substantiels
2148 2844 13 28 :

129 2906 219 56 Musique
374 2903 148 44 d'hier
547 2915 41 30 et
611 2903 55 42 de
686 2902 186 42 demain
1112 2900 135 57 (igoo),
1248 2900 102 54 Musique
1369 2898 227 54 française
1851 2898 222 56 Musique
2106 2900 55 42 de

130 2976 168 43 Russie
320 2987 42 29 et
386 2972 253 43 musiciens
663 2972 55 42 de
745 2972 175 41 France
945 2968 181 59 (igo3).
1161 2971 71 40 Au
1256 2977 204 33 moment
1482 2968 56 42 de
1571 2969 44 40 la
1639 2967 217 43 dernière
1875 2968 284 55 Exposition

129 3044 292 50 universelle,
453 3043 35 41 il
506 3057 25 26 a
557 3042 71 42 été
647 3042 150 41 choisi
808 3053 94 42 par
926 3039 42 42 le
992 3039 224 41 Ministre
1235 3038 56 41 de
1315 3037 320 42 l'lnstruction
1651 3037 223 54 publique
1890 3051 125 40 pour
2035 3038 100 42 rédi-

125 3128 86 42 ger
234 3128 57 27 un
317 3119 189 49 rapport
524 3110 195 58 général
738 3123 84 29 sur
846 3109 46 41 la
914 3109 207 54 musique
1136 3105 261 56 française.
1419 3104 229 57 Ajoutons
1681 3107 186 54 qu'avec
1897 3107 128 42 MM.
2055 3108 78 41 Vin-

125 3190 104 36 cent
248 3182 174 58 d'indy
455 3188 42 34 et
531 3180 158 42 Dukas
714 3179 36 42 il
769 3178 104 57 fait
901 3178 157 53 partie
1079 3176 61 41 du
1180 3174 179 43 Comité
1382 3174 177 57 chargé
1594 3174 57 43 de
1686 3175 176 42 choisir
1895 3176 66 42 les
1980 3189 181 29 œuvres

127 3251 195 44 inédites
352 3264 85 42 que
465 3250 111 51 fera
613 3249 237 47 entendre,
1662 3248 162 40 l'hiver
1836 3245 248 55 prochain,
2109 3244 62 43 M.

182 3323 146 53 Signe
345 3320 282 55 particulier
646 3333 15 26 :
681 3316 172 57 Alfred
875 3317 223 41 Bruneau
1123 3316 123 41 vient
1267 3314 147 42 d'être
1430 3326 171 42 promu
1625 3314 178 58 officier
1819 3315 57 42 de
1910 3316 44 41 la
1975 3316 182 55 Légion

126 3391 269 50 d'honneur,
426 3401 109 28 sans
555 3387 132 42 avoir
708 3385 204 43 sollicité
930 3392 116 35 cette
1076 3386 139 41 haute
1240 3383 296 55 récompense
1557 3390 46 35 et
1622 3396 112 29 sans
1761 3383 165 42 l'avoir
1932 3385 105 54 fait
2063 3387 72 40 sol-

129 3460 153 42 liciter
291 3472 95 41 par
406 3471 71 28 ses
496 3458 133 41 amis.

1718 3522 39 43 J.
1786 3522 54 44 C.
