2276 3736
518 214 49 25 LA
600 212 202 33 MUSIQUE
835 211 269 28 RELIGIEUSE
1138 211 52 26 ET
1223 211 51 25 LA
1307 207 200 33 MUSIQUE
1541 192 204 40 D'ÉGLISE

2064 201 80 40 405

132 310 129 51 jouée
294 308 441 52 harmoniquement,
769 305 66 41 M.
884 305 179 42 Hôvker
1099 318 194 40 propose
1328 304 53 40 de
1414 303 110 40 faire
1547 315 87 28 une
1670 311 186 41 marque
1897 312 54 25 au
1987 310 163 39 crayon

132 376 346 55 [Bleistiftstrich
485 377 7 51 )
517 391 76 26 sur
617 377 38 39 le
679 376 189 40 manche
891 376 59 40 du
972 375 251 46 violoniste,
1249 374 110 40 dans
1384 372 62 40 les
1469 372 112 39 deux
1599 383 72 27 cas
1694 375 56 34 où
1775 368 28 39 il
1829 366 77 41 fait
1938 365 213 41 entendre

132 445 281 49 l'intervalle,
451 454 41 32 et
527 447 188 45 ensuite,
755 445 52 40 de
832 457 245 39 comparer.
1105 442 112 40 MM.
1244 441 155 41 Cornu
1433 449 40 31 et
1497 438 262 49 Mercadier,
1787 438 75 51 qui
1886 449 54 26 ne
1964 447 46 27 se
2043 447 81 27 con-

132 524 167 31 tentent
329 529 81 38 pas
432 516 121 39 aussi
579 513 272 50 facilement,
878 520 76 33 ont
977 513 114 39 suivi
1111 524 87 27 une
1222 519 124 32 autre
1371 508 223 42 méthode.
1623 506 201 54 Opérant
1840 504 25 40 d
1886 503 138 41 abord
2047 516 104 27 avec

134 584 78 39 des
238 584 253 46 chanteurs,
517 583 54 40 ils
595 591 77 31 ont
697 581 78 40 fait
806 586 182 35 émettre
1013 580 62 39 les
1098 592 105 27 sons
1226 583 21 35 à
1271 578 171 40 étudier
1465 577 163 40 devant
1651 590 60 26 un
1735 577 269 38 instrument
2026 584 100 28 enre-

134 654 193 49 gistreur
351 651 56 52 (le
430 647 443 57 phonautographe),
893 651 74 50 qui
992 649 151 38 inscrit
1167 647 229 40 lui-même
1419 647 62 38 les
1503 644 251 41 vibrations
1771 657 75 26 sur
1870 657 58 25 un
1952 640 198 53 cylindre

132 720 54 40 de
209 723 155 49 papier
386 722 138 38 noirci
560 728 40 31 et
622 720 74 51 qui
729 726 65 32 est
818 717 219 52 complété
1060 730 79 37 par
1171 730 59 25 un
1258 714 344 51 chronographe
1635 713 241 50 électrique
1910 717 239 45 marquant

134 790 37 38 la
208 789 207 48 seconde,
450 802 47 26 ce
520 789 75 50 qui
628 787 150 39 donne
803 786 62 38 les
900 784 215 40 éléments
1153 783 132 40 d'une
1324 783 316 51 comparaison
1673 781 275 40 strictement
1982 786 163 32 exacte.

136 856 55 41 Ils
225 866 75 31 ont
334 856 237 41 renouvelé
604 856 94 39 leur
721 855 275 51 expérience,
1021 852 113 40 dans
1155 852 63 39 les
1242 855 170 36 mêmes
1447 850 270 48 conditions,
1754 861 104 26 avec
1881 847 78 39 des
1983 849 143 37 instru-

134 934 144 31 ments
304 929 20 35 à
350 925 155 40 cordes
528 933 41 31 et
593 922 122 42 enfin
739 936 105 26 avec
867 922 113 40 deux
1006 930 164 42 tuyaux
1194 919 201 50 d'orgue.
1427 918 123 39 Dans
1573 930 48 27 ce
1653 917 178 39 dernier
1860 928 87 34 cas,
1984 915 53 38 ils
2074 921 76 32 ont

135 998 144 36 même
300 993 184 48 obtenu,
511 998 20 34 à
558 991 132 42 l'aide
713 992 58 40 du
792 1004 82 27 son
896 990 232 48 résultant,
1155 1001 87 27 une
1263 985 294 42 vérification.

189 1068 46 44 4°
256 1061 134 41 Enfin
414 1061 113 41 MM.
551 1060 154 42 Cornu
731 1068 40 32 et
800 1058 267 43 Mercadier,
1099 1065 131 33 usant
1254 1056 104 40 d'un
1382 1057 268 37 instrument
1671 1064 206 28 nouveau
1921 1050 113 39 mais
2054 1057 72 32 tou-

134 1133 121 52 jours
278 1131 134 40 fondé
436 1144 76 27 sur
534 1130 38 40 le
586 1131 202 52 principe
811 1129 53 39 de
887 1127 402 50 l'enregistrement
1313 1124 308 50 automatique
1646 1121 77 39 des
1745 1116 284 51 vibrations),
2049 1125 101 32 sont

136 1202 165 38 arrivés
323 1214 82 26 aux
437 1203 169 36 mêmes
635 1199 209 40 résultats
867 1205 41 32 et
938 1211 83 25 aux
1042 1199 168 36 mêmes
1233 1193 286 40 conclusions
1543 1204 86 39 que
1651 1203 112 39 pour
1783 1188 39 40 la
1849 1190 147 47 tierce,
2025 1200 53 26 en
2102 1199 47 26 ce

136 1271 75 51 qui
235 1282 216 27 concerne
475 1268 62 40 les
566 1266 258 42 intervalles
847 1266 54 40 de
936 1267 130 38 tierce
1103 1265 218 44 mineure,
1360 1261 52 40 de
1437 1268 172 45 quarte,
1642 1259 53 39 de
1729 1258 167 52 quinte,
1932 1256 25 40 d
1979 1263 168 41 octave,

136 1339 54 39 de
211 1338 189 40 seconde
423 1346 40 31 et
487 1338 53 39 de
564 1338 227 51 septième.
814 1334 126 52 (Voir
960 1334 94 39 leur
1074 1331 217 41 Mémoire
1311 1331 53 39 de
1390 1329 73 50 187
1481 1327 51 53 i.)

1515 1415 137 54 JULES
1691 1413 284 41 COMBARIEU.

393 1688 75 39 La
506 1686 270 52 musique
817 1684 310 54 religieuse
1160 1686 56 38 et
1251 1683 54 41 la
1343 1682 268 52 musique
1643 1680 246 53 d'église.

236 1821 49 26 LE
320 1820 316 27 PLAIN-CHANT.
768 1820 51 26 LA
857 1816 199 33 MUSIQUE
1090 1816 398 27 PALESTINIENNE.
1601 1801 297 40 L'ÉVOLUTION
1934 1812 110 26 DANS

685 1874 213 40 L'ÉGLISE.
1033 1886 51 26 LA
1122 1883 198 34 MUSIQUE
1362 1884 230 26 MODERNE.

189 2002 117 42 L'art
329 2016 56 27 en
421 2016 70 26 ses
515 2001 360 41 manifestations
918 2001 63 40 les
1003 2001 100 52 plus
1145 2000 214 47 diverses,
1384 1998 39 39 la
1449 1997 190 50 religion
1658 2009 55 26 en
1754 2009 82 26 son
1866 1995 114 40 idéal
2013 1995 108 40 chan-

134 2081 151 42 geant,
312 2085 69 27 ses
398 2072 131 39 dieux
553 2074 169 36 mêmes
739 2079 100 31 tour
860 2074 21 35 à
899 2077 100 33 tour
1022 2068 276 53 dépossédés
1320 2081 56 26 ou
1395 2070 229 45 régnants,
1651 2077 45 28 se
1720 2065 205 39 devaient
1947 2065 200 51 toujours

136 2140 222 54 rejoindre
382 2140 133 40 d'une
538 2152 238 28 commune
796 2140 229 45 attirance,
1060 2146 40 31 et
1125 2137 292 50 longuement
1456 2148 47 27 se
1526 2138 217 48 pénétrer.
1771 2133 117 40 Tout
1911 2146 47 27 ce
1982 2133 75 50 qui
2081 2141 66 32 est

134 2210 54 39 de
211 2210 100 52 joie,
343 2209 54 39 de
421 2208 258 53 splendeur,
705 2208 52 40 de
797 2206 99 49 fête,
922 2206 53 40 de
999 2207 250 51 captivante
1283 2204 271 45 décoration,
1582 2216 21 26 a
1625 2215 47 27 sa
1696 2202 124 52 place
1856 2206 212 47 marquée
2091 2215 52 26 au

134 2284 178 45 cortège
336 2279 53 39 de
419 2278 37 39 la
483 2278 199 50 divinité,
729 2276 160 53 qu'elle
921 2275 204 41 chemine
1166 2288 77 26 sur
1266 2274 39 40 la
1331 2282 113 31 terre
1482 2285 54 26 en
1561 2272 38 38 la
1636 2270 254 40 familiarité
1913 2268 128 41 facile
2068 2270 77 38 des

134 2347 228 49 humains,
387 2359 56 26 ou
469 2345 160 52 qu'elle
672 2344 132 52 plane
828 2359 83 26 aux
944 2342 299 54 profondeurs
1285 2342 77 40 des
1389 2345 215 47 mystères
1637 2339 212 40 lointains
1872 2347 40 31 et
1935 2338 112 40 dans
2086 2352 58 25 un

132 2416 279 49 vertigineux
448 2411 144 42 infini.
633 2411 265 54 Cependant
921 2413 28 39 il
987 2411 63 40 fut
1073 2412 77 39 des
1187 2411 130 40 dieux
1353 2422 105 27 sans
1493 2422 144 26 aucun
1679 2407 163 52 temple
1867 2419 8 36 ;
1917 2420 85 26 une
2035 2407 110 39 cime

134 2484 266 40 souveraine
441 2491 41 31 et
522 2481 219 52 quelques
764 2482 167 51 pierres
967 2479 247 41 suffisaient
1254 2484 21 34 à
1301 2479 39 39 la
1371 2478 307 40 consécration
1710 2484 41 31 et
1792 2479 21 35 à
1854 2475 9 39 1
1885 2475 175 49 étalage
2090 2474 53 39 de

134 2552 94 38 leur
243 2552 398 50 toute-puissance.
668 2548 117 41 Mais
808 2562 57 27 on
889 2562 54 27 ne
978 2549 174 48 conçoit
1174 2553 137 44 guère
1330 2547 53 39 de
1407 2545 188 50 religion
1621 2552 40 32 et
1681 2543 52 40 de
1772 2543 114 40 culte
1909 2556 105 26 sans
2049 2557 62 25 mu-

133 2622 141 50 sique.
301 2618 62 40 Le
405 2618 128 39 Verbe
555 2618 122 40 divin
700 2618 53 40 de
776 2617 230 40 lui-même
1028 2625 65 31 est
1116 2629 175 27 sonore.
1315 2614 221 41 Eveillant
1559 2613 61 40 les
1643 2612 133 40 échos
1800 2613 267 50 mystérieux
2091 2611 52 39 de

132 2688 145 50 l'âme,
295 2688 27 40 il
343 2686 171 42 semble
538 2702 58 37 qu
616 2688 28 38 il
662 2686 130 41 doive
806 2688 189 38 aussitôt
1007 2686 62 39 les
1093 2684 109 41 faire
1225 2685 184 40 chanter
1431 2697 83 26 aux
1536 2683 139 39 lèvres
1700 2681 76 40 des
1796 2678 269 55 croyants.L
2086 2679 39 40 Is-

132 2758 206 39 lamisme
369 2757 250 47 lui-même,
647 2769 84 39 peu
757 2755 187 40 musical
978 2754 266 53 cependant,
1271 2752 218 53 prolonge
1513 2760 41 31 et
1578 2754 156 45 traîne,
1756 2763 55 26 en
1835 2762 85 27 une
1944 2748 199 52 mélopée

131 2827 52 39 de
222 2826 180 39 charme
426 2829 185 46 étrange
634 2833 40 31 et
698 2825 292 52 pittoresque,
1033 2822 162 53 l'appel
1235 2822 58 40 du
1318 2822 200 40 muezzin
1553 2828 41 32 et
1637 2819 38 39 le
1709 2832 104 26 nom
1837 2817 52 40 de
1912 2815 231 41 Mahomet

132 2896 173 39 associé
328 2909 54 25 au
407 2907 105 27 nom
538 2891 193 42 d'Allah.
766 2892 70 42 Un
870 2891 136 41 subtil
1049 2891 348 52 gazouillement
1437 2890 52 40 de
1514 2890 104 38 flûte
1653 2886 76 41 fait
1754 2885 326 42 tourbillonner
2104 2886 37 39 la

132 2963 139 41 ronde
295 2963 77 40 des
411 2963 233 40 derviches
684 2970 94 32 tout
803 2966 22 35 à
866 2961 167 40 l'heure
1070 2962 146 49 grisés
1239 2959 134 40 d'une
1410 2966 149 33 extase
1592 2959 167 50 pieuse.
1787 2954 71 42 On
1888 2968 54 27 ne
1975 2956 166 39 saurait

132 3032 221 50 imaginer
374 3044 105 26 sans
519 3031 207 51 musique
750 3029 62 40 les
830 3030 282 51 processions
1134 3031 173 36 sacrées
1328 3028 74 49 qui
1427 3025 307 52 s'épandaient
1773 3037 82 26 aux
1879 3021 261 42 ombreuses

132 3100 273 40 colonnades
428 3099 77 39 des
536 3098 186 53 temples
746 3098 251 52 égyptiens,
1026 3097 131 40 celles
1183 3097 91 51 qui,
1300 3095 111 39 dans
1444 3094 38 39 la
1510 3093 202 40 radieuse
1738 3091 200 47 Ilellade,
1963 3103 150 39 empor-

132 3170 137 38 taient
308 3168 40 39 la
385 3168 265 51 population
674 3166 132 40 d'une
830 3168 82 38 cité
948 3174 93 32 tout
1065 3166 167 39 entière
1254 3177 99 27 vers
1377 3163 193 52 quelque
1606 3161 252 40 sanctuaire
1890 3167 123 31 entre
2043 3166 99 31 tous

132 3240 160 36 vénéré
312 3244 40 32 et
380 3236 133 38 chéri.
545 3234 87 40 Les
655 3248 213 39 psaumes
904 3235 58 39 du
984 3234 102 40 vieil
1112 3232 134 41 Israël
1270 3234 165 38 étaient
1458 3231 184 40 chantés
1667 3244 8 33 ;
1702 3237 40 32 et
1763 3228 317 40 certainement
2105 3226 38 39 le

134 3307 129 50 pieux
289 3304 145 40 David
473 3302 67 40 n'a
568 3316 79 39 pas
682 3303 139 40 dansé
857 3303 162 40 devant
1056 3302 165 40 l'arche
1260 3302 142 39 sainte
1435 3312 105 26 sans
1589 3297 459 51 l'accompagnement
2089 3295 53 39 de

132 3373 194 53 quelque
350 3373 223 51 musique.
599 3371 69 40 En
701 3371 77 40 des
802 3373 108 48 âges
934 3378 94 33 tout
1051 3371 169 39 voisins
1255 3369 53 39 de
1332 3382 106 26 ceux
1462 3380 85 38 que
1580 3378 115 27 nous
1717 3366 159 38 vivons
1899 3375 173 34 encore,
2101 3363 38 39 la

131 3442 190 41 réforme
346 3448 293 46 protestante,
666 3441 35 39 si
741 3439 160 41 hostile
926 3443 22 35 à
982 3448 94 31 tout
1101 3451 46 27 ce
1171 3439 75 51 qui
1285 3445 65 32 est
1373 3436 54 40 de
1451 3437 110 37 mise
1593 3448 53 26 en
1682 3439 129 34 scène
1842 3432 219 53 plaisante
2084 3445 56 26 ou

132 3512 53 39 de
221 3509 186 55 profane
449 3510 275 49 décoration,
770 3508 103 40 bien
913 3508 92 39 loin
1055 3507 53 39 de
1147 3511 240 47 réprouver
1428 3504 39 40 la
1511 3504 222 50 musique,
1775 3503 367 51 passionnément
