3444 4323
1675 243 100 48 287

210 359 166 37 Meisters
404 360 119 37 Herrn
550 362 40 34 F.
617 362 164 45 Wenig
794 373 133 26 mann
966 366 184 36 rühmlich
1179 379 67 24 aus
1303 370 100 36 Frau
1429 372 259 37 Henriette

211 417 194 48 Wickop
445 433 92 32 sang
565 423 89 31 zwei
682 421 131 35 Lieder
838 424 67 32 mit
927 424 222 47 Begleitung
1176 428 61 32 des
1265 429 210 36 Pianoforte
1501 432 76 33 und
1602 433 64 34 Vio-

207 479 137 34 loncell
371 479 109 44 (Herr
504 480 103 35 Joh.
636 481 338 47 Wenigmann),
1004 484 108 35 deren
1141 487 155 33 schöner
1313 489 158 45 Vortrag
1496 491 103 34 nicht
1618 504 47 22 we-

207 537 65 43 nig
300 548 46 22 zu
375 538 80 33 dem
482 539 283 42 Kunstgenüsse
793 540 63 34 des
881 541 149 35 Abends
1071 543 157 45 beitrug.
1282 546 77 33 Das
1386 547 156 36 Concert
1564 550 123 34 wurde

208 596 68 32 mit
303 597 99 33 einer
428 597 384 36 Concert-Ouverture
840 601 36 32 in
905 600 126 34 D-dar
1057 614 72 22 von
1158 604 221 35 Wüllner
1407 608 164 44 eröffnet,
1601 611 64 33 wel-

210 652 68 34 che
306 655 102 32 einen
438 655 84 33 sehr
548 658 197 43 günstigen
761 659 189 34 Eindruck
970 661 155 42 machte,
1153 662 75 32 und
1251 664 66 31 mit
1332 664 218 46 „Erlkönigs
1567 668 95 33 Toch-

313 723 72 23 von
412 713 134 34 Niels
590 715 127 35 Gade
755 717 247 43 beschlossen,
1031 720 115 33 einem
1175 721 126 41 Werk,
1333 722 64 33 das
1427 724 112 33 durch
1567 727 119 35 einige

1294 753 7 12 7
1640 755 21 16 ö

205 770 154 44 Längen
387 771 197 46 allerdings
613 778 114 30 etwas
746 779 172 31 monoton
947 778 100 42 wird,
1076 779 110 32 allein
1216 779 91 34 doch
1337 781 113 33 durch
1479 783 67 33 den
1574 786 88 32 wohl-

205 828 227 44 getroffenen
458 830 186 44 lyrischen
671 834 88 41 Ton,
789 834 113 34 durch
927 835 296 35 Charakteristik
1247 839 181 35 einzelner
1447 841 138 34 Scenen
1611 845 74 32 und

205 887 115 33 durch
349 887 57 35 die
434 888 193 37 Contraste
655 892 63 33 des
747 892 261 35 Diabolischen
1038 895 76 33 und
1141 896 62 33 des
1232 898 271 36 schmeichelnd
1531 902 132 34 Verfüh-

203 945 187 35 rerischen
431 948 79 34 eine
549 950 62 33 der
650 950 423 35 beachtenswertesten
1101 954 296 44 Compositionen
1434 958 133 36 Gade's
1608 963 75 32 sein

202 1004 132 35 dürfte.

276 1063 43 34 In
347 1063 62 35 der
437 1065 97 45 Oper
560 1067 50 34 ist
635 1068 98 33 Frau
760 1068 100 34 Haa
873 1080 16 21 s
902 1069 168 46 e-Capi
1082 1074 12 29 t
1107 1072 75 33 ain
1195 1084 17 21 e
1240 1074 54 33 als
1322 1075 202 45 Valentine,
1555 1079 129 35 Donna

200 1122 118 44 Anna,
359 1123 129 34 Gräfin
515 1126 38 32 in
579 1126 169 44 Figaro's
777 1126 183 34 Hochzeit
994 1140 94 22 us.
1118 1141 43 23 w.
1207 1131 233 45 Gegenstand
1481 1136 203 36 dauernder

200 1181 77 34 und
305 1182 115 33 durch
448 1183 105 33 ihren
581 1184 271 35 dramatischen
882 1187 150 44 Gesang
1058 1188 302 38 wohlverdienter
1382 1193 213 37 Ovationen.
1624 1197 59 33 Sie

198 1240 92 33 wird
330 1252 72 22 von
443 1253 154 24 unserer
624 1244 205 42 Soubrette,
873 1246 125 35 Fräul.
1028 1247 143 46 Frey,
1212 1251 74 33 und
1327 1252 82 34 dem
1434 1253 248 38 Baritonisten

197 1297 119 34 Herrn
344 1298 159 46 Meyer
529 1302 155 33 trefflich
712 1305 236 35 unterstützt.

1558 1315 43 34 N.

271 1380 47 23 **
344 1382 268 38 Barmen.
664 1385 70 33 Am
765 1386 55 36 18.
849 1388 149 45 August
1037 1390 62 33 hat
1136 1393 78 34 eine
1240 1394 37 34 in
1305 1407 165 23 unserem
1500 1399 155 46 Wupper-

195 1440 101 39 thale
332 1443 92 33 noch
461 1455 94 33 ganz
598 1455 93 22 neue
731 1445 67 34 Art
834 1458 71 23 von
948 1449 283 37 musicalischer
1259 1453 241 49 Aufführung
1543 1460 36 31 in
1620 1460 62 35 der

193 1500 139 35 Kirche
360 1512 47 23 zu
435 1502 271 35 Unterbarmen
734 1505 97 33 Statt
859 1507 148 43 gehabt.
1060 1510 69 32 Die
1168 1510 276 49 Veranlassung
1486 1517 93 35 dazu
1617 1521 63 34 bot

195 1559 66 33 das
298 1561 51 32 im
384 1562 153 44 vorigen
565 1562 164 35 Sommer
768 1564 206 36 vollendete
1013 1571 224 43 grossartige
1266 1571 213 46 Orgelwerk
1520 1590 72 22 von
1634 1579 46 37 53

195 1618 189 42 Stimmen,
416 1620 158 34 welches
602 1621 57 34 die
686 1623 140 34 Herren
854 1625 44 34 A.
939 1627 146 33 Ibach
1129 1628 151 35 Söhne
1320 1633 37 32 in
1386 1634 61 33 der
1473 1642 206 37 genannten

196 1677 136 35 Kirche
360 1680 216 43 aufgestellt
604 1680 128 35 haben.
772 1686 54 30 Da
863 1684 116 35 dieses
1009 1686 126 46 Werk,
1181 1699 107 24 wenn
1330 1693 66 33 wir
1435 1695 100 33 nicht
1573 1698 93 33 irren

196 1735 65 34 das
287 1739 263 43 grossartigste
576 1740 38 32 in
643 1740 62 34 der
731 1742 269 45 Rheinprovinz
1030 1747 75 32 und
1134 1747 205 36 Westfalen
1380 1752 74 33 und
1482 1754 197 36 besonders

194 1795 185 45 gelungen
406 1797 60 45 ist,
497 1809 40 22 so
565 1798 188 36 beschloss
783 1802 64 34 das
875 1804 292 47 Presbyterium,
1198 1808 67 33 den
1295 1810 36 32 in
1360 1810 63 34 der
1450 1823 41 23 so
1519 1825 138 31 genann-

193 1856 63 33 t3n
281 1855 216 36 Festwoche
525 1858 278 44 (Missionsfest,
831 1863 236 45 Tractatfest,
1095 1865 394 46 Prediger-Conferenz
1518 1883 35 24 u.
1571 1884 28 23 s.
1618 1877 61 42 w.)

190 1912 295 36 herbeieilenden
511 1916 179 34 Fremden
717 1930 67 22 aus
814 1921 266 40 Deutschland,
1125 1924 61 33 der
1215 1926 177 43 Schweiz,
1435 1928 240 47 Frankreich,

189 1971 172 45 England
388 1973 76 33 und
491 1974 165 35 Holland
685 1977 67 33 den
781 1984 268 30 unerwarteten
1068 1981 266 47 Kunstgenuss,
1361 1987 98 33 eines
1489 1990 164 35 vollende-

192 2037 57 27 ten
277 2030 230 46 Orgelspiels
537 2034 114 34 durch
679 2036 121 34 Herrn
826 2038 37 34 J.
891 2039 41 37 A.
964 2051 88 23 van
1078 2041 181 44 Eyken,
1288 2044 213 37 verbunden
1523 2051 65 31 mit
1609 2051 45 33 Ge-

188 2091 318 44 sang-Vorträgen
548 2093 61 34 der
649 2094 131 34 beiden
810 2097 263 44 Sing-Vereine
1108 2112 71 22 von
1207 2102 186 35 Elberfeld
1421 2107 75 32 und
1522 2108 153 36 Barmen

187 2154 109 27 unter
322 2149 162 45 Leitung
512 2150 62 34 des
602 2152 122 35 Herrn
750 2155 332 36 Musik-Directors
1112 2159 327 45 Schornstein,
1468 2176 47 21 zu
1545 2166 129 37 bieten.

186 2208 78 33 Das
294 2208 218 43 Programm
539 2209 157 35 bestand
725 2223 66 22 aus
822 2213 86 33 acht
935 2215 210 45 Nummern,
1173 2220 162 33 nämlich
1364 2224 78 33 vier
1458 2224 196 45 Orgel-Vor-

185 2269 132 42 trägen
345 2266 52 46 (J.
426 2267 35 35 S.
489 2268 115 43 Bach,
635 2271 165 34 Toccata
826 2274 37 32 in
892 2274 122 33 F-dur
1113 2276 318 50 Choral-Vorspiel
1447 2284 227 41 „Schmücke

356 2326 221 40 Beethoven,
605 2328 172 35 Andante
805 2342 66 23 aus
901 2333 63 34 der
990 2334 43 34 V.
1063 2335 182 43 Sinfonie;
1286 2350 71 23 van
1384 2341 142 45 Eyken,
1553 2346 96 34 Phan-

183 2386 95 32 tasie
304 2384 92 34 über
423 2386 103 43 „Ein'
556 2388 92 32 feste
842 2391 75 33 und
945 2393 78 34 vier
1050 2393 145 36 Chören
1224 2396 51 45 (J.
1292 2398 147 48 Haydn,
1458 2402 92 42 „Die
1567 2405 78 34 Him-

184 2443 72 33 mel
529 2445 275 48 Mendelssohn,
833 2450 108 43 „Wie
967 2451 149 35 lieblich
1145 2455 81 33 sind
1253 2456 57 34 die
1491 2473 66 24 aus
1574 2464 73 34 Pau-

183 2503 59 34 lus
260 2514 8 31 ;
313 2503 155 35 Choral:
511 2506 148 42 „Allein
689 2508 87 34 Gott
811 2511 36 31 in
877 2511 63 34 der
965 2512 96 35 Höh'
1091 2516 52 31 sei
1170 2516 124 43 Ehr'",
1338 2519 215 47 ebendaher,
1596 2526 75 32 und

182 2562 178 34 Händel's
388 2563 245 47 Hallelujah).
685 2566 70 34 Die
783 2568 241 47 Aufführung
1059 2584 75 22 war
1162 2575 54 34 bis
1246 2588 85 22 zum
1358 2579 135 36 letzten
1522 2584 123 45 Augen-

181 2622 125 34 blicke
334 2634 72 22 von
432 2623 65 34 der
523 2628 169 40 grössten
719 2626 346 38 Aufmerksamkeit
1105 2633 62 34 der
1208 2637 141 34 zahllos
1386 2639 283 47 herbeigeeilten

180 2679 167 36 Zuhörer
376 2682 185 44 begleitet.
617 2684 81 34 Wir
724 2685 127 34 hatten
880 2687 220 46 befürchtet,
1140 2704 37 22 es
1216 2697 124 33 würde
1368 2699 78 33 sich
1474 2702 58 32 ein
1560 2702 87 36 Miss-

180 2741 225 34 verhältniss
433 2744 38 31 in
500 2742 62 34 der
591 2744 133 34 Stärke
752 2745 62 34 des
844 2747 121 35 Tones
1008 2751 182 35 zwischen
1219 2754 98 35 Chor
1346 2759 72 32 und
1448 2760 111 45 Orgel
1587 2763 60 34 her-

180 2801 224 42 ausstellen;
444 2802 62 33 der
535 2803 96 34 Chor
658 2805 125 33 wurde
811 2807 87 34 aber
925 2820 71 23 von
1025 2810 62 34 der
1116 2812 124 46 Orgel,
1282 2816 56 33 die
1379 2830 84 22 zum
1499 2822 167 45 Gesänge

179 2862 66 33 mit
271 2862 201 44 passender
497 2862 260 48 Registrirung
783 2867 75 33 und
886 2868 95 34 ohne
1007 2871 186 35 Mixturen
1220 2878 157 41 gespielt
1404 2881 133 44 wurde,
1564 2884 103 33 nicht

177 2921 186 44 übertönt,
405 2921 96 33 wohl
530 2922 87 34 aber
643 2924 38 32 in
708 2925 284 37 wohlthuender
1019 2930 122 34 Weise
1176 2934 171 42 gehalten
1374 2939 74 32 und
1477 2944 186 42 getragen.

181 2980 56 33 Zu
263 2980 246 34 verwundern
536 2993 75 23 war
637 2994 51 33 es,
731 2986 69 32 wie
837 2986 57 33 die
921 2987 112 45 Orgel
1069 2989 58 34 bei
1166 2992 62 34 der
1266 2994 119 34 hohen
1414 2998 249 46 Temperatur,

181 3039 59 34 die
268 3039 78 34 sich
375 3051 69 22 von
473 3040 145 36 Minute
647 3055 46 21 zu
721 3044 143 35 Minute
901 3049 183 44 steigerte,
1131 3051 55 34 bis
1232 3065 83 22 zum
1355 3055 133 35 letzten
1517 3060 146 45 Augen-

179 3098 125 34 Micke
344 3099 36 33 in
421 3101 119 34 reiner
580 3102 209 47 Stimmung
828 3106 175 37 verblieb.
1106 3110 57 33 Da
1200 3112 99 34 diese
1334 3120 94 29 erste
1462 3118 203 35 kirchliehe

178 3158 242 45 Aufführung
457 3161 103 32 einen
590 3163 237 35 entschieden
854 3168 198 43 günstigen
1080 3168 188 36 Lindruck
1296 3173 296 48 hervorgerufen,
1624 3191 39 21 so

179 3217 168 33 zweifeln
374 3229 68 21 wir
469 3219 103 32 nicht
601 3220 121 43 daran,
752 3222 84 34 dass
866 3224 82 34 dem
976 3227 111 33 schon
1115 3229 157 35 vielfach
1292 3235 235 41 geäusserten
1548 3237 87 34 Wun-

177 3275 88 33 sche
304 3277 95 32 nach
438 3280 132 31 öfterer
597 3280 292 48 Veranstaltung
930 3285 144 34 solcher
1099 3287 284 48 Aufführungen
1425 3295 237 44 entsprochen

176 3334 146 34 werden
349 3336 102 35 wird.

253 3394 72 33 Am
353 3394 58 35 2G.
441 3396 149 45 August
628 3398 50 33 ist
716 3400 95 34 Herr
850 3402 156 34 Anton
1047 3405 182 35 Krause
1273 3420 69 23 von
1381 3411 152 45 Leipzig
1578 3424 83 23 zum

175 3453 311 36 Musik-Directoi
528 3457 58 33 für
610 3457 154 35 Barmen
807 3473 71 21 von
916 3462 67 33 den
1030 3466 224 44 vereinigten
1283 3467 164 46 hiesigen
1475 3473 164 33 musicali-

175 3511 112 35 schen
313 3513 202 35 Instituten
542 3516 162 44 gewählt
731 3519 158 34 worden.

252 3597 298 46 Gesangfest
589 3603 46 32 in
665 3603 260 38 Trarbach.
968 3608 69 33 Die
1065 3609 202 35 Kölnische
1294 3612 158 47 Zeitung
1479 3614 179 37 berichtet

174 3657 37 33 in
238 3657 61 33 Ni.
330 3655 82 43 242,
442 3659 85 34 dass
555 3661 96 34 Herr
671 3663 315 38 Musik-Director
1013 3668 186 35 Gustav
1226 3671 174 45 Flügel
1428 3678 204 40 (gegenwär-

173 3717 56 44 tig
252 3718 38 31 in
317 3717 149 46 Stettin)
494 3720 76 33 und
595 3721 95 35 Herr
717 3723 137 36 Lehrer
882 3725 111 35 Fetz
1023 3739 67 23 aus
1118 3730 174 35 Dierdorf
1329 3732 64 34 das
1431 3734 223 47 diesjährige

172 3776 329 36 mittelrheinische
530 3782 259 43 evangelische
807 3784 374 49 Lehrer-Gesangfest
1207 3801 59 22 am
1294 3789 56 37 15.
1380 3791 274 47 September

170 3836 39 33 in
238 3837 242 34 Trarbach
508 3850 45 22 an
583 3840 62 35 der
672 3842 119 36 Mosel
817 3847 347 43 gemeinschaftlich
1191 3850 111 35 leiten
1327 3852 155 35 werden.

246 3897 80 33 Aus
353 3899 227 33 Neuwied
609 3901 91 34 wird
727 3914 68 23 uns
824 3906 169 44 folgende
1019 3908 159 35 Adresse
1207 3910 61 34 des
1294 3910 260 48 FlügeFschen
1583 3915 46 34 Ge-

172 3958 266 43 sang-Vereins
466 3969 45 22 an
540 3958 144 35 Gustav
711 3962 133 45 Flügel
870 3961 243 49 mitgeteilt:

249 4016 263 45 „Geehrtester
537 4018 95 34 Herr
659 4021 185 34 Director!
882 4024 75 35 Der
985 4026 306 47 Gesang-Verein,
1320 4029 69 35 den
1415 4031 58 34 Sie
1498 4033 57 33 ins
1583 4035 46 34 Le-

169 4073 69 35 ben
266 4076 154 44 gerufen
447 4076 76 35 und
549 4078 49 33 im
638 4079 157 46 Kampfe
837 4092 118 35 gegen
992 4096 39 24 so
1068 4087 221 35 mancherlei
1323 4089 326 45 Schwierigkeiten

1759 379 73 34 und
1860 381 237 37 Hindernisse
2136 386 265 37 unverdrossen
2441 392 64 34 mit
2545 406 39 23 so
2623 399 72 34 viel
2730 401 120 45 Liebe,
2877 405 100 35 Eifer
3002 407 75 33 und
3102 409 116 35 Treue

1757 439 159 45 gepflegt
1942 441 74 33 und
2045 444 241 44 ausgebildet,
2313 447 63 33 hat
2402 460 107 33 zwar,
2543 454 52 33 als
2623 456 58 35 Sie
2708 461 64 33 das
2800 462 107 35 letzte
2936 466 72 35 Mal
3037 467 35 32 in
3101 470 117 33 seiner

1756 495 107 34 Mitte
1885 499 152 39 weilten,
2067 501 132 35 bereits
2227 504 112 34 durch
2368 509 122 34 seinen
2507 510 180 38 Vorstand
2714 517 112 36 Ihnen
2853 523 98 33 seine
2975 524 155 36 Gefühle
3154 528 63 34 des

1755 553 212 37 Bedauerns
1994 559 89 34 über
2109 560 63 35 Ihr
2197 562 175 37 Scheiden
2401 578 45 22 zu
2473 568 180 38 erkennen
2680 578 179 43 gegeben;
2894 581 85 35 aber
3005 595 38 22 es
3067 586 48 32 ist
3142 586 75 34 ihm

1756 622 78 23 eine
1862 616 223 43 angenehme
2111 620 75 32 und
2213 623 263 35 unerläßliche
2502 627 145 42 Pflicht,
2689 635 51 32 sie
2768 637 94 33 auch
2889 641 91 32 noch
3010 643 205 36 schriftlich

1755 681 45 21 zu
1830 673 250 44 wiederholen,
2121 679 64 31 mit
2225 679 61 34 der
2313 681 276 49 Versicherung,
2627 689 85 35 dass
2753 693 56 34 Sie
2847 696 58 33 bei
2942 709 78 32 uns,
3063 703 67 33 wie
3156 703 59 33 bei

1753 729 98 33 allen
1878 729 163 47 hiesigen
2070 735 167 36 Kennern
2276 740 74 33 und
2378 743 247 47 aufrichtigen
2653 750 199 37 Verehrern
2879 756 181 45 tüchtiger
3086 760 125 34 Musik

1755 787 73 33 und
1856 789 259 37 insbesondere
2143 794 61 34 der
2231 796 223 37 classischen
2482 802 130 35 Werke
2647 807 90 35 alter
2764 810 146 36 Meister
2938 819 87 29 stets
3051 818 35 32 in
3114 830 81 23 aner-

1753 846 217 45 kennender,
2001 850 204 37 dankbarer
2221 856 228 47 Erinnerung
2477 861 124 34 stehen
2629 867 153 36 werden.
2811 870 102 34 Auch
2940 872 105 35 leben
3064 877 63 32 wir
3154 877 61 34 der

1754 904 188 46 freudigen
1969 908 200 47 Hoffnung,
2214 912 84 35 dass
2339 915 62 34 der
2426 916 142 46 Verein,
2609 921 61 34 der
2695 924 104 34 Ihren
2826 926 137 36 Namen
2999 934 107 42 trägt,
3149 936 65 31 mit

1755 962 80 33 dem
1856 964 135 43 Geiste,
2021 967 61 34 der
2108 969 64 33 ihn
2198 979 105 27 unter
2330 973 100 34 Ihrer
2457 976 160 46 Leitung
2644 980 169 46 beseelte,
2842 987 175 36 fortleben
3044 992 73 33 und
3145 996 51 31 sei-

1752 1032 63 21 nes
1844 1023 157 34 Namens
2031 1028 142 44 würdig
2200 1028 143 36 bleiben
2371 1037 116 40 möge.
2519 1056 44 4 -
2592 1038 80 34 Wie
2700 1051 136 34 ungern
2865 1047 65 32 wir
2956 1046 69 44 Sie,
3065 1051 125 35 verehr-

1752 1081 54 31 ter
1832 1081 94 34 Herr
1951 1082 179 46 Director,
2173 1087 172 36 scheiden
2385 1093 122 44 sahen,
2550 1106 40 23 so
2630 1097 142 36 können
2800 1103 63 32 wir
2891 1104 89 34 doch
3005 1108 112 35 Ihnen
3143 1122 68 23 nur

1752 1137 120 34 Gluck
1902 1142 197 34 wünschen
2140 1156 45 22 zu
2227 1147 62 33 der
2331 1150 305 37 wohlverdienten
2663 1156 273 49 Verbesserung
2974 1162 100 36 Ihrer
3099 1167 110 45 Lage.

1751 1195 75 35 Der
1851 1198 105 45 Herr,
1987 1201 61 34 der
2074 1204 94 33 nach
2197 1205 129 35 Seinen
2353 1210 338 38 unerforsehlichen
2708 1216 288 39 Rathschlüssen
3022 1195 188 65 hienied°en

1751 1256 114 33 einem
1891 1258 119 35 Jeden
2039 1262 97 33 seine
2164 1263 112 35 Stelle
2304 1268 175 42 anweis't,
2521 1271 158 35 schenke
2714 1275 36 32 in
2776 1276 103 34 Ihrer
2912 1279 160 45 jetzigen
3098 1283 111 36 Ihnen

1750 1314 75 33 und
1853 1316 67 34 den
1946 1319 160 35 werthen
2133 1321 146 46 Ihrigen
2307 1327 143 34 reichen
2477 1329 116 44 Segen
2632 1333 75 33 und
2734 1335 96 34 lasse
2857 1336 58 34 Sie
2942 1340 56 33 die
3026 1341 98 34 Gabe
3152 1344 61 34 der

1751 1371 192 37 Tonkunst
1971 1382 89 29 stets
2088 1390 64 23 vor
2178 1381 121 34 Allem
2327 1395 44 21 zu
2400 1386 124 34 Seiner
2548 1387 96 36 Ehre
2671 1393 209 42 anwenden,
2907 1396 37 32 in
2973 1397 78 33 dem
3078 1399 134 45 Geiste,

1750 1444 36 20 in
1814 1434 173 35 welchem
2014 1437 60 33 Sie
2101 1438 56 33 die
2185 1439 124 35 Worte
2336 1442 185 36 Friedrich
2551 1446 117 36 Ofer's
2695 1451 36 33 in
2759 1452 101 33 Töne
2885 1458 151 42 gesetzt,
3064 1458 55 34 die
3148 1462 64 32 wir

1750 1491 37 31 in
1814 1490 61 34 der
1901 1495 131 33 achten
2058 1507 150 23 unserer
2234 1499 158 34 schönen
2413 1502 158 45 Vespern
2599 1510 104 32 unter
2722 1509 102 35 Ihrer
2845 1512 159 47 Leitung
3023 1526 187 36 gesungen

1752 1547 129 35 haben.
1933 1551 222 38 Herzlichen
2182 1556 115 34 Gruss
2326 1571 69 22 von
2422 1563 95 33 allen
2544 1565 321 46 Vereinsgliedern.

1824 1610 206 44 „Neuwied,
2056 1614 50 32 im
2132 1615 81 33 Juli
2241 1615 106 38 1859.

2195 1678 113 38 „Der
2350 1676 306 47 Flügel*sehe

2380 1736 152 46 (Folgen
2559 1740 56 34 die
2647 1743 310 51 Unterschriften.)

1821 1844 338 51 llTiirzlfiiirg,
2188 1850 58 37 28.
2273 1853 91 35 Juli.
2420 1855 150 36 Gestern
2609 1862 122 33 wurde
2764 1875 82 23 vom
2873 1867 163 45 hiesigen
3062 1872 141 35 Musik-

1750 1902 169 36 Institute
1955 1910 106 32 unter
2086 1909 159 46 Leitung
2272 1912 61 34 des
2361 1914 117 35 Herrn
2505 1917 150 46 Georg
2679 1921 221 47 Bratsch,
2930 1926 78 35 dem
3035 1930 149 35 Nachfol-

1747 1974 64 32 ger
1838 1964 61 33 des
1918 1966 207 36 Professors
2142 1970 184 44 Fröhlich,
2355 1973 55 45 Sp
2423 1985 19 23 o
2454 1975 21 33 h
2490 1975 26 34 r'
2530 1987 17 23 s
2575 1977 207 37 Oratorium
2796 1983 95 40 ~Die
2909 1983 132 37 letzten

1747 2023 222 44 aufgeführt.
1997 2027 41 33 In
2065 2029 99 33 einer
2188 2031 89 42 Zeit,
2306 2044 54 22 wo
2388 2034 62 34 der
2467 2036 348 45 Musikgeschmack
2843 2042 71 33 fast
2940 2055 91 32 ganz
3059 2048 124 35 verdor-

1746 2081 69 34 ben
1854 2084 49 32 ist
1938 2086 74 31 und
2051 2088 160 33 einzelne
2249 2091 223 35 unberufene
2507 2096 75 32 und
2620 2097 290 37 unbescheidene
2936 2103 162 36 Schreier
3126 2107 78 35 dem

1746 2140 197 35 Publicum
1971 2143 63 33 das
2063 2145 233 35 Verworrene
2336 2150 53 32 als
2427 2153 132 43 genial,
2605 2154 64 33 das
2698 2156 273 37 Gedankenlose
2999 2162 52 33 als
3080 2164 107 46 tiefge-

1747 2198 120 44 dacht,
1907 2201 62 33 das
1999 2202 220 47 Schwierige
2254 2206 59 34 für
2345 2209 143 43 gelehrt
2528 2212 229 45 aufzwingen
2799 2215 140 45 wollen,
2982 2220 48 32 ist
3058 2232 36 22 es
3121 2224 85 34 sehr

1743 2258 10 32 1
1759 2258 225 36 obenswerth
2013 2263 74 32 und
2113 2265 206 43 erfreulich,
2350 2278 100 23 wenn
2470 2270 77 33 sich
2568 2271 220 47 Dirigenten,
2817 2274 112 35 denen
2949 2280 255 36 musicalische

1742 2317 121 34 Mittel
1891 2330 44 22 zu
1964 2321 137 33 Gebote
2129 2324 136 42 stehen,
2308 2325 56 34 die
2392 2328 111 34 Mühe
2529 2330 128 46 geben,
2699 2333 56 32 ein
2780 2334 225 44 gediegenes,
3035 2340 78 33 edel
3139 2354 40 32 ge-

1743 2377 148 34 dachtes
1920 2380 72 33 und
2020 2383 226 33 meisterhaft
2271 2385 306 37 instrumentirtes
2599 2389 122 43 Werk,
2749 2392 66 33 wie
2832 2392 146 46 Spohr's
2994 2395 206 39 Oratorium

1743 2435 94 46 „Die
1857 2438 131 33 letzten
2007 2440 158 44 Dinge'-,
2194 2443 271 36 einzustudiren
2493 2447 74 33 und
2595 2448 65 33 das
2677 2450 193 35 Publicum
2898 2453 112 33 damit
3036 2456 159 35 bekannt

1741 2505 44 21 zu
1811 2496 163 35 machen.
2004 2498 92 33 Herr
2122 2500 166 43 Bratsch,
2316 2501 62 34 der
2393 2504 166 44 Dirigent
2588 2506 60 33 des
2677 2507 159 45 hiesigen
2863 2511 232 45 königlichen
3116 2517 54 33 Mu-

1741 2553 254 45 sik-Instituts,
2023 2558 101 33 hatte
2150 2559 143 43 gehört,
2321 2561 83 34 dass
2434 2563 61 33 der
2521 2566 116 42 greise
2665 2566 146 35 Meister
2829 2570 154 46 Ludwig
3004 2573 116 45 Spohr
3145 2577 51 33 im

1738 2611 81 34 Juli
1846 2613 209 45 Würzburg
2081 2616 186 36 besuchen
2295 2620 115 46 wolle,
2453 2623 73 32 und
2554 2624 128 33 beeilte
2709 2626 88 43 sich,
2838 2629 57 32 ein
2923 2630 109 34 Werk
3074 2634 100 33 einzu-

1738 2672 176 44 studiren,
1957 2674 157 35 welches
2153 2676 212 36 keinesfalls
2406 2692 45 21 zu
2491 2681 65 33 den
2594 2684 194 35 leichteren
2818 2687 37 32 in
2890 2688 115 35 dieser
3032 2689 162 48 Gattung

1736 2729 139 43 gehört.
1918 2732 77 33 Das
2023 2733 111 35 Werk
2170 2737 48 32 ist
2244 2737 37 33 in
2309 2738 62 34 der
2397 2742 284 33 musicalischen
2708 2744 98 33 Welt
2832 2745 157 34 bekannt
3015 2749 74 32 und
3117 2751 77 33 eine

1734 2789 122 33 Kritik
1883 2790 239 48 überflüssig;
2159 2794 92 34 denn
2278 2807 36 22 es
2343 2797 63 33 hat
2433 2799 70 33 alle
2531 2799 281 44 Eigenschaften
2839 2803 233 45 Spohr'scher
3097 2810 72 33 Ton-

1736 2848 224 45 dichtungen
1987 2852 73 32 und
2087 2853 166 34 zeichnet
2281 2856 77 33 sich
2386 2857 193 35 besonders
2606 2859 111 34 durch
2745 2863 161 34 Zartheit
2931 2866 75 32 und
3027 2867 167 35 Reinheit

1736 2919 78 22 aus.
1854 2909 69 33 Die
1950 2911 235 47 Aufführung
2213 2926 69 22 von
2310 2916 120 33 Seiten
2459 2917 61 34 des
2549 2918 208 36 Orchesters
2784 2922 74 32 und
2885 2922 307 40 Chor-Personals

1736 2979 75 22 war
1839 2968 82 34 sehr
1947 2973 77 42 gut,
2054 2973 56 33 die
2129 2974 158 33 Solisten
2305 2976 140 34 minder
2471 2988 44 22 zu
2541 2978 170 42 rühmen;
2739 2980 89 33 doch
2855 2982 143 35 können
3026 2987 65 33 wir
3117 2988 72 33 dies

1736 3027 80 33 dem
1838 3029 213 45 Daigenten
2077 3033 103 33 nicht
2208 3045 82 22 zum
2309 3035 24 32 ~V
2344 3037 138 34 orwurf
2504 3037 160 46 machen,
2694 3050 36 22 er
2756 3040 120 34 führte
2904 3043 62 33 das
2988 3044 107 34 Werk
3126 3048 62 31 mit

1735 3086 177 35 Schülern
1940 3090 61 33 des
2029 3091 232 45 königlichen
2280 3094 169 33 Instituts
2477 3097 74 40 auf,
2580 3097 72 32 und
2681 3098 61 33 das
2770 3099 62 33 hat
2858 3100 87 34 eben
2969 3103 90 41 jetzt
3085 3108 104 31 unter

1735 3145 66 33 den
1832 3147 152 34 Solisten
2014 3151 118 33 weder
2159 3153 134 33 schöne
2321 3153 172 34 Stimmen
2521 3156 94 32 noch
2644 3156 345 47 Gesangs-Talente,
3017 3162 55 33 die
3100 3163 87 34 über

1734 3205 63 33 das
1826 3207 281 46 Mittelmässige
2133 3210 126 44 gehen.
2312 3213 73 33 Der
2426 3213 255 35 akademische
2709 3217 83 33 Saal
2829 3230 73 22 war
2928 3220 78 33 dem
3034 3221 129 46 Coinpo-

1731 3266 120 32 nisten
1881 3277 46 22 zu
1954 3268 118 34 Ehren
2100 3270 82 34 sehr
2208 3271 298 43 geschmackvoll
2545 3274 163 43 decorirt,
2749 3277 73 33 und
2848 3280 56 31 ein
2933 3280 87 33 eben
3048 3292 38 22 so
3114 3283 53 33 ele-

1731 3328 127 39 gantes
1887 3326 52 32 als
1967 3328 223 33 zahlreiches
2218 3330 195 34 Publicum
2439 3332 99 33 hatte
2564 3334 78 32 sich
2670 3336 246 43 eingefunden.
2941 3339 72 33 Der
3038 3339 149 37 Meister

1731 3383 122 34 wurde
1882 3396 58 21 am
1966 3386 168 45 Anfange
2159 3388 66 32 mit
2250 3388 195 34 lebhaftem
2463 3390 166 44 Applaus
2658 3404 68 22 von
2742 3394 119 34 Seiten
2888 3396 61 33 des
2968 3397 215 37 Publicums

1729 3443 74 32 und
1831 3455 69 21 von
1927 3445 96 33 einer
2049 3445 191 34 Schülerin
2279 3447 60 33 des
2369 3448 169 34 Instituts
2578 3451 65 30 mit
2683 3452 113 33 einem
2824 3454 152 45 Prologe
3003 3456 170 45 begrüsst

1729 3503 68 32 Am
1825 3503 174 34 Schlüsse
2038 3506 123 33 wurde
2201 3507 132 33 wieder
2372 3507 83 34 sehr
2494 3509 208 44 applaudirt
2744 3513 73 33 und
2860 3514 75 33 ihm
2979 3517 56 32 ein
3063 3518 120 34 Kranz

1728 3561 217 38 überreicht.
1988 3563 118 45 Spohr
2131 3576 77 23 war
2234 3567 83 33 sehr
2344 3567 152 44 bewegt,
2523 3568 74 33 und
2624 3569 45 32 da
2695 3581 36 22 er
2757 3571 75 34 hier
2856 3584 70 28 pur
2953 3575 152 35 Schüler
3130 3589 36 22 er-

1727 3622 128 31 wartet
1881 3621 111 42 hatte,
2020 3624 66 31 mit
2112 3623 61 34 der
2190 3624 244 45 Ausführung
2460 3626 83 34 sehr
2569 3628 195 35 zufrieden.
2794 3629 50 34 Im
2863 3631 194 37 Orchester
3074 3636 85 32 wirk-

1725 3680 59 32 ten
1813 3680 92 33 auch
1936 3681 57 33 die
2009 3681 139 35 Lehrer
2174 3683 61 34 des
2263 3685 169 33 Instituts
2460 3686 74 41 mit,
2561 3697 70 22 von
2658 3686 111 34 denen
2798 3691 71 31 fast
2888 3691 104 42 jeder
3019 3693 54 32 ein
3093 3694 65 34 Mei-

1725 3742 74 30 ster
1824 3740 69 32 auf
1914 3741 135 33 seinem
2077 3742 242 35 Instrumente
2345 3744 58 34 ist.

1796 3858 267 37 Brenden.
2093 3860 69 35 Am
2190 3861 32 36 6.
2249 3863 148 45 August
2422 3866 48 33 ist
2496 3868 145 33 endlich
2669 3869 62 34 der
2757 3871 324 46 vielbesprochene,
3109 3876 64 32 mit

1722 3922 197 40 Spannung
1945 3923 188 30 erwartete
2429 3926 36 32 in
2485 3925 112 35 Scene
2624 3939 187 35 gegangen
2849 3932 48 33 Es
2924 3934 47 31 ist
2997 3933 73 33 dies
3098 3934 70 35 fast

1720 3977 296 34 ausschliesslich
2044 3978 120 35 Herrn
2192 3981 277 36 Tichatschek's
2496 3985 211 44 Verdienst;
2750 3989 159 34 derselbe
2943 3991 96 33 hatte
3073 4003 36 22 es
3135 3992 36 34 in

1720 4038 134 32 seinem
1880 4049 71 22 neu
1978 4038 328 45 abgeschlossenen
2334 4042 193 36 Contracte
2555 4058 65 22 zur
2645 4049 210 33 förmlichen
2874 4049 210 46 Bedingung
3110 4064 40 32 ge-

1719 4096 132 46 macht,
1880 4096 84 34 dass
2272 4100 79 36 hier
2377 4114 65 23 zur
2466 4104 237 47 Aufführung
2735 4108 168 43 gelange;
2941 4120 37 22 er
3003 4109 95 34 hatte
3125 4122 43 22 zu
