<?xml version="1.0" encoding="UTF-8"?>
<alto xmlns:xsi="http://www.w3.org/2001/XMLSchema-instance" xmlns="http://www.loc.gov/standards/alto/ns-v2#" xsi:schemaLocation="http://www.loc.gov/standards/alto/ns-v2# http://www.loc.gov/standards/alto/alto-v2.0.xsd" xmlns:xlink="http://www.w3.org/1999/xlink">
	<Description>
		<MeasurementUnit>mm10</MeasurementUnit>
		<sourceImageInformation>
			<fileName>//fileserver7/IN2/Princeton/Batch3/bmtnaac/1924/04_01/00000003.tif</fileName>
		</sourceImageInformation>
		<OCRProcessing ID="OCRPROCESSING_1">
			<preProcessingStep>
				<processingSoftware>
					<softwareCreator>CCS Content Conversion Specialists GmbH, Germany</softwareCreator>
					<softwareName>CCS docWORKS</softwareName>
					<softwareVersion>6.6-1.18</softwareVersion>
				</processingSoftware>
			</preProcessingStep>
			<ocrProcessingStep>
				<processingSoftware>
					<softwareCreator>ABBYY (BIT Software), Russia</softwareCreator>
					<softwareName>FineReader</softwareName>
					<softwareVersion>10.0</softwareVersion>
				</processingSoftware>
			</ocrProcessingStep>
		</OCRProcessing>
		<OCRProcessing ID="OCRPROCESSING_2">
			<preProcessingStep>
				<processingSoftware>
					<softwareCreator>CCS Content Conversion Specialists GmbH, Germany</softwareCreator>
					<softwareName>CCS docWORKS</softwareName>
					<softwareVersion>6.6-1.18</softwareVersion>
				</processingSoftware>
			</preProcessingStep>
			<ocrProcessingStep>
				<processingSoftware>
					<softwareCreator>ABBYY (BIT Software), Russia</softwareCreator>
					<softwareName>NA</softwareName>
				</processingSoftware>
			</ocrProcessingStep>
		</OCRProcessing>
	</Description>
	<Styles>
		<TextStyle ID="TXT_0" FONTSIZE="25" FONTFAMILY="Unknown"/>
		<TextStyle ID="TXT_1" FONTSIZE="48" FONTFAMILY="Times New Roman"/>
		<TextStyle ID="TXT_2" FONTSIZE="19" FONTFAMILY="Times New Roman"/>
		<TextStyle ID="TXT_3" FONTSIZE="13" FONTFAMILY="Times New Roman" FONTSTYLE="bold"/>
		<TextStyle ID="TXT_4" FONTSIZE="41" FONTFAMILY="Times New Roman" FONTSTYLE="underline"/>
		<TextStyle ID="TXT_5" FONTSIZE="37" FONTFAMILY="Times New Roman"/>
		<TextStyle ID="TXT_6" FONTSIZE="5" FONTFAMILY="Serifa-Black" FONTSTYLE="bold"/>
		<ParagraphStyle ID="PAR_RIGHT" ALIGN="Right"/>
		<ParagraphStyle ID="PAR_CENTER" ALIGN="Center"/>
		<ParagraphStyle ID="PAR_BLOCK" ALIGN="Block"/>
		<ParagraphStyle ID="PAR_LEFT" ALIGN="Left"/>
	</Styles>
	<Layout>
		<Page ID="P3" PHYSICAL_IMG_NR="3" HEIGHT="3942" WIDTH="2766" PRINTED_IMG_NR="161" PC="0.804">
			<TopMargin ID="P3_TM00001" HPOS="0" VPOS="0" WIDTH="2766" HEIGHT="160"/>
			<LeftMargin ID="P3_LM00001" HPOS="0" VPOS="160" WIDTH="211" HEIGHT="3530"/>
			<RightMargin ID="P3_RM00001" HPOS="2562" VPOS="160" WIDTH="204" HEIGHT="3530"/>
			<BottomMargin ID="P3_BM00001" HPOS="0" VPOS="3690" WIDTH="2766" HEIGHT="252">
				<TextBlock ID="P3_TB00001" HPOS="2402" VPOS="3693" WIDTH="146" HEIGHT="92" STYLEREFS="TXT_0 PAR_RIGHT">
					<TextLine ID="P3_TL00001" HPOS="2402" VPOS="3693" WIDTH="146" HEIGHT="92">
						<String ID="P3_ST00001" HPOS="2402" VPOS="3693" WIDTH="146" HEIGHT="92" CONTENT="161" WC="1.00" CC="000"/>
					</TextLine>
				</TextBlock>
			</BottomMargin>
			<PrintSpace ID="P3_PS00001" HPOS="211" VPOS="160" WIDTH="2351" HEIGHT="3530">
				<TextBlock ID="P3_TB00002" HPOS="594" VPOS="1139" WIDTH="1587" HEIGHT="155" STYLEREFS="TXT_1 PAR_CENTER">
					<TextLine ID="P3_TL00002" HPOS="598" VPOS="1139" WIDTH="1580" HEIGHT="151">
						<String ID="P3_ST00002" HPOS="598" VPOS="1139" WIDTH="838" HEIGHT="141" CONTENT="RICHARD" WC="0.99" CC="1610310"/>
						<SP ID="P3_SP00001" HPOS="1436" VPOS="1280" WIDTH="208"/>
						<String ID="P3_ST00003" HPOS="1644" VPOS="1153" WIDTH="534" HEIGHT="137" CONTENT="ACKE" WC="0.96" CC="4003"/>
					</TextLine>
				</TextBlock>
				<TextBlock ID="P3_TB00003" HPOS="327" VPOS="1507" WIDTH="2100" HEIGHT="1858" STYLEREFS="TXT_2 PAR_BLOCK">
					<TextLine ID="P3_TL00003" HPOS="512" VPOS="1508" WIDTH="1907" HEIGHT="86">
						<String ID="P3_ST00004" HPOS="512" VPOS="1508" WIDTH="94" HEIGHT="55" CONTENT="Un" WC="0.42" CC="56"/>
						<SP ID="P3_SP00002" HPOS="606" VPOS="1563" WIDTH="36"/>
						<String ID="P3_ST00005" HPOS="642" VPOS="1510" WIDTH="65" HEIGHT="54" CONTENT="de" WC="0.58" CC="08"/>
						<SP ID="P3_SP00003" HPOS="707" VPOS="1564" WIDTH="36"/>
						<String ID="P3_ST00006" HPOS="743" VPOS="1529" WIDTH="131" HEIGHT="37" CONTENT="ceux" WC="0.94" CC="6776"/>
						<SP ID="P3_SP00004" HPOS="874" VPOS="1566" WIDTH="35"/>
						<String ID="P3_ST00007" HPOS="909" VPOS="1515" WIDTH="174" HEIGHT="66" CONTENT="qu'on" WC="0.95" CC="77477"/>
						<SP ID="P3_SP00005" HPOS="1083" VPOS="1581" WIDTH="35"/>
						<String ID="P3_ST00008" HPOS="1118" VPOS="1517" WIDTH="140" HEIGHT="54" CONTENT="aime" WC="0.94" CC="9728"/>
						<SP ID="P3_SP00006" HPOS="1258" VPOS="1581" WIDTH="35"/>
						<String ID="P3_ST00009" HPOS="1293" VPOS="1519" WIDTH="31" HEIGHT="52" CONTENT="à" WC="0.23" CC="7"/>
						<SP ID="P3_SP00007" HPOS="1324" VPOS="1581" WIDTH="37"/>
						<String ID="P3_ST00010" HPOS="1361" VPOS="1520" WIDTH="213" HEIGHT="67" CONTENT="appeler" WC="0.97" CC="6757877"/>
						<SP ID="P3_SP00008" HPOS="1574" VPOS="1587" WIDTH="33"/>
						<String ID="P3_ST00011" HPOS="1607" VPOS="1540" WIDTH="125" HEIGHT="37" CONTENT="avec" WC="0.94" CC="7378"/>
						<SP ID="P3_SP00009" HPOS="1732" VPOS="1587" WIDTH="33"/>
						<String ID="P3_ST00012" HPOS="1765" VPOS="1522" WIDTH="233" HEIGHT="72" CONTENT="quelque" WC="0.97" CC="7098650"/>
						<SP ID="P3_SP00010" HPOS="1998" VPOS="1594" WIDTH="36"/>
						<String ID="P3_ST00013" HPOS="2034" VPOS="1530" WIDTH="190" HEIGHT="55" CONTENT="dédain" WC="0.97" CC="674644"/>
						<SP ID="P3_SP00011" HPOS="2224" VPOS="1594" WIDTH="50"/>
						<String ID="P3_ST00014" HPOS="2274" VPOS="1552" WIDTH="29" HEIGHT="31" CONTENT="«" WC="0.34" CC="6"/>
						<SP ID="P3_SP00012" HPOS="2303" VPOS="1594" WIDTH="43"/>
						<String ID="P3_ST00015" HPOS="2346" VPOS="1552" WIDTH="73" HEIGHT="33" CONTENT="un" WC="0.36" CC="56"/>
					</TextLine>
					<TextLine ID="P3_TL00004" HPOS="348" VPOS="1592" WIDTH="2073" HEIGHT="88">
						<String ID="P3_ST00016" HPOS="348" VPOS="1592" WIDTH="161" HEIGHT="65" CONTENT="jeune" WC="0.95" CC="67679"/>
						<SP ID="P3_SP00013" HPOS="509" VPOS="1657" WIDTH="27"/>
						<String ID="P3_ST00017" HPOS="536" VPOS="1611" WIDTH="50" HEIGHT="36" CONTENT="»." WC="0.40" CC="47"/>
						<SP ID="P3_SP00014" HPOS="586" VPOS="1657" WIDTH="29"/>
						<String ID="P3_ST00018" HPOS="615" VPOS="1596" WIDTH="179" HEIGHT="55" CONTENT="Est-ce" WC="0.97" CC="015468"/>
						<SP ID="P3_SP00015" HPOS="794" VPOS="1657" WIDTH="22"/>
						<String ID="P3_ST00019" HPOS="816" VPOS="1616" WIDTH="155" HEIGHT="50" CONTENT="parce" WC="0.95" CC="97765"/>
						<SP ID="P3_SP00016" HPOS="971" VPOS="1666" WIDTH="23"/>
						<String ID="P3_ST00020" HPOS="994" VPOS="1602" WIDTH="137" HEIGHT="65" CONTENT="qu'il" WC="0.96" CC="99471"/>
						<SP ID="P3_SP00017" HPOS="1131" VPOS="1667" WIDTH="30"/>
						<String ID="P3_ST00021" HPOS="1161" VPOS="1619" WIDTH="28" HEIGHT="37" CONTENT="a" WC="0.26" CC="7"/>
						<SP ID="P3_SP00018" HPOS="1189" VPOS="1667" WIDTH="24"/>
						<String ID="P3_ST00022" HPOS="1213" VPOS="1605" WIDTH="234" HEIGHT="67" CONTENT="quelque" WC="0.97" CC="8388068"/>
						<SP ID="P3_SP00019" HPOS="1447" VPOS="1672" WIDTH="24"/>
						<String ID="P3_ST00023" HPOS="1471" VPOS="1609" WIDTH="156" HEIGHT="54" CONTENT="chose" WC="0.95" CC="36679"/>
						<SP ID="P3_SP00020" HPOS="1627" VPOS="1672" WIDTH="26"/>
						<String ID="P3_ST00024" HPOS="1653" VPOS="1609" WIDTH="29" HEIGHT="53" CONTENT="à" WC="0.16" CC="8"/>
						<SP ID="P3_SP00021" HPOS="1682" VPOS="1672" WIDTH="25"/>
						<String ID="P3_ST00025" HPOS="1707" VPOS="1611" WIDTH="130" HEIGHT="59" CONTENT="dire," WC="0.95" CC="96697"/>
						<SP ID="P3_SP00022" HPOS="1837" VPOS="1672" WIDTH="27"/>
						<String ID="P3_ST00026" HPOS="1864" VPOS="1613" WIDTH="135" HEIGHT="67" CONTENT="qu'il" WC="0.96" CC="94408"/>
						<SP ID="P3_SP00023" HPOS="1999" VPOS="1680" WIDTH="28"/>
						<String ID="P3_ST00027" HPOS="2027" VPOS="1633" WIDTH="30" HEIGHT="35" CONTENT="a" WC="0.25" CC="7"/>
						<SP ID="P3_SP00024" HPOS="2057" VPOS="1680" WIDTH="24"/>
						<String ID="P3_ST00028" HPOS="2081" VPOS="1616" WIDTH="211" HEIGHT="55" CONTENT="affirmé" WC="0.99" CC="0006607"/>
						<SP ID="P3_SP00025" HPOS="2292" VPOS="1680" WIDTH="29"/>
						<String ID="P3_ST00029" HPOS="2321" VPOS="1637" WIDTH="100" HEIGHT="34" CONTENT="une" WC="0.93" CC="674"/>
					</TextLine>
					<TextLine ID="P3_TL00005" HPOS="347" VPOS="1684" WIDTH="2069" HEIGHT="78">
						<String ID="P3_ST00030" HPOS="347" VPOS="1684" WIDTH="363" HEIGHT="61" CONTENT="personnalité" WC="0.98" CC="779767047559"/>
						<SP ID="P3_SP00026" HPOS="710" VPOS="1745" WIDTH="27"/>
						<String ID="P3_ST00031" HPOS="737" VPOS="1684" WIDTH="316" HEIGHT="68" CONTENT="vigoureuse" WC="0.98" CC="6602670477"/>
						<SP ID="P3_SP00027" HPOS="1053" VPOS="1752" WIDTH="24"/>
						<String ID="P3_ST00032" HPOS="1077" VPOS="1704" WIDTH="53" HEIGHT="38" CONTENT="et" WC="0.39" CC="74"/>
						<SP ID="P3_SP00028" HPOS="1130" VPOS="1752" WIDTH="22"/>
						<String ID="P3_ST00033" HPOS="1152" VPOS="1708" WIDTH="122" HEIGHT="49" CONTENT="que," WC="0.96" CC="0676"/>
						<SP ID="P3_SP00029" HPOS="1274" VPOS="1757" WIDTH="28"/>
						<String ID="P3_ST00034" HPOS="1302" VPOS="1693" WIDTH="149" HEIGHT="66" CONTENT="grâce" WC="0.95" CC="47677"/>
						<SP ID="P3_SP00030" HPOS="1451" VPOS="1759" WIDTH="24"/>
						<String ID="P3_ST00035" HPOS="1475" VPOS="1694" WIDTH="32" HEIGHT="53" CONTENT="à" WC="0.17" CC="8"/>
						<SP ID="P3_SP00031" HPOS="1507" VPOS="1759" WIDTH="25"/>
						<String ID="P3_ST00036" HPOS="1532" VPOS="1712" WIDTH="104" HEIGHT="38" CONTENT="une" WC="0.91" CC="779"/>
						<SP ID="P3_SP00032" HPOS="1636" VPOS="1759" WIDTH="27"/>
						<String ID="P3_ST00037" HPOS="1663" VPOS="1699" WIDTH="291" HEIGHT="55" CONTENT="succession" WC="0.98" CC="7675087779"/>
						<SP ID="P3_SP00033" HPOS="1954" VPOS="1759" WIDTH="26"/>
						<String ID="P3_ST00038" HPOS="1980" VPOS="1701" WIDTH="63" HEIGHT="54" CONTENT="de" WC="0.50" CC="09"/>
						<SP ID="P3_SP00034" HPOS="2043" VPOS="1759" WIDTH="26"/>
						<String ID="P3_ST00039" HPOS="2069" VPOS="1701" WIDTH="347" HEIGHT="61" CONTENT="réalisations," WC="0.99" CC="0706075043635"/>
					</TextLine>
					<TextLine ID="P3_TL00006" HPOS="351" VPOS="1766" WIDTH="1101" HEIGHT="80">
						<String ID="P3_ST00040" HPOS="351" VPOS="1766" WIDTH="36" HEIGHT="52" CONTENT="il" WC="0.25" CC="86"/>
						<SP ID="P3_SP00035" HPOS="387" VPOS="1818" WIDTH="28"/>
						<String ID="P3_ST00041" HPOS="415" VPOS="1780" WIDTH="77" HEIGHT="40" CONTENT="est" WC="0.92" CC="766"/>
						<SP ID="P3_SP00036" HPOS="492" VPOS="1820" WIDTH="28"/>
						<String ID="P3_ST00042" HPOS="520" VPOS="1769" WIDTH="170" HEIGHT="53" CONTENT="arrivé" WC="0.97" CC="770609"/>
						<SP ID="P3_SP00037" HPOS="690" VPOS="1822" WIDTH="27"/>
						<String ID="P3_ST00043" HPOS="717" VPOS="1769" WIDTH="30" HEIGHT="54" CONTENT="à" WC="0.20" CC="7"/>
						<SP ID="P3_SP00038" HPOS="747" VPOS="1823" WIDTH="28"/>
						<String ID="P3_ST00044" HPOS="775" VPOS="1770" WIDTH="52" HEIGHT="55" CONTENT="la" WC="0.24" CC="68"/>
						<SP ID="P3_SP00039" HPOS="827" VPOS="1825" WIDTH="27"/>
						<String ID="P3_ST00045" HPOS="854" VPOS="1775" WIDTH="256" HEIGHT="55" CONTENT="maturité" WC="0.98" CC="06076759"/>
						<SP ID="P3_SP00040" HPOS="1110" VPOS="1830" WIDTH="30"/>
						<String ID="P3_ST00046" HPOS="1140" VPOS="1778" WIDTH="312" HEIGHT="68" CONTENT="artistique?" WC="0.98" CC="90059760597"/>
					</TextLine>
					<TextLine ID="P3_TL00007" HPOS="1340" VPOS="1878" WIDTH="99" HEIGHT="34">
						<String ID="P3_ST00047" HPOS="1340" VPOS="1878" WIDTH="99" HEIGHT="34" CONTENT="***" WC="0.32" CC="676" STYLEREFS="TXT_3"/>
					</TextLine>
					<TextLine ID="P3_TL00008" HPOS="506" VPOS="1955" WIDTH="1915" HEIGHT="74">
						<String ID="P3_ST00048" HPOS="506" VPOS="1955" WIDTH="44" HEIGHT="51" CONTENT="Il" WC="0.61" CC="60"/>
						<SP ID="P3_SP00041" HPOS="550" VPOS="2006" WIDTH="30"/>
						<String ID="P3_ST00049" HPOS="580" VPOS="1975" WIDTH="33" HEIGHT="44" CONTENT="y" WC="0.40" CC="5"/>
						<SP ID="P3_SP00042" HPOS="613" VPOS="2019" WIDTH="25"/>
						<String ID="P3_ST00050" HPOS="638" VPOS="1975" WIDTH="27" HEIGHT="31" CONTENT="a" WC="0.21" CC="7"/>
						<SP ID="P3_SP00043" HPOS="665" VPOS="2019" WIDTH="24"/>
						<String ID="P3_ST00051" HPOS="689" VPOS="1959" WIDTH="232" HEIGHT="66" CONTENT="quelque" WC="0.98" CC="0373065"/>
						<SP ID="P3_SP00044" HPOS="921" VPOS="2025" WIDTH="27"/>
						<String ID="P3_ST00052" HPOS="948" VPOS="1961" WIDTH="157" HEIGHT="67" CONTENT="vingt" WC="0.97" CC="07705"/>
						<SP ID="P3_SP00045" HPOS="1105" VPOS="2028" WIDTH="26"/>
						<String ID="P3_ST00053" HPOS="1131" VPOS="1978" WIDTH="110" HEIGHT="42" CONTENT="ans," WC="0.94" CC="7777"/>
						<SP ID="P3_SP00046" HPOS="1241" VPOS="2028" WIDTH="30"/>
						<String ID="P3_ST00054" HPOS="1271" VPOS="1982" WIDTH="49" HEIGHT="34" CONTENT="se" WC="0.45" CC="55"/>
						<SP ID="P3_SP00047" HPOS="1320" VPOS="2028" WIDTH="27"/>
						<String ID="P3_ST00055" HPOS="1347" VPOS="1966" WIDTH="252" HEIGHT="56" CONTENT="dessinait" WC="0.99" CC="090454600"/>
						<SP ID="P3_SP00048" HPOS="1599" VPOS="2028" WIDTH="26"/>
						<String ID="P3_ST00056" HPOS="1625" VPOS="1968" WIDTH="30" HEIGHT="52" CONTENT="à" WC="0.20" CC="7"/>
						<SP ID="P3_SP00049" HPOS="1655" VPOS="2028" WIDTH="27"/>
						<String ID="P3_ST00057" HPOS="1682" VPOS="1968" WIDTH="259" HEIGHT="57" CONTENT="Courtrai" WC="0.41" CC="47580865"/>
						<SP ID="P3_SP00050" HPOS="1941" VPOS="2028" WIDTH="28"/>
						<String ID="P3_ST00058" HPOS="1969" VPOS="1991" WIDTH="75" HEIGHT="36" CONTENT="un" WC="0.68" CC="60"/>
						<SP ID="P3_SP00051" HPOS="2044" VPOS="2028" WIDTH="27"/>
						<String ID="P3_ST00059" HPOS="2071" VPOS="1991" WIDTH="350" HEIGHT="38" CONTENT="mouvement" WC="0.99" CC="056000870"/>
					</TextLine>
					<TextLine ID="P3_TL00009" HPOS="346" VPOS="2039" WIDTH="2078" HEIGHT="87">
						<String ID="P3_ST00060" HPOS="346" VPOS="2039" WIDTH="121" HEIGHT="54" CONTENT="bien" WC="0.94" CC="7855"/>
						<SP ID="P3_SP00052" HPOS="467" VPOS="2093" WIDTH="49"/>
						<String ID="P3_ST00061" HPOS="516" VPOS="2042" WIDTH="333" HEIGHT="56" CONTENT="intéressant." WC="0.99" CC="601957653507"/>
						<SP ID="P3_SP00053" HPOS="849" VPOS="2098" WIDTH="53"/>
						<String ID="P3_ST00062" HPOS="902" VPOS="2046" WIDTH="261" HEIGHT="67" CONTENT="Captivés" WC="0.98" CC="55725006"/>
						<SP ID="P3_SP00054" HPOS="1163" VPOS="2113" WIDTH="49"/>
						<String ID="P3_ST00063" HPOS="1212" VPOS="2069" WIDTH="102" HEIGHT="48" CONTENT="par" WC="0.96" CC="056"/>
						<SP ID="P3_SP00055" HPOS="1314" VPOS="2117" WIDTH="47"/>
						<String ID="P3_ST00064" HPOS="1361" VPOS="2052" WIDTH="52" HEIGHT="53" CONTENT="la" WC="0.34" CC="66"/>
						<SP ID="P3_SP00056" HPOS="1413" VPOS="2117" WIDTH="52"/>
						<String ID="P3_ST00065" HPOS="1465" VPOS="2053" WIDTH="322" HEIGHT="56" CONTENT="rénovation" WC="0.99" CC="6050040517"/>
						<SP ID="P3_SP00057" HPOS="1787" VPOS="2117" WIDTH="51"/>
						<String ID="P3_ST00066" HPOS="1838" VPOS="2057" WIDTH="281" HEIGHT="69" CONTENT="artistique" WC="0.99" CC="4602004060"/>
						<SP ID="P3_SP00058" HPOS="2119" VPOS="2126" WIDTH="51"/>
						<String ID="P3_ST00067" HPOS="2170" VPOS="2062" WIDTH="139" HEIGHT="53" CONTENT="dont" WC="0.97" CC="0452"/>
						<SP ID="P3_SP00059" HPOS="2309" VPOS="2126" WIDTH="49"/>
						<String ID="P3_ST00068" HPOS="2358" VPOS="2061" WIDTH="66" HEIGHT="57" CONTENT="ils" WC="0.93" CC="666"/>
					</TextLine>
					<TextLine ID="P3_TL00010" HPOS="348" VPOS="2128" WIDTH="2074" HEIGHT="79">
						<String ID="P3_ST00069" HPOS="348" VPOS="2128" WIDTH="258" HEIGHT="65" CONTENT="voyaient" WC="0.98" CC="44566653"/>
						<SP ID="P3_SP00060" HPOS="606" VPOS="2193" WIDTH="33"/>
						<String ID="P3_ST00070" HPOS="639" VPOS="2131" WIDTH="71" HEIGHT="52" CONTENT="les" WC="0.94" CC="276"/>
						<SP ID="P3_SP00061" HPOS="710" VPOS="2193" WIDTH="35"/>
						<String ID="P3_ST00071" HPOS="745" VPOS="2131" WIDTH="250" HEIGHT="56" CONTENT="résultats" WC="0.98" CC="407645306"/>
						<SP ID="P3_SP00062" HPOS="995" VPOS="2193" WIDTH="32"/>
						<String ID="P3_ST00072" HPOS="1027" VPOS="2135" WIDTH="136" HEIGHT="54" CONTENT="dans" WC="0.97" CC="0517"/>
						<SP ID="P3_SP00063" HPOS="1163" VPOS="2193" WIDTH="33"/>
						<String ID="P3_ST00073" HPOS="1196" VPOS="2137" WIDTH="73" HEIGHT="52" CONTENT="les" WC="0.92" CC="676"/>
						<SP ID="P3_SP00064" HPOS="1269" VPOS="2193" WIDTH="33"/>
						<String ID="P3_ST00074" HPOS="1302" VPOS="2156" WIDTH="184" HEIGHT="37" CONTENT="revues" WC="0.97" CC="070686"/>
						<SP ID="P3_SP00065" HPOS="1486" VPOS="2193" WIDTH="32"/>
						<String ID="P3_ST00075" HPOS="1518" VPOS="2142" WIDTH="278" HEIGHT="65" CONTENT="anglaises," WC="0.99" CC="7100556764"/>
						<SP ID="P3_SP00066" HPOS="1796" VPOS="2207" WIDTH="37"/>
						<String ID="P3_ST00076" HPOS="1833" VPOS="2145" WIDTH="323" HEIGHT="56" CONTENT="allemandes" WC="0.98" CC="7677003077"/>
						<SP ID="P3_SP00067" HPOS="2156" VPOS="2207" WIDTH="35"/>
						<String ID="P3_ST00077" HPOS="2191" VPOS="2162" WIDTH="50" HEIGHT="42" CONTENT="et" WC="0.66" CC="60"/>
						<SP ID="P3_SP00068" HPOS="2241" VPOS="2207" WIDTH="33"/>
						<String ID="P3_ST00078" HPOS="2274" VPOS="2151" WIDTH="119" HEIGHT="53" CONTENT="vien" SUBS_TYPE="HypPart1" SUBS_CONTENT="viennoises," WC="0.98" CC="0064"/>
						<HYP HPOS="2393" VPOS="2151" WIDTH="29" CONTENT="-"/>
					</TextLine>
					<TextLine ID="P3_TL00011" HPOS="345" VPOS="2213" WIDTH="2079" HEIGHT="76">
						<String ID="P3_ST00079" HPOS="345" VPOS="2213" WIDTH="189" HEIGHT="59" CONTENT="noises," SUBS_TYPE="HypPart2" SUBS_CONTENT="viennoises," WC="0.97" CC="8473734"/>
						<SP ID="P3_SP00069" HPOS="534" VPOS="2272" WIDTH="41"/>
						<String ID="P3_ST00080" HPOS="575" VPOS="2218" WIDTH="259" HEIGHT="65" CONTENT="quelques" WC="0.99" CC="04930001"/>
						<SP ID="P3_SP00070" HPOS="834" VPOS="2283" WIDTH="38"/>
						<String ID="P3_ST00081" HPOS="872" VPOS="2221" WIDTH="208" HEIGHT="53" CONTENT="artistes" WC="0.98" CC="99934000"/>
						<SP ID="P3_SP00071" HPOS="1080" VPOS="2283" WIDTH="37"/>
						<String ID="P3_ST00082" HPOS="1117" VPOS="2225" WIDTH="377" HEIGHT="54" CONTENT="courtraisiens" WC="0.59" CC="0037077305763"/>
						<SP ID="P3_SP00072" HPOS="1494" VPOS="2283" WIDTH="38"/>
						<String ID="P3_ST00083" HPOS="1532" VPOS="2245" WIDTH="50" HEIGHT="36" CONTENT="se" WC="0.22" CC="78"/>
						<SP ID="P3_SP00073" HPOS="1582" VPOS="2283" WIDTH="42"/>
						<String ID="P3_ST00084" HPOS="1624" VPOS="2230" WIDTH="271" HEIGHT="54" CONTENT="reunirent" WC="0.98" CC="777247700"/>
						<SP ID="P3_SP00074" HPOS="1895" VPOS="2284" WIDTH="40"/>
						<String ID="P3_ST00085" HPOS="1935" VPOS="2246" WIDTH="51" HEIGHT="40" CONTENT="et" WC="0.39" CC="83"/>
						<SP ID="P3_SP00075" HPOS="1986" VPOS="2286" WIDTH="38"/>
						<String ID="P3_ST00086" HPOS="2024" VPOS="2232" WIDTH="296" HEIGHT="56" CONTENT="décidèrent" WC="0.99" CC="0904070760"/>
						<SP ID="P3_SP00076" HPOS="2320" VPOS="2288" WIDTH="41"/>
						<String ID="P3_ST00087" HPOS="2361" VPOS="2239" WIDTH="63" HEIGHT="50" CONTENT="de" WC="0.21" CC="59"/>
					</TextLine>
					<TextLine ID="P3_TL00012" HPOS="347" VPOS="2301" WIDTH="2080" HEIGHT="76">
						<String ID="P3_ST00088" HPOS="347" VPOS="2301" WIDTH="175" HEIGHT="52" CONTENT="suivre" WC="0.98" CC="700096"/>
						<SP ID="P3_SP00077" HPOS="522" VPOS="2353" WIDTH="31"/>
						<String ID="P3_ST00089" HPOS="553" VPOS="2305" WIDTH="46" HEIGHT="49" CONTENT="le" WC="0.26" CC="67"/>
						<SP ID="P3_SP00078" HPOS="599" VPOS="2354" WIDTH="28"/>
						<String ID="P3_ST00090" HPOS="627" VPOS="2321" WIDTH="245" HEIGHT="38" CONTENT="courant." WC="0.98" CC="80277244"/>
						<SP ID="P3_SP00079" HPOS="872" VPOS="2359" WIDTH="37"/>
						<String ID="P3_ST00091" HPOS="909" VPOS="2309" WIDTH="269" HEIGHT="54" CONTENT="C'étaient" WC="0.98" CC="648247760"/>
						<SP ID="P3_SP00080" HPOS="1178" VPOS="2363" WIDTH="26"/>
						<String ID="P3_ST00092" HPOS="1204" VPOS="2343" WIDTH="82" HEIGHT="6" CONTENT="—" WC="0.20" CC="8"/>
						<SP ID="P3_SP00081" HPOS="1286" VPOS="2363" WIDTH="29"/>
						<String ID="P3_ST00093" HPOS="1315" VPOS="2312" WIDTH="51" HEIGHT="65" CONTENT="je" WC="0.53" CC="27"/>
						<SP ID="P3_SP00082" HPOS="1366" VPOS="2377" WIDTH="30"/>
						<String ID="P3_ST00094" HPOS="1396" VPOS="2314" WIDTH="98" HEIGHT="52" CONTENT="cite" WC="0.96" CC="3606"/>
						<SP ID="P3_SP00083" HPOS="1494" VPOS="2377" WIDTH="31"/>
						<String ID="P3_ST00095" HPOS="1525" VPOS="2333" WIDTH="67" HEIGHT="34" CONTENT="au" WC="0.56" CC="62"/>
						<SP ID="P3_SP00084" HPOS="1592" VPOS="2377" WIDTH="32"/>
						<String ID="P3_ST00096" HPOS="1624" VPOS="2316" WIDTH="195" HEIGHT="55" CONTENT="hasard" WC="0.97" CC="704970"/>
						<SP ID="P3_SP00085" HPOS="1819" VPOS="2377" WIDTH="33"/>
						<String ID="P3_ST00097" HPOS="1852" VPOS="2320" WIDTH="62" HEIGHT="51" CONTENT="de" WC="0.60" CC="07"/>
						<SP ID="P3_SP00086" HPOS="1914" VPOS="2377" WIDTH="30"/>
						<String ID="P3_ST00098" HPOS="1944" VPOS="2339" WIDTH="89" HEIGHT="33" CONTENT="ma" WC="0.64" CC="07"/>
						<SP ID="P3_SP00087" HPOS="2033" VPOS="2377" WIDTH="31"/>
						<String ID="P3_ST00099" HPOS="2064" VPOS="2321" WIDTH="253" HEIGHT="55" CONTENT="mémoire" WC="0.98" CC="0903776"/>
						<SP ID="P3_SP00088" HPOS="2317" VPOS="2377" WIDTH="29"/>
						<String ID="P3_ST00100" HPOS="2346" VPOS="2354" WIDTH="81" HEIGHT="8" CONTENT="-—" WC="0.50" CC="28"/>
					</TextLine>
					<TextLine ID="P3_TL00013" HPOS="347" VPOS="2387" WIDTH="2078" HEIGHT="84">
						<String ID="P3_ST00101" HPOS="347" VPOS="2387" WIDTH="71" HEIGHT="51" CONTENT="les" WC="0.94" CC="555"/>
						<SP ID="P3_SP00089" HPOS="418" VPOS="2438" WIDTH="33"/>
						<String ID="P3_ST00102" HPOS="451" VPOS="2387" WIDTH="85" HEIGHT="54" CONTENT="De" WC="0.68" CC="33"/>
						<SP ID="P3_SP00090" HPOS="536" VPOS="2441" WIDTH="36"/>
						<String ID="P3_ST00103" HPOS="572" VPOS="2390" WIDTH="179" HEIGHT="53" CONTENT="Coene" WC="0.62" CC="30536"/>
						<SP ID="P3_SP00091" HPOS="751" VPOS="2443" WIDTH="36"/>
						<String ID="P3_ST00104" HPOS="787" VPOS="2392" WIDTH="278" HEIGHT="68" CONTENT="(ébéniste)" WC="0.99" CC="2050465050"/>
						<SP ID="P3_SP00092" HPOS="1065" VPOS="2460" WIDTH="48"/>
						<String ID="P3_ST00105" HPOS="1113" VPOS="2397" WIDTH="71" HEIGHT="53" CONTENT="les" WC="0.94" CC="366"/>
						<SP ID="P3_SP00093" HPOS="1184" VPOS="2460" WIDTH="37"/>
						<String ID="P3_ST00106" HPOS="1221" VPOS="2397" WIDTH="189" HEIGHT="55" CONTENT="Viérin" WC="0.56" CC="060765"/>
						<SP ID="P3_SP00094" HPOS="1410" VPOS="2460" WIDTH="36"/>
						<String ID="P3_ST00107" HPOS="1446" VPOS="2401" WIDTH="302" HEIGHT="64" CONTENT="(architecte" WC="0.99" CC="07057406657"/>
						<SP ID="P3_SP00095" HPOS="1748" VPOS="2465" WIDTH="34"/>
						<String ID="P3_ST00108" HPOS="1782" VPOS="2419" WIDTH="52" HEIGHT="38" CONTENT="et" WC="0.41" CC="83"/>
						<SP ID="P3_SP00096" HPOS="1834" VPOS="2465" WIDTH="36"/>
						<String ID="P3_ST00109" HPOS="1870" VPOS="2406" WIDTH="260" HEIGHT="65" CONTENT="peintre)," WC="0.99" CC="074040603"/>
						<SP ID="P3_SP00097" HPOS="2130" VPOS="2471" WIDTH="42"/>
						<String ID="P3_ST00110" HPOS="2172" VPOS="2409" WIDTH="70" HEIGHT="52" CONTENT="les" WC="0.96" CC="180"/>
						<SP ID="P3_SP00098" HPOS="2242" VPOS="2471" WIDTH="37"/>
						<String ID="P3_ST00111" HPOS="2279" VPOS="2410" WIDTH="146" HEIGHT="52" CONTENT="Acke" WC="0.61" CC="7106"/>
					</TextLine>
					<TextLine ID="P3_TL00014" HPOS="342" VPOS="2476" WIDTH="2080" HEIGHT="83">
						<String ID="P3_ST00112" HPOS="342" VPOS="2476" WIDTH="619" HEIGHT="69" CONTENT="(architecte-ébéniste)," WC="0.99" CC="6701660634949006550744"/>
						<SP ID="P3_SP00099" HPOS="961" VPOS="2545" WIDTH="40"/>
						<String ID="P3_ST00113" HPOS="1001" VPOS="2484" WIDTH="73" HEIGHT="51" CONTENT="les" WC="0.96" CC="063"/>
						<SP ID="P3_SP00100" HPOS="1074" VPOS="2545" WIDTH="36"/>
						<String ID="P3_ST00114" HPOS="1110" VPOS="2484" WIDTH="243" HEIGHT="66" CONTENT="Laigniel" WC="0.48" CC="15643666"/>
						<SP ID="P3_SP00101" HPOS="1353" VPOS="2550" WIDTH="38"/>
						<String ID="P3_ST00115" HPOS="1391" VPOS="2488" WIDTH="255" HEIGHT="66" CONTENT="(potier)," WC="0.99" CC="400167634"/>
						<SP ID="P3_SP00102" HPOS="1646" VPOS="2554" WIDTH="42"/>
						<String ID="P3_ST00116" HPOS="1688" VPOS="2504" WIDTH="93" HEIGHT="39" CONTENT="etc." WC="0.97" CC="6204"/>
						<SP ID="P3_SP00103" HPOS="1781" VPOS="2554" WIDTH="44"/>
						<String ID="P3_ST00117" HPOS="1825" VPOS="2493" WIDTH="73" HEIGHT="52" CONTENT="Ils" WC="0.96" CC="360"/>
						<SP ID="P3_SP00104" HPOS="1898" VPOS="2554" WIDTH="37"/>
						<String ID="P3_ST00118" HPOS="1935" VPOS="2494" WIDTH="362" HEIGHT="65" CONTENT="organisèrent" WC="0.98" CC="575616366645"/>
						<SP ID="P3_SP00105" HPOS="2297" VPOS="2559" WIDTH="38"/>
						<String ID="P3_ST00119" HPOS="2335" VPOS="2496" WIDTH="87" HEIGHT="53" CONTENT="des" WC="0.95" CC="076"/>
					</TextLine>
					<TextLine ID="P3_TL00015" HPOS="345" VPOS="2563" WIDTH="2076" HEIGHT="74">
						<String ID="P3_ST00120" HPOS="345" VPOS="2563" WIDTH="273" HEIGHT="53" CONTENT="salonnets" WC="0.58" CC="764460700"/>
						<SP ID="P3_SP00106" HPOS="618" VPOS="2616" WIDTH="30"/>
						<String ID="P3_ST00121" HPOS="648" VPOS="2565" WIDTH="74" HEIGHT="52" CONTENT="où" WC="0.75" CC="05"/>
						<SP ID="P3_SP00107" HPOS="722" VPOS="2617" WIDTH="34"/>
						<String ID="P3_ST00122" HPOS="756" VPOS="2566" WIDTH="127" HEIGHT="54" CONTENT="Van" WC="0.97" CC="061"/>
						<SP ID="P3_SP00108" HPOS="883" VPOS="2620" WIDTH="34"/>
						<String ID="P3_ST00123" HPOS="917" VPOS="2569" WIDTH="63" HEIGHT="52" CONTENT="de" WC="0.74" CC="05"/>
						<SP ID="P3_SP00109" HPOS="980" VPOS="2621" WIDTH="33"/>
						<String ID="P3_ST00124" HPOS="1013" VPOS="2569" WIDTH="313" HEIGHT="68" CONTENT="Woestyne," WC="0.68" CC="106530154"/>
						<SP ID="P3_SP00110" HPOS="1326" VPOS="2637" WIDTH="37"/>
						<String ID="P3_ST00125" HPOS="1363" VPOS="2573" WIDTH="84" HEIGHT="53" CONTENT="De" WC="0.56" CC="35"/>
						<SP ID="P3_SP00111" HPOS="1447" VPOS="2637" WIDTH="32"/>
						<String ID="P3_ST00126" HPOS="1479" VPOS="2575" WIDTH="255" HEIGHT="59" CONTENT="Sadeleer," WC="0.70" CC="000044564"/>
						<SP ID="P3_SP00112" HPOS="1734" VPOS="2637" WIDTH="38"/>
						<String ID="P3_ST00127" HPOS="1772" VPOS="2578" WIDTH="252" HEIGHT="59" CONTENT="d'autres," WC="0.99" CC="340406063"/>
						<SP ID="P3_SP00113" HPOS="2024" VPOS="2637" WIDTH="39"/>
						<String ID="P3_ST00128" HPOS="2063" VPOS="2583" WIDTH="358" HEIGHT="52" CONTENT="accrochaient" WC="1.00" CC="000600003420"/>
					</TextLine>
					<TextLine ID="P3_TL00016" HPOS="343" VPOS="2650" WIDTH="2078" HEIGHT="81">
						<String ID="P3_ST00129" HPOS="343" VPOS="2650" WIDTH="139" HEIGHT="52" CONTENT="îeurs" WC="0.42" CC="86760"/>
						<SP ID="P3_SP00114" HPOS="482" VPOS="2702" WIDTH="38"/>
						<String ID="P3_ST00130" HPOS="520" VPOS="2653" WIDTH="168" HEIGHT="52" CONTENT="toiles." WC="0.98" CC="0047734"/>
						<SP ID="P3_SP00115" HPOS="688" VPOS="2705" WIDTH="40"/>
						<String ID="P3_ST00131" HPOS="728" VPOS="2654" WIDTH="140" HEIGHT="66" CONTENT="Styn" WC="0.75" CC="0404"/>
						<SP ID="P3_SP00116" HPOS="868" VPOS="2720" WIDTH="37"/>
						<String ID="P3_ST00132" HPOS="905" VPOS="2655" WIDTH="272" HEIGHT="56" CONTENT="Streuvels" WC="0.60" CC="035430665"/>
						<SP ID="P3_SP00117" HPOS="1177" VPOS="2720" WIDTH="36"/>
						<String ID="P3_ST00133" HPOS="1213" VPOS="2678" WIDTH="35" HEIGHT="47" CONTENT="y" WC="1.00" CC="0"/>
						<SP ID="P3_SP00118" HPOS="1248" VPOS="2725" WIDTH="34"/>
						<String ID="P3_ST00134" HPOS="1282" VPOS="2659" WIDTH="190" HEIGHT="55" CONTENT="flânait" WC="0.99" CC="0060350"/>
						<SP ID="P3_SP00119" HPOS="1472" VPOS="2725" WIDTH="36"/>
						<String ID="P3_ST00135" HPOS="1508" VPOS="2677" WIDTH="50" HEIGHT="38" CONTENT="et" WC="0.58" CC="52"/>
						<SP ID="P3_SP00120" HPOS="1558" VPOS="2725" WIDTH="38"/>
						<String ID="P3_ST00136" HPOS="1596" VPOS="2664" WIDTH="45" HEIGHT="52" CONTENT="le" WC="0.31" CC="57"/>
						<SP ID="P3_SP00121" HPOS="1641" VPOS="2725" WIDTH="35"/>
						<String ID="P3_ST00137" HPOS="1676" VPOS="2665" WIDTH="119" HEIGHT="51" CONTENT="curé" WC="0.99" CC="0320"/>
						<SP ID="P3_SP00122" HPOS="1795" VPOS="2725" WIDTH="37"/>
						<String ID="P3_ST00138" HPOS="1832" VPOS="2665" WIDTH="167" HEIGHT="66" CONTENT="Hugo" WC="0.96" CC="2394"/>
						<SP ID="P3_SP00123" HPOS="1999" VPOS="2731" WIDTH="37"/>
						<String ID="P3_ST00139" HPOS="2036" VPOS="2668" WIDTH="237" HEIGHT="55" CONTENT="Verriest" WC="0.57" CC="07462561"/>
						<SP ID="P3_SP00124" HPOS="2273" VPOS="2731" WIDTH="35"/>
						<String ID="P3_ST00140" HPOS="2308" VPOS="2672" WIDTH="113" HEIGHT="52" CONTENT="leur" WC="0.97" CC="0526"/>
					</TextLine>
					<TextLine ID="P3_TL00017" HPOS="341" VPOS="2740" WIDTH="1872" HEIGHT="80">
						<String ID="P3_ST00141" HPOS="341" VPOS="2740" WIDTH="295" HEIGHT="52" CONTENT="consacrait" WC="0.98" CC="6070952660"/>
						<SP ID="P3_SP00125" HPOS="636" VPOS="2792" WIDTH="21"/>
						<String ID="P3_ST00142" HPOS="657" VPOS="2742" WIDTH="64" HEIGHT="50" CONTENT="de" WC="0.38" CC="65"/>
						<SP ID="P3_SP00126" HPOS="721" VPOS="2792" WIDTH="21"/>
						<String ID="P3_ST00143" HPOS="742" VPOS="2744" WIDTH="412" HEIGHT="66" CONTENT="sympathiques" WC="0.99" CC="000070770570"/>
						<SP ID="P3_SP00127" HPOS="1154" VPOS="2810" WIDTH="25"/>
						<String ID="P3_ST00144" HPOS="1179" VPOS="2748" WIDTH="206" HEIGHT="52" CONTENT="articles" WC="0.98" CC="76040763"/>
						<SP ID="P3_SP00128" HPOS="1385" VPOS="2810" WIDTH="23"/>
						<String ID="P3_ST00145" HPOS="1408" VPOS="2749" WIDTH="134" HEIGHT="54" CONTENT="dans" WC="1.00" CC="0010"/>
						<SP ID="P3_SP00129" HPOS="1542" VPOS="2810" WIDTH="33"/>
						<String ID="P3_ST00146" HPOS="1575" VPOS="2770" WIDTH="31" HEIGHT="33" CONTENT="«" WC="0.39" CC="6"/>
						<SP ID="P3_SP00130" HPOS="1606" VPOS="2810" WIDTH="28"/>
						<String ID="P3_ST00147" HPOS="1634" VPOS="2752" WIDTH="84" HEIGHT="52" CONTENT="De" WC="1.00" CC="00"/>
						<SP ID="P3_SP00131" HPOS="1718" VPOS="2810" WIDTH="24"/>
						<String ID="P3_ST00148" HPOS="1742" VPOS="2753" WIDTH="228" HEIGHT="53" CONTENT="Nieuwe" WC="0.61" CC="257007"/>
						<SP ID="P3_SP00132" HPOS="1970" VPOS="2810" WIDTH="24"/>
						<String ID="P3_ST00149" HPOS="1994" VPOS="2754" WIDTH="141" HEIGHT="66" CONTENT="Tijd" WC="0.56" CC="8620"/>
						<SP ID="P3_SP00133" HPOS="2135" VPOS="2820" WIDTH="30"/>
						<String ID="P3_ST00150" HPOS="2165" VPOS="2776" WIDTH="48" HEIGHT="33" CONTENT="»." WC="0.47" CC="54"/>
					</TextLine>
					<TextLine ID="P3_TL00018" HPOS="501" VPOS="2824" WIDTH="1916" HEIGHT="76">
						<String ID="P3_ST00151" HPOS="501" VPOS="2824" WIDTH="118" HEIGHT="53" CONTENT="Oh!" WC="0.93" CC="477"/>
						<SP ID="P3_SP00134" HPOS="619" VPOS="2877" WIDTH="32"/>
						<String ID="P3_ST00152" HPOS="651" VPOS="2827" WIDTH="63" HEIGHT="52" CONTENT="ils" WC="0.97" CC="404"/>
						<SP ID="P3_SP00135" HPOS="714" VPOS="2879" WIDTH="27"/>
						<String ID="P3_ST00153" HPOS="741" VPOS="2827" WIDTH="258" HEIGHT="56" CONTENT="n'étaient" WC="0.98" CC="549044550"/>
						<SP ID="P3_SP00136" HPOS="999" VPOS="2883" WIDTH="26"/>
						<String ID="P3_ST00154" HPOS="1025" VPOS="2832" WIDTH="155" HEIGHT="65" CONTENT="guère" WC="0.95" CC="75946"/>
						<SP ID="P3_SP00137" HPOS="1180" VPOS="2897" WIDTH="30"/>
						<String ID="P3_ST00155" HPOS="1210" VPOS="2832" WIDTH="511" HEIGHT="63" CONTENT="révolutionnaires;" WC="0.99" CC="60005103020647626"/>
						<SP ID="P3_SP00138" HPOS="1721" VPOS="2897" WIDTH="36"/>
						<String ID="P3_ST00156" HPOS="1757" VPOS="2857" WIDTH="62" HEIGHT="34" CONTENT="en" WC="0.60" CC="61"/>
						<SP ID="P3_SP00139" HPOS="1819" VPOS="2897" WIDTH="31"/>
						<String ID="P3_ST00157" HPOS="1850" VPOS="2839" WIDTH="139" HEIGHT="54" CONTENT="bons" WC="0.99" CC="0014"/>
						<SP ID="P3_SP00140" HPOS="1989" VPOS="2897" WIDTH="28"/>
						<String ID="P3_ST00158" HPOS="2017" VPOS="2842" WIDTH="306" HEIGHT="58" CONTENT="Flamands," WC="0.99" CC="246054054"/>
						<SP ID="P3_SP00141" HPOS="2323" VPOS="2900" WIDTH="32"/>
						<String ID="P3_ST00159" HPOS="2355" VPOS="2844" WIDTH="62" HEIGHT="51" CONTENT="ils" WC="0.98" CC="040"/>
					</TextLine>
					<TextLine ID="P3_TL00019" HPOS="340" VPOS="2912" WIDTH="2077" HEIGHT="75">
						<String ID="P3_ST00160" HPOS="340" VPOS="2912" WIDTH="249" HEIGHT="53" CONTENT="faisaient" WC="0.98" CC="576267560"/>
						<SP ID="P3_SP00142" HPOS="589" VPOS="2965" WIDTH="21"/>
						<String ID="P3_ST00161" HPOS="610" VPOS="2914" WIDTH="70" HEIGHT="52" CONTENT="les" WC="0.93" CC="665"/>
						<SP ID="P3_SP00143" HPOS="680" VPOS="2966" WIDTH="20"/>
						<String ID="P3_ST00162" HPOS="700" VPOS="2916" WIDTH="182" HEIGHT="53" CONTENT="choses" WC="0.98" CC="475130"/>
						<SP ID="P3_SP00144" HPOS="882" VPOS="2969" WIDTH="19"/>
						<String ID="P3_ST00163" HPOS="901" VPOS="2917" WIDTH="122" HEIGHT="53" CONTENT="bien" WC="0.98" CC="0270"/>
						<SP ID="P3_SP00145" HPOS="1023" VPOS="2970" WIDTH="19"/>
						<String ID="P3_ST00164" HPOS="1042" VPOS="2918" WIDTH="297" HEIGHT="66" CONTENT="posément," WC="0.99" CC="005004004"/>
						<SP ID="P3_SP00146" HPOS="1339" VPOS="2984" WIDTH="24"/>
						<String ID="P3_ST00165" HPOS="1363" VPOS="2938" WIDTH="330" HEIGHT="49" CONTENT="gravement," WC="0.99" CC="0743705504"/>
						<SP ID="P3_SP00147" HPOS="1693" VPOS="2987" WIDTH="23"/>
						<String ID="P3_ST00166" HPOS="1716" VPOS="2926" WIDTH="224" HEIGHT="54" CONTENT="sachant" WC="0.98" CC="3704054"/>
						<SP ID="P3_SP00148" HPOS="1940" VPOS="2987" WIDTH="20"/>
						<String ID="P3_ST00167" HPOS="1960" VPOS="2928" WIDTH="73" HEIGHT="52" CONTENT="où" WC="0.44" CC="38"/>
						<SP ID="P3_SP00149" HPOS="2033" VPOS="2987" WIDTH="20"/>
						<String ID="P3_ST00168" HPOS="2053" VPOS="2928" WIDTH="65" HEIGHT="54" CONTENT="ils" WC="0.95" CC="571"/>
						<SP ID="P3_SP00150" HPOS="2118" VPOS="2987" WIDTH="20"/>
						<String ID="P3_ST00169" HPOS="2138" VPOS="2931" WIDTH="279" HEIGHT="52" CONTENT="voulaient" WC="0.99" CC="003660600"/>
					</TextLine>
					<TextLine ID="P3_TL00020" HPOS="341" VPOS="2998" WIDTH="2075" HEIGHT="80">
						<String ID="P3_ST00170" HPOS="341" VPOS="2998" WIDTH="235" HEIGHT="53" CONTENT="aboutir." WC="0.98" CC="95640574"/>
						<SP ID="P3_SP00151" HPOS="576" VPOS="3051" WIDTH="26"/>
						<String ID="P3_ST00171" HPOS="602" VPOS="3001" WIDTH="158" HEIGHT="53" CONTENT="Ainsi" WC="0.98" CC="60430"/>
						<SP ID="P3_SP00152" HPOS="760" VPOS="3054" WIDTH="22"/>
						<String ID="P3_ST00172" HPOS="782" VPOS="3003" WIDTH="139" HEIGHT="52" CONTENT="leurs" WC="0.97" CC="06564"/>
						<SP ID="P3_SP00153" HPOS="921" VPOS="3055" WIDTH="21"/>
						<String ID="P3_ST00173" HPOS="942" VPOS="3022" WIDTH="207" HEIGHT="36" CONTENT="œuvres" WC="0.98" CC="510562"/>
						<SP ID="P3_SP00154" HPOS="1149" VPOS="3058" WIDTH="20"/>
						<String ID="P3_ST00174" HPOS="1169" VPOS="3010" WIDTH="358" HEIGHT="63" CONTENT="manquaient" WC="0.99" CC="0610363500"/>
						<SP ID="P3_SP00155" HPOS="1527" VPOS="3073" WIDTH="23"/>
						<String ID="P3_ST00175" HPOS="1550" VPOS="3010" WIDTH="462" HEIGHT="68" CONTENT="d'extravagance." WC="0.99" CC="046036606064057"/>
						<SP ID="P3_SP00156" HPOS="2012" VPOS="3078" WIDTH="28"/>
						<String ID="P3_ST00176" HPOS="2040" VPOS="3015" WIDTH="224" HEIGHT="59" CONTENT="Sensées," WC="0.99" CC="05007544"/>
						<SP ID="P3_SP00157" HPOS="2264" VPOS="3078" WIDTH="26"/>
						<String ID="P3_ST00177" HPOS="2290" VPOS="3017" WIDTH="101" HEIGHT="52" CONTENT="soli" SUBS_TYPE="HypPart1" SUBS_CONTENT="solidement" WC="0.98" CC="2041"/>
						<HYP HPOS="2391" VPOS="3017" WIDTH="25" CONTENT="-"/>
					</TextLine>
					<TextLine ID="P3_TL00021" HPOS="340" VPOS="3086" WIDTH="2077" HEIGHT="73">
						<String ID="P3_ST00178" HPOS="340" VPOS="3086" WIDTH="215" HEIGHT="53" CONTENT="dement" SUBS_TYPE="HypPart2" SUBS_CONTENT="solidement" WC="0.97" CC="554733"/>
						<SP ID="P3_SP00158" HPOS="555" VPOS="3139" WIDTH="51"/>
						<String ID="P3_ST00179" HPOS="606" VPOS="3091" WIDTH="336" HEIGHT="57" CONTENT="construites," WC="0.99" CC="506507320644"/>
						<SP ID="P3_SP00159" HPOS="942" VPOS="3148" WIDTH="54"/>
						<String ID="P3_ST00180" HPOS="996" VPOS="3092" WIDTH="339" HEIGHT="67" CONTENT="distinguées," WC="0.99" CC="044340037624"/>
						<SP ID="P3_SP00160" HPOS="1335" VPOS="3159" WIDTH="55"/>
						<String ID="P3_ST00181" HPOS="1390" VPOS="3096" WIDTH="121" HEIGHT="55" CONTENT="elles" WC="0.97" CC="64454"/>
						<SP ID="P3_SP00161" HPOS="1511" VPOS="3159" WIDTH="49"/>
						<String ID="P3_ST00182" HPOS="1560" VPOS="3097" WIDTH="259" HEIGHT="55" CONTENT="offraient" WC="0.99" CC="000664450"/>
						<SP ID="P3_SP00162" HPOS="1819" VPOS="3159" WIDTH="48"/>
						<String ID="P3_ST00183" HPOS="1867" VPOS="3100" WIDTH="224" HEIGHT="54" CONTENT="certains" WC="0.99" CC="06500036"/>
						<SP ID="P3_SP00163" HPOS="2091" VPOS="3159" WIDTH="48"/>
						<String ID="P3_ST00184" HPOS="2139" VPOS="3102" WIDTH="278" HEIGHT="54" CONTENT="caractères" WC="0.99" CC="4026107675"/>
					</TextLine>
					<TextLine ID="P3_TL00022" HPOS="340" VPOS="3178" WIDTH="2077" HEIGHT="78">
						<String ID="P3_ST00185" HPOS="340" VPOS="3192" WIDTH="287" HEIGHT="36" CONTENT="communs" WC="0.99" CC="4400000"/>
						<SP ID="P3_SP00164" HPOS="627" VPOS="3228" WIDTH="36"/>
						<String ID="P3_ST00186" HPOS="663" VPOS="3195" WIDTH="68" HEIGHT="34" CONTENT="au" WC="0.67" CC="60"/>
						<SP ID="P3_SP00165" HPOS="731" VPOS="3229" WIDTH="37"/>
						<String ID="P3_ST00187" HPOS="768" VPOS="3178" WIDTH="161" HEIGHT="65" CONTENT="point" WC="0.99" CC="00420"/>
						<SP ID="P3_SP00166" HPOS="929" VPOS="3243" WIDTH="35"/>
						<String ID="P3_ST00188" HPOS="964" VPOS="3199" WIDTH="103" HEIGHT="46" CONTENT="que" WC="0.98" CC="004"/>
						<SP ID="P3_SP00167" HPOS="1067" VPOS="3245" WIDTH="38"/>
						<String ID="P3_ST00189" HPOS="1105" VPOS="3181" WIDTH="263" HEIGHT="55" CONTENT="d'aucuns" WC="0.99" CC="04450613"/>
						<SP ID="P3_SP00168" HPOS="1368" VPOS="3245" WIDTH="38"/>
						<String ID="P3_ST00190" HPOS="1406" VPOS="3184" WIDTH="120" HEIGHT="66" CONTENT="déjà" WC="0.98" CC="0034"/>
						<SP ID="P3_SP00169" HPOS="1526" VPOS="3250" WIDTH="39"/>
						<String ID="P3_ST00191" HPOS="1565" VPOS="3186" WIDTH="207" HEIGHT="53" CONTENT="osaient" WC="1.00" CC="0000400"/>
						<SP ID="P3_SP00170" HPOS="1772" VPOS="3250" WIDTH="38"/>
						<String ID="P3_ST00192" HPOS="1810" VPOS="3189" WIDTH="276" HEIGHT="66" CONTENT="employer" WC="0.99" CC="60040065"/>
						<SP ID="P3_SP00171" HPOS="2086" VPOS="3255" WIDTH="35"/>
						<String ID="P3_ST00193" HPOS="2121" VPOS="3189" WIDTH="296" HEIGHT="67" CONTENT="l'étiquette" WC="0.99" CC="64051046006"/>
					</TextLine>
					<TextLine ID="P3_TL00023" HPOS="348" VPOS="3262" WIDTH="680" HEIGHT="56">
						<String ID="P3_ST00194" HPOS="348" VPOS="3280" WIDTH="31" HEIGHT="32" CONTENT="«" WC="0.43" CC="5"/>
						<SP ID="P3_SP00172" HPOS="379" VPOS="3312" WIDTH="32"/>
						<String ID="P3_ST00195" HPOS="411" VPOS="3262" WIDTH="160" HEIGHT="52" CONTENT="Ecole" WC="0.98" CC="50054"/>
						<SP ID="P3_SP00173" HPOS="571" VPOS="3314" WIDTH="26"/>
						<String ID="P3_ST00196" HPOS="597" VPOS="3264" WIDTH="64" HEIGHT="52" CONTENT="de" WC="0.73" CC="05"/>
						<SP ID="P3_SP00174" HPOS="661" VPOS="3316" WIDTH="27"/>
						<String ID="P3_ST00197" HPOS="688" VPOS="3264" WIDTH="259" HEIGHT="54" CONTENT="Courtrai" WC="0.73" CC="00350560"/>
						<SP ID="P3_SP00175" HPOS="947" VPOS="3318" WIDTH="30"/>
						<String ID="P3_ST00198" HPOS="977" VPOS="3285" WIDTH="51" HEIGHT="33" CONTENT="»." WC="0.56" CC="44"/>
					</TextLine>
				</TextBlock>
				<TextBlock ID="P3_TB00004" HPOS="288" VPOS="3460" WIDTH="958" HEIGHT="153" STYLEREFS="TXT_4 PAR_LEFT">
					<TextLine ID="P3_TL00024" HPOS="332" VPOS="3468" WIDTH="869" HEIGHT="122">
						<String ID="P3_ST00199" HPOS="332" VPOS="3483" WIDTH="239" HEIGHT="99" CONTENT="LA" WC="0.88" CC="20"/>
						<SP ID="P3_SP00176" HPOS="571" VPOS="3582" WIDTH="130"/>
						<String ID="P3_ST00200" HPOS="701" VPOS="3468" WIDTH="500" HEIGHT="122" CONTENT="CITÉ." WC="0.97" CC="07456"/>
					</TextLine>
				</TextBlock>
				<TextBlock ID="P3_TB00005" HPOS="1401" VPOS="3461" WIDTH="1039" HEIGHT="143" STYLEREFS="TXT_5 PAR_RIGHT">
					<Shape>
						<Polygon POINTS="2440,3604 1407,3604 1401,3462 2440,3461"/>
					</Shape>
					<TextLine ID="P3_TL00025" HPOS="1437" VPOS="3495" WIDTH="988" HEIGHT="109">
						<String ID="P3_ST00201" HPOS="1437" VPOS="3495" WIDTH="618" HEIGHT="102" CONTENT="AVRIL" WC="0.99" CC="50001"/>
						<SP ID="P3_SP00177" HPOS="2055" VPOS="3597" WIDTH="124"/>
						<String ID="P3_ST00202" HPOS="2179" VPOS="3506" WIDTH="246" HEIGHT="98" CONTENT="1924." WC="0.64" CC="57040"/>
					</TextLine>
				</TextBlock>
				<ComposedBlock ID="P3_CB00001" HPOS="211" VPOS="160" WIDTH="2340" HEIGHT="826" STYLEREFS="TXT_6 PAR_LEFT" TYPE="Illustration">
					<GraphicalElement ID="P3_CB00001_SUB" HPOS="211" VPOS="160" WIDTH="2340" HEIGHT="826"/>
				</ComposedBlock>
			</PrintSpace>
		</Page>
	</Layout>
</alto>
