2996 4229
300 322 551 54 KCVUt:
1006 309 1067 65 HËN'bO&LLfc
2236 310 547 66 BELGE

1057 402 274 132 LA
1494 376 523 163 CITÉ

625 558 440 51 URBANIS/AE
1128 560 38 36 «
1230 557 581 52 ARCHITECTURE
1874 560 38 37 ■
1975 558 141 49 ART
2167 555 276 54 PUBLIC

929 631 1189 88 RECONSTRUCTION

916 743 158 50 DES
1146 743 392 51 REGIONS
1606 734 520 60 DÉVASTÉES

357 907 281 44 Rédacteurs
685 924 10 26 :
737 906 116 44 MM.
896 906 129 44 Fern.
1072 906 265 48 BODSON,
1380 907 249 45 architecte
1672 907 285 53 (Bruxelles)
1977 925 10 32 ;
2022 907 40 54 J.
2102 906 83 46 DE
2218 907 201 50 LIGNE,
2455 908 264 47 architecte'

634 967 285 53 (Bruxelles)
938 986 10 31 ;
990 968 37 51 J.
1072 968 335 49 EGGERICX,
1449 970 249 43 architecte
1747 969 315 53 (Bruxelles);
2108 968 141 46 Huib.
2295 969 221 52 HOSTE,
2559 969 123 46 archi-

625 1040 117 33 tecte
778 1030 252 52 (Bruges);
1062 1032 251 49 Raymond
1343 1031 369 49 MOENAERT,
1752 1031 248 44 architecte
2045 1031 316 52 (Bruxelles);
2401 1031 49 45 L.
2489 1048 95 28 van
2622 1031 85 46 der

614 1091 366 49 SWAELMEN,
1022 1093 527 53 architecte-paysagiste
1606 1093 285 52 (Bruxelles)
1910 1111 11 32 ;
1971 1092 40 53 J.
2046 1092 65 45 M.
2162 1110 94 27 van
2304 1092 403 46 HARDEVELD

624 1153 383 53 (Amsterdam);
1043 1155 63 43 M.
1145 1155 150 53 Raph.
1333 1155 437 49 VERWILGHEN,
1814 1156 239 52 Ingénieur
2093 1155 249 47 Urbaniste
2390 1155 310 54 (Bruxelles),

614 1217 251 44 Secrétaire
896 1217 60 44 de
986 1217 44 42 la
1059 1218 274 43 Rédaction.

350 1282 71 35 Les
451 1279 240 37 Rédacteurs
723 1292 36 23 et
790 1281 327 36 Collaborateur»
1148 1293 90 25 sont
1266 1287 104 31 seuls
1405 1284 276 42 responsables
1710 1284 48 35 de
1786 1283 105 36 leurs
1919 1282 173 36 articles.
2121 1302 59 8 —■
2207 1281 30 38 11
2265 1296 90 23 ter»
2386 1281 128 39 rendu
2540 1291 162 36 compte

573 1341 98 35 dans
705 1353 21 24 «
760 1342 36 36 la
830 1343 87 33 Cité
982 1344 48 35 de
1064 1352 86 28 tout
1183 1359 176 29 ouvrage
1393 1345 96 35 dont
1546 1345 102 35 deux
1676 1344 263 44 exemplaires
1965 1352 137 29 seront
2126 1346 176 42 envoyés
2327 1343 89 37 àle
2439 1345 148 36 Revue.

350 1403 118 43 Pour
495 1402 42 44 la
569 1402 251 49 rédaction,
855 1403 401 44 l'administration
1289 1417 45 31 et
1365 1406 62 43 les
1459 1405 260 43 demandes
1761 1405 382 49 d'abonnement,
2184 1404 251 45 s'adresser
2471 1422 62 27 au
2567 1404 138 54 Siègr*

620 1464 61 45 de
707 1464 43 43 la
775 1464 161 44 Revue
969 1482 11 26 :
999 1464 2 50 '
1019 1466 11 42 I
1047 1466 42 47 0,
1124 1466 133 43 Place
1285 1467 128 47 Loix,
1443 1466 567 45 Saint-Gilles-Bruxelles.

348 1527 118 43 Pour
494 1526 39 43 la
562 1537 139 34 vente
728 1543 59 27 au
814 1529 194 41 numéro
1039 1527 248 45 s'adresser
1315 1527 365 46 exclusivement
1714 1546 90 27 aux
1840 1529 234 44 librairies.
2116 1528 161 54 Dépôt
2310 1527 227 56 principal
2580 1546 12 27 :
2629 1526 48 47 Li-

616 1588 165 44 brairie
821 1588 246 49 Lamertin,
1114 1589 165 50 58-62,
1320 1590 316 53 Coudenberg
1686 1590 245 45 Bruxelles.

617 1650 437 44 ABONNEMENT
1091 1670 9 24 :
1135 1652 218 53 Belgique
1391 1654 12 42 1
1420 1652 27 42 0
1479 1653 51 43 fr.
1545 1669 9 31 ;
1585 1652 237 54 Etranger,
1857 1653 12 44 1
1888 1653 23 43 5
1944 1653 53 44 fr.
2029 1653 65 43 Le
2120 1655 210 48 numéro,
2377 1652 78 46 Un
2481 1652 146 46 franc.

348 1715 81 42 Les
460 1713 337 43 abonnements
828 1724 202 42 peuvent
1063 1731 48 25 se
1141 1715 201 51 prendre
1370 1732 57 26 en
1456 1725 188 32 versant
1679 1714 44 44 la
1758 1732 184 27 somme
1976 1715 60 44 de
2077 1715 11 44 1
2105 1714 29 44 0
2171 1714 154 45 francs
2357 1732 62 27 au
2452 1714 149 45 crédit
2636 1713 64 46 du

618 1774 202 53 Compte
859 1774 424 54 chèques-postaux
1325 1783 50 38 n°
1424 1776 149 43 16621
1623 1776 187 52 (Revue
1850 1795 9 25 :
1892 1777 65 44 La
1989 1777 150 53 Cité).
2173 1776 295 54 Moyennant
2497 1794 64 27 un
2591 1793 81 37 sup-

614 1836 207 53 plément
856 1837 59 44 de
950 1837 25 42 3
1014 1837 150 44 francs
1199 1837 63 44 les
1297 1841 217 40 numéros
1537 1850 106 32 sont
1665 1842 206 50 envoyés
1895 1837 384 47 mensuellement
2301 1856 109 28 sous
2427 1837 271 57 enveloppe

613 1901 262 41 cartonnée.

307 2470 29 32 0

357 2474 25 33 0

399 2523 27 28 o

315 2539 28 31 o

316 2613 27 27 o

408 2625 28 25 O

356 2641 27 21 O

1588 2720 28 37 r

1425 2909 28 61 *

1340 2930 43 73 s

1276 2963 29 21 X

1733 3020 77 54 x^.

1306 3114 133 28 WVAV

1628 3101 23 24 \

205 3351 168 163 N
459 3356 35 163 I
581 3361 239 158 LF
855 3361 36 158 I
952 3361 127 163 S
1119 3366 143 158 K
1282 3448 559 86 ELEOraOUE

785 3537 126 72 Le
1152 3540 384 73 met/leur
1564 3544 115 71 du
1703 3546 202 74 Mon

197 3623 115 81 JHL
340 3628 138 67 MII
493 3684 18 11 j
522 3631 202 78 LS._
737 3690 41 21 A
787 3650 209 53 9V
1000 3695 11 16 1
1038 3651 187 55 Louise
1283 3695 43 16 _
1357 3656 480 61 BRUXELLES

201 3739 290 59 AGENT
531 3731 407 72 GÉNÉRAL
985 3747 232 59 POUR
1265 3750 98 57 LA
1410 3751 432 70 BELGIQUE

1999 2312 519 77 Demandez
2601 2314 83 76 le

2041 2523 497 99 Catalogue
2572 2526 158 76 n'B

2041 2756 112 54 ou
2189 2756 105 54 un
2330 2737 395 96 appareil

2163 2949 50 75 à
2317 2947 307 78 l'essai

2338 3031 40 23 m

2162 3180 220 56 sans
2416 3161 208 76 frais

1965 3562 155 124 Vous
2199 3600 173 86 serez
2448 3567 335 125 émerveillé

200 3849 100 50 Tél
340 3864 11 33 :
388 3852 222 55 272,61
