2286 3913
830 265 206 28 FESTIVAL
1068 261 383 32 FRANCO-ANGLAIS

143 268 77 37 292

143 361 78 40 des
260 360 113 42 deux
412 373 124 40 pays,
573 367 41 32 et
656 357 215 52 quelques
910 358 320 51 compositions
1270 364 204 33 savantes
1498 355 53 42 de
1599 357 240 40 musiciens
1872 366 231 47 contempo-

146 430 136 40 rains.

201 496 203 53 Lorsque
437 494 64 42 fut
524 496 110 39 mise
656 507 55 28 en
734 501 147 43 avant,
902 492 98 43 l'été
1023 493 190 50 dernier,
1239 491 126 42 l'idée
1386 491 131 44 d'une
1540 494 234 41 invitation
1813 494 205 41 adressée
2051 509 82 27 aux

147 568 152 50 jeunes
324 562 111 42 filles
469 562 52 40 de
543 561 202 42 Londres
768 576 79 38 par
869 562 39 39 la
933 559 179 43 chorale
1132 562 77 40 des
1226 561 143 52 lycées
1391 561 53 40 de
1466 562 152 52 jeunes
1651 560 112 42 filles
1800 562 52 40 de
1875 562 143 49 Paris,
2055 564 78 40 des

150 634 242 51 objections
416 636 87 36 très
527 632 217 40 sérieuses
762 629 144 42 furent
929 629 238 41 formulées
1190 644 80 38 par
1292 630 39 40 la
1352 630 178 52 plupart
1553 631 76 40 des
1665 644 243 39 personnes
1947 632 107 40 dont
2095 632 39 41 le

148 713 216 29 concours
382 702 105 38 était
508 698 354 54 indispensable.
896 721 44 5 —
960 697 58 42 Ce
1036 713 27 25 11
1080 704 58 34 est
1153 705 77 46 pas
1244 698 211 54 pratique,
1468 698 129 41 disait
1621 696 131 44 l'une.
1847 699 109 41 C'est
1967 700 147 40 irréali-

148 769 130 47 sable,
303 769 132 40 disait
458 767 156 41 l'autre
637 781 103 27 avec
764 768 265 40 conviction.
1131 764 217 42 Comment
1368 766 275 53 voulez-vous
1675 764 126 57 qu'on
1818 769 116 50 fasse
1955 783 180 38 voyayer

150 838 70 39 des
237 835 148 51 jeunes
393 836 122 53 filles
534 839 16 36 ?
649 835 109 41 Vous
782 849 121 26 aurez
922 838 202 51 peut-être
1146 849 80 26 une
1247 838 177 52 réponse
1453 835 226 52 favorable
1697 846 16 40 ;
1748 835 108 40 mais
1893 851 52 25 au
1968 837 168 40 dernier

150 912 199 44 moment,
375 905 54 40 les
445 904 235 53 défections
711 910 141 34 seront
875 904 268 40 nombreuses
1148 936 10 15 ,
1183 913 99 41 etc.,
1311 913 122 32 etc...
1464 902 161 54 Quand
1650 917 85 28 une
1755 906 97 39 idée
1874 914 64 33 est
1967 905 166 49 bonne,

150 975 29 39 il
200 987 54 27 ne
277 973 92 41 faut
388 974 156 51 jamais
568 973 204 40 s'arrêter
801 977 21 35 à
846 986 69 27 ces
936 971 229 42 difficultés
1189 971 243 54 d'opinion.
1471 971 31 41 Il
1541 971 93 42 faut
1658 973 108 40 aller
1785 973 52 40 de
1861 971 160 44 l'avant
2043 989 8 34 ;
2078 988 57 27 on

151 1056 166 38 prouve
340 1042 39 40 la
394 1041 250 52 possibilité
676 1041 58 41 du
757 1049 284 33 mouvement
1063 1056 80 37 par
1165 1042 38 40 le
1226 1049 282 33 mouvement
1539 1041 242 41 lui-même.

205 1109 140 48 Voici,
371 1123 104 27 avec
513 1109 63 40 les
598 1122 129 28 noms
750 1109 54 40 de
823 1109 115 40 leurs
958 1108 274 49 Directrices,
1258 1110 61 40 les
1342 1108 158 42 Ecoles
1522 1109 52 40 de
1609 1108 202 42 Londres
1832 1107 57 55 (et
1912 1109 224 54 environs)

151 1180 91 50 qui,
266 1178 77 40 dès
364 1175 153 43 l'hiver
546 1178 189 48 dernier,
761 1177 288 52 répondaient
1073 1182 20 36 à
1116 1176 265 42 l'invitation
1395 1178 77 39 des
1494 1178 143 51 lycées
1655 1178 53 41 de
1755 1178 152 52 jeunes
1946 1176 112 42 filles
2082 1179 53 39 de

149 1246 144 51 Paris,
319 1248 269 50 acceptaient
609 1246 38 40 le
664 1259 283 39 programme
971 1246 184 41 musical
1179 1260 84 38 que
1280 1247 94 40 leur
1393 1247 209 51 imposait
1624 1246 60 40 M.
1709 1246 121 55 Jules
1847 1246 286 52 Combarieu,

150 1323 40 32 et
214 1313 329 53 s'engageaient
567 1319 21 36 à
606 1316 123 39 venir
753 1318 20 36 à
798 1313 127 41 Paris
948 1315 39 40 le
1015 1329 45 36 14
1084 1317 86 38 mai
1199 1326 8 30 :

210 2741 77 50 Or,
309 2743 52 40 de
384 2751 144 33 toutes
551 2744 63 40 les
636 2745 152 51 jeunes
807 2743 236 51 Anglaises
1064 2746 51 41 de
1136 2760 70 27 ces
1229 2747 194 41 diverses
1446 2747 157 42 Ecoles
1623 2749 75 51 qui
1719 2749 353 52 avaientpromis
2089 2749 53 41 de

156 2812 215 50 répondre
395 2815 21 37 à
441 2810 176 54 l'appel,
635 2819 80 47 pas
747 2827 81 25 une
849 2810 40 42 ri
894 2828 24 25 a
953 2817 179 50 manqué
1154 2818 22 36 à
1207 2829 44 26 sa
1294 2815 159 54 parole.
1490 2815 166 42 Toutes
1693 2825 74 32 ont
1806 2821 66 36 été
1891 2826 171 32 exactes
2087 2831 54 28 au

156 2880 309 49 rendez-vous,
508 2880 40 40 la
589 2893 98 28 rose
727 2894 136 37 rouge
900 2881 283 53 symbolique
1224 2897 54 26 au
1316 2896 183 38 corsage
1523 2897 10 35 ;
1569 2884 39 40 le
1647 2897 284 39 programme
1962 2885 54 41 de
2047 2885 95 42 leur

157 2949 222 49 réception
420 2949 95 51 (qui
558 2946 231 43 s'étendait
834 2962 74 27 sur
947 2958 156 43 quatre
1140 2951 140 52 jours)
1310 2965 21 26 a
1369 2956 67 36 été
1467 2952 374 52 ponctuellement
1881 2954 129 48 suivi,
2037 2966 105 28 sans

160 3015 296 49 changement
478 3016 53 39 de
555 3016 38 39 la
619 3016 200 41 dernière
838 3017 136 40 heure
993 3031 9 35 ;
1037 3026 40 33 et
1109 3019 38 39 le
1169 3017 174 42 festival
1366 3021 168 52 projeté
1558 3035 22 26 a
1603 3033 54 28 eu
1678 3035 59 26 un
1761 3021 189 41 éclatant
1972 3028 167 35 succès.

157 3082 33 40 Il
226 3083 104 40 était
364 3083 175 51 présidé
570 3097 79 38 par
689 3083 62 40 M.
776 3084 301 51 Doumergue,
1119 3087 201 41 ministre
1362 3088 52 40 de
1453 3087 298 43 l'lnstruction
1793 3088 215 54 publique
2029 3105 8 34 ;
2083 3092 60 38 sir

156 3151 181 40 Francis
360 3149 144 42 Bertie
527 3153 104 39 était
651 3155 21 36 à
694 3164 70 27 ses
787 3155 133 38 côtés.

213 3218 69 42 Un
307 3219 55 40 tel
387 3219 183 41 résultat
592 3228 66 31 est
679 3219 58 42 dû
765 3224 21 35 à
812 3220 53 41 de
906 3221 293 41 nombreuses
1234 3224 257 50 initiatives,
1536 3225 158 51 dignes
1721 3226 78 40 des
1839 3227 101 51 plus
1975 3227 167 49 grands

155 3288 165 49 éloges.
339 3287 46 40 M
390 3286 39 24 lle
446 3286 113 42 Irma
576 3287 205 53 Dreyfus,
800 3290 76 50 qui
900 3302 22 27 a
945 3289 95 53 déjà
1084 3299 92 33 tant
1216 3290 79 43 fait
1329 3305 113 40 pour
1472 3293 62 41 les
1569 3293 171 41 bonnes
1772 3295 211 40 relations
2020 3303 123 33 entre

155 3354 202 42 Londres
377 3364 40 32 et
439 3356 144 47 Paris,
609 3358 115 39 avait
740 3356 102 41 bien
864 3358 134 40 voulu
1023 3371 45 27 se
1091 3359 186 51 charger
1298 3360 76 41 des
1406 3364 239 50 premières
1668 3362 273 40 démarches.
1985 3361 97 42 Elle
2118 3378 22 26 a

155 3429 155 35 trouvé
329 3428 21 36 à
374 3423 202 43 Londres
592 3438 86 28 une
694 3424 335 42 collaboratrice
1051 3424 145 44 d'élite
1214 3428 111 41 dans
1342 3429 39 40 la
1399 3429 288 41 directricede
1707 3428 296 54 l'importante
2023 3432 119 41 école

156 3492 52 40 de
227 3490 283 43 Wentworth
529 3492 107 50 hall,
661 3494 108 40 miss
797 3492 164 42 Cecilia
995 3493 110 42 Hill.

209 3558 111 42 Miss
340 3558 163 43 Cecilia
518 3560 87 42 Hill
626 3570 65 33 est
708 3562 39 40 la
765 3563 232 40 secrétaire
1026 3563 207 50 générale
1265 3563 132 43 d'une
1422 3570 86 36 très
1543 3564 307 44 considérable
1874 3569 161 42 société
2065 3582 75 30 an-

477 1533 104 33 NOM
609 1533 60 32 DE
694 1525 446 41 L'ÉTABLISSEMENT.

1531 1533 106 32 NOM
1663 1533 60 33 DE
1749 1533 58 33 LA
1834 1531 294 36 DIRECTRICE.

148 1696 163 33 Holborn
337 1696 122 32 Estate
481 1695 96 33 Girls
601 1694 147 41 School,
764 1695 189 41 Aldwych.
973 1694 26 32 E

1515 1693 86 33 Miss
1623 1693 179 44 Cocking.

144 1745 117 33 North
285 1746 174 40 Hakeney
482 1745 96 42 High
603 1744 148 41 School,
776 1743 183 34 Stamford
987 1743 72 33 Hill

1515 1743 86 32 Miss
1618 1744 132 39 James.

145 1795 203 34 Lewisham
372 1795 189 32 Grammar
584 1794 148 40 School,
748 1794 147 33 Catford
912 1794 37 32 S.
973 1794 26 31 E

1514 1793 86 32 Miss
1623 1794 206 33 Ashworth.

147 1846 158 31 Camden
327 1844 134 33 School
479 1844 54 32 for
554 1843 110 38 Girls,
689 1843 130 34 Prince
841 1843 169 33 ofWales
1032 1843 117 38 Road,
1171 1842 151 34 Kentish
1343 1843 127 32 Town.

1514 1843 86 33 Miss
1623 1843 177 33 Lawford.

146 1895 199 42 Highburg
386 1893 71 31 Hill
493 1892 97 43 High
615 1891 136 35 School
783 1893 32 31 N
1174 1915 10 10 »

1515 1893 86 31 Miss
1625 1893 106 40 Kyle,
1756 1894 40 32 B.
1817 1894 40 32 A.

148 1942 185 43 Highfield
355 1942 146 41 School,
519 1942 185 41 Croydon,
724 1942 125 34 Lower
870 1942 241 33 Addiscombe
1131 1942 97 32 Road

1515 1942 86 33 Miss
1620 1942 152 33 Waller.

148 1994 76 31 The
249 1992 99 42 High
369 1992 148 40 School,
541 1992 284 33 Berkhamstead

1515 1992 86 33 Miss
1624 1992 136 33 Harris.

146 2043 118 32 North
289 2042 92 33 Park
400 2042 161 41 Collège,
585 2041 182 42 Croydon.
834 2064 638 13 .............

1517 2043 70 32 Mrs
1606 2043 85 32 Fox.

148 2093 175 39 Clapham
349 2091 97 42 High
474 2091 147 33 School.
661 2115 181 9 ....
892 2112 8 12 i
948 2114 468 10 .........
1466 2120 6 8 .

1515 2092 72 32 Mrs
1607 2091 251 33 Woodhouse.

151 2141 227 34 Southwood
400 2141 95 38 Hall,
524 2140 186 42 Highgatô

1515 2140 87 33 Miss
1627 2142 121 31 Rowe.

148 2192 155 32 Croham
324 2191 109 32 Hurst
458 2191 148 39 School,
628 2190 169 42 Croydon

1517 2190 85 33 Miss
1625 2190 120 34 Clark.

146 2241 233 33 Wentworth
402 2241 94 37 Hall,
520 2239 77 32 Mill
621 2239 71 32 Hill
710 2239 45 33 N.
778 2240 62 32 W.

1517 2239 85 33 Miss
1626 2239 135 33 Cecilia
1782 2239 86 33 Hill.

149 2289 223 42 Burlington
397 2289 147 39 School,
571 2289 70 32 Old
674 2290 218 41 Burlington
920 2289 52 32 St.
1010 2290 49 30 W

1515 2290 86 32 Miss
1621 2290 129 41 Wigg.

150 2338 233 42 Paddington
409 2338 99 42 High
530 2338 149 39 School,
707 2349 64 33 129
795 2338 106 42 Elgin
924 2339 145 32 Avenue

1515 2339 87 33 Miss
1626 2339 132 33 Slater.

149 2388 222 32 Blackheath
400 2387 96 42 High
520 2387 148 41 School,
694 2388 170 41 Wemyss
887 2387 111 40 Road,
1025 2387 36 33 S.
1089 2387 25 32 E

1515 2389 87 32 Miss
1624 2388 211 39 Gadesden,
1855 2388 48 34 M.
1922 2389 40 31 A.

150 2438 106 32 Girls'
273 2437 98 42 High
393 2437 149 39 School,
567 2438 133 34 Sutton
724 2438 134 41 Surrey

1517 2438 85 33 Miss
1622 2439 92 32 Bell.

152 2486 156 33 Bedford
332 2486 97 42 High
451 2486 134 33 School

1515 2488 87 32 Miss
1625 2487 129 33 Collie.

152 2535 196 42 St.-Marys
374 2535 160 43 Collège,
559 2537 233 41 Paddington

1515 2538 86 32 Miss
1622 2538 149 32 Powell.
