2286 3914
1006 263 291 28 PADEREWSKI

2066 257 82 52 289

154 351 218 42 Concerto
395 364 54 28 en
471 357 44 34 ut
537 353 174 39 mineur
746 351 53 40 de
840 350 314 56 Saint-Saëns,
1196 358 300 52 composition
1527 356 129 42 d'une
1691 358 209 51 élégance
1940 368 40 32 et
2016 358 128 44 d'une

151 433 162 42 beauté
336 435 301 40 souveraines.
659 433 109 40 Bien
787 447 85 38 que
891 447 79 28 son
1004 437 334 52 incomparable
1372 441 231 40 virtuosité
1635 442 85 38 soit
1743 453 172 28 connue
1948 441 110 41 dans
2082 442 62 41 les

156 515 112 41 deux
291 515 187 42 mondes
510 524 41 31 et
581 513 157 54 qu'elle
762 517 59 38 ait
859 519 67 37 été
945 525 97 32 cent
1065 517 84 41 fois
1173 519 178 48 décrite,
1384 535 84 39 que
1508 520 354 42 d'observations
1900 522 130 41 utiles
2069 524 27 39 il
2117 539 27 38 y

155 598 142 40 aurait
322 600 20 37 à
362 595 106 42 faire
489 609 75 28 sur
583 604 64 33 cet
683 605 149 44 aspect
854 597 99 52 plus
978 611 144 29 connu
1143 600 52 40 de
1213 600 39 40 la
1274 604 300 50 personnalité
1594 603 58 41 du
1675 607 156 37 maître
1858 607 7 37 !

207 676 85 42 Les
310 678 151 52 jeunes
484 691 111 38 gens
619 678 74 52 qui
718 678 198 42 étudient
939 692 105 28 avoc
1065 680 38 40 la
1129 680 133 42 noble
1286 682 217 42 ambition
1526 684 135 42 d'être
1677 699 60 27 un
1754 686 97 52 jour
1870 685 77 41 des
1968 687 175 40 artistes

153 757 285 52 s'imaginent
456 759 243 41 volontiers
724 773 85 39 que
832 760 37 40 la
894 762 69 39 vie
986 769 64 32 est
1074 767 211 46 partagée
1307 776 53 28 en
1381 764 111 41 deux
1515 766 218 52 périodes.
1755 765 63 42 La
1843 769 215 50 première
2079 776 64 33 est

153 845 235 37 consacrée
405 845 21 35 à
452 838 296 55 l'acquisition
767 841 76 40 des
869 854 185 40 moyens
1078 843 276 53 techniques,
1378 859 54 26 au
1452 848 172 50 travail,
1651 861 82 28 aux
1756 851 212 38 exercices
2001 851 119 39 inces-

151 930 122 33 sants
296 920 445 54 d'assouplissement
764 931 40 32 et
821 922 214 51 d'agilité,
1058 927 21 36 à
1113 924 39 40 la
1178 924 193 42 solution
1395 928 192 50 patiente
1609 927 53 42 de
1686 938 97 32 tous
1804 929 63 41 les
1889 929 253 53 problèmes

153 1017 84 40 que
251 1012 102 44 peut
370 1002 122 42 offrir
510 1001 160 44 l'étude
689 1002 105 42 d'un
814 1005 268 40 instrument
1098 1016 9 39 ;
1131 1005 111 40 dans
1258 1005 38 40 la
1316 1007 206 52 seconde,
1548 1021 56 28 on
1627 1009 69 40 n'a
1719 1010 99 51 plus
1836 1012 99 52 qu'à
1960 1012 182 40 récolter

153 1098 46 27 ce
233 1083 134 54 qu'on
391 1099 21 26 a
433 1089 120 36 semé
588 1098 7 27 :
623 1098 56 28 on
700 1085 188 52 possède
910 1098 80 28 son
1015 1094 64 32 art
1101 1096 9 40 ;
1137 1099 56 27 on
1226 1095 64 32 est
1313 1087 111 41 dans
1445 1089 37 39 la
1526 1091 212 40 situation
1760 1091 58 40 du
1843 1094 182 39 touriste
2049 1095 91 51 qui,

151 1171 128 48 après
303 1167 123 40 avoir
448 1167 125 50 gravi
597 1166 303 52 péniblement
925 1179 84 28 une
1033 1175 259 43 montagne,
1313 1166 67 43 n'a
1404 1169 100 52 plus
1526 1169 98 52 qu'à
1659 1184 46 27 se
1724 1185 237 39 promener
1983 1188 75 26 sur
2080 1175 62 39 les

150 1250 150 39 cimes.
329 1247 182 42 Illusion
532 1251 129 38 naïve
687 1247 7 39 !
734 1246 117 43 C'est
873 1249 113 52 juste
1010 1249 38 40 le
1080 1251 221 38 contraire
1324 1249 52 41 de
1399 1250 38 40 la
1461 1252 151 40 vérité.
1654 1251 210 52 D'abord,
1902 1269 59 26 un
2001 1256 141 50 grand

150 1331 191 52 pianiste
362 1330 200 41 travaille
579 1330 216 53 toujours,
822 1338 94 33 tout
936 1343 172 28 comme
1132 1345 59 26 un
1211 1329 153 42 enfant
1380 1345 8 34 ;
1433 1340 56 40 et,
1512 1333 57 40 du
1595 1333 96 52 jour
1714 1340 55 34 où
1802 1334 29 40 il
1852 1343 64 32 est
1957 1336 185 44 célèbre,

148 1413 40 40 la
213 1411 275 54 tranquillité
505 1411 53 40 de
572 1424 44 27 sa
631 1413 69 38 vie
717 1420 66 32 est
801 1411 179 53 perdue.
1004 1411 64 41 De
1088 1411 368 53 l'interprétation
1473 1411 103 43 d'un
1594 1423 201 32 concerto
1820 1416 53 40 de
1893 1415 251 43 Beethoven

150 1506 57 28 ou
230 1493 53 40 de
317 1491 321 49 Saint-Saëns,
663 1493 28 39 il
735 1493 140 40 arrive
899 1496 22 37 à
945 1492 108 41 faire
1075 1506 86 28 une
1182 1506 151 28 œuvre
1364 1494 304 51 personnelle,
1693 1508 86 28 une
1802 1498 193 40 création
2020 1504 55 34 où
2116 1499 28 39 il

149 1588 45 28 se
217 1583 88 32 met
325 1582 95 33 tout
442 1576 154 47 entier,
618 1587 171 27 comme
828 1572 63 42 s'il
917 1576 179 39 écrivait
1137 1588 86 27 une
1258 1588 151 27 œuvre
1434 1576 240 49 originale.
1705 1575 31 41 Il
1762 1590 53 27 en
1858 1578 161 40 résulte
2061 1593 83 38 que

146 1656 172 52 chaque
338 1657 229 39 exécution
590 1655 180 41 devient
795 1668 113 40 pour
929 1656 59 40 lui
1011 1669 85 27 une
1120 1661 87 35 très
1230 1669 158 37 grosse
1412 1658 138 50 partie
1569 1663 56 34 où
1654 1656 29 40 il
1721 1654 209 54 s'engage
1949 1660 171 50 intégra-

148 1738 179 47 lement,
438 1737 59 40 du
520 1750 186 27 cerveau
730 1745 41 33 et
793 1737 59 40 du
877 1750 120 28 cœur
1019 1749 172 28 comme
1220 1737 78 41 des
1321 1736 143 54 doigts
1471 1768 9 18 ,
1599 1747 40 31 et
1680 1738 106 41 dont
1819 1752 44 26 sa
1901 1740 140 49 gloire
2080 1750 64 31 est

149 1819 174 52 l'enjeu.
345 1816 78 42 S'il
444 1831 20 27 a
483 1830 86 28 une
591 1819 262 51 conception
876 1823 86 35 très
976 1818 148 40 élevée
1146 1818 54 40 de
1224 1831 81 27 son
1326 1826 66 32 art
1407 1826 40 32 et
1467 1831 85 28 une
1570 1818 249 42 sensibilité
1840 1825 85 35 très
1942 1820 200 48 délicate,

149 1900 145 52 quelle
312 1898 270 42 formidable
605 1903 190 47 épreuve
821 1902 6 37 !
854 1898 30 40 Il
906 1902 143 48 paraît
1073 1912 73 28 sur
1171 1899 36 39 la
1241 1904 129 36 scène
1389 1912 104 27 avec
1515 1914 58 26 un
1599 1900 141 40 caliîie
1764 1900 241 53 olympien,
2027 1910 40 32 et
2084 1917 58 25 un

149 1982 171 39 sourire
343 1980 156 40 amical
525 1978 169 42 semble
727 1978 261 42 s'ébaucher
1028 1994 75 26 sur
1136 1993 69 27 ses
1249 1980 138 40 lèvres
1407 1991 9 39 ;
1460 1981 113 39 mais
1609 1981 167 52 quelles
1801 1983 218 39 émotions
2039 1980 104 43 l'ont

150 2067 200 48 partagé,
377 2061 102 53 quel
503 2060 388 42 bouillonnement
912 2061 110 40 d'art
1046 2059 102 43 s'est
1171 2060 78 41 fait
1268 2074 54 27 en
1346 2061 60 40 lui
1432 2070 130 32 avant
1580 2070 64 32 cet
1669 2063 166 40 instant
1855 2062 259 42 redoutable
2131 2065 6 36 !

151 2143 160 52 Quand
332 2143 28 40 il
378 2144 118 39 vient
520 2143 54 40 de
597 2143 186 52 plaquer
806 2141 189 42 l'accord
1021 2141 122 53 final,
1169 2155 53 28 ne
1246 2142 113 40 dites
1383 2155 78 39 pas
1484 2155 19 25 «
1525 2141 69 41 bis
1621 2145 6 37 !
1653 2154 19 26 »
1696 2152 9 40 ;
1724 2155 54 27 ne
1816 2143 60 40 lui
1899 2143 243 41 demandez

150 2238 79 40 pas
249 2226 54 39 de
333 2236 329 29 recommencer
689 2225 7 38 I
723 2222 62 42 Ce
807 2225 134 39 serait
961 2225 152 49 exiger
1135 2223 105 52 qu'il
1263 2236 45 27 se
1341 2223 172 52 replace
1534 2223 112 40 dans
1667 2237 59 26 un
1748 2227 89 37 état
1858 2224 284 41 d'exaltation

153 2308 211 48 suraiguë
387 2312 57 35 où
467 2305 29 40 il
520 2306 101 52 joue
647 2317 80 28 son
748 2313 194 39 va-tout,
968 2312 41 33 et
1033 2311 55 34 où
1124 2304 29 40 il
1177 2302 109 43 n'est
1305 2305 158 52 jamais
1500 2310 74 35 sûr
1596 2304 53 41 de
1671 2312 225 38 retrouver
1930 2305 38 40 la
1997 2309 144 37 même

148 2389 321 51 inspiration...

203 2469 147 41 Telles
374 2476 100 33 sont
497 2467 63 40 les
580 2466 206 42 batailles
819 2480 85 39 que
924 2467 108 40 livre
1067 2466 286 41 Paderewski
1380 2463 200 54 lorsqu'il
1601 2466 182 40 s'assied
1815 2480 54 27 au
1892 2468 149 50 piano.
2068 2467 71 41 On

148 2552 82 39 sait
252 2549 105 54 qu'il
382 2550 62 39 les
466 2563 148 36 gagne
638 2550 216 52 toujours.
899 2548 55 41 Ici
978 2560 157 28 encore
1159 2550 38 51 je
1220 2548 137 40 serais
1381 2546 279 41 embarrassé
1696 2559 113 40 pour
1830 2548 168 40 donner
2036 2562 104 27 avec

147 2632 76 40 des
249 2640 114 32 mots
390 2644 87 28 une
499 2630 96 40 idée
618 2638 146 32 exacte
785 2630 53 40 de
863 2643 45 27 ce
932 2629 106 52 qu'il
1062 2636 86 33 est.
1181 2627 72 41 On
1286 2642 20 25 a
1328 2628 62 40 dit
1422 2628 111 39 dans
1570 2636 145 32 toutes
1757 2628 63 41 les
1844 2628 186 50 langues
2055 2643 83 39 que

147 2713 63 40 les
234 2712 189 53 qualités
447 2713 75 51 qui
537 2710 93 42 font
655 2711 38 39 le
721 2712 191 51 pianiste
929 2718 98 32 sont
1050 2712 213 49 poussées
1285 2708 103 41 chez
1412 2708 60 41 lui
1498 2723 53 26 au
1569 2709 134 50 degré
1727 2709 38 40 le
1794 2709 99 52 plus
1915 2709 134 41 élevé.
2076 2709 62 41 Ce

148 2796 73 50 qui
249 2807 67 27 me
340 2796 142 48 paraît
503 2792 203 39 dominer
728 2792 112 39 dans
858 2804 47 26 sa
929 2791 214 46 manière,
1169 2790 103 40 c'est
1289 2789 37 40 la
1352 2790 251 51 puissance,
1627 2789 38 40 la
1686 2789 161 41 virilité
1870 2789 58 41 du
1947 2790 188 52 rythme,

222 2876 119 46 unie,
365 2873 150 53 quand
539 2873 28 39 il
592 2872 38 40 le
653 2871 108 52 faut,
787 2876 20 36 à
843 2885 86 27 une
945 2872 194 39 douceur
1161 2869 208 41 ineffable
1393 2872 74 51 qui
1491 2869 111 41 n'est
1617 2870 265 48 elle-même,
1907 2883 172 28 comme
2096 2872 38 39 la

146 2957 282 39 demi-teinte
449 2955 76 40 des
564 2954 252 48 chanteurs,
852 2952 162 53 qu'une
1039 2951 140 41 forme
1218 2951 50 41 de
1293 2952 40 39 la
1369 2953 251 51 puissance,
1658 2955 231 37 maîtresse
1926 2952 53 40 de
2009 2954 64 38 soi
2096 2961 41 32 et

146 3037 185 40 sachant
355 3050 45 27 se
434 3034 304 42 transformer.
766 3033 31 40 Il
822 3048 20 25 a
875 3034 39 39 la
939 3034 120 38 main
1083 3031 103 49 fine,
1212 3032 201 49 délicate,
1444 3041 40 31 et
1518 3031 129 42 d'une
1685 3035 130 48 grâce
1837 3032 228 53 féminine,
2091 3047 45 26 ce

148 3121 73 50 qui
249 3126 65 33 est
339 3131 95 27 rare
469 3117 102 40 chez
595 3116 53 40 de
681 3115 81 41 tels
803 3116 236 45 virtuoses,
1068 3122 40 32 et
1145 3114 244 52 cependant
1425 3114 62 40 les
1519 3114 99 52 plus
1641 3118 203 37 énormes
1886 3116 158 50 pianos
2083 3115 52 39 de

145 3208 175 33 concert
343 3198 221 41 semblent
586 3196 274 42 insuffisants
884 3208 111 40 pour
1015 3195 217 53 répondre
1257 3199 20 35 à
1302 3208 46 27 ce
1366 3194 106 52 qu'il
1492 3196 125 49 exige
1639 3195 141 40 d'eux.

198 3280 207 51 L'agilité
425 3281 76 39 des
527 3279 162 49 doigts,
715 3276 294 53 foudroyante
1028 3276 112 40 dans
1164 3278 213 39 certaines
1413 3289 203 37 gammes
1658 3278 74 49 qui
1755 3283 262 44 parcourent
2041 3283 93 33 tout

145 3365 39 39 le
208 3363 183 42 clavier;
433 3361 38 40 la
496 3364 163 37 netteté
683 3358 200 50 absolue,
911 3372 103 27 sans
1037 3358 200 41 tricherie
1261 3359 52 39 de
1342 3358 196 52 pédales,
1579 3358 76 38 des
1695 3368 215 39 passages
1937 3356 62 39 les
2033 3356 100 52 plus

143 3444 252 53 complexes
412 3452 40 31 et
476 3443 63 40 les
557 3442 98 53 plus
676 3441 213 40 éclatants
914 3440 64 49 ;la
1004 3440 157 40 variété
1181 3442 226 37 étonnante
1430 3439 70 39 des
1522 3437 168 40 timbres
1697 3467 8 18 ,
1731 3436 190 40 obtenue
1944 3450 79 39 par
2056 3438 77 40 des

144 3525 260 41 différences
424 3525 53 40 de
500 3523 182 42 toucher
703 3523 107 40 dont
831 3522 38 40 le
889 3530 139 33 secret
1051 3518 255 54 m'échappe
1333 3530 7 36 ;
1364 3519 37 40 le
1425 3517 127 41 relief
1575 3517 346 41 extraordinaire
1939 3518 147 41 donné
2110 3523 21 35 à

143 3605 182 43 l'œuvre
348 3606 139 51 jouée,
513 3613 94 33 tout
631 3606 91 40 cela
743 3613 64 32 est
832 3605 276 52 prodigieux.
1145 3600 66 42 Au
1252 3600 355 48 Conservatoire,
1653 3602 21 36 à
1698 3599 38 40 la
1783 3598 61 42 fin
1879 3599 56 41 du
1958 3600 174 41 dernier
