2286 3914
574 275 181 45 L'OPÉRA
790 294 140 28 AVANT
964 295 129 27 LULLI
1128 295 51 27 ET
1212 294 77 28 LES
1322 293 203 31 MASQUES
1559 294 184 27 ANGLAIS

166 290 78 37 294

163 386 265 40 néanmoins
454 397 112 41 pour
582 386 182 40 l'œuvre
787 386 52 40 de
862 387 308 52 protectionde
1189 385 214 42 l'enfance
1426 394 149 32 contre
1595 386 38 40 la
1657 385 279 42 tuberculose
1951 386 209 53 (création

163 453 57 41 du
259 453 114 53 prof.
415 452 263 54 Grancher),
703 468 86 26 une
812 467 171 27 somme
1019 456 75 50 qui
1134 456 120 39 vient
1288 453 135 43 d'être
1450 457 175 46 remise,
1652 468 105 28 avec
1788 456 63 40 les
1884 466 213 42 comptes,
2135 462 22 35 à

161 522 61 40 M.
260 521 152 49 Liard,
438 522 190 41 Recteur
668 524 54 38 de
758 522 284 41 l'Académie.
1087 522 86 42 Les
1207 538 186 38 pauvres
1435 532 158 33 auront
1635 524 111 40 donc
1781 524 95 40 leur
1898 534 112 43 part.
2035 525 122 41 Dans

161 588 294 51 l'Université,
491 603 57 27 on
572 589 76 41 fait
673 590 165 52 parfois
881 591 53 40 de
967 592 37 40 la
1040 593 207 50 musique
1272 606 10 34 ;
1308 605 57 27 on
1399 606 55 26 ne
1494 591 78 42 fait
1610 593 158 52 jamais
1807 592 238 42 d'affaires.
2089 593 68 41 En

162 670 185 35 somme,
379 671 59 26 un
473 656 76 42 but
569 658 213 40 excellent
805 666 66 32 est
892 661 155 38 atteint
1064 674 7 33 ;
1099 659 37 39 la
1163 672 98 27 rose
1280 659 54 40 de
1357 659 168 40 France
1544 668 40 32 et
1605 659 40 41 la
1667 673 100 28 rose
1795 673 139 38 rouge
1951 659 180 52 d'Angle-

160 734 112 30 terre
292 733 75 32 ont
390 727 90 50 pris
500 734 185 32 contact.
704 725 226 53 Espérons
955 726 184 53 qu'elles
1160 741 45 26 se
1230 736 306 32 retrouveront
1557 727 186 42 bientôt.

215 792 63 41 La
303 792 226 41 Chambre
548 794 53 40 de
624 793 261 42 Commerce
904 795 285 52 britannique
1203 804 40 33 et
1256 809 80 28 son
1358 797 226 49 distingué
1604 796 248 49 Président,
1873 798 63 41 M.
1950 798 205 42 Walther

160 860 213 50 Behrens,
400 870 74 33 ont
495 866 120 49 prêté
638 878 58 26 un
718 877 214 28 concours
956 866 204 50 précieux
1180 874 40 32 et
1244 872 346 43 encourageant.

1576 958 50 42 E.
1663 959 250 41 DUSSELIER.

463 1169 227 54 L'opéra
710 1174 175 38 avant
927 1171 145 42 Lulli
1123 1175 56 39 et
1199 1172 85 41 les
1307 1183 273 41 masques
1602 1172 241 53 anglais.

724 1282 24 24 A
784 1280 168 27 PROPOS
990 1265 102 43 D'UN
1132 1280 129 27 LIVRE
1299 1272 173 35 RÉGENT

1503 1266 77 54 (L).

207 1356 120 41 C'est
346 1371 87 26 une
450 1360 199 38 curieuse
673 1358 185 41 histoire
880 1372 85 39 que
988 1359 106 40 celle
1129 1360 54 39 de
1203 1358 179 53 l'opéra.
1425 1358 62 40 Le
1519 1358 271 53 philosophe
1816 1358 212 40 moderne
2060 1355 90 43 s'en

154 1425 295 41 désintéresse
462 1426 242 40 volontiers
730 1438 8 37 ;
765 1426 110 40 dans
900 1440 45 26 ce
975 1426 215 51 spectacle
1212 1428 246 50 composite
1481 1432 56 34 où
1561 1426 62 39 les
1652 1438 112 39 yeux
1788 1433 99 33 sont
1907 1425 99 52 plus
2039 1426 89 40 inté-

155 1498 142 36 ressés
309 1508 82 38 que
402 1494 38 40 la
459 1496 164 47 raison,
645 1495 28 39 il
691 1503 64 31 est
776 1495 352 39 tentédevoirun
1141 1493 108 41 chef-
1263 1494 196 40 d'oeuvre
1479 1495 52 39 de
1546 1494 38 40 la
1599 1493 207 50 frivolité,
1819 1507 86 27 une
1921 1495 229 40 invention

153 1561 350 51 dulibertinage,
520 1578 58 24 un
600 1565 98 37 luxe
718 1563 53 39 de
793 1576 185 38 moyens
1002 1561 236 53 expressifs
1254 1564 73 50 qui
1343 1562 110 40 n'est
1479 1563 162 50 qu'une
1665 1562 209 52 synthèse
1898 1562 252 42 d'illusions

153 1635 232 35 coûteuses
409 1643 55 27 ou
489 1630 203 50 l'étalage
731 1629 130 41 d'une
899 1632 233 39 virtuosité
1155 1644 54 26 en
1233 1644 153 36 marge
1407 1631 53 39 de
1483 1631 39 39 la
1546 1632 68 38 vie
1637 1631 148 39 réelle.
1806 1630 32 40 Il
1859 1631 68 39 n'a
1952 1644 79 38 pas
2054 1639 96 33 tout

153 1701 21 35 à
198 1696 79 42 fait
298 1706 99 32 tort.
423 1697 114 41 xMais
562 1698 246 41 l'historien
831 1707 64 31 est
926 1698 149 50 obligé
1102 1699 52 40 de
1178 1700 95 39 voir
1294 1707 247 32 autrement
1559 1699 61 39 les
1643 1698 171 41 choses.
1835 1697 138 41 Notre
1997 1703 150 48 opéra,

152 1766 34 38 si
210 1764 178 42 brillant
405 1774 40 32 et
469 1769 35 37 si
527 1768 102 38 vain
647 1766 282 53 aujourd'hui
953 1779 172 34 encore,
1151 1767 60 40 lui
1233 1771 201 48 apparaît
1453 1780 173 27 comme
1649 1767 38 39 le
1706 1768 126 51 point
1853 1766 272 41 d'aboutisse-

151 1842 121 31 ment
303 1833 132 42 d'une
452 1835 225 40 évolution
701 1840 86 35 très
809 1835 181 49 longue,
1012 1835 107 40 dont
1152 1835 38 40 le
1207 1837 124 50 point
1359 1835 52 40 de
1430 1835 154 52 départ
1606 1835 92 40 doit
1720 1839 91 36 être
1830 1835 186 40 cherché
2036 1835 111 41 dans

151 1902 75 39 des
250 1901 101 42 faits
374 1903 231 40 essentiels
623 1916 40 27 et
687 1901 230 54 profonds,
950 1903 111 40 dans
1082 1904 216 51 quelques
1327 1904 121 39 idées
1473 1903 312 52 primordiales
1816 1912 41 31 et
1887 1905 127 50 quasi
2047 1906 76 39 uni-

148 1971 227 40 verselles.
400 1969 121 41 Deux
544 1972 302 51 propositions
866 1980 100 31 sont
993 1973 201 50 acquises
1224 1980 41 31 et
1287 1971 104 40 hors
1429 1971 52 40 de
1515 1980 195 31 conteste
1733 1981 8 28 :
1773 1975 38 36 i°
1832 1970 64 41 Le
1917 1972 153 40 drame
2086 1973 42 51 ly-

149 2041 142 49 rique,
323 2040 222 39 associant
569 2048 99 31 tous
687 2039 61 40 les
773 2047 88 32 arts
882 2039 58 40 du
967 2039 173 52 rythme
1161 2047 41 32 et
1230 2053 87 26 une
1334 2040 139 51 partie
1493 2039 76 40 des
1594 2048 90 32 arts
1704 2039 58 41 du
1787 2040 165 48 dessin,
1978 2047 57 33 est
2067 2043 81 37 très

149 2107 212 40 antérieur
383 2122 52 25 au
459 2107 145 40 drame
626 2107 218 40 littéraire.
869 2107 63 40 Le
964 2108 152 39 drame
1135 2108 211 49 déclamé,
1366 2120 174 28 comme
1562 2121 105 27 ceux
1703 2108 52 40 de
1788 2107 225 42 Corneille
2030 2117 40 32 et
2092 2110 53 39 de

148 2174 182 49 Racine,
355 2183 66 32 est
438 2175 37 39 le
500 2176 212 51 privilège
735 2176 76 39 des
836 2176 153 40 siècles
1014 2176 51 39 de
1085 2176 169 50 grande
1287 2176 185 48 culture,
1508 2176 272 40 c'est-à-dire
1806 2191 59 25 un
1889 2177 95 40 tard
2004 2189 139 38 venu;

146 2242 28 40 il
197 2242 91 40 faut
323 2243 39 40 le
404 2244 253 40 considérer
677 2243 55 52 (le
761 2246 130 47 génie
911 2244 243 40 individuel
1197 2248 119 36 étant
1339 2244 105 40 hors
1465 2244 52 40 de
1540 2242 148 55 cause)
1710 2258 171 27 comme
1894 2260 58 26 un
1977 2246 164 50 résidu,

148 2313 126 38 traité
302 2320 41 32 et
378 2312 246 52 développé
649 2317 22 35 à
715 2321 97 43 part
833 2324 8 36 ;
866 2312 28 40 il
920 2313 162 40 résulte
1105 2310 130 42 d'une
1258 2312 269 40 abstraction
1549 2322 219 43 rompant,
1792 2327 78 39 par
1905 2327 87 27 une
2020 2314 104 40 diffé-

146 2381 243 39 renciation
428 2380 166 50 hardie,
638 2380 39 40 le
696 2379 196 41 faisceau
932 2381 141 39 initial
1113 2387 55 33 où
1192 2380 165 52 parole,
1379 2381 147 48 chant,
1546 2381 338 52 chorégraphie,
1910 2383 232 51 mimique,

144 2456 427 43 accompagnement
608 2448 328 48 instrumental,
975 2450 162 38 étaient
1187 2449 93 39 liés.
1318 2447 121 42 Pour
1480 2449 39 39 le
1555 2447 200 53 primitif,
1803 2449 40 40 la
1880 2448 162 42 finesse
2065 2450 78 40 des

143 2515 205 53 analyses
392 2517 208 47 morales,
635 2517 40 39 la
717 2515 160 42 beauté
911 2516 58 40 du
1009 2517 200 40 discours
1246 2515 168 51 verbal,
1437 2517 57 40 du
1516 2517 211 51 dialogue
1750 2526 40 31 et
1813 2517 58 41 du
1893 2519 125 50 style,
2045 2528 98 31 sont

144 2586 266 39 accessoires
436 2595 7 37 ;
466 2598 45 27 ce
536 2587 74 49 qui
645 2587 189 49 importe
855 2585 100 52 plus
978 2599 85 37 que
1084 2593 93 32 tout
1200 2585 40 40 le
1264 2594 128 39 reste,
1413 2599 46 27 ce
1483 2594 99 32 sont
1601 2586 62 39 les
1684 2590 197 37 tréteaux
1904 2595 40 32 et
1968 2585 173 42 l'action

144 2667 101 26 avec
289 2655 379 39 travestissement
692 2665 9 37 ;
731 2652 103 42 c'est
874 2655 120 39 aussi
1032 2653 38 41 le
1113 2654 131 40 chant
1282 2654 149 41 choral
1470 2663 40 32 et
1564 2655 36 39 la
1653 2655 138 40 danse
1823 2655 231 52 populaire
2084 2669 56 27 ou

139 2721 192 40 rituelle.
389 2721 107 41 Plus
533 2721 112 47 tard,
687 2721 167 41 chacun
901 2722 52 39 de
990 2735 70 27 ces
1116 2735 184 39 moyens
1354 2721 304 53 d'expression
1705 2720 146 43 s'isole
1910 2732 40 31 et
1991 2724 149 40 donne

142 2789 86 41 lieu
254 2794 20 35 à
317 2790 74 39 des
424 2790 260 52 techniques
707 2790 232 40 distinctes
958 2806 7 24 :
1004 2790 29 40 il
1056 2805 27 37 y
1126 2804 21 26 a
1182 2790 76 40 des
1282 2791 177 51 paroles
1485 2804 104 27 sans
1625 2792 214 40 mélodies
1861 2805 174 27 comme
2063 2792 77 41 des

140 2858 214 40 mélodies
393 2872 103 26 sans
548 2858 176 52 paroles
751 2873 9 34 ;
805 2857 120 42 enfin
969 2860 39 38 le
1049 2858 200 42 faisceau
1289 2868 65 31 est
1398 2858 204 49 reformé,
1642 2865 85 35 très
1772 2858 369 44 artificiellement

139 2935 40 31 et
214 2926 316 52 péniblement,
576 2928 111 39 dans
740 2927 76 39 des
858 2927 252 40 conditions
1150 2928 246 39 nouvelles.
1538 2932 41 34 2°
1636 2927 62 40 Le
1757 2928 154 40 drame
1968 2929 172 52 lyrique

139 3003 65 31 est
230 2994 133 41 fondé
398 3009 75 26 sur
513 2994 267 48 l'imitation,
825 3002 36 32 et
884 2994 262 49 Vimitation,
1186 2997 23 37 à
1235 2995 219 54 ïorigine,
1489 3011 20 23 a
1531 3010 80 25 une
1633 3010 122 26 cause
1789 2996 243 54 religieuse.
2053 2996 87 42 Les

139 3062 208 52 primitifs
370 3065 166 38 croient
572 3067 17 36 à
633 3062 248 41 l'existence
913 3063 53 40 de
990 3065 188 38 certains
1201 3063 146 49 dieux,
1370 3072 40 31 et
1434 3064 94 41 leur
1548 3074 259 42 composent
1830 3079 85 27 une
1933 3066 202 50 légende.

139 3129 56 41 Ils
219 3135 317 47 représentent,
581 3144 56 27 ou
669 3131 164 40 imitent
866 3140 110 31 cette
1019 3132 202 50 légende,
1256 3131 104 42 bien
1381 3141 132 32 avant
1542 3133 53 40 de
1617 3135 149 39 traiter
1791 3134 77 40 des
1888 3135 136 51 sujets
2047 3136 90 50 pris

138 3199 111 40 dans
278 3199 333 47 l'observation,
651 3213 129 37 parce
819 3197 130 54 qu'ils
989 3208 99 31 sont
1136 3201 243 50 persuadés
1419 3202 130 51 qu'en
1592 3204 175 38 imitant
1790 3216 85 27 une
1900 3216 235 39 personne,

138 3269 135 50 esprit
295 3281 55 26 ou
370 3271 89 36 être
478 3267 101 47 réel,
606 3281 56 26 on
685 3280 46 27 se
753 3267 146 40 donne
919 3281 75 26 sur
1016 3267 83 41 elle
1120 3282 58 26 un
1197 3269 114 41 droit
1334 3270 53 39 de
1418 3272 200 38 maîtrise
1661 3279 265 43 permettant
1957 3269 181 43 d'éviter

138 3350 45 26 sa
214 3336 143 41 colère
393 3349 54 28 ou
487 3336 53 39 de
579 3335 140 40 forcer
754 3349 45 26 sa
841 3335 334 42 bienveillance.
1201 3336 123 41 Delà
1364 3346 99 32 tous
1496 3338 62 40 les
1586 3352 184 38 moyens
1794 3340 137 40 usités
1950 3340 110 38 dans
2097 3340 39 40 le

136 3405 168 50 drame,
327 3413 41 31 et
390 3418 53 26 en
465 3404 253 53 particulier
740 3401 168 52 l'usage
921 3404 57 40 du
1000 3417 201 40 masque,
1219 3404 185 42 d'abord
1428 3406 203 52 employé
1666 3421 79 37 par
1767 3407 62 39 les
1847 3405 136 42 Grecs
2021 3421 115 37 pour

177 3544 47 43 (1)
248 3545 64 32 Les
330 3545 163 42 Masques
517 3547 156 41 anglais,
698 3547 99 30 étude
816 3557 61 20 sur
899 3545 47 32 les
970 3546 119 32 ballets
1112 3551 32 27 et
1165 3547 34 30 la
1223 3548 54 30 vie
1301 3549 38 29 de
1360 3559 82 20 cour
1474 3559 40 20 en
1538 3549 211 41 Angleterre
1784 3549 262 43 (1512-1640),
2070 3561 64 29 par

137 3596 96 31 PAUL
258 3596 159 37 REYHER,
442 3596 150 33 docteur
608 3598 36 31 ès
670 3599 123 31 lettres
814 3596 33 41 (ï
867 3598 71 30 vol.
958 3606 54 32 gr.
1038 3596 106 37 in-B°,
1169 3597 64 43 563
1259 3597 66 42 p.).
