2286 3914
777 276 23 26 L
819 276 150 29 HYMNE
999 278 358 32 PROTESTATAIRE
1391 284 151 28 INDIEN

2077 290 72 39 305

664 443 270 54 L'hymne
971 451 409 49 protestataire
1430 454 214 44 indien.

215 567 71 42 On
309 569 84 41 sait
413 583 100 40 que,
537 571 155 53 depuis
710 574 218 54 quelques
952 584 179 45 années,
1157 597 60 27 un
1238 598 284 31 mouvement
1545 590 52 40 de
1635 590 163 42 révolte
1821 601 150 32 contre
2002 592 37 40 la
2066 593 54 40 do-

161 639 216 40 mination
402 640 200 50 anglaise
617 644 118 48 agite
760 645 10 38 1
791 643 119 50 Inde,
928 657 173 33 surtout
1124 651 111 42 dans
1253 653 38 40 le
1314 656 126 50 nord,
1457 658 109 40 dans
1588 659 37 41 le
1649 659 211 52 Bengale.
1883 660 62 42 Ce
1966 675 150 28 mouve-

163 715 134 39 ment,
322 708 75 51 qui
422 721 21 27 a
465 711 90 49 pris
579 710 38 40 le
637 724 102 28 nom
760 712 53 40 de
833 715 173 49 çvadâcî
1030 731 19 25 «
1071 728 237 34 autonome
1341 736 37 38 »,
1404 725 102 41 s'est
1529 737 173 32 surtout
1725 730 242 53 développé
1986 731 156 52 depuis

160 775 36 39 la
222 775 190 41 division
426 777 56 39 du
508 777 196 51 Bengale
728 794 53 26 en
803 783 112 40 deux
937 788 232 47 provinces
1188 790 391 45 administratives.
1605 795 135 43 Kntre
1762 807 144 33 autres
1931 799 187 41 manifes-

159 844 163 40 tations
342 844 25 40 d
388 847 198 49 opinion,
609 847 62 40 les
694 854 276 39 mécontents
986 863 75 31 ont
1084 856 175 52 adopté,
1278 872 109 38 pour
1411 863 112 39 ainsi
1547 864 92 41 dire
1658 879 172 29 comme
1853 868 128 40 chant
2005 870 116 38 natio-

160 912 88 47 nal,
275 926 170 27 comme
468 914 163 52 hymne
653 917 53 40 de
729 922 311 51 protestation,
1066 938 58 25 un
1163 924 84 42 fort
1286 926 112 42 beau
1442 944 204 29 morceau
1687 934 54 40 de
1783 938 146 49 poésie
1968 939 74 50 qui
2075 936 68 41 n'a

160 977 225 44 d'ailleurs
409 994 52 27 en
487 985 67 38 soi
578 985 94 40 rien
696 985 53 40 de
769 987 237 54 politique.

212 1047 92 42 Nos
347 1049 187 42 lecteuis
570 1065 54 28 en
663 1061 259 36 trouveront
963 1060 194 51 ci-après
1198 1075 86 28 une
1322 1065 247 43 traduction
1606 1068 230 53 française.
1862 1072 67 54 J'y
1962 1074 115 52 joins
2105 1073 37 40 la

157 1118 205 51 musique
374 1122 127 37 notée
514 1117 172 55 d'après
705 1136 59 26 un
782 1125 266 52 exemplaire
1062 1129 206 51 imprimé
1284 1135 21 36 à
1323 1130 218 52 Calcutta,
1568 1150 83 38 que
1674 1138 38 50 je
1732 1138 97 41 dois
1844 1144 21 36 à
1887 1138 258 43 l'amabilité

156 1184 23 40 d
199 1199 58 26 un
282 1186 52 39 de
358 1199 92 28 mes
469 1190 179 39 anciens
673 1190 161 51 élèves,
854 1192 61 41 M.
934 1192 54 43 G.
1009 1194 218 53 Barrigue
1245 1199 54 40 de
1315 1200 22 39 F
1352 1203 241 45 ontainien,
1611 1207 75 50 qui
1710 1208 115 39 vient
1844 1208 52 40 de
1913 1208 105 40 faire
2034 1209 109 39 dans

156 1251 12 40 1
188 1252 105 42 Inde
316 1269 57 26 un
411 1255 107 52 long
552 1266 41 31 et
616 1257 229 44 fructueux
860 1275 187 39 voyage.
1070 1263 61 42 Ce
1156 1266 147 48 chant,
1325 1269 180 42 interdit
1522 1280 40 32 et
1587 1276 186 48 proscrit
1789 1289 79 37 par
1898 1277 38 39 le
1955 1290 162 37 gouver-

157 1331 193 40 nement,
387 1332 65 32 est
486 1325 186 51 désigné
695 1342 78 38 par
792 1329 62 40 les
887 1331 112 40 deux
1023 1336 213 48 premiers
1261 1345 115 32 mots
1400 1340 75 50 qui
1511 1350 173 32 servent
1706 1343 53 40 de
1795 1343 161 41 refrain
1977 1355 7 28 :
2010 1345 133 40 barda

159 1394 205 37 mâtaram
388 1407 7 25 :
417 1392 87 54 «Je
520 1395 124 40 salue
669 1396 39 39 la
743 1403 119 35 mère
885 1411 39 27 ».
