<?xml version="1.0" encoding="UTF-8"?>
<alto xmlns:xsi="http://www.w3.org/2001/XMLSchema-instance" xmlns="http://www.loc.gov/standards/alto/ns-v2#" xsi:schemaLocation="http://www.loc.gov/standards/alto/ns-v2# http://www.loc.gov/standards/alto/alto-v2.0.xsd" xmlns:xlink="http://www.w3.org/1999/xlink">
	<Description>
		<MeasurementUnit>mm10</MeasurementUnit>
		<sourceImageInformation>
			<fileName>//fileserver7/IN2-2/Princeton/bmtnabj/1909/06/01_01/00000309.tif</fileName>
		</sourceImageInformation>
		<OCRProcessing ID="OCRPROCESSING_1">
			<preProcessingStep>
				<processingSoftware>
					<softwareCreator>CCS Content Conversion Specialists GmbH, Germany</softwareCreator>
					<softwareName>CCS docWorks</softwareName>
					<softwareVersion>6.7-1.20</softwareVersion>
				</processingSoftware>
			</preProcessingStep>
			<ocrProcessingStep>
				<processingSoftware>
					<softwareCreator>ABBYY (BIT Software), Russia</softwareCreator>
					<softwareName>FineReader</softwareName>
					<softwareVersion>10.0</softwareVersion>
				</processingSoftware>
			</ocrProcessingStep>
		</OCRProcessing>
	</Description>
	<Styles>
		<TextStyle ID="TXT_0" FONTSIZE="12" FONTFAMILY="Times New Roman" FONTSTYLE="bold"/>
		<TextStyle ID="TXT_1" FONTSIZE="15" FONTFAMILY="Times New Roman"/>
		<TextStyle ID="TXT_2" FONTSIZE="14" FONTFAMILY="Times New Roman"/>
		<TextStyle ID="TXT_3" FONTSIZE="14" FONTFAMILY="Times New Roman" FONTSTYLE="italics"/>
		<ParagraphStyle ID="PAR_CENTER" ALIGN="Center"/>
		<ParagraphStyle ID="PAR_RIGHT" ALIGN="Right"/>
		<ParagraphStyle ID="PAR_BLOCK" ALIGN="Block"/>
	</Styles>
	<Layout>
		<Page ID="P11" PHYSICAL_IMG_NR="11" HEIGHT="3914" WIDTH="2286" PRINTED_IMG_NR="295" PC="0.931">
			<TopMargin ID="P11_TM00001" HPOS="0" VPOS="0" WIDTH="2286" HEIGHT="335">
				<TextBlock ID="P11_TB00001" HPOS="552" VPOS="274" WIDTH="1169" HEIGHT="48" STYLEREFS="TXT_0 PAR_CENTER">
					<TextLine ID="P11_TL00001" HPOS="552" VPOS="274" WIDTH="1169" HEIGHT="48">
						<String ID="P11_ST00001" HPOS="552" VPOS="274" WIDTH="186" HEIGHT="43" CONTENT="L'OPÉRA" WC="0.98" CC="5407643"/>
						<SP ID="P11_SP00001" HPOS="738" VPOS="317" WIDTH="33"/>
						<String ID="P11_ST00002" HPOS="771" VPOS="287" WIDTH="139" HEIGHT="27" CONTENT="AVANT" WC="0.98" CC="44004"/>
						<SP ID="P11_SP00002" HPOS="910" VPOS="317" WIDTH="33"/>
						<String ID="P11_ST00003" HPOS="943" VPOS="288" WIDTH="129" HEIGHT="27" CONTENT="LULLI" WC="0.52" CC="44176"/>
						<SP ID="P11_SP00003" HPOS="1072" VPOS="317" WIDTH="34"/>
						<String ID="P11_ST00004" HPOS="1106" VPOS="289" WIDTH="51" HEIGHT="26" CONTENT="ET" WC="0.54" CC="53"/>
						<SP ID="P11_SP00004" HPOS="1157" VPOS="317" WIDTH="33"/>
						<String ID="P11_ST00005" HPOS="1190" VPOS="289" WIDTH="76" HEIGHT="26" CONTENT="LES" WC="0.97" CC="114"/>
						<SP ID="P11_SP00005" HPOS="1266" VPOS="317" WIDTH="31"/>
						<String ID="P11_ST00006" HPOS="1297" VPOS="289" WIDTH="201" HEIGHT="33" CONTENT="MASQUES" WC="0.99" CC="4434301"/>
						<SP ID="P11_SP00006" HPOS="1498" VPOS="322" WIDTH="33"/>
						<String ID="P11_ST00007" HPOS="1531" VPOS="290" WIDTH="190" HEIGHT="27" CONTENT="ANGLAIS" WC="0.99" CC="0305010"/>
						<SP ID="P11_SP00007" HPOS="1721" VPOS="322" WIDTH="0"/>
					</TextLine>
				</TextBlock>
				<TextBlock ID="P11_TB00002" HPOS="2055" VPOS="288" WIDTH="75" HEIGHT="45" STYLEREFS="TXT_1 PAR_RIGHT">
					<TextLine ID="P11_TL00002" HPOS="2055" VPOS="288" WIDTH="75" HEIGHT="45">
						<String ID="P11_ST00008" HPOS="2055" VPOS="288" WIDTH="75" HEIGHT="45" CONTENT="295" WC="1.00" CC="000"/>
					</TextLine>
				</TextBlock>
			</TopMargin>
			<LeftMargin ID="P11_LM00001" HPOS="0" VPOS="335" WIDTH="137" HEIGHT="3293"/>
			<RightMargin ID="P11_RM00001" HPOS="2149" VPOS="335" WIDTH="137" HEIGHT="3293"/>
			<BottomMargin ID="P11_BM00001" HPOS="0" VPOS="3628" WIDTH="2286" HEIGHT="286"/>
			<PrintSpace ID="P11_PS00001" HPOS="137" VPOS="335" WIDTH="2012" HEIGHT="3293">
				<TextBlock ID="P11_TB00003" HPOS="137" VPOS="376" WIDTH="2012" HEIGHT="3252" STYLEREFS="TXT_2 PAR_BLOCK">
					<TextLine ID="P11_TL00003" HPOS="139" VPOS="376" WIDTH="1996" HEIGHT="55">
						<String ID="P11_ST00009" HPOS="139" VPOS="376" WIDTH="167" HEIGHT="52" CONTENT="figurer" WC="0.98" CC="0073706"/>
						<SP ID="P11_SP00008" HPOS="306" VPOS="428" WIDTH="21"/>
						<String ID="P11_ST00010" HPOS="327" VPOS="377" WIDTH="240" HEIGHT="54" CONTENT="Dionysos." WC="0.99" CC="000762000"/>
						<SP ID="P11_SP00009" HPOS="567" VPOS="431" WIDTH="23"/>
						<String ID="P11_ST00011" HPOS="590" VPOS="377" WIDTH="140" HEIGHT="54" CONTENT="(Dans" WC="0.99" CC="10330"/>
						<SP ID="P11_SP00010" HPOS="730" VPOS="431" WIDTH="23"/>
						<String ID="P11_ST00012" HPOS="753" VPOS="378" WIDTH="39" HEIGHT="39" CONTENT="la" WC="0.47" CC="55"/>
						<SP ID="P11_SP00011" HPOS="792" VPOS="431" WIDTH="42"/>
						<String ID="P11_ST00013" HPOS="834" VPOS="377" WIDTH="234" HEIGHT="42" CONTENT="recherche" WC="0.99" CC="404500004"/>
						<SP ID="P11_SP00012" HPOS="1068" VPOS="431" WIDTH="24"/>
						<String ID="P11_ST00014" HPOS="1092" VPOS="379" WIDTH="76" HEIGHT="40" CONTENT="des" WC="1.00" CC="100"/>
						<SP ID="P11_SP00013" HPOS="1168" VPOS="431" WIDTH="22"/>
						<String ID="P11_ST00015" HPOS="1190" VPOS="381" WIDTH="212" HEIGHT="50" CONTENT="origines," WC="0.99" CC="002920004"/>
						<SP ID="P11_SP00014" HPOS="1402" VPOS="431" WIDTH="26"/>
						<String ID="P11_ST00016" HPOS="1428" VPOS="381" WIDTH="28" HEIGHT="40" CONTENT="il" WC="0.74" CC="31"/>
						<SP ID="P11_SP00015" HPOS="1456" VPOS="431" WIDTH="23"/>
						<String ID="P11_ST00017" HPOS="1479" VPOS="380" WIDTH="207" HEIGHT="51" CONTENT="faudrait," WC="1.00" CC="001100033"/>
						<SP ID="P11_SP00016" HPOS="1686" VPOS="431" WIDTH="27"/>
						<String ID="P11_ST00018" HPOS="1713" VPOS="380" WIDTH="101" HEIGHT="41" CONTENT="bien" WC="0.99" CC="0006"/>
						<SP ID="P11_SP00017" HPOS="1814" VPOS="431" WIDTH="23"/>
						<String ID="P11_ST00019" HPOS="1837" VPOS="382" WIDTH="208" HEIGHT="48" CONTENT="entendu," WC="0.99" CC="00500051"/>
						<SP ID="P11_SP00018" HPOS="2045" VPOS="431" WIDTH="36"/>
						<String ID="P11_ST00020" HPOS="2081" VPOS="396" WIDTH="54" HEIGHT="27" CONTENT="ne" WC="0.48" CC="73"/>
					</TextLine>
					<TextLine ID="P11_TL00004" HPOS="141" VPOS="446" WIDTH="1994" HEIGHT="57">
						<String ID="P11_ST00021" HPOS="141" VPOS="459" WIDTH="78" HEIGHT="39" CONTENT="pas" WC="0.99" CC="200"/>
						<SP ID="P11_SP00019" HPOS="219" VPOS="498" WIDTH="39"/>
						<String ID="P11_ST00022" HPOS="258" VPOS="446" WIDTH="189" HEIGHT="50" CONTENT="oublier," WC="0.99" CC="06043003"/>
						<SP ID="P11_SP00020" HPOS="447" VPOS="498" WIDTH="33"/>
						<String ID="P11_ST00023" HPOS="480" VPOS="456" WIDTH="172" HEIGHT="32" CONTENT="surtout" WC="0.99" CC="0503207"/>
						<SP ID="P11_SP00021" HPOS="652" VPOS="498" WIDTH="41"/>
						<String ID="P11_ST00024" HPOS="693" VPOS="446" WIDTH="149" HEIGHT="51" CONTENT="quand" WC="0.98" CC="06040"/>
						<SP ID="P11_SP00022" HPOS="842" VPOS="498" WIDTH="25"/>
						<String ID="P11_ST00025" HPOS="867" VPOS="446" WIDTH="28" HEIGHT="39" CONTENT="il" WC="1.00" CC="00"/>
						<SP ID="P11_SP00023" HPOS="895" VPOS="498" WIDTH="22"/>
						<String ID="P11_ST00026" HPOS="917" VPOS="446" WIDTH="132" HEIGHT="50" CONTENT="s'agit" WC="1.00" CC="000000"/>
						<SP ID="P11_SP00024" HPOS="1049" VPOS="498" WIDTH="23"/>
						<String ID="P11_ST00027" HPOS="1072" VPOS="448" WIDTH="76" HEIGHT="40" CONTENT="des" WC="1.00" CC="010"/>
						<SP ID="P11_SP00025" HPOS="1148" VPOS="498" WIDTH="19"/>
						<String ID="P11_ST00028" HPOS="1167" VPOS="449" WIDTH="323" HEIGHT="48" CONTENT="méridionaux," WC="0.99" CC="460402240501"/>
						<SP ID="P11_SP00026" HPOS="1490" VPOS="498" WIDTH="33"/>
						<String ID="P11_ST00029" HPOS="1523" VPOS="450" WIDTH="38" HEIGHT="39" CONTENT="le" WC="0.56" CC="53"/>
						<SP ID="P11_SP00027" HPOS="1561" VPOS="498" WIDTH="23"/>
						<String ID="P11_ST00030" HPOS="1584" VPOS="450" WIDTH="154" HEIGHT="53" CONTENT="plaisir" WC="0.99" CC="5200030"/>
						<SP ID="P11_SP00028" HPOS="1738" VPOS="503" WIDTH="12"/>
						<String ID="P11_ST00031" HPOS="1750" VPOS="449" WIDTH="77" HEIGHT="40" CONTENT="des" WC="1.00" CC="000"/>
						<SP ID="P11_SP00029" HPOS="1827" VPOS="503" WIDTH="24"/>
						<String ID="P11_ST00032" HPOS="1851" VPOS="450" WIDTH="167" HEIGHT="40" CONTENT="actions" WC="0.99" CC="0064131"/>
						<SP ID="P11_SP00030" HPOS="2018" VPOS="503" WIDTH="18"/>
						<String ID="P11_ST00033" HPOS="2036" VPOS="463" WIDTH="75" HEIGHT="27" CONTENT="con" SUBS_TYPE="HypPart1" SUBS_CONTENT="concertées," WC="0.98" CC="005"/>
						<HYP HPOS="2111" VPOS="463" WIDTH="24" CONTENT="-"/>
					</TextLine>
					<TextLine ID="P11_TL00005" HPOS="141" VPOS="514" WIDTH="1994" HEIGHT="54">
						<String ID="P11_ST00034" HPOS="141" VPOS="519" WIDTH="180" HEIGHT="46" CONTENT="certées," SUBS_TYPE="HypPart2" SUBS_CONTENT="concertées," WC="0.99" CC="04066104"/>
						<SP ID="P11_SP00031" HPOS="321" VPOS="565" WIDTH="42"/>
						<String ID="P11_ST00035" HPOS="363" VPOS="515" WIDTH="39" HEIGHT="40" CONTENT="le" WC="0.66" CC="06"/>
						<SP ID="P11_SP00032" HPOS="402" VPOS="565" WIDTH="40"/>
						<String ID="P11_ST00036" HPOS="442" VPOS="516" WIDTH="119" HEIGHT="39" CONTENT="désir" WC="0.99" CC="00054"/>
						<SP ID="P11_SP00033" HPOS="561" VPOS="565" WIDTH="39"/>
						<String ID="P11_ST00037" HPOS="600" VPOS="515" WIDTH="53" HEIGHT="40" CONTENT="de" WC="0.79" CC="04"/>
						<SP ID="P11_SP00034" HPOS="653" VPOS="565" WIDTH="42"/>
						<String ID="P11_ST00038" HPOS="695" VPOS="514" WIDTH="239" HEIGHT="41" CONTENT="rehausser" WC="1.00" CC="803010000"/>
						<SP ID="P11_SP00035" HPOS="934" VPOS="565" WIDTH="21"/>
						<String ID="P11_ST00039" HPOS="955" VPOS="515" WIDTH="141" HEIGHT="41" CONTENT="l'éclat" WC="0.99" CC="4400401"/>
						<SP ID="P11_SP00036" HPOS="1096" VPOS="565" WIDTH="23"/>
						<String ID="P11_ST00040" HPOS="1119" VPOS="516" WIDTH="130" HEIGHT="41" CONTENT="d'une" WC="0.99" CC="04050"/>
						<SP ID="P11_SP00037" HPOS="1249" VPOS="565" WIDTH="22"/>
						<String ID="P11_ST00041" HPOS="1271" VPOS="516" WIDTH="83" HEIGHT="41" CONTENT="fête" WC="0.98" CC="0502"/>
						<SP ID="P11_SP00038" HPOS="1354" VPOS="565" WIDTH="24"/>
						<String ID="P11_ST00042" HPOS="1378" VPOS="518" WIDTH="160" HEIGHT="40" CONTENT="sociale" WC="0.99" CC="0900000"/>
						<SP ID="P11_SP00039" HPOS="1538" VPOS="565" WIDTH="20"/>
						<String ID="P11_ST00043" HPOS="1558" VPOS="527" WIDTH="40" HEIGHT="31" CONTENT="et" WC="1.00" CC="00"/>
						<SP ID="P11_SP00040" HPOS="1598" VPOS="565" WIDTH="23"/>
						<String ID="P11_ST00044" HPOS="1621" VPOS="532" WIDTH="58" HEIGHT="26" CONTENT="un" WC="0.66" CC="60"/>
						<SP ID="P11_SP00041" HPOS="1679" VPOS="565" WIDTH="24"/>
						<String ID="P11_ST00045" HPOS="1703" VPOS="523" WIDTH="109" HEIGHT="45" CONTENT="goût" WC="0.99" CC="0050"/>
						<SP ID="P11_SP00042" HPOS="1812" VPOS="568" WIDTH="34"/>
						<String ID="P11_ST00046" HPOS="1846" VPOS="517" WIDTH="220" HEIGHT="41" CONTENT="instinctif" WC="1.00" CC="1000000700"/>
						<SP ID="P11_SP00043" HPOS="2066" VPOS="568" WIDTH="17"/>
						<String ID="P11_ST00047" HPOS="2083" VPOS="518" WIDTH="52" HEIGHT="40" CONTENT="de" WC="0.86" CC="02"/>
					</TextLine>
					<TextLine ID="P11_TL00006" HPOS="139" VPOS="583" WIDTH="1996" HEIGHT="52">
						<String ID="P11_ST00048" HPOS="139" VPOS="583" WIDTH="39" HEIGHT="40" CONTENT="la" WC="0.71" CC="50"/>
						<SP ID="P11_SP00044" HPOS="178" VPOS="623" WIDTH="24"/>
						<String ID="P11_ST00049" HPOS="202" VPOS="583" WIDTH="198" HEIGHT="52" CONTENT="parade.)" WC="1.00" CC="00000340"/>
						<SP ID="P11_SP00045" HPOS="400" VPOS="635" WIDTH="19"/>
						<String ID="P11_ST00050" HPOS="419" VPOS="583" WIDTH="63" HEIGHT="40" CONTENT="De" WC="0.81" CC="12"/>
						<SP ID="P11_SP00046" HPOS="482" VPOS="635" WIDTH="23"/>
						<String ID="P11_ST00051" HPOS="505" VPOS="592" WIDTH="109" HEIGHT="32" CONTENT="cette" WC="0.98" CC="00364"/>
						<SP ID="P11_SP00047" HPOS="614" VPOS="635" WIDTH="36"/>
						<String ID="P11_ST00052" HPOS="650" VPOS="584" WIDTH="288" HEIGHT="51" CONTENT="superstition" WC="1.00" CC="050100300400"/>
						<SP ID="P11_SP00048" HPOS="938" VPOS="635" WIDTH="36"/>
						<String ID="P11_ST00053" HPOS="974" VPOS="592" WIDTH="41" HEIGHT="31" CONTENT="et" WC="0.72" CC="04"/>
						<SP ID="P11_SP00049" HPOS="1015" VPOS="635" WIDTH="29"/>
						<String ID="P11_ST00054" HPOS="1044" VPOS="584" WIDTH="53" HEIGHT="39" CONTENT="de" WC="0.93" CC="01"/>
						<SP ID="P11_SP00050" HPOS="1097" VPOS="635" WIDTH="22"/>
						<String ID="P11_ST00055" HPOS="1119" VPOS="598" WIDTH="70" HEIGHT="26" CONTENT="ces" WC="0.99" CC="200"/>
						<SP ID="P11_SP00051" HPOS="1189" VPOS="635" WIDTH="27"/>
						<String ID="P11_ST00056" HPOS="1216" VPOS="586" WIDTH="238" HEIGHT="40" CONTENT="tendances" WC="1.00" CC="200000000"/>
						<SP ID="P11_SP00052" HPOS="1454" VPOS="635" WIDTH="18"/>
						<String ID="P11_ST00057" HPOS="1472" VPOS="595" WIDTH="99" HEIGHT="32" CONTENT="sont" WC="1.00" CC="0000"/>
						<SP ID="P11_SP00053" HPOS="1571" VPOS="635" WIDTH="31"/>
						<String ID="P11_ST00058" HPOS="1602" VPOS="588" WIDTH="147" HEIGHT="45" CONTENT="sortis," WC="0.99" CC="0006204"/>
						<SP ID="P11_SP00054" HPOS="1749" VPOS="635" WIDTH="22"/>
						<String ID="P11_ST00059" HPOS="1771" VPOS="586" WIDTH="103" HEIGHT="41" CONTENT="chez" WC="1.00" CC="0000"/>
						<SP ID="P11_SP00055" HPOS="1874" VPOS="635" WIDTH="21"/>
						<String ID="P11_ST00060" HPOS="1895" VPOS="586" WIDTH="62" HEIGHT="40" CONTENT="les" WC="0.98" CC="400"/>
						<SP ID="P11_SP00056" HPOS="1957" VPOS="635" WIDTH="25"/>
						<String ID="P11_ST00061" HPOS="1982" VPOS="584" WIDTH="153" HEIGHT="50" CONTENT="Grecs," WC="1.00" CC="000004"/>
					</TextLine>
					<TextLine ID="P11_TL00007" HPOS="139" VPOS="649" WIDTH="1996" HEIGHT="58">
						<String ID="P11_ST00062" HPOS="139" VPOS="650" WIDTH="63" HEIGHT="41" CONTENT="les" WC="0.99" CC="200"/>
						<SP ID="P11_SP00057" HPOS="202" VPOS="691" WIDTH="24"/>
						<String ID="P11_ST00063" HPOS="226" VPOS="651" WIDTH="176" HEIGHT="40" CONTENT="drames" WC="0.99" CC="007600"/>
						<SP ID="P11_SP00058" HPOS="402" VPOS="691" WIDTH="44"/>
						<String ID="P11_ST00064" HPOS="446" VPOS="650" WIDTH="250" HEIGHT="53" CONTENT="d'Eschyle," WC="1.00" CC="0300305020"/>
						<SP ID="P11_SP00059" HPOS="696" VPOS="703" WIDTH="53"/>
						<String ID="P11_ST00065" HPOS="749" VPOS="651" WIDTH="53" HEIGHT="40" CONTENT="de" WC="0.84" CC="03"/>
						<SP ID="P11_SP00060" HPOS="802" VPOS="703" WIDTH="42"/>
						<String ID="P11_ST00066" HPOS="844" VPOS="649" WIDTH="242" HEIGHT="54" CONTENT="Sophocle," WC="1.00" CC="010000200"/>
						<SP ID="P11_SP00061" HPOS="1086" VPOS="703" WIDTH="29"/>
						<String ID="P11_ST00067" HPOS="1115" VPOS="650" WIDTH="258" HEIGHT="54" CONTENT="d'Euripide" WC="0.99" CC="0404600002"/>
						<SP ID="P11_SP00062" HPOS="1373" VPOS="704" WIDTH="19"/>
						<String ID="P11_ST00068" HPOS="1392" VPOS="668" WIDTH="8" HEIGHT="34" CONTENT=";" WC="0.97" CC="0"/>
						<SP ID="P11_SP00063" HPOS="1400" VPOS="704" WIDTH="26"/>
						<String ID="P11_ST00069" HPOS="1426" VPOS="663" WIDTH="56" HEIGHT="39" CONTENT="et," WC="0.96" CC="063"/>
						<SP ID="P11_SP00064" HPOS="1482" VPOS="704" WIDTH="22"/>
						<String ID="P11_ST00070" HPOS="1504" VPOS="655" WIDTH="159" HEIGHT="40" CONTENT="durant" WC="0.99" CC="050040"/>
						<SP ID="P11_SP00065" HPOS="1663" VPOS="704" WIDTH="37"/>
						<String ID="P11_ST00071" HPOS="1700" VPOS="663" WIDTH="124" HEIGHT="33" CONTENT="notre" WC="0.99" CC="00500"/>
						<SP ID="P11_SP00066" HPOS="1824" VPOS="704" WIDTH="38"/>
						<String ID="P11_ST00072" HPOS="1862" VPOS="668" WIDTH="160" HEIGHT="39" CONTENT="moyen" WC="1.00" CC="00020"/>
						<SP ID="P11_SP00067" HPOS="2022" VPOS="707" WIDTH="32"/>
						<String ID="P11_ST00073" HPOS="2054" VPOS="658" WIDTH="81" HEIGHT="47" CONTENT="âge" WC="1.00" CC="000"/>
					</TextLine>
					<TextLine ID="P11_TL00008" HPOS="141" VPOS="719" WIDTH="1994" HEIGHT="57">
						<String ID="P11_ST00074" HPOS="141" VPOS="719" WIDTH="258" HEIGHT="50" CONTENT="occidental," WC="1.00" CC="05020006013"/>
						<SP ID="P11_SP00068" HPOS="399" VPOS="769" WIDTH="26"/>
						<String ID="P11_ST00075" HPOS="425" VPOS="719" WIDTH="62" HEIGHT="41" CONTENT="les" WC="1.00" CC="000"/>
						<SP ID="P11_SP00069" HPOS="487" VPOS="769" WIDTH="22"/>
						<String ID="P11_ST00076" HPOS="509" VPOS="733" WIDTH="20" HEIGHT="24" CONTENT="«" WC="1.00" CC="0"/>
						<SP ID="P11_SP00070" HPOS="529" VPOS="769" WIDTH="19"/>
						<String ID="P11_ST00077" HPOS="548" VPOS="720" WIDTH="176" HEIGHT="40" CONTENT="drames" WC="1.00" CC="000000"/>
						<SP ID="P11_SP00071" HPOS="724" VPOS="769" WIDTH="20"/>
						<String ID="P11_ST00078" HPOS="744" VPOS="719" WIDTH="265" HEIGHT="52" CONTENT="liturgiques" WC="0.99" CC="30550020700"/>
						<SP ID="P11_SP00072" HPOS="1009" VPOS="771" WIDTH="23"/>
						<String ID="P11_ST00079" HPOS="1032" VPOS="732" WIDTH="19" HEIGHT="24" CONTENT="»" WC="0.61" CC="3"/>
						<SP ID="P11_SP00073" HPOS="1051" VPOS="771" WIDTH="23"/>
						<String ID="P11_ST00080" HPOS="1074" VPOS="720" WIDTH="76" HEIGHT="39" CONTENT="des" WC="1.00" CC="000"/>
						<SP ID="P11_SP00074" HPOS="1150" VPOS="771" WIDTH="23"/>
						<String ID="P11_ST00081" HPOS="1173" VPOS="734" WIDTH="38" HEIGHT="25" CONTENT="xi" WC="0.83" CC="30"/>
						<String ID="P11_ST00082" HPOS="1216" VPOS="725" WIDTH="16" HEIGHT="17" CONTENT="e" STYLE="superscript" WC="0.69" CC="3"/>
						<String ID="P11_ST00083" HPOS="1239" VPOS="751" WIDTH="7" HEIGHT="17" CONTENT="," WC="0.63" CC="3"/>
						<SP ID="P11_SP00075" HPOS="1246" VPOS="771" WIDTH="19"/>
						<String ID="P11_ST00084" HPOS="1265" VPOS="736" WIDTH="57" HEIGHT="24" CONTENT="xn" WC="0.36" CC="48"/>
						<String ID="P11_ST00085" HPOS="1326" VPOS="725" WIDTH="14" HEIGHT="18" CONTENT="e" STYLE="superscript" WC="0.54" CC="4"/>
						<SP ID="P11_SP00076" HPOS="1340" VPOS="771" WIDTH="21"/>
						<String ID="P11_ST00086" HPOS="1361" VPOS="730" WIDTH="39" HEIGHT="32" CONTENT="et" WC="1.00" CC="00"/>
						<SP ID="P11_SP00077" HPOS="1400" VPOS="771" WIDTH="16"/>
						<String ID="P11_ST00087" HPOS="1416" VPOS="737" WIDTH="74" HEIGHT="25" CONTENT="xm" WC="0.77" CC="04"/>
						<String ID="P11_ST00088" HPOS="1496" VPOS="727" WIDTH="16" HEIGHT="17" CONTENT="e" STYLE="superscript" WC="0.55" CC="4"/>
						<SP ID="P11_SP00078" HPOS="1512" VPOS="771" WIDTH="22"/>
						<String ID="P11_ST00089" HPOS="1534" VPOS="723" WIDTH="169" HEIGHT="47" CONTENT="siècles," WC="0.99" CC="01802003"/>
						<SP ID="P11_SP00079" HPOS="1703" VPOS="771" WIDTH="35"/>
						<String ID="P11_ST00090" HPOS="1738" VPOS="724" WIDTH="111" HEIGHT="40" CONTENT="dans" WC="0.99" CC="0030"/>
						<SP ID="P11_SP00080" HPOS="1849" VPOS="771" WIDTH="21"/>
						<String ID="P11_ST00091" HPOS="1870" VPOS="724" WIDTH="39" HEIGHT="40" CONTENT="la" WC="0.56" CC="44"/>
						<SP ID="P11_SP00081" HPOS="1909" VPOS="771" WIDTH="22"/>
						<String ID="P11_ST00092" HPOS="1931" VPOS="725" WIDTH="204" HEIGHT="51" CONTENT="musique" WC="0.99" CC="0600060"/>
					</TextLine>
					<TextLine ID="P11_TL00009" HPOS="140" VPOS="787" WIDTH="1997" HEIGHT="55">
						<String ID="P11_ST00093" HPOS="140" VPOS="788" WIDTH="207" HEIGHT="50" CONTENT="desquels" WC="1.00" CC="00007000"/>
						<SP ID="P11_SP00082" HPOS="347" VPOS="838" WIDTH="24"/>
						<String ID="P11_ST00094" HPOS="371" VPOS="800" WIDTH="55" HEIGHT="27" CONTENT="on" WC="0.69" CC="06"/>
						<SP ID="P11_SP00083" HPOS="426" VPOS="838" WIDTH="30"/>
						<String ID="P11_ST00095" HPOS="456" VPOS="797" WIDTH="153" HEIGHT="32" CONTENT="trouve" WC="1.00" CC="000600"/>
						<SP ID="P11_SP00084" HPOS="609" VPOS="838" WIDTH="37"/>
						<String ID="P11_ST00096" HPOS="646" VPOS="788" WIDTH="94" HEIGHT="52" CONTENT="déjà" WC="0.99" CC="0042"/>
						<SP ID="P11_SP00085" HPOS="740" VPOS="840" WIDTH="26"/>
						<String ID="P11_ST00097" HPOS="766" VPOS="801" WIDTH="46" HEIGHT="27" CONTENT="ce" WC="0.97" CC="00"/>
						<SP ID="P11_SP00086" HPOS="812" VPOS="840" WIDTH="25"/>
						<String ID="P11_ST00098" HPOS="837" VPOS="800" WIDTH="19" HEIGHT="24" CONTENT="«" WC="0.86" CC="1"/>
						<SP ID="P11_SP00087" HPOS="856" VPOS="840" WIDTH="38"/>
						<String ID="P11_ST00099" HPOS="894" VPOS="787" WIDTH="111" HEIGHT="51" CONTENT="style" WC="0.99" CC="00050"/>
						<SP ID="P11_SP00088" HPOS="1005" VPOS="840" WIDTH="18"/>
						<String ID="P11_ST00100" HPOS="1023" VPOS="788" WIDTH="312" HEIGHT="51" CONTENT="représentatif" WC="1.00" CC="0000000650400"/>
						<SP ID="P11_SP00089" HPOS="1335" VPOS="840" WIDTH="19"/>
						<String ID="P11_ST00101" HPOS="1354" VPOS="802" WIDTH="19" HEIGHT="24" CONTENT="»" WC="0.48" CC="5"/>
						<SP ID="P11_SP00090" HPOS="1373" VPOS="840" WIDTH="27"/>
						<String ID="P11_ST00102" HPOS="1400" VPOS="802" WIDTH="56" HEIGHT="28" CONTENT="ou" WC="0.74" CC="05"/>
						<SP ID="P11_SP00091" HPOS="1456" VPOS="840" WIDTH="37"/>
						<String ID="P11_ST00103" HPOS="1493" VPOS="790" WIDTH="223" HEIGHT="41" CONTENT="conforme" WC="1.00" CC="00600002"/>
						<SP ID="P11_SP00092" HPOS="1716" VPOS="840" WIDTH="36"/>
						<String ID="P11_ST00104" HPOS="1752" VPOS="806" WIDTH="53" HEIGHT="26" CONTENT="au" WC="1.00" CC="00"/>
						<SP ID="P11_SP00093" HPOS="1805" VPOS="840" WIDTH="25"/>
						<String ID="P11_ST00105" HPOS="1830" VPOS="792" WIDTH="191" HEIGHT="50" CONTENT="langage" WC="0.99" CC="5040000"/>
						<SP ID="P11_SP00094" HPOS="2021" VPOS="842" WIDTH="40"/>
						<String ID="P11_ST00106" HPOS="2061" VPOS="807" WIDTH="51" HEIGHT="25" CONTENT="na" SUBS_TYPE="HypPart1" SUBS_CONTENT="naturel" WC="0.98" CC="00"/>
						<HYP HPOS="2112" VPOS="807" WIDTH="25" CONTENT="-"/>
					</TextLine>
					<TextLine ID="P11_TL00010" HPOS="142" VPOS="854" WIDTH="1995" HEIGHT="54">
						<String ID="P11_ST00107" HPOS="142" VPOS="856" WIDTH="111" HEIGHT="40" CONTENT="turel" SUBS_TYPE="HypPart2" SUBS_CONTENT="naturel" WC="0.98" CC="40602"/>
						<SP ID="P11_SP00095" HPOS="253" VPOS="896" WIDTH="34"/>
						<String ID="P11_ST00108" HPOS="287" VPOS="856" WIDTH="77" HEIGHT="40" CONTENT="des" WC="1.00" CC="000"/>
						<SP ID="P11_SP00096" HPOS="364" VPOS="896" WIDTH="21"/>
						<String ID="P11_ST00109" HPOS="385" VPOS="859" WIDTH="207" HEIGHT="49" CONTENT="passions" WC="0.99" CC="07000400"/>
						<SP ID="P11_SP00097" HPOS="592" VPOS="908" WIDTH="21"/>
						<String ID="P11_ST00110" HPOS="613" VPOS="870" WIDTH="84" HEIGHT="37" CONTENT="que" WC="0.97" CC="060"/>
						<SP ID="P11_SP00098" HPOS="697" VPOS="908" WIDTH="21"/>
						<String ID="P11_ST00111" HPOS="718" VPOS="856" WIDTH="62" HEIGHT="40" CONTENT="les" WC="1.00" CC="010"/>
						<SP ID="P11_SP00099" HPOS="780" VPOS="908" WIDTH="18"/>
						<String ID="P11_ST00112" HPOS="798" VPOS="855" WIDTH="179" HEIGHT="40" CONTENT="Italiens" WC="0.99" CC="00044050"/>
						<SP ID="P11_SP00100" HPOS="977" VPOS="908" WIDTH="23"/>
						<String ID="P11_ST00113" HPOS="1000" VPOS="855" WIDTH="53" HEIGHT="40" CONTENT="de" WC="1.00" CC="00"/>
						<SP ID="P11_SP00101" HPOS="1053" VPOS="908" WIDTH="23"/>
						<String ID="P11_ST00114" HPOS="1076" VPOS="854" WIDTH="163" HEIGHT="42" CONTENT="Venise" WC="1.00" CC="000300"/>
						<SP ID="P11_SP00102" HPOS="1239" VPOS="908" WIDTH="19"/>
						<String ID="P11_ST00115" HPOS="1258" VPOS="864" WIDTH="41" HEIGHT="33" CONTENT="et" WC="0.70" CC="05"/>
						<SP ID="P11_SP00103" HPOS="1299" VPOS="908" WIDTH="23"/>
						<String ID="P11_ST00116" HPOS="1322" VPOS="857" WIDTH="53" HEIGHT="39" CONTENT="de" WC="1.00" CC="00"/>
						<SP ID="P11_SP00104" HPOS="1375" VPOS="908" WIDTH="17"/>
						<String ID="P11_ST00117" HPOS="1392" VPOS="857" WIDTH="211" HEIGHT="41" CONTENT="Florence" WC="0.99" CC="62000640"/>
						<SP ID="P11_SP00105" HPOS="1603" VPOS="908" WIDTH="24"/>
						<String ID="P11_ST00118" HPOS="1627" VPOS="873" WIDTH="45" HEIGHT="26" CONTENT="se" WC="1.00" CC="00"/>
						<SP ID="P11_SP00106" HPOS="1672" VPOS="908" WIDTH="17"/>
						<String ID="P11_ST00119" HPOS="1689" VPOS="868" WIDTH="99" HEIGHT="32" CONTENT="sont" WC="0.99" CC="0004"/>
						<SP ID="P11_SP00107" HPOS="1788" VPOS="908" WIDTH="20"/>
						<String ID="P11_ST00120" HPOS="1808" VPOS="861" WIDTH="141" HEIGHT="40" CONTENT="flattés" WC="0.98" CC="6653800"/>
						<SP ID="P11_SP00108" HPOS="1949" VPOS="908" WIDTH="21"/>
						<String ID="P11_ST00121" HPOS="1970" VPOS="861" WIDTH="167" HEIGHT="40" CONTENT="d'avoir" WC="1.00" CC="0020040"/>
					</TextLine>
					<TextLine ID="P11_TL00011" HPOS="141" VPOS="923" WIDTH="860" HEIGHT="41">
						<String ID="P11_ST00122" HPOS="141" VPOS="924" WIDTH="237" HEIGHT="40" CONTENT="découvert" WC="1.00" CC="000050005"/>
						<SP ID="P11_SP00109" HPOS="378" VPOS="964" WIDTH="24"/>
						<String ID="P11_ST00123" HPOS="402" VPOS="938" WIDTH="54" HEIGHT="26" CONTENT="au" WC="1.00" CC="00"/>
						<SP ID="P11_SP00110" HPOS="456" VPOS="964" WIDTH="19"/>
						<String ID="P11_ST00124" HPOS="475" VPOS="923" WIDTH="136" HEIGHT="41" CONTENT="début" WC="0.98" CC="00064"/>
						<SP ID="P11_SP00111" HPOS="611" VPOS="964" WIDTH="22"/>
						<String ID="P11_ST00125" HPOS="633" VPOS="924" WIDTH="58" HEIGHT="40" CONTENT="du" WC="1.00" CC="00"/>
						<SP ID="P11_SP00112" HPOS="691" VPOS="964" WIDTH="23"/>
						<String ID="P11_ST00126" HPOS="714" VPOS="938" WIDTH="86" HEIGHT="25" CONTENT="xvn" WC="0.73" CC="008"/>
						<String ID="P11_ST00127" HPOS="808" VPOS="927" WIDTH="15" HEIGHT="18" CONTENT="e" STYLE="superscript" WC="0.24" CC="7"/>
						<SP ID="P11_SP00113" HPOS="823" VPOS="964" WIDTH="32"/>
						<String ID="P11_ST00128" HPOS="855" VPOS="923" WIDTH="146" HEIGHT="40" CONTENT="siècle." WC="0.99" CC="0370303"/>
					</TextLine>
					<TextLine ID="P11_TL00012" HPOS="196" VPOS="990" WIDTH="1939" HEIGHT="59">
						<String ID="P11_ST00129" HPOS="196" VPOS="990" WIDTH="194" HEIGHT="42" CONTENT="D'abord" WC="0.99" CC="2400200"/>
						<SP ID="P11_SP00114" HPOS="390" VPOS="1032" WIDTH="45"/>
						<String ID="P11_ST00130" HPOS="435" VPOS="991" WIDTH="205" HEIGHT="41" CONTENT="inhérent" WC="0.99" CC="05070066"/>
						<SP ID="P11_SP00115" HPOS="640" VPOS="1032" WIDTH="44"/>
						<String ID="P11_ST00131" HPOS="684" VPOS="1006" WIDTH="54" HEIGHT="26" CONTENT="au" WC="0.84" CC="03"/>
						<SP ID="P11_SP00116" HPOS="738" VPOS="1032" WIDTH="20"/>
						<String ID="P11_ST00132" HPOS="758" VPOS="992" WIDTH="114" HEIGHT="39" CONTENT="culte" WC="0.99" CC="00500"/>
						<SP ID="P11_SP00117" HPOS="872" VPOS="1032" WIDTH="47"/>
						<String ID="P11_ST00133" HPOS="919" VPOS="999" WIDTH="40" HEIGHT="32" CONTENT="et" WC="0.69" CC="06"/>
						<SP ID="P11_SP00118" HPOS="959" VPOS="1032" WIDTH="18"/>
						<String ID="P11_ST00134" HPOS="977" VPOS="993" WIDTH="208" HEIGHT="48" CONTENT="organisé" WC="0.99" CC="00902100"/>
						<SP ID="P11_SP00119" HPOS="1185" VPOS="1041" WIDTH="24"/>
						<String ID="P11_ST00135" HPOS="1209" VPOS="1000" WIDTH="159" HEIGHT="31" CONTENT="autour" WC="0.98" CC="064070"/>
						<SP ID="P11_SP00120" HPOS="1368" VPOS="1041" WIDTH="19"/>
						<String ID="P11_ST00136" HPOS="1387" VPOS="993" WIDTH="103" HEIGHT="40" CONTENT="d'un" WC="0.98" CC="0207"/>
						<SP ID="P11_SP00121" HPOS="1490" VPOS="1041" WIDTH="22"/>
						<String ID="P11_ST00137" HPOS="1512" VPOS="995" WIDTH="130" HEIGHT="46" CONTENT="autel," WC="0.99" CC="070003"/>
						<SP ID="P11_SP00122" HPOS="1642" VPOS="1041" WIDTH="21"/>
						<String ID="P11_ST00138" HPOS="1663" VPOS="995" WIDTH="37" HEIGHT="39" CONTENT="le" WC="0.96" CC="00"/>
						<SP ID="P11_SP00123" HPOS="1700" VPOS="1041" WIDTH="23"/>
						<String ID="P11_ST00139" HPOS="1723" VPOS="996" WIDTH="151" HEIGHT="41" CONTENT="drame" WC="1.00" CC="00000"/>
						<SP ID="P11_SP00124" HPOS="1874" VPOS="1041" WIDTH="24"/>
						<String ID="P11_ST00140" HPOS="1898" VPOS="997" WIDTH="169" HEIGHT="52" CONTENT="lyrique" WC="1.00" CC="0004030"/>
						<SP ID="P11_SP00125" HPOS="2067" VPOS="1049" WIDTH="24"/>
						<String ID="P11_ST00141" HPOS="2091" VPOS="1009" WIDTH="44" HEIGHT="27" CONTENT="se" WC="0.92" CC="01"/>
					</TextLine>
					<TextLine ID="P11_TL00013" HPOS="139" VPOS="1059" WIDTH="1998" HEIGHT="56">
						<String ID="P11_ST00142" HPOS="139" VPOS="1059" WIDTH="182" HEIGHT="41" CONTENT="détache" WC="1.00" CC="0000000"/>
						<SP ID="P11_SP00126" HPOS="321" VPOS="1100" WIDTH="38"/>
						<String ID="P11_ST00143" HPOS="359" VPOS="1073" WIDTH="84" HEIGHT="38" CONTENT="peu" WC="0.98" CC="004"/>
						<SP ID="P11_SP00127" HPOS="443" VPOS="1111" WIDTH="43"/>
						<String ID="P11_ST00144" HPOS="486" VPOS="1063" WIDTH="20" HEIGHT="36" CONTENT="à" WC="1.00" CC="0"/>
						<SP ID="P11_SP00128" HPOS="506" VPOS="1111" WIDTH="38"/>
						<String ID="P11_ST00145" HPOS="544" VPOS="1073" WIDTH="84" HEIGHT="38" CONTENT="peu" WC="1.00" CC="000"/>
						<SP ID="P11_SP00129" HPOS="628" VPOS="1111" WIDTH="37"/>
						<String ID="P11_ST00146" HPOS="665" VPOS="1060" WIDTH="53" HEIGHT="40" CONTENT="de" WC="1.00" CC="00"/>
						<SP ID="P11_SP00130" HPOS="718" VPOS="1111" WIDTH="41"/>
						<String ID="P11_ST00147" HPOS="759" VPOS="1060" WIDTH="38" HEIGHT="39" CONTENT="la" WC="1.00" CC="00"/>
						<SP ID="P11_SP00131" HPOS="797" VPOS="1111" WIDTH="41"/>
						<String ID="P11_ST00148" HPOS="838" VPOS="1060" WIDTH="178" HEIGHT="48" CONTENT="liturgie" WC="0.99" CC="33500030"/>
						<SP ID="P11_SP00132" HPOS="1016" VPOS="1111" WIDTH="21"/>
						<String ID="P11_ST00149" HPOS="1037" VPOS="1072" WIDTH="111" HEIGHT="38" CONTENT="pour" WC="0.98" CC="0062"/>
						<SP ID="P11_SP00133" HPOS="1148" VPOS="1111" WIDTH="23"/>
						<String ID="P11_ST00150" HPOS="1171" VPOS="1073" WIDTH="44" HEIGHT="26" CONTENT="se" WC="0.71" CC="05"/>
						<SP ID="P11_SP00134" HPOS="1215" VPOS="1111" WIDTH="43"/>
						<String ID="P11_ST00151" HPOS="1258" VPOS="1062" WIDTH="241" HEIGHT="39" CONTENT="constituer" WC="0.99" CC="0060544600"/>
						<SP ID="P11_SP00135" HPOS="1499" VPOS="1111" WIDTH="23"/>
						<String ID="P11_ST00152" HPOS="1522" VPOS="1065" WIDTH="21" HEIGHT="35" CONTENT="à" WC="0.72" CC="2"/>
						<SP ID="P11_SP00136" HPOS="1543" VPOS="1111" WIDTH="31"/>
						<String ID="P11_ST00153" HPOS="1574" VPOS="1060" WIDTH="115" HEIGHT="42" CONTENT="l'état" WC="0.98" CC="230055"/>
						<SP ID="P11_SP00137" HPOS="1689" VPOS="1111" WIDTH="20"/>
						<String ID="P11_ST00154" HPOS="1709" VPOS="1064" WIDTH="299" HEIGHT="51" CONTENT="indépendant" WC="0.99" CC="35000340060"/>
						<SP ID="P11_SP00138" HPOS="2008" VPOS="1115" WIDTH="20"/>
						<String ID="P11_ST00155" HPOS="2028" VPOS="1073" WIDTH="40" HEIGHT="31" CONTENT="et" WC="0.69" CC="06"/>
						<SP ID="P11_SP00139" HPOS="2068" VPOS="1115" WIDTH="24"/>
						<String ID="P11_ST00156" HPOS="2092" VPOS="1077" WIDTH="45" HEIGHT="27" CONTENT="se" WC="1.00" CC="00"/>
					</TextLine>
					<TextLine ID="P11_TL00014" HPOS="141" VPOS="1125" WIDTH="1995" HEIGHT="58">
						<String ID="P11_ST00157" HPOS="141" VPOS="1128" WIDTH="160" HEIGHT="40" CONTENT="laisser" WC="0.99" CC="3040050"/>
						<SP ID="P11_SP00140" HPOS="301" VPOS="1168" WIDTH="22"/>
						<String ID="P11_ST00158" HPOS="323" VPOS="1125" WIDTH="187" HEIGHT="43" CONTENT="envahir" WC="1.00" CC="0000003"/>
						<SP ID="P11_SP00141" HPOS="510" VPOS="1168" WIDTH="32"/>
						<String ID="P11_ST00159" HPOS="542" VPOS="1143" WIDTH="79" HEIGHT="37" CONTENT="par" WC="1.00" CC="000"/>
						<SP ID="P11_SP00142" HPOS="621" VPOS="1180" WIDTH="19"/>
						<String ID="P11_ST00160" HPOS="640" VPOS="1126" WIDTH="166" HEIGHT="53" CONTENT="l'esprit" WC="1.00" CC="41000004"/>
						<SP ID="P11_SP00143" HPOS="806" VPOS="1180" WIDTH="23"/>
						<String ID="P11_ST00161" HPOS="829" VPOS="1127" WIDTH="200" HEIGHT="52" CONTENT="profane." WC="1.00" CC="00040004"/>
						<SP ID="P11_SP00144" HPOS="1029" VPOS="1180" WIDTH="25"/>
						<String ID="P11_ST00162" HPOS="1054" VPOS="1125" WIDTH="72" HEIGHT="43" CONTENT="On" WC="0.87" CC="20"/>
						<SP ID="P11_SP00145" HPOS="1126" VPOS="1180" WIDTH="24"/>
						<String ID="P11_ST00163" HPOS="1150" VPOS="1127" WIDTH="89" HEIGHT="40" CONTENT="doit" WC="0.97" CC="0524"/>
						<SP ID="P11_SP00146" HPOS="1239" VPOS="1180" WIDTH="24"/>
						<String ID="P11_ST00164" HPOS="1263" VPOS="1131" WIDTH="143" HEIGHT="38" CONTENT="même" WC="0.99" CC="0300"/>
						<SP ID="P11_SP00147" HPOS="1406" VPOS="1180" WIDTH="33"/>
						<String ID="P11_ST00165" HPOS="1439" VPOS="1143" WIDTH="256" HEIGHT="39" CONTENT="remarquer" WC="1.00" CC="000000300"/>
						<SP ID="P11_SP00148" HPOS="1695" VPOS="1182" WIDTH="19"/>
						<String ID="P11_ST00166" HPOS="1714" VPOS="1132" WIDTH="95" HEIGHT="51" CONTENT="qu'à" WC="0.98" CC="0028"/>
						<SP ID="P11_SP00149" HPOS="1809" VPOS="1183" WIDTH="24"/>
						<String ID="P11_ST00167" HPOS="1833" VPOS="1145" WIDTH="173" HEIGHT="27" CONTENT="mesure" WC="1.00" CC="000000"/>
						<SP ID="P11_SP00150" HPOS="2006" VPOS="1183" WIDTH="26"/>
						<String ID="P11_ST00168" HPOS="2032" VPOS="1131" WIDTH="104" HEIGHT="52" CONTENT="qu'il" WC="0.99" CC="00430"/>
					</TextLine>
					<TextLine ID="P11_TL00015" HPOS="143" VPOS="1193" WIDTH="1993" HEIGHT="58">
						<String ID="P11_ST00169" HPOS="143" VPOS="1194" WIDTH="179" HEIGHT="42" CONTENT="s'écarte" WC="0.99" CC="04600030"/>
						<SP ID="P11_SP00151" HPOS="322" VPOS="1236" WIDTH="17"/>
						<String ID="P11_ST00170" HPOS="339" VPOS="1197" WIDTH="58" HEIGHT="40" CONTENT="du" WC="1.00" CC="00"/>
						<SP ID="P11_SP00152" HPOS="397" VPOS="1237" WIDTH="37"/>
						<String ID="P11_ST00171" HPOS="434" VPOS="1197" WIDTH="128" HEIGHT="39" CONTENT="rituel" WC="0.99" CC="005700"/>
						<SP ID="P11_SP00153" HPOS="562" VPOS="1237" WIDTH="32"/>
						<String ID="P11_ST00172" HPOS="594" VPOS="1209" WIDTH="112" HEIGHT="39" CONTENT="pour" WC="0.99" CC="0040"/>
						<SP ID="P11_SP00154" HPOS="706" VPOS="1248" WIDTH="23"/>
						<String ID="P11_ST00173" HPOS="729" VPOS="1193" WIDTH="247" HEIGHT="43" CONTENT="s'enhardir" WC="1.00" CC="0106000000"/>
						<SP ID="P11_SP00155" HPOS="976" VPOS="1248" WIDTH="21"/>
						<String ID="P11_ST00174" HPOS="997" VPOS="1209" WIDTH="55" HEIGHT="26" CONTENT="au" WC="0.71" CC="05"/>
						<SP ID="P11_SP00156" HPOS="1052" VPOS="1248" WIDTH="40"/>
						<String ID="P11_ST00175" HPOS="1092" VPOS="1195" WIDTH="109" HEIGHT="54" CONTENT="farci" WC="0.97" CC="07556" STYLEREFS="TXT_3"/>
						<SP ID="P11_SP00157" HPOS="1201" VPOS="1249" WIDTH="20"/>
						<String ID="P11_ST00176" HPOS="1221" VPOS="1196" WIDTH="54" HEIGHT="39" CONTENT="da" WC="0.69" CC="06" STYLEREFS="TXT_3"/>
						<SP ID="P11_SP00158" HPOS="1275" VPOS="1249" WIDTH="18"/>
						<String ID="P11_ST00177" HPOS="1293" VPOS="1210" WIDTH="57" HEIGHT="32" CONTENT="se," WC="0.97" CC="204" STYLEREFS="TXT_3"/>
						<SP ID="P11_SP00159" HPOS="1350" VPOS="1249" WIDTH="28"/>
						<String ID="P11_ST00178" HPOS="1378" VPOS="1197" WIDTH="26" HEIGHT="39" CONTENT="i!" WC="0.47" CC="27"/>
						<SP ID="P11_SP00160" HPOS="1404" VPOS="1249" WIDTH="26"/>
						<String ID="P11_ST00179" HPOS="1430" VPOS="1198" WIDTH="122" HEIGHT="51" CONTENT="perd," WC="1.00" CC="00001"/>
						<SP ID="P11_SP00161" HPOS="1552" VPOS="1249" WIDTH="24"/>
						<String ID="P11_ST00180" HPOS="1576" VPOS="1211" WIDTH="55" HEIGHT="27" CONTENT="ou" WC="0.69" CC="06"/>
						<SP ID="P11_SP00162" HPOS="1631" VPOS="1249" WIDTH="37"/>
						<String ID="P11_ST00181" HPOS="1668" VPOS="1199" WIDTH="140" HEIGHT="40" CONTENT="réduit" WC="0.99" CC="000043"/>
						<SP ID="P11_SP00163" HPOS="1808" VPOS="1249" WIDTH="24"/>
						<String ID="P11_ST00182" HPOS="1832" VPOS="1204" WIDTH="20" HEIGHT="34" CONTENT="à" WC="0.56" CC="4"/>
						<SP ID="P11_SP00164" HPOS="1852" VPOS="1249" WIDTH="20"/>
						<String ID="P11_ST00183" HPOS="1872" VPOS="1205" WIDTH="85" HEIGHT="35" CONTENT="très" WC="0.97" CC="5170"/>
						<SP ID="P11_SP00165" HPOS="1957" VPOS="1249" WIDTH="19"/>
						<String ID="P11_ST00184" HPOS="1976" VPOS="1214" WIDTH="84" HEIGHT="37" CONTENT="peu" WC="0.99" CC="003"/>
						<SP ID="P11_SP00166" HPOS="2060" VPOS="1251" WIDTH="24"/>
						<String ID="P11_ST00185" HPOS="2084" VPOS="1200" WIDTH="52" HEIGHT="40" CONTENT="de" WC="1.00" CC="00"/>
					</TextLine>
					<TextLine ID="P11_TL00016" HPOS="143" VPOS="1264" WIDTH="1992" HEIGHT="55">
						<String ID="P11_ST00186" HPOS="143" VPOS="1265" WIDTH="132" HEIGHT="40" CONTENT="chose" WC="1.00" CC="00000"/>
						<SP ID="P11_SP00167" HPOS="275" VPOS="1305" WIDTH="23"/>
						<String ID="P11_ST00187" HPOS="298" VPOS="1278" WIDTH="69" HEIGHT="27" CONTENT="ses" WC="1.00" CC="000"/>
						<SP ID="P11_SP00168" HPOS="367" VPOS="1305" WIDTH="20"/>
						<String ID="P11_ST00188" HPOS="387" VPOS="1265" WIDTH="215" HEIGHT="40" CONTENT="éléments" WC="0.99" CC="61600703"/>
						<SP ID="P11_SP00169" HPOS="602" VPOS="1305" WIDTH="23"/>
						<String ID="P11_ST00189" HPOS="625" VPOS="1266" WIDTH="245" HEIGHT="48" CONTENT="musicaux," WC="0.99" CC="060000503"/>
						<SP ID="P11_SP00170" HPOS="870" VPOS="1314" WIDTH="24"/>
						<String ID="P11_ST00190" HPOS="894" VPOS="1272" WIDTH="91" HEIGHT="32" CONTENT="tant" WC="0.97" CC="0644"/>
						<SP ID="P11_SP00171" HPOS="985" VPOS="1314" WIDTH="20"/>
						<String ID="P11_ST00191" HPOS="1005" VPOS="1264" WIDTH="29" HEIGHT="39" CONTENT="il" WC="0.57" CC="34"/>
						<SP ID="P11_SP00172" HPOS="1034" VPOS="1314" WIDTH="24"/>
						<String ID="P11_ST00192" HPOS="1058" VPOS="1272" WIDTH="64" HEIGHT="32" CONTENT="est" WC="0.98" CC="004"/>
						<SP ID="P11_SP00173" HPOS="1122" VPOS="1314" WIDTH="22"/>
						<String ID="P11_ST00193" HPOS="1144" VPOS="1265" WIDTH="93" HEIGHT="38" CONTENT="vrai" WC="0.99" CC="0003"/>
						<SP ID="P11_SP00174" HPOS="1237" VPOS="1314" WIDTH="19"/>
						<String ID="P11_ST00194" HPOS="1256" VPOS="1278" WIDTH="84" HEIGHT="37" CONTENT="que" WC="0.98" CC="060"/>
						<SP ID="P11_SP00175" HPOS="1340" VPOS="1315" WIDTH="17"/>
						<String ID="P11_ST00195" HPOS="1357" VPOS="1265" WIDTH="187" HEIGHT="50" CONTENT="religion" WC="0.99" CC="04030406"/>
						<SP ID="P11_SP00176" HPOS="1544" VPOS="1315" WIDTH="22"/>
						<String ID="P11_ST00196" HPOS="1566" VPOS="1275" WIDTH="40" HEIGHT="31" CONTENT="et" WC="0.73" CC="05"/>
						<SP ID="P11_SP00177" HPOS="1606" VPOS="1315" WIDTH="16"/>
						<String ID="P11_ST00197" HPOS="1622" VPOS="1269" WIDTH="205" HEIGHT="50" CONTENT="musique" WC="0.99" CC="0403050"/>
						<SP ID="P11_SP00178" HPOS="1827" VPOS="1319" WIDTH="13"/>
						<String ID="P11_ST00198" HPOS="1840" VPOS="1277" WIDTH="99" HEIGHT="31" CONTENT="sont" WC="0.97" CC="0155"/>
						<SP ID="P11_SP00179" HPOS="1939" VPOS="1319" WIDTH="17"/>
						<String ID="P11_ST00199" HPOS="1956" VPOS="1266" WIDTH="179" HEIGHT="42" CONTENT="d'abord" WC="1.00" CC="0300400"/>
					</TextLine>
					<TextLine ID="P11_TL00017" HPOS="145" VPOS="1330" WIDTH="1992" HEIGHT="56">
						<String ID="P11_ST00200" HPOS="145" VPOS="1334" WIDTH="281" HEIGHT="40" CONTENT="étroitement" WC="0.99" CC="71043400005"/>
						<SP ID="P11_SP00180" HPOS="426" VPOS="1374" WIDTH="23"/>
						<String ID="P11_ST00201" HPOS="449" VPOS="1334" WIDTH="147" HEIGHT="39" CONTENT="unies." WC="0.99" CC="603002"/>
						<SP ID="P11_SP00181" HPOS="596" VPOS="1374" WIDTH="32"/>
						<String ID="P11_ST00202" HPOS="628" VPOS="1332" WIDTH="31" HEIGHT="40" CONTENT="Il" WC="0.54" CC="53"/>
						<SP ID="P11_SP00182" HPOS="659" VPOS="1374" WIDTH="25"/>
						<String ID="P11_ST00203" HPOS="684" VPOS="1340" WIDTH="143" HEIGHT="32" CONTENT="meurt" WC="0.99" CC="00005"/>
						<SP ID="P11_SP00183" HPOS="827" VPOS="1374" WIDTH="29"/>
						<String ID="P11_ST00204" HPOS="856" VPOS="1330" WIDTH="119" HEIGHT="42" CONTENT="enfin" WC="0.99" CC="03005"/>
						<SP ID="P11_SP00184" HPOS="975" VPOS="1374" WIDTH="25"/>
						<String ID="P11_ST00205" HPOS="1000" VPOS="1345" WIDTH="9" HEIGHT="34" CONTENT=";" WC="1.00" CC="0"/>
						<SP ID="P11_SP00185" HPOS="1009" VPOS="1379" WIDTH="26"/>
						<String ID="P11_ST00206" HPOS="1035" VPOS="1345" WIDTH="53" HEIGHT="27" CONTENT="en" WC="1.00" CC="00"/>
						<SP ID="P11_SP00186" HPOS="1088" VPOS="1379" WIDTH="24"/>
						<String ID="P11_ST00207" HPOS="1112" VPOS="1332" WIDTH="182" HEIGHT="47" CONTENT="France," WC="1.00" CC="6000000"/>
						<SP ID="P11_SP00187" HPOS="1294" VPOS="1379" WIDTH="23"/>
						<String ID="P11_ST00208" HPOS="1317" VPOS="1345" WIDTH="57" HEIGHT="27" CONTENT="on" WC="1.00" CC="00"/>
						<SP ID="P11_SP00188" HPOS="1374" VPOS="1379" WIDTH="21"/>
						<String ID="P11_ST00209" HPOS="1395" VPOS="1342" WIDTH="101" HEIGHT="43" CONTENT="peut" WC="0.98" CC="0062"/>
						<SP ID="P11_SP00189" HPOS="1496" VPOS="1385" WIDTH="23"/>
						<String ID="P11_ST00210" HPOS="1519" VPOS="1334" WIDTH="90" HEIGHT="40" CONTENT="dire" WC="1.00" CC="0000"/>
						<SP ID="P11_SP00190" HPOS="1609" VPOS="1385" WIDTH="22"/>
						<String ID="P11_ST00211" HPOS="1631" VPOS="1348" WIDTH="85" HEIGHT="38" CONTENT="que" WC="1.00" CC="000"/>
						<SP ID="P11_SP00191" HPOS="1716" VPOS="1386" WIDTH="33"/>
						<String ID="P11_ST00212" HPOS="1749" VPOS="1348" WIDTH="44" HEIGHT="26" CONTENT="sa" WC="1.00" CC="00"/>
						<SP ID="P11_SP00192" HPOS="1793" VPOS="1386" WIDTH="22"/>
						<String ID="P11_ST00213" HPOS="1815" VPOS="1333" WIDTH="77" HEIGHT="50" CONTENT="fin," WC="0.97" CC="2274"/>
						<SP ID="P11_SP00193" HPOS="1892" VPOS="1386" WIDTH="37"/>
						<String ID="P11_ST00214" HPOS="1929" VPOS="1339" WIDTH="208" HEIGHT="47" CONTENT="préparée" WC="1.00" CC="00000070"/>
					</TextLine>
					<TextLine ID="P11_TL00018" HPOS="155" VPOS="1400" WIDTH="1624" HEIGHT="53">
						<String ID="P11_ST00215" HPOS="155" VPOS="1415" WIDTH="82" HEIGHT="38" CONTENT="par" WC="1.00" CC="000"/>
						<SP ID="P11_SP00194" HPOS="237" VPOS="1453" WIDTH="23"/>
						<String ID="P11_ST00216" HPOS="260" VPOS="1402" WIDTH="38" HEIGHT="39" CONTENT="la" WC="0.81" CC="30"/>
						<SP ID="P11_SP00195" HPOS="298" VPOS="1453" WIDTH="25"/>
						<String ID="P11_ST00217" HPOS="323" VPOS="1414" WIDTH="147" HEIGHT="37" CONTENT="vogue" WC="0.98" CC="00065"/>
						<SP ID="P11_SP00196" HPOS="470" VPOS="1453" WIDTH="22"/>
						<String ID="P11_ST00218" HPOS="492" VPOS="1401" WIDTH="77" HEIGHT="40" CONTENT="des" WC="0.99" CC="003"/>
						<SP ID="P11_SP00197" HPOS="569" VPOS="1453" WIDTH="17"/>
						<String ID="P11_ST00219" HPOS="586" VPOS="1406" WIDTH="232" HEIGHT="47" CONTENT="mystères," WC="0.99" CC="000570014"/>
						<SP ID="P11_SP00198" HPOS="818" VPOS="1453" WIDTH="24"/>
						<String ID="P11_ST00220" HPOS="842" VPOS="1400" WIDTH="197" HEIGHT="40" CONTENT="coïncide" WC="0.99" CC="00770000"/>
						<SP ID="P11_SP00199" HPOS="1039" VPOS="1453" WIDTH="25"/>
						<String ID="P11_ST00221" HPOS="1064" VPOS="1413" WIDTH="102" HEIGHT="27" CONTENT="avec" WC="1.00" CC="0000"/>
						<SP ID="P11_SP00200" HPOS="1166" VPOS="1453" WIDTH="24"/>
						<String ID="P11_ST00222" HPOS="1190" VPOS="1400" WIDTH="94" HEIGHT="40" CONTENT="leur" WC="0.97" CC="4043"/>
						<SP ID="P11_SP00201" HPOS="1284" VPOS="1453" WIDTH="19"/>
						<String ID="P11_ST00223" HPOS="1303" VPOS="1401" WIDTH="280" HEIGHT="40" CONTENT="interdiction" WC="1.00" CC="400000307200"/>
						<SP ID="P11_SP00202" HPOS="1583" VPOS="1453" WIDTH="32"/>
						<String ID="P11_ST00224" HPOS="1615" VPOS="1402" WIDTH="164" HEIGHT="51" CONTENT="(1548)." WC="0.83" CC="3003300"/>
					</TextLine>
					<TextLine ID="P11_TL00019" HPOS="198" VPOS="1467" WIDTH="1940" HEIGHT="55">
						<String ID="P11_ST00225" HPOS="198" VPOS="1469" WIDTH="141" HEIGHT="53" CONTENT="Après" WC="0.99" CC="00005"/>
						<SP ID="P11_SP00203" HPOS="339" VPOS="1522" WIDTH="22"/>
						<String ID="P11_ST00226" HPOS="361" VPOS="1483" WIDTH="85" HEIGHT="27" CONTENT="une" WC="0.98" CC="500"/>
						<SP ID="P11_SP00204" HPOS="446" VPOS="1522" WIDTH="26"/>
						<String ID="P11_ST00227" HPOS="472" VPOS="1470" WIDTH="161" HEIGHT="50" CONTENT="éclipse" WC="0.99" CC="5032000"/>
						<SP ID="P11_SP00205" HPOS="633" VPOS="1522" WIDTH="39"/>
						<String ID="P11_ST00228" HPOS="672" VPOS="1469" WIDTH="28" HEIGHT="39" CONTENT="il" WC="0.86" CC="02"/>
						<SP ID="P11_SP00206" HPOS="700" VPOS="1522" WIDTH="26"/>
						<String ID="P11_ST00229" HPOS="726" VPOS="1472" WIDTH="139" HEIGHT="37" CONTENT="renaît" WC="0.99" CC="500006"/>
						<SP ID="P11_SP00207" HPOS="865" VPOS="1522" WIDTH="25"/>
						<String ID="P11_ST00230" HPOS="890" VPOS="1482" WIDTH="9" HEIGHT="34" CONTENT=";" WC="0.57" CC="4"/>
						<SP ID="P11_SP00208" HPOS="899" VPOS="1522" WIDTH="41"/>
						<String ID="P11_ST00231" HPOS="940" VPOS="1467" WIDTH="163" HEIGHT="53" CONTENT="l'opéra" WC="1.00" CC="0100006"/>
						<SP ID="P11_SP00209" HPOS="1103" VPOS="1522" WIDTH="31"/>
						<String ID="P11_ST00232" HPOS="1134" VPOS="1467" WIDTH="129" HEIGHT="41" CONTENT="brille" WC="0.99" CC="000330"/>
						<SP ID="P11_SP00210" HPOS="1263" VPOS="1522" WIDTH="41"/>
						<String ID="P11_ST00233" HPOS="1304" VPOS="1467" WIDTH="105" HEIGHT="42" CONTENT="d'un" WC="0.98" CC="0460"/>
						<SP ID="P11_SP00211" HPOS="1409" VPOS="1522" WIDTH="31"/>
						<String ID="P11_ST00234" HPOS="1440" VPOS="1470" WIDTH="144" HEIGHT="49" CONTENT="grand" WC="0.99" CC="05000"/>
						<SP ID="P11_SP00212" HPOS="1584" VPOS="1522" WIDTH="25"/>
						<String ID="P11_ST00235" HPOS="1609" VPOS="1470" WIDTH="110" HEIGHT="40" CONTENT="éclat" WC="0.99" CC="00502"/>
						<SP ID="P11_SP00213" HPOS="1719" VPOS="1522" WIDTH="41"/>
						<String ID="P11_ST00236" HPOS="1760" VPOS="1485" WIDTH="54" HEIGHT="25" CONTENT="au" WC="1.00" CC="00"/>
						<SP ID="P11_SP00214" HPOS="1814" VPOS="1522" WIDTH="39"/>
						<String ID="P11_ST00237" HPOS="1853" VPOS="1486" WIDTH="85" HEIGHT="24" CONTENT="xvn" WC="0.56" CC="228"/>
						<String ID="P11_ST00238" HPOS="1943" VPOS="1475" WIDTH="15" HEIGHT="17" CONTENT="e" STYLE="superscript" WC="0.54" CC="4"/>
						<SP ID="P11_SP00215" HPOS="1958" VPOS="1522" WIDTH="34"/>
						<String ID="P11_ST00239" HPOS="1992" VPOS="1472" WIDTH="146" HEIGHT="48" CONTENT="siècle," WC="0.99" CC="0470104"/>
					</TextLine>
					<TextLine ID="P11_TL00020" HPOS="144" VPOS="1536" WIDTH="1994" HEIGHT="53">
						<String ID="P11_ST00240" HPOS="144" VPOS="1539" WIDTH="114" HEIGHT="40" CONTENT="mais" WC="0.99" CC="5000"/>
						<SP ID="P11_SP00216" HPOS="258" VPOS="1579" WIDTH="24"/>
						<String ID="P11_ST00241" HPOS="282" VPOS="1538" WIDTH="29" HEIGHT="40" CONTENT="il" WC="0.78" CC="04"/>
						<SP ID="P11_SP00217" HPOS="311" VPOS="1579" WIDTH="23"/>
						<String ID="P11_ST00242" HPOS="334" VPOS="1546" WIDTH="65" HEIGHT="32" CONTENT="est" WC="0.98" CC="005"/>
						<SP ID="P11_SP00218" HPOS="399" VPOS="1579" WIDTH="42"/>
						<String ID="P11_ST00243" HPOS="441" VPOS="1551" WIDTH="173" HEIGHT="27" CONTENT="comme" WC="1.00" CC="01000"/>
						<SP ID="P11_SP00219" HPOS="614" VPOS="1579" WIDTH="40"/>
						<String ID="P11_ST00244" HPOS="654" VPOS="1541" WIDTH="234" HEIGHT="48" CONTENT="transposé" WC="0.99" CC="470100005"/>
						<SP ID="P11_SP00220" HPOS="888" VPOS="1589" WIDTH="24"/>
						<String ID="P11_ST00245" HPOS="912" VPOS="1551" WIDTH="82" HEIGHT="25" CONTENT="aux" WC="0.98" CC="060"/>
						<SP ID="P11_SP00221" HPOS="994" VPOS="1589" WIDTH="44"/>
						<String ID="P11_ST00246" HPOS="1038" VPOS="1536" WIDTH="232" HEIGHT="52" CONTENT="antipodes" WC="0.99" CC="066400000"/>
						<SP ID="P11_SP00222" HPOS="1270" VPOS="1589" WIDTH="20"/>
						<String ID="P11_ST00247" HPOS="1290" VPOS="1537" WIDTH="53" HEIGHT="39" CONTENT="de" WC="1.00" CC="00"/>
						<SP ID="P11_SP00223" HPOS="1343" VPOS="1589" WIDTH="21"/>
						<String ID="P11_ST00248" HPOS="1364" VPOS="1537" WIDTH="37" HEIGHT="39" CONTENT="la" WC="0.91" CC="01"/>
						<SP ID="P11_SP00224" HPOS="1401" VPOS="1589" WIDTH="27"/>
						<String ID="P11_ST00249" HPOS="1428" VPOS="1542" WIDTH="160" HEIGHT="47" CONTENT="pensée" WC="0.99" CC="060060"/>
						<SP ID="P11_SP00225" HPOS="1588" VPOS="1589" WIDTH="25"/>
						<String ID="P11_ST00250" HPOS="1613" VPOS="1538" WIDTH="249" HEIGHT="50" CONTENT="religieuse." WC="0.99" CC="02520306103"/>
						<SP ID="P11_SP00226" HPOS="1862" VPOS="1589" WIDTH="44"/>
						<String ID="P11_ST00251" HPOS="1906" VPOS="1538" WIDTH="62" HEIGHT="41" CONTENT="Ce" WC="0.87" CC="20"/>
						<SP ID="P11_SP00227" HPOS="1968" VPOS="1589" WIDTH="38"/>
						<String ID="P11_ST00252" HPOS="2006" VPOS="1539" WIDTH="106" HEIGHT="40" CONTENT="chan" SUBS_TYPE="HypPart1" SUBS_CONTENT="changement" WC="0.98" CC="0505"/>
						<HYP HPOS="2112" VPOS="1539" WIDTH="26" CONTENT="-"/>
					</TextLine>
					<TextLine ID="P11_TL00021" HPOS="146" VPOS="1603" WIDTH="1992" HEIGHT="53">
						<String ID="P11_ST00253" HPOS="146" VPOS="1614" WIDTH="182" HEIGHT="42" CONTENT="gement" SUBS_TYPE="HypPart2" SUBS_CONTENT="changement" WC="0.99" CC="000046"/>
						<SP ID="P11_SP00228" HPOS="328" VPOS="1656" WIDTH="39"/>
						<String ID="P11_ST00254" HPOS="367" VPOS="1606" WIDTH="163" HEIGHT="40" CONTENT="radical" WC="0.99" CC="0803005"/>
						<SP ID="P11_SP00229" HPOS="530" VPOS="1656" WIDTH="33"/>
						<String ID="P11_ST00255" HPOS="563" VPOS="1614" WIDTH="65" HEIGHT="32" CONTENT="est" WC="0.98" CC="006"/>
						<SP ID="P11_SP00230" HPOS="628" VPOS="1656" WIDTH="35"/>
						<String ID="P11_ST00256" HPOS="663" VPOS="1606" WIDTH="57" HEIGHT="40" CONTENT="dû" WC="0.71" CC="05"/>
						<SP ID="P11_SP00231" HPOS="720" VPOS="1656" WIDTH="39"/>
						<String ID="P11_ST00257" HPOS="759" VPOS="1609" WIDTH="21" HEIGHT="35" CONTENT="à" WC="0.80" CC="1"/>
						<SP ID="P11_SP00232" HPOS="780" VPOS="1656" WIDTH="40"/>
						<String ID="P11_ST00258" HPOS="820" VPOS="1603" WIDTH="245" HEIGHT="42" CONTENT="l'influence" WC="1.00" CC="00006060000"/>
						<SP ID="P11_SP00233" HPOS="1065" VPOS="1656" WIDTH="50"/>
						<String ID="P11_ST00259" HPOS="1115" VPOS="1605" WIDTH="52" HEIGHT="39" CONTENT="de" WC="1.00" CC="00"/>
						<SP ID="P11_SP00234" HPOS="1167" VPOS="1656" WIDTH="37"/>
						<String ID="P11_ST00260" HPOS="1204" VPOS="1605" WIDTH="40" HEIGHT="39" CONTENT="la" WC="1.00" CC="00"/>
						<SP ID="P11_SP00235" HPOS="1244" VPOS="1656" WIDTH="33"/>
						<String ID="P11_ST00261" HPOS="1277" VPOS="1607" WIDTH="69" HEIGHT="38" CONTENT="vie" WC="1.00" CC="000"/>
						<SP ID="P11_SP00236" HPOS="1346" VPOS="1656" WIDTH="37"/>
						<String ID="P11_ST00262" HPOS="1383" VPOS="1606" WIDTH="52" HEIGHT="38" CONTENT="de" WC="0.93" CC="01"/>
						<SP ID="P11_SP00237" HPOS="1435" VPOS="1656" WIDTH="23"/>
						<String ID="P11_ST00263" HPOS="1458" VPOS="1618" WIDTH="119" HEIGHT="28" CONTENT="cour." WC="0.98" CC="22604"/>
						<SP ID="P11_SP00238" HPOS="1577" VPOS="1656" WIDTH="27"/>
						<String ID="P11_ST00264" HPOS="1604" VPOS="1606" WIDTH="140" HEIGHT="40" CONTENT="Toute" WC="0.99" CC="00060"/>
						<SP ID="P11_SP00239" HPOS="1744" VPOS="1656" WIDTH="23"/>
						<String ID="P11_ST00265" HPOS="1767" VPOS="1606" WIDTH="294" HEIGHT="41" CONTENT="l'orientation" WC="1.00" CC="0000006305300"/>
						<SP ID="P11_SP00240" HPOS="2061" VPOS="1656" WIDTH="20"/>
						<String ID="P11_ST00266" HPOS="2081" VPOS="1607" WIDTH="57" HEIGHT="40" CONTENT="du" WC="0.73" CC="05"/>
					</TextLine>
					<TextLine ID="P11_TL00022" HPOS="148" VPOS="1672" WIDTH="1992" HEIGHT="53">
						<String ID="P11_ST00267" HPOS="148" VPOS="1687" WIDTH="136" HEIGHT="38" CONTENT="genre" WC="0.99" CC="00600"/>
						<SP ID="P11_SP00241" HPOS="284" VPOS="1725" WIDTH="42"/>
						<String ID="P11_ST00268" HPOS="326" VPOS="1682" WIDTH="64" HEIGHT="32" CONTENT="est" WC="1.00" CC="000"/>
						<SP ID="P11_SP00242" HPOS="390" VPOS="1725" WIDTH="39"/>
						<String ID="P11_ST00269" HPOS="429" VPOS="1672" WIDTH="221" HEIGHT="41" CONTENT="modifiée." WC="0.99" CC="020333002"/>
						<SP ID="P11_SP00243" HPOS="650" VPOS="1725" WIDTH="33"/>
						<String ID="P11_ST00270" HPOS="683" VPOS="1673" WIDTH="69" HEIGHT="41" CONTENT="Un" WC="0.98" CC="00"/>
						<SP ID="P11_SP00244" HPOS="752" VPOS="1725" WIDTH="34"/>
						<String ID="P11_ST00271" HPOS="786" VPOS="1681" WIDTH="93" HEIGHT="32" CONTENT="acte" WC="0.99" CC="0060"/>
						<SP ID="P11_SP00245" HPOS="879" VPOS="1725" WIDTH="41"/>
						<String ID="P11_ST00272" HPOS="920" VPOS="1673" WIDTH="52" HEIGHT="40" CONTENT="de" WC="1.00" CC="00"/>
						<SP ID="P11_SP00246" HPOS="972" VPOS="1725" WIDTH="34"/>
						<String ID="P11_ST00273" HPOS="1006" VPOS="1672" WIDTH="61" HEIGHT="41" CONTENT="foi" WC="0.98" CC="301"/>
						<SP ID="P11_SP00247" HPOS="1067" VPOS="1725" WIDTH="23"/>
						<String ID="P11_ST00274" HPOS="1090" VPOS="1673" WIDTH="175" HEIGHT="40" CONTENT="devient" WC="0.99" CC="0003004"/>
						<SP ID="P11_SP00248" HPOS="1265" VPOS="1725" WIDTH="33"/>
						<String ID="P11_ST00275" HPOS="1298" VPOS="1687" WIDTH="59" HEIGHT="26" CONTENT="un" WC="0.69" CC="60"/>
						<SP ID="P11_SP00249" HPOS="1357" VPOS="1725" WIDTH="19"/>
						<String ID="P11_ST00276" HPOS="1376" VPOS="1673" WIDTH="355" HEIGHT="41" CONTENT="divertissement" WC="1.00" CC="04000620200006"/>
						<SP ID="P11_SP00250" HPOS="1731" VPOS="1725" WIDTH="26"/>
						<String ID="P11_ST00277" HPOS="1757" VPOS="1688" WIDTH="9" HEIGHT="34" CONTENT=";" WC="0.40" CC="5"/>
						<SP ID="P11_SP00251" HPOS="1766" VPOS="1725" WIDTH="23"/>
						<String ID="P11_ST00278" HPOS="1789" VPOS="1688" WIDTH="85" HEIGHT="27" CONTENT="une" WC="0.98" CC="600"/>
						<SP ID="P11_SP00252" HPOS="1874" VPOS="1725" WIDTH="20"/>
						<String ID="P11_ST00279" HPOS="1894" VPOS="1677" WIDTH="246" HEIGHT="38" CONTENT="cérémonie" WC="1.00" CC="001000500"/>
					</TextLine>
					<TextLine ID="P11_TL00023" HPOS="150" VPOS="1741" WIDTH="1988" HEIGHT="52">
						<String ID="P11_ST00280" HPOS="150" VPOS="1744" WIDTH="269" HEIGHT="45" CONTENT="réunissant," WC="0.99" CC="06502000064"/>
						<SP ID="P11_SP00253" HPOS="419" VPOS="1789" WIDTH="39"/>
						<String ID="P11_ST00281" HPOS="458" VPOS="1756" WIDTH="78" HEIGHT="37" CONTENT="par" WC="0.99" CC="003"/>
						<SP ID="P11_SP00254" HPOS="536" VPOS="1793" WIDTH="35"/>
						<String ID="P11_ST00282" HPOS="571" VPOS="1743" WIDTH="246" HEIGHT="46" CONTENT="extension," WC="1.00" CC="0200003004"/>
						<SP ID="P11_SP00255" HPOS="817" VPOS="1793" WIDTH="46"/>
						<String ID="P11_ST00283" HPOS="863" VPOS="1749" WIDTH="119" HEIGHT="32" CONTENT="toute" WC="0.99" CC="00600"/>
						<SP ID="P11_SP00256" HPOS="982" VPOS="1793" WIDTH="23"/>
						<String ID="P11_ST00284" HPOS="1005" VPOS="1741" WIDTH="39" HEIGHT="39" CONTENT="la" WC="1.00" CC="00"/>
						<SP ID="P11_SP00257" HPOS="1044" VPOS="1793" WIDTH="41"/>
						<String ID="P11_ST00285" HPOS="1085" VPOS="1742" WIDTH="96" HEIGHT="45" CONTENT="cité," WC="1.00" CC="00000"/>
						<SP ID="P11_SP00258" HPOS="1181" VPOS="1793" WIDTH="33"/>
						<String ID="P11_ST00286" HPOS="1214" VPOS="1741" WIDTH="174" HEIGHT="40" CONTENT="devient" WC="0.99" CC="0000064"/>
						<SP ID="P11_SP00259" HPOS="1388" VPOS="1793" WIDTH="23"/>
						<String ID="P11_ST00287" HPOS="1411" VPOS="1755" WIDTH="85" HEIGHT="26" CONTENT="une" WC="0.98" CC="600"/>
						<SP ID="P11_SP00260" HPOS="1496" VPOS="1793" WIDTH="23"/>
						<String ID="P11_ST00288" HPOS="1519" VPOS="1741" WIDTH="83" HEIGHT="40" CONTENT="fête" WC="0.99" CC="0400"/>
						<SP ID="P11_SP00261" HPOS="1602" VPOS="1793" WIDTH="23"/>
						<String ID="P11_ST00289" HPOS="1625" VPOS="1742" WIDTH="239" HEIGHT="40" CONTENT="mondaine" WC="1.00" CC="00000300"/>
						<SP ID="P11_SP00262" HPOS="1864" VPOS="1793" WIDTH="32"/>
						<String ID="P11_ST00290" HPOS="1896" VPOS="1747" WIDTH="197" HEIGHT="36" CONTENT="réservée" WC="0.99" CC="06003060"/>
						<SP ID="P11_SP00263" HPOS="2093" VPOS="1793" WIDTH="24"/>
						<String ID="P11_ST00291" HPOS="2117" VPOS="1747" WIDTH="21" HEIGHT="35" CONTENT="à" WC="0.93" CC="0"/>
					</TextLine>
					<TextLine ID="P11_TL00024" HPOS="145" VPOS="1807" WIDTH="1995" HEIGHT="54">
						<String ID="P11_ST00292" HPOS="145" VPOS="1824" WIDTH="88" HEIGHT="27" CONTENT="une" WC="0.97" CC="600"/>
						<SP ID="P11_SP00264" HPOS="233" VPOS="1851" WIDTH="25"/>
						<String ID="P11_ST00293" HPOS="258" VPOS="1810" WIDTH="116" HEIGHT="40" CONTENT="élite." WC="0.99" CC="004402"/>
						<SP ID="P11_SP00265" HPOS="374" VPOS="1851" WIDTH="26"/>
						<String ID="P11_ST00294" HPOS="400" VPOS="1808" WIDTH="63" HEIGHT="41" CONTENT="Le" WC="1.00" CC="00"/>
						<SP ID="P11_SP00266" HPOS="463" VPOS="1851" WIDTH="19"/>
						<String ID="P11_ST00295" HPOS="482" VPOS="1810" WIDTH="153" HEIGHT="39" CONTENT="drame" WC="0.99" CC="00601"/>
						<SP ID="P11_SP00267" HPOS="635" VPOS="1851" WIDTH="22"/>
						<String ID="P11_ST00296" HPOS="657" VPOS="1823" WIDTH="21" HEIGHT="26" CONTENT="a" WC="1.00" CC="0"/>
						<SP ID="P11_SP00268" HPOS="678" VPOS="1851" WIDTH="25"/>
						<String ID="P11_ST00297" HPOS="703" VPOS="1809" WIDTH="138" HEIGHT="51" CONTENT="perdu" WC="0.99" CC="00007"/>
						<SP ID="P11_SP00269" HPOS="841" VPOS="1860" WIDTH="24"/>
						<String ID="P11_ST00298" HPOS="865" VPOS="1816" WIDTH="170" HEIGHT="33" CONTENT="contact" WC="0.99" CC="0021006"/>
						<SP ID="P11_SP00270" HPOS="1035" VPOS="1860" WIDTH="17"/>
						<String ID="P11_ST00299" HPOS="1052" VPOS="1821" WIDTH="101" HEIGHT="27" CONTENT="avec" WC="1.00" CC="0000"/>
						<SP ID="P11_SP00271" HPOS="1153" VPOS="1860" WIDTH="24"/>
						<String ID="P11_ST00300" HPOS="1177" VPOS="1809" WIDTH="39" HEIGHT="39" CONTENT="la" WC="0.86" CC="20"/>
						<SP ID="P11_SP00272" HPOS="1216" VPOS="1860" WIDTH="21"/>
						<String ID="P11_ST00301" HPOS="1237" VPOS="1811" WIDTH="66" HEIGHT="38" CONTENT="vie" WC="0.99" CC="020"/>
						<SP ID="P11_SP00273" HPOS="1303" VPOS="1860" WIDTH="16"/>
						<String ID="P11_ST00302" HPOS="1319" VPOS="1809" WIDTH="162" HEIGHT="40" CONTENT="sociale" WC="1.00" CC="0001011"/>
						<SP ID="P11_SP00274" HPOS="1481" VPOS="1860" WIDTH="25"/>
						<String ID="P11_ST00303" HPOS="1506" VPOS="1820" WIDTH="8" HEIGHT="27" CONTENT=":" WC="0.74" CC="2"/>
						<SP ID="P11_SP00275" HPOS="1514" VPOS="1860" WIDTH="25"/>
						<String ID="P11_ST00304" HPOS="1539" VPOS="1809" WIDTH="29" HEIGHT="40" CONTENT="il" WC="0.50" CC="45"/>
						<SP ID="P11_SP00276" HPOS="1568" VPOS="1860" WIDTH="21"/>
						<String ID="P11_ST00305" HPOS="1589" VPOS="1811" WIDTH="103" HEIGHT="38" CONTENT="était" WC="1.00" CC="00030"/>
						<SP ID="P11_SP00277" HPOS="1692" VPOS="1860" WIDTH="23"/>
						<String ID="P11_ST00306" HPOS="1715" VPOS="1810" WIDTH="246" HEIGHT="51" CONTENT="populaire," WC="1.00" CC="0104000004"/>
						<SP ID="P11_SP00278" HPOS="1961" VPOS="1861" WIDTH="21"/>
						<String ID="P11_ST00307" HPOS="1982" VPOS="1811" WIDTH="27" HEIGHT="39" CONTENT="il" WC="0.70" CC="41"/>
						<SP ID="P11_SP00279" HPOS="2009" VPOS="1861" WIDTH="23"/>
						<String ID="P11_ST00308" HPOS="2032" VPOS="1807" WIDTH="108" HEIGHT="43" CONTENT="n'est" WC="0.98" CC="33402"/>
					</TextLine>
					<TextLine ID="P11_TL00025" HPOS="146" VPOS="1875" WIDTH="1995" HEIGHT="56">
						<String ID="P11_ST00309" HPOS="146" VPOS="1879" WIDTH="101" HEIGHT="52" CONTENT="plus" WC="0.98" CC="0180"/>
						<SP ID="P11_SP00280" HPOS="247" VPOS="1931" WIDTH="34"/>
						<String ID="P11_ST00310" HPOS="281" VPOS="1875" WIDTH="429" HEIGHT="54" CONTENT="qu'aristocratique." WC="1.00" CC="004003060000570403"/>
						<SP ID="P11_SP00281" HPOS="710" VPOS="1931" WIDTH="28"/>
						<String ID="P11_ST00311" HPOS="738" VPOS="1875" WIDTH="68" HEIGHT="41" CONTENT="Au" WC="0.48" CC="36"/>
						<SP ID="P11_SP00282" HPOS="806" VPOS="1931" WIDTH="39"/>
						<String ID="P11_ST00312" HPOS="845" VPOS="1877" WIDTH="86" HEIGHT="40" CONTENT="lieu" WC="0.97" CC="2406"/>
						<SP ID="P11_SP00283" HPOS="931" VPOS="1931" WIDTH="24"/>
						<String ID="P11_ST00313" HPOS="955" VPOS="1876" WIDTH="133" HEIGHT="40" CONTENT="d'être" WC="0.99" CC="006400"/>
						<SP ID="P11_SP00284" HPOS="1088" VPOS="1931" WIDTH="24"/>
						<String ID="P11_ST00314" HPOS="1112" VPOS="1877" WIDTH="99" HEIGHT="50" CONTENT="joué" WC="0.98" CC="0006"/>
						<SP ID="P11_SP00285" HPOS="1211" VPOS="1931" WIDTH="37"/>
						<String ID="P11_ST00315" HPOS="1248" VPOS="1877" WIDTH="111" HEIGHT="40" CONTENT="dans" WC="0.99" CC="0040"/>
						<SP ID="P11_SP00286" HPOS="1359" VPOS="1931" WIDTH="18"/>
						<String ID="P11_ST00316" HPOS="1377" VPOS="1875" WIDTH="167" HEIGHT="51" CONTENT="l'église" WC="1.00" CC="20001200"/>
						<SP ID="P11_SP00287" HPOS="1544" VPOS="1931" WIDTH="21"/>
						<String ID="P11_ST00317" HPOS="1565" VPOS="1890" WIDTH="55" HEIGHT="27" CONTENT="ou" WC="1.00" CC="00"/>
						<SP ID="P11_SP00288" HPOS="1620" VPOS="1931" WIDTH="25"/>
						<String ID="P11_ST00318" HPOS="1645" VPOS="1891" WIDTH="74" HEIGHT="26" CONTENT="sur" WC="1.00" CC="000"/>
						<SP ID="P11_SP00289" HPOS="1719" VPOS="1931" WIDTH="19"/>
						<String ID="P11_ST00319" HPOS="1738" VPOS="1878" WIDTH="38" HEIGHT="39" CONTENT="le" WC="0.81" CC="30"/>
						<SP ID="P11_SP00290" HPOS="1776" VPOS="1931" WIDTH="23"/>
						<String ID="P11_ST00320" HPOS="1799" VPOS="1880" WIDTH="162" HEIGHT="49" CONTENT="parvis," WC="1.00" CC="0000304"/>
						<SP ID="P11_SP00291" HPOS="1961" VPOS="1931" WIDTH="50"/>
						<String ID="P11_ST00321" HPOS="2011" VPOS="1879" WIDTH="30" HEIGHT="39" CONTENT="il" WC="0.59" CC="43"/>
						<SP ID="P11_SP00292" HPOS="2041" VPOS="1931" WIDTH="24"/>
						<String ID="P11_ST00322" HPOS="2065" VPOS="1878" WIDTH="76" HEIGHT="40" CONTENT="fait" WC="0.97" CC="0056"/>
					</TextLine>
					<TextLine ID="P11_TL00026" HPOS="146" VPOS="1942" WIDTH="1994" HEIGHT="55">
						<String ID="P11_ST00323" HPOS="146" VPOS="1945" WIDTH="263" HEIGHT="52" CONTENT="l'agrément" WC="1.00" CC="0320000030"/>
						<SP ID="P11_SP00293" HPOS="409" VPOS="1997" WIDTH="20"/>
						<String ID="P11_ST00324" HPOS="429" VPOS="1944" WIDTH="103" HEIGHT="41" CONTENT="d'un" WC="0.96" CC="0467"/>
						<SP ID="P11_SP00294" HPOS="532" VPOS="1997" WIDTH="22"/>
						<String ID="P11_ST00325" HPOS="554" VPOS="1946" WIDTH="143" HEIGHT="39" CONTENT="salon." WC="0.99" CC="005004"/>
						<SP ID="P11_SP00295" HPOS="697" VPOS="1997" WIDTH="30"/>
						<String ID="P11_ST00326" HPOS="727" VPOS="1943" WIDTH="246" HEIGHT="41" CONTENT="L'habileté" WC="0.99" CC="0300644050"/>
						<SP ID="P11_SP00296" HPOS="973" VPOS="1997" WIDTH="24"/>
						<String ID="P11_ST00327" HPOS="997" VPOS="1945" WIDTH="75" HEIGHT="39" CONTENT="des" WC="1.00" CC="001"/>
						<SP ID="P11_SP00297" HPOS="1072" VPOS="1997" WIDTH="20"/>
						<String ID="P11_ST00328" HPOS="1092" VPOS="1952" WIDTH="178" HEIGHT="32" CONTENT="auteurs" WC="0.99" CC="0650300"/>
						<SP ID="P11_SP00298" HPOS="1270" VPOS="1997" WIDTH="26"/>
						<String ID="P11_ST00329" HPOS="1296" VPOS="1942" WIDTH="185" HEIGHT="43" CONTENT="s'exerce" WC="1.00" CC="01010004"/>
						<SP ID="P11_SP00299" HPOS="1481" VPOS="1997" WIDTH="22"/>
						<String ID="P11_ST00330" HPOS="1503" VPOS="1958" WIDTH="157" HEIGHT="27" CONTENT="encore" WC="1.00" CC="040000"/>
						<SP ID="P11_SP00300" HPOS="1660" VPOS="1997" WIDTH="25"/>
						<String ID="P11_ST00331" HPOS="1685" VPOS="1959" WIDTH="76" HEIGHT="26" CONTENT="sur" WC="0.96" CC="260"/>
						<SP ID="P11_SP00301" HPOS="1761" VPOS="1997" WIDTH="22"/>
						<String ID="P11_ST00332" HPOS="1783" VPOS="1946" WIDTH="216" HEIGHT="51" CONTENT="quelques" WC="1.00" CC="00050000"/>
						<SP ID="P11_SP00302" HPOS="1999" VPOS="1997" WIDTH="23"/>
						<String ID="P11_ST00333" HPOS="2022" VPOS="1946" WIDTH="118" HEIGHT="39" CONTENT="idées" WC="0.99" CC="50000"/>
					</TextLine>
					<TextLine ID="P11_TL00027" HPOS="148" VPOS="2011" WIDTH="1992" HEIGHT="53">
						<String ID="P11_ST00334" HPOS="148" VPOS="2014" WIDTH="260" HEIGHT="50" CONTENT="religieuses" WC="1.00" CC="20500100300"/>
						<SP ID="P11_SP00303" HPOS="408" VPOS="2064" WIDTH="40"/>
						<String ID="P11_ST00335" HPOS="448" VPOS="2013" WIDTH="370" HEIGHT="48" CONTENT="traditionnelles," WC="1.00" CC="0000150026025004"/>
						<SP ID="P11_SP00304" HPOS="818" VPOS="2064" WIDTH="36"/>
						<String ID="P11_ST00336" HPOS="854" VPOS="2014" WIDTH="112" HEIGHT="38" CONTENT="mais" WC="1.00" CC="0020"/>
						<SP ID="P11_SP00305" HPOS="966" VPOS="2064" WIDTH="20"/>
						<String ID="P11_ST00337" HPOS="986" VPOS="2025" WIDTH="69" HEIGHT="27" CONTENT="ces" WC="0.99" CC="300"/>
						<SP ID="P11_SP00306" HPOS="1055" VPOS="2064" WIDTH="21"/>
						<String ID="P11_ST00338" HPOS="1076" VPOS="2011" WIDTH="121" HEIGHT="41" CONTENT="idées" WC="0.99" CC="07000"/>
						<SP ID="P11_SP00307" HPOS="1197" VPOS="2064" WIDTH="24"/>
						<String ID="P11_ST00339" HPOS="1221" VPOS="2026" WIDTH="53" HEIGHT="25" CONTENT="ne" WC="1.00" CC="00"/>
						<SP ID="P11_SP00308" HPOS="1274" VPOS="2064" WIDTH="25"/>
						<String ID="P11_ST00340" HPOS="1299" VPOS="2021" WIDTH="98" HEIGHT="31" CONTENT="sont" WC="1.00" CC="0000"/>
						<SP ID="P11_SP00309" HPOS="1397" VPOS="2064" WIDTH="24"/>
						<String ID="P11_ST00341" HPOS="1421" VPOS="2013" WIDTH="99" HEIGHT="51" CONTENT="plus" WC="0.98" CC="0460"/>
						<SP ID="P11_SP00310" HPOS="1520" VPOS="2064" WIDTH="23"/>
						<String ID="P11_ST00342" HPOS="1543" VPOS="2013" WIDTH="77" HEIGHT="40" CONTENT="des" WC="1.00" CC="000"/>
						<SP ID="P11_SP00311" HPOS="1620" VPOS="2064" WIDTH="22"/>
						<String ID="P11_ST00343" HPOS="1642" VPOS="2013" WIDTH="282" HEIGHT="40" CONTENT="idées-forces" WC="1.00" CC="000003000000"/>
						<SP ID="P11_SP00312" HPOS="1924" VPOS="2064" WIDTH="19"/>
						<String ID="P11_ST00344" HPOS="1943" VPOS="2027" WIDTH="9" HEIGHT="26" CONTENT=":" WC="0.31" CC="6"/>
						<SP ID="P11_SP00313" HPOS="1952" VPOS="2064" WIDTH="26"/>
						<String ID="P11_ST00345" HPOS="1978" VPOS="2027" WIDTH="45" HEIGHT="26" CONTENT="ce" WC="1.00" CC="00"/>
						<SP ID="P11_SP00314" HPOS="2023" VPOS="2064" WIDTH="21"/>
						<String ID="P11_ST00346" HPOS="2044" VPOS="2022" WIDTH="96" HEIGHT="31" CONTENT="sont" WC="0.99" CC="0003"/>
					</TextLine>
					<TextLine ID="P11_TL00028" HPOS="149" VPOS="2080" WIDTH="1993" HEIGHT="53">
						<String ID="P11_ST00347" HPOS="149" VPOS="2084" WIDTH="76" HEIGHT="38" CONTENT="des" WC="1.00" CC="000"/>
						<SP ID="P11_SP00315" HPOS="225" VPOS="2122" WIDTH="36"/>
						<String ID="P11_ST00348" HPOS="261" VPOS="2082" WIDTH="312" HEIGHT="51" CONTENT="idées-joujou," WC="1.00" CC="3000040040054"/>
						<SP ID="P11_SP00316" HPOS="573" VPOS="2133" WIDTH="37"/>
						<String ID="P11_ST00349" HPOS="610" VPOS="2096" WIDTH="60" HEIGHT="25" CONTENT="un" WC="0.63" CC="07"/>
						<SP ID="P11_SP00317" HPOS="670" VPOS="2133" WIDTH="49"/>
						<String ID="P11_ST00350" HPOS="719" VPOS="2089" WIDTH="231" HEIGHT="32" CONTENT="ornement" WC="1.00" CC="00700003"/>
						<SP ID="P11_SP00318" HPOS="950" VPOS="2133" WIDTH="33"/>
						<String ID="P11_ST00351" HPOS="983" VPOS="2081" WIDTH="54" HEIGHT="38" CONTENT="de" WC="0.96" CC="00"/>
						<SP ID="P11_SP00319" HPOS="1037" VPOS="2133" WIDTH="34"/>
						<String ID="P11_ST00352" HPOS="1071" VPOS="2080" WIDTH="255" HEIGHT="51" CONTENT="rhétorique" WC="1.00" CC="0403000060"/>
						<SP ID="P11_SP00320" HPOS="1326" VPOS="2133" WIDTH="38"/>
						<String ID="P11_ST00353" HPOS="1364" VPOS="2094" WIDTH="111" HEIGHT="37" CONTENT="pour" WC="0.98" CC="0007"/>
						<SP ID="P11_SP00321" HPOS="1475" VPOS="2133" WIDTH="23"/>
						<String ID="P11_ST00354" HPOS="1498" VPOS="2081" WIDTH="62" HEIGHT="39" CONTENT="les" WC="0.98" CC="202"/>
						<SP ID="P11_SP00322" HPOS="1560" VPOS="2133" WIDTH="35"/>
						<String ID="P11_ST00355" HPOS="1595" VPOS="2081" WIDTH="165" HEIGHT="48" CONTENT="livrets," WC="0.99" CC="06000604"/>
						<SP ID="P11_SP00323" HPOS="1760" VPOS="2133" WIDTH="25"/>
						<String ID="P11_ST00356" HPOS="1785" VPOS="2094" WIDTH="85" HEIGHT="27" CONTENT="une" WC="0.98" CC="040"/>
						<SP ID="P11_SP00324" HPOS="1870" VPOS="2133" WIDTH="17"/>
						<String ID="P11_ST00357" HPOS="1887" VPOS="2084" WIDTH="180" HEIGHT="37" CONTENT="matière" WC="0.99" CC="0053700"/>
						<SP ID="P11_SP00325" HPOS="2067" VPOS="2133" WIDTH="23"/>
						<String ID="P11_ST00358" HPOS="2090" VPOS="2082" WIDTH="52" HEIGHT="39" CONTENT="de" WC="1.00" CC="00"/>
					</TextLine>
					<TextLine ID="P11_TL00029" HPOS="146" VPOS="2147" WIDTH="1996" HEIGHT="54">
						<String ID="P11_ST00359" HPOS="146" VPOS="2150" WIDTH="127" HEIGHT="41" CONTENT="fades" WC="1.00" CC="00000"/>
						<SP ID="P11_SP00326" HPOS="273" VPOS="2191" WIDTH="37"/>
						<String ID="P11_ST00360" HPOS="310" VPOS="2150" WIDTH="236" HEIGHT="49" CONTENT="allégories" WC="0.99" CC="2036001330"/>
						<SP ID="P11_SP00327" HPOS="546" VPOS="2199" WIDTH="17"/>
						<String ID="P11_ST00361" HPOS="563" VPOS="2162" WIDTH="112" HEIGHT="39" CONTENT="pour" WC="0.98" CC="0053"/>
						<SP ID="P11_SP00328" HPOS="675" VPOS="2201" WIDTH="23"/>
						<String ID="P11_ST00362" HPOS="698" VPOS="2149" WIDTH="38" HEIGHT="40" CONTENT="le" WC="0.78" CC="40"/>
						<SP ID="P11_SP00329" HPOS="736" VPOS="2201" WIDTH="28"/>
						<String ID="P11_ST00363" HPOS="764" VPOS="2148" WIDTH="69" HEIGHT="40" CONTENT="bel" WC="0.98" CC="006"/>
						<SP ID="P11_SP00330" HPOS="833" VPOS="2201" WIDTH="22"/>
						<String ID="P11_ST00364" HPOS="855" VPOS="2150" WIDTH="151" HEIGHT="49" CONTENT="esprit," WC="1.00" CC="0000303"/>
						<SP ID="P11_SP00331" HPOS="1006" VPOS="2201" WIDTH="33"/>
						<String ID="P11_ST00365" HPOS="1039" VPOS="2161" WIDTH="102" HEIGHT="26" CONTENT="sans" WC="0.99" CC="0030"/>
						<SP ID="P11_SP00332" HPOS="1141" VPOS="2201" WIDTH="24"/>
						<String ID="P11_ST00366" HPOS="1165" VPOS="2148" WIDTH="99" HEIGHT="51" CONTENT="plus" WC="0.98" CC="0430"/>
						<SP ID="P11_SP00333" HPOS="1264" VPOS="2201" WIDTH="30"/>
						<String ID="P11_ST00367" HPOS="1294" VPOS="2147" WIDTH="318" HEIGHT="52" CONTENT="d'importance" WC="1.00" CC="010000030600"/>
						<SP ID="P11_SP00334" HPOS="1612" VPOS="2201" WIDTH="22"/>
						<String ID="P11_ST00368" HPOS="1634" VPOS="2162" WIDTH="85" HEIGHT="38" CONTENT="que" WC="1.00" CC="000"/>
						<SP ID="P11_SP00335" HPOS="1719" VPOS="2201" WIDTH="25"/>
						<String ID="P11_ST00369" HPOS="1744" VPOS="2150" WIDTH="59" HEIGHT="38" CONTENT="les" WC="1.00" CC="000"/>
						<SP ID="P11_SP00336" HPOS="1803" VPOS="2201" WIDTH="24"/>
						<String ID="P11_ST00370" HPOS="1827" VPOS="2150" WIDTH="252" HEIGHT="51" CONTENT="tapisseries" WC="1.00" CC="60030000300"/>
						<SP ID="P11_SP00337" HPOS="2079" VPOS="2201" WIDTH="23"/>
						<String ID="P11_ST00371" HPOS="2102" VPOS="2158" WIDTH="40" HEIGHT="31" CONTENT="et" WC="0.78" CC="04"/>
					</TextLine>
					<TextLine ID="P11_TL00030" HPOS="145" VPOS="2214" WIDTH="1997" HEIGHT="55">
						<String ID="P11_ST00372" HPOS="145" VPOS="2220" WIDTH="63" HEIGHT="38" CONTENT="les" WC="0.99" CC="200"/>
						<SP ID="P11_SP00338" HPOS="208" VPOS="2258" WIDTH="37"/>
						<String ID="P11_ST00373" HPOS="245" VPOS="2220" WIDTH="225" HEIGHT="49" CONTENT="peintures" WC="1.00" CC="004610000"/>
						<SP ID="P11_SP00339" HPOS="470" VPOS="2269" WIDTH="43"/>
						<String ID="P11_ST00374" HPOS="513" VPOS="2218" WIDTH="210" HEIGHT="39" CONTENT="décorant" WC="0.99" CC="06000055"/>
						<SP ID="P11_SP00340" HPOS="723" VPOS="2269" WIDTH="22"/>
						<String ID="P11_ST00375" HPOS="745" VPOS="2217" WIDTH="62" HEIGHT="39" CONTENT="les" WC="0.98" CC="400"/>
						<SP ID="P11_SP00341" HPOS="807" VPOS="2269" WIDTH="23"/>
						<String ID="P11_ST00376" HPOS="830" VPOS="2229" WIDTH="122" HEIGHT="27" CONTENT="murs" WC="1.00" CC="0000"/>
						<SP ID="P11_SP00342" HPOS="952" VPOS="2269" WIDTH="23"/>
						<String ID="P11_ST00377" HPOS="975" VPOS="2216" WIDTH="103" HEIGHT="40" CONTENT="d'un" WC="0.98" CC="0207"/>
						<SP ID="P11_SP00343" HPOS="1078" VPOS="2269" WIDTH="24"/>
						<String ID="P11_ST00378" HPOS="1102" VPOS="2216" WIDTH="158" HEIGHT="51" CONTENT="palais." WC="0.99" CC="0000504"/>
						<SP ID="P11_SP00344" HPOS="1260" VPOS="2269" WIDTH="43"/>
						<String ID="P11_ST00379" HPOS="1303" VPOS="2214" WIDTH="63" HEIGHT="41" CONTENT="La" WC="1.00" CC="00"/>
						<SP ID="P11_SP00345" HPOS="1366" VPOS="2269" WIDTH="26"/>
						<String ID="P11_ST00380" HPOS="1392" VPOS="2219" WIDTH="206" HEIGHT="49" CONTENT="musique" WC="0.99" CC="0400070"/>
						<SP ID="P11_SP00346" HPOS="1598" VPOS="2269" WIDTH="27"/>
						<String ID="P11_ST00381" HPOS="1625" VPOS="2225" WIDTH="40" HEIGHT="31" CONTENT="et" WC="0.69" CC="06"/>
						<SP ID="P11_SP00347" HPOS="1665" VPOS="2269" WIDTH="23"/>
						<String ID="P11_ST00382" HPOS="1688" VPOS="2216" WIDTH="37" HEIGHT="39" CONTENT="la" WC="1.00" CC="00"/>
						<SP ID="P11_SP00348" HPOS="1725" VPOS="2269" WIDTH="35"/>
						<String ID="P11_ST00383" HPOS="1760" VPOS="2216" WIDTH="136" HEIGHT="40" CONTENT="danse" WC="0.99" CC="00600"/>
						<SP ID="P11_SP00349" HPOS="1896" VPOS="2269" WIDTH="21"/>
						<String ID="P11_ST00384" HPOS="1917" VPOS="2225" WIDTH="105" HEIGHT="31" CONTENT="vont" WC="0.98" CC="0206"/>
						<SP ID="P11_SP00350" HPOS="2022" VPOS="2269" WIDTH="31"/>
						<String ID="P11_ST00385" HPOS="2053" VPOS="2220" WIDTH="89" HEIGHT="36" CONTENT="être" WC="0.98" CC="3500"/>
					</TextLine>
					<TextLine ID="P11_TL00031" HPOS="147" VPOS="2282" WIDTH="1995" HEIGHT="56">
						<String ID="P11_ST00386" HPOS="147" VPOS="2287" WIDTH="39" HEIGHT="39" CONTENT="la" WC="0.79" CC="40"/>
						<SP ID="P11_SP00351" HPOS="186" VPOS="2326" WIDTH="25"/>
						<String ID="P11_ST00387" HPOS="211" VPOS="2287" WIDTH="122" HEIGHT="51" CONTENT="proie" WC="1.00" CC="00020"/>
						<SP ID="P11_SP00352" HPOS="333" VPOS="2338" WIDTH="32"/>
						<String ID="P11_ST00388" HPOS="365" VPOS="2286" WIDTH="53" HEIGHT="39" CONTENT="de" WC="1.00" CC="00"/>
						<SP ID="P11_SP00353" HPOS="418" VPOS="2338" WIDTH="22"/>
						<String ID="P11_ST00389" HPOS="440" VPOS="2286" WIDTH="39" HEIGHT="38" CONTENT="la" WC="1.00" CC="00"/>
						<SP ID="P11_SP00354" HPOS="479" VPOS="2338" WIDTH="20"/>
						<String ID="P11_ST00390" HPOS="499" VPOS="2286" WIDTH="232" HEIGHT="39" CONTENT="virtuosité" WC="0.99" CC="0061000245"/>
						<SP ID="P11_SP00355" HPOS="731" VPOS="2338" WIDTH="24"/>
						<String ID="P11_ST00391" HPOS="755" VPOS="2285" WIDTH="200" HEIGHT="39" CONTENT="salariée." WC="1.00" CC="001000004"/>
						<SP ID="P11_SP00356" HPOS="955" VPOS="2338" WIDTH="24"/>
						<String ID="P11_ST00392" HPOS="979" VPOS="2284" WIDTH="61" HEIGHT="40" CONTENT="Le" WC="1.00" CC="00"/>
						<SP ID="P11_SP00357" HPOS="1040" VPOS="2338" WIDTH="23"/>
						<String ID="P11_ST00393" HPOS="1063" VPOS="2297" WIDTH="19" HEIGHT="25" CONTENT="«" WC="1.00" CC="0"/>
						<SP ID="P11_SP00358" HPOS="1082" VPOS="2338" WIDTH="23"/>
						<String ID="P11_ST00394" HPOS="1105" VPOS="2282" WIDTH="148" HEIGHT="53" CONTENT="public" WC="0.99" CC="000540"/>
						<SP ID="P11_SP00359" HPOS="1253" VPOS="2338" WIDTH="23"/>
						<String ID="P11_ST00395" HPOS="1276" VPOS="2296" WIDTH="19" HEIGHT="25" CONTENT="»" WC="0.62" CC="3"/>
						<SP ID="P11_SP00360" HPOS="1295" VPOS="2338" WIDTH="28"/>
						<String ID="P11_ST00396" HPOS="1323" VPOS="2297" WIDTH="254" HEIGHT="28" CONTENT="commence" WC="1.00" CC="02000102"/>
						<SP ID="P11_SP00361" HPOS="1577" VPOS="2338" WIDTH="36"/>
						<String ID="P11_ST00397" HPOS="1613" VPOS="2289" WIDTH="21" HEIGHT="35" CONTENT="à" WC="0.69" CC="3"/>
						<SP ID="P11_SP00362" HPOS="1634" VPOS="2338" WIDTH="21"/>
						<String ID="P11_ST00398" HPOS="1655" VPOS="2298" WIDTH="172" HEIGHT="26" CONTENT="exercer" WC="1.00" CC="0000300"/>
						<SP ID="P11_SP00363" HPOS="1827" VPOS="2338" WIDTH="38"/>
						<String ID="P11_ST00399" HPOS="1865" VPOS="2298" WIDTH="45" HEIGHT="26" CONTENT="sa" WC="1.00" CC="00"/>
						<SP ID="P11_SP00364" HPOS="1910" VPOS="2338" WIDTH="32"/>
						<String ID="P11_ST00400" HPOS="1942" VPOS="2286" WIDTH="200" HEIGHT="50" CONTENT="tyrannie" WC="1.00" CC="00000020"/>
					</TextLine>
					<TextLine ID="P11_TL00032" HPOS="147" VPOS="2350" WIDTH="1411" HEIGHT="55">
						<String ID="P11_ST00401" HPOS="147" VPOS="2355" WIDTH="53" HEIGHT="40" CONTENT="de" WC="1.00" CC="00"/>
						<SP ID="P11_SP00365" HPOS="200" VPOS="2395" WIDTH="24"/>
						<String ID="P11_ST00402" HPOS="224" VPOS="2354" WIDTH="141" HEIGHT="50" CONTENT="grand" WC="1.00" CC="00000"/>
						<SP ID="P11_SP00366" HPOS="365" VPOS="2404" WIDTH="23"/>
						<String ID="P11_ST00403" HPOS="388" VPOS="2366" WIDTH="280" HEIGHT="39" CONTENT="personnage" WC="1.00" CC="0000020000"/>
						<SP ID="P11_SP00367" HPOS="668" VPOS="2405" WIDTH="21"/>
						<String ID="P11_ST00404" HPOS="689" VPOS="2352" WIDTH="121" HEIGHT="40" CONTENT="blasé" WC="1.00" CC="00000"/>
						<SP ID="P11_SP00368" HPOS="810" VPOS="2405" WIDTH="21"/>
						<String ID="P11_ST00405" HPOS="831" VPOS="2350" WIDTH="105" HEIGHT="54" CONTENT="qu'il" WC="0.99" CC="00320"/>
						<SP ID="P11_SP00369" HPOS="936" VPOS="2405" WIDTH="25"/>
						<String ID="P11_ST00406" HPOS="961" VPOS="2351" WIDTH="91" HEIGHT="41" CONTENT="faut" WC="0.99" CC="0005"/>
						<SP ID="P11_SP00370" HPOS="1052" VPOS="2405" WIDTH="18"/>
						<String ID="P11_ST00407" HPOS="1070" VPOS="2352" WIDTH="204" HEIGHT="40" CONTENT="distraire" WC="0.99" CC="032402200"/>
						<SP ID="P11_SP00371" HPOS="1274" VPOS="2405" WIDTH="23"/>
						<String ID="P11_ST00408" HPOS="1297" VPOS="2355" WIDTH="20" HEIGHT="36" CONTENT="à" WC="1.00" CC="0"/>
						<SP ID="P11_SP00372" HPOS="1317" VPOS="2405" WIDTH="21"/>
						<String ID="P11_ST00409" HPOS="1338" VPOS="2361" WIDTH="92" HEIGHT="31" CONTENT="tout" WC="0.98" CC="2303"/>
						<SP ID="P11_SP00373" HPOS="1430" VPOS="2405" WIDTH="20"/>
						<String ID="P11_ST00410" HPOS="1450" VPOS="2355" WIDTH="108" HEIGHT="49" CONTENT="prix." WC="1.00" CC="00003"/>
					</TextLine>
					<TextLine ID="P11_TL00033" HPOS="205" VPOS="2420" WIDTH="1938" HEIGHT="53">
						<String ID="P11_ST00411" HPOS="205" VPOS="2421" WIDTH="67" HEIGHT="41" CONTENT="En" WC="0.64" CC="07"/>
						<SP ID="P11_SP00374" HPOS="272" VPOS="2462" WIDTH="21"/>
						<String ID="P11_ST00412" HPOS="293" VPOS="2425" WIDTH="144" HEIGHT="37" CONTENT="même" WC="0.99" CC="0300"/>
						<SP ID="P11_SP00375" HPOS="437" VPOS="2462" WIDTH="22"/>
						<String ID="P11_ST00413" HPOS="459" VPOS="2430" WIDTH="143" HEIGHT="43" CONTENT="temps" WC="1.00" CC="10000"/>
						<SP ID="P11_SP00376" HPOS="602" VPOS="2473" WIDTH="19"/>
						<String ID="P11_ST00414" HPOS="621" VPOS="2430" WIDTH="99" HEIGHT="31" CONTENT="sont" WC="0.99" CC="0005"/>
						<SP ID="P11_SP00377" HPOS="720" VPOS="2473" WIDTH="18"/>
						<String ID="P11_ST00415" HPOS="738" VPOS="2420" WIDTH="311" HEIGHT="41" CONTENT="bouleversées" WC="1.00" CC="000400000600"/>
						<SP ID="P11_SP00378" HPOS="1049" VPOS="2473" WIDTH="25"/>
						<String ID="P11_ST00416" HPOS="1074" VPOS="2420" WIDTH="61" HEIGHT="40" CONTENT="les" WC="0.96" CC="360"/>
						<SP ID="P11_SP00379" HPOS="1135" VPOS="2473" WIDTH="26"/>
						<String ID="P11_ST00417" HPOS="1161" VPOS="2424" WIDTH="275" HEIGHT="48" CONTENT="préséances," WC="1.00" CC="00000020004"/>
						<SP ID="P11_SP00380" HPOS="1436" VPOS="2473" WIDTH="23"/>
						<String ID="P11_ST00418" HPOS="1459" VPOS="2421" WIDTH="110" HEIGHT="39" CONTENT="dans" WC="1.00" CC="0000"/>
						<SP ID="P11_SP00381" HPOS="1569" VPOS="2473" WIDTH="23"/>
						<String ID="P11_ST00419" HPOS="1592" VPOS="2421" WIDTH="62" HEIGHT="39" CONTENT="les" WC="1.00" CC="000"/>
						<SP ID="P11_SP00382" HPOS="1654" VPOS="2473" WIDTH="24"/>
						<String ID="P11_ST00420" HPOS="1678" VPOS="2429" WIDTH="88" HEIGHT="31" CONTENT="arts" WC="1.00" CC="0000"/>
						<SP ID="P11_SP00383" HPOS="1766" VPOS="2473" WIDTH="31"/>
						<String ID="P11_ST00421" HPOS="1797" VPOS="2421" WIDTH="57" HEIGHT="39" CONTENT="du" WC="0.83" CC="03"/>
						<SP ID="P11_SP00384" HPOS="1854" VPOS="2473" WIDTH="41"/>
						<String ID="P11_ST00422" HPOS="1895" VPOS="2421" WIDTH="170" HEIGHT="51" CONTENT="rythme" WC="1.00" CC="001400"/>
						<SP ID="P11_SP00385" HPOS="2065" VPOS="2473" WIDTH="38"/>
						<String ID="P11_ST00423" HPOS="2103" VPOS="2429" WIDTH="40" HEIGHT="31" CONTENT="et" WC="0.57" CC="35"/>
					</TextLine>
					<TextLine ID="P11_TL00034" HPOS="152" VPOS="2488" WIDTH="1991" HEIGHT="53">
						<String ID="P11_ST00424" HPOS="152" VPOS="2491" WIDTH="58" HEIGHT="39" CONTENT="du" WC="1.00" CC="00"/>
						<SP ID="P11_SP00386" HPOS="210" VPOS="2530" WIDTH="20"/>
						<String ID="P11_ST00425" HPOS="230" VPOS="2490" WIDTH="150" HEIGHT="39" CONTENT="dessin" WC="0.99" CC="000047"/>
						<SP ID="P11_SP00387" HPOS="380" VPOS="2530" WIDTH="23"/>
						<String ID="P11_ST00426" HPOS="403" VPOS="2500" WIDTH="7" HEIGHT="29" CONTENT=":" WC="0.21" CC="7"/>
						<SP ID="P11_SP00388" HPOS="410" VPOS="2530" WIDTH="29"/>
						<String ID="P11_ST00427" HPOS="439" VPOS="2498" WIDTH="93" HEIGHT="31" CONTENT="tout" WC="0.98" CC="5014"/>
						<SP ID="P11_SP00389" HPOS="532" VPOS="2530" WIDTH="24"/>
						<String ID="P11_ST00428" HPOS="556" VPOS="2503" WIDTH="46" HEIGHT="26" CONTENT="ce" WC="0.78" CC="40"/>
						<SP ID="P11_SP00390" HPOS="602" VPOS="2530" WIDTH="21"/>
						<String ID="P11_ST00429" HPOS="623" VPOS="2491" WIDTH="73" HEIGHT="50" CONTENT="qui" WC="0.99" CC="003"/>
						<SP ID="P11_SP00391" HPOS="696" VPOS="2541" WIDTH="17"/>
						<String ID="P11_ST00430" HPOS="713" VPOS="2491" WIDTH="103" HEIGHT="38" CONTENT="était" WC="0.99" CC="05000"/>
						<SP ID="P11_SP00392" HPOS="816" VPOS="2541" WIDTH="34"/>
						<String ID="P11_ST00431" HPOS="850" VPOS="2490" WIDTH="242" HEIGHT="39" CONTENT="accessoire" WC="1.00" CC="6100000000"/>
						<SP ID="P11_SP00393" HPOS="1092" VPOS="2541" WIDTH="17"/>
						<String ID="P11_ST00432" HPOS="1109" VPOS="2501" WIDTH="133" HEIGHT="39" CONTENT="passe" WC="1.00" CC="00000"/>
						<SP ID="P11_SP00394" HPOS="1242" VPOS="2541" WIDTH="33"/>
						<String ID="P11_ST00433" HPOS="1275" VPOS="2502" WIDTH="54" HEIGHT="26" CONTENT="au" WC="1.00" CC="00"/>
						<SP ID="P11_SP00395" HPOS="1329" VPOS="2541" WIDTH="21"/>
						<String ID="P11_ST00434" HPOS="1350" VPOS="2490" WIDTH="191" HEIGHT="50" CONTENT="premier" WC="1.00" CC="0000400"/>
						<SP ID="P11_SP00396" HPOS="1541" VPOS="2541" WIDTH="28"/>
						<String ID="P11_ST00435" HPOS="1569" VPOS="2489" WIDTH="103" HEIGHT="51" CONTENT="plan" WC="0.99" CC="0301"/>
						<SP ID="P11_SP00397" HPOS="1672" VPOS="2541" WIDTH="26"/>
						<String ID="P11_ST00436" HPOS="1698" VPOS="2503" WIDTH="8" HEIGHT="32" CONTENT=";" WC="0.38" CC="6"/>
						<SP ID="P11_SP00398" HPOS="1706" VPOS="2541" WIDTH="27"/>
						<String ID="P11_ST00437" HPOS="1733" VPOS="2488" WIDTH="38" HEIGHT="40" CONTENT="la" WC="1.00" CC="00"/>
						<SP ID="P11_SP00399" HPOS="1771" VPOS="2541" WIDTH="22"/>
						<String ID="P11_ST00438" HPOS="1793" VPOS="2490" WIDTH="110" HEIGHT="38" CONTENT="mise" WC="1.00" CC="0200"/>
						<SP ID="P11_SP00400" HPOS="1903" VPOS="2541" WIDTH="19"/>
						<String ID="P11_ST00439" HPOS="1922" VPOS="2502" WIDTH="53" HEIGHT="26" CONTENT="en" WC="1.00" CC="00"/>
						<SP ID="P11_SP00401" HPOS="1975" VPOS="2541" WIDTH="42"/>
						<String ID="P11_ST00440" HPOS="2017" VPOS="2495" WIDTH="126" HEIGHT="34" CONTENT="scène" WC="0.99" CC="00800"/>
					</TextLine>
					<TextLine ID="P11_TL00035" HPOS="153" VPOS="2555" WIDTH="1990" HEIGHT="53">
						<String ID="P11_ST00441" HPOS="153" VPOS="2560" WIDTH="141" HEIGHT="38" CONTENT="arrive" WC="1.00" CC="000400"/>
						<SP ID="P11_SP00402" HPOS="294" VPOS="2598" WIDTH="25"/>
						<String ID="P11_ST00442" HPOS="319" VPOS="2562" WIDTH="18" HEIGHT="35" CONTENT="à" WC="0.74" CC="2"/>
						<SP ID="P11_SP00403" HPOS="337" VPOS="2598" WIDTH="23"/>
						<String ID="P11_ST00443" HPOS="360" VPOS="2573" WIDTH="59" HEIGHT="26" CONTENT="un" WC="0.67" CC="60"/>
						<SP ID="P11_SP00404" HPOS="419" VPOS="2599" WIDTH="20"/>
						<String ID="P11_ST00444" HPOS="439" VPOS="2557" WIDTH="110" HEIGHT="40" CONTENT="faste" WC="1.00" CC="00030"/>
						<SP ID="P11_SP00405" HPOS="549" VPOS="2599" WIDTH="22"/>
						<String ID="P11_ST00445" HPOS="571" VPOS="2557" WIDTH="196" HEIGHT="40" CONTENT="ridicule." WC="0.99" CC="000455003"/>
						<SP ID="P11_SP00406" HPOS="767" VPOS="2599" WIDTH="33"/>
						<String ID="P11_ST00446" HPOS="800" VPOS="2557" WIDTH="121" HEIGHT="40" CONTENT="Pour" WC="1.00" CC="0000"/>
						<SP ID="P11_SP00407" HPOS="921" VPOS="2599" WIDTH="38"/>
						<String ID="P11_ST00447" HPOS="959" VPOS="2556" WIDTH="246" HEIGHT="52" CONTENT="triompher" WC="1.00" CC="100000000"/>
						<SP ID="P11_SP00408" HPOS="1205" VPOS="2608" WIDTH="31"/>
						<String ID="P11_ST00448" HPOS="1236" VPOS="2556" WIDTH="53" HEIGHT="39" CONTENT="de" WC="1.00" CC="00"/>
						<SP ID="P11_SP00409" HPOS="1289" VPOS="2608" WIDTH="40"/>
						<String ID="P11_ST00449" HPOS="1329" VPOS="2569" WIDTH="68" HEIGHT="26" CONTENT="ces" WC="1.00" CC="000"/>
						<SP ID="P11_SP00410" HPOS="1397" VPOS="2608" WIDTH="35"/>
						<String ID="P11_ST00450" HPOS="1432" VPOS="2556" WIDTH="236" HEIGHT="40" CONTENT="habitudes" WC="1.00" CC="000350000"/>
						<SP ID="P11_SP00411" HPOS="1668" VPOS="2608" WIDTH="32"/>
						<String ID="P11_ST00451" HPOS="1700" VPOS="2555" WIDTH="193" HEIGHT="51" CONTENT="frivoles," WC="1.00" CC="001004003"/>
						<SP ID="P11_SP00412" HPOS="1893" VPOS="2608" WIDTH="35"/>
						<String ID="P11_ST00452" HPOS="1928" VPOS="2569" WIDTH="111" HEIGHT="39" CONTENT="pour" WC="1.00" CC="0000"/>
						<SP ID="P11_SP00413" HPOS="2039" VPOS="2608" WIDTH="37"/>
						<String ID="P11_ST00453" HPOS="2076" VPOS="2569" WIDTH="45" HEIGHT="27" CONTENT="re" SUBS_TYPE="HypPart1" SUBS_CONTENT="remonter" WC="0.98" CC="00"/>
						<HYP HPOS="2121" VPOS="2569" WIDTH="22" CONTENT="-"/>
					</TextLine>
					<TextLine ID="P11_TL00036" HPOS="154" VPOS="2624" WIDTH="1988" HEIGHT="51">
						<String ID="P11_ST00454" HPOS="154" VPOS="2634" WIDTH="174" HEIGHT="33" CONTENT="monter" SUBS_TYPE="HypPart2" SUBS_CONTENT="remonter" WC="0.99" CC="004400"/>
						<SP ID="P11_SP00414" HPOS="328" VPOS="2667" WIDTH="23"/>
						<String ID="P11_ST00455" HPOS="351" VPOS="2626" WIDTH="38" HEIGHT="39" CONTENT="le" WC="1.00" CC="00"/>
						<SP ID="P11_SP00415" HPOS="389" VPOS="2667" WIDTH="41"/>
						<String ID="P11_ST00456" HPOS="430" VPOS="2634" WIDTH="183" HEIGHT="32" CONTENT="courant" WC="1.00" CC="1060000"/>
						<SP ID="P11_SP00416" HPOS="613" VPOS="2667" WIDTH="22"/>
						<String ID="P11_ST00457" HPOS="635" VPOS="2626" WIDTH="52" HEIGHT="39" CONTENT="de" WC="1.00" CC="00"/>
						<SP ID="P11_SP00417" HPOS="687" VPOS="2667" WIDTH="22"/>
						<String ID="P11_ST00458" HPOS="709" VPOS="2627" WIDTH="108" HEIGHT="38" CONTENT="trois" WC="0.99" CC="50003"/>
						<SP ID="P11_SP00418" HPOS="817" VPOS="2667" WIDTH="23"/>
						<String ID="P11_ST00459" HPOS="840" VPOS="2625" WIDTH="154" HEIGHT="40" CONTENT="siècles" WC="1.00" CC="0000000"/>
						<SP ID="P11_SP00419" HPOS="994" VPOS="2667" WIDTH="24"/>
						<String ID="P11_ST00460" HPOS="1018" VPOS="2633" WIDTH="40" HEIGHT="32" CONTENT="et" WC="0.78" CC="04"/>
						<SP ID="P11_SP00420" HPOS="1058" VPOS="2667" WIDTH="21"/>
						<String ID="P11_ST00461" HPOS="1079" VPOS="2625" WIDTH="174" HEIGHT="39" CONTENT="revenir" WC="0.99" CC="1000630"/>
						<SP ID="P11_SP00421" HPOS="1253" VPOS="2667" WIDTH="21"/>
						<String ID="P11_ST00462" HPOS="1274" VPOS="2628" WIDTH="22" HEIGHT="35" CONTENT="à" WC="0.39" CC="6"/>
						<SP ID="P11_SP00422" HPOS="1296" VPOS="2667" WIDTH="33"/>
						<String ID="P11_ST00463" HPOS="1329" VPOS="2624" WIDTH="38" HEIGHT="39" CONTENT="la" WC="0.90" CC="20"/>
						<SP ID="P11_SP00423" HPOS="1367" VPOS="2667" WIDTH="20"/>
						<String ID="P11_ST00464" HPOS="1387" VPOS="2625" WIDTH="214" HEIGHT="50" CONTENT="première" WC="1.00" CC="00000000"/>
						<SP ID="P11_SP00424" HPOS="1601" VPOS="2675" WIDTH="24"/>
						<String ID="P11_ST00465" HPOS="1625" VPOS="2625" WIDTH="223" HEIGHT="50" CONTENT="tradition," WC="0.99" CC="5000254064"/>
						<SP ID="P11_SP00425" HPOS="1848" VPOS="2675" WIDTH="24"/>
						<String ID="P11_ST00466" HPOS="1872" VPOS="2629" WIDTH="21" HEIGHT="34" CONTENT="à" WC="0.65" CC="3"/>
						<SP ID="P11_SP00426" HPOS="1893" VPOS="2675" WIDTH="22"/>
						<String ID="P11_ST00467" HPOS="1915" VPOS="2625" WIDTH="36" HEIGHT="39" CONTENT="la" WC="1.00" CC="00"/>
						<SP ID="P11_SP00427" HPOS="1951" VPOS="2675" WIDTH="22"/>
						<String ID="P11_ST00468" HPOS="1973" VPOS="2637" WIDTH="169" HEIGHT="37" CONTENT="source," WC="0.99" CC="0060004"/>
					</TextLine>
					<TextLine ID="P11_TL00037" HPOS="148" VPOS="2690" WIDTH="1924" HEIGHT="56">
						<String ID="P11_ST00469" HPOS="148" VPOS="2709" WIDTH="53" HEIGHT="25" CONTENT="au" WC="0.81" CC="30"/>
						<SP ID="P11_SP00428" HPOS="201" VPOS="2734" WIDTH="23"/>
						<String ID="P11_ST00470" HPOS="224" VPOS="2694" WIDTH="153" HEIGHT="40" CONTENT="drame" WC="1.00" CC="00000"/>
						<SP ID="P11_SP00429" HPOS="377" VPOS="2734" WIDTH="24"/>
						<String ID="P11_ST00471" HPOS="401" VPOS="2694" WIDTH="171" HEIGHT="52" CONTENT="lyrique" WC="1.00" CC="0002000"/>
						<SP ID="P11_SP00430" HPOS="572" VPOS="2746" WIDTH="19"/>
						<String ID="P11_ST00472" HPOS="591" VPOS="2693" WIDTH="212" HEIGHT="50" CONTENT="religieux" WC="1.00" CC="000004000"/>
						<SP ID="P11_SP00431" HPOS="803" VPOS="2746" WIDTH="25"/>
						<String ID="P11_ST00473" HPOS="828" VPOS="2702" WIDTH="40" HEIGHT="31" CONTENT="et" WC="0.72" CC="05"/>
						<SP ID="P11_SP00432" HPOS="868" VPOS="2746" WIDTH="39"/>
						<String ID="P11_ST00474" HPOS="907" VPOS="2693" WIDTH="153" HEIGHT="48" CONTENT="social," WC="1.00" CC="1004000"/>
						<SP ID="P11_SP00433" HPOS="1060" VPOS="2746" WIDTH="27"/>
						<String ID="P11_ST00475" HPOS="1087" VPOS="2706" WIDTH="53" HEIGHT="27" CONTENT="on" WC="0.63" CC="07"/>
						<SP ID="P11_SP00434" HPOS="1140" VPOS="2746" WIDTH="26"/>
						<String ID="P11_ST00476" HPOS="1166" VPOS="2693" WIDTH="83" HEIGHT="39" CONTENT="sait" WC="0.98" CC="0034"/>
						<SP ID="P11_SP00435" HPOS="1249" VPOS="2746" WIDTH="28"/>
						<String ID="P11_ST00477" HPOS="1277" VPOS="2690" WIDTH="154" HEIGHT="43" CONTENT="l'effort" WC="1.00" CC="00000000"/>
						<SP ID="P11_SP00436" HPOS="1431" VPOS="2746" WIDTH="24"/>
						<String ID="P11_ST00478" HPOS="1455" VPOS="2693" WIDTH="188" HEIGHT="40" CONTENT="colossal" WC="1.00" CC="00000100"/>
						<SP ID="P11_SP00437" HPOS="1643" VPOS="2746" WIDTH="98"/>
						<String ID="P11_ST00479" HPOS="1741" VPOS="2701" WIDTH="40" HEIGHT="31" CONTENT="et" WC="0.68" CC="06"/>
						<SP ID="P11_SP00438" HPOS="1781" VPOS="2746" WIDTH="20"/>
						<String ID="P11_ST00480" HPOS="1801" VPOS="2692" WIDTH="271" HEIGHT="52" CONTENT="chimérique" WC="1.00" CC="0040600050"/>
						<SP ID="P11_SP00439" HPOS="2072" VPOS="2746" WIDTH="0"/>
					</TextLine>
					<TextLine ID="P11_TL00038" HPOS="154" VPOS="2760" WIDTH="394" HEIGHT="51">
						<String ID="P11_ST00481" HPOS="154" VPOS="2763" WIDTH="55" HEIGHT="39" CONTENT="de" WC="1.00" CC="00"/>
						<SP ID="P11_SP00440" HPOS="209" VPOS="2802" WIDTH="24"/>
						<String ID="P11_ST00482" HPOS="233" VPOS="2761" WIDTH="53" HEIGHT="41" CONTENT="R." WC="0.67" CC="23"/>
						<SP ID="P11_SP00441" HPOS="286" VPOS="2802" WIDTH="26"/>
						<String ID="P11_ST00483" HPOS="312" VPOS="2760" WIDTH="204" HEIGHT="51" CONTENT="Wagner" WC="1.00" CC="050000"/>
						<SP ID="P11_SP00442" HPOS="516" VPOS="2811" WIDTH="25"/>
						<String ID="P11_ST00484" HPOS="541" VPOS="2762" WIDTH="7" HEIGHT="37" CONTENT="!" WC="0.29" CC="7"/>
					</TextLine>
					<TextLine ID="P11_TL00039" HPOS="209" VPOS="2828" WIDTH="1936" HEIGHT="53">
						<String ID="P11_ST00485" HPOS="209" VPOS="2829" WIDTH="68" HEIGHT="40" CONTENT="En" WC="0.68" CC="06"/>
						<SP ID="P11_SP00443" HPOS="277" VPOS="2869" WIDTH="21"/>
						<String ID="P11_ST00486" HPOS="298" VPOS="2843" WIDTH="184" HEIGHT="36" CONTENT="somme," WC="1.00" CC="000004"/>
						<SP ID="P11_SP00444" HPOS="482" VPOS="2879" WIDTH="26"/>
						<String ID="P11_ST00487" HPOS="508" VPOS="2829" WIDTH="29" HEIGHT="40" CONTENT="il" WC="0.56" CC="35"/>
						<SP ID="P11_SP00445" HPOS="537" VPOS="2879" WIDTH="20"/>
						<String ID="P11_ST00488" HPOS="557" VPOS="2844" WIDTH="26" HEIGHT="37" CONTENT="y" WC="1.00" CC="0"/>
						<SP ID="P11_SP00446" HPOS="583" VPOS="2881" WIDTH="24"/>
						<String ID="P11_ST00489" HPOS="607" VPOS="2843" WIDTH="21" HEIGHT="25" CONTENT="a" WC="1.00" CC="0"/>
						<SP ID="P11_SP00447" HPOS="628" VPOS="2881" WIDTH="47"/>
						<String ID="P11_ST00490" HPOS="675" VPOS="2830" WIDTH="110" HEIGHT="39" CONTENT="deux" WC="0.98" CC="0260"/>
						<SP ID="P11_SP00448" HPOS="785" VPOS="2881" WIDTH="45"/>
						<String ID="P11_ST00491" HPOS="830" VPOS="2828" WIDTH="164" HEIGHT="41" CONTENT="formes" WC="1.00" CC="300000"/>
						<SP ID="P11_SP00449" HPOS="994" VPOS="2881" WIDTH="23"/>
						<String ID="P11_ST00492" HPOS="1017" VPOS="2829" WIDTH="57" HEIGHT="40" CONTENT="du" WC="1.00" CC="00"/>
						<SP ID="P11_SP00450" HPOS="1074" VPOS="2881" WIDTH="26"/>
						<String ID="P11_ST00493" HPOS="1100" VPOS="2829" WIDTH="153" HEIGHT="40" CONTENT="drame" WC="1.00" CC="00000"/>
						<SP ID="P11_SP00451" HPOS="1253" VPOS="2881" WIDTH="22"/>
						<String ID="P11_ST00494" HPOS="1275" VPOS="2829" WIDTH="188" HEIGHT="52" CONTENT="lyrique," WC="1.00" CC="50000002"/>
						<SP ID="P11_SP00452" HPOS="1463" VPOS="2881" WIDTH="25"/>
						<String ID="P11_ST00495" HPOS="1488" VPOS="2832" WIDTH="302" HEIGHT="47" CONTENT="représentant" WC="1.00" CC="000000060050"/>
						<SP ID="P11_SP00453" HPOS="1790" VPOS="2881" WIDTH="28"/>
						<String ID="P11_ST00496" HPOS="1818" VPOS="2829" WIDTH="110" HEIGHT="39" CONTENT="deux" WC="0.99" CC="0050"/>
						<SP ID="P11_SP00454" HPOS="1928" VPOS="2881" WIDTH="24"/>
						<String ID="P11_ST00497" HPOS="1952" VPOS="2829" WIDTH="193" HEIGHT="48" CONTENT="grandes" WC="1.00" CC="0060000"/>
					</TextLine>
					<TextLine ID="P11_TL00040" HPOS="147" VPOS="2895" WIDTH="1998" HEIGHT="55">
						<String ID="P11_ST00498" HPOS="147" VPOS="2898" WIDTH="203" HEIGHT="52" CONTENT="périodes" WC="1.00" CC="00031000"/>
						<SP ID="P11_SP00455" HPOS="350" VPOS="2950" WIDTH="23"/>
						<String ID="P11_ST00499" HPOS="373" VPOS="2897" WIDTH="53" HEIGHT="40" CONTENT="de" WC="1.00" CC="00"/>
						<SP ID="P11_SP00456" HPOS="426" VPOS="2950" WIDTH="23"/>
						<String ID="P11_ST00500" HPOS="449" VPOS="2895" WIDTH="214" HEIGHT="42" CONTENT="l'histoire" WC="1.00" CC="2100000400"/>
						<SP ID="P11_SP00457" HPOS="663" VPOS="2950" WIDTH="23"/>
						<String ID="P11_ST00501" HPOS="686" VPOS="2897" WIDTH="57" HEIGHT="39" CONTENT="du" WC="1.00" CC="00"/>
						<SP ID="P11_SP00458" HPOS="743" VPOS="2950" WIDTH="21"/>
						<String ID="P11_ST00502" HPOS="764" VPOS="2910" WIDTH="152" HEIGHT="37" CONTENT="genre," WC="0.99" CC="007004"/>
						<SP ID="P11_SP00459" HPOS="916" VPOS="2950" WIDTH="24"/>
						<String ID="P11_ST00503" HPOS="940" VPOS="2901" WIDTH="203" HEIGHT="48" CONTENT="séparées" WC="1.00" CC="00000000"/>
						<SP ID="P11_SP00460" HPOS="1143" VPOS="2950" WIDTH="26"/>
						<String ID="P11_ST00504" HPOS="1169" VPOS="2910" WIDTH="79" HEIGHT="39" CONTENT="par" WC="1.00" CC="000"/>
						<SP ID="P11_SP00461" HPOS="1248" VPOS="2950" WIDTH="22"/>
						<String ID="P11_ST00505" HPOS="1270" VPOS="2897" WIDTH="40" HEIGHT="39" CONTENT="la" WC="0.69" CC="60"/>
						<SP ID="P11_SP00462" HPOS="1310" VPOS="2950" WIDTH="26"/>
						<String ID="P11_ST00506" HPOS="1336" VPOS="2896" WIDTH="299" HEIGHT="41" CONTENT="Renaissance" WC="0.99" CC="40705000014"/>
						<SP ID="P11_SP00463" HPOS="1635" VPOS="2950" WIDTH="29"/>
						<String ID="P11_ST00507" HPOS="1664" VPOS="2907" WIDTH="7" HEIGHT="27" CONTENT=":" WC="0.40" CC="5"/>
						<SP ID="P11_SP00464" HPOS="1671" VPOS="2950" WIDTH="27"/>
						<String ID="P11_ST00508" HPOS="1698" VPOS="2896" WIDTH="151" HEIGHT="39" CONTENT="drame" WC="1.00" CC="01000"/>
						<SP ID="P11_SP00465" HPOS="1849" VPOS="2950" WIDTH="21"/>
						<String ID="P11_ST00509" HPOS="1870" VPOS="2896" WIDTH="127" HEIGHT="39" CONTENT="rituel" WC="0.99" CC="010042"/>
						<SP ID="P11_SP00466" HPOS="1997" VPOS="2950" WIDTH="26"/>
						<String ID="P11_ST00510" HPOS="2023" VPOS="2904" WIDTH="39" HEIGHT="31" CONTENT="et" WC="1.00" CC="00"/>
						<SP ID="P11_SP00467" HPOS="2062" VPOS="2950" WIDTH="15"/>
						<String ID="P11_ST00511" HPOS="2077" VPOS="2909" WIDTH="46" HEIGHT="26" CONTENT="re" SUBS_TYPE="HypPart1" SUBS_CONTENT="religieux" WC="0.98" CC="00"/>
						<HYP HPOS="2123" VPOS="2909" WIDTH="22" CONTENT="-"/>
					</TextLine>
					<TextLine ID="P11_TL00041" HPOS="149" VPOS="2963" WIDTH="1997" HEIGHT="54">
						<String ID="P11_ST00512" HPOS="149" VPOS="2964" WIDTH="164" HEIGHT="51" CONTENT="ligieux" SUBS_TYPE="HypPart2" SUBS_CONTENT="religieux" WC="0.99" CC="0404000"/>
						<SP ID="P11_SP00468" HPOS="313" VPOS="3015" WIDTH="27"/>
						<String ID="P11_ST00513" HPOS="340" VPOS="2979" WIDTH="8" HEIGHT="34" CONTENT=";" WC="1.00" CC="0"/>
						<SP ID="P11_SP00469" HPOS="348" VPOS="3015" WIDTH="23"/>
						<String ID="P11_ST00514" HPOS="371" VPOS="2966" WIDTH="100" HEIGHT="51" CONTENT="puis" WC="0.98" CC="0035"/>
						<SP ID="P11_SP00470" HPOS="471" VPOS="3017" WIDTH="38"/>
						<String ID="P11_ST00515" HPOS="509" VPOS="2966" WIDTH="151" HEIGHT="39" CONTENT="drame" WC="1.00" CC="00000"/>
						<SP ID="P11_SP00471" HPOS="660" VPOS="3017" WIDTH="32"/>
						<String ID="P11_ST00516" HPOS="692" VPOS="2964" WIDTH="185" HEIGHT="52" CONTENT="profane" WC="1.00" CC="0000060"/>
						<SP ID="P11_SP00472" HPOS="877" VPOS="3017" WIDTH="20"/>
						<String ID="P11_ST00517" HPOS="897" VPOS="2973" WIDTH="41" HEIGHT="32" CONTENT="et" WC="1.00" CC="00"/>
						<SP ID="P11_SP00473" HPOS="938" VPOS="3017" WIDTH="35"/>
						<String ID="P11_ST00518" HPOS="973" VPOS="2965" WIDTH="229" HEIGHT="40" CONTENT="mondain." WC="0.99" CC="08000404"/>
						<SP ID="P11_SP00474" HPOS="1202" VPOS="3017" WIDTH="43"/>
						<String ID="P11_ST00519" HPOS="1245" VPOS="2964" WIDTH="62" HEIGHT="40" CONTENT="La" WC="0.92" CC="10"/>
						<SP ID="P11_SP00475" HPOS="1307" VPOS="3017" WIDTH="25"/>
						<String ID="P11_ST00520" HPOS="1332" VPOS="2970" WIDTH="162" HEIGHT="44" CONTENT="genèse" WC="0.99" CC="000700"/>
						<SP ID="P11_SP00476" HPOS="1494" VPOS="3017" WIDTH="20"/>
						<String ID="P11_ST00521" HPOS="1514" VPOS="2964" WIDTH="51" HEIGHT="40" CONTENT="de" WC="1.00" CC="00"/>
						<SP ID="P11_SP00477" HPOS="1565" VPOS="3017" WIDTH="31"/>
						<String ID="P11_ST00522" HPOS="1596" VPOS="2963" WIDTH="89" HEIGHT="41" CONTENT="l'un" WC="0.99" CC="3000"/>
						<SP ID="P11_SP00478" HPOS="1685" VPOS="3017" WIDTH="23"/>
						<String ID="P11_ST00523" HPOS="1708" VPOS="2972" WIDTH="41" HEIGHT="32" CONTENT="et" WC="0.68" CC="06"/>
						<SP ID="P11_SP00479" HPOS="1749" VPOS="3017" WIDTH="23"/>
						<String ID="P11_ST00524" HPOS="1772" VPOS="2963" WIDTH="152" HEIGHT="40" CONTENT="l'autre" WC="0.99" CC="6006000"/>
						<SP ID="P11_SP00480" HPOS="1924" VPOS="3017" WIDTH="23"/>
						<String ID="P11_ST00525" HPOS="1947" VPOS="2976" WIDTH="111" HEIGHT="28" CONTENT="nous" WC="0.99" CC="4000"/>
						<SP ID="P11_SP00481" HPOS="2058" VPOS="3017" WIDTH="24"/>
						<String ID="P11_ST00526" HPOS="2082" VPOS="2972" WIDTH="64" HEIGHT="31" CONTENT="est" WC="0.99" CC="300"/>
					</TextLine>
					<TextLine ID="P11_TL00042" HPOS="150" VPOS="3030" WIDTH="1997" HEIGHT="55">
						<String ID="P11_ST00527" HPOS="150" VPOS="3046" WIDTH="170" HEIGHT="28" CONTENT="connue" WC="0.99" CC="035600"/>
						<SP ID="P11_SP00482" HPOS="320" VPOS="3074" WIDTH="18"/>
						<String ID="P11_ST00528" HPOS="338" VPOS="3046" WIDTH="8" HEIGHT="27" CONTENT=":" WC="0.92" CC="0"/>
						<SP ID="P11_SP00483" HPOS="346" VPOS="3074" WIDTH="23"/>
						<String ID="P11_ST00529" HPOS="369" VPOS="3046" WIDTH="113" HEIGHT="39" CONTENT="pour" WC="1.00" CC="0000"/>
						<SP ID="P11_SP00484" HPOS="482" VPOS="3085" WIDTH="22"/>
						<String ID="P11_ST00530" HPOS="504" VPOS="3034" WIDTH="229" HEIGHT="51" CONTENT="expliquer" WC="1.00" CC="000500000"/>
						<SP ID="P11_SP00485" HPOS="733" VPOS="3085" WIDTH="23"/>
						<String ID="P11_ST00531" HPOS="756" VPOS="3034" WIDTH="38" HEIGHT="38" CONTENT="le" WC="0.78" CC="40"/>
						<SP ID="P11_SP00486" HPOS="794" VPOS="3085" WIDTH="23"/>
						<String ID="P11_ST00532" HPOS="817" VPOS="3034" WIDTH="190" HEIGHT="50" CONTENT="premier" WC="1.00" CC="0000200"/>
						<SP ID="P11_SP00487" HPOS="1007" VPOS="3085" WIDTH="27"/>
						<String ID="P11_ST00533" HPOS="1034" VPOS="3031" WIDTH="129" HEIGHT="53" CONTENT="(celui" WC="0.99" CC="300202"/>
						<SP ID="P11_SP00488" HPOS="1163" VPOS="3085" WIDTH="24"/>
						<String ID="P11_ST00534" HPOS="1187" VPOS="3033" WIDTH="57" HEIGHT="40" CONTENT="du" WC="1.00" CC="00"/>
						<SP ID="P11_SP00489" HPOS="1244" VPOS="3085" WIDTH="23"/>
						<String ID="P11_ST00535" HPOS="1267" VPOS="3032" WIDTH="165" HEIGHT="52" CONTENT="Moyen" WC="0.99" CC="00006"/>
						<SP ID="P11_SP00490" HPOS="1432" VPOS="3085" WIDTH="22"/>
						<String ID="P11_ST00536" HPOS="1454" VPOS="3030" WIDTH="129" HEIGHT="53" CONTENT="Age)," WC="0.99" CC="00024"/>
						<SP ID="P11_SP00491" HPOS="1583" VPOS="3085" WIDTH="21"/>
						<String ID="P11_ST00537" HPOS="1604" VPOS="3032" WIDTH="29" HEIGHT="40" CONTENT="il" WC="0.47" CC="36"/>
						<SP ID="P11_SP00492" HPOS="1633" VPOS="3085" WIDTH="22"/>
						<String ID="P11_ST00538" HPOS="1655" VPOS="3030" WIDTH="92" HEIGHT="42" CONTENT="faut" WC="0.99" CC="0050"/>
						<SP ID="P11_SP00493" HPOS="1747" VPOS="3085" WIDTH="24"/>
						<String ID="P11_ST00539" HPOS="1771" VPOS="3032" WIDTH="169" HEIGHT="40" CONTENT="étudier" WC="0.99" CC="5500000"/>
						<SP ID="P11_SP00494" HPOS="1940" VPOS="3085" WIDTH="17"/>
						<String ID="P11_ST00540" HPOS="1957" VPOS="3032" WIDTH="58" HEIGHT="40" CONTENT="les" WC="0.98" CC="303"/>
						<SP ID="P11_SP00495" HPOS="2015" VPOS="3085" WIDTH="23"/>
						<String ID="P11_ST00541" HPOS="2038" VPOS="3030" WIDTH="109" HEIGHT="42" CONTENT="fêtes" WC="0.99" CC="05000"/>
					</TextLine>
					<TextLine ID="P11_TL00043" HPOS="151" VPOS="3099" WIDTH="1996" HEIGHT="54">
						<String ID="P11_ST00542" HPOS="151" VPOS="3102" WIDTH="267" HEIGHT="50" CONTENT="liturgiques" WC="1.00" CC="70000000000"/>
						<SP ID="P11_SP00496" HPOS="418" VPOS="3152" WIDTH="30"/>
						<String ID="P11_ST00543" HPOS="448" VPOS="3102" WIDTH="53" HEIGHT="39" CONTENT="de" WC="0.88" CC="02"/>
						<SP ID="P11_SP00497" HPOS="501" VPOS="3152" WIDTH="37"/>
						<String ID="P11_ST00544" HPOS="538" VPOS="3100" WIDTH="184" HEIGHT="50" CONTENT="l'Eglise" WC="0.99" CC="13004300"/>
						<SP ID="P11_SP00498" HPOS="722" VPOS="3152" WIDTH="24"/>
						<String ID="P11_ST00545" HPOS="746" VPOS="3114" WIDTH="9" HEIGHT="35" CONTENT=";" WC="0.42" CC="5"/>
						<SP ID="P11_SP00499" HPOS="755" VPOS="3152" WIDTH="26"/>
						<String ID="P11_ST00546" HPOS="781" VPOS="3114" WIDTH="112" HEIGHT="39" CONTENT="pour" WC="1.00" CC="0200"/>
						<SP ID="P11_SP00500" HPOS="893" VPOS="3153" WIDTH="39"/>
						<String ID="P11_ST00547" HPOS="932" VPOS="3102" WIDTH="229" HEIGHT="51" CONTENT="expliquer" WC="1.00" CC="000210000"/>
						<SP ID="P11_SP00501" HPOS="1161" VPOS="3153" WIDTH="19"/>
						<String ID="P11_ST00548" HPOS="1180" VPOS="3102" WIDTH="38" HEIGHT="38" CONTENT="le" WC="0.88" CC="20"/>
						<SP ID="P11_SP00502" HPOS="1218" VPOS="3153" WIDTH="26"/>
						<String ID="P11_ST00549" HPOS="1244" VPOS="3101" WIDTH="178" HEIGHT="50" CONTENT="second," WC="0.99" CC="0000602"/>
						<SP ID="P11_SP00503" HPOS="1422" VPOS="3153" WIDTH="20"/>
						<String ID="P11_ST00550" HPOS="1442" VPOS="3100" WIDTH="26" HEIGHT="40" CONTENT="il" WC="0.77" CC="40"/>
						<SP ID="P11_SP00504" HPOS="1468" VPOS="3153" WIDTH="25"/>
						<String ID="P11_ST00551" HPOS="1493" VPOS="3099" WIDTH="115" HEIGHT="42" CONTENT="suffit" WC="0.98" CC="034226"/>
						<SP ID="P11_SP00505" HPOS="1608" VPOS="3153" WIDTH="19"/>
						<String ID="P11_ST00552" HPOS="1627" VPOS="3101" WIDTH="52" HEIGHT="39" CONTENT="de" WC="1.00" CC="00"/>
						<SP ID="P11_SP00506" HPOS="1679" VPOS="3153" WIDTH="33"/>
						<String ID="P11_ST00553" HPOS="1712" VPOS="3104" WIDTH="224" HEIGHT="36" CONTENT="connaître" WC="0.99" CC="004603000"/>
						<SP ID="P11_SP00507" HPOS="1936" VPOS="3153" WIDTH="25"/>
						<String ID="P11_ST00554" HPOS="1961" VPOS="3102" WIDTH="186" HEIGHT="38" CONTENT="certains" WC="1.00" CC="00040300"/>
					</TextLine>
					<TextLine ID="P11_TL00044" HPOS="153" VPOS="3168" WIDTH="1202" HEIGHT="51">
						<String ID="P11_ST00555" HPOS="153" VPOS="3182" WIDTH="165" HEIGHT="37" CONTENT="usages" WC="1.00" CC="000005"/>
						<SP ID="P11_SP00508" HPOS="318" VPOS="3219" WIDTH="23"/>
						<String ID="P11_ST00556" HPOS="341" VPOS="3170" WIDTH="54" HEIGHT="39" CONTENT="de" WC="1.00" CC="00"/>
						<SP ID="P11_SP00509" HPOS="395" VPOS="3219" WIDTH="17"/>
						<String ID="P11_ST00557" HPOS="412" VPOS="3170" WIDTH="39" HEIGHT="39" CONTENT="la" WC="0.63" CC="70"/>
						<SP ID="P11_SP00510" HPOS="451" VPOS="3219" WIDTH="19"/>
						<String ID="P11_ST00558" HPOS="470" VPOS="3171" WIDTH="68" HEIGHT="38" CONTENT="vie" WC="0.99" CC="020"/>
						<SP ID="P11_SP00511" HPOS="538" VPOS="3219" WIDTH="21"/>
						<String ID="P11_ST00559" HPOS="559" VPOS="3170" WIDTH="53" HEIGHT="39" CONTENT="de" WC="1.00" CC="00"/>
						<SP ID="P11_SP00512" HPOS="612" VPOS="3219" WIDTH="24"/>
						<String ID="P11_ST00560" HPOS="636" VPOS="3168" WIDTH="122" HEIGHT="40" CONTENT="Cour" WC="1.00" CC="0000"/>
						<SP ID="P11_SP00513" HPOS="758" VPOS="3219" WIDTH="27"/>
						<String ID="P11_ST00561" HPOS="785" VPOS="3183" WIDTH="80" HEIGHT="26" CONTENT="aux" WC="1.00" CC="000"/>
						<SP ID="P11_SP00514" HPOS="865" VPOS="3219" WIDTH="21"/>
						<String ID="P11_ST00562" HPOS="886" VPOS="3183" WIDTH="68" HEIGHT="26" CONTENT="xvi" WC="1.00" CC="000"/>
						<String ID="P11_ST00563" HPOS="960" VPOS="3174" WIDTH="14" HEIGHT="17" CONTENT="e" STYLE="superscript" WC="0.54" CC="4"/>
						<SP ID="P11_SP00515" HPOS="974" VPOS="3219" WIDTH="23"/>
						<String ID="P11_ST00564" HPOS="997" VPOS="3178" WIDTH="41" HEIGHT="32" CONTENT="et" WC="0.75" CC="05"/>
						<SP ID="P11_SP00516" HPOS="1038" VPOS="3219" WIDTH="20"/>
						<String ID="P11_ST00565" HPOS="1058" VPOS="3183" WIDTH="86" HEIGHT="26" CONTENT="xvu" WC="0.71" CC="008"/>
						<String ID="P11_ST00566" HPOS="1150" VPOS="3174" WIDTH="14" HEIGHT="17" CONTENT="e" STYLE="superscript" WC="0.24" CC="7"/>
						<SP ID="P11_SP00517" HPOS="1164" VPOS="3219" WIDTH="24"/>
						<String ID="P11_ST00567" HPOS="1188" VPOS="3169" WIDTH="167" HEIGHT="40" CONTENT="siècles." WC="0.98" CC="12860073"/>
					</TextLine>
					<TextLine ID="P11_TL00045" HPOS="206" VPOS="3236" WIDTH="1941" HEIGHT="54">
						<String ID="P11_ST00568" HPOS="206" VPOS="3236" WIDTH="120" HEIGHT="41" CONTENT="C'est" WC="1.00" CC="02001"/>
						<SP ID="P11_SP00518" HPOS="326" VPOS="3277" WIDTH="24"/>
						<String ID="P11_ST00569" HPOS="350" VPOS="3241" WIDTH="21" HEIGHT="35" CONTENT="à" WC="0.80" CC="1"/>
						<SP ID="P11_SP00519" HPOS="371" VPOS="3277" WIDTH="23"/>
						<String ID="P11_ST00570" HPOS="394" VPOS="3251" WIDTH="46" HEIGHT="26" CONTENT="ce" WC="1.00" CC="00"/>
						<SP ID="P11_SP00520" HPOS="440" VPOS="3277" WIDTH="24"/>
						<String ID="P11_ST00571" HPOS="464" VPOS="3237" WIDTH="177" HEIGHT="40" CONTENT="dernier" WC="0.99" CC="0204500"/>
						<SP ID="P11_SP00521" HPOS="641" VPOS="3277" WIDTH="20"/>
						<String ID="P11_ST00572" HPOS="661" VPOS="3245" WIDTH="100" HEIGHT="43" CONTENT="type" WC="0.99" CC="0600"/>
						<SP ID="P11_SP00522" HPOS="761" VPOS="3288" WIDTH="19"/>
						<String ID="P11_ST00573" HPOS="780" VPOS="3250" WIDTH="83" HEIGHT="38" CONTENT="que" WC="0.98" CC="040"/>
						<SP ID="P11_SP00523" HPOS="863" VPOS="3288" WIDTH="22"/>
						<String ID="P11_ST00574" HPOS="885" VPOS="3250" WIDTH="44" HEIGHT="27" CONTENT="se" WC="1.00" CC="00"/>
						<SP ID="P11_SP00524" HPOS="929" VPOS="3288" WIDTH="23"/>
						<String ID="P11_ST00575" HPOS="952" VPOS="3246" WIDTH="206" HEIGHT="44" CONTENT="rapporte" WC="1.00" CC="10000000"/>
						<SP ID="P11_SP00525" HPOS="1158" VPOS="3290" WIDTH="23"/>
						<String ID="P11_ST00576" HPOS="1181" VPOS="3237" WIDTH="38" HEIGHT="40" CONTENT="le" WC="0.79" CC="40"/>
						<SP ID="P11_SP00526" HPOS="1219" VPOS="3290" WIDTH="20"/>
						<String ID="P11_ST00577" HPOS="1239" VPOS="3237" WIDTH="141" HEIGHT="50" CONTENT="grand" WC="0.99" CC="00620"/>
						<SP ID="P11_SP00527" HPOS="1380" VPOS="3290" WIDTH="19"/>
						<String ID="P11_ST00578" HPOS="1399" VPOS="3237" WIDTH="153" HEIGHT="40" CONTENT="travail" WC="1.00" CC="6000000"/>
						<SP ID="P11_SP00528" HPOS="1552" VPOS="3290" WIDTH="25"/>
						<String ID="P11_ST00579" HPOS="1577" VPOS="3241" WIDTH="203" HEIGHT="47" CONTENT="présenté" WC="0.99" CC="00700006"/>
						<SP ID="P11_SP00529" HPOS="1780" VPOS="3290" WIDTH="21"/>
						<String ID="P11_ST00580" HPOS="1801" VPOS="3236" WIDTH="28" HEIGHT="39" CONTENT="il" WC="0.80" CC="03"/>
						<SP ID="P11_SP00530" HPOS="1829" VPOS="3290" WIDTH="14"/>
						<String ID="P11_ST00581" HPOS="1843" VPOS="3250" WIDTH="26" HEIGHT="36" CONTENT="y" WC="1.00" CC="0"/>
						<SP ID="P11_SP00531" HPOS="1869" VPOS="3290" WIDTH="19"/>
						<String ID="P11_ST00582" HPOS="1888" VPOS="3250" WIDTH="20" HEIGHT="26" CONTENT="a" WC="1.00" CC="0"/>
						<SP ID="P11_SP00532" HPOS="1908" VPOS="3290" WIDTH="26"/>
						<String ID="P11_ST00583" HPOS="1934" VPOS="3236" WIDTH="213" HEIGHT="51" CONTENT="quelques" WC="0.99" CC="04010700"/>
					</TextLine>
					<TextLine ID="P11_TL00046" HPOS="154" VPOS="3302" WIDTH="1993" HEIGHT="55">
						<String ID="P11_ST00584" HPOS="154" VPOS="3305" WIDTH="121" HEIGHT="52" CONTENT="jours" WC="1.00" CC="00000"/>
						<SP ID="P11_SP00533" HPOS="275" VPOS="3357" WIDTH="23"/>
						<String ID="P11_ST00585" HPOS="298" VPOS="3319" WIDTH="80" HEIGHT="37" CONTENT="par" WC="0.99" CC="030"/>
						<SP ID="P11_SP00534" HPOS="378" VPOS="3357" WIDTH="30"/>
						<String ID="P11_ST00586" HPOS="408" VPOS="3304" WIDTH="62" HEIGHT="40" CONTENT="M." WC="0.90" CC="02"/>
						<SP ID="P11_SP00535" HPOS="470" VPOS="3357" WIDTH="29"/>
						<String ID="P11_ST00587" HPOS="499" VPOS="3304" WIDTH="176" HEIGHT="52" CONTENT="Reyher" WC="1.00" CC="000000"/>
						<SP ID="P11_SP00536" HPOS="675" VPOS="3357" WIDTH="40"/>
						<String ID="P11_ST00588" HPOS="715" VPOS="3309" WIDTH="21" HEIGHT="34" CONTENT="à" WC="0.06" CC="9"/>
						<SP ID="P11_SP00537" HPOS="736" VPOS="3357" WIDTH="40"/>
						<String ID="P11_ST00589" HPOS="776" VPOS="3305" WIDTH="38" HEIGHT="39" CONTENT="la" WC="0.72" CC="50"/>
						<SP ID="P11_SP00538" HPOS="814" VPOS="3357" WIDTH="34"/>
						<String ID="P11_ST00590" HPOS="848" VPOS="3305" WIDTH="179" HEIGHT="40" CONTENT="Faculté" WC="0.99" CC="6000550"/>
						<SP ID="P11_SP00539" HPOS="1027" VPOS="3357" WIDTH="27"/>
						<String ID="P11_ST00591" HPOS="1054" VPOS="3305" WIDTH="77" HEIGHT="40" CONTENT="des" WC="1.00" CC="000"/>
						<SP ID="P11_SP00540" HPOS="1131" VPOS="3357" WIDTH="42"/>
						<String ID="P11_ST00592" HPOS="1173" VPOS="3305" WIDTH="148" HEIGHT="40" CONTENT="lettres" WC="1.00" CC="0005000"/>
						<SP ID="P11_SP00541" HPOS="1321" VPOS="3357" WIDTH="36"/>
						<String ID="P11_ST00593" HPOS="1357" VPOS="3305" WIDTH="52" HEIGHT="39" CONTENT="de" WC="1.00" CC="00"/>
						<SP ID="P11_SP00542" HPOS="1409" VPOS="3357" WIDTH="24"/>
						<String ID="P11_ST00594" HPOS="1433" VPOS="3303" WIDTH="279" HEIGHT="42" CONTENT="l'Université" WC="1.00" CC="030720000060"/>
						<SP ID="P11_SP00543" HPOS="1712" VPOS="3357" WIDTH="21"/>
						<String ID="P11_ST00595" HPOS="1733" VPOS="3303" WIDTH="53" HEIGHT="39" CONTENT="de" WC="1.00" CC="00"/>
						<SP ID="P11_SP00544" HPOS="1786" VPOS="3357" WIDTH="20"/>
						<String ID="P11_ST00596" HPOS="1806" VPOS="3302" WIDTH="142" HEIGHT="47" CONTENT="Paris," WC="0.99" CC="060520"/>
						<SP ID="P11_SP00545" HPOS="1948" VPOS="3357" WIDTH="27"/>
						<String ID="P11_ST00597" HPOS="1975" VPOS="3316" WIDTH="110" HEIGHT="38" CONTENT="pour" WC="1.00" CC="0000"/>
						<SP ID="P11_SP00546" HPOS="2085" VPOS="3357" WIDTH="24"/>
						<String ID="P11_ST00598" HPOS="2109" VPOS="3304" WIDTH="38" HEIGHT="38" CONTENT="la" WC="1.00" CC="00"/>
					</TextLine>
					<TextLine ID="P11_TL00047" HPOS="151" VPOS="3368" WIDTH="1997" HEIGHT="57">
						<String ID="P11_ST00599" HPOS="151" VPOS="3377" WIDTH="216" HEIGHT="47" CONTENT="conquête" WC="0.99" CC="00500540"/>
						<SP ID="P11_SP00547" HPOS="367" VPOS="3424" WIDTH="24"/>
						<String ID="P11_ST00600" HPOS="391" VPOS="3373" WIDTH="56" HEIGHT="39" CONTENT="du" WC="1.00" CC="00"/>
						<SP ID="P11_SP00548" HPOS="447" VPOS="3424" WIDTH="20"/>
						<String ID="P11_ST00601" HPOS="467" VPOS="3373" WIDTH="137" HEIGHT="49" CONTENT="grade" WC="1.00" CC="00000"/>
						<SP ID="P11_SP00549" HPOS="604" VPOS="3424" WIDTH="21"/>
						<String ID="P11_ST00602" HPOS="625" VPOS="3372" WIDTH="51" HEIGHT="39" CONTENT="de" WC="1.00" CC="00"/>
						<SP ID="P11_SP00550" HPOS="676" VPOS="3424" WIDTH="24"/>
						<String ID="P11_ST00603" HPOS="700" VPOS="3372" WIDTH="196" HEIGHT="40" CONTENT="docteur." WC="0.99" CC="00160004"/>
						<SP ID="P11_SP00551" HPOS="896" VPOS="3424" WIDTH="24"/>
						<String ID="P11_ST00604" HPOS="920" VPOS="3373" WIDTH="60" HEIGHT="40" CONTENT="M." WC="0.81" CC="03"/>
						<SP ID="P11_SP00552" HPOS="980" VPOS="3424" WIDTH="33"/>
						<String ID="P11_ST00605" HPOS="1013" VPOS="3373" WIDTH="174" HEIGHT="52" CONTENT="Reyher" WC="0.98" CC="100000"/>
						<SP ID="P11_SP00553" HPOS="1187" VPOS="3425" WIDTH="17"/>
						<String ID="P11_ST00606" HPOS="1204" VPOS="3371" WIDTH="110" HEIGHT="42" CONTENT="n'est" WC="0.98" CC="13055"/>
						<SP ID="P11_SP00554" HPOS="1314" VPOS="3425" WIDTH="24"/>
						<String ID="P11_ST00607" HPOS="1338" VPOS="3373" WIDTH="243" HEIGHT="40" CONTENT="nullement" WC="0.99" CC="063500225"/>
						<SP ID="P11_SP00555" HPOS="1581" VPOS="3425" WIDTH="31"/>
						<String ID="P11_ST00608" HPOS="1612" VPOS="3372" WIDTH="230" HEIGHT="45" CONTENT="musicien," WC="1.00" CC="003002040"/>
						<SP ID="P11_SP00556" HPOS="1842" VPOS="3425" WIDTH="26"/>
						<String ID="P11_ST00609" HPOS="1868" VPOS="3378" WIDTH="39" HEIGHT="32" CONTENT="et" WC="0.98" CC="00"/>
						<SP ID="P11_SP00557" HPOS="1907" VPOS="3425" WIDTH="21"/>
						<String ID="P11_ST00610" HPOS="1928" VPOS="3370" WIDTH="27" HEIGHT="39" CONTENT="il" WC="0.81" CC="12"/>
						<SP ID="P11_SP00558" HPOS="1955" VPOS="3425" WIDTH="24"/>
						<String ID="P11_ST00611" HPOS="1979" VPOS="3368" WIDTH="65" HEIGHT="42" CONTENT="n'a" WC="1.00" CC="000"/>
						<SP ID="P11_SP00559" HPOS="2044" VPOS="3425" WIDTH="26"/>
						<String ID="P11_ST00612" HPOS="2070" VPOS="3385" WIDTH="78" HEIGHT="37" CONTENT="pas" WC="1.00" CC="000"/>
					</TextLine>
					<TextLine ID="P11_TL00048" HPOS="151" VPOS="3438" WIDTH="1998" HEIGHT="55">
						<String ID="P11_ST00613" HPOS="151" VPOS="3445" WIDTH="140" HEIGHT="45" CONTENT="songé" WC="0.99" CC="00006"/>
						<SP ID="P11_SP00560" HPOS="291" VPOS="3490" WIDTH="21"/>
						<String ID="P11_ST00614" HPOS="312" VPOS="3455" WIDTH="57" HEIGHT="26" CONTENT="un" WC="0.65" CC="60"/>
						<SP ID="P11_SP00561" HPOS="369" VPOS="3490" WIDTH="19"/>
						<String ID="P11_ST00615" HPOS="388" VPOS="3442" WIDTH="168" HEIGHT="39" CONTENT="instant" WC="1.00" CC="2000000"/>
						<SP ID="P11_SP00562" HPOS="556" VPOS="3490" WIDTH="24"/>
						<String ID="P11_ST00616" HPOS="580" VPOS="3444" WIDTH="21" HEIGHT="36" CONTENT="à" WC="1.00" CC="0"/>
						<SP ID="P11_SP00563" HPOS="601" VPOS="3490" WIDTH="26"/>
						<String ID="P11_ST00617" HPOS="627" VPOS="3442" WIDTH="152" HEIGHT="39" CONTENT="traiter" WC="1.00" CC="0003400"/>
						<SP ID="P11_SP00564" HPOS="779" VPOS="3490" WIDTH="22"/>
						<String ID="P11_ST00618" HPOS="801" VPOS="3455" WIDTH="59" HEIGHT="26" CONTENT="un" WC="0.69" CC="60"/>
						<SP ID="P11_SP00565" HPOS="860" VPOS="3490" WIDTH="25"/>
						<String ID="P11_ST00619" HPOS="885" VPOS="3441" WIDTH="111" HEIGHT="52" CONTENT="sujet" WC="0.97" CC="06085"/>
						<SP ID="P11_SP00566" HPOS="996" VPOS="3493" WIDTH="24"/>
						<String ID="P11_ST00620" HPOS="1020" VPOS="3441" WIDTH="200" HEIGHT="40" CONTENT="musical." WC="0.99" CC="00030043"/>
						<SP ID="P11_SP00567" HPOS="1220" VPOS="3493" WIDTH="24"/>
						<String ID="P11_ST00621" HPOS="1244" VPOS="3439" WIDTH="66" HEIGHT="42" CONTENT="En" WC="0.79" CC="04"/>
						<SP ID="P11_SP00568" HPOS="1310" VPOS="3493" WIDTH="37"/>
						<String ID="P11_ST00622" HPOS="1347" VPOS="3441" WIDTH="175" HEIGHT="51" CONTENT="parlant" WC="0.99" CC="0004005"/>
						<SP ID="P11_SP00569" HPOS="1522" VPOS="3493" WIDTH="20"/>
						<String ID="P11_ST00623" HPOS="1542" VPOS="3439" WIDTH="76" HEIGHT="39" CONTENT="des" WC="1.00" CC="000"/>
						<SP ID="P11_SP00570" HPOS="1618" VPOS="3493" WIDTH="27"/>
						<String ID="P11_ST00624" HPOS="1645" VPOS="3450" WIDTH="19" HEIGHT="25" CONTENT="«" WC="0.96" CC="0"/>
						<SP ID="P11_SP00571" HPOS="1664" VPOS="3493" WIDTH="35"/>
						<String ID="P11_ST00625" HPOS="1699" VPOS="3450" WIDTH="208" HEIGHT="39" CONTENT="masques" WC="0.99" CC="0020610"/>
						<SP ID="P11_SP00572" HPOS="1907" VPOS="3493" WIDTH="26"/>
						<String ID="P11_ST00626" HPOS="1933" VPOS="3450" WIDTH="37" HEIGHT="36" CONTENT="»," WC="0.64" CC="33"/>
						<SP ID="P11_SP00573" HPOS="1970" VPOS="3493" WIDTH="24"/>
						<String ID="P11_ST00627" HPOS="1994" VPOS="3438" WIDTH="28" HEIGHT="40" CONTENT="il" WC="0.64" CC="33"/>
						<SP ID="P11_SP00574" HPOS="2022" VPOS="3493" WIDTH="19"/>
						<String ID="P11_ST00628" HPOS="2041" VPOS="3453" WIDTH="19" HEIGHT="25" CONTENT="a" WC="1.00" CC="0"/>
						<SP ID="P11_SP00575" HPOS="2060" VPOS="3493" WIDTH="23"/>
						<String ID="P11_ST00629" HPOS="2083" VPOS="3443" WIDTH="66" HEIGHT="36" CONTENT="été" WC="1.00" CC="000"/>
					</TextLine>
					<TextLine ID="P11_TL00049" HPOS="153" VPOS="3504" WIDTH="1993" HEIGHT="57">
						<String ID="P11_ST00630" HPOS="153" VPOS="3508" WIDTH="101" HEIGHT="40" CONTENT="bien" WC="0.98" CC="2401"/>
						<SP ID="P11_SP00576" HPOS="254" VPOS="3548" WIDTH="18"/>
						<String ID="P11_ST00631" HPOS="272" VPOS="3509" WIDTH="142" HEIGHT="51" CONTENT="plutôt" WC="0.98" CC="062450"/>
						<SP ID="P11_SP00577" HPOS="414" VPOS="3560" WIDTH="19"/>
						<String ID="P11_ST00632" HPOS="433" VPOS="3513" WIDTH="244" HEIGHT="48" CONTENT="préoccupé" WC="1.00" CC="000000000"/>
						<SP ID="P11_SP00578" HPOS="677" VPOS="3561" WIDTH="33"/>
						<String ID="P11_ST00633" HPOS="710" VPOS="3509" WIDTH="52" HEIGHT="40" CONTENT="de" WC="1.00" CC="00"/>
						<SP ID="P11_SP00579" HPOS="762" VPOS="3561" WIDTH="23"/>
						<String ID="P11_ST00634" HPOS="785" VPOS="3509" WIDTH="264" HEIGHT="50" CONTENT="littérature," WC="1.00" CC="700500400034"/>
						<SP ID="P11_SP00580" HPOS="1049" VPOS="3561" WIDTH="33"/>
						<String ID="P11_ST00635" HPOS="1082" VPOS="3518" WIDTH="39" HEIGHT="31" CONTENT="et" WC="1.00" CC="00"/>
						<SP ID="P11_SP00581" HPOS="1121" VPOS="3561" WIDTH="26"/>
						<String ID="P11_ST00636" HPOS="1147" VPOS="3517" WIDTH="172" HEIGHT="32" CONTENT="surtout" WC="1.00" CC="0000000"/>
						<SP ID="P11_SP00582" HPOS="1319" VPOS="3561" WIDTH="36"/>
						<String ID="P11_ST00637" HPOS="1355" VPOS="3507" WIDTH="225" HEIGHT="40" CONTENT="d'histoire" WC="1.00" CC="0323050100"/>
						<SP ID="P11_SP00583" HPOS="1580" VPOS="3561" WIDTH="22"/>
						<String ID="P11_ST00638" HPOS="1602" VPOS="3506" WIDTH="77" HEIGHT="39" CONTENT="des" WC="1.00" CC="000"/>
						<SP ID="P11_SP00584" HPOS="1679" VPOS="3561" WIDTH="23"/>
						<String ID="P11_ST00639" HPOS="1702" VPOS="3518" WIDTH="179" HEIGHT="27" CONTENT="mœurs." WC="1.00" CC="000004"/>
						<SP ID="P11_SP00585" HPOS="1881" VPOS="3561" WIDTH="28"/>
						<String ID="P11_ST00640" HPOS="1909" VPOS="3504" WIDTH="92" HEIGHT="42" CONTENT="Son" WC="0.99" CC="003"/>
						<SP ID="P11_SP00586" HPOS="2001" VPOS="3561" WIDTH="24"/>
						<String ID="P11_ST00641" HPOS="2025" VPOS="3507" WIDTH="121" HEIGHT="49" CONTENT="livre," WC="0.99" CC="130004"/>
					</TextLine>
					<TextLine ID="P11_TL00050" HPOS="157" VPOS="3575" WIDTH="1992" HEIGHT="53">
						<String ID="P11_ST00642" HPOS="157" VPOS="3582" WIDTH="85" HEIGHT="35" CONTENT="très" WC="0.97" CC="0085"/>
						<SP ID="P11_SP00587" HPOS="242" VPOS="3617" WIDTH="23"/>
						<String ID="P11_ST00643" HPOS="265" VPOS="3577" WIDTH="116" HEIGHT="40" CONTENT="riche" WC="0.99" CC="03300"/>
						<SP ID="P11_SP00588" HPOS="381" VPOS="3617" WIDTH="23"/>
						<String ID="P11_ST00644" HPOS="404" VPOS="3591" WIDTH="52" HEIGHT="26" CONTENT="en" WC="0.75" CC="05"/>
						<SP ID="P11_SP00589" HPOS="456" VPOS="3617" WIDTH="21"/>
						<String ID="P11_ST00645" HPOS="477" VPOS="3577" WIDTH="261" HEIGHT="41" CONTENT="documents" WC="1.00" CC="000500050"/>
						<SP ID="P11_SP00590" HPOS="738" VPOS="3618" WIDTH="23"/>
						<String ID="P11_ST00646" HPOS="761" VPOS="3578" WIDTH="53" HEIGHT="39" CONTENT="de" WC="1.00" CC="00"/>
						<SP ID="P11_SP00591" HPOS="814" VPOS="3618" WIDTH="23"/>
						<String ID="P11_ST00647" HPOS="837" VPOS="3580" WIDTH="216" HEIGHT="48" CONTENT="première" WC="1.00" CC="00004000"/>
						<SP ID="P11_SP00592" HPOS="1053" VPOS="3628" WIDTH="23"/>
						<String ID="P11_ST00648" HPOS="1076" VPOS="3579" WIDTH="137" HEIGHT="48" CONTENT="main," WC="0.99" CC="00404"/>
						<SP ID="P11_SP00593" HPOS="1213" VPOS="3628" WIDTH="20"/>
						<String ID="P11_ST00649" HPOS="1233" VPOS="3577" WIDTH="98" HEIGHT="39" CONTENT="n'en" WC="0.98" CC="7010"/>
						<SP ID="P11_SP00594" HPOS="1331" VPOS="3628" WIDTH="23"/>
						<String ID="P11_ST00650" HPOS="1354" VPOS="3584" WIDTH="64" HEIGHT="31" CONTENT="est" WC="0.98" CC="005"/>
						<SP ID="P11_SP00595" HPOS="1418" VPOS="3628" WIDTH="24"/>
						<String ID="P11_ST00651" HPOS="1442" VPOS="3588" WIDTH="77" HEIGHT="38" CONTENT="pas" WC="1.00" CC="000"/>
						<SP ID="P11_SP00596" HPOS="1519" VPOS="3628" WIDTH="22"/>
						<String ID="P11_ST00652" HPOS="1541" VPOS="3575" WIDTH="145" HEIGHT="39" CONTENT="moins" WC="0.99" CC="00500"/>
						<SP ID="P11_SP00597" HPOS="1686" VPOS="3628" WIDTH="39"/>
						<String ID="P11_ST00653" HPOS="1725" VPOS="3589" WIDTH="84" HEIGHT="26" CONTENT="une" WC="0.98" CC="600"/>
						<SP ID="P11_SP00598" HPOS="1809" VPOS="3628" WIDTH="42"/>
						<String ID="P11_ST00654" HPOS="1851" VPOS="3575" WIDTH="298" HEIGHT="42" CONTENT="contribution" WC="0.99" CC="024003032440"/>
					</TextLine>
				</TextBlock>
			</PrintSpace>
		</Page>
	</Layout>
</alto>
