2286 3914
151 273 81 52 298

558 275 185 46 L'OPÉRA
775 294 140 28 AVANT
949 297 127 27 LULLI
1111 299 52 27 ET
1197 300 76 26 LES
1308 300 205 31 MASQUES
1546 302 186 27 ANGLAIS

146 378 76 53 luy
244 379 117 41 dit-il
389 391 8 38 ;
440 395 56 28 ou
532 398 112 27 vous
687 385 212 43 n'écrivez
943 395 159 44 guères
1126 391 117 49 bien,
1269 406 56 27 ou
1362 407 113 27 nous
1519 407 55 26 ne
1616 407 163 28 savons
1850 403 135 43 guère
2023 399 94 41 lire.
2142 415 19 21 »

204 447 62 42 De
289 449 39 40 là
355 465 82 26 aux
474 451 206 43 tableaux
702 457 175 39 vivants
899 458 212 40 encadrés
1130 474 79 38 par
1231 461 53 40 de
1308 461 206 42 brillants
1537 463 173 48 décors,
1733 464 29 39 il
1793 461 72 54 n'y
1888 468 116 38 avait
2024 467 136 53 qu'un

146 531 95 37 pas.
279 517 124 42 Voici
442 531 224 31 comment
697 521 62 41 M.
800 523 179 53 Reyher
997 526 137 41 décrit
1160 528 37 40 le
1218 531 232 40 troisième
1470 530 137 41 ballet
1644 532 52 40 de
1733 532 38 39 la
1811 534 118 39 reine
1969 535 190 51 (janvier

151 588 98 50 1627
278 587 30 49 ?)
330 596 40 30 et
391 588 38 39 le
454 592 124 36 trône
601 590 53 40 de
678 589 169 43 Beauté
871 599 55 34 où
957 594 83 41 elle
1063 608 45 27 se
1133 606 173 31 montre
1331 612 110 27 avec
1470 613 70 27 ses
1561 600 168 40 dames.
1757 614 19 25 «
1795 600 120 42 C'est
1937 616 86 26 une
2041 613 118 31 sorte

146 654 53 39 de
238 656 207 50 portique
484 660 21 35 à
544 656 95 42 huit
663 658 117 41 faces
826 661 158 41 décoré
1016 663 53 40 de
1106 665 207 51 pilastres
1350 668 205 51 ioniques
1581 671 75 50 qui
1700 668 194 43 forment
1918 680 154 33 autant
2105 673 52 40 de

144 722 152 40 niches
314 729 56 33 où
394 723 62 40 les
478 724 245 43 danseuses
748 738 99 31 sont
872 732 163 39 assises
1053 732 112 41 deux
1188 748 79 38 par
1290 735 128 40 deux.
1444 736 69 40 Au
1533 746 146 32 centre
1703 752 47 26 se
1774 738 153 41 dresse
1952 755 57 25 un
2029 740 128 52 pilier

144 790 226 41 lumineux
409 792 104 40 relié
536 808 79 38 par
654 795 77 41 des
770 806 142 32 sortes
936 797 198 44 d'arches
1158 806 21 35 à
1204 802 169 42 chacun
1396 804 77 40 des
1493 805 206 51 pilastres
1725 817 8 37 ;
1760 807 29 40 il
1814 817 88 31 sert
1931 813 20 35 à
1973 809 184 41 éclairer

146 858 130 40 celles
313 861 75 50 qui
431 870 76 31 ont
539 865 91 49 pris
654 865 123 51 place
814 880 75 26 sur
912 868 39 39 le
976 872 139 37 trône.
1153 870 64 41 De
1241 873 129 51 petits
1393 886 179 27 amours
1597 884 263 42 supportent
1884 877 38 39 la
1949 877 206 42 corniche

148 927 170 40 relevée
340 929 53 39 de
414 929 208 42 lumières
647 941 40 32 et
711 934 52 40 de
798 935 142 41 riches
962 938 228 41 moulures
1210 951 8 39 ;
1245 940 135 48 enfin,
1408 950 94 31 tout
1533 955 54 27 en
1609 942 123 48 haut,
1759 957 45 26 se
1838 945 204 41 dressent
2075 947 76 39 des

145 1003 167 32 statues
332 997 314 52 polychromes
668 1007 306 47 représentant
997 1006 63 40 les
1083 1007 216 42 éléments
1319 1009 53 40 de
1393 1009 39 40 la
1455 1009 167 42 Beauté
1642 1022 7 27 :
1677 1011 38 40 la
1743 1010 216 51 Sérénité,
1979 1003 171 59 l'Éclat,

144 1072 40 31 et
224 1065 112 39 ainsi
375 1065 54 40 de
466 1069 130 39 suite.
621 1068 64 41 La
721 1072 204 40 machine
962 1082 155 33 tourne
1151 1076 243 42 lentement
1430 1091 114 38 pour
1576 1079 158 40 laisser
1789 1084 97 37 voir
1927 1082 40 40 la
2011 1085 137 46 reine,

142 1131 210 42 Arabella
374 1132 169 55 Stuart,
570 1137 40 40 la
628 1147 217 33 comtesse
873 1141 53 40 de
947 1141 213 51 Bedford,
1179 1145 40 40 la
1237 1155 219 32 comtesse
1478 1147 54 40 de
1551 1147 151 53 Derby
1725 1158 40 31 et
1790 1157 144 33 toutes
1959 1150 63 40 les
2049 1152 101 51 plus

142 1201 193 50 grandes
359 1203 154 41 dames
532 1205 57 40 du
611 1220 231 38 royaume,
867 1213 152 38 vêtues
1040 1211 53 41 de
1120 1213 130 41 robes
1275 1228 83 26 aux
1381 1216 206 40 couleurs
1609 1218 123 39 vives
1768 1226 41 32 et
1846 1221 189 39 variées.
2062 1218 88 42 Sur

142 1268 63 41 les
241 1271 201 41 marches
486 1286 46 27 se
570 1286 202 40 pressent
808 1277 77 40 des
929 1293 181 28 amours
1150 1282 177 52 joufflus
1376 1284 106 40 dont
1524 1287 189 39 certains
1753 1285 286 43 brandissent
2074 1289 77 40 des

144 1338 206 50 torches;
395 1340 63 41 les
498 1352 147 31 autres
682 1354 100 31 sont
821 1352 144 35 armés
1005 1347 141 43 d'arcs
1170 1359 40 32 et
1242 1352 55 39 de
1333 1354 224 50 carquois.
1584 1355 70 39 Au
1678 1356 192 50 premier
1887 1356 120 51 plan,
2034 1366 41 31 et
2098 1357 54 40 de

139 1406 172 53 chaque
330 1411 109 49 côté,
466 1410 232 51 jaillissent
718 1413 63 41 les
818 1414 222 44 fontaines
1079 1418 53 40 de
1164 1418 224 55 Jouvence
1412 1429 40 32 et
1487 1421 54 40 de
1565 1421 180 51 Plaisir,
1769 1429 100 46 près
1891 1424 254 53 desquelles

145 1488 18 26 s
182 1475 172 42 élèvent
378 1478 77 39 des
488 1477 216 44 berceaux
737 1482 52 40 de
813 1484 186 41 verdure
1021 1493 54 33 où
1094 1488 151 51 jouent
1263 1488 76 41 des
1364 1490 255 40 musiciens.
1647 1491 70 41 Un
1739 1491 192 53 bosquet
1952 1493 198 41 d'arbres

145 1557 82 26 aux
264 1544 129 41 fruits
436 1547 94 40 dor
553 1562 45 26 se
621 1549 151 41 dresse
811 1555 21 36 à
876 1550 321 56 l'arrière-plan
1221 1567 9 37 ;
1254 1557 78 39 des
1357 1571 179 27 amours
1561 1559 208 42 cueillent
1790 1561 62 40 les
1875 1560 129 42 fruits
2027 1562 53 40 de
2103 1576 47 26 ce

144 1625 205 28 nouveau
374 1615 144 50 jardin
542 1617 77 39 des
645 1618 271 52 Hespérides
936 1630 41 31 et
1009 1622 63 39 les
1111 1623 190 52 lancent,
1328 1627 147 40 tandis
1512 1627 239 52 qu'autour
1786 1628 128 42 d'eux
1952 1630 53 40 de
2045 1646 79 35 gra-

142 1681 170 40 cieuses
353 1682 222 50 levrettes,
601 1686 244 42 emolemes
887 1689 54 39 de
979 1689 38 40 la
1045 1689 176 54 beauté,
1248 1691 263 44 bondissent
1540 1696 54 39 de
1623 1699 96 37 côté
1751 1705 41 31 et
1832 1696 168 43 d'autre
2037 1713 113 38 pour

142 1756 196 44 attraper
377 1750 63 40 les
487 1766 221 38 pommes,
734 1764 40 31 et
815 1755 244 44 s'amusent
1084 1763 21 36 à
1141 1761 62 39 les
1227 1762 244 40 mordiller.
1499 1762 68 41 Du
1595 1764 109 40 haut
1727 1766 77 39 des
1827 1780 126 34 nues,
1990 1766 158 45 Diane,

140 1829 69 27 sui
240 1830 81 27 son
346 1818 106 40 char
473 1820 25 39 d
520 1830 156 42 argent
715 1829 142 35 traîné
898 1840 79 37 par
1010 1840 70 27 ses
1120 1830 191 51 vierges,
1336 1844 127 27 verse
1487 1845 44 27 sa
1570 1831 187 42 lumière
1778 1847 74 27 sur
1872 1843 110 32 cette
2021 1842 129 35 scène

139 1884 242 50 glorieuse.
408 1886 48 41 Si
487 1888 10 40 1
518 1902 57 27 on
609 1892 107 39 tient
758 1902 172 43 compte
951 1907 158 29 encore
1141 1896 53 40 de
1233 1898 38 39 la
1295 1898 240 52 splendeur
1558 1901 77 40 des
1666 1910 238 40 costumes,
1931 1904 53 39 de
2006 1902 143 45 l'éclat

137 1952 77 40 des
247 1954 219 52 couleurs,
491 1956 77 41 des
589 1959 145 40 reflets
772 1961 77 40 des
889 1964 182 39 soieries
1096 1973 41 31 et
1160 1965 77 40 des
1259 1966 133 52 draps
1416 1965 95 43 d'or
1530 1978 40 30 et
1593 1967 219 53 d'argent,
1832 1969 68 54 Jde
1936 1985 70 27 ces
2030 1975 94 50 pier-

139 2023 134 38 reries
297 2024 75 50 qui
416 2025 239 42 scintillent
680 2027 52 41 de
772 2037 98 33 tous
894 2034 119 38 côtés
1051 2045 172 28 comme
1247 2034 63 40 les
1343 2036 156 40 étoiles
1529 2037 103 40 d'un
1658 2038 81 39 ciel
1760 2038 127 50 d'été,
1913 2040 28 39 il
1978 2041 169 41 semble

136 2100 219 31 vraiment
394 2094 268 50 impossible
699 2094 269 55 d'imaginer
989 2114 60 27 un
1087 2102 217 51 spectacle
1327 2103 100 52 plus
1465 2114 281 43 somptueux,
1774 2107 101 52 plus
1898 2108 136 51 digne
2070 2110 76 40 des

138 2159 183 49 regards
344 2159 58 41 du
424 2166 237 38 souverain
683 2164 54 40 de
757 2165 39 41 la
819 2164 426 56 Grande-Bretagne
1264 2180 41 31 et
1324 2172 77 40 des
1423 2178 352 49 représentants,
1804 2180 21 35 à
1851 2190 45 26 sa
1922 2190 120 39 cour,
2068 2179 77 40 des

138 2235 147 32 autres
306 2241 271 41 monarques
598 2232 53 40 de
675 2232 225 55 l'Europe.

194 2308 19 23 «
238 2295 70 41 Un
329 2299 120 38 aussi
475 2298 113 42 beau
614 2300 177 42 tableau
816 2305 155 39 mérite
995 2305 24 40 d
1039 2309 91 38 être
1165 2307 186 49 admiré,
1372 2318 40 32 et
1445 2310 63 40 les
1536 2323 18 26 «
1572 2310 239 54 Masquers
1835 2326 20 24 »
1883 2324 263 32 conservent

141 2363 216 53 quelques
396 2368 192 40 instants
634 2370 117 40 leurs
789 2373 221 50 positions
1048 2388 113 38 pour
1184 2377 159 40 laisser
1366 2392 82 26 aux
1473 2388 273 42 spectateurs
1770 2381 39 40 le
1831 2390 141 44 temps
2016 2383 53 40 de
2105 2384 39 40 le

135 2433 273 52 contempler
429 2438 21 36 à
474 2436 138 41 loisir.
636 2436 68 42 Au
725 2450 198 31 moment
942 2442 152 48 voulu,
1119 2443 53 40 ils
1193 2444 268 43 descendent
1484 2447 53 40 de
1560 2448 40 40 la
1619 2449 204 41 machine
1847 2464 75 27 sur
1946 2451 39 40 la
2012 2457 131 35 scène

135 2508 40 31 et
199 2500 51 40 de
274 2501 38 39 là
337 2515 74 27 sur
434 2504 39 38 le
508 2505 213 51 plancher
760 2508 77 41 des
870 2509 177 42 danses.
1089 2510 127 43 Cette
1250 2513 206 42 descente
1480 2513 108 44 n'est
1612 2531 96 37 pas,
1731 2531 172 28 comme
1927 2518 103 42 bien
2054 2518 87 43 l'on

134 2582 152 38 pense,
309 2571 270 51 improvisée
609 2588 76 27 sur
717 2575 10 40 1
748 2576 135 41 heure
909 2592 8 25 :
945 2578 11 40 1
976 2580 267 51 impression
1263 2596 85 38 que
1373 2584 62 40 les
1460 2584 218 41 danseurs
1699 2595 108 32 vont
1830 2588 212 51 produire
2065 2589 51 40 dé-

133 2637 115 51 pend
264 2637 230 55 beaucoup
520 2642 52 39 de
595 2643 118 41 leurs
732 2647 215 48 premiers
968 2658 312 32 mouvements
1302 2653 74 49 qui
1393 2662 265 42 permettent
1678 2652 196 44 d'attirer
1892 2654 249 44 l'attention

134 2718 75 27 sur
234 2705 11 39 1
264 2706 210 50 élégance
513 2710 25 39 d
558 2724 87 27 une
687 2712 101 51 jolie
832 2714 137 49 taille,
994 2716 53 40 de
1083 2715 109 43 faire
1215 2718 142 41 valoir
1387 2720 39 40 la
1454 2720 158 42 beauté
1635 2722 104 41 d'un
1764 2732 215 40 costume,
2006 2735 132 32 avant

134 2787 84 38 que
262 2775 39 40 la
324 2774 169 53 fatigue
513 2793 26 25 n
560 2780 59 39 ait
654 2785 209 38 émoussé
896 2784 39 40 la
965 2786 187 40 vivacité
1172 2795 40 32 et
1235 2787 38 40 la
1298 2787 224 43 fraîcheur
1543 2791 77 40 des
1643 2792 293 51 impressions
1972 2794 57 40 du
2066 2809 51 37 pu-

132 2840 102 41 blic.
263 2855 20 26 »

186 3109 115 55 Quel
325 3117 104 39 était
461 3126 274 35 exactement
770 3121 40 40 le
848 3123 93 40 rôle
983 3123 52 41 de
1067 3124 40 40 la
1148 3126 209 53 musique
1378 3128 113 41 dans
1527 3130 63 40 les
1631 3143 20 25 «
1680 3132 155 41 masks
1859 3145 20 26 »
1899 3137 16 36 ?
1938 3132 118 43 C'est
2079 3149 59 26 un

130 3182 124 50 point
279 3195 74 27 sur
393 3184 145 51 lequel
575 3199 114 29 nous
731 3190 245 41 voudrions
1013 3196 91 36 être
1136 3196 262 49 renseignés
1421 3210 105 28 avec
1549 3201 236 50 précision.
1814 3200 61 42 Ce
1910 3199 107 45 n'est
2058 3217 80 38 pas

130 3250 200 52 toujours
356 3252 212 52 possible,
589 3264 40 31 et
649 3256 29 39 il
711 3255 92 43 faut
828 3272 122 28 assez
975 3270 188 32 souvent
1188 3276 113 28 nous
1325 3274 229 33 contenter
1577 3267 53 41 de
1652 3282 101 39 peu.
1776 3268 116 42 Mais
1915 3271 222 52 plusieurs

127 3316 101 42 faits
250 3320 267 52 importants
541 3323 180 42 doivent
741 3329 91 37 être
855 3332 142 36 notés.

185 3386 84 42 Les
293 3389 291 42 instruments
617 3394 228 52 employés
869 3406 101 32 sont
995 3411 127 28 assez
1146 3400 247 43 nombreux
1414 3414 7 27 :
1444 3404 228 54 hautbois,
1692 3405 137 52 fifres,
1856 3416 277 44 trompettes,

129 3464 29 31 ti
170 3455 555 57 ombones(saquebutes),
746 3476 113 37 cors,
884 3466 192 52 violons,
1091 3466 216 53 bandore,
1326 3471 324 54 harpecorde...
1671 3474 121 41 Dans
1811 3476 62 40 les
1897 3478 238 40 anciennes

128 3528 298 47 mascarades,
448 3528 11 40 1
480 3543 139 37 usage
635 3531 57 41 du
713 3530 98 43 fifre
833 3542 41 31 et
897 3534 58 41 du
977 3535 209 42 tambour
1214 3540 106 39 était
1357 3544 374 52 caractéristique.
1755 3542 121 43 C'est
1906 3547 110 39 ainsi
2050 3561 85 38 que

128 3590 197 54 Shylock
347 3594 240 54 [Merchant
621 3604 47 48 of
710 3600 152 42 Venicc
869 3634 6 18 )
904 3602 54 51 11,
983 3601 60 55 v),
1067 3615 133 32 avant
1220 3607 53 40 de
1305 3611 163 49 quitter
1491 3624 80 27 son
1611 3612 134 49 logis,
1771 3615 316 40 recommande
2111 3620 21 35 à
