3518 4346
1694 172 105 48 407

291 298 86 47 Die
406 299 59 47 im
496 317 320 50 vergangenen
847 306 141 47 Jahre
1027 322 81 31 aus
1145 306 80 48 der
1257 307 299 66 Verwaltung
1596 327 77 31 aus-

171 374 239 49 tretenden
460 378 179 50 Herren
684 381 50 47 C.
773 381 224 48 Enders
1042 383 88 47 und
1177 385 80 47 Dr.
1300 386 116 47 med.
1456 387 242 48 Ponfick

172 452 190 48 wurden
407 453 144 50 durch
594 458 79 47 das
715 459 256 47 Vertrauen
1013 461 76 47 des
1130 461 356 51 Liederkranzes
1529 465 170 47 wieder

170 528 43 47 in
245 528 71 48 die
349 531 300 67 Verwaltung
678 537 212 61 gewählt.

289 608 96 47 Der
426 609 40 46 V
477 626 23 30 e
515 627 18 29 r
548 627 39 29 m
606 614 101 61 öge
721 631 24 28 n
760 630 18 29 s
796 613 25 46 b
835 628 52 32 es
901 619 89 40 tan
1007 611 25 48 d
1089 613 79 48 der
1224 616 199 63 Stiftung
1481 633 95 31 war
1625 635 71 30 am

171 682 212 48 Schlüsse
414 684 77 49 des
522 702 319 50 vergangenen
871 687 163 49 Jahres
1073 691 82 47 auf
1180 689 204 57 43,502
1420 693 63 48 Fl.
1516 693 66 50 37
1618 696 78 47 Kr.

170 759 249 65 gestiegen.
477 763 306 65 Wenngleich
818 767 82 46 wir
940 764 68 49 bei
1041 767 79 47 der
1162 768 213 64 heutigen
1408 771 290 64 Aufstellung

170 835 85 47 den
286 838 171 65 Ertrag
487 840 78 47 des
595 858 84 31 von
703 843 153 50 Seiten
891 843 78 48 des
993 844 357 50 Liederkranzes
1380 853 290 43 statutenmäs-

170 914 67 64 sig
264 931 53 30 zu
349 917 239 62 gebenden
614 919 246 48 Concertes
891 920 115 47 noch
1039 922 122 48 nicht
1185 923 289 48 verzeichnen
1501 924 197 56 können,

170 1006 49 33 so
245 990 77 49 hat
344 993 93 47 sich
462 994 113 48 doch
604 1013 135 31 unser
758 997 368 64 Capitalbestand
1147 999 143 48 durch
1317 1000 167 47 andere
1511 1003 158 64 belang-

171 1069 151 46 reiche
352 1070 335 65 Zuweisungen
719 1074 41 47 in
791 1075 337 49 erfreulichster
1159 1078 159 47 Weise
1349 1080 241 47 vermehrt.
1648 1082 47 45 In

170 1153 143 41 erster
338 1148 128 48 Linie
491 1149 149 48 haben
674 1152 83 47 wir
787 1153 170 48 wieder
988 1171 192 31 unseren
1214 1157 312 47 unermüdlich
1554 1158 116 47 wohl-

172 1224 256 48 wollenden
462 1227 154 48 Geber
647 1229 152 48 Herrn
832 1232 53 47 K.
917 1232 44 47 S.
995 1232 78 47 mit
1115 1233 146 47 einem
1308 1233 265 48 Geschenke
1613 1252 82 30 von

179 1300 104 48 100
317 1303 120 47 Frcs.
467 1321 51 30 zu
552 1307 306 49 verzeichnen.
908 1309 152 47 Wenn
1093 1310 82 46 wir
1205 1310 41 47 in
1277 1327 209 32 unserem
1519 1313 151 63 vorjäh-

172 1378 127 63 rigen
344 1380 211 48 Berichte
587 1383 339 66 Veranlassung
968 1387 171 53 hatten,
1183 1388 388 56 hervorzuheben,
1613 1389 83 48 wie

167 1454 74 48 die
273 1455 70 48 bei
376 1455 80 50 der
487 1459 610 67 fünfundzwanzigjährigen
1121 1463 252 48 Jubelfeier
1395 1464 81 48 der
1498 1465 198 65 Stiftung

169 1548 83 32 von
297 1533 373 52 hochachtbaren
715 1539 415 48 Persönlichkeiten
1176 1541 264 64 gegebenen
1486 1544 209 64 Zusagen

167 1627 85 30 uns
283 1614 274 62 genügende
589 1616 274 63 Bürgschaft
901 1618 153 57 boten,
1092 1634 49 32 so
1186 1620 76 47 hat
1304 1637 78 30 vor
1413 1622 130 46 Allen
1576 1623 122 45 Herr

167 1689 176 47 Ernst
369 1690 187 48 Pauer
587 1709 82 31 von
696 1694 190 48 London
917 1696 91 47 sein
1037 1696 141 49 Wort
1208 1698 40 47 in
1272 1698 82 47 der
1376 1698 320 63 glänzendsten

171 1764 160 49 Weise
360 1766 224 65 eingelöst
622 1770 89 47 und
758 1771 69 49 bei
866 1773 166 48 seinem
1068 1774 204 48 Besuche
1303 1775 80 47 auf
1408 1775 102 47 dem
1543 1775 128 48 Conti-

169 1850 136 41 nente
335 1860 72 32 am
442 1845 86 48 24.
557 1848 176 48 Januar
763 1849 97 47 hier
899 1850 70 48 ein
1002 1851 195 47 Concert
1238 1851 226 65 gegeben,
1505 1854 193 47 welches

166 1921 141 47 schon
339 1922 145 49 durch
514 1925 123 48 seine
668 1926 115 49 feine
819 1929 141 48 Wahl
990 1929 42 47 in
1064 1929 404 65 chronologischer
1498 1931 170 47 Reihen-

169 1997 118 65 folge
319 1999 71 48 die
420 2003 186 46 Kenner
636 2004 90 47 und
759 2005 231 48 Verehrer
1020 2005 81 48 der
1125 2008 149 47 Kunst
1304 2008 177 48 fesselte
1512 2009 91 47 und
1627 2009 71 47 bei

166 2076 81 47 der
270 2076 323 51 Trefflichkeit
613 2079 83 49 der
719 2081 311 65 Ausführung
1059 2084 241 63 allgemein
1332 2085 250 50 entzückte.
1614 2086 85 49 Die

166 2155 377 62 ausgezeichnete
587 2157 359 66 Unterstützung
998 2160 142 48 durch
1194 2161 210 49 Fräulein
1454 2163 245 63 Orgeni,

166 2231 154 46 Herrn
346 2231 384 51 Concertmeister
760 2236 230 48 Strauss
1022 2237 90 47 und
1145 2239 153 47 Herrn
1331 2240 211 48 Director
1572 2241 95 47 Gel-

166 2307 109 47 iert
306 2309 247 48 erwähnen
580 2311 83 47 wir
692 2311 81 48 mit
796 2312 149 50 Dank.
976 2315 97 47 Der
1095 2315 200 66 Stiftung
1319 2316 104 48 floss
1448 2317 69 47 ein
1540 2317 158 49 Netto-

166 2386 173 64 Ertreg
369 2403 85 31 von
486 2386 109 50 276
630 2390 66 47 FI.
734 2390 66 49 10
832 2392 81 49 Kr.
945 2409 67 32 zu.

283 2465 98 46 Der
413 2465 40 47 k.
486 2465 40 48 k.
559 2467 449 68 Hof-Opernsänger
1036 2486 84 32 von
1149 2471 156 55 Wien,
1337 2472 123 47 Herr
1489 2472 209 49 Gustav

167 2540 258 58 Walter,
457 2544 213 57 erklärte,
701 2545 103 48 dass
834 2564 48 30 er
912 2549 42 47 in
985 2547 82 49 der
1097 2549 330 48 Mozart'schen
1465 2550 203 56 „Zauber-

330 2618 227 50 auftreten
583 2622 90 47 und
698 2624 153 48 seinen
868 2625 430 48 Honorar-Antheil
1322 2643 56 31 an
1403 2626 70 48 die
1497 2627 201 65 Stiftung

161 2696 290 49 überweisen
485 2698 146 49 wolle.
661 2701 88 47 Ein
781 2702 226 66 gedrängt
1036 2705 133 47 volles
1195 2705 127 47 Haus
1346 2705 91 65 gab
1462 2707 236 64 Zeugniss,

166 2772 85 47 wie
282 2772 78 48 das
393 2773 239 50 Publicum
665 2778 87 47 den
777 2780 217 48 Künstler
1026 2781 90 47 und
1148 2781 157 48 dessen
1331 2782 191 49 Absicht
1552 2784 143 48 ehrte.

164 2851 130 47 Auch
326 2850 259 50 übernahm
618 2853 82 49 der
724 2856 254 49 Ausschuss
1002 2857 81 50 der
1107 2860 562 49 Theater-Actien-Gesell-

161 2928 146 49 schaft
325 2930 84 48 den
430 2931 314 65 festgesetzten
764 2935 365 66 Kosten-Abzug
1147 2937 82 48 auf
1246 2938 158 64 eigene
1423 2940 273 65 Rechnung,

162 3022 49 32 so
242 3006 102 48 dass
374 3008 72 47 die
473 3010 191 48 Summe
693 3027 83 32 von
810 3011 108 52 463
947 3015 65 47 Fl.
1044 3015 43 47 in
1119 3015 69 48 die
1220 3015 137 48 Casse
1388 3016 80 48 der
1497 3017 199 65 Stiftung

164 3083 119 49 kam.
341 3086 132 47 Auch
519 3086 81 48 der
642 3088 233 65 Organe
919 3091 98 47 der
1065 3091 386 51 öffentlichen
1497 3095 198 48 Presse

161 3165 183 45 müssen
377 3163 83 47 wir
489 3163 242 51 dankende
763 3167 301 65 Erwähnung
1093 3170 115 48 thun
1239 3187 41 31 u.
1312 3187 30 31 s.
1378 3189 54 30 w.

277 3241 157 48 Durch
467 3242 71 48 die
570 3243 268 50 Geschenke
866 3246 94 48 und
990 3247 85 48 den
1106 3250 225 47 Zuwachs
1361 3266 56 31 an
1446 3250 164 48 Zinsen
1641 3251 54 47 ist

159 3316 78 48 das
270 3317 263 66 Vermögen
571 3321 82 47 der
680 3322 201 65 Stiftung
922 3325 80 47 mit
1037 3325 102 48 dem
1175 3326 196 48 Ablaufe
1416 3327 143 48 dieses
1605 3327 59 48 Ge-

157 3393 322 67 schäftsjahres
517 3397 83 48 auf
623 3398 71 48 die
726 3401 189 48 Summe
946 3419 82 31 von
1061 3403 202 57 45,511
1300 3406 65 47 Fl.
1401 3403 67 51 57
1503 3406 78 47 Kr.
1614 3422 53 31 an-

157 3474 290 63 gewachsen.
569 3478 127 47 Noch
744 3478 149 49 haben
934 3482 84 45 wir
1061 3481 87 48 den
1188 3482 119 48 oben
1349 3483 340 49 verzeichneten

159 3551 171 48 baaren
362 3553 242 65 Beiträgen
636 3556 98 48 eine
764 3557 170 48 andere
965 3558 130 49 Gabe
1139 3562 293 55 anzureihen,
1474 3562 98 47 eine
1610 3579 80 30 aus

157 3627 104 48 dem
292 3629 250 50 Nachlasse
584 3632 77 48 des
693 3633 197 48 Lehrers
922 3636 153 48 Herrn
1121 3638 140 47 Dahl
1277 3638 124 49 hoff
1434 3640 40 47 in
1517 3638 176 49 Dinker

157 3706 70 49 bei
259 3708 132 47 Soest
420 3708 42 48 in
498 3711 255 48 Westfalen
797 3728 55 33 an
890 3712 72 49 die
999 3714 200 68 Stiftung
1242 3718 260 49 vermachte
1534 3717 156 65 Geige.

159 3784 215 50 Dieselbe
399 3786 53 48 ist
476 3803 83 32 von
590 3789 219 49 Kennern
842 3791 82 47 auf
948 3792 130 48 einen
1112 3793 170 48 Werth
1317 3811 81 32 von
1431 3793 104 50 100
1566 3796 92 47 Tha-

155 3863 96 47 lern
292 3863 138 50 taxirt
473 3866 92 47 und
604 3868 80 47 soll
726 3867 102 48 dem
870 3869 277 65 tüchtigsten
1192 3872 315 65 Stipendiaten
1552 3873 110 47 über-

152 3939 150 66 geben
336 3942 204 57 werden,
571 3943 83 50 der
682 3946 115 48 noch
832 3947 129 48 keine
990 3956 110 57 gute
1131 3949 144 65 Geige
1305 3951 92 49 hat.

275 4019 155 50 Wenn
463 4022 83 47 wir
576 4024 113 47 nach
724 4024 152 50 diesen
908 4027 331 66 Darlegungen
1271 4028 83 50 auf
1387 4045 161 33 unsere
1576 4028 84 48 Sti-

153 4097 315 63 pendiaten
500 4101 151 49 selber
680 4103 289 66 übergehen,
1008 4122 50 32 so
1089 4106 181 49 können
1303 4108 81 48 wir
1413 4107 71 49 die
1514 4107 150 48 erfreu-

1801 312 111 48 liehe
1938 316 287 65 Mittheilung
2249 318 208 55 machen,
2480 318 100 49 dass
2605 322 121 49 Max
2757 325 222 48 Bruch's
3011 329 300 48 romantische

1798 390 127 63 Oper
2265 395 70 45 die
2375 396 57 46 im
2466 396 208 48 Sommer
2714 400 76 47 des
2827 402 181 63 vorigen
3040 404 161 47 Jahres
3238 406 79 46 auf

1798 467 80 47 der
1909 471 312 47 mannheimer
2244 472 156 47 Bühne
2433 473 78 46 mit
2540 490 199 46 grossem
2766 479 157 63 Erfolg
2946 481 41 46 in
3010 480 70 47 die
3104 481 180 48 Oeffent-

1799 543 181 49 lichkett
2009 553 104 49 trat,
2145 547 266 48 inzwischen
2443 551 113 46 auch
2591 552 39 45 in
2664 553 115 47 Köln
2809 572 51 30 zu
2892 557 63 46 oft
2978 557 333 59 wiederholter,

1797 621 272 62 glänzender
2099 625 301 63 Aufführung
2442 626 270 62 gekommen
2753 631 52 46 ist
2845 631 88 48 und
2974 650 89 29 nun
3106 633 80 47 auf
3223 633 85 50 den

1801 698 189 47 Bühnen
2030 716 82 30 von
2159 702 174 53 Kassel,
2381 703 204 54 Lübeck,
2630 706 282 57 Rotterdam,
2955 710 241 53 Hamburg
3234 729 78 30 zur

2902 753 11 11 *
3170 759 24 15 o

1799 776 301 64 Aufführung
2122 778 276 48 vorbereitet
2422 781 127 47 wird.
2582 782 95 47 Von
2711 790 206 42 uns&rem
2950 787 359 64 nachfolgenden

1797 852 311 63 Stipendiaten
2131 854 343 61 Brambach,
2490 857 108 63 jetzt
2621 860 285 48 städtischem
2928 862 383 51 Musik-Director

1798 928 42 47 in
1883 929 146 56 Bonn,
2067 931 54 47 ist
2161 932 99 47 eine
2304 933 340 64 preisgekrönte
2676 934 325 66 Composition,

1799 1004 69 49 bei
1901 1006 102 48 dem
2036 1008 40 46 in
2109 1008 165 48 diesem
2306 1011 332 48 Nachsommer
2676 1014 39 45 in
2747 1016 186 47 Aachen
2980 1016 332 64 abgehaltenen

1797 1084 187 46 zweiten
2005 1086 132 47 Feste
2151 1084 78 49 des
2248 1087 280 48 rheinischen
2547 1089 348 64 Sängervereins
2918 1111 78 29 zur
3013 1094 299 65 Aufführung

1799 1160 224 63 gebracht
2048 1162 184 47 worden
2259 1163 90 47 und
2375 1163 92 55 hat,
2493 1167 84 46 wie
2598 1167 61 46 sie
2682 1167 137 48 schon
2846 1185 81 31 von
2953 1171 83 47 den
3063 1172 224 47 Preisrich-

1796 1244 99 40 tern
1928 1238 170 47 ehrend
2130 1241 259 63 gewürdigt
2418 1243 174 53 wurde,
2630 1244 113 47 auch
2786 1244 69 49 bei
2895 1246 80 48 der
3011 1248 301 65 Aufführung

1797 1314 199 48 lebhafte
2027 1318 343 63 Anerkennung
2399 1319 242 62 gefunden.

1915 1393 128 47 Auch
2071 1393 113 48 über
2208 1411 191 31 unseren
2417 1397 233 63 jüngsten,
2676 1398 111 46 noch
2815 1398 56 47 im
2898 1401 201 47 Genüsse
3123 1401 76 48 des
3223 1403 65 47 Sti-

1797 1468 239 65 pendiums
2066 1472 248 47 stehenden
2344 1473 310 63 Stipendiaten
2688 1475 169 47 Ernst
2889 1477 215 48 Deurer
3135 1479 177 47 können

1799 1547 80 45 wir
1910 1563 86 31 nur
2028 1548 305 48 Erfreuliches
2365 1550 246 49 berichten.
2662 1553 95 46 Auf
2780 1553 85 47 den
2894 1554 23 45 V
2933 1555 210 64 orschlag
3172 1557 144 47 seines

1799 1624 257 65 bisherigen
2089 1625 213 57 Lehrers,
2335 1628 149 48 Herrn
2512 1629 190 47 Vincenz
2733 1630 207 49 Lachner
2969 1633 41 46 in
3038 1634 278 56 Mannheim,

1798 1702 78 47 hat
1915 1702 80 47 der
2038 1704 253 47 Ausschuss
2323 1707 249 47 Frankfurt
2612 1723 51 31 zu
2706 1705 156 50 dessen
2906 1709 292 50 Aufenthalte
3238 1727 52 47 ge-

1798 1779 152 47 wählt.
1984 1780 111 47 Hier
2116 1780 76 49 hat
2216 1782 121 47 Herr
2362 1783 342 63 Capellmeister
2724 1784 135 62 Ignaz
2880 1785 208 49 Lachner
3113 1788 90 46 sich
3240 1788 51 47 be-

1799 1855 84 47 reit
1912 1855 186 57 erklärt,
2131 1859 214 47 Deurer's
2371 1860 217 49 Arbeiten
2613 1862 313 48 nachzusehen
2958 1864 90 46 und
3078 1864 92 47 ihm
3195 1865 121 47 Rath

1799 1933 91 48 und
1934 1934 263 66 Belehrung
2236 1954 51 29 zu
2331 1939 234 48 ertheilen.
2624 1939 92 47 Der
2749 1940 206 49 Director
2993 1940 76 49 des
3101 1943 215 48 Cäcilien-

1802 2011 204 56 Vereins,
2032 2013 122 47 Herr
2178 2014 108 47 Karl
2311 2015 181 56 Müller,
2523 2015 76 48 hat
2627 2015 92 47 ihm
2749 2016 120 47 seine
2899 2018 296 65 reichhaltige
3219 2037 66 29 mu-

1797 2089 231 48 sicalische
2051 2090 256 50 Bibliothek
2331 2110 51 30 zu
2409 2094 133 48 freier
2568 2094 264 63 Benutzung
2856 2095 283 64 angeboten;
3171 2096 149 49 ferner

1798 2166 53 47 ist
1888 2166 92 47 ihm
2020 2168 80 47 der
2128 2170 168 47 Zutritt
2331 2188 53 30 zu
2422 2170 85 48 den
2551 2171 553 65 Opern-Vorstellungen,
3148 2192 52 29 zu
3232 2174 84 48 den

1799 2244 183 48 Proben
2024 2246 191 56 sowohl,
2260 2248 84 48 wie
2386 2265 52 31 zu
2481 2248 85 49 den
2598 2249 360 65 Aufführungen
3002 2249 80 49 der
3124 2251 194 49 Vereine

1799 2320 207 50 eröffnet.

1916 2400 234 48 Nachdem
2177 2400 78 50 das
2278 2403 60 47 im
2365 2404 182 62 vorigen
2570 2403 141 48 Jahre
2735 2404 224 48 erlassene
2984 2405 333 48 Ausschreiben

1799 2476 125 48 einer
1956 2477 292 67 Bewerbung
2295 2497 73 31 um
2414 2480 78 48 das
2522 2480 283 65 Stipendium
2851 2481 80 49 der
2959 2483 198 63 Stiftung
3200 2483 118 48 ohne

1798 2554 80 48 das
1920 2556 178 47 erzielte
2142 2557 206 47 Resultat
2386 2559 240 63 geblieben
2671 2575 111 40 war,
2826 2559 57 48 da
2925 2559 69 48 die
3022 2560 298 48 Preisrichter

1799 2631 162 48 keinen
1986 2632 80 49 der
2090 2634 250 48 Bewerber
2371 2636 76 46 für
2478 2635 177 63 würdig
2685 2638 205 45 erklären
2923 2636 214 56 konnten,
3168 2638 149 48 haben

1797 2710 82 46 wir
1905 2711 128 47 Ende
2052 2711 179 62 August
2254 2711 39 48 d.
2311 2714 40 47 J.
2376 2712 169 49 wieder
2566 2715 99 46 eine
2690 2714 290 64 Bewerbung
3003 2716 285 64 ausgeschrie-

1798 2785 150 66 ben*).
1976 2790 66 44 Zu
2074 2787 144 50 dieser
2249 2790 53 47 ist
2331 2791 98 47 eine
2460 2791 202 47 reichere
2691 2791 109 47 Zahl
2832 2808 81 31 von
2947 2792 366 65 Bewerbungen,

1797 2865 62 47 als
1884 2865 163 63 jemals
2079 2866 171 55 früher,
2295 2869 90 45 und
2418 2869 65 47 bis
2513 2885 80 31 aus
2622 2869 84 47 den
2740 2869 195 48 fernsten
2965 2869 187 48 Landen
3184 2870 104 48 deut-

1796 2942 130 47 scher
1953 2946 160 61 Zunge
2146 2945 67 47 bei
2246 2963 82 30 uns
2358 2947 329 64 eingegangen.
2728 2947 147 47 Allein
2906 2947 120 47 nicht
3055 2965 85 31 nur
3170 2965 114 48 quan-

1796 3020 158 57 titativ,
1984 3021 195 48 sondern
2211 3024 114 47 auch
2357 3025 231 63 qualitativ
2620 3024 195 63 glauben
2848 3024 82 47 wir
2960 3025 78 47 mit
3066 3025 137 47 voller
3229 3026 55 46 Be-

1797 3097 256 68 friedigung
2079 3101 81 47 auf
2178 3101 71 47 die
2273 3101 351 65 Anmeldungen
2658 3101 244 48 hinweisen
2932 3119 51 30 zu
3016 3102 196 55 können,
3242 3102 70 49 die

1873 3177 113 47 nach
2020 3177 85 49 den
2140 3179 294 63 beigefügten
2465 3180 277 63 Zeugnissen
2789 3179 87 48 und
2908 3181 286 62 eingeholten
3228 3181 56 46 Er-

1796 3252 327 67 kundigungen
2147 3274 51 29 zu
2227 3256 224 48 urtheilen
2536 3274 83 30 uns
2643 3275 49 29 zu
2718 3256 80 48 der
2820 3257 280 64 Erwartung
3125 3259 161 47 berech-

1793 3332 138 64 tigen,
1963 3332 101 48 dass
2094 3350 80 32 aus
2204 3333 79 49 der
2312 3335 294 63 diesmaligen
2639 3335 292 63 Bewerbung
2961 3336 69 47 ein
3062 3335 249 65 Ergebniss

1790 3426 54 31 zu
1862 3411 125 62 Tage
2004 3417 145 41 treten
2169 3411 169 57 werde,
2357 3412 192 47 welches
2573 3429 81 30 uns
2671 3412 111 47 volle
2801 3412 346 65 Genugthuung
3165 3412 148 48 bietet.

1907 3488 96 47 Der
2061 3488 350 64 Verwaltungs-
2428 3491 253 47 Ausschuss
2735 3488 80 49 der
2867 3490 441 63 Mozart-Stiftung:

1793 3566 79 48 Dr.
1898 3567 257 56 Ponfick,
2187 3567 247 48 Präsident.
2470 3570 79 47 Dr.
2575 3567 278 56 Eckhard,
2885 3568 220 47 Secretär.
3138 3568 145 47 Frank-

1790 3642 91 48 furt
1910 3661 38 31 a.
1981 3646 77 54 M.,
2089 3643 86 51 30.
2207 3646 272 63 September
2516 3646 158 49 1864.

1892 3828 37 47 *)
1960 3828 35 36 S.
2026 3830 192 34 Niederrh.
2248 3830 324 46 Musik-Zeitung,
2604 3830 60 34 Nr.
2695 3828 59 38 37.
