3518 4346
1737 159 105 50 406

233 315 99 46 dem
359 310 262 50 Oratorium
881 308 68 45 die
978 322 47 30 so
1049 310 228 57 genannte
1302 301 184 47 Malerei
1512 299 232 48 verwandt

230 391 54 46 ist
326 407 54 29 an
421 388 91 45 drei
552 386 180 46 Stellen.
792 383 186 47 Erstlich
1019 383 41 44 in
1100 380 101 47 dem
1235 379 145 47 Chor:
1422 379 122 53 „Der
1571 376 172 47 Jordan

230 466 129 49 stand
389 464 141 63 gleich
566 463 379 47 Wassermauern
977 459 102 54 still,
1124 456 88 47 und
1258 455 250 47 rückwärts
1552 452 74 47 auf
1668 468 77 30 zur

234 543 160 58 Quelle
439 558 109 29 rann
586 537 80 47 der
924 535 131 62 (nach
1085 535 156 51 Josua,
1273 531 48 47 C.
1353 530 50 56 3,
1434 531 52 46 V.
1674 544 70 30 wo

234 620 80 46 der
342 625 116 39 erste
487 614 212 48 Satztheil
741 614 39 45 in
813 611 323 47 wiederholten
1170 606 253 55 Accorden,
1466 606 79 46 der
1575 604 168 48 andere

232 696 42 46 in
305 691 361 61 mildwogenden
699 689 231 47 Melismen
973 704 47 29 so
1053 685 190 47 bildhaft
1273 684 189 53 wirken,
1505 682 99 46 dass
1634 682 113 45 einst

234 774 69 45 ein
341 770 259 48 entzückter
633 767 149 46 Hörer
822 765 100 47 rief:
966 765 119 53 „Das
1116 762 52 46 ist
1206 761 47 63 ja
1284 761 106 46 alles
1420 758 201 46 wirklich
1655 756 88 47 und

234 847 114 47 doch
375 846 127 47 mehr
525 845 61 47 als
959 840 224 47 Zweitens
1213 838 41 45 in
1287 837 79 46 der
1395 851 184 46 grossen
1604 836 143 44 Scene

234 941 83 31 von
354 922 218 49 Jericho's
614 920 109 53 Fall,
768 935 69 30 wo
881 918 95 46 eine
1023 915 228 63 prächtige
1283 908 462 52 Posaunen-Melodie

235 1000 89 48 und
354 998 174 47 Josua's
559 997 181 61 Gesang
769 993 216 47 einander
1011 991 400 63 contrapunktiren
1446 988 89 46 und
1566 987 174 47 danach

234 1077 78 47 das
341 1076 153 47 Beben
526 1073 79 46 der
635 1071 169 47 Völker
834 1071 39 46 in
906 1071 122 44 einer
1060 1066 457 54 unnachahmlichen,
1547 1081 87 29 nur
1665 1063 79 46 der

233 1152 237 48 Tonkunst
514 1150 251 62 möglichen
799 1147 139 61 Figur
981 1145 262 63 abgebildet
1284 1142 122 46 wird.
1547 1141 200 45 Drittens

235 1230 107 64 (Jos.
379 1228 82 54 10,
500 1226 111 63 13):
656 1226 79 46 das
764 1223 305 47 wunderbare
1109 1222 196 55 „Sonne,
1343 1219 126 46 stehe
1505 1219 83 46 still
1634 1217 113 47 über

500 1303 108 46 wird
646 1301 261 63 dargestellt
949 1299 41 46 in
1034 1298 144 47 einem
1222 1294 318 65 Orgelpunkte
1570 1293 150 64 (Halte-

234 1382 113 65 ton),
390 1383 84 46 den
517 1379 278 49 sämmtliche
830 1379 256 51 Posaunen,
1124 1373 284 48 Schalmeien
1453 1371 88 48 und
1590 1373 157 46 Flöten

234 1461 60 47 im
319 1461 178 47 Räume
521 1475 81 29 von
624 1454 43 50 A
671 1471 105 32 —a
783 1452 16 27 2
830 1453 258 51 vollziehen,
1118 1449 215 50 während
1363 1451 113 45 über
1502 1448 87 47 und
1617 1456 130 38 unter

234 1537 100 47 dem
380 1533 316 65 Orgelpunkte
740 1532 96 47 eine
884 1531 141 47 Reihe
1070 1527 296 65 kämpfender
1408 1526 207 47 Accorde
1655 1524 89 47 und

232 1613 251 48 Melodieen
510 1607 458 51 dahinziehen—fast
1000 1604 67 51 32
1095 1607 139 46 Tacte
1265 1603 248 47 hindurch:
1544 1603 68 46 ein
1643 1617 75 30 sen-

230 1689 171 64 gender
431 1688 160 48 Schein
635 1686 113 47 über
792 1684 78 47 der
915 1682 298 65 kämpfenden
1255 1682 282 61 Bewegung,
1580 1678 80 47 der
1702 1678 43 47 in

229 1767 177 47 solcher
449 1764 232 61 Wirkung
727 1762 151 47 keiner
921 1759 266 65 plastischen
1239 1757 183 48 Malerei
1479 1754 265 48 erreichbar

233 1848 136 50 wäre,
412 1842 98 47 weil
544 1858 102 29 man
677 1840 84 46 den
793 1838 229 48 Stillstand
1056 1837 77 47 der
1165 1838 151 44 Sonne
1349 1834 78 46 mit
1458 1835 163 61 Augen
1653 1833 68 46 nie-

230 1922 112 47 mals
373 1918 325 48 wahrnehmen
728 1915 174 55 würde,
942 1915 55 47 da
1029 1931 102 30 man
1164 1913 114 47 auch
1310 1912 71 47 ihr
1413 1909 331 48 Fortschreiten

229 1999 79 46 mit
337 1999 163 61 Augen
531 1994 120 47 nicht
680 1993 325 48 wahrnehmen
1037 1992 142 53 kann;
1211 1989 96 47 hier
1338 1988 76 47 hat
1443 1987 70 48 die
1544 1985 195 50 dunkele

227 2075 147 47 Kunst
404 2074 80 47 der
514 2074 127 46 Töne
670 2074 205 62 grössere
906 2068 208 56 Evidenz,
1152 2068 63 47 als
1245 2067 70 47 die
1347 2065 114 47 helle
1491 2065 148 47 Kunst
1669 2063 76 48 des

225 2150 247 64 Lichtes*).

345 2228 83 47 Die
469 2225 172 57 „Wahl
682 2224 77 47 des
1118 2220 78 47 das
1237 2218 135 48 dritte
1414 2216 137 49 Stück
1602 2215 143 48 dieses

223 2305 277 63 Jahrgangs,
543 2303 53 47 ist
638 2301 69 47 ein
751 2300 138 47 Stück
942 2315 83 31 von
1077 2298 348 47 unbestimmter
1469 2294 274 65 Kategorie;

227 2383 176 47 Händel
432 2382 137 46 selbst
599 2385 138 42 nennt
766 2395 45 31 es
1461 2374 227 51 interlude
1094 2375 89 47 und
1213 2375 79 46 hat
1314 2389 44 32 es
1381 2373 164 48 einmal
1577 2373 62 47 als
1668 2389 50 29 zu-

225 2462 221 63 gefügten
478 2460 86 46 Act
605 2474 98 31 zum
745 2454 374 49 Alexanderfeste
1163 2451 283 65 aufgeführt.
1502 2451 95 46 Der
1627 2450 118 47 Text

225 2538 52 47 ist
307 2538 123 47 nicht
459 2536 114 47 eben
606 2535 112 47 hoch
751 2531 272 50 dramatisch
1056 2530 228 64 gehalten,
1315 2529 70 47 die
1417 2526 147 49 Musik
1596 2528 144 45 einem

224 2615 198 48 anderen
451 2611 337 66 gleichzeitigen
820 2609 290 63 Schauspiele
1142 2608 155 47 früher
1334 2605 227 64 unterlegt
1590 2620 120 47 gewe-

227 2709 76 31 sen
334 2690 49 65 (s.
414 2690 247 61 Vorwort).
719 2690 93 45 Der
841 2688 163 52 Inhalt,
1047 2685 84 47 den
1171 2684 258 48 bekannten
1462 2682 135 46 Herc.
1631 2682 81 45 Pro-

229 2770 140 47 dicius
398 2769 173 47 leidlich
602 2764 364 53 dramatisirend,
1008 2764 53 45 ist
1098 2763 138 46 schon
1268 2778 55 31 an
1354 2760 90 47 sich
1476 2759 122 48 nicht
1627 2759 115 47 eben

229 2846 257 64 poetischen
516 2845 305 61 Schwunges;
862 2841 69 47 die
962 2839 308 48 musicalische
1302 2835 358 51 Charakteristik
1691 2853 51 29 zu

229 2924 244 52 beweisen,
515 2925 120 45 wäre
674 2921 97 46 eine
803 2917 210 65 Aufgabe
1053 2917 69 46 für
1151 2916 117 47 Liszt
1306 2914 90 47 und
1430 2914 228 62 Wagner,
1698 2914 42 45 in

224 3000 432 66 symphonistischen
690 3000 326 58 Programmen
1060 3013 50 28 zu
1152 2996 146 52 lösen;
1340 2992 117 47 denn
1500 3008 102 30 man
1645 3006 72 31 ver-

224 3080 161 47 nimmt
407 3094 119 32 zwar
550 3076 117 47 wohl
694 3075 70 47 die
784 3074 166 48 Hoheit
967 3072 79 47 der
1080 3069 199 66 yi()£tr],
1303 3069 111 48 aber
1438 3069 70 47 die
1547 3062 190 69 Hdovrj

224 3156 55 47 ist
314 3156 271 62 wenigstens
624 3152 128 47 keine
789 3150 291 48 zauberische
1113 3149 152 45 Venus
1296 3147 76 47 des
1405 3144 334 62 Venusberges.

223 3234 136 47 Diese
388 3230 338 49 Parteilichkeit
754 3229 78 47 der
862 3226 301 62 Schilderung
1206 3225 110 47 wird
1359 3239 121 32 zwar
1527 3220 215 48 Händel's

225 3311 167 47 Genius
422 3310 174 46 minder
634 3325 99 29 zum
769 3305 240 47 Vorwurfe
1048 3302 259 64 gereichen,
1349 3301 57 48 da
1436 3300 71 47 die
1537 3298 176 47 Darstel-

227 3390 105 62 lung
362 3387 75 47 des
463 3386 175 47 Helden
670 3384 87 48 und
790 3384 79 47 der
892 3381 192 62 Tugend
1109 3381 126 46 desto
1265 3378 124 49 edler
1419 3376 211 66 gehalten
1662 3375 75 56 ist;

224 3466 112 47 aber
376 3465 78 47 das
497 3461 386 50 dramatische
926 3458 216 63 Ringen
1183 3474 99 30 vom
1316 3455 187 49 Grunde
1544 3453 66 47 bis
1636 3469 99 30 zum

225 3542 142 65 Gipfel
399 3542 52 47 ist
482 3541 119 47 nicht
629 3538 145 54 darin,
815 3536 285 61 dergleichen
1142 3551 81 31 uns
1251 3535 59 45 im
1344 3531 272 49 Maccabäus
1645 3530 90 47 und

224 3625 188 46 Samson
441 3638 48 29 so
521 3617 196 62 mächtig
747 3615 196 64 ergreift.
1028 3612 128 48 Auch
1180 3612 79 47 der
1282 3610 349 54 Schluss-Chor,
1655 3607 55 48 ob-

223 3718 118 30 zwar
384 3715 80 30 von
507 3692 423 65 durchdringender
959 3691 224 47 ethischer
1213 3690 146 53 Kraft,
1401 3687 79 48 hat
1509 3686 115 48 doch
1655 3702 50 30 zu-

221 3776 143 66 gleich
395 3782 139 40 etwas
564 3768 367 56 Befremdendes,
961 3766 148 48 indem
1140 3784 100 30 zum
1272 3766 133 63 Siege
1434 3765 82 47 der
1544 3761 191 64 Tugend

326 3939 35 45 *)
389 3936 126 47 Vergl.
545 3935 92 34 über
663 3931 179 37 ähnliche
872 3930 235 45 Wirkungen
1146 3928 103 35 eines
1283 3925 297 47 ausgehaltenen
1612 3925 126 34 Tones

220 4002 60 36 bei
322 4002 156 41 Mozart,
521 3996 215 35 Beethoven
783 4006 37 21 u.
858 4003 29 23 s.
922 4002 46 24 w.
1015 4001 135 23 unsere
1197 3987 292 46 Bemerkungen
1533 3984 93 36 über
1673 3984 65 35 das

221 4062 160 34 Scherzo
412 4059 61 34 der
859 4063 75 24 von
963 4049 231 46 Beethoven,
1222 4048 168 34 Rhein.
1419 4043 319 47 Musik-Ztg.,

221 4120 111 45 1851,
361 4120 61 36 Nr.
458 4120 28 42 1,
516 4120 36 33 S.
578 4115 88 38 235.
1231 4107 93 36 Die
1359 4105 275 37 Redaction.

1843 299 70 45 ein
1938 297 159 47 trüber
2121 300 97 47 Ton
2246 299 312 62 hineinklingt,
2582 296 79 48 der
2684 313 135 48 sogar
2844 297 84 47 den
2953 296 410 64 ungewöhnlichen

1844 371 324 51 il/o/Z-Schluss
2199 375 76 47 des
2307 375 180 47 Ganzen
2519 374 112 47 nach
2662 374 92 47 sich
2786 374 128 47 zieht.
2963 374 140 47 Sollte
3135 374 96 47 hier
3259 372 83 49 viel-

1847 451 131 47 leicht
2020 451 80 47 der
2143 451 316 65 ursprünglich
2505 450 207 48 andere
2756 452 117 46 Text
2913 451 229 46 Auskunft
3186 450 179 61 geben?

1848 527 106 47 Wir
1985 529 268 47 bescheiden
2286 545 82 31 uns
2408 529 75 45 des
2521 526 309 55 Endurtheils,
2874 527 98 46 weil
3010 526 70 47 die
3123 526 129 47 tiefer
3288 527 59 46 lie-

1847 604 145 62 gende
2034 606 148 61 Frage
2231 606 113 46 nach
2387 604 350 63 Uebertragung
2784 605 80 45 der
2895 602 247 48 Tonbilder
3184 604 42 45 in
3269 620 72 30 ver-

1846 681 240 47 schiedene
2116 682 145 46 Texte
2292 682 96 46 eine
2419 680 113 47 noch
2563 680 303 47 schwebende
2897 680 68 54 ist,
3003 678 147 47 zumal
3182 678 79 47 das
3290 695 50 47 ge-

1846 765 192 40 sammte
2062 758 162 47 Gebiet
2255 758 77 47 der
2365 757 460 47 Musikwissenschaft
2847 757 109 62 jetzt
2984 757 58 46 im
3069 757 181 46 Göhren
3278 756 88 48 und

1848 833 257 49 Umwälzen
2154 835 238 63 begriffen,
2450 833 143 47 daher
2640 850 154 30 ausser
2843 833 85 47 den
2980 832 387 62 Grundbegriffen

1850 910 146 48 Vieles
2039 912 223 47 wankend
2314 910 246 64 geworden
2612 910 67 54 ist,
2731 926 90 31 was
2867 910 155 45 früher
3073 910 295 63 ausgemacht

1847 987 166 48 schien.
2058 990 284 45 Aeusserlich
2377 988 80 46 fest
2485 987 118 47 steht
2633 988 128 51 aber,
2792 988 99 46 dass
2923 987 70 46 die
3026 987 233 62 Wirkung
3290 987 80 46 der

1848 1080 184 43 grossen
2077 1065 338 48 Lebenswerke
2469 1080 187 30 unserer
2709 1063 182 47 Meister
2942 1063 90 46 sich
3090 1070 113 39 trotz
3259 1063 111 47 aller

1848 1142 258 47 Theoreme
2156 1143 160 46 immer
2366 1141 453 47 unwiderstehlicher
2868 1139 259 54 verbreitet,
3178 1141 63 63 ja,
3286 1141 84 47 wie

1848 1217 337 49 aufmerksame
2217 1219 182 46 Kenner
2430 1217 272 56 versichern,
2746 1217 136 47 heute
2921 1217 115 47 noch
3080 1217 291 62 siegreicher,

1848 1296 63 47 als
1941 1296 41 45 in
2015 1296 80 47 der
2121 1297 98 47 Zeit
2261 1297 123 46 ihrer
2413 1294 356 49 Lebensblüthe.
2829 1294 151 47 Dafür
3008 1302 134 55 zeugt
3172 1294 122 47 nicht
3322 1311 48 30 so

1847 1372 104 46 sehr
1980 1371 70 48 die
2081 1372 270 48 wachsende
2392 1372 110 46 Lust
2540 1387 55 31 an
2627 1371 380 62 Aufführungen,
3052 1371 62 45 als
3154 1371 77 47 das
3262 1371 80 47 Ein-

1848 1448 190 64 dringen
2090 1449 40 47 in
2180 1449 71 47 die
2294 1449 178 47 Häuser
2521 1465 50 29 zu
2613 1448 176 46 Genuss
2839 1448 89 46 und
2974 1447 278 63 Belehrung,
3300 1448 70 46 ein

1850 1527 163 46 Damm
2048 1543 144 47 gegen
2218 1527 70 47 die
2319 1526 348 64 gegenläufigen
2693 1526 181 47 Ströme
2905 1524 272 64 ephemerer
3201 1526 141 45 Kunst-

1847 1603 166 47 werke.

1963 1680 61 47 So
2073 1679 108 64 geht
2223 1678 117 47 denn
2386 1678 77 48 das
2502 1694 155 47 grosse
2690 1678 356 47 Händel-Werk
3079 1677 127 48 einen
3239 1693 105 31 ener-

1846 1757 122 63 gisch
1994 1757 188 47 raschen
2209 1757 149 62 Gang,
2391 1755 217 47 wodurch
2633 1772 45 30 es
2699 1757 173 45 sowohl
2899 1754 78 47 der
3001 1754 206 48 vierzehn
3231 1754 141 47 Jahre

1844 1834 171 47 älteren
2046 1833 257 63 englischen
2332 1832 440 63 Händel-Ausgabe,
2803 1834 63 46 als
2896 1832 80 48 der
3007 1833 105 46 acht
3132 1832 141 48 Jahre
3296 1848 50 31 zu-

1846 1928 77 29 vor
1945 1910 315 64 gegründeten
2288 1909 368 65 Bach-Ausgabe
2685 1910 137 47 schon
2849 1909 111 64 jetzt
2989 1926 161 30 voraus
3181 1909 158 64 gekom-

1846 2006 103 30 men
1978 1989 70 55 ist,
2079 1989 89 47 und
2199 1988 200 63 zugleich
2434 1989 98 46 eine
2556 1988 273 63 Bürgschaft
2857 1987 76 47 des
2962 2004 53 30 zu
3046 1987 325 47 erreichenden

1844 2065 144 49 Zieles
2017 2083 52 31 zu
2098 2073 162 56 tragen
2290 2065 189 55 scheint,
2510 2082 47 30 so
2590 2065 132 63 lange
2753 2065 85 47 den
2871 2063 245 49 Gründern
3148 2064 90 47 und
3267 2064 78 47 Lei-

1846 2149 115 47 tern,
1994 2141 367 67 Chrysander
2392 2141 89 47 und
2515 2141 301 55 Gervinus,
2847 2141 97 46 ihre
2968 2141 134 47 Kraft
3131 2141 121 47 nicht
3276 2158 72 29 ver-

1843 2225 115 57 sagt.
2018 2219 191 47 Freilich
2253 2218 166 63 gehört
2462 2218 111 47 dazu
2618 2218 114 47 auch
2778 2218 98 47 eine
2915 2216 272 49 wachsende
3217 2216 129 49 Theil-

1844 2296 168 47 nahme
2054 2295 80 48 der
2177 2295 285 56 Abnehmer,
2514 2294 246 48 besonders
2803 2294 59 47 im
2907 2294 247 47 deutschen
3197 2294 175 54 Volke;

1844 2373 116 48 denn
1993 2373 70 48 die
2093 2374 185 63 heutige
2308 2374 69 57 ist,
2408 2373 183 47 obwohl
2624 2371 151 49 bisher
2805 2373 133 62 stetig
2966 2371 260 56 wachsend,
3255 2370 115 48 doch

1843 2451 116 47 noch
1991 2451 123 47 nicht
2143 2468 48 30 so
2222 2451 141 54 stark,
2403 2450 101 47 dass
2535 2467 103 30 man
2671 2450 120 47 ohne
2820 2450 145 62 Sorge
2995 2450 43 46 in
3070 2449 71 47 die
3168 2449 204 47 Zukunft

1844 2528 176 48 blicken
2052 2528 111 48 darf.
2208 2528 84 47 Die
2322 2528 257 62 bisherigen
2610 2526 217 47 achtzehn
2859 2525 306 64 Lieferungen
3197 2525 150 48 enthal-

1843 2613 74 40 ten
1964 2605 136 48 kaum
2133 2606 70 47 die
2236 2605 148 47 Hälfte
2425 2604 80 47 der
2537 2604 393 48 Gesammtwerke
2961 2602 234 56 Händel's,
3239 2610 133 39 unter

1843 2682 145 49 denen
2015 2682 189 64 dreissig
2233 2684 156 62 Opern
2422 2681 89 47 und
2537 2681 186 62 dreissig
2747 2680 246 48 Oratorien
3019 2680 85 47 den
3131 2681 124 46 Kern
3288 2680 62 47 bil-

1843 2761 106 54 den,
1978 2760 70 47 die
2081 2761 81 46 wir
2192 2776 72 31 wo
2297 2760 195 63 möglich
2525 2776 112 46 ganz
2669 2759 89 45 und
2800 2759 85 47 alle
2929 2757 194 49 besitzen
3169 2760 198 55 müssen,

1844 2855 75 31 um
1965 2837 76 47 des
2085 2839 255 47 herrlichen
2373 2837 206 47 Meisters
2617 2835 238 65 gründlich
2894 2836 161 62 gewiss
3092 2853 52 29 zu
3186 2834 182 48 werden

1844 2915 89 48 und
1966 2916 99 46 eine
2088 2931 155 47 grosse
2269 2914 190 48 Periode
2486 2929 184 32 unseres
2695 2914 155 45 besten
2877 2912 307 47 Kunstlebens
3215 2912 128 47 leben-

1843 2992 75 64 dig
1940 3010 51 31 zu
2018 2992 247 49 erkennen.
2295 2991 245 48 Sicherlich
2566 2990 95 48 sind
2687 2990 151 47 solche
2858 2990 194 58 Werke,
3075 2990 140 48 selbst
3236 3006 132 31 wenn

1842 3070 61 47 sie
1932 3070 145 63 gleich
2102 3070 197 48 anderen
2333 3085 186 48 grossen
2547 3069 173 47 Bauten
2744 3067 81 49 der
2849 3067 262 47 Deutschen
3137 3067 208 49 unvollen-

1842 3146 75 48 det
1949 3146 196 56 bleiben,
2195 3146 206 48 dennoch
2445 3154 112 39 trotz
2598 3145 109 47 aller
2749 3145 313 63 persönlichen
3095 3145 145 62 Opfer
3280 3144 87 46 und

1839 3225 242 48 scheinbar
2112 3225 79 47 mit
2222 3225 193 48 Undank
2457 3224 241 63 gelohnter
2726 3224 170 47 Mühen
2934 3222 122 47 nicht
3093 3221 278 65 vergeblich,

1841 3302 54 47 da
1938 3319 83 30 von
2065 3304 135 45 ihnen
2245 3302 78 47 das
2368 3317 139 47 ganze
2552 3300 302 53 Kunstleben,
2910 3300 174 48 sowohl
3128 3300 116 47 nach
3288 3298 82 47 der

1841 3378 457 50 wissenschaftlichen
2330 3380 119 47 Seite
2482 3378 74 47 hin
2587 3378 63 49 als
2679 3377 143 48 durch
2855 3377 259 65 praktische
3154 3376 183 48 Wieder-

1841 3457 249 64 belebung,
2129 3456 203 65 gesunde
2364 3456 89 47 und
2485 3456 383 62 unvergängliche
2897 3455 226 63 Nahrung
3154 3453 216 64 gewinnt.

2912 3532 54 47 E.
3011 3532 241 63 Krüger.

2368 3782 457 72 Mozart-Stiftung.

1954 3925 96 47 Aus
2074 3923 102 49 dem
2200 3925 528 66 sechsundzwanzigsten
2747 3923 374 50 Jahresberichte
3145 3923 81 49 der
3250 3922 85 48 Ver-

1839 4002 205 65 waltung
2074 4002 80 48 der
2184 4003 401 65 Mozart-Stiftung
2620 4005 44 47 in
2712 4003 314 49 Frankfurt
3064 4020 40 32 a.
3144 4003 61 47 M.
3249 4001 118 48 über

1839 4078 79 48 das
1936 4079 338 67 Geschäftsjahr
2295 4081 144 51 1863
2457 4082 141 50 —64
2628 4081 147 49 heben
2794 4082 83 47 wir
2897 4081 257 65 Folgendes
3177 4081 188 47 hervor:
