2222 4079
509 419 78 40 LE
621 406 372 53 MÉCANISME
1024 416 208 43 VOCAL
1264 416 79 41 ET
1380 415 75 41 LE
1486 415 219 41 CHANT

1984 457 0 0 215

228 574 142 42 savoir
393 573 34 41 si
448 572 38 42 le
505 572 186 56 disciple
726 573 98 41 s'est
844 572 136 41 rendu
1004 578 171 48 compte
1210 570 51 39 de
1291 576 142 33 toutes
1456 567 162 40 choses.
1653 567 59 40 Ce
1745 569 155 40 travail
1937 583 54 26 ne

229 663 89 27 sera
340 649 275 53 interrompu
637 647 136 54 qu'au
796 653 196 33 moment
1022 649 57 36 où
1112 644 37 40 le
1176 643 211 41 chanteur
1408 640 222 55 possédera
1658 640 333 54 complètement

227 724 61 39 les
312 735 181 42 moyens
515 734 86 41 que
629 722 39 40 la
693 721 173 40 science
898 718 59 41 du
982 716 262 41 mécanisme
1264 716 128 39 vocal
1411 721 88 33 met
1517 717 23 36 à
1567 727 44 26 sa
1645 712 276 54 disposition.
1949 713 36 40 Il

228 798 205 33 trouvera
456 792 24 38 à
497 789 40 41 la
557 788 61 41 fin
644 788 51 40 de
726 795 107 33 cette
855 784 208 56 première
1086 782 137 55 partie
1244 781 72 40 des
1344 780 211 41 exercices
1575 793 83 40 que
1690 780 38 39 le
1749 781 156 38 maître
1926 780 65 39 lui

227 865 88 40 fera
337 863 471 40 consciencieusement
830 858 180 41 étudier.
1041 856 83 42 Ces
1147 856 209 40 exercices
1387 865 77 30 ont
1498 868 112 42 pour
1630 853 114 54 objet
1766 853 51 40 de
1843 852 149 41 fondre

232 946 122 32 entre
375 951 84 26 eux
489 936 59 40 les
583 934 143 40 divers
761 932 198 54 registres
982 932 52 39 de
1056 930 40 41 la
1126 930 101 41 voix
1262 932 23 37 à
1321 928 185 55 laquelle
1543 927 51 41 ils
1632 927 247 40 donneront
1905 939 87 27 une

233 1009 307 55 homogénéité
562 1007 228 54 complète.
815 1005 165 50 Quand
1000 1004 144 41 l'élève
1178 1004 59 40 les
1271 1003 94 41 dira
1401 1002 317 56 parfaitement,
1747 1000 30 41 ii
1806 1013 52 27 ne
1895 1013 93 27 sera

231 1094 132 30 certes
381 1097 75 41 pas
475 1095 155 27 encore
653 1094 57 26 an
729 1080 147 41 artiste
896 1094 10 35 ;
929 1078 108 41 mais
1054 1078 30 41 il
1102 1091 125 27 saura
1251 1076 208 41 conduire
1481 1089 44 27 sa
1544 1075 119 53 voix,
1686 1087 170 28 aucune
1872 1072 100 41 diffi-

232 1158 116 39 culté
373 1171 53 26 ne
449 1156 63 41 lui
539 1157 188 53 paraîtra
757 1156 223 51 étrangère
1002 1164 40 29 et
1065 1153 31 40 il
1126 1165 105 28 aura
1261 1150 232 42 rassemblé
1528 1158 98 33 tous
1658 1150 59 40 les
1755 1148 239 41 matériaux

232 1231 257 41 nécessaires
512 1234 23 36 à
557 1230 99 40 l'art
677 1230 59 40 du
759 1228 148 41 chant.

1093 1428 40 40 X

1004 1598 221 39 HYGIÈNE

292 1753 74 41 On
403 1751 78 43 fait
510 1748 276 43 fonctionner
806 1743 336 57 journellement
1163 1754 64 27 ses
1253 1741 111 52 bras,
1389 1752 63 28 ses
1472 1738 183 55 jambes,
1680 1750 78 28 son
1780 1750 182 29 cerveau
1982 1752 12 41 ;

243 1825 220 59 pourquoi
485 1821 361 56 n'obligerait-on
877 1833 73 40 pas
971 1818 60 40 les
1054 1828 233 43 poumons,
1310 1814 40 40 le
1371 1826 136 37 cœur,
1534 1813 37 39 le
1608 1811 99 52 foie,
1744 1811 59 40 les
1836 1811 116 40 reins
1972 1814 24 37 à

239 1901 278 43 fonctionner
540 1896 164 53 mieux,
728 1908 99 28 avec
848 1894 97 54 plus
967 1889 232 48 d'activités
1225 1893 23 35 à
1270 1901 43 26 se
1336 1886 201 41 mouvoir
1573 1884 292 42 efficacement
1886 1884 108 40 dans

232 1978 62 40 les
315 1973 162 43 limites
500 1971 78 56 qui
601 1971 96 40 leur
719 1975 99 34 sont
846 1966 213 54 assignées
1076 1967 15 37 ?
1120 1962 123 42 Cette
1263 1959 310 57 gymnastique
1596 1972 53 27 ne
1671 1957 226 41 serait-elle
1918 1970 78 41 pas

235 2048 217 43 favorable
473 2050 23 36 à
519 2043 251 45 l'ensemble
808 2041 50 40 de
893 2042 14 39 1
924 2037 246 56 organisme
1186 2039 15 37 ?
1239 2035 40 40 N
1300 2032 339 43 amèneiait-elle
1671 2045 76 42 pas
1778 2044 87 28 une
1885 2030 112 51 juste

234 2121 258 57 répartition
512 2120 59 41 du
594 2130 108 40 sang
723 2116 107 41 dans
850 2122 144 33 toutes
1012 2112 60 40 les
1096 2110 157 56 parties
1278 2109 59 40 du
1370 2110 154 52 corps?

293 2197 90 50 Qui
405 2209 54 27 en
481 2195 132 40 doute
628 2191 17 42 ?

292 2271 77 53 Or,
395 2282 106 28 mon
524 2269 187 53 système
733 2270 166 49 permet
920 2275 56 28 au
997 2260 214 42 chanteur
1230 2257 210 41 d'exercer
1462 2255 57 41 les
1542 2267 182 41 organes
1745 2253 188 41 internes
1954 2260 42 35 et

239 2347 52 42 de
313 2343 342 52 communiquer
672 2345 24 36 à
715 2337 191 53 ceux-ci,
926 2348 170 28 comme
1118 2337 23 37 à
1163 2332 191 53 ceux-là,
1374 2343 87 28 une
1483 2329 205 41 intensité
1709 2329 51 39 de
1778 2328 67 40 vie
1861 2337 115 31 extra-

235 2419 233 43 ordinaire.
495 2416 139 42 Grâce
655 2418 24 37 à
703 2427 46 27 ce
780 2413 203 54 système,
1018 2407 251 54 Messieurs,
1299 2418 58 28 on
1392 2402 171 43 obtient
1594 2402 58 40 les
1682 2402 200 40 résultats
1904 2401 71 39 sui-

235 2502 128 34 vants
388 2509 9 26 :

295 2569 81 39 Les
404 2569 306 38 mouvements
737 2559 147 55 opérés
912 2558 50 39 de
989 2557 73 40 bas
1091 2568 52 28 en
1329 2550 101 42 sauf
1453 2563 108 28 ceux
1595 2549 52 41 de
1679 2549 41 40 la
1751 2548 148 55 pointe
1922 2547 74 41 des

237 2641 175 56 épaules
453 2648 41 33 et
529 2637 60 41 du
629 2634 302 55 diaphragme,
973 2638 99 34 sont
1106 2626 241 49 salutaires,
1382 2623 305 56 hygiéniques,
1711 2636 99 27 sans
1839 2622 162 55 danger

237 2730 166 29 aucun.

296 2788 184 43 Exercée
501 2799 103 28 avec
627 2782 273 57 précaution,
923 2780 40 40 la
982 2776 191 57 poitrine
1193 2789 43 26 se
1257 2773 237 42 consolide.

298 2865 81 40 Les
401 2873 220 44 poumons
645 2872 43 26 se
710 2862 215 35 mouvant
947 2864 174 30 comme
1138 2863 63 28 un
1220 2848 172 42 soufflet
1413 2846 197 54 d'orgue,
1633 2860 42 26 se
1693 2846 183 42 dilatent
1897 2853 40 34 et
1959 2859 43 27 se

237 2938 250 42 renforcent
505 2935 59 40 du
585 2933 103 41 faîte
707 2934 23 37 à
750 2930 40 41 la
814 2930 121 40 base.

296 3011 291 42 Habilement
608 3006 84 41 mis
714 3019 53 27 en
789 3003 85 56 jeu,
900 3002 59 40 les
982 2997 188 43 muscles
1192 2997 296 40 intercostaux
1510 2993 256 55 acquièrent
1787 3006 61 28 un
1870 2993 104 40 déve-

235 3088 267 55 loppement,
538 3095 63 28 un
637 3077 385 56 assouplissement
1048 3070 78 56 qui
1159 3069 207 57 profitent
1387 3072 23 37 à
1434 3069 39 40 la
1496 3067 192 56 poitrine
1723 3075 40 33 et
1799 3067 108 41 dont
1940 3067 58 40 les

237 3170 145 33 autres
404 3156 189 43 muscles
622 3168 43 27 se
695 3157 257 37 ressentent.

293 3236 62 40 Le
376 3245 129 29 cœur
533 3229 193 42 s'éveille
754 3234 41 33 et
827 3224 123 42 vibre
980 3233 104 29 sous
1115 3217 249 55 Vinfluence
1393 3216 60 41 du
1483 3222 271 35 mouvement
1783 3216 161 41 costal.

297 3308 243 41 L'estomac
562 3304 176 40 devient
759 3300 100 56 plus
876 3298 243 54 vigoureux
1134 3296 23 37 à
1172 3292 41 41 la
1229 3291 118 41 seule
1370 3289 224 42 condition
1614 3290 135 55 qu'on
1771 3304 53 27 ne
1845 3290 156 42 chante

239 3397 85 41 que
347 3381 107 43 trois
478 3380 154 40 heures
653 3379 123 53 après
800 3373 121 42 avoir
949 3369 170 54 mangé.

296 3458 63 40 Le
389 3461 151 36 ventre
562 3450 231 56 disparaît
794 3483 12 21 ;
1037 3443 302 42 entièrement.
