2222 4079
420 1237 188 74 LES
687 1225 635 89 THÉATRES
1398 1248 69 68 A
1543 1225 352 91 PARIS

615 1443 336 43 PENDANT
1005 1446 83 43 LA
1142 1433 475 58 RÉVOLUTION

1652 1448 61 56 (i)

719 1991 26 26 E
766 1977 143 42 décret
932 1977 52 40 de
1011 1989 106 42 1791
1146 1974 181 42 laissant
1347 1975 39 40 le
1408 1974 158 56 champ
1581 1975 112 41 libre
1711 1978 23 37 à
1756 1983 124 35 toute
1902 1978 148 53 espèce

719 2051 304 54 d'entreprises
1044 2049 310 55 dramatiques,
1386 2049 487 41 Boursault-Malherbe
1892 2062 160 40 songea

720 2130 23 36 à
773 2139 52 27 en
859 2125 102 41 tirer
999 2123 142 55 profit.
1181 2123 36 40 Il
1252 2123 116 40 avisa
1401 2137 61 27 un
1495 2131 119 34 vaste
1642 2123 187 52 terrain,
1859 2123 193 41 formant

719 2212 87 27 une
838 2212 106 27 cour
973 2198 79 54 qui
1083 2196 169 42 bordait
1277 2196 188 42 l'ancien
1488 2211 178 41 passage
1690 2198 73 40 des
1792 2198 257 50 Nourrices,

719 2286 178 41 passage
932 2272 78 55 qui
1045 2271 122 41 allait
1198 2270 52 41 de
1280 2270 40 41 la
1348 2285 76 26 rue
1463 2270 323 42 Saint-Martin
1828 2274 24 37 à
1892 2271 39 40 la
1971 2285 79 27 rue

721 2345 347 55 Quincampoix,
1092 2352 56 46 et,
1170 2358 54 26 en
1246 2344 147 40 moins
1426 2344 51 40 de
1500 2344 114 41 deux
1647 2344 130 52 mois,
1801 2358 28 41 y
1852 2344 48 41 fit
1928 2358 124 28 cons-

281 2419 135 41 truire
435 2434 86 27 une
535 2420 110 41 belle
667 2419 101 42 salle
786 2420 53 40 de
859 2419 222 55 spectacle,
1106 2424 22 35 à
1148 2418 191 54 laquelle
1360 2417 29 41 il
1410 2418 148 41 donna
1579 2419 38 40 le
1640 2432 107 27 nom
1769 2418 52 41 de
1840 2419 214 41 Théâtre-

283 2492 182 42 Molière
488 2496 82 50 (2).
596 2493 72 42 On
690 2502 105 47 peut
817 2495 205 39 s'assurer
1042 2506 154 27 encore
1217 2492 281 54 aujourd'hui
1527 2492 51 41 de
1612 2493 40 40 la
1678 2493 191 54 position
1904 2495 125 52 qu'oc-

281 2568 151 52 cupait
453 2581 45 27 ce
525 2568 181 54 théâtre,
730 2567 214 55 puisqu'il
967 2568 68 40 n'a
1057 2567 126 55 point
1217 2568 66 39 été
1321 2566 180 50 détruit,
1525 2580 172 28 comme
1722 2575 95 33 tant
1838 2567 211 54 d'autres,

283 2641 109 40 mais
422 2642 261 41 transformé
705 2655 54 28 en
794 2655 89 28 une
918 2649 120 33 vaste
1060 2641 102 40 salle
1189 2641 51 40 de
1261 2640 146 53 danse,
1443 2641 92 55 qui,
1562 2650 260 32 conservant
1857 2655 79 28 son
1976 2655 51 42 ap-

282 2714 208 57 pellation
515 2716 240 55 primitive,
780 2726 61 32 est
863 2728 153 29 encore
1047 2716 203 54 désignée
1271 2729 100 27 sous
1393 2715 38 41 le
1457 2728 105 28 nom.
1584 2715 51 41 de
1658 2715 294 43 Bal-Molière
1974 2713 76 57 (3).

325 2916 48 41 (1)
393 2914 91 34 Voir
506 2915 34 34 le
563 2916 159 33 numéro
744 2917 50 32 du
819 2914 21 43 i
861 2914 22 43 5
904 2914 191 43 novembre.

325 2993 50 43 (2)
400 3005 15 20 «t
438 2995 161 33 Secondé
633 3007 66 33 par
729 3007 50 22 un
816 2996 73 33 très
915 2994 123 34 habile
1071 2994 249 44 charpentier,
1344 3001 55 26 cet
1420 3000 267 38 entrepreneur
1707 3004 19 23 a
1748 2994 141 44 prouvé
1911 3005 74 34 que
2015 3006 38 22 ce

283 3049 112 43 qu'on
411 3050 96 33 avait
529 3052 149 42 regardé
700 3062 146 22 comme
868 3050 220 45 impossible
1109 3050 88 33 était
1218 3050 75 33 très
1315 3050 121 42 facile;
1460 3060 73 32 car,
1557 3060 44 22 en
1627 3049 123 33 moins
1767 3050 44 32 de
1827 3050 97 33 deux
1941 3050 112 41 mois,

282 3114 48 23 on
347 3115 87 22 avu
458 3106 33 32 le
513 3106 92 33 locr.l
628 3113 82 26 tout
731 3107 20 33 à
772 3106 64 34 fait
856 3106 156 45 changé,
1054 3116 73 23 une
1160 3106 88 33 salle
1273 3116 101 24 assez
1393 3111 103 28 vaste
1517 3111 34 26 et
1573 3105 74 32 très
1681 3105 173 44 agréable
1881 3105 110 44 bâtie,
2021 3113 35 26 et

281 3164 84 27 tous
386 3160 51 34 les
457 3161 188 33 alentours
675 3173 96 33 pour
795 3161 95 34 ainsi
912 3161 80 33 dire
1012 3162 158 42 recréés;
1195 3161 82 33 telle
1300 3170 183 35 personne
1505 3160 64 45 qui
1592 3160 97 34 avait
1711 3160 105 44 passé
1837 3161 96 33 deux
1959 3161 97 33 mois

278 3220 109 26 avant
409 3226 45 22 ne
469 3216 151 43 pouvait
640 3227 44 22 en
707 3215 115 35 croire
844 3227 58 23 ses
922 3227 108 35 yeux,
1071 3227 63 23 sur
1155 3223 78 27 tant
1254 3217 44 33 de
1320 3216 266 45 changements
1614 3216 131 44 opérés
1769 3215 19 34 à
1811 3217 33 33 la
1867 3215 83 35 fois.
1976 3230 16 18 »

278 3267 230 44 (Spectacles
530 3271 42 33 de
593 3272 126 39 Paris,
744 3273 120 45 1792).

324 3341 53 44 (3)
400 3343 47 33 Le
469 3354 150 34 passage
652 3347 63 32 des
748 3348 198 33 Nourrices
986 3347 116 34 existe
1143 3357 143 34 encore,
1323 3346 94 34 mais
1444 3346 24 33 il
1491 3356 19 23 a
1531 3345 143 45 changé
1695 3346 45 34 de
1762 3358 100 33 nom,
1900 3354 157 37 prenant

282 3396 243 44 précisément
544 3401 93 32 celui
659 3401 44 33 de
724 3403 33 33 la
787 3403 90 33 salle
900 3406 113 41 qu'on
1037 3403 96 34 avait
1159 3403 205 33 construite
1385 3403 19 33 à
1427 3413 67 22 son
1521 3402 90 34 côté.
1638 3403 96 33 C'est
1761 3403 240 44 aujourd'hui
2024 3403 32 34 le

284 3462 153 34 passage
470 3454 167 45 Molière,
661 3456 64 43 qui
754 3468 45 22 va
827 3458 45 33 de
906 3459 35 33 la
978 3469 66 23 rue
1079 3458 274 43 Saint-Martin,
1388 3466 37 25 n°
1453 3457 78 47 15g,
1554 3459 76 33 àla
1663 3469 67 23 rue
1765 3459 288 44 Quincampoix,

285 3514 39 25 n°
345 3507 63 32 82.
