2222 4079
1094 1205 86 42 LE

256 1356 574 91 MÉCANISME
883 1364 345 73 VOCAL
1279 1364 115 71 ET
1449 1361 94 71 LE
1597 1356 354 76 CHANT

1950 1345 67 49 '(0

1119 1881 38 44 V

878 2030 52 27 DE
960 2029 52 26 LA
1041 2024 355 31 PRONONCIATION.

696 2162 54 27 ON
769 2147 185 40 nombre
973 2145 52 40 de
1044 2144 248 47 chanteurs,
1316 2153 53 27 en
1394 2140 210 39 émettant
1625 2136 39 41 le
1685 2149 93 36 son,
1810 2135 38 40 le
1876 2135 150 53 gâtent

698 2235 76 41 par
799 2220 40 41 la
860 2217 340 58 prononciation
1224 2214 290 48 défectueuse,
1543 2210 235 55 gutturale,
1805 2208 145 40 nasale
1971 2207 51 41 de

698 2295 209 42 certaines
933 2292 207 55 voyelles,
1175 2290 52 40 de
1262 2288 208 40 certaines
1491 2285 198 55 syllabes.
1727 2283 81 40 Les
1841 2296 85 27 uns
1956 2294 46 27 re-

698 2370 183 40 doutent
917 2367 85 51 l'A,
1043 2366 59 39 les
1138 2371 146 33 autres
1324 2360 223 55 craignent
1588 2358 70 54 l'l,
1698 2371 58 27 ou
1789 2356 95 54 l'U,
1926 2363 100 35 tous

698 2443 138 41 crient
860 2443 122 52 après
1018 2437 105 54 ON,
1160 2436 107 53 OU,
1295 2435 83 49 IN,
1402 2434 104 51 AN,
1529 2441 100 44 etc.,
1653 2440 82 33 etc.

757 2517 103 41 Une
891 2513 200 42 méthode
1114 2513 52 40 de
1187 2511 132 40 chant
1340 2508 78 54 qui
1441 2521 54 27 ne
1521 2506 125 41 ferait
1674 2519 74 41 pas
1770 2504 258 56 disparaître

260 2593 285 41 entièrement
578 2593 59 39 les
664 2590 227 41 difficultés
919 2586 257 57 prétendues
1205 2582 267 44 invincibles
1500 2594 87 42 que
1616 2580 249 54 présentent
1893 2579 14 40 1
1924 2578 86 41 arti-

260 2667 195 41 culation
478 2667 51 40 de
553 2680 66 27 ces
641 2665 203 55 voyelles,
867 2664 52 40 de
942 2676 67 27 ces
1031 2660 204 55 syllabes,
1260 2655 195 44 resterait
1473 2656 91 41 loin
1587 2655 59 40 du
1670 2654 77 41 but
1770 2666 60 41 qu
1848 2651 33 41 il
1906 2666 18 26 s
1942 2651 89 55 agit

260 2741 273 42 d'atteindre.

316 2817 119 38 Avec
458 2828 104 27 mon
597 2814 202 55 système,
825 2811 186 55 système
1033 2807 176 55 logique
1243 2804 210 57 puisqu'il
1490 2803 207 41 continue
1731 2800 39 41 la
1808 2807 157 33 nature
1988 2808 42 32 et

262 2903 58 40 qu
325 2889 8 15 ?
340 2889 31 41 il
392 2888 140 55 l'aide,
556 2888 59 40 les
641 2887 239 41 soi-disant
901 2883 211 42 obstacles
1135 2878 388 45 infranchissables
1545 2878 112 40 dont
1683 2888 58 28 on
1764 2874 76 40 fait
1863 2881 96 33 tant
1980 2872 51 40 de

261 2963 119 42 bruit
400 2963 311 54 disparaîtront
734 2974 99 27 sans
854 2968 161 32 retour.

316 3038 72 40 On
411 3037 170 42 obtient
602 3049 88 28 une
710 3034 237 42 excellente
970 3031 191 43 sonorité
1185 3047 9 24 :

324 3117 37 35 i°
392 3111 82 41 Sur
514 3111 40 40 la
588 3109 169 56 voyelle
798 3111 56 51 A,
898 3121 76 42 par
1008 3106 38 41 le
1081 3104 299 42 soulèvement
1400 3102 73 40 des
1495 3102 142 40 basses
1670 3108 114 33 cotes
1820 3098 211 42 sternales

263 3186 135 54 qu'on
418 3185 80 41 tire
520 3199 53 27 en
596 3185 152 41 arrière
767 3198 55 26 au
846 3189 199 35 moment
1066 3180 135 55 qu'on
1224 3178 166 41 abaisse
1411 3177 37 40 le
1465 3175 286 54 diaphragme
1771 3189 7 37 ;

321 3264 41 34 2°
399 3259 82 40 Sur
516 3257 85 54 TE,
638 3272 54 27 en
730 3266 216 49 avançant
978 3268 103 28 avec
1115 3252 172 55 énergie
1317 3253 41 41 la
1392 3250 221 42 mâchoire
1646 3248 233 42 inférieure
1905 3255 42 33 et
1980 3260 51 28 en

264 3341 164 34 serrant
463 3334 233 40 fortement
723 3332 62 42 les
814 3331 122 42 coins
969 3330 75 41 des
1077 3329 137 41 lèvres
1243 3327 196 54 appuyés
1470 3338 87 27 aux
1582 3323 126 42 dents
1729 3338 9 37 ;

304 3498 51 43 (i)
380 3495 91 35 Voir
492 3493 33 35 le
548 3499 153 28 numéro
722 3492 50 33 du
799 3489 22 52 i
843 3489 22 52 5
887 3489 195 52 novembre.
