2222 4079
641 531 78 40 LA
755 532 191 42 FOIRE
978 533 510 44 SAINT-GERMAIN

1860 546 76 50 195

186 689 157 40 vogue,
366 685 55 45 et,
446 677 168 43 d'autre
635 687 110 47 part,
770 694 84 41 que
875 689 143 34 toutes
1038 682 60 41 les
1120 682 277 55 probabilités
1417 692 99 33 sont
1531 685 155 53 qu'elle
1702 689 115 41 avait
1832 692 110 39 cessé

185 748 52 42 de
259 764 43 27 se
323 752 113 41 tenir
458 752 102 42 bien
582 753 248 56 longtemps
851 765 132 32 avant
999 755 352 44 l'établissement
1371 757 52 41 de
1442 758 42 42 la
1506 760 197 43 seconde.

1034 922 68 44 III

243 1051 220 58 L'origine
484 1053 52 41 de
556 1052 39 42 la
616 1054 177 40 seconde
816 1054 128 42 Foire
964 1064 62 34 est
1046 1056 308 55 parfaitement
1376 1073 187 33 connue,
1600 1063 61 43 La
1679 1063 109 44 voici
1815 1080 10 30 :

240 1127 83 41 Les
358 1141 176 40 guerres
569 1127 147 42 civiles
750 1130 76 53 qui
862 1130 241 42 désolèrent
1133 1133 59 40 les
1225 1135 150 54 règnes
1409 1136 52 42 de
1489 1138 295 45 Jean-le-Bon
1816 1150 41 35 et
1877 1143 53 42 de

183 1201 177 42 Charles
393 1202 60 41 VI
492 1203 173 40 avaient
696 1203 144 42 réduit
872 1204 60 41 les
959 1205 208 55 religieux
1204 1208 51 41 de
1289 1208 582 50 Saint-Germain-des-Prés
1914 1224 24 35 à

183 1274 116 42 l'état
320 1275 38 40 le
377 1276 99 53 plus
497 1277 263 55 déplorable.
786 1278 179 43 Charles
982 1280 86 42 VII
1092 1283 156 40 s'émut
1266 1284 52 40 de
1335 1284 96 41 leur
1449 1297 103 44 sort,
1573 1289 107 41 mais
1703 1304 53 28 ne
1778 1291 49 42 fit
1847 1292 93 42 rien

186 1363 104 41 poui
318 1363 99 28 eux.
455 1351 133 41 Louis
611 1352 81 53 XI,
726 1353 193 56 quoique
953 1355 98 55 plus
1083 1357 182 54 coriace,
1298 1372 41 28 se
1371 1359 125 43 laissa
1519 1364 212 41 attendrir
1751 1380 76 40 par
1848 1367 96 41 leur

186 1425 110 40 abbé
321 1424 199 53 Floreau,
545 1433 40 33 et
605 1425 65 41 lui
692 1428 195 53 accorda,
906 1443 74 27 sur
1002 1444 44 26 sa
1068 1430 226 55 demande,
1318 1433 37 40 le
1377 1434 208 55 privilège
1607 1437 51 40 de
1679 1438 40 41 la
1743 1439 127 41 Foire
1888 1454 54 28 en

186 1499 220 53 question,
440 1499 99 54 plus
571 1501 182 40 nombre
784 1501 51 41 de
866 1501 250 54 franchises,
1147 1505 116 40 telles
1285 1519 84 41 que
1391 1508 124 42 celles
1537 1510 175 50 d'aides,
1738 1512 51 41 de
1811 1515 132 54 péage

186 1580 42 34 et
245 1581 142 32 autres
407 1574 178 54 impôts,
607 1579 23 35 à
653 1574 39 41 la
715 1575 116 41 seule
852 1576 167 41 réserve
1040 1578 52 40 de
1112 1592 106 27 ceux
1240 1580 53 39 de
1313 1580 77 40 vin
1414 1590 41 31 et
1487 1583 51 39 de
1574 1584 119 53 pieds
1728 1586 213 44 fourchés.

184 1645 82 42 Ces
297 1646 237 41 franchises
569 1647 202 44 devaient
802 1649 129 42 durer
955 1651 99 42 huit
1079 1651 118 54 jours
1225 1653 155 54 pleins.
1418 1656 200 43 Pendant
1638 1672 46 27 ce
1704 1669 155 46 temps,
1886 1661 59 42 les

185 1721 259 41 marchands
482 1722 163 42 forains
685 1725 242 53 pouvaient
962 1740 28 40 y
1028 1736 219 45 apporter,
1290 1743 176 41 exposer
1500 1745 52 26 en
1588 1741 140 45 vente,
1769 1737 172 53 vendre,

187 1796 184 51 débiter,
395 1797 213 54 échanger
628 1806 42 33 et
691 1808 175 45 troquer
887 1807 120 34 toute
1030 1810 112 32 sorte
1163 1802 50 40 de
1233 1804 341 56 marchandises,
1590 1821 97 26 sans
1709 1808 133 55 qu'on
1865 1813 80 51 pût

190 1871 206 53 procéder
426 1884 77 42 par
533 1871 97 41 voie
663 1872 51 40 de
745 1873 127 40 saisie
895 1882 41 32 et
960 1875 227 41 exécution
1210 1891 74 26 sur
1305 1877 173 42 lesdites
1500 1880 338 54 marchandises,
1861 1884 86 40 soit

185 1945 153 53 quand
360 1945 103 41 elles
484 1945 163 42 étaient
670 1947 164 40 entrées
858 1960 52 28 en
934 1948 140 50 Foire,
1100 1950 83 40 soit
1202 1950 222 55 lorsqu'on
1447 1952 58 40 les
1524 1967 29 40 y
1574 1955 263 54 conduisait,
1861 1957 84 41 soit

190 2017 119 42 enfin
342 2020 151 54 quand
513 2034 58 26 on
593 2020 60 41 les
674 2034 51 27 en
750 2021 217 42 ramenait
998 2037 97 26 sans
1116 2038 29 40 y
1174 2025 121 40 avoir
1317 2026 65 40 été
1413 2027 212 43 vendues.
1668 2028 145 44 Même
1835 2045 111 40 pour

191 2096 59 42 les
269 2096 170 42 deniers
461 2111 168 41 royaux
647 2111 58 27 on
728 2111 54 27 ne
802 2098 179 54 pouvait
999 2099 93 41 rien
1115 2109 148 32 contre
1284 2114 96 27 eux.

245 2171 82 40 Les
360 2170 363 55 lettres-patentes
758 2172 257 41 établissant
1047 2181 108 33 cette
1190 2173 130 42 Foire
1351 2183 102 33 sont
1482 2176 59 42 du
1580 2189 48 29 12
1662 2191 114 29 mars
1811 2180 130 55 1484.

192 2244 116 42 Elles
341 2253 80 32 ont
454 2245 65 41 été
552 2244 152 54 depuis
739 2245 216 54 plusieurs
989 2246 81 40 fois
1105 2246 255 42 confirmées
1392 2263 76 40 par
1498 2249 58 41 les
1590 2265 267 29 successeurs
1893 2254 52 40 de

188 2316 137 43 Louis
357 2318 81 52 XI,
472 2326 120 33 entre
623 2326 158 46 autres,
813 2333 77 40 par
920 2319 178 42 Charles
1133 2320 132 54 VIII,
1312 2335 75 40 par
1432 2324 135 40 Louis
1597 2326 89 42 XII
1726 2340 54 28 en
1815 2341 128 42 1499,

186 2400 40 33 et
264 2391 254 43 finalement
557 2406 74 42 par
667 2392 137 42 Louis
837 2394 123 53 XIV,
1002 2408 55 27 en
1098 2409 127 41 1711,
1268 2409 110 41 pour
1410 2399 84 40 être
1526 2400 198 52 agréable
1759 2406 22 35 à
1816 2401 129 42 César

187 2466 234 54 d'Estrées,
453 2466 206 51 cardinal,
690 2467 164 55 évêque
875 2467 233 52 d'Albano,
1142 2469 109 40 abbé
1271 2472 368 42 commendataire
1667 2474 255 41 etadminis

190 2550 163 32 trateur
377 2542 222 54 perpétuel
621 2542 50 40 de
694 2541 197 54 l'abbaye
912 2550 41 32 et
974 2542 51 40 de
1042 2542 160 53 l'église
1223 2543 52 40 de
1296 2543 592 49 Saint-Germain-des-Prés.

245 2614 35 42 Il
303 2623 62 33 est
386 2620 23 35 à
437 2616 126 54 peine
598 2615 150 41 besoin
775 2616 51 40 de
847 2615 104 40 faire
972 2629 251 41 remarquer
1243 2631 85 40 que
1349 2618 40 40 la
1408 2632 128 28 cause
1556 2621 316 42 déterminante
1893 2623 52 42 de

184 2689 42 41 la
248 2703 142 40 vogue
411 2703 86 41 que
518 2703 113 27 nous
654 2689 139 41 allons
816 2689 95 42 voir
933 2690 182 55 prendre
1138 2693 23 38 à
1183 2691 40 40 la
1243 2691 143 53 Foire,
1403 2700 63 33 est
1486 2693 336 43 exclusivement
1843 2697 103 53 due,

186 2778 56 27 au
264 2763 151 53 début,
447 2766 23 38 à
497 2764 41 40 la
564 2764 85 42 très
681 2765 159 53 grande
871 2764 272 55 importance
1167 2764 73 42 des
1262 2764 236 43 franchises
1521 2778 39 30 et
1584 2768 229 55 privilèges
1840 2769 108 43 dont

187 2838 79 42 elle
287 2837 215 56 jouissait.

243 2912 181 56 D'après
446 2914 60 40 les
529 2912 362 56 lettres-patentes
913 2914 51 40 de
989 2912 137 44 Louis
1148 2914 82 54 XI,
1253 2914 40 41 la
1315 2914 105 42 foire
1442 2914 144 43 devait
1611 2929 151 29 ouvrir
1783 2917 166 56 chaque

187 2989 138 40 année
349 2988 39 41 le
423 3003 13 26 i
447 2992 30 19 er
498 2988 176 42 octobre
697 2997 41 32 et
760 2989 131 40 durer
920 2988 99 41 huit
1045 2987 143 56 jours;
1223 2989 111 41 mais
1365 3003 169 27 comme
1555 2995 51 36 de
1629 2992 39 40 la
1690 3002 107 30 sorte
1821 3006 42 26 sa
1886 2992 61 42 fin

186 3062 325 56 correspondait
545 3077 56 27 au
638 3072 381 32 commencement
1051 3063 52 40 de
1126 3063 102 41 celle
1247 3063 50 41 de
1320 3063 308 54 Saint-Denis,
1651 3065 61 41 les
1736 3066 212 53 religieux

185 3137 52 41 de
258 3144 109 34 cette
388 3138 167 54 abbaye
576 3137 236 41 formèrent
834 3137 251 56 opposition
1108 3145 150 33 contre
1277 3151 108 28 ceux
1406 3138 52 40 de
1478 3138 472 44 Saint-Germain-des-

190 3210 118 42 Prés.
344 3211 72 42 On
437 3211 120 42 n'eut
579 3212 127 54 égard
729 3218 23 35 à
774 3213 115 40 leurs
912 3220 323 34 remontrances
1257 3212 131 56 qu'en
1412 3213 132 54 1484;
1569 3214 125 52 mais,
1714 3228 114 41 pour
1844 3215 101 52 lors,

186 3288 24 38 à
230 3285 94 42 leur
346 3287 191 53 requête,
560 3286 38 41 le
623 3286 251 42 Parlement
894 3286 209 42 transféra
1126 3287 262 40 l'ouverture
1409 3287 51 40 de
1482 3286 40 41 la
1545 3287 127 41 Foire
1692 3288 232 43 Saint-Ger-

187 3359 352 42 main-des-Prés
558 3375 55 26 au
638 3362 21 39 3
685 3361 173 54 février,
881 3361 146 42 tandis
1051 3375 87 40 que
1158 3361 39 40 la
1219 3361 218 41 Chambre
1459 3361 72 42 des
1552 3362 232 54 vacations,
1811 3365 116 53 égale-

187 3443 120 32 ment
330 3434 124 41 saisie
475 3434 59 41 du
558 3435 135 53 litige,
718 3436 40 40 la
781 3435 84 41 fixa
888 3450 55 26 au
972 3449 47 26 12
1044 3436 250 40 novembre.

243 3507 70 42 En
340 3509 131 54 1485,
501 3508 180 44 Charles
701 3509 113 44 VIII
845 3509 181 43 trancha
1046 3509 40 42 le
1108 3509 212 43 différend
1343 3509 108 43 dans
1472 3509 39 43 le
1534 3524 97 28 sens
1651 3512 52 41 de
1724 3512 142 42 l'arrêt
1888 3511 59 41 du

189 3582 266 41 Parlement.
