2222 4079
494 462 77 41 LE
603 449 372 55 MÉCANISME
1005 462 207 43 VOCAL
1245 461 79 40 ET
1358 461 76 40 LE
1465 460 218 41 CHANT

1882 476 85 42 217

212 609 174 55 épaules
407 609 132 42 d'une
563 610 127 53 jeune
714 610 86 41 fille
823 611 77 53 qui
925 610 160 54 passait
1106 623 110 41 pour
1238 609 155 40 bossue
1414 614 39 32 et
1476 606 76 54 qui
1573 614 61 32 est
1665 607 304 43 actuellement

213 696 84 28 une
315 682 72 42 des
409 684 97 54 plus
538 684 131 40 belles
699 697 235 41 personnes
958 683 133 53 qu'on
1125 682 143 54 puisse
1299 680 109 40 voir,
1451 679 55 40 Et
1539 691 271 40 remarquez,
1852 680 87 40 Mes-

210 757 151 51 sieurs,
386 757 110 54 qu'il
518 758 73 55 n'y
612 772 74 40 pas
720 757 87 40 lieu
843 757 51 40 de
924 757 108 39 crier
1067 769 56 26 au
1147 753 173 42 miracle
1341 768 7 25 :
1367 752 51 41 de
1440 752 156 55 pareils
1628 750 96 42 faits
1762 766 42 26 se
1827 766 120 40 repro-

209 828 178 42 duisent
405 828 336 56 journellement
762 842 101 28 sous
889 842 89 26 mes
1010 840 128 42 yeux.
1175 827 61 41 Ce
1256 827 78 53 qui
1358 827 160 40 étonne
1544 834 96 32 tout
1665 825 40 40 le
1724 825 158 41 monde
1905 839 68 27 me

209 903 165 41 semble
407 903 282 54 aujourd'hui
732 906 84 38 très
850 901 154 55 simple
1028 916 8 26 :
1063 900 68 54 j'ai
1170 900 234 41 découvert
1447 913 59 27 un
1543 899 73 40 des
1653 905 152 34 secrets
1844 898 50 40 de
1932 898 42 41 la

210 980 172 44 nature,
412 971 116 41 voilà
567 978 125 44 tout;
730 969 109 40 mais
878 969 36 53 je
952 969 90 40 suis
1081 983 62 26 un
1185 982 83 41 peu
1310 967 97 42 fière
1445 967 51 40 de
1531 980 71 27 ma
1623 967 273 52 découverte,
1938 966 37 54 je

209 1046 190 52 l'avoue,
422 1053 41 32 et
492 1043 38 55 je
567 1044 91 40 suis
682 1044 216 40 heureuse
918 1043 61 41 du
1004 1043 100 41 bien
1126 1043 212 41 immense
1359 1042 157 56 qu'elle
1538 1041 102 42 fera.

267 1119 69 40 En
359 1117 227 42 attendant
607 1131 85 40 que
724 1117 238 40 Messieurs
994 1117 59 41 les
1077 1117 267 55 professeurs
1367 1116 250 41 examinent
1644 1128 104 27 mon
1772 1115 201 54 système,

210 1192 130 56 qu'ils
361 1192 248 52 Pétudient,
633 1191 130 53 qu'ils
786 1205 44 27 se
852 1191 329 55 l'approprient,
1202 1191 128 55 qu'ils
1351 1198 243 34 constatent
1613 1203 78 27 son
1716 1188 147 41 action
1886 1187 57 41 im-

214 1266 189 42 médiate
435 1279 75 27 sur
543 1265 116 41 leurs
689 1265 153 53 élèves,
864 1265 37 54 je
925 1265 211 52 soutiens,
1172 1263 213 57 j'affirme,
1411 1273 41 32 et
1473 1264 55 54 je
1543 1263 103 55 puis
1659 1275 198 42 prouver
1890 1275 85 41 que

210 1348 99 34 tous
346 1353 109 27 ceux
476 1339 77 55 qui
576 1339 168 55 parlent
765 1349 192 45 peuvent
974 1338 198 52 chanter,
1195 1338 200 54 acquérir
1418 1350 87 28 une
1528 1336 109 41 belle
1659 1336 122 52 voix,
1804 1336 40 40 la
1864 1348 82 28 con-

212 1428 144 27 server
375 1414 162 41 intacte
560 1413 173 55 jusqu'à
751 1427 61 26 un
833 1416 78 49 âge
933 1413 179 51 avancé,
1136 1425 52 27 en
1209 1411 167 54 tripler,
1394 1425 52 26 en
1469 1409 265 55 quadrupler
1751 1409 37 40 le
1802 1409 174 40 volume

213 1502 78 41 par
311 1488 39 40 le
371 1487 176 50 travail;
581 1500 85 41 que
687 1500 108 26 ceux
817 1485 79 55 qui
920 1498 54 27 en
996 1493 78 33 ont
1098 1498 87 27 une
1207 1484 125 47 belle,
1364 1497 45 27 ce
1430 1484 77 54 qui
1543 1491 61 32 est
1625 1482 198 53 toujours
1844 1481 111 55 préfé-

212 1561 132 52 rable,
360 1573 54 28 en
436 1567 341 46 augmenteront
796 1557 220 42 l'étendue
1038 1564 42 33 et
1098 1570 52 27 en
1173 1557 267 40 doubleront
1456 1556 40 40 la
1513 1555 227 56 puissance
1755 1568 48 26 en
1821 1554 156 40 faisant

213 1633 119 41 leurs
355 1632 175 47 études;
555 1645 85 41 que
661 1645 108 27 ceux
791 1630 118 41 enfin
934 1630 76 54 qui
1033 1639 80 33 ont
1145 1630 41 40 la
1208 1630 191 54 poitrine
1420 1629 182 41 délicate
1623 1628 40 41 la
1684 1627 293 42 renforceront

217 1706 406 41 indubitablement
645 1714 40 31 et
708 1718 101 41 que,
835 1708 23 37 à
880 1704 145 40 moins
1054 1703 52 41 de
1146 1703 247 41 tubercules
1433 1703 199 51 avancés,
1672 1702 49 40 ils
1762 1707 216 49 pourront

219 1793 231 28 recouvrer
470 1780 41 40 la
532 1780 122 40 santé
676 1792 77 41 par
774 1792 46 26 ce
839 1778 159 41 travail
1021 1778 77 53 qui
1114 1787 64 31 est
1199 1790 62 27 un
1282 1778 317 52 régénérateur.

268 1854 106 41 Vers
403 1853 42 41 la
475 1851 497 56 quarante-cinquième
1002 1853 154 51 année,
1189 1850 60 41 les
1279 1850 132 41 forces
1441 1850 150 41 vitales
1622 1856 303 44 commençant
1953 1851 23 35 à

214 1926 246 53 diminuer,
486 1926 178 41 tendent
678 1930 23 36 à
717 1939 43 27 se
774 1936 252 30 concentrer
1047 1938 111 42 pour
1179 1924 232 40 alimenter
1432 1923 37 40 le
1492 1936 124 40 corps
1637 1930 41 33 et
1700 1935 109 40 pour
1829 1920 149 40 l'aider

213 2004 23 37 à
261 2001 193 40 franchir
478 2013 99 27 sans
600 1998 230 42 infirmités
852 2013 44 26 sa
919 1999 197 40 dernière
1136 1999 144 52 étape;
1315 2002 23 35 à
1366 2004 110 34 cette
1508 1997 171 54 époque
1700 1994 51 40 de
1774 1994 39 40 la
1835 1993 84 52 vie,
1943 1993 35 39 si

214 2074 177 42 difficile
414 2078 23 37 à
460 2083 227 41 traverser,
712 2074 29 40 il
761 2076 95 39 faut
879 2074 105 39 faire
1004 2072 74 40 des
1100 2072 146 40 efforts
1268 2084 113 42 pour
1404 2083 85 41 que
1509 2070 37 40 le
1572 2083 106 40 sang
1702 2068 76 53 qui
1798 2082 23 26 a
1844 2067 134 54 perdu

213 2149 53 41 de
297 2163 45 27 sa
372 2149 194 48 chaleur,
599 2148 52 41 de
684 2161 79 28 son
1021 2147 160 40 circule
1205 2152 211 48 pourtant
1435 2144 109 40 dans
1567 2150 96 33 tout
1685 2141 291 55 l'organisme.

217 2223 81 41 Les
329 2236 239 41 personnes
598 2221 51 41 de
681 2235 105 27 mon
808 2235 96 27 sexe
925 2221 78 55 qui
1026 2220 225 41 voudront
1273 2232 123 42 parer
1419 2232 86 26 aux
1528 2215 338 42 inconvénients
1889 2214 68 40 iné-

219 2296 183 41 vitables
424 2295 59 40 du
508 2303 147 34 retour
673 2294 136 55 d'âge,
832 2294 137 42 éviter
989 2295 60 40 les
1071 2302 329 46 engorgements
1417 2291 34 40 si
1468 2291 247 53 dangereux
1732 2290 49 39 de
1797 2288 181 40 l'utérus

214 2380 40 31 et
274 2382 145 42 passer
440 2382 101 27 sans
563 2368 262 53 inquiétude
846 2378 119 30 entre
981 2381 88 27 une
1096 2366 235 42 multitude
1346 2363 400 51 d'incommodités,
1766 2361 213 41 éviteront

216 2442 103 41 bien
350 2442 74 40 des
456 2441 268 41 souffrances
755 2455 54 26 en
842 2440 157 41 faisant
1031 2453 130 40 usage
1181 2439 51 41 de
1255 2453 70 26 ma
1347 2438 217 41 méthode.
1599 2437 113 41 C'est
1734 2450 61 26 un
1818 2448 158 40 moyen

214 2514 276 56 hygiénique
512 2514 108 41 dont
640 2514 71 54 j'ai
735 2514 91 54 déjà
849 2528 54 27 eu
924 2514 232 40 l'occasion
1178 2513 52 40 de
1254 2519 215 33 constater
1491 2524 73 27 sur
1585 2509 149 42 autrui
1756 2509 58 40 les
1836 2507 115 40 excel-

214 2589 113 42 lents
344 2587 117 42 effets
476 2597 42 32 et
535 2601 84 40 que
635 2587 35 54 je
686 2601 53 26 ne
763 2587 165 41 saurais
950 2597 95 44 trop
1065 2587 328 40 recommander
1414 2598 85 27 aux
1519 2584 146 40 dames
1687 2582 76 54 qui
1781 2581 197 40 tiennent

214 2665 25 40 à
263 2662 234 54 prolonger
519 2662 95 40 leur
633 2662 215 40 existence
871 2672 40 30 et
932 2665 23 37 à
984 2674 226 28 conserver
1230 2661 40 41 la
1291 2659 135 41 santé.

1061 2884 72 42 XI

824 3055 162 41 RÉSUMÉ
1015 3068 52 25 DE
1099 3068 51 27 LA
1179 3054 196 39 MÉTHODE

272 3189 168 42 L'élève
476 3189 226 40 observera
736 3187 359 52 soigneusement
1131 3189 142 34 toutes
1308 3194 89 26 mes
1444 3176 451 51 recommandations;
1947 3177 31 39 il

216 3263 100 42 n'en
356 3263 216 54 négligera
608 3274 174 28 aucune
800 3276 8 26 :
844 3259 31 41 il
907 3271 181 41 songera
1110 3260 22 36 à
1156 3256 38 41 la
1218 3254 189 55 position
1429 3252 196 55 générale
1646 3252 58 39 du
1728 3264 140 41 corps,
1892 3265 87 26 aux

216 3347 307 32 mouvements
561 3336 260 42 simultanés
854 3334 59 40 du
951 3345 132 28 creux
1117 3330 51 41 de
1203 3330 235 47 l'estomac,
1474 3327 49 40 de
1557 3327 40 40 la
1628 3325 323 42 mâchoire*inté-

214 3411 141 42 rieure
390 3420 40 32 et
465 3411 74 40 des
569 3410 151 52 lèvres,
744 3413 23 36 à
788 3409 38 40 la
850 3404 273 58 respiration,
1150 3408 23 35 à
1197 3401 255 52 l'émission,
1476 3404 23 37 à
1517 3402 38 39 la
1578 3399 206 41 nécessité
1804 3399 50 39 de
1877 3411 97 26 sus*

217 3486 163 54 pendre
417 3485 40 41 Ix
493 3484 258 55 respiration
788 3490 130 33 avant
951 3479 224 41 d'émettre
1209 3477 37 40 le
1263 3490 99 37 son;
1386 3476 32 40 il
1440 3475 86 41 fera
1548 3474 122 56 jouer
1691 3487 97 27 sans
1812 3471 164 42 relâche
