<?xml version="1.0" encoding="UTF-8"?>
<alto xmlns:xsi="http://www.w3.org/2001/XMLSchema-instance" xmlns="http://www.loc.gov/standards/alto/ns-v2#" xsi:schemaLocation="http://www.loc.gov/standards/alto/ns-v2# http://www.loc.gov/standards/alto/alto-v2.0.xsd" xmlns:xlink="http://www.w3.org/1999/xlink">
	<Description>
		<MeasurementUnit>mm10</MeasurementUnit>
		<sourceImageInformation>
			<fileName>//fileserver7/IN2/Princeton/Batch3/bmtnabc/1875/12/01_01/00000214.tif</fileName>
		</sourceImageInformation>
		<OCRProcessing ID="OCRPROCESSING_1">
			<preProcessingStep>
				<processingSoftware>
					<softwareCreator>CCS Content Conversion Specialists GmbH, Germany</softwareCreator>
					<softwareName>CCS docWORKS</softwareName>
					<softwareVersion>6.6-1.18</softwareVersion>
				</processingSoftware>
			</preProcessingStep>
			<ocrProcessingStep>
				<processingSoftware>
					<softwareCreator>ABBYY (BIT Software), Russia</softwareCreator>
					<softwareName>FineReader</softwareName>
					<softwareVersion>10.0</softwareVersion>
				</processingSoftware>
			</ocrProcessingStep>
		</OCRProcessing>
	</Description>
	<Styles>
		<TextStyle ID="TXT_0" FONTSIZE="15" FONTFAMILY="Times New Roman"/>
		<TextStyle ID="TXT_1" FONTSIZE="16" FONTFAMILY="Times New Roman" FONTSTYLE="italics"/>
		<ParagraphStyle ID="PAR_LEFT" ALIGN="Left"/>
		<ParagraphStyle ID="PAR_RIGHT" ALIGN="Right"/>
		<ParagraphStyle ID="PAR_BLOCK" ALIGN="Block"/>
	</Styles>
	<Layout>
		<Page ID="P6" PHYSICAL_IMG_NR="6" HEIGHT="4079" WIDTH="2222" PRINTED_IMG_NR="198" PC="0.935">
			<TopMargin ID="P6_TM00001" HPOS="0" VPOS="0" WIDTH="2222" HEIGHT="490">
				<TextBlock ID="P6_TB00001" HPOS="288" VPOS="432" WIDTH="78" HEIGHT="54" STYLEREFS="TXT_0 PAR_LEFT">
					<TextLine ID="P6_TL00001" HPOS="366" VPOS="486" WIDTH="0" HEIGHT="0">
						<String ID="P6_ST00001" HPOS="366" VPOS="486" WIDTH="0" HEIGHT="0" CONTENT="198" WC="1.00" CC="000"/>
					</TextLine>
				</TextBlock>
				<TextBlock ID="P6_TB00002" HPOS="743" VPOS="433" WIDTH="851" HEIGHT="54" STYLEREFS="TXT_0 PAR_RIGHT">
					<TextLine ID="P6_TL00002" HPOS="744" VPOS="433" WIDTH="850" HEIGHT="53">
						<String ID="P6_ST00002" HPOS="744" VPOS="433" WIDTH="79" HEIGHT="42" CONTENT="LA" WC="0.75" CC="04"/>
						<SP ID="P6_SP00001" HPOS="823" VPOS="475" WIDTH="30"/>
						<String ID="P6_ST00003" HPOS="853" VPOS="433" WIDTH="389" HEIGHT="53" CONTENT="CHRONIQUE" WC="1.00" CC="050000000"/>
						<SP ID="P6_SP00002" HPOS="1242" VPOS="486" WIDTH="32"/>
						<String ID="P6_ST00004" HPOS="1274" VPOS="433" WIDTH="320" HEIGHT="45" CONTENT="MUSICALE" WC="1.00" CC="00015000"/>
					</TextLine>
				</TextBlock>
			</TopMargin>
			<LeftMargin ID="P6_LM00001" HPOS="0" VPOS="490" WIDTH="264" HEIGHT="3064"/>
			<RightMargin ID="P6_RM00001" HPOS="2045" VPOS="490" WIDTH="177" HEIGHT="3064"/>
			<BottomMargin ID="P6_BM00001" HPOS="0" VPOS="3554" WIDTH="2222" HEIGHT="525"/>
			<PrintSpace ID="P6_PS00001" HPOS="264" VPOS="490" WIDTH="1781" HEIGHT="3064">
				<TextBlock ID="P6_TB00003" HPOS="264" VPOS="582" WIDTH="1781" HEIGHT="2972" STYLEREFS="TXT_0 PAR_BLOCK">
					<TextLine ID="P6_TL00003" HPOS="280" VPOS="583" WIDTH="1764" HEIGHT="59">
						<String ID="P6_ST00005" HPOS="280" VPOS="583" WIDTH="337" HEIGHT="59" CONTENT="Saint-Sulpice," WC="0.73" CC="05423400540402"/>
						<SP ID="P6_SP00003" HPOS="617" VPOS="642" WIDTH="24"/>
						<String ID="P6_ST00006" HPOS="641" VPOS="601" WIDTH="100" HEIGHT="28" CONTENT="avec" WC="0.99" CC="1300"/>
						<SP ID="P6_SP00004" HPOS="741" VPOS="642" WIDTH="23"/>
						<String ID="P6_ST00007" HPOS="764" VPOS="602" WIDTH="45" HEIGHT="28" CONTENT="sa" WC="0.44" CC="65"/>
						<SP ID="P6_SP00005" HPOS="809" VPOS="642" WIDTH="21"/>
						<String ID="P6_ST00008" HPOS="830" VPOS="588" WIDTH="159" HEIGHT="42" CONTENT="toiture" WC="0.99" CC="0247130"/>
						<SP ID="P6_SP00006" HPOS="989" VPOS="642" WIDTH="20"/>
						<String ID="P6_ST00009" HPOS="1009" VPOS="591" WIDTH="25" HEIGHT="38" CONTENT="à" WC="0.29" CC="7"/>
						<SP ID="P6_SP00007" HPOS="1034" VPOS="642" WIDTH="20"/>
						<String ID="P6_ST00010" HPOS="1054" VPOS="587" WIDTH="77" HEIGHT="42" CONTENT="dos" WC="0.98" CC="300"/>
						<SP ID="P6_SP00008" HPOS="1131" VPOS="642" WIDTH="21"/>
						<String ID="P6_ST00011" HPOS="1152" VPOS="588" WIDTH="141" HEIGHT="52" CONTENT="d'âne," WC="0.99" CC="030400"/>
						<SP ID="P6_SP00009" HPOS="1293" VPOS="642" WIDTH="24"/>
						<String ID="P6_ST00012" HPOS="1317" VPOS="588" WIDTH="184" HEIGHT="41" CONTENT="hérissée" WC="0.99" CC="04030040"/>
						<SP ID="P6_SP00010" HPOS="1501" VPOS="642" WIDTH="21"/>
						<String ID="P6_ST00013" HPOS="1522" VPOS="588" WIDTH="54" HEIGHT="41" CONTENT="de" WC="1.00" CC="00"/>
						<SP ID="P6_SP00011" HPOS="1576" VPOS="642" WIDTH="29"/>
						<String ID="P6_ST00014" HPOS="1605" VPOS="588" WIDTH="189" HEIGHT="42" CONTENT="clochers" WC="1.00" CC="05400000"/>
						<SP ID="P6_SP00012" HPOS="1794" VPOS="642" WIDTH="22"/>
						<String ID="P6_ST00015" HPOS="1816" VPOS="598" WIDTH="40" HEIGHT="35" CONTENT="et" WC="0.40" CC="65"/>
						<SP ID="P6_SP00013" HPOS="1856" VPOS="642" WIDTH="22"/>
						<String ID="P6_ST00016" HPOS="1878" VPOS="592" WIDTH="53" HEIGHT="41" CONTENT="de" WC="1.00" CC="00"/>
						<SP ID="P6_SP00014" HPOS="1931" VPOS="642" WIDTH="21"/>
						<String ID="P6_ST00017" HPOS="1952" VPOS="592" WIDTH="69" HEIGHT="42" CONTENT="clo" SUBS_TYPE="HypPart1" SUBS_CONTENT="clochetons" WC="0.98" CC="013"/>
						<HYP HPOS="2021" VPOS="592" WIDTH="23" CONTENT="-"/>
					</TextLine>
					<TextLine ID="P6_TL00004" HPOS="282" VPOS="659" WIDTH="1763" HEIGHT="61">
						<String ID="P6_ST00018" HPOS="282" VPOS="659" WIDTH="177" HEIGHT="44" CONTENT="chetons" SUBS_TYPE="HypPart2" SUBS_CONTENT="clochetons" WC="1.00" CC="0000000"/>
						<SP ID="P6_SP00015" HPOS="459" VPOS="703" WIDTH="22"/>
						<String ID="P6_ST00019" HPOS="481" VPOS="675" WIDTH="52" HEIGHT="28" CONTENT="en" WC="0.88" CC="11"/>
						<SP ID="P6_SP00016" HPOS="533" VPOS="703" WIDTH="20"/>
						<String ID="P6_ST00020" HPOS="553" VPOS="661" WIDTH="166" HEIGHT="57" CONTENT="pointe," WC="1.00" CC="0030000"/>
						<SP ID="P6_SP00017" HPOS="719" VPOS="718" WIDTH="24"/>
						<String ID="P6_ST00021" HPOS="743" VPOS="671" WIDTH="42" HEIGHT="34" CONTENT="et" WC="0.66" CC="06"/>
						<SP ID="P6_SP00018" HPOS="785" VPOS="718" WIDTH="20"/>
						<String ID="P6_ST00022" HPOS="805" VPOS="663" WIDTH="38" HEIGHT="41" CONTENT="le" WC="1.00" CC="00"/>
						<SP ID="P6_SP00019" HPOS="843" VPOS="718" WIDTH="20"/>
						<String ID="P6_ST00023" HPOS="863" VPOS="663" WIDTH="221" HEIGHT="42" CONTENT="cimetière" WC="0.99" CC="045300506"/>
						<SP ID="P6_SP00020" HPOS="1084" VPOS="718" WIDTH="22"/>
						<String ID="P6_ST00024" HPOS="1106" VPOS="662" WIDTH="79" HEIGHT="56" CONTENT="qui" WC="0.98" CC="050"/>
						<SP ID="P6_SP00021" HPOS="1185" VPOS="718" WIDTH="21"/>
						<String ID="P6_ST00025" HPOS="1206" VPOS="662" WIDTH="41" HEIGHT="42" CONTENT="la" WC="0.88" CC="20"/>
						<SP ID="P6_SP00022" HPOS="1247" VPOS="718" WIDTH="23"/>
						<String ID="P6_ST00026" HPOS="1270" VPOS="662" WIDTH="178" HEIGHT="56" CONTENT="flanque" WC="1.00" CC="1101200"/>
						<SP ID="P6_SP00023" HPOS="1448" VPOS="718" WIDTH="22"/>
						<String ID="P6_ST00027" HPOS="1470" VPOS="676" WIDTH="56" HEIGHT="28" CONTENT="au" WC="0.89" CC="02"/>
						<SP ID="P6_SP00024" HPOS="1526" VPOS="718" WIDTH="26"/>
						<String ID="P6_ST00028" HPOS="1552" VPOS="662" WIDTH="132" HEIGHT="56" CONTENT="midi;" WC="0.98" CC="56007"/>
						<SP ID="P6_SP00025" HPOS="1684" VPOS="718" WIDTH="18"/>
						<String ID="P6_ST00029" HPOS="1702" VPOS="662" WIDTH="139" HEIGHT="56" CONTENT="enfin," WC="0.98" CC="164400"/>
						<SP ID="P6_SP00026" HPOS="1841" VPOS="718" WIDTH="22"/>
						<String ID="P6_ST00030" HPOS="1863" VPOS="666" WIDTH="103" HEIGHT="54" CONTENT="cinq" WC="0.99" CC="0500"/>
						<SP ID="P6_SP00027" HPOS="1966" VPOS="720" WIDTH="20"/>
						<String ID="P6_ST00031" HPOS="1986" VPOS="680" WIDTH="59" HEIGHT="29" CONTENT="ou" WC="0.85" CC="20"/>
					</TextLine>
					<TextLine ID="P6_TL00005" HPOS="283" VPOS="736" WIDTH="1762" HEIGHT="58">
						<String ID="P6_ST00032" HPOS="283" VPOS="736" WIDTH="63" HEIGHT="40" CONTENT="six" WC="0.98" CC="050"/>
						<SP ID="P6_SP00028" HPOS="346" VPOS="776" WIDTH="35"/>
						<String ID="P6_ST00033" HPOS="381" VPOS="737" WIDTH="193" HEIGHT="42" CONTENT="maisons" WC="0.99" CC="5040060"/>
						<SP ID="P6_SP00029" HPOS="574" VPOS="779" WIDTH="34"/>
						<String ID="P6_ST00034" HPOS="608" VPOS="737" WIDTH="297" HEIGHT="56" CONTENT="particulières" WC="1.00" CC="0300230034200"/>
						<SP ID="P6_SP00030" HPOS="905" VPOS="793" WIDTH="28"/>
						<String ID="P6_ST00035" HPOS="933" VPOS="741" WIDTH="23" HEIGHT="38" CONTENT="à" WC="0.52" CC="4"/>
						<SP ID="P6_SP00031" HPOS="956" VPOS="793" WIDTH="28"/>
						<String ID="P6_ST00036" HPOS="984" VPOS="737" WIDTH="270" HEIGHT="56" CONTENT="prétentions" WC="1.00" CC="00250250030"/>
						<SP ID="P6_SP00032" HPOS="1254" VPOS="793" WIDTH="35"/>
						<String ID="P6_ST00037" HPOS="1289" VPOS="737" WIDTH="52" HEIGHT="42" CONTENT="de" WC="1.00" CC="00"/>
						<SP ID="P6_SP00033" HPOS="1341" VPOS="793" WIDTH="35"/>
						<String ID="P6_ST00038" HPOS="1376" VPOS="737" WIDTH="150" HEIGHT="56" CONTENT="palais," WC="1.00" CC="0000501"/>
						<SP ID="P6_SP00034" HPOS="1526" VPOS="793" WIDTH="36"/>
						<String ID="P6_ST00039" HPOS="1562" VPOS="738" WIDTH="138" HEIGHT="56" CONTENT="tapies" WC="1.00" CC="000000"/>
						<SP ID="P6_SP00035" HPOS="1700" VPOS="794" WIDTH="27"/>
						<String ID="P6_ST00040" HPOS="1727" VPOS="752" WIDTH="57" HEIGHT="28" CONTENT="au" WC="0.97" CC="00"/>
						<SP ID="P6_SP00036" HPOS="1784" VPOS="794" WIDTH="31"/>
						<String ID="P6_ST00041" HPOS="1815" VPOS="739" WIDTH="156" HEIGHT="42" CONTENT="milieu" WC="0.99" CC="301200"/>
						<SP ID="P6_SP00037" HPOS="1971" VPOS="794" WIDTH="23"/>
						<String ID="P6_ST00042" HPOS="1994" VPOS="742" WIDTH="51" HEIGHT="42" CONTENT="de" WC="0.92" CC="01"/>
					</TextLine>
					<TextLine ID="P6_TL00006" HPOS="278" VPOS="808" WIDTH="1766" HEIGHT="62">
						<String ID="P6_ST00043" HPOS="278" VPOS="808" WIDTH="164" HEIGHT="56" CONTENT="jardins" WC="0.98" CC="6600260"/>
						<SP ID="P6_SP00038" HPOS="442" VPOS="864" WIDTH="20"/>
						<String ID="P6_ST00044" HPOS="462" VPOS="812" WIDTH="231" HEIGHT="40" CONTENT="ombreux." WC="1.00" CC="01350000"/>
						<SP ID="P6_SP00039" HPOS="693" VPOS="864" WIDTH="36"/>
						<String ID="P6_ST00045" HPOS="729" VPOS="810" WIDTH="86" HEIGHT="41" CONTENT="Sur" WC="0.99" CC="001"/>
						<SP ID="P6_SP00040" HPOS="815" VPOS="864" WIDTH="27"/>
						<String ID="P6_ST00046" HPOS="842" VPOS="810" WIDTH="118" HEIGHT="42" CONTENT="l'une" WC="0.98" CC="23330"/>
						<SP ID="P6_SP00041" HPOS="960" VPOS="864" WIDTH="29"/>
						<String ID="P6_ST00047" HPOS="989" VPOS="812" WIDTH="52" HEIGHT="40" CONTENT="de" WC="1.00" CC="00"/>
						<SP ID="P6_SP00042" HPOS="1041" VPOS="864" WIDTH="31"/>
						<String ID="P6_ST00048" HPOS="1072" VPOS="824" WIDTH="67" HEIGHT="28" CONTENT="ces" WC="1.00" CC="000"/>
						<SP ID="P6_SP00043" HPOS="1139" VPOS="864" WIDTH="30"/>
						<String ID="P6_ST00049" HPOS="1169" VPOS="810" WIDTH="195" HEIGHT="44" CONTENT="maisons" WC="1.00" CC="0030000"/>
						<SP ID="P6_SP00044" HPOS="1364" VPOS="864" WIDTH="23"/>
						<String ID="P6_ST00050" HPOS="1387" VPOS="810" WIDTH="199" HEIGHT="44" CONTENT="s'élèvera" WC="0.99" CC="013313100"/>
						<SP ID="P6_SP00045" HPOS="1586" VPOS="864" WIDTH="24"/>
						<String ID="P6_ST00051" HPOS="1610" VPOS="812" WIDTH="98" HEIGHT="56" CONTENT="plus" WC="1.00" CC="0000"/>
						<SP ID="P6_SP00046" HPOS="1708" VPOS="868" WIDTH="21"/>
						<String ID="P6_ST00052" HPOS="1729" VPOS="813" WIDTH="94" HEIGHT="41" CONTENT="tard" WC="1.00" CC="0000"/>
						<SP ID="P6_SP00047" HPOS="1823" VPOS="868" WIDTH="25"/>
						<String ID="P6_ST00053" HPOS="1848" VPOS="813" WIDTH="39" HEIGHT="42" CONTENT="le" WC="0.77" CC="40"/>
						<SP ID="P6_SP00048" HPOS="1887" VPOS="868" WIDTH="20"/>
						<String ID="P6_ST00054" HPOS="1907" VPOS="814" WIDTH="137" HEIGHT="56" CONTENT="palais" WC="0.98" CC="094016"/>
					</TextLine>
					<TextLine ID="P6_TL00007" HPOS="280" VPOS="885" WIDTH="1765" HEIGHT="59">
						<String ID="P6_ST00055" HPOS="280" VPOS="885" WIDTH="60" HEIGHT="41" CONTENT="du" WC="0.60" CC="52"/>
						<SP ID="P6_SP00049" HPOS="340" VPOS="926" WIDTH="22"/>
						<String ID="P6_ST00056" HPOS="362" VPOS="885" WIDTH="331" HEIGHT="54" CONTENT="Luxembourg;" WC="0.99" CC="61400433015"/>
						<SP ID="P6_SP00050" HPOS="693" VPOS="939" WIDTH="34"/>
						<String ID="P6_ST00057" HPOS="727" VPOS="899" WIDTH="74" HEIGHT="27" CONTENT="sur" WC="0.99" CC="002"/>
						<SP ID="P6_SP00051" HPOS="801" VPOS="939" WIDTH="23"/>
						<String ID="P6_ST00058" HPOS="824" VPOS="899" WIDTH="86" HEIGHT="28" CONTENT="une" WC="1.00" CC="000"/>
						<SP ID="P6_SP00052" HPOS="910" VPOS="939" WIDTH="18"/>
						<String ID="P6_ST00059" HPOS="928" VPOS="894" WIDTH="139" HEIGHT="45" CONTENT="autre," WC="1.00" CC="300100"/>
						<SP ID="P6_SP00053" HPOS="1067" VPOS="939" WIDTH="22"/>
						<String ID="P6_ST00060" HPOS="1089" VPOS="887" WIDTH="149" HEIGHT="42" CONTENT="l'hôtel" WC="0.98" CC="5265002"/>
						<SP ID="P6_SP00054" HPOS="1238" VPOS="939" WIDTH="23"/>
						<String ID="P6_ST00061" HPOS="1261" VPOS="887" WIDTH="52" HEIGHT="42" CONTENT="de" WC="0.96" CC="00"/>
						<SP ID="P6_SP00055" HPOS="1313" VPOS="939" WIDTH="22"/>
						<String ID="P6_ST00062" HPOS="1335" VPOS="888" WIDTH="143" HEIGHT="41" CONTENT="Henri" WC="0.98" CC="60023"/>
						<SP ID="P6_SP00056" HPOS="1478" VPOS="939" WIDTH="18"/>
						<String ID="P6_ST00063" HPOS="1496" VPOS="888" WIDTH="51" HEIGHT="42" CONTENT="de" WC="1.00" CC="00"/>
						<SP ID="P6_SP00057" HPOS="1547" VPOS="939" WIDTH="19"/>
						<String ID="P6_ST00064" HPOS="1566" VPOS="888" WIDTH="230" HEIGHT="53" CONTENT="Bourbon," WC="0.99" CC="70310060"/>
						<SP ID="P6_SP00058" HPOS="1796" VPOS="941" WIDTH="21"/>
						<String ID="P6_ST00065" HPOS="1817" VPOS="889" WIDTH="154" HEIGHT="55" CONTENT="prince" WC="0.99" CC="001450"/>
						<SP ID="P6_SP00059" HPOS="1971" VPOS="944" WIDTH="20"/>
						<String ID="P6_ST00066" HPOS="1991" VPOS="891" WIDTH="54" HEIGHT="41" CONTENT="de" WC="1.00" CC="00"/>
					</TextLine>
					<TextLine ID="P6_TL00008" HPOS="279" VPOS="958" WIDTH="1766" HEIGHT="56">
						<String ID="P6_ST00067" HPOS="279" VPOS="958" WIDTH="164" HEIGHT="43" CONTENT="Condé." WC="0.79" CC="060060"/>
						<SP ID="P6_SP00060" HPOS="443" VPOS="1001" WIDTH="38"/>
						<String ID="P6_ST00068" HPOS="481" VPOS="959" WIDTH="267" HEIGHT="41" CONTENT="N'oublions" WC="1.00" CC="0400010050"/>
						<SP ID="P6_SP00061" HPOS="748" VPOS="1001" WIDTH="28"/>
						<String ID="P6_ST00069" HPOS="776" VPOS="972" WIDTH="76" HEIGHT="42" CONTENT="pas" WC="1.00" CC="000"/>
						<SP ID="P6_SP00062" HPOS="852" VPOS="1014" WIDTH="25"/>
						<String ID="P6_ST00070" HPOS="877" VPOS="959" WIDTH="267" HEIGHT="55" CONTENT="d'indiquer," WC="1.00" CC="04030500000"/>
						<SP ID="P6_SP00063" HPOS="1144" VPOS="1014" WIDTH="29"/>
						<String ID="P6_ST00071" HPOS="1173" VPOS="965" WIDTH="23" HEIGHT="37" CONTENT="à" WC="1.00" CC="0"/>
						<SP ID="P6_SP00064" HPOS="1196" VPOS="1014" WIDTH="29"/>
						<String ID="P6_ST00072" HPOS="1225" VPOS="974" WIDTH="88" HEIGHT="28" CONTENT="une" WC="1.00" CC="000"/>
						<SP ID="P6_SP00065" HPOS="1313" VPOS="1014" WIDTH="34"/>
						<String ID="P6_ST00073" HPOS="1347" VPOS="962" WIDTH="130" HEIGHT="42" CONTENT="faible" WC="0.99" CC="000222"/>
						<SP ID="P6_SP00066" HPOS="1477" VPOS="1014" WIDTH="31"/>
						<String ID="P6_ST00074" HPOS="1508" VPOS="962" WIDTH="199" HEIGHT="43" CONTENT="distance" WC="1.00" CC="03030000"/>
						<SP ID="P6_SP00067" HPOS="1707" VPOS="1014" WIDTH="33"/>
						<String ID="P6_ST00075" HPOS="1740" VPOS="963" WIDTH="73" HEIGHT="42" CONTENT="des" WC="0.98" CC="040"/>
						<SP ID="P6_SP00068" HPOS="1813" VPOS="1014" WIDTH="36"/>
						<String ID="P6_ST00076" HPOS="1849" VPOS="977" WIDTH="123" HEIGHT="28" CONTENT="murs" WC="1.00" CC="0020"/>
						<SP ID="P6_SP00069" HPOS="1972" VPOS="1014" WIDTH="19"/>
						<String ID="P6_ST00077" HPOS="1991" VPOS="965" WIDTH="54" HEIGHT="42" CONTENT="de" WC="0.81" CC="03"/>
					</TextLine>
					<TextLine ID="P6_TL00009" HPOS="278" VPOS="1033" WIDTH="1767" HEIGHT="59">
						<String ID="P6_ST00078" HPOS="278" VPOS="1033" WIDTH="212" HEIGHT="54" CONTENT="l'abbaye," WC="0.99" CC="334000500"/>
						<SP ID="P6_SP00070" HPOS="490" VPOS="1087" WIDTH="24"/>
						<String ID="P6_ST00079" HPOS="514" VPOS="1033" WIDTH="114" HEIGHT="40" CONTENT="deux" WC="0.99" CC="0006"/>
						<SP ID="P6_SP00071" HPOS="628" VPOS="1087" WIDTH="22"/>
						<String ID="P6_ST00080" HPOS="650" VPOS="1033" WIDTH="279" HEIGHT="53" CONTENT="pigeonniers" WC="1.00" CC="05000030000"/>
						<SP ID="P6_SP00072" HPOS="929" VPOS="1087" WIDTH="25"/>
						<String ID="P6_ST00081" HPOS="954" VPOS="1047" WIDTH="52" HEIGHT="28" CONTENT="en" WC="0.84" CC="02"/>
						<SP ID="P6_SP00073" HPOS="1006" VPOS="1087" WIDTH="25"/>
						<String ID="P6_ST00082" HPOS="1031" VPOS="1034" WIDTH="231" HEIGHT="55" CONTENT="poivrière," WC="1.00" CC="0000600102"/>
						<SP ID="P6_SP00074" HPOS="1262" VPOS="1089" WIDTH="24"/>
						<String ID="P6_ST00083" HPOS="1286" VPOS="1035" WIDTH="112" HEIGHT="42" CONTENT="seize" WC="0.99" CC="00500"/>
						<SP ID="P6_SP00075" HPOS="1398" VPOS="1089" WIDTH="23"/>
						<String ID="P6_ST00084" HPOS="1421" VPOS="1038" WIDTH="129" HEIGHT="40" CONTENT="étaux" WC="0.88" CC="05000"/>
						<SP ID="P6_SP00076" HPOS="1550" VPOS="1089" WIDTH="25"/>
						<String ID="P6_ST00085" HPOS="1575" VPOS="1051" WIDTH="58" HEIGHT="27" CONTENT="ou" WC="1.00" CC="00"/>
						<SP ID="P6_SP00077" HPOS="1633" VPOS="1089" WIDTH="23"/>
						<String ID="P6_ST00086" HPOS="1656" VPOS="1038" WIDTH="275" HEIGHT="54" CONTENT="boucheries," WC="1.00" CC="00020046000"/>
						<SP ID="P6_SP00078" HPOS="1931" VPOS="1092" WIDTH="26"/>
						<String ID="P6_ST00087" HPOS="1957" VPOS="1053" WIDTH="88" HEIGHT="28" CONTENT="une" WC="0.97" CC="070"/>
					</TextLine>
					<TextLine ID="P6_TL00010" HPOS="279" VPOS="1108" WIDTH="1766" HEIGHT="64">
						<String ID="P6_ST00088" HPOS="279" VPOS="1109" WIDTH="205" HEIGHT="53" CONTENT="auberge," WC="1.00" CC="00400010"/>
						<SP ID="P6_SP00079" HPOS="484" VPOS="1162" WIDTH="21"/>
						<String ID="P6_ST00089" HPOS="505" VPOS="1117" WIDTH="42" HEIGHT="31" CONTENT="et" WC="0.76" CC="04"/>
						<SP ID="P6_SP00080" HPOS="547" VPOS="1162" WIDTH="19"/>
						<String ID="P6_ST00090" HPOS="566" VPOS="1115" WIDTH="191" HEIGHT="45" CONTENT="surtout," WC="0.99" CC="00440050"/>
						<SP ID="P6_SP00081" HPOS="757" VPOS="1162" WIDTH="23"/>
						<String ID="P6_ST00091" HPOS="780" VPOS="1120" WIDTH="171" HEIGHT="28" CONTENT="comme" WC="0.98" CC="80241"/>
						<SP ID="P6_SP00082" HPOS="951" VPOS="1162" WIDTH="19"/>
						<String ID="P6_ST00092" HPOS="970" VPOS="1108" WIDTH="147" HEIGHT="42" CONTENT="cachet" WC="0.99" CC="000016"/>
						<SP ID="P6_SP00083" HPOS="1117" VPOS="1162" WIDTH="18"/>
						<String ID="P6_ST00093" HPOS="1135" VPOS="1109" WIDTH="60" HEIGHT="41" CONTENT="du" WC="0.75" CC="04"/>
						<SP ID="P6_SP00084" HPOS="1195" VPOS="1162" WIDTH="24"/>
						<String ID="P6_ST00094" HPOS="1219" VPOS="1118" WIDTH="157" HEIGHT="47" CONTENT="temps," WC="1.00" CC="000000"/>
						<SP ID="P6_SP00085" HPOS="1376" VPOS="1165" WIDTH="26"/>
						<String ID="P6_ST00095" HPOS="1402" VPOS="1110" WIDTH="58" HEIGHT="42" CONTENT="les" WC="0.98" CC="500"/>
						<SP ID="P6_SP00086" HPOS="1460" VPOS="1165" WIDTH="23"/>
						<String ID="P6_ST00096" HPOS="1483" VPOS="1111" WIDTH="255" HEIGHT="44" CONTENT="silhouettes" WC="1.00" CC="06603012000"/>
						<SP ID="P6_SP00087" HPOS="1738" VPOS="1165" WIDTH="26"/>
						<String ID="P6_ST00097" HPOS="1764" VPOS="1122" WIDTH="281" HEIGHT="50" CONTENT="menaçantes" WC="1.00" CC="3003602000"/>
					</TextLine>
					<TextLine ID="P6_TL00011" HPOS="277" VPOS="1180" WIDTH="1768" HEIGHT="65">
						<String ID="P6_ST00098" HPOS="277" VPOS="1181" WIDTH="72" HEIGHT="40" CONTENT="des" WC="1.00" CC="000"/>
						<SP ID="P6_SP00088" HPOS="349" VPOS="1221" WIDTH="34"/>
						<String ID="P6_ST00099" HPOS="383" VPOS="1180" WIDTH="198" HEIGHT="41" CONTENT="fourches" WC="1.00" CC="00000009"/>
						<SP ID="P6_SP00089" HPOS="581" VPOS="1221" WIDTH="37"/>
						<String ID="P6_ST00100" HPOS="618" VPOS="1180" WIDTH="283" HEIGHT="55" CONTENT="patibulaires" WC="1.00" CC="000003014000"/>
						<SP ID="P6_SP00090" HPOS="901" VPOS="1235" WIDTH="31"/>
						<String ID="P6_ST00101" HPOS="932" VPOS="1190" WIDTH="43" HEIGHT="32" CONTENT="et" WC="1.00" CC="00"/>
						<SP ID="P6_SP00091" HPOS="975" VPOS="1235" WIDTH="32"/>
						<String ID="P6_ST00102" HPOS="1007" VPOS="1181" WIDTH="107" HEIGHT="41" CONTENT="d'un" WC="0.99" CC="0003"/>
						<SP ID="P6_SP00092" HPOS="1114" VPOS="1235" WIDTH="29"/>
						<String ID="P6_ST00103" HPOS="1143" VPOS="1183" WIDTH="129" HEIGHT="53" CONTENT="pilori" WC="0.99" CC="011043"/>
						<SP ID="P6_SP00093" HPOS="1272" VPOS="1236" WIDTH="35"/>
						<String ID="P6_ST00104" HPOS="1307" VPOS="1184" WIDTH="163" HEIGHT="41" CONTENT="dressés" WC="0.99" CC="0420060"/>
						<SP ID="P6_SP00094" HPOS="1470" VPOS="1236" WIDTH="36"/>
						<String ID="P6_ST00105" HPOS="1506" VPOS="1185" WIDTH="137" HEIGHT="41" CONTENT="vis-à-" WC="0.98" CC="940253"/>
						<SP ID="P6_SP00095" HPOS="1643" VPOS="1236" WIDTH="13"/>
						<String ID="P6_ST00106" HPOS="1656" VPOS="1186" WIDTH="66" HEIGHT="41" CONTENT="vis" WC="0.99" CC="020"/>
						<SP ID="P6_SP00096" HPOS="1722" VPOS="1236" WIDTH="20"/>
						<String ID="P6_ST00107" HPOS="1742" VPOS="1188" WIDTH="60" HEIGHT="40" CONTENT="du" WC="1.00" CC="00"/>
						<SP ID="P6_SP00097" HPOS="1802" VPOS="1236" WIDTH="28"/>
						<String ID="P6_ST00108" HPOS="1830" VPOS="1188" WIDTH="215" HEIGHT="57" CONTENT="principal" WC="0.99" CC="004005005"/>
					</TextLine>
					<TextLine ID="P6_TL00012" HPOS="277" VPOS="1254" WIDTH="1766" HEIGHT="57">
						<String ID="P6_ST00109" HPOS="277" VPOS="1254" WIDTH="252" HEIGHT="54" CONTENT="pont-levis," WC="0.79" CC="00003409400"/>
						<SP ID="P6_SP00098" HPOS="529" VPOS="1308" WIDTH="31"/>
						<String ID="P6_ST00110" HPOS="560" VPOS="1254" WIDTH="179" HEIGHT="57" CONTENT="en-deça" WC="0.86" CC="0030060"/>
						<SP ID="P6_SP00099" HPOS="739" VPOS="1311" WIDTH="30"/>
						<String ID="P6_ST00111" HPOS="769" VPOS="1254" WIDTH="61" HEIGHT="42" CONTENT="du" WC="0.92" CC="01"/>
						<SP ID="P6_SP00100" HPOS="830" VPOS="1311" WIDTH="35"/>
						<String ID="P6_ST00112" HPOS="865" VPOS="1254" WIDTH="110" HEIGHT="42" CONTENT="fossé" WC="0.99" CC="22004"/>
						<SP ID="P6_SP00101" HPOS="975" VPOS="1311" WIDTH="33"/>
						<String ID="P6_ST00113" HPOS="1008" VPOS="1269" WIDTH="74" HEIGHT="28" CONTENT="sur" WC="1.00" CC="000"/>
						<SP ID="P6_SP00102" HPOS="1082" VPOS="1311" WIDTH="28"/>
						<String ID="P6_ST00114" HPOS="1110" VPOS="1255" WIDTH="144" HEIGHT="55" CONTENT="lequel" WC="0.99" CC="600015"/>
						<SP ID="P6_SP00103" HPOS="1254" VPOS="1311" WIDTH="22"/>
						<String ID="P6_ST00115" HPOS="1276" VPOS="1269" WIDTH="60" HEIGHT="28" CONTENT="on" WC="1.00" CC="00"/>
						<SP ID="P6_SP00104" HPOS="1336" VPOS="1311" WIDTH="23"/>
						<String ID="P6_ST00116" HPOS="1359" VPOS="1256" WIDTH="110" HEIGHT="42" CONTENT="bâtit" WC="0.99" CC="00410"/>
						<SP ID="P6_SP00105" HPOS="1469" VPOS="1311" WIDTH="20"/>
						<String ID="P6_ST00117" HPOS="1489" VPOS="1270" WIDTH="55" HEIGHT="29" CONTENT="en" WC="0.90" CC="01"/>
						<SP ID="P6_SP00106" HPOS="1544" VPOS="1311" WIDTH="29"/>
						<String ID="P6_ST00118" HPOS="1573" VPOS="1259" WIDTH="112" HEIGHT="42" CONTENT="1636" WC="0.65" CC="0076"/>
						<SP ID="P6_SP00107" HPOS="1685" VPOS="1311" WIDTH="25"/>
						<String ID="P6_ST00119" HPOS="1710" VPOS="1260" WIDTH="40" HEIGHT="41" CONTENT="la" WC="1.00" CC="00"/>
						<SP ID="P6_SP00108" HPOS="1750" VPOS="1311" WIDTH="19"/>
						<String ID="P6_ST00120" HPOS="1769" VPOS="1275" WIDTH="80" HEIGHT="27" CONTENT="rue" WC="0.97" CC="430"/>
						<SP ID="P6_SP00109" HPOS="1849" VPOS="1311" WIDTH="20"/>
						<String ID="P6_ST00121" HPOS="1869" VPOS="1261" WIDTH="174" HEIGHT="44" CONTENT="Sainte-" WC="0.99" CC="0330200"/>
					</TextLine>
					<TextLine ID="P6_TL00013" HPOS="279" VPOS="1327" WIDTH="283" HEIGHT="56">
						<String ID="P6_ST00122" HPOS="279" VPOS="1327" WIDTH="283" HEIGHT="56" CONTENT="Marguerite." WC="0.99" CC="04190000603"/>
					</TextLine>
					<TextLine ID="P6_TL00014" HPOS="334" VPOS="1404" WIDTH="1709" HEIGHT="64">
						<String ID="P6_ST00123" HPOS="334" VPOS="1404" WIDTH="44" HEIGHT="41" CONTENT="Si" WC="0.91" CC="01"/>
						<SP ID="P6_SP00110" HPOS="378" VPOS="1445" WIDTH="23"/>
						<String ID="P6_ST00124" HPOS="401" VPOS="1404" WIDTH="278" HEIGHT="43" CONTENT="maintenant" WC="0.99" CC="3400504000"/>
						<SP ID="P6_SP00111" HPOS="679" VPOS="1447" WIDTH="23"/>
						<String ID="P6_ST00125" HPOS="702" VPOS="1419" WIDTH="112" HEIGHT="28" CONTENT="nous" WC="0.98" CC="5200"/>
						<SP ID="P6_SP00112" HPOS="814" VPOS="1447" WIDTH="23"/>
						<String ID="P6_ST00126" HPOS="837" VPOS="1414" WIDTH="180" HEIGHT="47" CONTENT="portons" WC="1.00" CC="0001100"/>
						<SP ID="P6_SP00113" HPOS="1017" VPOS="1461" WIDTH="19"/>
						<String ID="P6_ST00127" HPOS="1036" VPOS="1419" WIDTH="80" HEIGHT="28" CONTENT="nos" WC="1.00" CC="000"/>
						<SP ID="P6_SP00114" HPOS="1116" VPOS="1461" WIDTH="22"/>
						<String ID="P6_ST00128" HPOS="1138" VPOS="1407" WIDTH="175" HEIGHT="54" CONTENT="regards" WC="0.99" CC="5040300"/>
						<SP ID="P6_SP00115" HPOS="1313" VPOS="1461" WIDTH="24"/>
						<String ID="P6_ST00129" HPOS="1337" VPOS="1406" WIDTH="109" HEIGHT="43" CONTENT="dans" WC="0.98" CC="0052"/>
						<SP ID="P6_SP00116" HPOS="1446" VPOS="1461" WIDTH="29"/>
						<String ID="P6_ST00130" HPOS="1475" VPOS="1409" WIDTH="199" HEIGHT="56" CONTENT="l'espace," WC="1.00" CC="200004104"/>
						<SP ID="P6_SP00117" HPOS="1674" VPOS="1465" WIDTH="29"/>
						<String ID="P6_ST00131" HPOS="1703" VPOS="1410" WIDTH="114" HEIGHT="42" CONTENT="voici" WC="1.00" CC="00021"/>
						<SP ID="P6_SP00118" HPOS="1817" VPOS="1465" WIDTH="24"/>
						<String ID="P6_ST00132" HPOS="1841" VPOS="1425" WIDTH="75" HEIGHT="28" CONTENT="sur" WC="0.99" CC="002"/>
						<SP ID="P6_SP00119" HPOS="1916" VPOS="1465" WIDTH="20"/>
						<String ID="P6_ST00133" HPOS="1936" VPOS="1414" WIDTH="107" HEIGHT="54" CONTENT="quoi" WC="0.99" CC="0101"/>
					</TextLine>
					<TextLine ID="P6_TL00015" HPOS="283" VPOS="1477" WIDTH="721" HEIGHT="57">
						<String ID="P6_ST00134" HPOS="283" VPOS="1477" WIDTH="52" HEIGHT="42" CONTENT="ils" WC="0.98" CC="500"/>
						<SP ID="P6_SP00120" HPOS="335" VPOS="1519" WIDTH="22"/>
						<String ID="P6_ST00135" HPOS="357" VPOS="1479" WIDTH="226" HEIGHT="41" CONTENT="s'arrêtent" WC="0.99" CC="0300176003"/>
						<SP ID="P6_SP00121" HPOS="583" VPOS="1520" WIDTH="16"/>
						<String ID="P6_ST00136" HPOS="599" VPOS="1492" WIDTH="56" HEIGHT="28" CONTENT="au" WC="0.97" CC="00"/>
						<SP ID="P6_SP00122" HPOS="655" VPOS="1520" WIDTH="19"/>
						<String ID="P6_ST00137" HPOS="674" VPOS="1479" WIDTH="175" HEIGHT="41" CONTENT="dernier" WC="1.00" CC="0000600"/>
						<SP ID="P6_SP00123" HPOS="849" VPOS="1520" WIDTH="21"/>
						<String ID="P6_ST00138" HPOS="870" VPOS="1480" WIDTH="101" HEIGHT="54" CONTENT="plan" WC="0.97" CC="0606"/>
						<SP ID="P6_SP00124" HPOS="971" VPOS="1534" WIDTH="24"/>
						<String ID="P6_ST00139" HPOS="995" VPOS="1494" WIDTH="9" HEIGHT="28" CONTENT=":" WC="0.95" CC="0"/>
					</TextLine>
					<TextLine ID="P6_TL00016" HPOS="338" VPOS="1553" WIDTH="1706" HEIGHT="64">
						<String ID="P6_ST00140" HPOS="338" VPOS="1556" WIDTH="40" HEIGHT="39" CONTENT="A" WC="1.00" CC="0"/>
						<SP ID="P6_SP00125" HPOS="378" VPOS="1595" WIDTH="19"/>
						<String ID="P6_ST00141" HPOS="397" VPOS="1553" WIDTH="154" HEIGHT="44" CONTENT="l'ouest" WC="0.99" CC="0400006"/>
						<SP ID="P6_SP00126" HPOS="551" VPOS="1597" WIDTH="22"/>
						<String ID="P6_ST00142" HPOS="573" VPOS="1564" WIDTH="40" HEIGHT="33" CONTENT="et" WC="0.97" CC="00"/>
						<SP ID="P6_SP00127" HPOS="613" VPOS="1597" WIDTH="22"/>
						<String ID="P6_ST00143" HPOS="635" VPOS="1569" WIDTH="57" HEIGHT="28" CONTENT="au" WC="0.66" CC="42"/>
						<SP ID="P6_SP00128" HPOS="692" VPOS="1597" WIDTH="23"/>
						<String ID="P6_ST00144" HPOS="715" VPOS="1555" WIDTH="123" HEIGHT="53" CONTENT="midi," WC="0.99" CC="00013"/>
						<SP ID="P6_SP00129" HPOS="838" VPOS="1608" WIDTH="24"/>
						<String ID="P6_ST00145" HPOS="862" VPOS="1556" WIDTH="103" HEIGHT="41" CONTENT="c'est" WC="1.00" CC="00002"/>
						<SP ID="P6_SP00130" HPOS="965" VPOS="1608" WIDTH="19"/>
						<String ID="P6_ST00146" HPOS="984" VPOS="1556" WIDTH="38" HEIGHT="41" CONTENT="la" WC="1.00" CC="00"/>
						<SP ID="P6_SP00131" HPOS="1022" VPOS="1608" WIDTH="23"/>
						<String ID="P6_ST00147" HPOS="1045" VPOS="1570" WIDTH="241" HEIGHT="42" CONTENT="campagne" WC="0.99" CC="07004050"/>
						<SP ID="P6_SP00132" HPOS="1286" VPOS="1612" WIDTH="28"/>
						<String ID="P6_ST00148" HPOS="1314" VPOS="1571" WIDTH="101" HEIGHT="28" CONTENT="sans" WC="0.99" CC="0500"/>
						<SP ID="P6_SP00133" HPOS="1415" VPOS="1612" WIDTH="22"/>
						<String ID="P6_ST00149" HPOS="1437" VPOS="1559" WIDTH="61" HEIGHT="41" CONTENT="fin" WC="0.96" CC="442"/>
						<SP ID="P6_SP00134" HPOS="1498" VPOS="1612" WIDTH="17"/>
						<String ID="P6_ST00150" HPOS="1515" VPOS="1572" WIDTH="10" HEIGHT="41" CONTENT=";" WC="0.41" CC="5"/>
						<SP ID="P6_SP00135" HPOS="1525" VPOS="1613" WIDTH="33"/>
						<String ID="P6_ST00151" HPOS="1558" VPOS="1574" WIDTH="56" HEIGHT="28" CONTENT="au" WC="0.88" CC="20"/>
						<SP ID="P6_SP00136" HPOS="1614" VPOS="1613" WIDTH="25"/>
						<String ID="P6_ST00152" HPOS="1639" VPOS="1561" WIDTH="123" HEIGHT="53" CONTENT="nord," WC="1.00" CC="00003"/>
						<SP ID="P6_SP00137" HPOS="1762" VPOS="1614" WIDTH="26"/>
						<String ID="P6_ST00153" HPOS="1788" VPOS="1575" WIDTH="77" HEIGHT="42" CONTENT="par" WC="0.99" CC="020"/>
						<SP ID="P6_SP00138" HPOS="1865" VPOS="1617" WIDTH="19"/>
						<String ID="P6_ST00154" HPOS="1884" VPOS="1562" WIDTH="96" HEIGHT="42" CONTENT="delà" WC="0.98" CC="0025"/>
						<SP ID="P6_SP00139" HPOS="1980" VPOS="1617" WIDTH="23"/>
						<String ID="P6_ST00155" HPOS="2003" VPOS="1565" WIDTH="41" HEIGHT="41" CONTENT="la" WC="0.71" CC="50"/>
					</TextLine>
					<TextLine ID="P6_TL00017" HPOS="278" VPOS="1627" WIDTH="1767" HEIGHT="65">
						<String ID="P6_ST00156" HPOS="278" VPOS="1627" WIDTH="142" HEIGHT="55" CONTENT="Seine," WC="1.00" CC="300000"/>
						<SP ID="P6_SP00140" HPOS="420" VPOS="1682" WIDTH="24"/>
						<String ID="P6_ST00157" HPOS="444" VPOS="1628" WIDTH="145" HEIGHT="42" CONTENT="l'hôtel" WC="0.98" CC="6050606"/>
						<SP ID="P6_SP00141" HPOS="589" VPOS="1682" WIDTH="19"/>
						<String ID="P6_ST00158" HPOS="608" VPOS="1630" WIDTH="51" HEIGHT="40" CONTENT="de" WC="0.67" CC="60"/>
						<SP ID="P6_SP00142" HPOS="659" VPOS="1682" WIDTH="19"/>
						<String ID="P6_ST00159" HPOS="678" VPOS="1628" WIDTH="128" HEIGHT="42" CONTENT="Nesle" WC="1.00" CC="00000"/>
						<SP ID="P6_SP00143" HPOS="806" VPOS="1682" WIDTH="23"/>
						<String ID="P6_ST00160" HPOS="829" VPOS="1644" WIDTH="102" HEIGHT="28" CONTENT="avec" WC="1.00" CC="0000"/>
						<SP ID="P6_SP00144" HPOS="931" VPOS="1682" WIDTH="23"/>
						<String ID="P6_ST00161" HPOS="954" VPOS="1644" WIDTH="44" HEIGHT="26" CONTENT="sa" WC="1.00" CC="00"/>
						<SP ID="P6_SP00145" HPOS="998" VPOS="1682" WIDTH="20"/>
						<String ID="P6_ST00162" HPOS="1018" VPOS="1637" WIDTH="101" HEIGHT="35" CONTENT="tour" WC="1.00" CC="1000"/>
						<SP ID="P6_SP00146" HPOS="1119" VPOS="1682" WIDTH="20"/>
						<String ID="P6_ST00163" HPOS="1139" VPOS="1631" WIDTH="241" HEIGHT="55" CONTENT="légendaire" WC="0.99" CC="4600503000"/>
						<SP ID="P6_SP00147" HPOS="1380" VPOS="1686" WIDTH="21"/>
						<String ID="P6_ST00164" HPOS="1401" VPOS="1640" WIDTH="40" HEIGHT="34" CONTENT="et" WC="1.00" CC="00"/>
						<SP ID="P6_SP00148" HPOS="1441" VPOS="1686" WIDTH="26"/>
						<String ID="P6_ST00165" HPOS="1467" VPOS="1633" WIDTH="38" HEIGHT="42" CONTENT="le" WC="0.69" CC="60"/>
						<SP ID="P6_SP00149" HPOS="1505" VPOS="1686" WIDTH="16"/>
						<String ID="P6_ST00166" HPOS="1521" VPOS="1635" WIDTH="131" HEIGHT="42" CONTENT="vieux" WC="0.98" CC="04008"/>
						<SP ID="P6_SP00150" HPOS="1652" VPOS="1686" WIDTH="20"/>
						<String ID="P6_ST00167" HPOS="1672" VPOS="1635" WIDTH="176" HEIGHT="42" CONTENT="Louvre" WC="1.00" CC="200020"/>
						<SP ID="P6_SP00151" HPOS="1848" VPOS="1686" WIDTH="19"/>
						<String ID="P6_ST00168" HPOS="1867" VPOS="1636" WIDTH="178" HEIGHT="56" CONTENT="flanqué" WC="0.99" CC="2201004"/>
					</TextLine>
					<TextLine ID="P6_TL00018" HPOS="282" VPOS="1703" WIDTH="1763" HEIGHT="61">
						<String ID="P6_ST00169" HPOS="282" VPOS="1703" WIDTH="52" HEIGHT="41" CONTENT="de" WC="0.56" CC="80"/>
						<SP ID="P6_SP00152" HPOS="334" VPOS="1744" WIDTH="34"/>
						<String ID="P6_ST00170" HPOS="368" VPOS="1703" WIDTH="229" HEIGHT="50" CONTENT="tourelles;" WC="1.00" CC="0000000005"/>
						<SP ID="P6_SP00153" HPOS="597" VPOS="1753" WIDTH="31"/>
						<String ID="P6_ST00171" HPOS="628" VPOS="1703" WIDTH="41" HEIGHT="41" CONTENT="la" WC="1.00" CC="00"/>
						<SP ID="P6_SP00154" HPOS="669" VPOS="1753" WIDTH="36"/>
						<String ID="P6_ST00172" HPOS="705" VPOS="1705" WIDTH="120" HEIGHT="40" CONTENT="butte" WC="1.00" CC="10200"/>
						<SP ID="P6_SP00155" HPOS="825" VPOS="1753" WIDTH="35"/>
						<String ID="P6_ST00173" HPOS="860" VPOS="1705" WIDTH="50" HEIGHT="40" CONTENT="de" WC="0.93" CC="01"/>
						<SP ID="P6_SP00156" HPOS="910" VPOS="1753" WIDTH="36"/>
						<String ID="P6_ST00174" HPOS="946" VPOS="1706" WIDTH="292" HEIGHT="42" CONTENT="Montmartre" WC="0.99" CC="0015010506"/>
						<SP ID="P6_SP00157" HPOS="1238" VPOS="1753" WIDTH="34"/>
						<String ID="P6_ST00175" HPOS="1272" VPOS="1710" WIDTH="254" HEIGHT="39" CONTENT="couronnée" WC="0.99" CC="002004950"/>
						<SP ID="P6_SP00158" HPOS="1526" VPOS="1753" WIDTH="28"/>
						<String ID="P6_ST00176" HPOS="1554" VPOS="1724" WIDTH="78" HEIGHT="40" CONTENT="par" WC="1.00" CC="000"/>
						<SP ID="P6_SP00159" HPOS="1632" VPOS="1764" WIDTH="26"/>
						<String ID="P6_ST00177" HPOS="1658" VPOS="1710" WIDTH="38" HEIGHT="40" CONTENT="le" WC="0.57" CC="80"/>
						<SP ID="P6_SP00160" HPOS="1696" VPOS="1764" WIDTH="28"/>
						<String ID="P6_ST00178" HPOS="1724" VPOS="1715" WIDTH="247" HEIGHT="38" CONTENT="monastère" WC="0.99" CC="505106020"/>
						<SP ID="P6_SP00161" HPOS="1971" VPOS="1764" WIDTH="21"/>
						<String ID="P6_ST00179" HPOS="1992" VPOS="1712" WIDTH="53" HEIGHT="42" CONTENT="de" WC="1.00" CC="00"/>
					</TextLine>
					<TextLine ID="P6_TL00019" HPOS="278" VPOS="1776" WIDTH="1767" HEIGHT="53">
						<String ID="P6_ST00180" HPOS="278" VPOS="1788" WIDTH="46" HEIGHT="28" CONTENT="ce" WC="1.00" CC="00"/>
						<SP ID="P6_SP00162" HPOS="324" VPOS="1816" WIDTH="19"/>
						<String ID="P6_ST00181" HPOS="343" VPOS="1788" WIDTH="129" HEIGHT="41" CONTENT="nom;" WC="0.99" CC="0006"/>
						<SP ID="P6_SP00163" HPOS="472" VPOS="1829" WIDTH="32"/>
						<String ID="P6_ST00182" HPOS="504" VPOS="1781" WIDTH="24" HEIGHT="37" CONTENT="à" WC="1.00" CC="0"/>
						<SP ID="P6_SP00164" HPOS="528" VPOS="1829" WIDTH="19"/>
						<String ID="P6_ST00183" HPOS="547" VPOS="1776" WIDTH="111" HEIGHT="52" CONTENT="l'est," WC="0.99" CC="001032"/>
						<SP ID="P6_SP00165" HPOS="658" VPOS="1829" WIDTH="24"/>
						<String ID="P6_ST00184" HPOS="682" VPOS="1777" WIDTH="40" HEIGHT="42" CONTENT="la" WC="0.69" CC="60"/>
						<SP ID="P6_SP00166" HPOS="722" VPOS="1829" WIDTH="21"/>
						<String ID="P6_ST00185" HPOS="743" VPOS="1791" WIDTH="85" HEIGHT="28" CONTENT="vue" WC="0.97" CC="330"/>
						<SP ID="P6_SP00167" HPOS="828" VPOS="1829" WIDTH="21"/>
						<String ID="P6_ST00186" HPOS="849" VPOS="1791" WIDTH="44" HEIGHT="28" CONTENT="se" WC="1.00" CC="00"/>
						<SP ID="P6_SP00168" HPOS="893" VPOS="1829" WIDTH="21"/>
						<String ID="P6_ST00187" HPOS="914" VPOS="1778" WIDTH="153" HEIGHT="42" CONTENT="heurte" WC="0.99" CC="500200"/>
						<SP ID="P6_SP00169" HPOS="1067" VPOS="1829" WIDTH="21"/>
						<String ID="P6_ST00188" HPOS="1088" VPOS="1778" WIDTH="187" HEIGHT="43" CONTENT="aussitôt" WC="1.00" CC="00002301"/>
						<SP ID="P6_SP00170" HPOS="1275" VPOS="1829" WIDTH="20"/>
						<String ID="P6_ST00189" HPOS="1295" VPOS="1795" WIDTH="88" HEIGHT="28" CONTENT="aux" WC="0.96" CC="019"/>
						<SP ID="P6_SP00171" HPOS="1383" VPOS="1829" WIDTH="29"/>
						<String ID="P6_ST00190" HPOS="1412" VPOS="1783" WIDTH="220" HEIGHT="41" CONTENT="créneaux" WC="0.99" CC="00452000"/>
						<SP ID="P6_SP00172" HPOS="1632" VPOS="1829" WIDTH="28"/>
						<String ID="P6_ST00191" HPOS="1660" VPOS="1783" WIDTH="50" HEIGHT="42" CONTENT="de" WC="1.00" CC="00"/>
						<SP ID="P6_SP00173" HPOS="1710" VPOS="1829" WIDTH="30"/>
						<String ID="P6_ST00192" HPOS="1740" VPOS="1783" WIDTH="232" HEIGHT="45" CONTENT="l'enceinte" WC="1.00" CC="0201010400"/>
						<SP ID="P6_SP00174" HPOS="1972" VPOS="1829" WIDTH="20"/>
						<String ID="P6_ST00193" HPOS="1992" VPOS="1786" WIDTH="53" HEIGHT="42" CONTENT="de" WC="1.00" CC="00"/>
					</TextLine>
					<TextLine ID="P6_TL00020" HPOS="279" VPOS="1849" WIDTH="139" HEIGHT="45">
						<String ID="P6_ST00194" HPOS="279" VPOS="1849" WIDTH="139" HEIGHT="45" CONTENT="Paris." WC="0.99" CC="300502"/>
					</TextLine>
					<TextLine ID="P6_TL00021" HPOS="330" VPOS="1927" WIDTH="1713" HEIGHT="60">
						<String ID="P6_ST00195" HPOS="330" VPOS="1928" WIDTH="133" HEIGHT="42" CONTENT="Trois" WC="0.99" CC="00050"/>
						<SP ID="P6_SP00175" HPOS="463" VPOS="1970" WIDTH="26"/>
						<String ID="P6_ST00196" HPOS="489" VPOS="1936" WIDTH="141" HEIGHT="48" CONTENT="portes" WC="1.00" CC="030000"/>
						<SP ID="P6_SP00176" HPOS="630" VPOS="1984" WIDTH="23"/>
						<String ID="P6_ST00197" HPOS="653" VPOS="1927" WIDTH="201" HEIGHT="43" CONTENT="faisaient" WC="0.99" CC="004041040"/>
						<SP ID="P6_SP00177" HPOS="854" VPOS="1984" WIDTH="23"/>
						<String ID="P6_ST00198" HPOS="877" VPOS="1928" WIDTH="343" HEIGHT="56" CONTENT="communiquer" WC="1.00" CC="00401050000"/>
						<SP ID="P6_SP00178" HPOS="1220" VPOS="1984" WIDTH="21"/>
						<String ID="P6_ST00199" HPOS="1241" VPOS="1929" WIDTH="39" HEIGHT="41" CONTENT="le" WC="0.96" CC="00"/>
						<SP ID="P6_SP00179" HPOS="1280" VPOS="1984" WIDTH="23"/>
						<String ID="P6_ST00200" HPOS="1303" VPOS="1929" WIDTH="216" HEIGHT="58" CONTENT="faubourg" WC="1.00" CC="20032000"/>
						<SP ID="P6_SP00180" HPOS="1519" VPOS="1987" WIDTH="30"/>
						<String ID="P6_ST00201" HPOS="1549" VPOS="1932" WIDTH="362" HEIGHT="46" CONTENT="Saint-Germain" WC="1.00" CC="0031220000640"/>
						<SP ID="P6_SP00181" HPOS="1911" VPOS="1987" WIDTH="32"/>
						<String ID="P6_ST00202" HPOS="1943" VPOS="1951" WIDTH="100" HEIGHT="28" CONTENT="avec" WC="0.98" CC="3300"/>
					</TextLine>
					<TextLine ID="P6_TL00022" HPOS="279" VPOS="2002" WIDTH="1762" HEIGHT="61">
						<String ID="P6_ST00203" HPOS="279" VPOS="2003" WIDTH="41" HEIGHT="41" CONTENT="la" WC="1.00" CC="00"/>
						<SP ID="P6_SP00182" HPOS="320" VPOS="2044" WIDTH="21"/>
						<String ID="P6_ST00204" HPOS="341" VPOS="2002" WIDTH="118" HEIGHT="43" CONTENT="ville." WC="0.99" CC="042103"/>
						<SP ID="P6_SP00183" HPOS="459" VPOS="2045" WIDTH="35"/>
						<String ID="P6_ST00205" HPOS="494" VPOS="2002" WIDTH="62" HEIGHT="42" CONTENT="La" WC="1.00" CC="00"/>
						<SP ID="P6_SP00184" HPOS="556" VPOS="2045" WIDTH="20"/>
						<String ID="P6_ST00206" HPOS="576" VPOS="2002" WIDTH="228" HEIGHT="56" CONTENT="première," WC="1.00" CC="000024000"/>
						<SP ID="P6_SP00185" HPOS="804" VPOS="2058" WIDTH="24"/>
						<String ID="P6_ST00207" HPOS="828" VPOS="2002" WIDTH="89" HEIGHT="42" CONTENT="dite" WC="0.98" CC="0430"/>
						<SP ID="P6_SP00186" HPOS="917" VPOS="2058" WIDTH="21"/>
						<String ID="P6_ST00208" HPOS="938" VPOS="2012" WIDTH="122" HEIGHT="44" CONTENT="porte" WC="0.99" CC="01320"/>
						<SP ID="P6_SP00187" HPOS="1060" VPOS="2058" WIDTH="21"/>
						<String ID="P6_ST00209" HPOS="1081" VPOS="2003" WIDTH="50" HEIGHT="41" CONTENT="de" WC="1.00" CC="00"/>
						<SP ID="P6_SP00188" HPOS="1131" VPOS="2058" WIDTH="18"/>
						<String ID="P6_ST00210" HPOS="1149" VPOS="2003" WIDTH="146" HEIGHT="53" CONTENT="Nesle," WC="0.94" CC="300000"/>
						<SP ID="P6_SP00189" HPOS="1295" VPOS="2058" WIDTH="22"/>
						<String ID="P6_ST00211" HPOS="1317" VPOS="2004" WIDTH="137" HEIGHT="42" CONTENT="située" WC="0.99" CC="000250"/>
						<SP ID="P6_SP00190" HPOS="1454" VPOS="2058" WIDTH="23"/>
						<String ID="P6_ST00212" HPOS="1477" VPOS="2020" WIDTH="75" HEIGHT="27" CONTENT="sur" WC="0.98" CC="060"/>
						<SP ID="P6_SP00191" HPOS="1552" VPOS="2058" WIDTH="19"/>
						<String ID="P6_ST00213" HPOS="1571" VPOS="2006" WIDTH="40" HEIGHT="41" CONTENT="le" WC="0.78" CC="40"/>
						<SP ID="P6_SP00192" HPOS="1611" VPOS="2058" WIDTH="26"/>
						<String ID="P6_ST00214" HPOS="1637" VPOS="2007" WIDTH="104" HEIGHT="42" CONTENT="bord" WC="0.99" CC="4000"/>
						<SP ID="P6_SP00193" HPOS="1741" VPOS="2058" WIDTH="19"/>
						<String ID="P6_ST00215" HPOS="1760" VPOS="2008" WIDTH="53" HEIGHT="42" CONTENT="de" WC="1.00" CC="00"/>
						<SP ID="P6_SP00194" HPOS="1813" VPOS="2058" WIDTH="19"/>
						<String ID="P6_ST00216" HPOS="1832" VPOS="2009" WIDTH="41" HEIGHT="42" CONTENT="la" WC="0.69" CC="60"/>
						<SP ID="P6_SP00195" HPOS="1873" VPOS="2058" WIDTH="24"/>
						<String ID="P6_ST00217" HPOS="1897" VPOS="2011" WIDTH="144" HEIGHT="52" CONTENT="Seine," WC="0.99" CC="003700"/>
					</TextLine>
					<TextLine ID="P6_TL00023" HPOS="274" VPOS="2077" WIDTH="1767" HEIGHT="64">
						<String ID="P6_ST00218" HPOS="274" VPOS="2077" WIDTH="177" HEIGHT="40" CONTENT="ouvrait" WC="0.98" CC="0690730"/>
						<SP ID="P6_SP00196" HPOS="451" VPOS="2117" WIDTH="30"/>
						<String ID="P6_ST00219" HPOS="481" VPOS="2091" WIDTH="75" HEIGHT="26" CONTENT="sur" WC="0.99" CC="030"/>
						<SP ID="P6_SP00197" HPOS="556" VPOS="2117" WIDTH="24"/>
						<String ID="P6_ST00220" HPOS="580" VPOS="2077" WIDTH="39" HEIGHT="40" CONTENT="le" WC="0.72" CC="05"/>
						<SP ID="P6_SP00198" HPOS="619" VPOS="2117" WIDTH="34"/>
						<String ID="P6_ST00221" HPOS="653" VPOS="2077" WIDTH="107" HEIGHT="56" CONTENT="petit" WC="1.00" CC="00300"/>
						<SP ID="P6_SP00199" HPOS="760" VPOS="2133" WIDTH="23"/>
						<String ID="P6_ST00222" HPOS="783" VPOS="2077" WIDTH="371" HEIGHT="42" CONTENT="Pré-aux-Clercs." WC="0.88" CC="042300031000300"/>
						<SP ID="P6_SP00200" HPOS="1154" VPOS="2133" WIDTH="38"/>
						<String ID="P6_ST00223" HPOS="1192" VPOS="2078" WIDTH="64" HEIGHT="41" CONTENT="La" WC="0.55" CC="08"/>
						<SP ID="P6_SP00201" HPOS="1256" VPOS="2133" WIDTH="20"/>
						<String ID="P6_ST00224" HPOS="1276" VPOS="2078" WIDTH="245" HEIGHT="55" CONTENT="deuxième," WC="1.00" CC="000031000"/>
						<SP ID="P6_SP00202" HPOS="1521" VPOS="2133" WIDTH="24"/>
						<String ID="P6_ST00225" HPOS="1545" VPOS="2080" WIDTH="90" HEIGHT="42" CONTENT="dite" WC="0.97" CC="9060"/>
						<SP ID="P6_SP00203" HPOS="1635" VPOS="2133" WIDTH="23"/>
						<String ID="P6_ST00226" HPOS="1658" VPOS="2091" WIDTH="124" HEIGHT="45" CONTENT="porte" WC="0.99" CC="00060"/>
						<SP ID="P6_SP00204" HPOS="1782" VPOS="2136" WIDTH="21"/>
						<String ID="P6_ST00227" HPOS="1803" VPOS="2084" WIDTH="52" HEIGHT="41" CONTENT="de" WC="1.00" CC="00"/>
						<SP ID="P6_SP00205" HPOS="1855" VPOS="2136" WIDTH="26"/>
						<String ID="P6_ST00228" HPOS="1881" VPOS="2086" WIDTH="160" HEIGHT="55" CONTENT="Bussy," WC="0.81" CC="064000"/>
					</TextLine>
					<TextLine ID="P6_TL00024" HPOS="275" VPOS="2152" WIDTH="1763" HEIGHT="64">
						<String ID="P6_ST00229" HPOS="275" VPOS="2152" WIDTH="266" HEIGHT="40" CONTENT="débouchait" WC="1.00" CC="0300003070"/>
						<SP ID="P6_SP00206" HPOS="541" VPOS="2192" WIDTH="38"/>
						<String ID="P6_ST00230" HPOS="579" VPOS="2164" WIDTH="80" HEIGHT="28" CONTENT="rue" WC="0.97" CC="600"/>
						<SP ID="P6_SP00207" HPOS="659" VPOS="2192" WIDTH="39"/>
						<String ID="P6_ST00231" HPOS="698" VPOS="2152" WIDTH="548" HEIGHT="53" CONTENT="Saint-André-des-Arts," WC="0.83" CC="755432000001000005000"/>
						<SP ID="P6_SP00208" HPOS="1246" VPOS="2205" WIDTH="36"/>
						<String ID="P6_ST00232" HPOS="1282" VPOS="2157" WIDTH="96" HEIGHT="50" CONTENT="près" WC="1.00" CC="0000"/>
						<SP ID="P6_SP00209" HPOS="1378" VPOS="2207" WIDTH="40"/>
						<String ID="P6_ST00233" HPOS="1418" VPOS="2154" WIDTH="52" HEIGHT="41" CONTENT="de" WC="1.00" CC="00"/>
						<SP ID="P6_SP00210" HPOS="1470" VPOS="2207" WIDTH="38"/>
						<String ID="P6_ST00234" HPOS="1508" VPOS="2155" WIDTH="41" HEIGHT="41" CONTENT="la" WC="0.87" CC="20"/>
						<SP ID="P6_SP00211" HPOS="1549" VPOS="2207" WIDTH="41"/>
						<String ID="P6_ST00235" HPOS="1590" VPOS="2169" WIDTH="76" HEIGHT="28" CONTENT="rue" WC="0.96" CC="360"/>
						<SP ID="P6_SP00212" HPOS="1666" VPOS="2207" WIDTH="38"/>
						<String ID="P6_ST00236" HPOS="1704" VPOS="2158" WIDTH="334" HEIGHT="58" CONTENT="Contrescarpe." WC="1.00" CC="0020000405002"/>
					</TextLine>
					<TextLine ID="P6_TL00025" HPOS="279" VPOS="2225" WIDTH="1763" HEIGHT="57">
						<String ID="P6_ST00237" HPOS="279" VPOS="2225" WIDTH="61" HEIGHT="42" CONTENT="La" WC="1.00" CC="00"/>
						<SP ID="P6_SP00213" HPOS="340" VPOS="2267" WIDTH="20"/>
						<String ID="P6_ST00238" HPOS="360" VPOS="2225" WIDTH="237" HEIGHT="51" CONTENT="troisième," WC="1.00" CC="3004035000"/>
						<SP ID="P6_SP00214" HPOS="597" VPOS="2276" WIDTH="26"/>
						<String ID="P6_ST00239" HPOS="623" VPOS="2225" WIDTH="77" HEIGHT="55" CONTENT="qui" WC="0.98" CC="500"/>
						<SP ID="P6_SP00215" HPOS="700" VPOS="2280" WIDTH="22"/>
						<String ID="P6_ST00240" HPOS="722" VPOS="2225" WIDTH="163" HEIGHT="56" CONTENT="portait" WC="0.98" CC="0093216"/>
						<SP ID="P6_SP00216" HPOS="885" VPOS="2281" WIDTH="19"/>
						<String ID="P6_ST00241" HPOS="904" VPOS="2225" WIDTH="38" HEIGHT="41" CONTENT="le" WC="0.51" CC="63"/>
						<SP ID="P6_SP00217" HPOS="942" VPOS="2281" WIDTH="20"/>
						<String ID="P6_ST00242" HPOS="962" VPOS="2239" WIDTH="106" HEIGHT="28" CONTENT="nom" WC="0.98" CC="203"/>
						<SP ID="P6_SP00218" HPOS="1068" VPOS="2281" WIDTH="21"/>
						<String ID="P6_ST00243" HPOS="1089" VPOS="2227" WIDTH="60" HEIGHT="40" CONTENT="du" WC="0.89" CC="02"/>
						<SP ID="P6_SP00219" HPOS="1149" VPOS="2281" WIDTH="22"/>
						<String ID="P6_ST00244" HPOS="1171" VPOS="2227" WIDTH="241" HEIGHT="55" CONTENT="faubourg," WC="0.99" CC="300106400"/>
						<SP ID="P6_SP00220" HPOS="1412" VPOS="2282" WIDTH="25"/>
						<String ID="P6_ST00245" HPOS="1437" VPOS="2242" WIDTH="42" HEIGHT="28" CONTENT="se" WC="1.00" CC="00"/>
						<SP ID="P6_SP00221" HPOS="1479" VPOS="2282" WIDTH="22"/>
						<String ID="P6_ST00246" HPOS="1501" VPOS="2230" WIDTH="187" HEIGHT="42" CONTENT="dressait" WC="1.00" CC="00000500"/>
						<SP ID="P6_SP00222" HPOS="1688" VPOS="2282" WIDTH="24"/>
						<String ID="P6_ST00247" HPOS="1712" VPOS="2246" WIDTH="54" HEIGHT="26" CONTENT="au" WC="1.00" CC="00"/>
						<SP ID="P6_SP00223" HPOS="1766" VPOS="2282" WIDTH="27"/>
						<String ID="P6_ST00248" HPOS="1793" VPOS="2233" WIDTH="110" HEIGHT="42" CONTENT="bout" WC="0.97" CC="2405"/>
						<SP ID="P6_SP00224" HPOS="1903" VPOS="2282" WIDTH="25"/>
						<String ID="P6_ST00249" HPOS="1928" VPOS="2233" WIDTH="52" HEIGHT="42" CONTENT="de" WC="1.00" CC="00"/>
						<SP ID="P6_SP00225" HPOS="1980" VPOS="2282" WIDTH="21"/>
						<String ID="P6_ST00250" HPOS="2001" VPOS="2237" WIDTH="41" HEIGHT="39" CONTENT="la" WC="1.00" CC="00"/>
					</TextLine>
					<TextLine ID="P6_TL00026" HPOS="273" VPOS="2298" WIDTH="1769" HEIGHT="63">
						<String ID="P6_ST00251" HPOS="273" VPOS="2313" WIDTH="77" HEIGHT="28" CONTENT="rue" WC="0.97" CC="340"/>
						<SP ID="P6_SP00226" HPOS="350" VPOS="2341" WIDTH="32"/>
						<String ID="P6_ST00252" HPOS="382" VPOS="2299" WIDTH="74" HEIGHT="41" CONTENT="des" WC="1.00" CC="000"/>
						<SP ID="P6_SP00227" HPOS="456" VPOS="2341" WIDTH="35"/>
						<String ID="P6_ST00253" HPOS="491" VPOS="2298" WIDTH="242" HEIGHT="43" CONTENT="Cordeliers" WC="0.86" CC="0000014060"/>
						<SP ID="P6_SP00228" HPOS="733" VPOS="2341" WIDTH="35"/>
						<String ID="P6_ST00254" HPOS="768" VPOS="2299" WIDTH="301" HEIGHT="56" CONTENT="(aujourd'hui" WC="0.99" CC="008735100601"/>
						<SP ID="P6_SP00229" HPOS="1069" VPOS="2355" WIDTH="33"/>
						<String ID="P6_ST00255" HPOS="1102" VPOS="2314" WIDTH="78" HEIGHT="27" CONTENT="rue" WC="0.97" CC="133"/>
						<SP ID="P6_SP00230" HPOS="1180" VPOS="2355" WIDTH="31"/>
						<String ID="P6_ST00256" HPOS="1211" VPOS="2301" WIDTH="51" HEIGHT="40" CONTENT="de" WC="0.81" CC="03"/>
						<SP ID="P6_SP00231" HPOS="1262" VPOS="2355" WIDTH="31"/>
						<String ID="P6_ST00257" HPOS="1293" VPOS="2301" WIDTH="532" HEIGHT="60" CONTENT="l'Ecole-de-Médecine)," WC="0.81" CC="306006010010600213030"/>
						<SP ID="P6_SP00232" HPOS="1825" VPOS="2361" WIDTH="33"/>
						<String ID="P6_ST00258" HPOS="1858" VPOS="2315" WIDTH="122" HEIGHT="35" CONTENT="entre" WC="0.98" CC="02630"/>
						<SP ID="P6_SP00233" HPOS="1980" VPOS="2361" WIDTH="20"/>
						<String ID="P6_ST00259" HPOS="2000" VPOS="2308" WIDTH="42" HEIGHT="42" CONTENT="la" WC="0.81" CC="30"/>
					</TextLine>
					<TextLine ID="P6_TL00027" HPOS="275" VPOS="2373" WIDTH="930" HEIGHT="45">
						<String ID="P6_ST00260" HPOS="275" VPOS="2388" WIDTH="78" HEIGHT="28" CONTENT="rue" WC="0.97" CC="071"/>
						<SP ID="P6_SP00234" HPOS="353" VPOS="2416" WIDTH="21"/>
						<String ID="P6_ST00261" HPOS="374" VPOS="2375" WIDTH="59" HEIGHT="40" CONTENT="du" WC="1.00" CC="00"/>
						<SP ID="P6_SP00235" HPOS="433" VPOS="2416" WIDTH="26"/>
						<String ID="P6_ST00262" HPOS="459" VPOS="2374" WIDTH="120" HEIGHT="41" CONTENT="Paon" WC="0.98" CC="5401"/>
						<SP ID="P6_SP00236" HPOS="579" VPOS="2416" WIDTH="23"/>
						<String ID="P6_ST00263" HPOS="602" VPOS="2381" WIDTH="40" HEIGHT="34" CONTENT="et" WC="0.67" CC="06"/>
						<SP ID="P6_SP00237" HPOS="642" VPOS="2416" WIDTH="21"/>
						<String ID="P6_ST00264" HPOS="663" VPOS="2374" WIDTH="39" HEIGHT="41" CONTENT="la" WC="1.00" CC="00"/>
						<SP ID="P6_SP00238" HPOS="702" VPOS="2416" WIDTH="23"/>
						<String ID="P6_ST00265" HPOS="725" VPOS="2388" WIDTH="105" HEIGHT="27" CONTENT="cour" WC="0.99" CC="0002"/>
						<SP ID="P6_SP00239" HPOS="830" VPOS="2416" WIDTH="21"/>
						<String ID="P6_ST00266" HPOS="851" VPOS="2375" WIDTH="57" HEIGHT="40" CONTENT="du" WC="1.00" CC="00"/>
						<SP ID="P6_SP00240" HPOS="908" VPOS="2416" WIDTH="26"/>
						<String ID="P6_ST00267" HPOS="934" VPOS="2373" WIDTH="271" HEIGHT="45" CONTENT="Commerce." WC="1.00" CC="600000200"/>
					</TextLine>
					<TextLine ID="P6_TL00028" HPOS="334" VPOS="2448" WIDTH="1709" HEIGHT="64">
						<String ID="P6_ST00268" HPOS="334" VPOS="2449" WIDTH="63" HEIGHT="40" CONTENT="De" WC="0.82" CC="30"/>
						<SP ID="P6_SP00241" HPOS="397" VPOS="2489" WIDTH="22"/>
						<String ID="P6_ST00269" HPOS="419" VPOS="2448" WIDTH="198" HEIGHT="41" CONTENT="chacune" WC="0.99" CC="0770010"/>
						<SP ID="P6_SP00242" HPOS="617" VPOS="2489" WIDTH="22"/>
						<String ID="P6_ST00270" HPOS="639" VPOS="2448" WIDTH="52" HEIGHT="40" CONTENT="de" WC="1.00" CC="00"/>
						<SP ID="P6_SP00243" HPOS="691" VPOS="2489" WIDTH="20"/>
						<String ID="P6_ST00271" HPOS="711" VPOS="2461" WIDTH="67" HEIGHT="27" CONTENT="ces" WC="0.98" CC="032"/>
						<SP ID="P6_SP00244" HPOS="778" VPOS="2489" WIDTH="35"/>
						<String ID="P6_ST00272" HPOS="813" VPOS="2458" WIDTH="144" HEIGHT="45" CONTENT="portes" WC="0.99" CC="000600"/>
						<SP ID="P6_SP00245" HPOS="957" VPOS="2503" WIDTH="32"/>
						<String ID="P6_ST00273" HPOS="989" VPOS="2450" WIDTH="217" HEIGHT="55" CONTENT="partaient" WC="0.99" CC="040534033"/>
						<SP ID="P6_SP00246" HPOS="1206" VPOS="2505" WIDTH="33"/>
						<String ID="P6_ST00274" HPOS="1239" VPOS="2451" WIDTH="73" HEIGHT="41" CONTENT="des" WC="0.98" CC="005"/>
						<SP ID="P6_SP00247" HPOS="1312" VPOS="2505" WIDTH="28"/>
						<String ID="P6_ST00275" HPOS="1340" VPOS="2453" WIDTH="199" HEIGHT="42" CONTENT="chemins" WC="1.00" CC="0003020"/>
						<SP ID="P6_SP00248" HPOS="1539" VPOS="2505" WIDTH="34"/>
						<String ID="P6_ST00276" HPOS="1573" VPOS="2455" WIDTH="78" HEIGHT="55" CONTENT="qui" WC="1.00" CC="000"/>
						<SP ID="P6_SP00249" HPOS="1651" VPOS="2510" WIDTH="33"/>
						<String ID="P6_ST00277" HPOS="1684" VPOS="2455" WIDTH="316" HEIGHT="57" CONTENT="s'enfonçaient" WC="1.00" CC="0200005651000"/>
						<SP ID="P6_SP00250" HPOS="2000" VPOS="2512" WIDTH="18"/>
						<String ID="P6_ST00278" HPOS="2018" VPOS="2461" WIDTH="25" HEIGHT="37" CONTENT="à" WC="0.50" CC="4"/>
					</TextLine>
					<TextLine ID="P6_TL00029" HPOS="275" VPOS="2522" WIDTH="1766" HEIGHT="58">
						<String ID="P6_ST00279" HPOS="275" VPOS="2531" WIDTH="160" HEIGHT="33" CONTENT="travers" WC="0.98" CC="0929050"/>
						<SP ID="P6_SP00251" HPOS="435" VPOS="2564" WIDTH="26"/>
						<String ID="P6_ST00280" HPOS="461" VPOS="2522" WIDTH="195" HEIGHT="54" CONTENT="champs." WC="0.99" CC="0340500"/>
						<SP ID="P6_SP00252" HPOS="656" VPOS="2576" WIDTH="40"/>
						<String ID="P6_ST00281" HPOS="696" VPOS="2522" WIDTH="61" HEIGHT="41" CONTENT="La" WC="1.00" CC="00"/>
						<SP ID="P6_SP00253" HPOS="757" VPOS="2576" WIDTH="19"/>
						<String ID="P6_ST00282" HPOS="776" VPOS="2522" WIDTH="195" HEIGHT="56" CONTENT="majeure" WC="0.99" CC="3047050"/>
						<SP ID="P6_SP00254" HPOS="971" VPOS="2578" WIDTH="22"/>
						<String ID="P6_ST00283" HPOS="993" VPOS="2524" WIDTH="138" HEIGHT="54" CONTENT="partie" WC="0.99" CC="053000"/>
						<SP ID="P6_SP00255" HPOS="1131" VPOS="2578" WIDTH="19"/>
						<String ID="P6_ST00284" HPOS="1150" VPOS="2525" WIDTH="73" HEIGHT="41" CONTENT="des" WC="0.98" CC="004"/>
						<SP ID="P6_SP00256" HPOS="1223" VPOS="2578" WIDTH="21"/>
						<String ID="P6_ST00285" HPOS="1244" VPOS="2526" WIDTH="183" HEIGHT="54" CONTENT="grandes" WC="0.99" CC="0905000"/>
						<SP ID="P6_SP00257" HPOS="1427" VPOS="2580" WIDTH="21"/>
						<String ID="P6_ST00286" HPOS="1448" VPOS="2526" WIDTH="118" HEIGHT="42" CONTENT="voies" WC="1.00" CC="00000"/>
						<SP ID="P6_SP00258" HPOS="1566" VPOS="2580" WIDTH="21"/>
						<String ID="P6_ST00287" HPOS="1587" VPOS="2529" WIDTH="52" HEIGHT="40" CONTENT="de" WC="1.00" CC="00"/>
						<SP ID="P6_SP00259" HPOS="1639" VPOS="2580" WIDTH="22"/>
						<String ID="P6_ST00288" HPOS="1661" VPOS="2531" WIDTH="380" HEIGHT="42" CONTENT="communication" WC="0.99" CC="9006310002147"/>
					</TextLine>
					<TextLine ID="P6_TL00030" HPOS="274" VPOS="2595" WIDTH="1768" HEIGHT="57">
						<String ID="P6_ST00289" HPOS="274" VPOS="2599" WIDTH="58" HEIGHT="39" CONTENT="du" WC="0.95" CC="00"/>
						<SP ID="P6_SP00260" HPOS="332" VPOS="2638" WIDTH="23"/>
						<String ID="P6_ST00290" HPOS="355" VPOS="2596" WIDTH="195" HEIGHT="56" CONTENT="quartier" WC="1.00" CC="02006000"/>
						<SP ID="P6_SP00261" HPOS="550" VPOS="2652" WIDTH="16"/>
						<String ID="P6_ST00291" HPOS="566" VPOS="2595" WIDTH="358" HEIGHT="43" CONTENT="Saint-Germain" WC="1.00" CC="0000040020105"/>
						<SP ID="P6_SP00262" HPOS="924" VPOS="2652" WIDTH="22"/>
						<String ID="P6_ST00292" HPOS="946" VPOS="2597" WIDTH="166" HEIGHT="42" CONTENT="suivait" WC="1.00" CC="0030000"/>
						<SP ID="P6_SP00263" HPOS="1112" VPOS="2652" WIDTH="21"/>
						<String ID="P6_ST00293" HPOS="1133" VPOS="2599" WIDTH="39" HEIGHT="40" CONTENT="le" WC="0.76" CC="40"/>
						<SP ID="P6_SP00264" HPOS="1172" VPOS="2652" WIDTH="18"/>
						<String ID="P6_ST00294" HPOS="1190" VPOS="2601" WIDTH="117" HEIGHT="40" CONTENT="tracé" WC="0.98" CC="23303"/>
						<SP ID="P6_SP00265" HPOS="1307" VPOS="2652" WIDTH="20"/>
						<String ID="P6_ST00295" HPOS="1327" VPOS="2600" WIDTH="54" HEIGHT="41" CONTENT="de" WC="1.00" CC="00"/>
						<SP ID="P6_SP00266" HPOS="1381" VPOS="2652" WIDTH="22"/>
						<String ID="P6_ST00296" HPOS="1403" VPOS="2614" WIDTH="69" HEIGHT="28" CONTENT="ces" WC="0.98" CC="500"/>
						<SP ID="P6_SP00267" HPOS="1472" VPOS="2652" WIDTH="25"/>
						<String ID="P6_ST00297" HPOS="1497" VPOS="2604" WIDTH="164" HEIGHT="40" CONTENT="mêmes" WC="0.98" CC="46030"/>
						<SP ID="P6_SP00268" HPOS="1661" VPOS="2652" WIDTH="23"/>
						<String ID="P6_ST00298" HPOS="1684" VPOS="2604" WIDTH="199" HEIGHT="43" CONTENT="chemins" WC="0.99" CC="0300610"/>
						<SP ID="P6_SP00269" HPOS="1883" VPOS="2652" WIDTH="26"/>
						<String ID="P6_ST00299" HPOS="1909" VPOS="2614" WIDTH="133" HEIGHT="34" CONTENT="avant" WC="0.99" CC="00005"/>
					</TextLine>
					<TextLine ID="P6_TL00031" HPOS="273" VPOS="2671" WIDTH="882" HEIGHT="44">
						<String ID="P6_ST00300" HPOS="273" VPOS="2671" WIDTH="40" HEIGHT="41" CONTENT="la" WC="0.79" CC="40"/>
						<SP ID="P6_SP00270" HPOS="313" VPOS="2712" WIDTH="22"/>
						<String ID="P6_ST00301" HPOS="335" VPOS="2671" WIDTH="197" HEIGHT="41" CONTENT="dernière" WC="0.99" CC="00306400"/>
						<SP ID="P6_SP00271" HPOS="532" VPOS="2712" WIDTH="21"/>
						<String ID="P6_ST00302" HPOS="553" VPOS="2671" WIDTH="365" HEIGHT="42" CONTENT="transformation" WC="1.00" CC="00050000402006"/>
						<SP ID="P6_SP00272" HPOS="918" VPOS="2713" WIDTH="23"/>
						<String ID="P6_ST00303" HPOS="941" VPOS="2672" WIDTH="53" HEIGHT="41" CONTENT="de" WC="0.93" CC="10"/>
						<SP ID="P6_SP00273" HPOS="994" VPOS="2713" WIDTH="26"/>
						<String ID="P6_ST00304" HPOS="1020" VPOS="2672" WIDTH="135" HEIGHT="43" CONTENT="Paris." WC="0.99" CC="004410"/>
					</TextLine>
					<TextLine ID="P6_TL00032" HPOS="327" VPOS="2745" WIDTH="1714" HEIGHT="64">
						<String ID="P6_ST00305" HPOS="327" VPOS="2745" WIDTH="149" HEIGHT="54" CONTENT="Ainsi," WC="1.00" CC="040010"/>
						<SP ID="P6_SP00274" HPOS="476" VPOS="2799" WIDTH="20"/>
						<String ID="P6_ST00306" HPOS="496" VPOS="2746" WIDTH="54" HEIGHT="39" CONTENT="de" WC="1.00" CC="00"/>
						<SP ID="P6_SP00275" HPOS="550" VPOS="2799" WIDTH="20"/>
						<String ID="P6_ST00307" HPOS="570" VPOS="2746" WIDTH="41" HEIGHT="41" CONTENT="la" WC="0.88" CC="11"/>
						<SP ID="P6_SP00276" HPOS="611" VPOS="2799" WIDTH="22"/>
						<String ID="P6_ST00308" HPOS="633" VPOS="2754" WIDTH="124" HEIGHT="47" CONTENT="porte" WC="1.00" CC="00000"/>
						<SP ID="P6_SP00277" HPOS="757" VPOS="2801" WIDTH="26"/>
						<String ID="P6_ST00309" HPOS="783" VPOS="2746" WIDTH="367" HEIGHT="43" CONTENT="Saint-Germain" WC="1.00" CC="0004023003015"/>
						<SP ID="P6_SP00278" HPOS="1150" VPOS="2801" WIDTH="31"/>
						<String ID="P6_ST00310" HPOS="1181" VPOS="2749" WIDTH="217" HEIGHT="55" CONTENT="partaient" WC="0.99" CC="402610000"/>
						<SP ID="P6_SP00279" HPOS="1398" VPOS="2804" WIDTH="20"/>
						<String ID="P6_ST00311" HPOS="1418" VPOS="2750" WIDTH="115" HEIGHT="43" CONTENT="deux" WC="0.98" CC="0028"/>
						<SP ID="P6_SP00280" HPOS="1533" VPOS="2804" WIDTH="21"/>
						<String ID="P6_ST00312" HPOS="1554" VPOS="2752" WIDTH="120" HEIGHT="42" CONTENT="voies" WC="0.99" CC="00600"/>
						<SP ID="P6_SP00281" HPOS="1674" VPOS="2804" WIDTH="19"/>
						<String ID="P6_ST00313" HPOS="1693" VPOS="2766" WIDTH="9" HEIGHT="30" CONTENT=":" WC="0.61" CC="3"/>
						<SP ID="P6_SP00282" HPOS="1702" VPOS="2804" WIDTH="35"/>
						<String ID="P6_ST00314" HPOS="1737" VPOS="2754" WIDTH="119" HEIGHT="42" CONTENT="l'une" WC="0.99" CC="24020"/>
						<SP ID="P6_SP00283" HPOS="1856" VPOS="2804" WIDTH="25"/>
						<String ID="P6_ST00315" HPOS="1881" VPOS="2756" WIDTH="160" HEIGHT="53" CONTENT="passait" WC="0.99" CC="0100350"/>
					</TextLine>
					<TextLine ID="P6_TL00033" HPOS="275" VPOS="2818" WIDTH="1764" HEIGHT="66">
						<String ID="P6_ST00316" HPOS="275" VPOS="2827" WIDTH="122" HEIGHT="33" CONTENT="entre" WC="0.99" CC="06000"/>
						<SP ID="P6_SP00284" HPOS="397" VPOS="2860" WIDTH="22"/>
						<String ID="P6_ST00317" HPOS="419" VPOS="2820" WIDTH="60" HEIGHT="39" CONTENT="les" WC="0.98" CC="500"/>
						<SP ID="P6_SP00285" HPOS="479" VPOS="2860" WIDTH="24"/>
						<String ID="P6_ST00318" HPOS="503" VPOS="2818" WIDTH="254" HEIGHT="42" CONTENT="boucheries" WC="1.00" CC="0002300400"/>
						<SP ID="P6_SP00286" HPOS="757" VPOS="2860" WIDTH="21"/>
						<String ID="P6_ST00319" HPOS="778" VPOS="2829" WIDTH="42" HEIGHT="31" CONTENT="et" WC="0.88" CC="02"/>
						<SP ID="P6_SP00287" HPOS="820" VPOS="2860" WIDTH="20"/>
						<String ID="P6_ST00320" HPOS="840" VPOS="2820" WIDTH="266" HEIGHT="43" CONTENT="débouchait" WC="0.99" CC="0342047020"/>
						<SP ID="P6_SP00288" HPOS="1106" VPOS="2863" WIDTH="18"/>
						<String ID="P6_ST00321" HPOS="1124" VPOS="2836" WIDTH="52" HEIGHT="27" CONTENT="en" WC="1.00" CC="00"/>
						<SP ID="P6_SP00289" HPOS="1176" VPOS="2863" WIDTH="24"/>
						<String ID="P6_ST00322" HPOS="1200" VPOS="2823" WIDTH="88" HEIGHT="41" CONTENT="face" WC="0.99" CC="0050"/>
						<SP ID="P6_SP00290" HPOS="1288" VPOS="2864" WIDTH="21"/>
						<String ID="P6_ST00323" HPOS="1309" VPOS="2823" WIDTH="60" HEIGHT="41" CONTENT="du" WC="0.77" CC="04"/>
						<SP ID="P6_SP00291" HPOS="1369" VPOS="2864" WIDTH="20"/>
						<String ID="P6_ST00324" HPOS="1389" VPOS="2825" WIDTH="130" HEIGHT="54" CONTENT="pilori" WC="0.99" CC="026000"/>
						<SP ID="P6_SP00292" HPOS="1519" VPOS="2879" WIDTH="17"/>
						<String ID="P6_ST00325" HPOS="1536" VPOS="2840" WIDTH="12" HEIGHT="37" CONTENT=";" WC="0.34" CC="6"/>
						<SP ID="P6_SP00293" HPOS="1548" VPOS="2879" WIDTH="33"/>
						<String ID="P6_ST00326" HPOS="1581" VPOS="2826" WIDTH="155" HEIGHT="43" CONTENT="l'autre" WC="0.99" CC="0050650"/>
						<SP ID="P6_SP00294" HPOS="1736" VPOS="2879" WIDTH="30"/>
						<String ID="P6_ST00327" HPOS="1766" VPOS="2841" WIDTH="43" HEIGHT="28" CONTENT="se" WC="0.95" CC="00"/>
						<SP ID="P6_SP00295" HPOS="1809" VPOS="2879" WIDTH="28"/>
						<String ID="P6_ST00328" HPOS="1837" VPOS="2829" WIDTH="202" HEIGHT="55" CONTENT="dirigeait" WC="0.99" CC="000470045"/>
					</TextLine>
					<TextLine ID="P6_TL00034" HPOS="273" VPOS="2892" WIDTH="1765" HEIGHT="60">
						<String ID="P6_ST00329" HPOS="273" VPOS="2906" WIDTH="94" HEIGHT="28" CONTENT="vers" WC="0.99" CC="0020"/>
						<SP ID="P6_SP00296" HPOS="367" VPOS="2934" WIDTH="18"/>
						<String ID="P6_ST00330" HPOS="385" VPOS="2892" WIDTH="160" HEIGHT="56" CONTENT="l'église" WC="0.99" CC="40306500"/>
						<SP ID="P6_SP00297" HPOS="545" VPOS="2948" WIDTH="17"/>
						<String ID="P6_ST00331" HPOS="562" VPOS="2892" WIDTH="342" HEIGHT="57" CONTENT="Saint-Sulpice," WC="0.84" CC="00100002604004"/>
						<SP ID="P6_SP00298" HPOS="904" VPOS="2949" WIDTH="24"/>
						<String ID="P6_ST00332" HPOS="928" VPOS="2895" WIDTH="194" HEIGHT="54" CONTENT="longeait" WC="0.99" CC="02305801"/>
						<SP ID="P6_SP00299" HPOS="1122" VPOS="2949" WIDTH="18"/>
						<String ID="P6_ST00333" HPOS="1140" VPOS="2896" WIDTH="40" HEIGHT="40" CONTENT="le" WC="0.32" CC="66"/>
						<SP ID="P6_SP00300" HPOS="1180" VPOS="2949" WIDTH="21"/>
						<String ID="P6_ST00334" HPOS="1201" VPOS="2897" WIDTH="160" HEIGHT="55" CONTENT="porche" WC="1.00" CC="000060"/>
						<SP ID="P6_SP00301" HPOS="1361" VPOS="2952" WIDTH="22"/>
						<String ID="P6_ST00335" HPOS="1383" VPOS="2906" WIDTH="40" HEIGHT="33" CONTENT="et" WC="1.00" CC="00"/>
						<SP ID="P6_SP00302" HPOS="1423" VPOS="2952" WIDTH="22"/>
						<String ID="P6_ST00336" HPOS="1445" VPOS="2898" WIDTH="121" HEIGHT="42" CONTENT="allait" WC="0.99" CC="004263"/>
						<SP ID="P6_SP00303" HPOS="1566" VPOS="2952" WIDTH="14"/>
						<String ID="P6_ST00337" HPOS="1580" VPOS="2901" WIDTH="179" HEIGHT="42" CONTENT="aboutir" WC="0.99" CC="5003022"/>
						<SP ID="P6_SP00304" HPOS="1759" VPOS="2952" WIDTH="20"/>
						<String ID="P6_ST00338" HPOS="1779" VPOS="2916" WIDTH="58" HEIGHT="28" CONTENT="au" WC="0.69" CC="41"/>
						<SP ID="P6_SP00305" HPOS="1837" VPOS="2952" WIDTH="22"/>
						<String ID="P6_ST00339" HPOS="1859" VPOS="2903" WIDTH="179" HEIGHT="42" CONTENT="chemin" WC="0.99" CC="000314"/>
					</TextLine>
					<TextLine ID="P6_TL00035" HPOS="272" VPOS="2966" WIDTH="1771" HEIGHT="66">
						<String ID="P6_ST00340" HPOS="272" VPOS="2966" WIDTH="59" HEIGHT="40" CONTENT="du" WC="0.91" CC="01"/>
						<SP ID="P6_SP00306" HPOS="331" VPOS="3006" WIDTH="142"/>
						<String ID="P6_ST00341" HPOS="473" VPOS="2966" WIDTH="249" HEIGHT="50" CONTENT="Colombier," WC="1.00" CC="0503000023" STYLEREFS="TXT_1"/>
						<String ID="P6_ST00342" HPOS="723" VPOS="2981" WIDTH="25" HEIGHT="28" CONTENT="en" WC="1.00" CC="00"/>
						<SP ID="P6_SP00307" HPOS="748" VPOS="3016" WIDTH="19"/>
						<String ID="P6_ST00343" HPOS="767" VPOS="2968" WIDTH="235" HEIGHT="42" CONTENT="détachant" WC="1.00" CC="006100001"/>
						<SP ID="P6_SP00308" HPOS="1002" VPOS="3016" WIDTH="37"/>
						<String ID="P6_ST00344" HPOS="1039" VPOS="2983" WIDTH="75" HEIGHT="27" CONTENT="sur" WC="1.00" CC="000"/>
						<SP ID="P6_SP00309" HPOS="1114" VPOS="3016" WIDTH="22"/>
						<String ID="P6_ST00345" HPOS="1136" VPOS="2983" WIDTH="79" HEIGHT="28" CONTENT="son" WC="0.97" CC="700"/>
						<SP ID="P6_SP00310" HPOS="1215" VPOS="3016" WIDTH="23"/>
						<String ID="P6_ST00346" HPOS="1238" VPOS="2985" WIDTH="177" HEIGHT="42" CONTENT="passage" WC="0.99" CC="0600040"/>
						<SP ID="P6_SP00311" HPOS="1415" VPOS="3027" WIDTH="20"/>
						<String ID="P6_ST00347" HPOS="1435" VPOS="2972" WIDTH="115" HEIGHT="43" CONTENT="deux" WC="1.00" CC="0002"/>
						<SP ID="P6_SP00312" HPOS="1550" VPOS="3027" WIDTH="22"/>
						<String ID="P6_ST00348" HPOS="1572" VPOS="2976" WIDTH="182" HEIGHT="40" CONTENT="sentiers" WC="1.00" CC="42000000"/>
						<SP ID="P6_SP00313" HPOS="1754" VPOS="3027" WIDTH="20"/>
						<String ID="P6_ST00349" HPOS="1774" VPOS="2977" WIDTH="75" HEIGHT="55" CONTENT="qui" WC="0.98" CC="004"/>
						<SP ID="P6_SP00314" HPOS="1849" VPOS="3032" WIDTH="25"/>
						<String ID="P6_ST00350" HPOS="1874" VPOS="2991" WIDTH="42" HEIGHT="27" CONTENT="se" WC="1.00" CC="00"/>
						<SP ID="P6_SP00315" HPOS="1916" VPOS="3032" WIDTH="22"/>
						<String ID="P6_ST00351" HPOS="1938" VPOS="2978" WIDTH="84" HEIGHT="41" CONTENT="diri" SUBS_TYPE="HypPart1" SUBS_CONTENT="dirigeaient," WC="0.99" CC="0100"/>
						<HYP HPOS="2022" VPOS="2978" WIDTH="21" CONTENT="-"/>
					</TextLine>
					<TextLine ID="P6_TL00036" HPOS="270" VPOS="3042" WIDTH="1767" HEIGHT="63">
						<String ID="P6_ST00352" HPOS="270" VPOS="3042" WIDTH="189" HEIGHT="53" CONTENT="geaient," SUBS_TYPE="HypPart2" SUBS_CONTENT="dirigeaient," WC="0.99" CC="00230550"/>
						<SP ID="P6_SP00316" HPOS="459" VPOS="3095" WIDTH="27"/>
						<String ID="P6_ST00353" HPOS="486" VPOS="3042" WIDTH="40" HEIGHT="41" CONTENT="le" WC="0.70" CC="50"/>
						<SP ID="P6_SP00317" HPOS="526" VPOS="3095" WIDTH="22"/>
						<String ID="P6_ST00354" HPOS="548" VPOS="3043" WIDTH="186" HEIGHT="53" CONTENT="premier" WC="0.99" CC="7000400"/>
						<SP ID="P6_SP00318" HPOS="734" VPOS="3096" WIDTH="19"/>
						<String ID="P6_ST00355" HPOS="753" VPOS="3047" WIDTH="23" HEIGHT="37" CONTENT="à" WC="0.61" CC="3"/>
						<SP ID="P6_SP00319" HPOS="776" VPOS="3096" WIDTH="23"/>
						<String ID="P6_ST00356" HPOS="799" VPOS="3043" WIDTH="181" HEIGHT="56" CONTENT="gauche," WC="0.99" CC="9601000"/>
						<SP ID="P6_SP00320" HPOS="980" VPOS="3099" WIDTH="24"/>
						<String ID="P6_ST00357" HPOS="1004" VPOS="3058" WIDTH="74" HEIGHT="27" CONTENT="sur" WC="0.98" CC="003"/>
						<SP ID="P6_SP00321" HPOS="1078" VPOS="3099" WIDTH="20"/>
						<String ID="P6_ST00358" HPOS="1098" VPOS="3044" WIDTH="40" HEIGHT="42" CONTENT="le" WC="0.83" CC="30"/>
						<SP ID="P6_SP00322" HPOS="1138" VPOS="3099" WIDTH="20"/>
						<String ID="P6_ST00359" HPOS="1158" VPOS="3046" WIDTH="175" HEIGHT="42" CONTENT="chemin" WC="0.98" CC="060553"/>
						<SP ID="P6_SP00323" HPOS="1333" VPOS="3099" WIDTH="22"/>
						<String ID="P6_ST00360" HPOS="1355" VPOS="3048" WIDTH="53" HEIGHT="41" CONTENT="de" WC="1.00" CC="00"/>
						<SP ID="P6_SP00324" HPOS="1408" VPOS="3099" WIDTH="20"/>
						<String ID="P6_ST00361" HPOS="1428" VPOS="3048" WIDTH="262" HEIGHT="57" CONTENT="Yaugirard," WC="0.77" CC="6400701002"/>
						<SP ID="P6_SP00325" HPOS="1690" VPOS="3105" WIDTH="24"/>
						<String ID="P6_ST00362" HPOS="1714" VPOS="3058" WIDTH="41" HEIGHT="35" CONTENT="et" WC="0.91" CC="01"/>
						<SP ID="P6_SP00326" HPOS="1755" VPOS="3105" WIDTH="20"/>
						<String ID="P6_ST00363" HPOS="1775" VPOS="3052" WIDTH="40" HEIGHT="41" CONTENT="le" WC="1.00" CC="00"/>
						<SP ID="P6_SP00327" HPOS="1815" VPOS="3105" WIDTH="21"/>
						<String ID="P6_ST00364" HPOS="1836" VPOS="3053" WIDTH="155" HEIGHT="42" CONTENT="second" WC="1.00" CC="100300"/>
						<SP ID="P6_SP00328" HPOS="1991" VPOS="3105" WIDTH="22"/>
						<String ID="P6_ST00365" HPOS="2013" VPOS="3060" WIDTH="24" HEIGHT="36" CONTENT="à" WC="1.00" CC="0"/>
					</TextLine>
					<TextLine ID="P6_TL00037" HPOS="270" VPOS="3114" WIDTH="1767" HEIGHT="65">
						<String ID="P6_ST00366" HPOS="270" VPOS="3114" WIDTH="153" HEIGHT="54" CONTENT="droite," WC="0.99" CC="0300104"/>
						<SP ID="P6_SP00329" HPOS="423" VPOS="3168" WIDTH="39"/>
						<String ID="P6_ST00367" HPOS="462" VPOS="3130" WIDTH="95" HEIGHT="26" CONTENT="vers" WC="0.97" CC="9030"/>
						<SP ID="P6_SP00330" HPOS="557" VPOS="3168" WIDTH="33"/>
						<String ID="P6_ST00368" HPOS="590" VPOS="3117" WIDTH="38" HEIGHT="40" CONTENT="le" WC="1.00" CC="00"/>
						<SP ID="P6_SP00331" HPOS="628" VPOS="3168" WIDTH="36"/>
						<String ID="P6_ST00369" HPOS="664" VPOS="3117" WIDTH="109" HEIGHT="42" CONTENT="fossé" WC="1.00" CC="40000"/>
						<SP ID="P6_SP00332" HPOS="773" VPOS="3168" WIDTH="32"/>
						<String ID="P6_ST00370" HPOS="805" VPOS="3118" WIDTH="264" HEIGHT="43" CONTENT="méridional" WC="0.99" CC="7500050001"/>
						<SP ID="P6_SP00333" HPOS="1069" VPOS="3168" WIDTH="36"/>
						<String ID="P6_ST00371" HPOS="1105" VPOS="3119" WIDTH="52" HEIGHT="46" CONTENT="de" WC="0.88" CC="02"/>
						<SP ID="P6_SP00334" HPOS="1157" VPOS="3168" WIDTH="33"/>
						<String ID="P6_ST00372" HPOS="1190" VPOS="3121" WIDTH="213" HEIGHT="57" CONTENT="l'abbaye," WC="0.99" CC="005401002"/>
						<SP ID="P6_SP00335" HPOS="1403" VPOS="3178" WIDTH="32"/>
						<String ID="P6_ST00373" HPOS="1435" VPOS="3122" WIDTH="175" HEIGHT="57" CONTENT="jusqu'à" WC="0.99" CC="4400000"/>
						<SP ID="P6_SP00336" HPOS="1610" VPOS="3179" WIDTH="34"/>
						<String ID="P6_ST00374" HPOS="1644" VPOS="3124" WIDTH="139" HEIGHT="44" CONTENT="l'allée" WC="0.98" CC="0352460"/>
						<SP ID="P6_SP00337" HPOS="1783" VPOS="3179" WIDTH="32"/>
						<String ID="P6_ST00375" HPOS="1815" VPOS="3127" WIDTH="90" HEIGHT="42" CONTENT="dite" WC="0.99" CC="0400"/>
						<SP ID="P6_SP00338" HPOS="1905" VPOS="3179" WIDTH="20"/>
						<String ID="P6_ST00376" HPOS="1925" VPOS="3128" WIDTH="51" HEIGHT="42" CONTENT="de" WC="1.00" CC="00"/>
						<SP ID="P6_SP00339" HPOS="1976" VPOS="3179" WIDTH="21"/>
						<String ID="P6_ST00377" HPOS="1997" VPOS="3128" WIDTH="40" HEIGHT="42" CONTENT="la" WC="0.84" CC="30"/>
					</TextLine>
					<TextLine ID="P6_TL00038" HPOS="272" VPOS="3188" WIDTH="328" HEIGHT="43">
						<String ID="P6_ST00378" HPOS="272" VPOS="3188" WIDTH="328" HEIGHT="43" CONTENT="Blanche-Oie." WC="1.00" CC="006000001002" STYLEREFS="TXT_1"/>
					</TextLine>
					<TextLine ID="P6_TL00039" HPOS="329" VPOS="3263" WIDTH="1710" HEIGHT="68">
						<String ID="P6_ST00379" HPOS="329" VPOS="3263" WIDTH="308" HEIGHT="44" CONTENT="Pareillement" WC="0.99" CC="402073100060"/>
						<SP ID="P6_SP00340" HPOS="637" VPOS="3307" WIDTH="36"/>
						<String ID="P6_ST00380" HPOS="673" VPOS="3267" WIDTH="51" HEIGHT="40" CONTENT="de" WC="1.00" CC="00"/>
						<SP ID="P6_SP00341" HPOS="724" VPOS="3307" WIDTH="33"/>
						<String ID="P6_ST00381" HPOS="757" VPOS="3268" WIDTH="40" HEIGHT="41" CONTENT="la" WC="1.00" CC="00"/>
						<SP ID="P6_SP00342" HPOS="797" VPOS="3309" WIDTH="36"/>
						<String ID="P6_ST00382" HPOS="833" VPOS="3277" WIDTH="119" HEIGHT="46" CONTENT="porte" WC="0.99" CC="00530"/>
						<SP ID="P6_SP00343" HPOS="952" VPOS="3323" WIDTH="35"/>
						<String ID="P6_ST00383" HPOS="987" VPOS="3269" WIDTH="50" HEIGHT="41" CONTENT="de" WC="1.00" CC="00"/>
						<SP ID="P6_SP00344" HPOS="1037" VPOS="3323" WIDTH="23"/>
						<String ID="P6_ST00384" HPOS="1060" VPOS="3269" WIDTH="145" HEIGHT="57" CONTENT="Bussy" WC="0.99" CC="00000"/>
						<SP ID="P6_SP00345" HPOS="1205" VPOS="3326" WIDTH="20"/>
						<String ID="P6_ST00385" HPOS="1225" VPOS="3284" WIDTH="9" HEIGHT="30" CONTENT=":" WC="0.57" CC="4"/>
						<SP ID="P6_SP00346" HPOS="1234" VPOS="3326" WIDTH="37"/>
						<String ID="P6_ST00386" HPOS="1271" VPOS="3270" WIDTH="41" HEIGHT="42" CONTENT="le" WC="0.81" CC="30"/>
						<SP ID="P6_SP00347" HPOS="1312" VPOS="3326" WIDTH="35"/>
						<String ID="P6_ST00387" HPOS="1347" VPOS="3272" WIDTH="174" HEIGHT="42" CONTENT="chemin" WC="1.00" CC="030020"/>
						<SP ID="P6_SP00348" HPOS="1521" VPOS="3326" WIDTH="36"/>
						<String ID="P6_ST00388" HPOS="1557" VPOS="3276" WIDTH="78" HEIGHT="53" CONTENT="qui" WC="0.98" CC="022"/>
						<SP ID="P6_SP00349" HPOS="1635" VPOS="3329" WIDTH="23"/>
						<String ID="P6_ST00389" HPOS="1658" VPOS="3290" WIDTH="54" HEIGHT="26" CONTENT="en" WC="1.00" CC="00"/>
						<SP ID="P6_SP00350" HPOS="1712" VPOS="3329" WIDTH="24"/>
						<String ID="P6_ST00390" HPOS="1736" VPOS="3277" WIDTH="161" HEIGHT="54" CONTENT="partait" WC="0.99" CC="0600041"/>
						<SP ID="P6_SP00351" HPOS="1897" VPOS="3331" WIDTH="23"/>
						<String ID="P6_ST00391" HPOS="1920" VPOS="3278" WIDTH="119" HEIGHT="42" CONTENT="allait" WC="0.98" CC="404070"/>
					</TextLine>
					<TextLine ID="P6_TL00040" HPOS="274" VPOS="3337" WIDTH="1762" HEIGHT="68">
						<String ID="P6_ST00392" HPOS="274" VPOS="3337" WIDTH="178" HEIGHT="41" CONTENT="aboutir" WC="0.99" CC="1403000"/>
						<SP ID="P6_SP00352" HPOS="452" VPOS="3378" WIDTH="21"/>
						<String ID="P6_ST00393" HPOS="473" VPOS="3352" WIDTH="55" HEIGHT="26" CONTENT="au" WC="1.00" CC="00"/>
						<SP ID="P6_SP00353" HPOS="528" VPOS="3378" WIDTH="24"/>
						<String ID="P6_ST00394" HPOS="552" VPOS="3340" WIDTH="241" HEIGHT="52" CONTENT="pont-levis" WC="0.85" CC="0002160020"/>
						<SP ID="P6_SP00354" HPOS="793" VPOS="3392" WIDTH="18"/>
						<String ID="P6_ST00395" HPOS="811" VPOS="3342" WIDTH="52" HEIGHT="40" CONTENT="de" WC="1.00" CC="00"/>
						<SP ID="P6_SP00355" HPOS="863" VPOS="3392" WIDTH="21"/>
						<String ID="P6_ST00396" HPOS="884" VPOS="3342" WIDTH="210" HEIGHT="57" CONTENT="l'abbaye," WC="1.00" CC="000000000"/>
						<SP ID="P6_SP00356" HPOS="1094" VPOS="3399" WIDTH="27"/>
						<String ID="P6_ST00397" HPOS="1121" VPOS="3345" WIDTH="111" HEIGHT="41" CONTENT="mais" WC="0.99" CC="0150"/>
						<SP ID="P6_SP00357" HPOS="1232" VPOS="3399" WIDTH="15"/>
						<String ID="P6_ST00398" HPOS="1247" VPOS="3353" WIDTH="148" HEIGHT="42" CONTENT="avant," WC="0.98" CC="504842"/>
						<SP ID="P6_SP00358" HPOS="1395" VPOS="3399" WIDTH="20"/>
						<String ID="P6_ST00399" HPOS="1415" VPOS="3345" WIDTH="30" HEIGHT="42" CONTENT="il" WC="0.77" CC="04"/>
						<SP ID="P6_SP00359" HPOS="1445" VPOS="3399" WIDTH="14"/>
						<String ID="P6_ST00400" HPOS="1459" VPOS="3347" WIDTH="220" HEIGHT="43" CONTENT="détachait" WC="0.99" CC="055201364"/>
						<SP ID="P6_SP00360" HPOS="1679" VPOS="3399" WIDTH="17"/>
						<String ID="P6_ST00401" HPOS="1696" VPOS="3349" WIDTH="115" HEIGHT="42" CONTENT="deux" WC="0.99" CC="0030"/>
						<SP ID="P6_SP00361" HPOS="1811" VPOS="3399" WIDTH="16"/>
						<String ID="P6_ST00402" HPOS="1827" VPOS="3352" WIDTH="209" HEIGHT="53" CONTENT="sentiers," WC="1.00" CC="000640001"/>
					</TextLine>
					<TextLine ID="P6_TL00041" HPOS="265" VPOS="3411" WIDTH="1771" HEIGHT="64">
						<String ID="P6_ST00403" HPOS="265" VPOS="3411" WIDTH="15" HEIGHT="41" CONTENT="1" WC="0.30" CC="6"/>
						<SP ID="P6_SP00362" HPOS="280" VPOS="3452" WIDTH="22"/>
						<String ID="P6_ST00404" HPOS="302" VPOS="3425" WIDTH="56" HEIGHT="27" CONTENT="un" WC="0.25" CC="77"/>
						<SP ID="P6_SP00363" HPOS="358" VPOS="3452" WIDTH="37"/>
						<String ID="P6_ST00405" HPOS="395" VPOS="3414" WIDTH="21" HEIGHT="38" CONTENT="à" WC="0.37" CC="6"/>
						<SP ID="P6_SP00364" HPOS="416" VPOS="3452" WIDTH="38"/>
						<String ID="P6_ST00406" HPOS="454" VPOS="3413" WIDTH="182" HEIGHT="53" CONTENT="gauche," WC="0.98" CC="0740544"/>
						<SP ID="P6_SP00365" HPOS="636" VPOS="3466" WIDTH="34"/>
						<String ID="P6_ST00407" HPOS="670" VPOS="3417" WIDTH="202" HEIGHT="52" CONTENT="parallèle" WC="0.98" CC="007546737"/>
						<SP ID="P6_SP00366" HPOS="872" VPOS="3469" WIDTH="38"/>
						<String ID="P6_ST00408" HPOS="910" VPOS="3422" WIDTH="23" HEIGHT="35" CONTENT="à" WC="1.00" CC="0"/>
						<SP ID="P6_SP00367" HPOS="933" VPOS="3469" WIDTH="32"/>
						<String ID="P6_ST00409" HPOS="965" VPOS="3418" WIDTH="232" HEIGHT="43" CONTENT="l'enceinte" WC="0.98" CC="3477065867"/>
						<SP ID="P6_SP00368" HPOS="1197" VPOS="3469" WIDTH="31"/>
						<String ID="P6_ST00410" HPOS="1228" VPOS="3429" WIDTH="39" HEIGHT="32" CONTENT="et" WC="0.42" CC="73"/>
						<SP ID="P6_SP00369" HPOS="1267" VPOS="3469" WIDTH="33"/>
						<String ID="P6_ST00411" HPOS="1300" VPOS="3420" WIDTH="66" HEIGHT="41" CONTENT="dit" WC="0.99" CC="030"/>
						<SP ID="P6_SP00370" HPOS="1366" VPOS="3469" WIDTH="31"/>
						<String ID="P6_ST00412" HPOS="1397" VPOS="3420" WIDTH="53" HEIGHT="41" CONTENT="de" WC="0.66" CC="06"/>
						<SP ID="P6_SP00371" HPOS="1450" VPOS="3469" WIDTH="34"/>
						<String ID="P6_ST00413" HPOS="1484" VPOS="3420" WIDTH="27" HEIGHT="42" CONTENT="/'" WC="0.57" CC="80"/>
						<String ID="P6_ST00414" HPOS="1516" VPOS="3422" WIDTH="295" HEIGHT="53" CONTENT="Ecorcherie," WC="0.93" CC="00200002001" STYLEREFS="TXT_1"/>
						<SP ID="P6_SP00372" HPOS="1811" VPOS="3475" WIDTH="26"/>
						<String ID="P6_ST00415" HPOS="1837" VPOS="3424" WIDTH="154" HEIGHT="42" CONTENT="l'autre" WC="0.98" CC="6173077"/>
						<SP ID="P6_SP00373" HPOS="1991" VPOS="3475" WIDTH="20"/>
						<String ID="P6_ST00416" HPOS="2011" VPOS="3429" WIDTH="25" HEIGHT="38" CONTENT="à" WC="0.28" CC="7"/>
					</TextLine>
					<TextLine ID="P6_TL00042" HPOS="266" VPOS="3485" WIDTH="1767" HEIGHT="69">
						<String ID="P6_ST00417" HPOS="266" VPOS="3485" WIDTH="155" HEIGHT="53" CONTENT="droite," WC="0.99" CC="0500105"/>
						<SP ID="P6_SP00374" HPOS="421" VPOS="3538" WIDTH="38"/>
						<String ID="P6_ST00418" HPOS="459" VPOS="3499" WIDTH="147" HEIGHT="29" CONTENT="connu" WC="0.99" CC="02501"/>
						<SP ID="P6_SP00375" HPOS="606" VPOS="3538" WIDTH="35"/>
						<String ID="P6_ST00419" HPOS="641" VPOS="3500" WIDTH="103" HEIGHT="28" CONTENT="sous" WC="1.00" CC="0000"/>
						<SP ID="P6_SP00376" HPOS="744" VPOS="3538" WIDTH="33"/>
						<String ID="P6_ST00420" HPOS="777" VPOS="3489" WIDTH="38" HEIGHT="42" CONTENT="le" WC="0.98" CC="00"/>
						<SP ID="P6_SP00377" HPOS="815" VPOS="3538" WIDTH="31"/>
						<String ID="P6_ST00421" HPOS="846" VPOS="3504" WIDTH="105" HEIGHT="28" CONTENT="nom" WC="0.97" CC="420"/>
						<SP ID="P6_SP00378" HPOS="951" VPOS="3538" WIDTH="32"/>
						<String ID="P6_ST00422" HPOS="983" VPOS="3491" WIDTH="52" HEIGHT="42" CONTENT="de" WC="1.00" CC="00"/>
						<SP ID="P6_SP00379" HPOS="1035" VPOS="3538" WIDTH="35"/>
						<String ID="P6_ST00423" HPOS="1070" VPOS="3493" WIDTH="178" HEIGHT="42" CONTENT="chemin" WC="0.98" CC="502906"/>
						<SP ID="P6_SP00380" HPOS="1248" VPOS="3538" WIDTH="36"/>
						<String ID="P6_ST00424" HPOS="1284" VPOS="3494" WIDTH="58" HEIGHT="42" CONTENT="du" WC="1.00" CC="00"/>
						<SP ID="P6_SP00381" HPOS="1342" VPOS="3538" WIDTH="22"/>
						<String ID="P6_ST00425" HPOS="1364" VPOS="3495" WIDTH="419" HEIGHT="46" CONTENT="Pré-aux-Clercs." WC="0.88" CC="010050000081000" STYLEREFS="TXT_1"/>
						<SP ID="P6_SP00382" HPOS="1783" VPOS="3541" WIDTH="47"/>
						<String ID="P6_ST00426" HPOS="1830" VPOS="3499" WIDTH="82" HEIGHT="55" CONTENT="Or," WC="1.00" CC="000"/>
						<SP ID="P6_SP00383" HPOS="1912" VPOS="3554" WIDTH="35"/>
						<String ID="P6_ST00427" HPOS="1947" VPOS="3513" WIDTH="86" HEIGHT="41" CONTENT="que" WC="0.98" CC="050"/>
					</TextLine>
				</TextBlock>
			</PrintSpace>
		</Page>
	</Layout>
</alto>
