2222 4079
690 461 79 42 LA
802 461 193 42 FOIRE
1031 460 509 42 SAINT-GERMAIN

1912 479 80 41 197

232 617 193 40 semaine
446 617 141 41 même
608 617 50 41 de
679 617 40 41 la
741 617 194 53 Passion,
961 626 39 32 et
1015 631 86 40 que
1123 617 59 40 les
1204 616 256 41 marchands
1483 616 252 42 obtenaient
1758 626 107 33 cette
1880 620 87 40 tolé-

233 703 127 28 rance
391 704 56 27 au
476 705 160 41 moyen
662 692 131 40 d'une
823 690 188 43 certaine
1041 703 168 27 somme
1234 689 194 52 d'argent
1450 688 130 54 qu'ils
1603 689 200 54 payaient
1825 692 80 40 soit
1928 707 56 27 au

235 764 123 41 bailli
381 765 52 40 de
453 763 599 53 Saint-Germain-des-Prés,
1076 763 83 40 soit
1182 768 22 35 à
1222 762 139 40 l'abbé
1383 762 247 41 lui-même,
1658 779 17 20 «
1693 762 296 55 Maintenant,

234 838 279 54 poursuit-il,
541 838 77 41 elle
648 839 107 39 dure
783 838 113 40 deux
922 837 127 40 mois.
1077 852 18 21 »
1131 835 245 52 Toutefois,
1411 849 45 26 ce
1491 835 151 42 n'était
1676 850 75 40 pas
1782 850 52 27 en
1864 845 127 34 vertu

232 910 109 41 d'un
361 920 114 33 texte
494 912 154 54 précis,
680 925 69 26 car
781 910 38 40 le
847 910 142 40 même
1020 909 159 41 Sauvai
1200 908 143 56 ajoute
1366 923 9 27 :
1410 925 22 22 «
1469 908 57 41 Le
1547 909 65 41 roi
1636 910 92 40 seul
1749 910 170 55 dispose
1939 913 52 40 de

242 1002 19 21 't
294 1000 44 26 sa
358 986 152 47 durée;
543 984 30 42 il
601 984 38 40 la
667 984 210 55 prolonge
904 991 96 33 tant
1022 984 110 53 qu'il
1153 983 63 41 lui
1239 984 122 54 plaît,
1385 990 42 34 et
1447 991 95 33 tant
1558 984 157 54 qu'elle
1737 984 125 54 dure,
1886 985 30 41 il
1937 1000 54 28 en

237 1076 18 21 «
289 1059 211 41 continue
530 1058 40 41 la
606 1056 229 51 franchise,
874 1071 99 28 sans
1008 1057 142 55 exiger
1176 1058 46 41 ni
1253 1058 143 41 même
1417 1057 229 55 prétendre
1665 1057 51 42 de
1737 1058 181 55 l'argent
1940 1060 51 41 de

235 1150 19 21 «
289 1133 77 54 qui
386 1146 84 40 que
491 1145 47 27 ce
559 1131 97 41 soit-.
679 1146 23 24 »

291 1205 249 55 Rappelons
561 1219 84 41 que
665 1205 160 42 Sauvai
849 1206 181 41 écrivait
1051 1220 53 27 en
1132 1207 126 52 iyos.

287 1279 254 41 L'annonce
569 1278 51 42 de
640 1279 40 41 la
715 1280 105 40 foire
851 1294 43 26 se
928 1280 142 41 faisait
1091 1280 171 54 chaque
1284 1280 138 40 année
1443 1294 55 26 au
1523 1280 163 54 public,
1713 1294 78 41 par
1812 1294 86 28 une
1918 1295 49 27 or-

229 1353 228 41 donnance
487 1353 59 41 du
577 1353 243 42 lieutenant
848 1354 50 40 de
931 1354 153 54 police,
1117 1353 178 55 publiée
1316 1357 24 36 à
1361 1367 81 28 son
1477 1353 51 41 de
1560 1364 169 45 trompe
1752 1365 39 30 et
1811 1355 178 42 affichée

231 1429 110 41 dans
362 1428 60 41 les
443 1428 244 41 carrefours
710 1439 39 31 et
770 1429 140 54 places
931 1429 52 41 de
1007 1428 136 42 Paris.

294 1502 35 41 Il
348 1516 53 27 en
423 1503 105 40 était
548 1503 51 40 de
621 1502 140 41 même
783 1502 51 41 de
853 1502 141 41 l'arrêt
1013 1502 59 40 du
1096 1501 190 53 Conseil,
1303 1516 78 41 par
1396 1502 141 55 lequel
1560 1503 38 40 le
1613 1503 63 41 roi
1698 1517 54 27 en
1774 1504 215 41 accordait

242 1576 40 41 la
307 1576 301 41 continuation
630 1576 169 41 au-delà
822 1576 61 41 du
902 1587 132 30 terme
1050 1576 99 42 fixé.

291 1651 288 40 L'ouverture
601 1650 114 41 avait
736 1650 86 41 lieu
846 1665 76 26 sur
943 1651 60 40 les
1031 1665 51 27 10
1103 1651 157 41 heures
1281 1651 59 41 du
1364 1651 139 40 matin
1521 1666 9 35 ;
1557 1651 80 41 elle
1660 1651 103 40 était
1785 1651 100 41 faite
1907 1665 78 41 par

230 1726 39 40 le
290 1724 245 42 lieutenant
563 1724 52 40 de
637 1724 155 53 police,
817 1726 291 52 accompagné
1135 1725 72 40 des
1234 1724 318 42 commissaires
1586 1725 60 40 du
1684 1724 209 53 Châtelet,
1916 1724 73 41 des

240 1798 169 55 syndics
431 1797 52 41 de
506 1797 39 41 la
568 1797 104 41 foire
702 1807 40 31 et
776 1797 73 40 des
879 1797 151 53 gardes
1065 1797 73 41 des
1171 1797 277 54 marchands,
1484 1797 79 54 qui
1584 1797 181 41 criaient
1798 1800 24 37 à
1852 1797 131 40 haute

230 1873 138 42 voix-:

367 1946 252 53 Messieurs,
642 1959 163 28 ouvrez
825 1959 77 27 vos
922 1945 117 55 loges
1058 1949 9 37 !

285 2021 60 40 Le
368 2027 97 34 tout
484 2020 104 41 était
609 2020 178 55 précédé
808 2026 41 34 et
870 2020 115 41 suivi
1006 2020 51 40 de
1080 2019 180 41 fanfares
1281 2026 40 35 et
1342 2019 50 41 de
1415 2019 222 41 sonneries
1658 2019 52 41 de
1726 2026 256 47 trompettes

229 2101 41 34 et
287 2094 52 40 de
361 2093 222 41 hautbois.

286 2167 99 41 Une
406 2166 113 42 foule
541 2166 197 55 toujours
755 2168 176 40 énorme
954 2181 42 26 se
1022 2167 176 55 pressait
1220 2170 23 37 à
1264 2173 106 36 cette
1396 2166 257 42 cérémonie.

282 2240 80 42 Les
386 2240 309 54 réjouissances
720 2240 230 56 publiques
966 2241 347 59 commençaient
1335 2240 181 42 aussitôt
1532 2242 122 54 après
1676 2246 41 34 et
1739 2253 53 27 ne
1812 2239 150 41 discon-

228 2313 222 42 tinuaient
472 2314 102 54 qu'à
595 2313 40 41 la
656 2313 247 43 fermeture.

1087 2517 60 41 IV

280 2685 195 52 Lorsque
501 2683 132 41 Louis
649 2684 61 40 XI
729 2692 175 45 octroya
920 2698 84 25 aux
1028 2683 208 54 religieux
1255 2684 50 39 de
1327 2683 579 43 Saint-Germain-des-Prés
1945 2685 38 40 le

222 2759 209 54 privilège
453 2758 51 39 de
522 2757 41 40 la
585 2756 119 52 foire,
729 2772 45 26 ce
796 2758 192 54 quartier
1009 2762 57 35 où
1092 2771 110 27 nous
1231 2757 140 40 allons
1405 2756 40 41 la
1481 2758 96 39 voir
1608 2756 189 41 s'établir
1826 2758 151 40 n'était

219 2833 165 54 qu'une
400 2840 116 31 vaste
535 2842 39 30 et
594 2831 270 55 pittoresque
882 2831 200 41 solitude.
1104 2831 72 41 On
1197 2831 71 54 n'y
1285 2831 145 54 voyait
1447 2845 84 40 que
1551 2833 105 52 prés,
1678 2840 130 32 terres
1825 2832 128 39 labou-

217 2909 105 49 rées,
341 2906 167 54 vignes,
524 2905 180 54 jardins,
727 2904 195 42 chemins
953 2905 153 40 bordés
1129 2904 188 40 d'arbres
1334 2904 386 55 (principalement
1742 2904 51 40 de
1819 2918 153 40 noyers

217 2989 41 32 et
278 2980 52 40 de
351 2978 177 56 saules),
549 2978 148 41 étroits
720 2978 179 41 sentiers
922 2985 252 47 serpentant
1195 2986 118 32 entre
1344 2977 72 40 des
1438 2977 119 40 haies
1590 2977 135 41 vives.
1756 2975 62 56 Çà
1842 2986 41 32 et
1914 2977 55 51 là,

220 3053 296 51 disséminées,
541 3052 294 53 émergeaient
856 3051 73 41 des
952 3050 155 41 touffes
1124 3050 50 40 de
1200 3050 184 41 verdure
1405 3050 58 41 les
1487 3050 181 40 toitures
1694 3051 51 39 de
1767 3051 212 53 quelques

216 3140 165 41 grosses
415 3125 153 41 fermes
596 3135 40 31 et
670 3126 52 40 de
743 3125 154 56 petites
929 3124 336 51 maisonnettes;
1297 3123 113 40 voilà
1439 3123 58 40 les
1528 3123 183 53 grandes
1750 3123 137 54 lignes
1919 3125 60 40 du

214 3212 202 43 paysage.
438 3198 184 42 Comme
643 3199 146 53 détail,
815 3207 230 32 montrons
1061 3198 40 40 la
1123 3208 116 30 vaste
1257 3207 39 31 et
1318 3197 245 54 imposante
1585 3197 182 53 abbaye,
1792 3210 99 27 avec
1913 3210 65 27 ses

214 3273 132 41 fossés
369 3272 207 55 profonds
598 3281 41 32 et
663 3273 140 54 pleins
824 3273 143 51 d'eau,
984 3271 221 54 enjambés
1228 3285 76 40 par
1332 3271 51 40 de
1405 3271 169 40 massifs
1605 3271 239 54 pont-levis
1861 3287 9 35 ;
1894 3286 82 27 son

215 3346 201 42 enceinte
438 3346 181 54 grisâtre
639 3346 51 40 de
711 3361 122 27 murs
856 3346 117 55 épais
995 3353 97 33 tout
1114 3346 188 38 crénelés
1329 3355 38 30 et
1391 3346 197 53 flanqués
1608 3346 50 40 de
1681 3346 151 41 hautes
1856 3356 121 31 tours

214 3420 178 49 rondes;
417 3418 116 57 puis,
558 3431 160 30 autour
734 3421 50 40 de
806 3428 108 33 cette
943 3433 155 37 masse,
1122 3418 109 40 mais
1267 3419 109 40 dans
1409 3419 342 54 l'éloignement,
1783 3421 113 39 deux
1917 3433 57 26 ou

215 3494 103 43 trois
342 3503 228 43 couvents,
594 3507 88 28 une
702 3494 274 52 maladrerie,
1001 3496 42 38 la
1057 3492 101 42 villa
1182 3492 143 54 royale
1347 3492 60 41 du
1430 3494 63 40 roi
1515 3494 51 41 de
1591 3494 204 47 Navarre,
1819 3493 156 53 l'église
