4175 5699
526 5387 73 55 52

524 367 244 73 eckiger
815 365 187 58 Tisch
1056 365 113 58 mit
1222 365 225 58 bunter
1501 364 224 59 Decke.
1804 364 95 57 An
1953 362 112 59 der

522 457 254 57 rechten
825 455 417 73 Seitenwand,
1294 457 65 56 in
1415 453 111 60 der
1574 455 132 58 sich
1757 455 139 58 eine
1936 453 129 58 Tür

522 546 293 77 befindet,
878 550 100 56 ein
1040 546 287 58 Fauteuil
1394 546 116 56 mit
1569 545 203 59 hoher
1831 545 231 57 Lehne.

522 640 227 57 Rechts
792 658 149 39 vom
969 638 285 59 Fauteuil
1284 638 134 57 vier
1457 636 608 75 verschiedenartige

522 728 236 61 Stühle.
841 731 191 56 Links
1083 746 149 41 vom
1286 729 283 56 Fauteuil
1623 728 135 57 vier
1809 728 254 57 weitere

522 821 219 57 Stühle
761 839 124 39 von
910 819 491 61 verschiedenen
1427 821 286 56 Formen.
1777 819 286 56 Fauteuil

522 912 132 58 und
695 912 220 58 Stühle
954 912 217 58 stehen
1215 910 174 58 dicht
1430 929 76 39 an
1554 910 111 58 der
1706 909 223 61 Wand.

522 1005 207 58 Sowie
758 1004 133 59 sich
924 1004 113 57 der
1062 1004 299 72 Vorhang
1386 1002 286 74 gehoben
1701 1002 123 73 hat,
1865 1007 197 53 treten

522 1095 202 58 durch
790 1095 103 58 die
952 1095 336 58 Gartentür
1352 1093 112 60 der
1523 1095 542 58 Haushofmeister

521 1185 132 57 und
692 1187 159 57 zwei
891 1185 314 57 Bediente.

521 1280 166 56 Der
722 1278 818 58 Haushofmeister:
1582 1276 153 58 Jetzt
1762 1276 300 58 kommen

521 1369 105 58 sie.
697 1369 154 56 Dass
893 1369 153 56 alles
1090 1368 194 57 bereit
1323 1366 104 59 ist!
1457 1364 112 75 (Er
1608 1366 142 75 geht
1791 1366 272 75 hinaus).

522 1461 115 56 Die
659 1459 343 59 Bedienten
1025 1461 219 56 stellen
1269 1457 102 58 die
1389 1457 143 58 acht
1554 1457 216 58 Stühle
1792 1459 61 56 in
1879 1459 183 56 einen

522 1551 329 59 Halbkreis
897 1551 206 57 rechts
1152 1547 131 61 und
1337 1549 164 57 links
1555 1566 151 42 vom
1760 1549 303 59 Fauteuil.

522 1644 178 56 Dann
744 1642 197 73 gehen
985 1644 89 56 sie
1113 1659 112 39 zur
1266 1640 335 60 Gartentür
1640 1640 132 58 und
1811 1640 251 58 bleiben

521 1735 113 54 auf
676 1733 112 58 der
829 1732 310 59 Schwelle
1188 1732 237 59 stehen.
1506 1732 222 57 Indem
1777 1733 90 56 sie
1916 1732 146 57 dem

519 1825 342 57 Publikum
903 1823 122 58 den
1062 1825 256 56 Rücken
1361 1823 287 73 wenden,
1691 1825 240 73 beugen
1974 1825 89 57 sie

519 1916 134 60 sich
681 1916 116 58 mit
825 1916 148 58 dem
1002 1915 401 74 Oberkörper
1442 1915 245 72 hinaus,
1730 1916 91 58 als
1863 1915 80 57 ob
1975 1916 90 56 sie

519 2009 162 58 nach
726 2008 120 57 den
883 2008 227 57 Gästen
1154 2008 410 57 ausschauen.
1645 2008 157 57 Eine
1828 2006 237 58 Minute

519 2099 342 59 verharren
902 2101 89 56 sie
1032 2101 383 71 regungslos.
1496 2098 181 57 Dann
1720 2101 191 56 stürzt
1951 2096 114 59 der

519 2191 543 57 Haushofmeister
1101 2192 265 55 atemlos
1408 2189 235 59 herein.

521 2282 166 58 Der
726 2279 817 59 Haushofmeister:
1587 2280 210 60 Neuer
1824 2279 236 59 Befehl.

519 2370 100 61 Sie
675 2372 142 57 sind
873 2370 361 61 entsetzlich
1289 2370 212 61 müde.
1582 2372 244 57 Kissen!
1889 2370 174 61 Viele

519 2465 245 59 Kissen!
808 2460 111 78 (Er
959 2465 109 58 eilt
1107 2465 272 73 hinaus).

519 2556 115 58 Die
675 2555 342 59 Bedienten
1061 2553 196 76 gehen
1300 2553 204 59 durch
1547 2553 101 59 die
1687 2555 214 59 rechte
1933 2553 130 58 Tür

516 2648 247 59 hinaus.
853 2646 176 59 Nach
1098 2648 173 57 einer
1335 2646 202 59 Weile
1603 2648 303 56 kommen
1974 2648 89 56 sie

516 2738 252 72 zurück,
829 2739 115 56 mit
1003 2738 219 57 Kissen
1284 2738 248 57 schwer
1596 2736 283 59 beladen.
1962 2736 101 59 Sie

517 2831 236 57 rücken
831 2827 120 60 den
1027 2829 286 58 Fauteuil
1388 2829 66 58 in
1528 2827 103 60 die
1704 2829 170 58 Mitte
1953 2827 109 60 des

521 2922 301 58 Zimmers
878 2920 130 58 und
1059 2922 219 56 stellen
1333 2919 102 59 die
1486 2919 144 59 acht
1681 2919 218 59 Stühle
1951 2937 111 41 um

516 3014 111 57 ihn
688 3014 246 71 herum,
1002 3012 220 59 sodass
1283 3012 101 57 die
1442 3010 408 61 Stuhllehnen
1914 3012 148 57 dem

517 3105 288 58 Fauteuil
827 3103 335 75 zugekehrt
1184 3103 161 60 sind.
1388 3103 101 60 Sie
1510 3105 177 71 legen
1718 3103 103 58 die
1841 3103 221 58 Kissen

517 3196 114 56 auf
683 3195 285 57 Fauteuil
1025 3195 132 57 und
1215 3193 218 59 Stühle
1489 3193 132 58 und
1681 3195 66 56 in
1804 3208 256 61 grossen

519 3286 242 58 Haufen
815 3286 114 58 auf
980 3285 120 57 den
1154 3285 388 59 Fussboden.
1623 3286 183 58 Dann
1862 3285 198 74 gehen

517 3378 90 57 sie
658 3395 112 39 zur
820 3378 336 57 Gartentür
1208 3376 132 58 und
1393 3376 276 58 schauen
1723 3376 162 59 nach
1940 3376 122 58 den

519 3467 229 60 Gästen
790 3486 130 49 aus,
971 3467 217 58 indem
1237 3469 90 58 sie
1376 3466 240 61 wieder
1657 3466 147 59 dem
1845 3467 182 58 Publi-

517 3561 154 57 kum
720 3559 122 59 den
897 3561 257 57 Rücken
1206 3559 337 59 zukehren.
1623 3559 159 57 Eine
1828 3561 235 57 Minute

519 3652 251 58 bleiben
812 3652 90 58 sie
944 3650 439 75 unbeweglich
1423 3650 237 60 stehen.

519 3743 166 58 Der
727 3743 791 58 Haushofmeister
1565 3747 192 52 stürzt
1796 3743 266 58 atemlos

517 3833 244 58 herein:
817 3833 210 59 Neuer
1066 3833 237 59 Befehl.
1383 3831 101 60 Sie
1532 3831 208 60 haben
1789 3833 273 75 Hunger.

519 3925 132 56 Den
695 3925 188 57 Tisch
925 3923 264 59 decken!

519 4016 113 58 Die
661 4014 341 60 Bedienten
1030 4014 234 60 rücken
1294 4013 122 59 den
1447 4014 188 60 Tisch
1670 4016 65 56 in
1765 4014 102 60 die
1894 4016 169 58 Mitte

517 4106 110 57 des
668 4108 306 55 Zimmers
1017 4106 132 57 und
1191 4108 219 57 stellen
1454 4106 120 59 den
1603 4108 288 57 Fauteuil
1931 4106 132 59 und

521 4197 100 58 die
683 4197 219 58 Stühle
966 4199 169 73 rings
1203 4216 112 39 um
1379 4197 110 58 ihn
1552 4199 245 58 herum.
1880 4199 182 58 Dann

517 4290 225 73 fangen
771 4290 90 56 sie
888 4307 80 39 an
1012 4289 120 57 den
1162 4289 190 57 Tisch
1393 4307 78 39 zu
1513 4289 256 61 decken.
1847 4290 216 58 Zuerst

519 4382 220 56 stellen
790 4380 90 58 sie
929 4382 140 56 eine
1120 4395 213 60 grosse
1384 4380 159 58 Vase
1596 4382 66 56 in
1716 4382 137 57 eine
1896 4380 167 59 Ecke

519 4472 108 59 des
690 4472 276 59 Tisches.
1046 4472 94 57 An
1203 4473 139 58 eine
1408 4472 234 59 andere
1703 4472 188 59 Stelle
1951 4472 111 59 des

517 4563 256 59 Tisches
815 4565 175 73 legen
1035 4565 90 57 sie
1171 4563 203 59 nichts
1415 4565 93 57 als
1548 4580 212 58 grosse
1801 4565 261 73 Mengen

517 4673 126 41 von
666 4654 165 60 Brot.
873 4656 183 58 Dann
1081 4656 219 58 stellen
1325 4656 90 58 sie
1435 4654 144 60 acht
1599 4654 461 61 Weinflaschen

519 4746 174 59 dicht
751 4746 527 59 nebeneinander.
1371 4744 343 63 Sämtliche
1775 4746 288 59 Gedecke

517 4839 178 73 legen
751 4837 88 58 sie
891 4839 116 56 auf
1051 4839 183 58 einen
1288 4839 259 58 Haufen.
1628 4839 198 58 Einen
1880 4837 182 60 Stuhl

517 4929 231 57 lehnen
792 4930 88 56 sie
922 4929 171 59 dicht
1140 4947 80 41 an
1271 4930 118 58 den
1433 4930 207 73 Tisch,
1691 4929 220 59 sodass
1960 4929 103 59 die

517 5019 288 59 hinteren
849 5019 366 59 Stuhlbeine
1264 5022 63 56 in
1371 5020 113 58 der
1525 5020 144 58 Luft
1709 5019 170 60 sind:
1935 5020 127 58 Der

519 5112 169 57 Platz
746 5113 79 56 ist
885 5113 227 73 belegt!
1176 5113 179 58 Dann
1418 5113 198 73 gehen
1679 5113 90 58 sie
1823 5112 240 59 wieder

517 5222 110 39 zur
651 5203 351 71 Gartentür,
1030 5222 102 40 wo
1162 5205 88 57 sie
1279 5205 158 57 zwei
1457 5205 276 57 Minuten
1764 5218 298 59 regungs-

2246 363 95 56 los
2392 361 217 58 stehen
2659 360 249 57 bleiben
2961 359 132 58 und
3142 360 115 55 mit
3306 359 484 73 vorgebeugtem

2250 453 401 72 Oberkörper
2705 451 159 58 nach
2918 449 121 58 den
3094 449 227 60 Gästen
3379 449 411 58 ausschauen.

2251 542 163 56 Der
2456 541 789 57 Haushofmeister
3272 541 220 71 (stürzt
3520 537 269 75 herein):

2250 634 238 57 Briccat
2498 634 236 57 irakam
2744 632 278 59 e-kame!
3084 630 112 75 (Er
3237 632 108 56 eilt
3384 629 271 74 hinaus).

2250 725 115 58 Die
2393 724 341 57 Bedienten
2771 724 237 57 rücken
3052 722 120 59 den
3216 722 337 74 gedeckten
3584 720 206 73 Tisch,

2248 817 167 57 ohne
2443 834 79 39 an
2551 817 137 56 ihm
2717 820 193 53 etwas
2939 832 78 39 zu
3045 813 373 73 verändern,
3460 832 80 39 an
3579 813 213 58 seinen

2246 906 293 56 früheren
2585 906 186 60 Platz.
2852 906 134 56 Den
3018 905 285 57 Fauteuil
3332 906 220 56 stellen
3596 905 89 56 sie
3724 905 65 56 in

2248 996 325 75 schrägem
2637 996 253 60 Winkel
2945 1015 117 41 vor
3123 995 100 57 die
3274 995 334 57 Gartentür
3662 993 132 57 und

2250 1088 99 57 die
2399 1088 142 57 acht
2583 1088 217 57 Stühle
2849 1088 64 57 in
2962 1088 175 57 einer
3177 1088 195 57 Reihe
3415 1088 208 57 hinter
3662 1086 128 71 ihn,

2248 1177 218 61 sodass
2517 1179 90 58 sie
2656 1179 139 58 eine
2844 1179 344 73 Diagonale
3242 1181 157 56 über
3452 1177 103 58 die
3602 1193 192 57 ganze

2250 1269 220 59 Bühne
2510 1269 234 61 bilden.
2825 1269 102 57 Sie
2974 1271 261 57 löschen
3284 1271 112 57 das
3440 1269 179 59 Licht
3660 1286 132 40 aus.

2250 1362 115 58 Die
2422 1364 193 57 Scene
2673 1364 76 56 ist
2805 1381 151 39 vom
3012 1360 211 68 Mond,
3281 1360 113 58 der
3442 1359 203 59 durch
3692 1360 102 56 die

2248 1453 335 58 Gartentür
2610 1453 259 73 scheint,
2900 1452 296 59 schwach
3223 1452 371 59 beleuchtet.
3675 1452 117 56 Ein

2246 1545 329 73 Reflektor,
2631 1545 111 57 der
2791 1547 90 55 im
2935 1545 214 57 linken
3205 1541 425 77 Hintergrund
3682 1541 110 58 des

2248 1638 261 58 Gartens
2539 1638 308 58 versteckt
2874 1638 95 73 ist,
3006 1638 170 58 wirft
3203 1638 181 56 einen
3415 1635 374 59 Lichtstrahl

2246 1729 115 56 auf
2395 1728 102 59 die
2539 1728 193 59 Scene
2774 1729 133 58 und
2947 1728 281 59 zeichnet
3269 1729 113 58 auf
3416 1726 148 59 dem
3606 1728 149 57 Fuss-

2246 1819 210 59 boden
2507 1819 102 59 die
2659 1821 298 73 dunklen,
3008 1819 286 59 scharfen
3338 1819 292 58 Schatten
3682 1819 114 58 der

2250 1911 233 59 Stühle.
2564 1911 219 59 Indem
2835 1912 112 58 der
2995 1911 316 59 Reflektor
3357 1912 284 71 langsam
3689 1926 70 57 ge-

2250 2002 184 58 dreht
2461 2002 181 73 wird,
2675 2004 296 73 bewegen
3001 2002 134 59 sich
3166 2002 103 58 die
3298 2002 289 59 Schatten
3618 2004 141 73 lang-

2248 2110 137 41 sam
2426 2107 125 44 von
2595 2094 181 57 Stuhl
2817 2112 76 39 zu
2935 2094 180 57 Stuhl
3166 2094 93 57 bis
3301 2110 146 41 zum
3489 2094 303 57 Fauteuil.

2248 2185 115 58 Die
2417 2185 341 59 Bedienten
2812 2187 240 57 kauern
3110 2187 64 56 in
3233 2187 173 57 einer
3460 2185 166 59 Ecke
3684 2185 110 58 des

2248 2275 240 59 Salons.
2568 2276 110 60 Mit
2742 2278 420 73 geängstigten
3233 2276 361 60 Gesichtern
3663 2276 133 58 und

2246 2386 105 41 am
2409 2383 232 59 ganzen
2702 2368 191 57 Leibe
2951 2368 408 73 schlotternd,
3416 2375 237 52 warten
3706 2371 90 54 sie

2248 2458 242 71 darauf,
2558 2458 144 59 dass
2771 2458 103 57 die
2940 2458 221 59 Stühle
3227 2461 111 56 auf
3399 2458 219 59 Befehl
3685 2458 109 57 des

2246 2551 318 57 Fauteuils
2627 2549 134 59 sich
2824 2568 111 40 aus
2991 2549 146 59 dem
3179 2551 278 57 Zimmer
3496 2551 298 73 begeben.

2895 2672 250 59 Vorhang

2250 3025 457 95 Gedichte

2251 3164 200 68 Willi
2502 3164 359 70 Knobloch

2246 3317 241 67 Geben

2248 3435 428 60 Belachendes
2719 3435 536 73 Glockenklingen

2248 3528 274 73 verringt
2563 3527 415 59 wildweisses
3020 3528 227 56 Zittern

2250 3620 115 56 Die
2405 3618 215 75 Augen
2663 3620 244 56 meiner
2945 3620 227 56 Mutter

2246 3710 278 59 wunden

2248 3801 366 59 schmerzen

2248 3894 152 58 Hier

2246 3984 219 59 Nimm
2507 4001 64 40 es
2615 3982 110 58 hin

2246 4157 412 64 Zusammen

2246 4273 139 60 Wir
2424 4272 391 59 durchrasen
2857 4273 344 58 verweiten
3245 4273 281 58 Bäumen

2246 4362 410 59 wildbersten
2698 4363 159 75 gelle
2898 4363 230 58 Pfeiler

2246 4455 139 59 Wir
2424 4455 144 57 sind
2607 4456 90 56 im
2741 4456 113 58 See
2896 4455 110 59 des
3047 4456 337 60 Nachbarn

2248 4626 257 86 Hieroy

2248 4746 232 59 Komm
2520 4746 171 57 öffne
2732 4744 186 59 deine
2959 4746 268 57 weissen
3269 4746 195 74 Nägel

2248 4837 142 60 Und
2431 4839 194 58 reisse

2246 4947 175 41 zerre

2248 5020 244 59 schreie

2246 5113 188 58 heule

2250 5205 177 57 Doch
2470 5205 125 57 lass
2641 5201 101 61 die
2783 5203 247 59 Wände
3071 5203 217 59 stehen
