3464 4381
1692 164 68 47 82

182 315 217 65 fangener
675 313 165 47 —Der
868 311 179 61 Herzog
1076 308 170 48 scheint
1275 306 91 47 ihm
1399 306 75 47 für
1502 304 184 48 diesmal

181 393 231 47 verziehen
447 405 54 31 zu
545 388 165 48 haben.
766 388 128 48 Nach
938 386 204 63 wenigen
1170 384 173 48 Jahren
1382 382 111 49 aber
1522 380 89 65 gab
1641 396 46 32 es

183 469 129 47 einen
339 465 115 48 noch
486 469 189 60 ärgeren
705 463 191 49 Scandal
927 461 79 48 mit
1034 463 106 45 ihm.
1170 461 95 46 Der
1293 459 238 48 schwache
1560 456 128 48 Greis

185 545 99 46 liess
322 543 91 47 sich
458 541 264 55 verführen,
769 540 91 47 sich
903 539 80 47 mit
1024 537 124 47 einer
1189 553 158 30 armen
1387 536 174 48 Witwe
1603 549 84 32 von

181 620 157 48 höchst
376 617 341 49 zweifelhaftem
748 616 116 48 Rufe
900 633 53 29 zu
996 614 329 48 verheirathen.
1381 611 181 50 Allerlei
1606 626 54 31 un-

178 696 193 48 saubere
403 694 293 49 Geschichten
742 692 161 47 kamen
945 690 131 48 dabei
1121 689 114 48 noch
1277 706 103 31 zum
1425 686 261 50 Vorschein.

179 770 272 66 Vergeblich
475 767 361 50 verschwendete
865 767 57 50 da
947 765 201 51 Coclicus
1178 765 224 49 abermals
1432 763 119 47 seine
1568 763 87 64 jam-

182 847 241 50 mervollen
449 845 177 49 Worte.
653 845 83 48 Die
751 844 385 63 Verhandlungen
1160 859 138 44 zogen
1321 841 90 47 sich
1435 840 115 48 noch
1576 838 113 47 über

179 926 70 48 ein
277 925 112 48 Jahr
418 922 90 56 hin,
540 937 71 32 wo
640 921 77 48 ihn
747 922 80 49 der
851 921 233 65 Burggraf
1101 937 82 31 von
1212 922 217 43 S'reussen
1456 917 79 47 das
1559 915 127 49 Land

179 1002 221 47 verlassen
431 997 128 48 hiess.
597 998 65 47 Im
693 1006 210 56 strengen
938 997 181 48 Winter
1148 1002 167 40 musste
1343 993 81 49 der
1452 995 88 45 alte
1570 993 88 46 Sün-

183 1077 79 48 der
291 1075 113 49 nach
433 1073 251 66 Nürnberg
713 1073 213 50 wandern
963 1073 81 49 auf
1076 1071 380 49 beschwerlichen
1488 1070 200 63 Wegen,

182 1153 91 49 und
314 1152 116 50 noch
473 1153 161 46 immer
673 1152 178 47 schrieb
894 1167 49 32 er
971 1150 261 63 demüthige
1264 1148 147 49 Briefe
1451 1165 56 29 an
1536 1147 151 47 seinen

179 1231 277 63 vormaligen
487 1230 199 55 Gönner,
714 1230 196 45 schickte
939 1228 90 47 ihm
1060 1227 113 47 auch
1207 1227 206 46 Psalmen
1442 1240 70 38 zu,
1542 1223 70 48 die
1639 1238 49 32 er

181 1315 183 58 gesetzt,
407 1306 110 48 aber
553 1305 259 63 vergebens.
867 1306 66 46 Er
966 1305 171 47 scheint
1173 1302 102 48 bald
1306 1301 242 66 gestorben
1579 1298 109 50 oder

183 1385 113 47 doch
327 1381 272 49 verschollen
626 1397 53 29 zu

300 1457 318 49 Vortreffliche
639 1457 181 48 Lehren
844 1456 113 49 über
980 1453 632 67 Compositions-Unterricht,
1640 1468 48 32 so

186 1538 82 46 wie
298 1534 345 64 Mittheilungen
685 1536 114 47 über
840 1534 120 49 seine
1001 1533 276 48 Studienzeit
1319 1532 68 47 bei
1415 1531 188 64 Josquin
1635 1529 54 47 de

182 1614 109 46 Pres
333 1612 79 47 hat
452 1627 49 31 er
544 1612 42 46 in
628 1609 101 50 dem
775 1611 295 49 Werkchen:
1482 1621 206 45 musices,

182 1688 264 65 Nürnberg,
482 1688 160 55 1552,
676 1689 130 49 Pars
828 1688 97 61 11.,
968 1688 78 50 De
1071 1684 174 52 musica
1263 1683 211 69 figurali,
1513 1684 150 49 nieder-

185 1768 163 64 gelegt.
386 1767 65 46 Er
479 1768 173 45 äussert
679 1764 91 49 sich
799 1764 127 50 darin
957 1763 232 66 folgender
1217 1760 282 66 Maassen*):

310 1843 109 56 „Mit
459 1842 137 47 voller
623 1842 364 64 Ueberzeugung
1018 1840 212 49 wünsche
1272 1839 86 57 ich,
1400 1838 81 48 der
1508 1837 181 64 Jugend

182 1937 46 32 es
258 1918 320 49 unaufhörlich
620 1934 56 32 an
719 1918 78 49 das
833 1920 117 46 Herz
987 1936 51 30 zu
1077 1919 146 62 legen,
1267 1915 90 49 und
1387 1915 153 49 werde
1569 1914 122 48 nicht

183 1998 151 55 müde,
376 1997 61 48 sie
469 2013 53 31 zu
564 1997 264 57 ermahnen,
870 1995 102 50 dass
1010 1997 62 47 sie
1112 1995 120 49 nicht
1267 2012 52 29 zu
1357 1995 132 63 lange
1518 2009 55 32 an
1603 1992 88 48 den

182 2073 222 48 Schriften
427 2072 81 48 der
538 2073 401 48 mathematischen
963 2074 243 47 Tonsetzer
1230 2070 146 57 klebe,
1406 2069 70 48 die
1504 2087 48 30 so
1583 2069 108 48 viele

183 2153 142 46 Arten
360 2148 273 48 mehrender
673 2149 91 46 und
804 2149 291 48 mindernder
1123 2149 194 47 Zeichen
1359 2163 221 32 ersonnen
1612 2147 54 47 ha-

185 2228 102 54 ben,
325 2242 80 32 aus
432 2225 142 49 denen
606 2224 100 48 kein
736 2227 191 55 Nutzen,
957 2227 119 47 wohl
1107 2225 110 49 aber
1245 2223 232 49 allerhand
1512 2221 176 50 Gezänk

183 2305 90 49 und
303 2303 271 48 Zwietracht
602 2301 289 67 hervorgeht,
931 2303 92 48 und
1066 2301 71 49 die
1179 2303 98 47 eine
1315 2318 54 30 an
1401 2301 90 47 sich
1531 2300 160 47 leichte

181 2383 146 48 Sache
351 2380 157 48 höchst
530 2379 236 66 schwierig
792 2380 205 52 machen,
1027 2380 194 48 sondern
1246 2379 101 48 dass
1368 2380 62 46 sie
1455 2379 82 47 alle
1562 2378 130 47 Kraft

182 2460 77 47 des
290 2458 171 48 Geistes
489 2456 136 49 dahin
656 2456 175 58 wende,
870 2458 177 48 zierlich
1076 2458 155 63 singen
1274 2455 90 48 und
1394 2456 69 47 die
1496 2456 195 47 Worte

183 2535 233 66 gehörig
459 2534 327 63 unterlegen
827 2552 60 29 zu
927 2535 211 55 lernen;
1179 2533 118 48 denn
1341 2534 107 47 Gott
1490 2533 78 47 hat
1609 2548 82 30 uns

181 2613 70 48 die
273 2611 237 49 Tonkunst
531 2610 221 65 gegeben,
784 2628 74 30 um
888 2611 70 47 die
982 2613 126 45 Töne
1138 2611 83 49 auf
1242 2609 265 63 anmuthige
1533 2609 156 48 Weise

179 2708 51 30 zu
261 2688 261 57 verbinden,
552 2688 121 48 nicht
703 2705 72 30 um
807 2705 49 31 zu
889 2688 188 55 hadern,
1122 2688 89 47 und
1241 2688 76 47 für
1347 2688 129 47 einen
1507 2686 181 47 rechten

185 2768 306 48 Tonkünstler
517 2765 108 48 darf
644 2765 123 50 nicht
797 2765 227 66 derjenige
1054 2766 164 64 gelten,
1249 2765 197 48 welcher
1467 2782 81 29 von
1570 2764 90 47 Zah-

186 2848 85 53 len,
299 2844 347 65 Proportionen,
673 2844 308 54 Prolationen,
1007 2844 211 54 Zeichen,
1255 2842 258 64 Geltungen
1543 2841 148 47 Vieles

183 2939 52 30 zu
263 2921 249 48 schwatzen
543 2919 90 48 und
659 2936 53 30 zu
742 2920 236 48 schreiben
1010 2920 145 55 weiss,
1194 2919 194 48 sondern
1420 2935 93 31 wer
1543 2919 121 62 regel-

185 2999 127 48 recht
346 2997 91 47 und
464 2996 253 65 angenehm
760 2997 134 64 singt,
936 2996 181 65 jedem
1159 2999 146 45 Tone
1347 2996 85 47 die
1474 2994 180 66 gebüh-

186 3076 171 47 rende
393 3074 162 64 Sylbe
591 3072 253 59 zutheilt,
886 3075 88 47 und
1004 3091 48 31 so
1080 3081 124 47 setzt,
1235 3074 100 48 dass
1366 3090 47 31 er
1443 3072 248 49 fröhlichen

185 3155 195 48 Worten
404 3159 205 40 muntere
632 3151 174 48 Maasse
827 3152 112 64 gibt,
969 3152 89 47 und
1085 3152 286 64 umgekehrt.
1401 3152 48 46 In
1480 3150 85 48 den
1598 3150 70 48 bel-

182 3231 183 65 gischen
407 3227 202 57 Städten,
656 3244 71 30 wo
770 3229 69 48 die
880 3231 173 62 Sänger
1096 3230 328 63 Belohnungen
1467 3229 221 53 erhalten,

181 3325 71 31 wo
284 3324 121 38 man,
441 3305 122 48 ihrer
590 3303 252 67 theilhaltig
870 3323 50 30 zu
953 3306 197 57 werden,
1190 3306 130 47 keine
1350 3306 139 47 Mühe
1518 3305 173 52 scheut,

178 3404 76 29 um
285 3403 52 29 zu
367 3385 103 47 dem
499 3382 138 57 Ziele,
666 3381 143 48 einem
836 3384 335 63 ausgebildeten
1197 3385 226 62 Gesänge,
1452 3400 52 29 zu
1535 3384 128 63 gelan-

179 3479 103 49 gen,
314 3460 113 49 wird
456 3461 43 47 in
530 3460 85 48 den
644 3458 196 49 Schulen
880 3460 101 48 kein
1013 3461 105 48 Heft
1156 3461 41 47 in
1237 3461 70 47 die
1339 3460 149 48 Feder
1515 3467 176 57 gesagt,

178 3541 113 48 noch
322 3536 431 67 nachgeschrieben.
784 3537 58 47 So
873 3538 113 46 auch
1015 3537 75 48 hat
1114 3538 116 47 mein
1256 3538 172 47 Lehrer
1455 3538 233 64 Josquin

182 3617 60 47 de
282 3618 129 46 Pres
454 3615 71 47 nie
567 3615 71 47 ein
677 3613 173 47 solches
883 3615 107 47 Heft
1025 3615 197 54 verlasst,
1267 3616 110 46 noch
1409 3615 278 63 vorgelesen.

181 3696 131 46 Denn
352 3710 47 30 er
441 3692 108 47 hielt
590 3691 122 48 seine
742 3691 191 47 Schüler
974 3692 121 47 nicht
1134 3692 79 47 mit
1244 3692 158 64 langen
1434 3692 89 47 und
1555 3692 133 47 eitlen

179 3770 304 48 Vorschriften
515 3770 92 55 hin,
634 3767 197 48 sondern
861 3768 60 47 im
947 3770 207 63 Gesänge
1184 3768 146 49 selber
1361 3770 141 47 lehrte
1532 3786 48 31 er
1612 3770 77 45 mit

181 3848 204 64 wenigen
411 3847 193 48 Worten
634 3845 71 49 die
729 3846 141 63 Regel
900 3845 143 49 durch
1075 3845 137 49 deren
1239 3846 254 65 Ausübung
1523 3847 137 47 unmit-

182 3925 146 48 telbar
351 3925 187 47 kennen.
567 3925 90 47 Sah
687 3941 50 31 er
766 3923 71 49 die
868 3925 162 47 Seinen
1061 3925 258 63 gesangfest
1345 3925 42 47 in
1418 3932 130 56 guter
1570 3926 117 47 Aus-

314 4030 106 34 Auch
448 4030 79 36 hier
552 4031 153 35 bediene
733 4032 61 35 ich
822 4031 98 35 mich
951 4031 64 35 der
1042 4031 300 44 Uebersetzung,
1380 4031 68 33 wie
1477 4031 52 34 sie
1560 4031 64 35 der
1650 4032 37 34 in

311 4091 63 34 der
401 4091 251 36 Germania
679 4092 221 37 befindliche
932 4093 161 34 Aufsatz
1123 4103 73 24 von
1225 4092 149 45 Voigt
1402 4091 92 45 gibt.

1758 301 209 66 spräche,
1996 315 348 51 angemessener
2374 297 298 65 Verzierung,
2708 300 383 62 zweckmässiger
3120 301 137 48 Unter-

1760 380 169 63 legung
1958 376 80 50 der
2070 377 165 49 Worte
2264 374 284 66 wohlgeübt,
2589 391 48 31 so
2682 376 145 47 lehrte
2871 393 50 29 er
2961 376 62 46 sie
3067 376 71 47 die
3176 377 84 47 voll-

1761 456 272 48 kommenen
2057 452 88 50 und
2173 454 426 47 unvollkommenen
2621 452 444 64 Zusammenklänge
3089 454 195 54 kennen,

1761 531 116 50 über
1905 532 128 47 einen
2397 530 172 49 Caritas
2774 530 176 63 ßrmu-s
2470 529 97 47 eine
2612 527 284 65 begleitende
2926 530 189 47 Stimme
3145 530 114 48 erfin-

1760 607 86 49 den
1877 625 42 31 u.
1949 624 32 30 s.
2011 623 56 31 w.
2122 605 151 48 Nahm
2317 623 50 30 er
2405 621 90 31 nun
2527 603 143 56 wahr,
2710 603 101 49 dass
2844 606 141 47 Einer
3027 612 257 50 munteren,

1762 701 137 47 regen
1930 683 173 49 Geistes
2131 681 78 56 sei,
2251 697 49 32 so
2344 682 143 47 lehrte
2529 696 50 32 er
2617 681 76 47 ihn
2733 681 80 47 mit
2844 682 207 64 wenigen
3086 683 196 47 Worten

1761 760 135 57 drei-,
1925 761 129 55 vier-,
2085 757 137 57 fünf-,
2253 757 330 64 sechsstimmig
2609 763 165 50 setzen,
2805 757 165 47 immer
2998 775 56 30 an
3084 758 175 65 Beispie-

1760 838 72 47 len
1863 837 75 48 ihn
1968 835 268 50 fortleitend.
2279 836 134 47 Denn
2442 835 123 48 nicht
2594 835 99 48 Alle
2724 835 108 47 hielt
2860 835 189 64 Josquin
3078 854 52 28 zu
3161 838 90 46 Ton-

1760 922 172 40 setzern
1978 915 75 45 für
2095 911 245 66 geschickt,
2387 911 92 48 und
2520 927 46 31 es
2609 927 97 33 war
2754 912 92 46 sein
2888 911 270 57 Grundsatz,
3197 930 88 30 nur

1760 991 152 47 solche
1934 990 136 48 dahin
2095 987 309 56 auszubilden,
2428 987 71 47 die
2523 987 70 47 ein
2618 987 277 48 besonderer
2917 987 181 48 innerer
3121 990 164 63 Drang

1760 1086 52 29 zu
1837 1067 145 48 dieser
2006 1066 253 48 herrlichen
2286 1066 148 45 Kunst
2458 1064 178 65 hinzog,
2668 1064 136 58 denn,
2833 1072 126 57 sagte
2989 1082 66 40 er,
3083 1082 53 31 es
3166 1066 119 65 gibt

1761 1161 56 30 so
1866 1143 144 48 viele
2059 1141 324 64 anmuthige
2415 1141 211 48 Werke
2672 1141 186 48 dieser
2905 1143 206 54 Kunst,
3163 1142 121 48 dass

1761 1221 345 48 Aehnliches
2161 1218 135 48 oder
2350 1219 258 47 Besseres
2672 1218 161 47 kaum
2893 1221 176 45 Einer
3126 1228 160 40 unter

1761 1296 335 49 Tausenden
2141 1294 459 64 hervorbringen

1878 1374 29 47 S
1941 1373 52 48 hr
2018 1372 416 48 wünschensvverth
2462 1376 122 43 wäre
2608 1387 45 31 es
2675 1387 228 47 gewesen,
2935 1387 132 32 wenn
3097 1371 80 48 der
3205 1388 53 47 ge-

1761 1451 128 48 ehrte
1913 1451 234 48 Verfasser
2176 1449 159 64 obiger
2359 1448 282 48 Preisschrift
2670 1448 146 65 einige
2849 1449 309 64 ausgewählte
3181 1451 76 47 Bei-

1761 1528 137 64 spiele
1945 1545 84 30 von
2076 1525 215 49 Adrian
2340 1525 184 49 Petit's
2566 1525 220 49 Arbeiten
2830 1525 271 65 mitgetheilt
3144 1525 137 50 hätte.

1764 1606 104 45 Man
1901 1603 157 48 würde
2086 1602 167 49 daraus
2282 1618 72 32 am
2386 1600 156 50 besten
2581 1600 206 58 ersehen,
2830 1602 60 48 ob
2921 1602 210 48 Adrian's
3159 1603 105 48 treff-

1762 1682 115 48 liche
1901 1682 178 47 Lehren
2104 1680 79 47 mit
2204 1679 82 48 der
2308 1679 158 48 Praxis
2490 1678 136 48 Hand
2650 1679 41 47 in
2716 1679 138 47 Hand
2884 1696 238 48 gegangen
3147 1680 137 49 seien.

1765 1759 131 47 Denn
1926 1758 73 48 die
2028 1758 152 56 Stelle,
2219 1773 73 31 wo
2331 1772 50 32 er
2421 1755 121 49 seine
2574 1755 192 47 Schüler
2795 1755 220 65 dringend
3056 1755 229 59 ermahnt,

1761 1835 91 47 sich
1884 1835 81 47 der
1995 1835 401 63 Textstellung
2437 1833 191 65 gehörig
2667 1851 50 29 zu
2752 1832 301 67 belleissigen,
3091 1834 53 48 ist
3173 1851 113 47 ganz

1764 1912 389 64 bedeutungsvoll.
2184 1912 85 47 Die
2292 1910 312 63 Textstellung
2628 1909 141 48 findet
2796 1910 92 47 sich
2921 1910 191 47 nämlich
3145 1910 66 47 bis
3241 1912 44 47 in

1764 1989 69 48 die
1878 1990 128 47 Mitte
2048 1989 76 47 des
2166 1988 320 48 sechszehnten
2526 1987 337 48 Jahrhunderts
2900 1988 125 48 stark
3067 1989 191 47 vernach-

1765 2067 162 63 lässigt.
1954 2065 126 49 Blieb
2104 2067 62 47 sie
2190 2065 203 47 wirklich
2420 2064 118 50 bloss
2561 2064 102 48 dem
2689 2064 290 48 mündlichen
2997 2065 289 49 Unterrichte

1765 2144 279 56 überlassen,
2085 2143 85 48 wie
2211 2141 241 65 allerdings
2494 2158 80 32 aus
2603 2141 102 47 dem
2745 2141 167 64 obigen
2943 2143 210 45 Berichte
3182 2143 78 47 her-

1762 2220 287 61 vorzugehen
2090 2219 188 55 scheint,
2320 2218 112 48 oder
2461 2216 159 49 wurde
2650 2218 62 45 sie
2741 2225 92 40 erst
2861 2218 142 47 durch
3035 2218 71 48 die
3134 2219 124 47 Nach-

1764 2298 224 63 lässigkeit
2011 2296 99 50 .der
2139 2295 243 50 Schreiber
2425 2295 111 48 oder
2564 2294 212 47 Drucker
2813 2295 210 59 entstellt,
3054 2295 231 64 gleichviel

1770 2402 63 6 —
1861 2374 80 47 der
1981 2374 180 62 Mangel
2204 2373 247 63 gehöriger
2489 2371 202 64 Sorgfalt
2738 2371 42 47 in
2830 2370 148 50 dieser
3026 2373 260 64 Beziehung

1766 2451 150 47 macht
1954 2451 98 47 eine
2094 2450 249 48 Bedaction
2387 2448 255 64 unbedingt
2683 2448 310 64 nothwendig.
3046 2450 134 47 Diese
3211 2450 78 48 hat

1764 2529 110 47 aber
1903 2529 98 47 ihre
2032 2528 280 48 besonderen
2344 2525 423 65 Schwierigkeiten,
2811 2526 271 64 wenigstens
3111 2526 174 50 scheint

1764 2605 77 48 das
1873 2605 298 56 Geheimniss,
2214 2605 99 47 eine
2343 2613 218 47 correcte,
2602 2604 113 47 nach
2748 2604 140 47 festen
2919 2605 256 63 Principien
3205 2622 53 48 ge-

1762 2682 188 49 ordnete
1976 2682 439 64 Textes-Unterlage
2446 2681 312 55 herzustellen,
2787 2698 79 30 zur
2894 2681 98 47 Zeit
3020 2682 115 47 noch
3167 2682 122 49 nicht

1762 2761 172 64 gelös't.
1965 2761 106 46 Erst
2092 2760 42 48 in
2159 2759 81 48 der
2268 2760 232 47 zweiten
2532 2759 151 47 Hälfte
2707 2757 78 47 des
2806 2757 320 49 sechszehnten
3149 2760 110 47 Jahr-

1765 2837 217 49 hunderts
2012 2836 114 48 wird
2169 2837 120 47 diese
2329 2853 219 48 genauer,
2588 2836 307 64 sorgfältiger.
2952 2837 61 46 Es
3044 2840 120 44 wäre
3194 2854 94 30 nun

1764 2915 266 47 interessant
2067 2930 229 48 gewesen,
2336 2931 54 30 zu
2434 2912 230 57 erfahren,
2705 2912 58 47 ob
2795 2912 173 47 Adrian
2999 2914 116 47 Petit
3153 2921 135 41 unter

1764 2991 251 65 diejenigen
2044 3009 51 30 zu
2128 2991 199 48 rechnen
2366 2991 71 57 ist,
2480 2990 171 48 welche
2693 2990 92 47 sich
2830 2990 125 47 einer
2995 2990 290 65 richtigeren,

1762 3070 350 63 sorgfältigeren
2137 3070 314 61 Textstellung
2481 3066 321 65 belleissigten,
2833 3066 90 48 und
2954 3067 58 47 ob
3042 3069 106 45 ihm
3181 3069 84 47 viel-

1765 3147 131 47 leicht
1925 3147 77 49 das
2026 3145 240 49 Verdienst
2287 3145 354 66 zugeschrieben
2667 3143 182 49 werden
2876 3161 136 41 muss,
3044 3146 78 47 mit
3149 3147 140 47 Wort

1765 3223 89 49 und
1885 3225 120 47 That
2046 3223 115 49 auch
2206 3223 40 47 in
2291 3222 245 48 textischer
2567 3221 260 65 Beziehung
2860 3221 106 66 jene
2999 3222 290 65 Vollendung

1764 3301 80 49 der
1882 3301 472 65 Compositionsweise
2393 3300 352 63 herbeigeführt
2783 3317 54 30 zu
2881 3300 167 56 haben,
3092 3300 71 48 die
3206 3302 84 47 wir

1764 3378 83 49 den
1883 3380 207 48 Werken
2128 3378 80 47 der
2244 3377 265 50 classischen
2546 3377 193 48 Periode
2780 3375 111 67 (also
2936 3378 231 64 ungefähr
3202 3395 86 32 von

1770 3456 141 48 1560
1926 3455 236 64 —1600)
2200 3456 42 47 in
2282 3472 48 32 so
2362 3456 165 47 hohem
2560 3455 154 49 Grade
2747 3455 313 47 nachrühmen
3092 3458 197 47 müssen.

1878 3533 282 49 Schliesslich
2200 3533 215 47 erwähne
2457 3533 69 47 ich
2570 3532 137 56 noch,
2749 3531 102 48 dass
2894 3531 71 48 die
3008 3533 282 49 münchener

1766 3611 111 48 flof-
1910 3611 89 47 und
2028 3610 435 49 Staats-Bibliothek
2494 3610 71 47 ein
2599 3608 149 49 Werk
2776 3625 81 30 von
2889 3608 212 49 Adrian
3134 3611 156 48 Petit

1765 3687 169 56 besitzt,
1974 3688 78 47 das
2082 3688 85 47 den
2200 3688 113 47 Titel
2346 3687 150 48 führt:

1761 3765 267 66 Nürnberg,
2066 3765 159 55 1552,
2255 3766 83 47 4to
2369 3765 98 63 (Nr.
2507 3763 137 65 161).
2701 3763 75 48 Ob
2816 3763 144 47 dieses
2998 3765 292 49 Druckwerk

1761 3842 216 50 identisch
2010 3845 51 45 ist
2091 3843 79 47 mit
2193 3843 152 64 jenem
2371 3843 138 47 schon
2534 3858 84 31 von
2642 3842 153 46 Herrn
2821 3842 178 65 Pasque
3030 3843 256 64 angeführ-

1822 3966 38 53 *)
1890 3972 85 34 Und
2003 3971 65 35 das
2098 3974 107 43 sagte
2234 3970 120 37 dieser
2380 3970 157 35 Meister
2566 3979 65 24 um
2659 3968 65 35 das
2752 3968 98 35 Jahr
2882 3966 119 39 1500!
3040 3968 96 37 Fiat
3164 3971 103 45 appli-

1891 4032 95 35 catio
2013 4032 52 35 im
2091 4032 119 35 Jahre
2241 4030 97 39 1861
2359 4031 7 33 !

2445 4090 323 46 Anmerkung
2809 4090 87 36 der
2930 4090 283 36 Bedaction.
