3599 4485
1784 177 110 52 262

222 322 113 50 zwei
368 321 297 52 Ouvertüren
712 322 94 50 und
848 323 102 50 eine
979 322 226 61 Sinfonie,
1251 326 92 47 und
1385 340 46 33 es
1461 321 168 52 dienen
1661 323 122 51 diese

226 400 199 52 Abende
466 400 240 50 Musikern
758 401 95 51 und
895 401 386 52 Musikfreunden
1329 419 82 33 zur
1459 402 326 67 angenehmen

226 485 261 63 Anregung
519 480 94 49 und
644 481 361 66 Unterhaltung.
1063 483 109 50 Man
1205 482 231 66 begegnet
1474 483 43 49 in
1549 481 88 51 den
1671 483 85 50 Pro-

227 577 245 51 grammen
511 562 181 48 sowohl
736 561 89 49 den
866 562 186 50 Namen
1096 563 132 56 alter,
1271 562 267 51 bewährter
1581 563 207 59 Meister,

228 641 87 49 wie
344 641 118 48 auch
494 640 150 50 denen
675 640 82 50 der
786 641 164 51 besten
980 659 220 34 neueren.
1256 642 106 50 Von
1393 660 86 32 uns
1508 641 247 52 unbekann-

226 727 76 43 ten
330 721 430 49 Orchestersachen
790 721 166 51 hörten
989 722 84 48 wir
1103 721 73 49 die
1209 722 349 57 „Maurerische
1581 723 177 49 Trauer-

452 817 85 32 von
570 802 194 56 Mozart,
807 802 74 48 die
919 802 151 48 Musik
1113 820 53 30 zu
1211 802 107 48 dem
1359 803 149 49 Ballet
1549 802 117 56 „Die
1698 802 60 50 Ge-

227 880 192 66 schöpfe
447 880 80 49 des
936 881 94 49 und
1704 897 88 35 von

231 961 283 53 Beethoven,
543 960 73 49 die
631 961 300 50 Ouvertüren
950 979 52 32 zu
1693 960 94 51 und

544 1057 87 32 von
665 1042 149 49 Franz
837 1041 250 57 Schubert,
1115 1040 73 51 die
1216 1042 364 66 nachgelassene
1602 1041 155 50 Ouver-

230 1127 102 41 türe
364 1136 85 33 von
478 1120 210 51 Norbert
716 1121 298 66 Burgmüller
1046 1121 93 50 und
1168 1139 140 48 sogar
1338 1124 101 48 eine
1469 1121 206 50 Sinfonie
1705 1138 87 31 von

228 1198 146 50 Eberl
406 1196 125 69 (geb.
567 1197 183 69 1766).

349 1278 207 50 Jährlich
599 1278 156 51 finden
806 1280 131 49 sechs
980 1284 215 62 grössere
1238 1281 373 64 Aufführungen
1654 1280 139 58 Statt,

233 1357 209 50 welchen
473 1358 118 49 auch
622 1360 184 48 Damen
839 1360 280 49 beiwohnen
1150 1360 202 51 können.
1384 1361 85 47 Die
1500 1358 293 67 glänzendste

233 1436 84 51 der
348 1440 89 47 Art
464 1454 98 34 war
591 1437 91 60 die,
725 1438 194 59 welche,
961 1456 80 32 zur
1072 1440 137 49 Feier
1246 1456 87 33 von
1362 1438 306 50 Beethoven's
1699 1438 61 50 Ge-

236 1516 231 66 burtstag,
496 1534 90 33 nur
611 1517 377 68 Compositionen
1019 1519 148 50 dieses
1190 1520 307 49 Ton-Heros:
1522 1519 271 49 Ouvertüre

233 1614 56 32 zu
322 1597 235 56 Coriolan,
605 1597 399 60 Violin-Concert,
1047 1601 193 65 gespielt
1281 1616 88 32 von
1408 1600 156 48 Herrn
1606 1599 187 48 Strauss

235 1694 81 33 aus
346 1677 214 56 London,
590 1677 208 51 Sinfonie
828 1680 44 48 in
899 1677 167 52 C-moll
1093 1680 90 49 und
1215 1680 72 48 die
1318 1680 154 49 Musik
1501 1696 54 32 zu
1585 1679 208 66 Egmont

233 1756 259 50 vorführte.
527 1757 122 49 Frau
673 1757 388 68 Knöpges-Saart
1092 1776 114 47 sang
1237 1759 71 48 die
1333 1757 169 50 Lieder
1526 1757 264 50 Clärchens.

232 1836 51 48 In
313 1837 129 47 einer
472 1836 243 50 derselben
753 1840 160 65 spielte
946 1840 261 48 Brambach
1243 1840 302 48 Beethoven's
1576 1839 217 59 Quintett

235 1915 77 48 für
351 1916 268 48 Pianoforte
664 1917 82 49 mit
787 1917 497 57 Blas-Instrumenten,
1328 1919 42 47 in
1414 1919 129 47 einer
1586 1916 204 50 anderen

233 1993 243 50 desselben
519 1996 210 48 Meisters
772 1997 338 50 Horn-Sonate
1154 1997 83 49 mit
1281 2014 215 33 unserem
1544 1997 245 49 wackeren

232 2073 255 51 Hornisten
522 2075 167 49 Weck.

354 2155 133 47 Auch
533 2155 265 65 producirte
835 2156 93 48 sich
971 2155 203 49 daselbst
1214 2156 80 48 das
1327 2156 221 60 Quartett
1587 2155 83 49 der
1700 2156 60 50 Ge-

232 2231 178 51 brüder
440 2234 238 55 Müller,
708 2235 73 49 die
814 2236 82 47 wir
928 2236 264 48 ausserdem
1218 2236 41 48 in
1284 2237 111 47 zwei
1421 2253 84 31 von
1530 2237 137 47 ihnen
1694 2253 72 31 ver-

232 2314 278 48 anstalteten
534 2315 192 48 Soireen
757 2334 53 30 zu
843 2315 288 49 bewundern
1159 2317 304 65 Gelegenheit
1488 2317 173 49 hatten.
1693 2319 99 45 Aus

231 2391 133 50 ihren
397 2392 338 65 Programmen
781 2395 250 48 erwähnen
1077 2395 85 48 wir
1204 2396 71 47 ein
1317 2395 221 59 Quartett

231 2486 87 35 von
341 2472 289 59 Schumann,
659 2474 72 48 die
754 2474 238 49 Serenade
1022 2475 91 66 Op.
1140 2474 31 49 8
1204 2475 91 48 und
1328 2475 80 49 das
1431 2474 331 59 A-moll-Quar-

230 2559 86 42 tett
358 2569 85 32 von
484 2554 284 57 Beethoven,
819 2554 222 59 Quartett
1087 2571 84 33 von
1220 2555 299 56 Dittersdorf,
1571 2556 222 59 Quartett

231 2646 85 33 von
348 2631 250 50 Schubert.

351 2711 88 48 Die
464 2711 388 50 Concert-Saison
878 2712 192 50 brachte
1102 2729 85 33 uns
1216 2729 159 33 ausser
1404 2714 88 49 den
1521 2715 142 48 schon
1689 2731 76 33 vor-

232 2789 269 49 erwähnten
533 2791 255 50 Künstlern
819 2792 118 49 noch
970 2791 81 51 das
1083 2792 251 50 berühmte
1364 2794 174 66 pariser
1569 2794 224 59 Quartett

236 2867 82 49 der
349 2870 183 48 Herren
564 2870 50 49 P.
645 2871 253 56 Maurin,
925 2874 42 48 J.
1000 2872 51 49 B.
1082 2871 303 60 Sabatier,
1422 2874 83 49 W.
1535 2875 122 48 Mas
1696 2874 94 48 und

1237 2931 11 15 *

233 2950 60 47 A.
318 2947 353 52 Chevillard.
706 2951 98 47 Der
828 2952 151 49 Inhalt
1003 2951 79 50 des
1107 2954 304 63 Programms
1433 2952 83 50 der
1541 2970 84 33 von
1652 2955 138 47 ihnen

233 3029 356 48 veranstalteten
621 3029 161 49 Soiree
821 3030 193 49 bestand
1056 3031 362 50 ausschliesslich
1459 3049 82 32 aus
1577 3034 212 48 Werken

231 3106 313 50 Beethovens:
588 3109 91 64 Op.
713 3109 70 50 59
826 3109 178 63 F-dur,
1052 3111 92 65 Op.
1182 3110 109 51 130
1336 3111 172 51 B-dur
1558 3112 93 47 und
1698 3112 90 66 Op.

236 3183 104 54 131
378 3183 220 54 Cis-moll

349 3267 49 49 In
431 3269 280 64 würdigster
746 3269 162 48 Weise
948 3269 149 48 reihte
1136 3270 93 48 sich
1267 3270 145 49 daran
1458 3271 81 48 das
1569 3271 223 60 Quartett

232 3345 83 49 der
346 3346 181 50 Herren
557 3347 59 50 0.
649 3364 99 33 von
782 3347 364 65 Königslöw,
1181 3350 48 48 F.
1262 3350 311 57 Derckum,
1605 3352 53 47 G.
1690 3352 63 49 Ja-

231 3425 113 66 pha
376 3426 91 47 und
500 3431 52 43 A.
579 3426 245 60 Schmit,
849 3426 198 50 welches
1073 3445 165 32 unsere
1261 3430 386 48 Schwesterstadt
1665 3431 122 48 Köln

228 3504 179 49 sandte.
463 3505 51 48 In
547 3506 109 47 fünf
679 3506 193 50 Soireen
923 3506 154 66 gaben
1108 3507 124 49 diese
1263 3509 221 49 Künstler
1515 3510 148 47 durch
1694 3510 90 48 den

231 3582 208 68 Vortrag
471 3601 84 32 von
585 3586 111 48 zwei
721 3585 282 59 Quartetten
1033 3603 86 33 von
1150 3587 187 66 Haydn,
1366 3591 111 46 zwei
1503 3590 282 57 Quartetten

231 3662 94 50 und
354 3664 112 48 zwei
499 3664 273 59 Quintetten
804 3683 83 31 von
928 3667 196 55 Mozart,
1174 3666 220 60 Quartett
1426 3667 13 66 (
1444 3666 179 52 A-moll
1629 3667 14 66 )
1691 3669 92 47 und

230 3742 214 60 Quintett
475 3741 15 69 (
495 3742 152 52 C-dur
650 3744 13 64 )
696 3761 85 32 von
804 3745 250 57 Schubert,
1084 3745 224 60 Quartett
1331 3764 83 32 von
1440 3747 345 58 Mendelssohn,

230 3822 215 60 Quintett
475 3824 110 67 (Op.
619 3822 51 69 8)
718 3841 86 32 von
835 3825 148 57 Gade,
1031 3827 321 49 Streich-Trio
1383 3827 90 66 Op.
1505 3829 31 48 9

230 3902 93 49 und
355 3902 93 49 vier
471 3902 282 60 Quartetten
785 3920 86 32 von
895 3904 263 50 Beethoven
1190 3915 246 41 erneuerte
1460 3907 207 49 Beweise
1695 3924 88 32 von

228 3981 282 51 trefflichem
539 3984 397 66 Zusammenspiel
970 3984 93 49 und
1093 3986 299 64 geistreicher
1422 3986 301 67 Auffassung.

350 4062 109 50 Wir
517 4064 163 49 hörten
739 4064 153 48 ferner
941 4064 89 49 den
1087 4066 411 65 ausgezeichneten
1548 4066 232 48 Pianisten

230 4141 82 50 Dr.
359 4142 156 49 Hans
560 4160 100 31 von
707 4144 225 55 Bülow,
985 4145 201 48 welcher
1229 4145 43 48 in
1315 4146 129 48 einer
1479 4146 173 50 Sonate
1695 4163 85 31 von

228 4220 249 58 Schubert,
509 4221 267 60 Phantasie,
805 4224 152 64 Fuge,
988 4224 274 49 Sarabande
1291 4225 93 49 und
1416 4225 246 65 Passepied
1695 4241 85 32 von

1887 324 146 59 Bach,
2063 324 242 50 Nocturne
2334 341 88 33 von
2455 324 199 68 Chopin,
2683 325 306 51 Variationen
3021 342 86 34 von
3138 326 42 50 J.
3213 326 123 60 Raff,
3366 327 58 50 So-

1887 411 108 43 nate
2025 403 90 66 Op.
2152 402 103 51 101
2301 420 86 33 von
2422 405 265 49 Beethoven
2736 403 93 50 und
2876 405 111 49 zwei
3020 406 204 48 Stücken
3257 424 85 32 von
3374 407 78 50 Fr.

1887 483 124 50 Liszt
2041 483 82 49 mit
2152 483 295 66 gewohnter,
2476 485 285 49 vollendeter
2790 485 343 49 Meisterschaft
3172 486 65 48 als
3283 504 134 30 unum-

1889 562 273 51 schränkter
2194 562 316 51 Beherrscher
2538 565 82 48 des
2649 565 336 49 Instrumentes
3027 565 94 48 und
3152 565 301 65 geistreicher

1889 643 234 67 Interpret
2151 641 84 51 der
2263 642 362 51 verschiedenen
2656 643 425 68 Tonschöpfungen
3114 643 193 68 glänzte.

2014 722 109 51 Wir
2151 722 248 50 schliessen
2429 723 71 50 die
2529 723 150 50 Reihe
2711 725 149 48 dieser
2889 725 225 48 Künstler
3153 726 81 47 mit
3266 726 157 48 Anfüh-

1892 819 121 49 rung
2055 801 80 49 des
2180 802 252 50 Concertes
2476 820 85 30 von
2607 803 269 50 Carlotta
2919 803 188 54 Patti,
3151 805 301 48 veranstaltet

1892 881 149 51 durch
2071 882 159 50 Herrn
2259 882 206 51 Ullman.

2014 962 80 49 Als
2133 962 215 50 Resultat
2391 979 193 32 unserer
2629 970 290 57 gesammten
2952 964 300 64 Mittheilung
3297 964 153 49 dürfte

1892 1040 95 49 sich
2020 1041 224 63 ergeben,
2274 1040 104 51 dass
2408 1040 83 51 der
2528 1057 297 50 vergangene
2861 1042 188 49 Winter
3092 1042 125 50 reich
3260 1059 98 33 war
3397 1059 58 34 an

1894 1121 352 50 musicalischen
2279 1120 183 58 Gaben,
2499 1122 91 49 und
2635 1121 105 50 dass
2780 1122 132 49 Bonn
2955 1121 89 51 den
3088 1124 123 48 alten
3255 1122 97 51 Ruf
3391 1125 66 48 als

1893 1200 294 49 Musenstadt
2216 1200 255 49 bewährte.
2529 1200 171 49 Hoffen
2742 1201 101 55 wir,
2888 1200 105 49 dass
3029 1201 82 48 der
3151 1202 306 64 Kriegslärm,

1894 1280 83 48 der
2006 1280 148 48 durch
2187 1278 82 51 das
2302 1280 235 66 Frühjahr
2568 1281 94 48 und
2692 1281 88 48 den
2805 1282 216 47 Sommer
3051 1281 77 48 hin
3159 1299 140 32 unser
3322 1281 108 51 deut-

1892 1360 133 48 sches
2057 1358 254 51 Vaterland
2343 1358 297 59 durchtönte,
2683 1361 208 65 gänzlich
2937 1367 276 42 verstummt
3252 1361 93 48 und
3384 1362 74 50 die

1892 1438 258 65 Erfüllung
2190 1438 83 49 der
2311 1438 122 49 alten
2474 1438 94 49 und
2601 1438 251 65 gerechten
2888 1440 245 49 Wünsche
3172 1440 83 48 der
3284 1441 173 50 Nation

1893 1519 61 48 im
1988 1517 196 68 Gefolge
2215 1520 92 47 hat.
2366 1519 137 49 Dann
2538 1519 183 49 können
2756 1520 82 47 wir
2870 1520 117 48 auch
3030 1520 44 47 in
3114 1520 344 49 musicalischer

1893 1597 271 66 Beziehung
2187 1597 87 50 den
2301 1599 176 64 Beginn
2504 1599 81 49 der
2606 1618 151 31 neuen
2785 1600 392 49 Concert-Saison
3201 1600 83 49 mit
3309 1601 119 48 Freu-

1893 1676 90 51 den
2027 1685 251 46 erwarten,
2324 1679 92 47 und
2463 1677 68 50 bis
2568 1677 157 56 dahin,
2772 1679 312 49 freundlicher
3121 1680 168 49 Leser:
3332 1680 127 55 „Auf

3225 1759 112 51 h.

2248 2014 264 73 Napoleon
2555 2014 37 55 I.
2636 2014 106 54 und
2784 2014 84 54 die
2909 2013 185 56 Musik.

2016 2155 159 49 Gleich
2208 2156 116 48 nach
2357 2156 124 48 ihrer
2512 2156 322 64 Vermählung
2879 2155 82 48 mit
2990 2155 106 49 dem
3129 2156 201 48 General
3360 2157 60 50 Bo-

1894 2242 196 60 naparte
2135 2236 323 48 veranstaltete
2499 2236 124 47 Frau
2656 2251 84 32 von
2773 2234 319 49 Beauharnais
3138 2236 317 50 musicalische

1896 2315 153 49 Cirkel
2080 2315 43 48 in
2155 2315 129 48 ihren
2316 2316 183 53 Salons,
2543 2314 176 49 welche
2761 2314 146 48 durch
2946 2312 72 50 die
3044 2314 381 68 Liebenswürdig-

1893 2394 95 50 keit
2027 2395 82 48 der
2137 2395 154 48 Dame
2329 2411 103 32 vom
2463 2395 162 48 Hause
2672 2392 91 50 und
2809 2392 147 50 durch
2998 2392 100 50 ihre
3128 2394 327 50 Leidenschaft

1896 2476 77 46 für
2005 2474 150 48 Musik
2188 2475 108 48 bald
2326 2475 83 48 der
2429 2475 330 65 Sammelplatz
2783 2471 83 51 der
2895 2472 308 66 gebildetsten
3227 2475 203 49 Dilettan-

1892 2561 77 41 ten
2000 2570 86 32 von
2119 2554 130 49 Paris
2282 2554 211 55 wurden,
2536 2570 129 32 wozu
2707 2551 221 66 übrigens
2960 2551 118 50 auch
3111 2552 80 50 das
3224 2555 207 49 rousicali-

1893 2635 109 47 sche
2033 2632 189 59 Fieber,
2254 2635 197 47 welches
2475 2632 178 50 damals
2677 2632 44 49 in
2744 2631 131 50 Paris
2899 2648 85 31 von
3012 2631 86 48 den
3124 2632 330 65 patriotischen

1892 2712 203 50 Liedern
2127 2714 84 48 auf
2235 2712 81 50 der
2345 2715 181 47 Strasse
2564 2730 58 32 an
2663 2712 67 50 bis
2766 2729 53 30 zu
2852 2710 88 49 den
2975 2711 404 65 Gesang-Soireen
3410 2714 45 49 in

1893 2791 92 51 den
2014 2791 225 50 höchsten
2264 2792 196 49 Kreisen
2491 2791 256 55 herrschte,
2776 2790 126 49 nicht
2933 2791 153 64 wenig
3117 2790 200 67 beitrug.
3347 2794 103 48 Nur

1892 2872 269 66 Bonaparte
2193 2872 123 50 blieb
2347 2872 148 50 davon
2528 2871 263 50 unberührt
2823 2869 94 49 und
2940 2871 161 55 nahm,
3135 2889 134 32 wenn
3294 2890 48 31 er
3368 2890 84 32 aus

1892 2950 90 51 den
2015 2951 263 66 Feldzügen
2316 2951 305 55 zurückkam,
2665 2951 125 47 nicht
2834 2949 87 49 den
2966 2949 266 66 geringsten
3266 2952 188 49 Antheil

1892 3048 58 33 an
1980 3031 308 67 Josephinens
2321 3031 435 50 Haus-Concerten.
2814 3030 66 48 Er
2924 3031 215 47 verstand
3177 3031 149 48 nichts
3369 3049 85 33 von

1891 3111 152 50 Musik
2076 3110 94 49 und
2202 3110 80 49 hat
2312 3111 73 48 nie
2416 3111 289 48 Geschmack
2739 3109 145 49 daran
2914 3109 252 66 gefunden.
3199 3111 249 48 Trotzdem

1889 3190 155 48 haben
2089 3190 95 48 sich
2228 3189 114 49 viele
2385 3206 85 32 von
2512 3190 157 48 seinen
2703 3187 296 66 Biographen
3045 3187 276 66 abgemüht,
3365 3190 80 49 das

1891 3270 277 65 Gegentheil
2193 3270 350 48 nachzuweisen
2574 3270 116 48 oder
2720 3269 155 48 haben
2904 3267 125 49 seine
3053 3267 285 68 Abneigung
3370 3288 53 47 ge-

1889 3365 89 50 gen
2035 3347 75 50 die
2165 3347 245 50 Tonkunst
2458 3349 83 49 auf
2585 3349 173 49 allerlei
2811 3346 317 50 wunderliche
3182 3350 160 47 Weise
3397 3366 55 31 zu

1889 3429 214 48 erklären
2133 3429 228 48 versucht.

2008 3509 142 48 Hätte
2174 3509 268 64 Bonaparte
2465 3507 110 49 Sinn
2611 3507 76 47 für
2717 3506 153 50 Musik
2902 3506 191 65 gehabt,
3124 3523 49 31 so
3206 3505 162 49 würde
3398 3524 52 32 er

1888 3586 73 51 bei
2002 3587 174 50 seinem
2208 3587 262 49 Verstände
2514 3586 384 50 wahrscheinlich
2945 3589 118 47 auch
3107 3603 160 48 grosse
3313 3587 108 49 Fort-

1886 3666 189 50 schritte
2099 3666 132 50 darin
2263 3666 217 65 gemacht
2510 3666 180 57 haben;
2721 3665 136 49 allein
2889 3681 46 32 es
2965 3665 56 48 ist
3050 3666 134 47 keine
3208 3666 124 64 Spur
3361 3683 88 31 von

1886 3746 151 50 seiner
2067 3746 432 66 Empfänglichkeit
2538 3746 145 48 dafür
2720 3746 43 47 in
2804 3745 150 48 seiner
2982 3745 204 65 Jugend,
3215 3745 115 48 oder
3360 3763 85 31 von

1884 3826 153 48 seiner
2065 3826 308 48 Theilnahme
2418 3843 73 31 am
2537 3825 351 49 musicalischen
2933 3825 268 49 Unterricht
3246 3825 82 48 auf
3366 3824 83 49 der

1884 3905 333 49 Militärschule
2255 3923 55 30 zu
2349 3905 201 48 Brienne
2592 3902 284 51 vorhanden.
2932 3904 158 48 Indess
3133 3905 110 63 ging
3289 3920 49 32 er
3382 3905 64 47 als

1884 3984 543 49 Artillerie-Lieutenant
2466 3985 84 47 viel
2582 3984 92 47 und
2705 4000 114 48 gern
2853 3984 82 48 mit
2961 3984 358 66 Schauspielern
3355 3982 90 49 und

1883 4064 211 64 Sängern
2127 4081 93 32 um.
2278 4064 86 49 Ein
2396 4062 258 66 Biograph,
2684 4062 84 50 der
2800 4064 119 48 Graf
2945 4062 171 57 Fahre,
3147 4064 90 48 will
3269 4062 171 49 daraus

1882 4160 141 48 sogar
2052 4144 124 48 seine
2208 4145 285 65 Abneigung
2536 4160 150 48 gegen
2719 4144 129 66 Oper
2880 4142 91 49 und
3003 4142 151 49 Musik
3203 4142 237 50 herleiten.

1893 4224 132 56 „Alle
2048 4222 125 50 diese
2392 4222 278 51 —schreibt
2701 4240 49 32 er
2763 4252 61 6 —
2846 4222 233 58 „wollten,
3105 4222 228 50 nachdem
3360 4222 84 49 der
