<?xml version="1.0" encoding="UTF-8"?>
<alto xmlns:xsi="http://www.w3.org/2001/XMLSchema-instance" xmlns="http://www.loc.gov/standards/alto/ns-v2#" xsi:schemaLocation="http://www.loc.gov/standards/alto/ns-v2# http://www.loc.gov/standards/alto/alto-v2.0.xsd" xmlns:xlink="http://www.w3.org/1999/xlink">
	<Description>
		<MeasurementUnit>mm10</MeasurementUnit>
		<sourceImageInformation>
			<fileName>//fileserver7/IN2/Princeton/Batch5/bmtnabi/1866/08/18_01/00000688.tif</fileName>
		</sourceImageInformation>
		<OCRProcessing ID="OCRPROCESSING_1">
			<preProcessingStep>
				<processingSoftware>
					<softwareCreator>CCS Content Conversion Specialists GmbH, Germany</softwareCreator>
					<softwareName>CCS docWORKS</softwareName>
					<softwareVersion>6.6-1.18</softwareVersion>
				</processingSoftware>
			</preProcessingStep>
			<ocrProcessingStep>
				<processingSoftware>
					<softwareCreator>ABBYY (BIT Software), Russia</softwareCreator>
					<softwareName>FineReader</softwareName>
					<softwareVersion>10.0</softwareVersion>
				</processingSoftware>
			</ocrProcessingStep>
		</OCRProcessing>
	</Description>
	<Styles>
		<TextStyle ID="TXT_0" FONTSIZE="15" FONTFAMILY="Times New Roman" FONTSTYLE="bold"/>
		<TextStyle ID="TXT_1" FONTSIZE="17" FONTFAMILY="Times New Roman" FONTSTYLE="bold italics"/>
		<TextStyle ID="TXT_2" FONTSIZE="17" FONTFAMILY="Times New Roman" FONTSTYLE="italics"/>
		<TextStyle ID="TXT_3" FONTSIZE="15" FONTFAMILY="Times New Roman" FONTSTYLE="italics"/>
		<TextStyle ID="TXT_4" FONTSIZE="14" FONTFAMILY="Times New Roman" FONTSTYLE="bold"/>
		<TextStyle ID="TXT_5" FONTSIZE="14" FONTFAMILY="Times New Roman" FONTSTYLE="bold italics"/>
		<ParagraphStyle ID="PAR_RIGHT" ALIGN="Right"/>
		<ParagraphStyle ID="PAR_BLOCK" ALIGN="Block"/>
		<ParagraphStyle ID="PAR_LEFT" ALIGN="Left"/>
	</Styles>
	<Layout>
		<Page ID="P2" PHYSICAL_IMG_NR="2" HEIGHT="4485" WIDTH="3599" PRINTED_IMG_NR="258" PC="0.920">
			<TopMargin ID="P2_TM00001" HPOS="0" VPOS="0" WIDTH="3599" HEIGHT="256">
				<TextBlock ID="P2_TB00001" HPOS="1775" VPOS="198" WIDTH="112" HEIGHT="55" STYLEREFS="TXT_0 PAR_RIGHT">
					<TextLine ID="P2_TL00001" HPOS="1776" VPOS="199" WIDTH="111" HEIGHT="54">
						<String ID="P2_ST00001" HPOS="1776" VPOS="199" WIDTH="111" HEIGHT="54" CONTENT="258" WC="0.39" CC="737"/>
					</TextLine>
				</TextBlock>
			</TopMargin>
			<LeftMargin ID="P2_LM00001" HPOS="0" VPOS="256" WIDTH="216" HEIGHT="4051"/>
			<RightMargin ID="P2_RM00001" HPOS="3461" VPOS="256" WIDTH="138" HEIGHT="4051"/>
			<BottomMargin ID="P2_BM00001" HPOS="0" VPOS="4307" WIDTH="3599" HEIGHT="178"/>
			<PrintSpace ID="P2_PS00001" HPOS="216" VPOS="256" WIDTH="3245" HEIGHT="4051">
				<TextBlock ID="P2_TB00002" HPOS="216" VPOS="348" WIDTH="1578" HEIGHT="3959" STYLEREFS="TXT_0 PAR_BLOCK">
					<TextLine ID="P2_TL00002" HPOS="219" VPOS="349" WIDTH="1560" HEIGHT="70">
						<String ID="P2_ST00002" HPOS="219" VPOS="352" WIDTH="173" HEIGHT="67" CONTENT="fangen" WC="0.98" CC="205900"/>
						<SP ID="P2_SP00001" HPOS="392" VPOS="419" WIDTH="43"/>
						<String ID="P2_ST00003" HPOS="435" VPOS="350" WIDTH="133" HEIGHT="51" CONTENT="führt" WC="0.98" CC="05600"/>
						<SP ID="P2_SP00002" HPOS="568" VPOS="419" WIDTH="39"/>
						<String ID="P2_ST00004" HPOS="607" VPOS="352" WIDTH="93" HEIGHT="50" CONTENT="und" WC="0.96" CC="254"/>
						<SP ID="P2_SP00003" HPOS="700" VPOS="419" WIDTH="41"/>
						<String ID="P2_ST00005" HPOS="741" VPOS="352" WIDTH="212" HEIGHT="50" CONTENT="Gleiches" WC="0.99" CC="02005643"/>
						<SP ID="P2_SP00004" HPOS="953" VPOS="419" WIDTH="31"/>
						<String ID="P2_ST00006" HPOS="984" VPOS="350" WIDTH="156" HEIGHT="59" CONTENT="wirkt," WC="0.99" CC="610000"/>
						<SP ID="P2_SP00005" HPOS="1140" VPOS="419" WIDTH="43"/>
						<String ID="P2_ST00007" HPOS="1183" VPOS="352" WIDTH="88" HEIGHT="48" CONTENT="wie" WC="0.96" CC="900"/>
						<SP ID="P2_SP00006" HPOS="1271" VPOS="419" WIDTH="42"/>
						<String ID="P2_ST00008" HPOS="1313" VPOS="367" WIDTH="49" HEIGHT="33" CONTENT="es" WC="0.64" CC="07"/>
						<SP ID="P2_SP00007" HPOS="1362" VPOS="419" WIDTH="37"/>
						<String ID="P2_ST00009" HPOS="1399" VPOS="350" WIDTH="44" HEIGHT="49" CONTENT="in" WC="0.55" CC="43"/>
						<SP ID="P2_SP00008" HPOS="1443" VPOS="419" WIDTH="40"/>
						<String ID="P2_ST00010" HPOS="1483" VPOS="350" WIDTH="79" HEIGHT="49" CONTENT="des" WC="0.99" CC="002"/>
						<SP ID="P2_SP00009" HPOS="1562" VPOS="419" WIDTH="43"/>
						<String ID="P2_ST00011" HPOS="1605" VPOS="349" WIDTH="140" HEIGHT="50" CONTENT="Werk" SUBS_TYPE="HypPart1" SUBS_CONTENT="Werkmeisters" WC="1.00" CC="0000"/>
						<HYP HPOS="1745" VPOS="349" WIDTH="34" CONTENT="-"/>
					</TextLine>
					<TextLine ID="P2_TL00003" HPOS="218" VPOS="428" WIDTH="1563" HEIGHT="70">
						<String ID="P2_ST00012" HPOS="218" VPOS="432" WIDTH="211" HEIGHT="48" CONTENT="meisters" SUBS_TYPE="HypPart2" SUBS_CONTENT="Werkmeisters" WC="0.99" CC="60023006"/>
						<SP ID="P2_SP00010" HPOS="429" VPOS="480" WIDTH="28"/>
						<String ID="P2_ST00013" HPOS="457" VPOS="432" WIDTH="133" HEIGHT="49" CONTENT="Seele" WC="1.00" CC="20000"/>
						<SP ID="P2_SP00011" HPOS="590" VPOS="481" WIDTH="29"/>
						<String ID="P2_ST00014" HPOS="619" VPOS="430" WIDTH="211" HEIGHT="68" CONTENT="geboren" WC="0.99" CC="8024200"/>
						<SP ID="P2_SP00012" HPOS="830" VPOS="498" WIDTH="39"/>
						<String ID="P2_ST00015" HPOS="869" VPOS="429" WIDTH="94" HEIGHT="51" CONTENT="und" WC="0.96" CC="038"/>
						<SP ID="P2_SP00013" HPOS="963" VPOS="498" WIDTH="30"/>
						<String ID="P2_ST00016" HPOS="993" VPOS="430" WIDTH="195" HEIGHT="68" CONTENT="gewollt" WC="0.97" CC="8095670"/>
						<SP ID="P2_SP00014" HPOS="1188" VPOS="498" WIDTH="37"/>
						<String ID="P2_ST00017" HPOS="1225" VPOS="447" WIDTH="114" HEIGHT="33" CONTENT="war." WC="0.97" CC="9004"/>
						<SP ID="P2_SP00015" HPOS="1339" VPOS="498" WIDTH="56"/>
						<String ID="P2_ST00018" HPOS="1395" VPOS="428" WIDTH="170" HEIGHT="51" CONTENT="Solche" WC="0.99" CC="106060"/>
						<SP ID="P2_SP00016" HPOS="1565" VPOS="498" WIDTH="30"/>
						<String ID="P2_ST00019" HPOS="1595" VPOS="428" WIDTH="186" HEIGHT="51" CONTENT="Werke" WC="0.98" CC="60604"/>
					</TextLine>
					<TextLine ID="P2_TL00004" HPOS="217" VPOS="508" WIDTH="1564" HEIGHT="70">
						<String ID="P2_ST00020" HPOS="217" VPOS="510" WIDTH="143" HEIGHT="57" CONTENT="kann," WC="0.97" CC="30880"/>
						<SP ID="P2_SP00017" HPOS="360" VPOS="567" WIDTH="45"/>
						<String ID="P2_ST00021" HPOS="405" VPOS="527" WIDTH="96" HEIGHT="33" CONTENT="wer" WC="0.99" CC="002"/>
						<SP ID="P2_SP00018" HPOS="501" VPOS="567" WIDTH="32"/>
						<String ID="P2_ST00022" HPOS="533" VPOS="510" WIDTH="51" HEIGHT="68" CONTENT="je" WC="0.81" CC="03"/>
						<SP ID="P2_SP00019" HPOS="584" VPOS="578" WIDTH="35"/>
						<String ID="P2_ST00023" HPOS="619" VPOS="510" WIDTH="149" HEIGHT="51" CONTENT="durch" WC="1.00" CC="01000"/>
						<SP ID="P2_SP00020" HPOS="768" VPOS="578" WIDTH="39"/>
						<String ID="P2_ST00024" HPOS="807" VPOS="512" WIDTH="65" HEIGHT="48" CONTENT="sie" WC="0.99" CC="200"/>
						<SP ID="P2_SP00021" HPOS="872" VPOS="578" WIDTH="37"/>
						<String ID="P2_ST00025" HPOS="909" VPOS="509" WIDTH="200" HEIGHT="52" CONTENT="berührt" WC="0.98" CC="7008632"/>
						<SP ID="P2_SP00022" HPOS="1109" VPOS="578" WIDTH="36"/>
						<String ID="P2_ST00026" HPOS="1145" VPOS="510" WIDTH="75" HEIGHT="57" CONTENT="ist," WC="0.97" CC="6103"/>
						<SP ID="P2_SP00023" HPOS="1220" VPOS="578" WIDTH="46"/>
						<String ID="P2_ST00027" HPOS="1266" VPOS="508" WIDTH="205" HEIGHT="51" CONTENT="hundert" WC="0.99" CC="6000002"/>
						<SP ID="P2_SP00024" HPOS="1471" VPOS="578" WIDTH="28"/>
						<String ID="P2_ST00028" HPOS="1499" VPOS="508" WIDTH="94" HEIGHT="49" CONTENT="Mal" WC="0.98" CC="060"/>
						<SP ID="P2_SP00025" HPOS="1593" VPOS="578" WIDTH="41"/>
						<String ID="P2_ST00029" HPOS="1634" VPOS="508" WIDTH="147" HEIGHT="51" CONTENT="hören" WC="0.98" CC="45105"/>
					</TextLine>
					<TextLine ID="P2_TL00005" HPOS="218" VPOS="588" WIDTH="1563" HEIGHT="68">
						<String ID="P2_ST00030" HPOS="218" VPOS="590" WIDTH="94" HEIGHT="50" CONTENT="und" WC="0.97" CC="430"/>
						<SP ID="P2_SP00026" HPOS="312" VPOS="640" WIDTH="38"/>
						<String ID="P2_ST00031" HPOS="350" VPOS="589" WIDTH="131" HEIGHT="67" CONTENT="jedes" WC="1.00" CC="20002"/>
						<SP ID="P2_SP00027" HPOS="481" VPOS="656" WIDTH="30"/>
						<String ID="P2_ST00032" HPOS="511" VPOS="590" WIDTH="96" HEIGHT="50" CONTENT="Mal" WC="0.96" CC="450"/>
						<SP ID="P2_SP00028" HPOS="607" VPOS="656" WIDTH="43"/>
						<String ID="P2_ST00033" HPOS="650" VPOS="590" WIDTH="95" HEIGHT="50" CONTENT="sich" WC="0.99" CC="0003"/>
						<SP ID="P2_SP00029" HPOS="745" VPOS="656" WIDTH="43"/>
						<String ID="P2_ST00034" HPOS="788" VPOS="597" WIDTH="168" HEIGHT="43" CONTENT="erneut" WC="0.99" CC="041020"/>
						<SP ID="P2_SP00030" HPOS="956" VPOS="656" WIDTH="42"/>
						<String ID="P2_ST00035" HPOS="998" VPOS="589" WIDTH="162" HEIGHT="51" CONTENT="fühlen" WC="0.98" CC="506305"/>
						<SP ID="P2_SP00031" HPOS="1160" VPOS="656" WIDTH="45"/>
						<String ID="P2_ST00036" HPOS="1205" VPOS="607" WIDTH="103" HEIGHT="32" CONTENT="zum" WC="0.95" CC="606"/>
						<SP ID="P2_SP00032" HPOS="1308" VPOS="656" WIDTH="30"/>
						<String ID="P2_ST00037" HPOS="1338" VPOS="589" WIDTH="356" HEIGHT="65" CONTENT="Aufschwünge" WC="0.99" CC="00600704690"/>
						<SP ID="P2_SP00033" HPOS="1694" VPOS="656" WIDTH="42"/>
						<String ID="P2_ST00038" HPOS="1736" VPOS="588" WIDTH="45" HEIGHT="49" CONTENT="in" WC="0.80" CC="03"/>
					</TextLine>
					<TextLine ID="P2_TL00006" HPOS="218" VPOS="668" WIDTH="1566" HEIGHT="67">
						<String ID="P2_ST00039" HPOS="218" VPOS="670" WIDTH="74" HEIGHT="50" CONTENT="die" WC="0.97" CC="035"/>
						<SP ID="P2_SP00034" HPOS="292" VPOS="720" WIDTH="21"/>
						<String ID="P2_ST00040" HPOS="313" VPOS="669" WIDTH="202" HEIGHT="66" CONTENT="Region," WC="0.98" CC="3092104"/>
						<SP ID="P2_SP00035" HPOS="515" VPOS="735" WIDTH="22"/>
						<String ID="P2_ST00041" HPOS="537" VPOS="670" WIDTH="73" HEIGHT="50" CONTENT="die" WC="0.99" CC="010"/>
						<SP ID="P2_SP00036" HPOS="610" VPOS="735" WIDTH="23"/>
						<String ID="P2_ST00042" HPOS="633" VPOS="670" WIDTH="117" HEIGHT="51" CONTENT="über" WC="0.99" CC="0005"/>
						<SP ID="P2_SP00037" HPOS="750" VPOS="735" WIDTH="23"/>
						<String ID="P2_ST00043" HPOS="773" VPOS="670" WIDTH="105" HEIGHT="51" CONTENT="dem" WC="0.97" CC="006"/>
						<SP ID="P2_SP00038" HPOS="878" VPOS="735" WIDTH="23"/>
						<String ID="P2_ST00044" HPOS="901" VPOS="670" WIDTH="243" HEIGHT="51" CONTENT="endlichen" WC="1.00" CC="040000300"/>
						<SP ID="P2_SP00039" HPOS="1144" VPOS="735" WIDTH="24"/>
						<String ID="P2_ST00045" HPOS="1168" VPOS="668" WIDTH="209" HEIGHT="52" CONTENT="Urtheile" WC="0.78" CC="44140000"/>
						<SP ID="P2_SP00040" HPOS="1377" VPOS="735" WIDTH="22"/>
						<String ID="P2_ST00046" HPOS="1399" VPOS="669" WIDTH="80" HEIGHT="58" CONTENT="ist;" WC="0.98" CC="0504"/>
						<SP ID="P2_SP00041" HPOS="1479" VPOS="735" WIDTH="30"/>
						<String ID="P2_ST00047" HPOS="1509" VPOS="668" WIDTH="94" HEIGHT="51" CONTENT="und" WC="0.98" CC="500"/>
						<SP ID="P2_SP00042" HPOS="1603" VPOS="735" WIDTH="22"/>
						<String ID="P2_ST00048" HPOS="1625" VPOS="668" WIDTH="159" HEIGHT="51" CONTENT="solche" WC="0.98" CC="304070"/>
					</TextLine>
					<TextLine ID="P2_TL00007" HPOS="220" VPOS="747" WIDTH="1564" HEIGHT="68">
						<String ID="P2_ST00049" HPOS="220" VPOS="748" WIDTH="243" HEIGHT="67" CONTENT="Wirkung" WC="0.99" CC="0410070"/>
						<SP ID="P2_SP00043" HPOS="463" VPOS="815" WIDTH="44"/>
						<String ID="P2_ST00050" HPOS="507" VPOS="749" WIDTH="188" HEIGHT="50" CONTENT="erleben" WC="0.99" CC="0200404"/>
						<SP ID="P2_SP00044" HPOS="695" VPOS="815" WIDTH="47"/>
						<String ID="P2_ST00051" HPOS="742" VPOS="750" WIDTH="85" HEIGHT="49" CONTENT="wir" WC="1.00" CC="000"/>
						<SP ID="P2_SP00045" HPOS="827" VPOS="815" WIDTH="41"/>
						<String ID="P2_ST00052" HPOS="868" VPOS="767" WIDTH="57" HEIGHT="33" CONTENT="an" WC="0.75" CC="04"/>
						<SP ID="P2_SP00046" HPOS="925" VPOS="815" WIDTH="49"/>
						<String ID="P2_ST00053" HPOS="974" VPOS="749" WIDTH="87" HEIGHT="50" CONTENT="den" WC="0.98" CC="005"/>
						<SP ID="P2_SP00047" HPOS="1061" VPOS="815" WIDTH="50"/>
						<String ID="P2_ST00054" HPOS="1111" VPOS="748" WIDTH="282" HEIGHT="49" CONTENT="kirchlichen" WC="0.99" CC="00066000607"/>
						<SP ID="P2_SP00048" HPOS="1393" VPOS="815" WIDTH="47"/>
						<String ID="P2_ST00055" HPOS="1440" VPOS="748" WIDTH="219" HEIGHT="48" CONTENT="Meistern" WC="0.99" CC="00073037"/>
						<SP ID="P2_SP00049" HPOS="1659" VPOS="815" WIDTH="45"/>
						<String ID="P2_ST00056" HPOS="1704" VPOS="747" WIDTH="80" HEIGHT="49" CONTENT="des" WC="0.97" CC="007"/>
					</TextLine>
					<TextLine ID="P2_TL00008" HPOS="216" VPOS="827" WIDTH="1568" HEIGHT="58">
						<String ID="P2_ST00057" HPOS="216" VPOS="828" WIDTH="331" HEIGHT="51" CONTENT="sechszehnten" WC="1.00" CC="000115366000"/>
						<SP ID="P2_SP00050" HPOS="547" VPOS="879" WIDTH="30"/>
						<String ID="P2_ST00058" HPOS="577" VPOS="829" WIDTH="347" HEIGHT="51" CONTENT="Jahrhunderts" WC="1.00" CC="016150600200"/>
						<SP ID="P2_SP00051" HPOS="924" VPOS="880" WIDTH="37"/>
						<String ID="P2_ST00059" HPOS="961" VPOS="828" WIDTH="334" HEIGHT="51" CONTENT="insbesondere" WC="1.00" CC="004000000000"/>
						<SP ID="P2_SP00052" HPOS="1295" VPOS="880" WIDTH="37"/>
						<String ID="P2_ST00060" HPOS="1332" VPOS="828" WIDTH="143" HEIGHT="57" CONTENT="dann," WC="0.99" CC="00063"/>
						<SP ID="P2_SP00053" HPOS="1475" VPOS="885" WIDTH="41"/>
						<String ID="P2_ST00061" HPOS="1516" VPOS="843" WIDTH="137" HEIGHT="34" CONTENT="wenn" WC="0.99" CC="0050"/>
						<SP ID="P2_SP00054" HPOS="1653" VPOS="885" WIDTH="29"/>
						<String ID="P2_ST00062" HPOS="1682" VPOS="827" WIDTH="102" HEIGHT="49" CONTENT="ihre" WC="0.98" CC="3040"/>
					</TextLine>
					<TextLine ID="P2_TL00009" HPOS="218" VPOS="907" WIDTH="1565" HEIGHT="69">
						<String ID="P2_ST00063" HPOS="218" VPOS="909" WIDTH="226" HEIGHT="50" CONTENT="Tonsätze" WC="0.99" CC="03300630"/>
						<SP ID="P2_SP00055" HPOS="444" VPOS="959" WIDTH="30"/>
						<String ID="P2_ST00064" HPOS="474" VPOS="910" WIDTH="228" HEIGHT="66" CONTENT="einfältig," WC="1.00" CC="0000005300"/>
						<SP ID="P2_SP00056" HPOS="702" VPOS="976" WIDTH="39"/>
						<String ID="P2_ST00065" HPOS="741" VPOS="910" WIDTH="43" HEIGHT="50" CONTENT="d." WC="0.85" CC="02"/>
						<SP ID="P2_SP00057" HPOS="784" VPOS="976" WIDTH="33"/>
						<String ID="P2_ST00066" HPOS="817" VPOS="910" WIDTH="42" HEIGHT="51" CONTENT="b." WC="0.41" CC="74"/>
						<SP ID="P2_SP00058" HPOS="859" VPOS="976" WIDTH="38"/>
						<String ID="P2_ST00067" HPOS="897" VPOS="909" WIDTH="124" HEIGHT="51" CONTENT="ohne" WC="0.97" CC="0750"/>
						<SP ID="P2_SP00059" HPOS="1021" VPOS="976" WIDTH="40"/>
						<String ID="P2_ST00068" HPOS="1061" VPOS="909" WIDTH="255" HEIGHT="66" CONTENT="gesuchten" WC="0.99" CC="004007600"/>
						<SP ID="P2_SP00060" HPOS="1316" VPOS="976" WIDTH="32"/>
						<String ID="P2_ST00069" HPOS="1348" VPOS="907" WIDTH="250" HEIGHT="52" CONTENT="Ausdruck" WC="0.99" CC="33303311"/>
						<SP ID="P2_SP00061" HPOS="1598" VPOS="976" WIDTH="30"/>
						<String ID="P2_ST00070" HPOS="1628" VPOS="908" WIDTH="44" HEIGHT="48" CONTENT="in" WC="0.71" CC="50"/>
						<SP ID="P2_SP00062" HPOS="1672" VPOS="976" WIDTH="31"/>
						<String ID="P2_ST00071" HPOS="1703" VPOS="924" WIDTH="54" HEIGHT="50" CONTENT="ge" SUBS_TYPE="HypPart1" SUBS_CONTENT="gesunder" WC="0.96" CC="90"/>
						<HYP HPOS="1757" VPOS="924" WIDTH="26" CONTENT="-"/>
					</TextLine>
					<TextLine ID="P2_TL00010" HPOS="217" VPOS="988" WIDTH="1567" HEIGHT="67">
						<String ID="P2_ST00072" HPOS="217" VPOS="989" WIDTH="175" HEIGHT="50" CONTENT="sunder" SUBS_TYPE="HypPart2" SUBS_CONTENT="gesunder" WC="0.99" CC="005002"/>
						<SP ID="P2_SP00063" HPOS="392" VPOS="1039" WIDTH="28"/>
						<String ID="P2_ST00073" HPOS="420" VPOS="990" WIDTH="307" HEIGHT="50" CONTENT="Tonreinheit" WC="0.99" CC="01500444202"/>
						<SP ID="P2_SP00064" HPOS="727" VPOS="1040" WIDTH="29"/>
						<String ID="P2_ST00074" HPOS="756" VPOS="989" WIDTH="94" HEIGHT="51" CONTENT="und" WC="0.95" CC="560"/>
						<SP ID="P2_SP00065" HPOS="850" VPOS="1040" WIDTH="32"/>
						<String ID="P2_ST00075" HPOS="882" VPOS="990" WIDTH="155" HEIGHT="50" CONTENT="klarer" WC="0.98" CC="008014"/>
						<SP ID="P2_SP00066" HPOS="1037" VPOS="1040" WIDTH="31"/>
						<String ID="P2_ST00076" HPOS="1068" VPOS="989" WIDTH="255" HEIGHT="66" CONTENT="Rhythmik" WC="0.99" CC="00666500"/>
						<SP ID="P2_SP00067" HPOS="1323" VPOS="1055" WIDTH="32"/>
						<String ID="P2_ST00077" HPOS="1355" VPOS="988" WIDTH="279" HEIGHT="65" CONTENT="vorgeführt" WC="0.99" CC="0350035606"/>
						<SP ID="P2_SP00068" HPOS="1634" VPOS="1055" WIDTH="30"/>
						<String ID="P2_ST00078" HPOS="1664" VPOS="1004" WIDTH="90" HEIGHT="32" CONTENT="wer" SUBS_TYPE="HypPart1" SUBS_CONTENT="werden;" WC="0.99" CC="003"/>
						<HYP HPOS="1754" VPOS="1004" WIDTH="30" CONTENT="-"/>
					</TextLine>
					<TextLine ID="P2_TL00011" HPOS="220" VPOS="1065" WIDTH="1565" HEIGHT="70">
						<String ID="P2_ST00079" HPOS="220" VPOS="1067" WIDTH="116" HEIGHT="59" CONTENT="den;" SUBS_TYPE="HypPart2" SUBS_CONTENT="werden;" WC="0.97" CC="7053"/>
						<SP ID="P2_SP00069" HPOS="336" VPOS="1126" WIDTH="44"/>
						<String ID="P2_ST00080" HPOS="380" VPOS="1069" WIDTH="87" HEIGHT="50" CONTENT="alle" WC="0.97" CC="5053"/>
						<SP ID="P2_SP00070" HPOS="467" VPOS="1126" WIDTH="32"/>
						<String ID="P2_ST00081" HPOS="499" VPOS="1069" WIDTH="342" HEIGHT="50" CONTENT="Künstlichkeit" WC="0.99" CC="9010500050224"/>
						<SP ID="P2_SP00071" HPOS="841" VPOS="1126" WIDTH="39"/>
						<String ID="P2_ST00082" HPOS="880" VPOS="1069" WIDTH="82" HEIGHT="50" CONTENT="der" WC="0.99" CC="003"/>
						<SP ID="P2_SP00072" HPOS="962" VPOS="1126" WIDTH="39"/>
						<String ID="P2_ST00083" HPOS="1001" VPOS="1069" WIDTH="356" HEIGHT="50" CONTENT="sentimentalen" WC="0.99" CC="4002073567001"/>
						<SP ID="P2_SP00073" HPOS="1357" VPOS="1126" WIDTH="32"/>
						<String ID="P2_ST00084" HPOS="1389" VPOS="1065" WIDTH="236" HEIGHT="70" CONTENT="Dynamik" WC="0.99" CC="1600004"/>
						<SP ID="P2_SP00074" HPOS="1625" VPOS="1135" WIDTH="43"/>
						<String ID="P2_ST00085" HPOS="1668" VPOS="1065" WIDTH="117" HEIGHT="51" CONTENT="wird" WC="1.00" CC="0000"/>
					</TextLine>
					<TextLine ID="P2_TL00012" HPOS="219" VPOS="1145" WIDTH="1566" HEIGHT="71">
						<String ID="P2_ST00086" HPOS="219" VPOS="1164" WIDTH="57" HEIGHT="33" CONTENT="zu" WC="0.64" CC="07"/>
						<SP ID="P2_SP00075" HPOS="276" VPOS="1197" WIDTH="21"/>
						<String ID="P2_ST00087" HPOS="297" VPOS="1147" WIDTH="251" HEIGHT="50" CONTENT="Schanden" WC="0.99" CC="06600002"/>
						<SP ID="P2_SP00076" HPOS="548" VPOS="1197" WIDTH="22"/>
						<String ID="P2_ST00088" HPOS="570" VPOS="1166" WIDTH="81" HEIGHT="33" CONTENT="vor" WC="0.96" CC="054"/>
						<SP ID="P2_SP00077" HPOS="651" VPOS="1199" WIDTH="16"/>
						<String ID="P2_ST00089" HPOS="667" VPOS="1149" WIDTH="134" HEIGHT="67" CONTENT="jener" WC="0.99" CC="30600"/>
						<SP ID="P2_SP00078" HPOS="801" VPOS="1216" WIDTH="23"/>
						<String ID="P2_ST00090" HPOS="824" VPOS="1148" WIDTH="242" HEIGHT="51" CONTENT="einfachen" WC="0.99" CC="016550704"/>
						<SP ID="P2_SP00079" HPOS="1066" VPOS="1216" WIDTH="26"/>
						<String ID="P2_ST00091" HPOS="1092" VPOS="1148" WIDTH="190" HEIGHT="58" CONTENT="Grösse," WC="1.00" CC="0004004"/>
						<SP ID="P2_SP00080" HPOS="1282" VPOS="1216" WIDTH="29"/>
						<String ID="P2_ST00092" HPOS="1311" VPOS="1147" WIDTH="75" HEIGHT="50" CONTENT="die" WC="1.00" CC="000"/>
						<SP ID="P2_SP00081" HPOS="1386" VPOS="1216" WIDTH="28"/>
						<String ID="P2_ST00093" HPOS="1414" VPOS="1148" WIDTH="134" HEIGHT="48" CONTENT="ihren" WC="0.98" CC="06102"/>
						<SP ID="P2_SP00082" HPOS="1548" VPOS="1216" WIDTH="30"/>
						<String ID="P2_ST00094" HPOS="1578" VPOS="1145" WIDTH="207" HEIGHT="68" CONTENT="Vortrag" WC="0.99" CC="0055000"/>
					</TextLine>
					<TextLine ID="P2_TL00013" HPOS="217" VPOS="1227" WIDTH="1567" HEIGHT="68">
						<String ID="P2_ST00095" HPOS="217" VPOS="1228" WIDTH="48" HEIGHT="48" CONTENT="in" WC="0.72" CC="13"/>
						<SP ID="P2_SP00083" HPOS="265" VPOS="1276" WIDTH="28"/>
						<String ID="P2_ST00096" HPOS="293" VPOS="1227" WIDTH="96" HEIGHT="49" CONTENT="sich" WC="0.98" CC="0006"/>
						<SP ID="P2_SP00084" HPOS="389" VPOS="1276" WIDTH="31"/>
						<String ID="P2_ST00097" HPOS="420" VPOS="1228" WIDTH="143" HEIGHT="49" CONTENT="selbst" WC="0.99" CC="005030"/>
						<SP ID="P2_SP00085" HPOS="563" VPOS="1277" WIDTH="28"/>
						<String ID="P2_ST00098" HPOS="591" VPOS="1233" WIDTH="140" HEIGHT="62" CONTENT="trägt," WC="1.00" CC="000002"/>
						<SP ID="P2_SP00086" HPOS="731" VPOS="1295" WIDTH="30"/>
						<String ID="P2_ST00099" HPOS="761" VPOS="1228" WIDTH="103" HEIGHT="51" CONTENT="weil" WC="1.00" CC="0001"/>
						<SP ID="P2_SP00087" HPOS="864" VPOS="1295" WIDTH="31"/>
						<String ID="P2_ST00100" HPOS="895" VPOS="1228" WIDTH="101" HEIGHT="49" CONTENT="ihre" WC="0.98" CC="0630"/>
						<SP ID="P2_SP00088" HPOS="996" VPOS="1295" WIDTH="25"/>
						<String ID="P2_ST00101" HPOS="1021" VPOS="1228" WIDTH="243" HEIGHT="66" CONTENT="Tonlagen" WC="0.99" CC="01644002"/>
						<SP ID="P2_SP00089" HPOS="1264" VPOS="1295" WIDTH="26"/>
						<String ID="P2_ST00102" HPOS="1290" VPOS="1227" WIDTH="95" HEIGHT="49" CONTENT="und" WC="0.95" CC="650"/>
						<SP ID="P2_SP00090" HPOS="1385" VPOS="1295" WIDTH="23"/>
						<String ID="P2_ST00103" HPOS="1408" VPOS="1227" WIDTH="345" HEIGHT="49" CONTENT="Stimmführun" SUBS_TYPE="HypPart1" SUBS_CONTENT="Stimmführungen," WC="0.99" CC="41057690267"/>
						<HYP HPOS="1753" VPOS="1227" WIDTH="31" CONTENT="-"/>
					</TextLine>
					<TextLine ID="P2_TL00014" HPOS="218" VPOS="1305" WIDTH="1570" HEIGHT="70">
						<String ID="P2_ST00104" HPOS="218" VPOS="1324" WIDTH="109" HEIGHT="51" CONTENT="gen," SUBS_TYPE="HypPart2" SUBS_CONTENT="Stimmführungen," WC="0.99" CC="3000"/>
						<SP ID="P2_SP00091" HPOS="327" VPOS="1375" WIDTH="43"/>
						<String ID="P2_ST00105" HPOS="370" VPOS="1308" WIDTH="270" HEIGHT="67" CONTENT="überhaupt" WC="1.00" CC="000230002"/>
						<SP ID="P2_SP00092" HPOS="640" VPOS="1375" WIDTH="50"/>
						<String ID="P2_ST00106" HPOS="690" VPOS="1309" WIDTH="101" HEIGHT="48" CONTENT="ihre" WC="0.98" CC="0560"/>
						<SP ID="P2_SP00093" HPOS="791" VPOS="1375" WIDTH="50"/>
						<String ID="P2_ST00107" HPOS="841" VPOS="1315" WIDTH="261" HEIGHT="60" CONTENT="gesammte" WC="0.76" CC="00507410"/>
						<SP ID="P2_SP00094" HPOS="1102" VPOS="1375" WIDTH="42"/>
						<String ID="P2_ST00108" HPOS="1144" VPOS="1307" WIDTH="395" HEIGHT="50" CONTENT="Tonbildlicbkeit" WC="0.79" CC="040046040330103"/>
						<SP ID="P2_SP00095" HPOS="1539" VPOS="1375" WIDTH="43"/>
						<String ID="P2_ST00109" HPOS="1582" VPOS="1307" WIDTH="85" HEIGHT="49" CONTENT="auf" WC="0.98" CC="040"/>
						<SP ID="P2_SP00096" HPOS="1667" VPOS="1375" WIDTH="37"/>
						<String ID="P2_ST00110" HPOS="1704" VPOS="1305" WIDTH="84" HEIGHT="51" CONTENT="der" WC="0.98" CC="004"/>
					</TextLine>
					<TextLine ID="P2_TL00015" HPOS="218" VPOS="1385" WIDTH="1566" HEIGHT="69">
						<String ID="P2_ST00111" HPOS="218" VPOS="1387" WIDTH="297" HEIGHT="50" CONTENT="natürlichen" WC="0.99" CC="50202110603"/>
						<SP ID="P2_SP00097" HPOS="515" VPOS="1437" WIDTH="32"/>
						<String ID="P2_ST00112" HPOS="547" VPOS="1388" WIDTH="322" HEIGHT="66" CONTENT="Tonordnung" WC="1.00" CC="0050306000"/>
						<SP ID="P2_SP00098" HPOS="869" VPOS="1454" WIDTH="42"/>
						<String ID="P2_ST00113" HPOS="911" VPOS="1387" WIDTH="190" HEIGHT="58" CONTENT="beruht," WC="1.00" CC="4000000"/>
						<SP ID="P2_SP00099" HPOS="1101" VPOS="1454" WIDTH="44"/>
						<String ID="P2_ST00114" HPOS="1145" VPOS="1387" WIDTH="74" HEIGHT="49" CONTENT="die" WC="1.00" CC="000"/>
						<SP ID="P2_SP00100" HPOS="1219" VPOS="1454" WIDTH="44"/>
						<String ID="P2_ST00115" HPOS="1263" VPOS="1387" WIDTH="112" HEIGHT="49" CONTENT="aller" WC="0.99" CC="50000"/>
						<SP ID="P2_SP00101" HPOS="1375" VPOS="1454" WIDTH="43"/>
						<String ID="P2_ST00116" HPOS="1418" VPOS="1385" WIDTH="366" HEIGHT="50" CONTENT="künstlerischen" WC="1.00" CC="00215600040600"/>
					</TextLine>
					<TextLine ID="P2_TL00016" HPOS="222" VPOS="1465" WIDTH="1566" HEIGHT="68">
						<String ID="P2_ST00117" HPOS="222" VPOS="1465" WIDTH="296" HEIGHT="68" CONTENT="Ordnungen" WC="0.99" CC="040605005"/>
						<SP ID="P2_SP00102" HPOS="518" VPOS="1533" WIDTH="34"/>
						<String ID="P2_ST00118" HPOS="552" VPOS="1467" WIDTH="324" HEIGHT="66" CONTENT="Hintergrund" WC="0.99" CC="73540406000"/>
						<SP ID="P2_SP00103" HPOS="876" VPOS="1533" WIDTH="38"/>
						<String ID="P2_ST00119" HPOS="914" VPOS="1468" WIDTH="72" HEIGHT="56" CONTENT="ist," WC="0.99" CC="0230"/>
						<SP ID="P2_SP00104" HPOS="986" VPOS="1533" WIDTH="51"/>
						<String ID="P2_ST00120" HPOS="1037" VPOS="1465" WIDTH="94" HEIGHT="51" CONTENT="und" WC="0.97" CC="610"/>
						<SP ID="P2_SP00105" HPOS="1131" VPOS="1533" WIDTH="43"/>
						<String ID="P2_ST00121" HPOS="1174" VPOS="1465" WIDTH="165" HEIGHT="51" CONTENT="darum" WC="0.98" CC="00046"/>
						<SP ID="P2_SP00106" HPOS="1339" VPOS="1533" WIDTH="41"/>
						<String ID="P2_ST00122" HPOS="1380" VPOS="1465" WIDTH="155" HEIGHT="59" CONTENT="wirkt," WC="0.98" CC="930052"/>
						<SP ID="P2_SP00107" HPOS="1535" VPOS="1533" WIDTH="43"/>
						<String ID="P2_ST00123" HPOS="1578" VPOS="1482" WIDTH="97" HEIGHT="33" CONTENT="was" WC="1.00" CC="000"/>
						<SP ID="P2_SP00108" HPOS="1675" VPOS="1533" WIDTH="47"/>
						<String ID="P2_ST00124" HPOS="1722" VPOS="1465" WIDTH="66" HEIGHT="50" CONTENT="sie" WC="0.99" CC="030"/>
					</TextLine>
					<TextLine ID="P2_TL00017" HPOS="224" VPOS="1544" WIDTH="1562" HEIGHT="67">
						<String ID="P2_ST00125" HPOS="224" VPOS="1545" WIDTH="102" HEIGHT="60" CONTENT="soll," WC="0.99" CC="20121"/>
						<SP ID="P2_SP00109" HPOS="326" VPOS="1605" WIDTH="42"/>
						<String ID="P2_ST00126" HPOS="368" VPOS="1545" WIDTH="147" HEIGHT="51" CONTENT="daher" WC="0.99" CC="03600"/>
						<SP ID="P2_SP00110" HPOS="515" VPOS="1605" WIDTH="36"/>
						<String ID="P2_ST00127" HPOS="551" VPOS="1548" WIDTH="122" HEIGHT="48" CONTENT="denn" WC="0.99" CC="0006"/>
						<SP ID="P2_SP00111" HPOS="673" VPOS="1605" WIDTH="34"/>
						<String ID="P2_ST00128" HPOS="707" VPOS="1547" WIDTH="160" HEIGHT="50" CONTENT="Hohes" WC="0.99" CC="70100"/>
						<SP ID="P2_SP00112" HPOS="867" VPOS="1605" WIDTH="44"/>
						<String ID="P2_ST00129" HPOS="911" VPOS="1545" WIDTH="93" HEIGHT="51" CONTENT="und" WC="1.00" CC="000"/>
						<SP ID="P2_SP00113" HPOS="1004" VPOS="1605" WIDTH="38"/>
						<String ID="P2_ST00130" HPOS="1042" VPOS="1545" WIDTH="243" HEIGHT="60" CONTENT="Niederes," WC="1.00" CC="000004060"/>
						<SP ID="P2_SP00114" HPOS="1285" VPOS="1605" WIDTH="38"/>
						<String ID="P2_ST00131" HPOS="1323" VPOS="1544" WIDTH="325" HEIGHT="67" CONTENT="Aufschwung" WC="1.00" CC="5000060200"/>
						<SP ID="P2_SP00115" HPOS="1648" VPOS="1611" WIDTH="43"/>
						<String ID="P2_ST00132" HPOS="1691" VPOS="1544" WIDTH="95" HEIGHT="50" CONTENT="und" WC="0.96" CC="650"/>
					</TextLine>
					<TextLine ID="P2_TL00018" HPOS="226" VPOS="1624" WIDTH="1559" HEIGHT="60">
						<String ID="P2_ST00133" HPOS="226" VPOS="1624" WIDTH="208" HEIGHT="51" CONTENT="Demuth" WC="0.77" CC="014051"/>
						<SP ID="P2_SP00116" HPOS="434" VPOS="1675" WIDTH="32"/>
						<String ID="P2_ST00134" HPOS="466" VPOS="1642" WIDTH="85" HEIGHT="34" CONTENT="von" WC="0.98" CC="022"/>
						<SP ID="P2_SP00117" HPOS="551" VPOS="1676" WIDTH="30"/>
						<String ID="P2_ST00135" HPOS="581" VPOS="1627" WIDTH="142" HEIGHT="48" CONTENT="selbst" WC="0.99" CC="106401"/>
						<SP ID="P2_SP00118" HPOS="723" VPOS="1676" WIDTH="31"/>
						<String ID="P2_ST00136" HPOS="754" VPOS="1625" WIDTH="314" HEIGHT="51" CONTENT="vernehmlich" WC="0.99" CC="00020665006"/>
						<SP ID="P2_SP00119" HPOS="1068" VPOS="1676" WIDTH="31"/>
						<String ID="P2_ST00137" HPOS="1099" VPOS="1624" WIDTH="135" HEIGHT="60" CONTENT="wird," WC="0.98" CC="90003"/>
						<SP ID="P2_SP00120" HPOS="1234" VPOS="1684" WIDTH="42"/>
						<String ID="P2_ST00138" HPOS="1276" VPOS="1624" WIDTH="164" HEIGHT="52" CONTENT="sobald" WC="0.99" CC="036000"/>
						<SP ID="P2_SP00121" HPOS="1440" VPOS="1684" WIDTH="29"/>
						<String ID="P2_ST00139" HPOS="1469" VPOS="1642" WIDTH="109" HEIGHT="33" CONTENT="man" WC="0.95" CC="516"/>
						<SP ID="P2_SP00122" HPOS="1578" VPOS="1684" WIDTH="31"/>
						<String ID="P2_ST00140" HPOS="1609" VPOS="1624" WIDTH="176" HEIGHT="51" CONTENT="ehrlich" WC="0.99" CC="0053007"/>
					</TextLine>
					<TextLine ID="P2_TL00019" HPOS="226" VPOS="1704" WIDTH="1560" HEIGHT="67">
						<String ID="P2_ST00141" HPOS="226" VPOS="1705" WIDTH="138" HEIGHT="66" CONTENT="singt," WC="0.98" CC="006904"/>
						<SP ID="P2_SP00123" HPOS="364" VPOS="1771" WIDTH="41"/>
						<String ID="P2_ST00142" HPOS="405" VPOS="1722" WIDTH="96" HEIGHT="33" CONTENT="was" WC="0.95" CC="912"/>
						<SP ID="P2_SP00124" HPOS="501" VPOS="1771" WIDTH="37"/>
						<String ID="P2_ST00143" HPOS="538" VPOS="1705" WIDTH="307" HEIGHT="66" CONTENT="geschrieben" WC="0.99" CC="40504200403"/>
						<SP ID="P2_SP00125" HPOS="845" VPOS="1771" WIDTH="40"/>
						<String ID="P2_ST00144" HPOS="885" VPOS="1707" WIDTH="136" HEIGHT="48" CONTENT="steht." WC="0.99" CC="400064"/>
						<SP ID="P2_SP00126" HPOS="1021" VPOS="1771" WIDTH="57"/>
						<String ID="P2_ST00145" HPOS="1078" VPOS="1707" WIDTH="119" HEIGHT="48" CONTENT="Dass" WC="0.95" CC="1000"/>
						<SP ID="P2_SP00127" HPOS="1197" VPOS="1771" WIDTH="42"/>
						<String ID="P2_ST00146" HPOS="1239" VPOS="1722" WIDTH="47" HEIGHT="33" CONTENT="es" WC="1.00" CC="00"/>
						<SP ID="P2_SP00128" HPOS="1286" VPOS="1771" WIDTH="42"/>
						<String ID="P2_ST00147" HPOS="1328" VPOS="1704" WIDTH="94" HEIGHT="51" CONTENT="sich" WC="0.96" CC="6307"/>
						<SP ID="P2_SP00129" HPOS="1422" VPOS="1771" WIDTH="46"/>
						<String ID="P2_ST00148" HPOS="1468" VPOS="1721" WIDTH="50" HEIGHT="34" CONTENT="so" WC="0.64" CC="15"/>
						<SP ID="P2_SP00130" HPOS="1518" VPOS="1771" WIDTH="44"/>
						<String ID="P2_ST00149" HPOS="1562" VPOS="1704" WIDTH="224" HEIGHT="57" CONTENT="verhalte," WC="0.99" CC="300705003"/>
					</TextLine>
					<TextLine ID="P2_TL00020" HPOS="223" VPOS="1782" WIDTH="1562" HEIGHT="69">
						<String ID="P2_ST00150" HPOS="223" VPOS="1801" WIDTH="126" HEIGHT="33" CONTENT="muss" WC="0.53" CC="5525"/>
						<SP ID="P2_SP00131" HPOS="349" VPOS="1834" WIDTH="31"/>
						<String ID="P2_ST00151" HPOS="380" VPOS="1801" WIDTH="110" HEIGHT="34" CONTENT="man" WC="0.96" CC="505"/>
						<SP ID="P2_SP00132" HPOS="490" VPOS="1835" WIDTH="39"/>
						<String ID="P2_ST00152" HPOS="529" VPOS="1785" WIDTH="253" HEIGHT="66" CONTENT="erproben," WC="0.99" CC="051046000"/>
						<SP ID="P2_SP00133" HPOS="782" VPOS="1851" WIDTH="39"/>
						<String ID="P2_ST00153" HPOS="821" VPOS="1785" WIDTH="240" HEIGHT="51" CONTENT="entweder" WC="0.99" CC="05090001"/>
						<SP ID="P2_SP00134" HPOS="1061" VPOS="1851" WIDTH="37"/>
						<String ID="P2_ST00154" HPOS="1098" VPOS="1802" WIDTH="60" HEIGHT="33" CONTENT="an" WC="0.50" CC="36"/>
						<SP ID="P2_SP00135" HPOS="1158" VPOS="1851" WIDTH="37"/>
						<String ID="P2_ST00155" HPOS="1195" VPOS="1784" WIDTH="195" HEIGHT="67" CONTENT="heiliger" WC="0.99" CC="60002005"/>
						<SP ID="P2_SP00136" HPOS="1390" VPOS="1851" WIDTH="28"/>
						<String ID="P2_ST00156" HPOS="1418" VPOS="1784" WIDTH="150" HEIGHT="50" CONTENT="Stätte" WC="0.99" CC="300520"/>
						<SP ID="P2_SP00137" HPOS="1568" VPOS="1851" WIDTH="28"/>
						<String ID="P2_ST00157" HPOS="1596" VPOS="1782" WIDTH="115" HEIGHT="52" CONTENT="oder" WC="0.98" CC="2005"/>
						<SP ID="P2_SP00138" HPOS="1711" VPOS="1851" WIDTH="28"/>
						<String ID="P2_ST00158" HPOS="1739" VPOS="1783" WIDTH="46" HEIGHT="49" CONTENT="in" WC="0.75" CC="22"/>
					</TextLine>
					<TextLine ID="P2_TL00021" HPOS="220" VPOS="1863" WIDTH="1565" HEIGHT="53">
						<String ID="P2_ST00159" HPOS="220" VPOS="1864" WIDTH="143" HEIGHT="50" CONTENT="stiller" WC="0.99" CC="3420206"/>
						<SP ID="P2_SP00139" HPOS="363" VPOS="1914" WIDTH="30"/>
						<String ID="P2_ST00160" HPOS="393" VPOS="1865" WIDTH="325" HEIGHT="50" CONTENT="Häuslichkeit" WC="0.99" CC="603052060005"/>
						<SP ID="P2_SP00140" HPOS="718" VPOS="1915" WIDTH="121"/>
						<String ID="P2_ST00161" HPOS="839" VPOS="1883" WIDTH="90" HEIGHT="33" CONTENT="nur" WC="0.98" CC="203"/>
						<SP ID="P2_SP00141" HPOS="929" VPOS="1916" WIDTH="39"/>
						<String ID="P2_ST00162" HPOS="968" VPOS="1864" WIDTH="129" HEIGHT="51" CONTENT="nicht" WC="0.99" CC="00232"/>
						<SP ID="P2_SP00142" HPOS="1097" VPOS="1916" WIDTH="37"/>
						<String ID="P2_ST00163" HPOS="1134" VPOS="1865" WIDTH="61" HEIGHT="49" CONTENT="im" WC="0.67" CC="06"/>
						<SP ID="P2_SP00143" HPOS="1195" VPOS="1916" WIDTH="41"/>
						<String ID="P2_ST00164" HPOS="1236" VPOS="1863" WIDTH="294" HEIGHT="52" CONTENT="blendenden" WC="0.99" CC="4545044016"/>
						<SP ID="P2_SP00144" HPOS="1530" VPOS="1916" WIDTH="32"/>
						<String ID="P2_ST00165" HPOS="1562" VPOS="1864" WIDTH="196" HEIGHT="50" CONTENT="Concert" SUBS_TYPE="HypPart1" SUBS_CONTENT="Concertsaale," WC="0.74" CC="5040307"/>
						<HYP HPOS="1758" VPOS="1864" WIDTH="27" CONTENT="-"/>
					</TextLine>
					<TextLine ID="P2_TL00022" HPOS="222" VPOS="1942" WIDTH="1566" HEIGHT="71">
						<String ID="P2_ST00166" HPOS="222" VPOS="1944" WIDTH="141" HEIGHT="59" CONTENT="saale," SUBS_TYPE="HypPart2" SUBS_CONTENT="Concertsaale," WC="0.92" CC="130000"/>
						<SP ID="P2_SP00145" HPOS="363" VPOS="2003" WIDTH="50"/>
						<String ID="P2_ST00167" HPOS="413" VPOS="1961" WIDTH="75" HEIGHT="33" CONTENT="wo" WC="0.34" CC="93"/>
						<SP ID="P2_SP00146" HPOS="488" VPOS="2003" WIDTH="32"/>
						<String ID="P2_ST00168" HPOS="520" VPOS="1943" WIDTH="81" HEIGHT="51" CONTENT="das" WC="1.00" CC="001"/>
						<SP ID="P2_SP00147" HPOS="601" VPOS="2003" WIDTH="40"/>
						<String ID="P2_ST00169" HPOS="641" VPOS="1944" WIDTH="207" HEIGHT="69" CONTENT="typische" WC="1.00" CC="00004060"/>
						<SP ID="P2_SP00148" HPOS="848" VPOS="2013" WIDTH="29"/>
						<String ID="P2_ST00170" HPOS="877" VPOS="1943" WIDTH="323" HEIGHT="68" CONTENT="Applaudiren" WC="0.88" CC="50030000005"/>
						<SP ID="P2_SP00149" HPOS="1200" VPOS="2013" WIDTH="42"/>
						<String ID="P2_ST00171" HPOS="1242" VPOS="1944" WIDTH="260" HEIGHT="67" CONTENT="gebildeter" WC="0.99" CC="8050302100"/>
						<SP ID="P2_SP00150" HPOS="1502" VPOS="2013" WIDTH="29"/>
						<String ID="P2_ST00172" HPOS="1531" VPOS="1942" WIDTH="257" HEIGHT="52" CONTENT="Thebaner" WC="0.74" CC="00266003"/>
					</TextLine>
					<TextLine ID="P2_TL00023" HPOS="222" VPOS="2022" WIDTH="1566" HEIGHT="69">
						<String ID="P2_ST00173" HPOS="222" VPOS="2023" WIDTH="119" HEIGHT="49" CONTENT="allen" WC="1.00" CC="00000"/>
						<SP ID="P2_SP00151" HPOS="341" VPOS="2072" WIDTH="41"/>
						<String ID="P2_ST00174" HPOS="382" VPOS="2024" WIDTH="338" HEIGHT="67" CONTENT="Kunst-Typus" WC="0.99" CC="52720100004"/>
						<SP ID="P2_SP00152" HPOS="720" VPOS="2091" WIDTH="41"/>
						<String ID="P2_ST00175" HPOS="761" VPOS="2024" WIDTH="246" HEIGHT="66" CONTENT="gründlich" WC="1.00" CC="000004006"/>
						<SP ID="P2_SP00153" HPOS="1007" VPOS="2091" WIDTH="43"/>
						<String ID="P2_ST00176" HPOS="1050" VPOS="2028" WIDTH="209" HEIGHT="47" CONTENT="zerstört." WC="0.99" CC="202400113"/>
						<SP ID="P2_SP00154" HPOS="1259" VPOS="2091" WIDTH="135"/>
						<String ID="P2_ST00177" HPOS="1394" VPOS="2024" WIDTH="90" HEIGHT="50" CONTENT="Die" WC="0.97" CC="430"/>
						<SP ID="P2_SP00155" HPOS="1484" VPOS="2091" WIDTH="42"/>
						<String ID="P2_ST00178" HPOS="1526" VPOS="2022" WIDTH="262" HEIGHT="68" CONTENT="typische" WC="0.99" CC="09015071"/>
					</TextLine>
					<TextLine ID="P2_TL00024" HPOS="223" VPOS="2102" WIDTH="1562" HEIGHT="67">
						<String ID="P2_ST00179" HPOS="223" VPOS="2102" WIDTH="281" HEIGHT="67" CONTENT="Objectiv" WC="0.57" CC="52104774"/>
						<SP ID="P2_SP00156" HPOS="504" VPOS="2169" WIDTH="12"/>
						<String ID="P2_ST00180" HPOS="516" VPOS="2104" WIDTH="111" HEIGHT="48" CONTENT="ität" WC="0.79" CC="0205"/>
						<SP ID="P2_SP00157" HPOS="627" VPOS="2169" WIDTH="52"/>
						<String ID="P2_ST00181" HPOS="679" VPOS="2103" WIDTH="80" HEIGHT="49" CONTENT="des" WC="0.98" CC="005"/>
						<SP ID="P2_SP00158" HPOS="759" VPOS="2169" WIDTH="43"/>
						<String ID="P2_ST00182" HPOS="802" VPOS="2103" WIDTH="292" HEIGHT="56" CONTENT="Ausdrucks," WC="0.99" CC="5400050031"/>
						<SP ID="P2_SP00159" HPOS="1094" VPOS="2169" WIDTH="57"/>
						<String ID="P2_ST00183" HPOS="1151" VPOS="2103" WIDTH="89" HEIGHT="49" CONTENT="wie" WC="1.00" CC="000"/>
						<SP ID="P2_SP00160" HPOS="1240" VPOS="2169" WIDTH="47"/>
						<String ID="P2_ST00184" HPOS="1287" VPOS="2104" WIDTH="65" HEIGHT="48" CONTENT="sie" WC="1.00" CC="000"/>
						<SP ID="P2_SP00161" HPOS="1352" VPOS="2169" WIDTH="48"/>
						<String ID="P2_ST00185" HPOS="1400" VPOS="2103" WIDTH="84" HEIGHT="49" CONTENT="der" WC="0.99" CC="003"/>
						<SP ID="P2_SP00162" HPOS="1484" VPOS="2169" WIDTH="48"/>
						<String ID="P2_ST00186" HPOS="1532" VPOS="2102" WIDTH="253" HEIGHT="49" CONTENT="kirchliche" WC="0.99" CC="6030660060"/>
					</TextLine>
					<TextLine ID="P2_TL00025" HPOS="226" VPOS="2182" WIDTH="1558" HEIGHT="61">
						<String ID="P2_ST00187" HPOS="226" VPOS="2183" WIDTH="129" HEIGHT="49" CONTENT="Geist" WC="0.98" CC="10056"/>
						<SP ID="P2_SP00163" HPOS="355" VPOS="2232" WIDTH="29"/>
						<String ID="P2_ST00188" HPOS="384" VPOS="2184" WIDTH="118" HEIGHT="48" CONTENT="auch" WC="0.99" CC="0004"/>
						<SP ID="P2_SP00164" HPOS="502" VPOS="2232" WIDTH="33"/>
						<String ID="P2_ST00189" HPOS="535" VPOS="2184" WIDTH="44" HEIGHT="48" CONTENT="in" WC="0.99" CC="00"/>
						<SP ID="P2_SP00165" HPOS="579" VPOS="2232" WIDTH="31"/>
						<String ID="P2_ST00190" HPOS="610" VPOS="2183" WIDTH="83" HEIGHT="49" CONTENT="der" WC="0.99" CC="010"/>
						<SP ID="P2_SP00166" HPOS="693" VPOS="2232" WIDTH="30"/>
						<String ID="P2_ST00191" HPOS="723" VPOS="2184" WIDTH="304" HEIGHT="50" CONTENT="Architektur" WC="0.99" CC="74000620300"/>
						<SP ID="P2_SP00167" HPOS="1027" VPOS="2234" WIDTH="43"/>
						<String ID="P2_ST00192" HPOS="1070" VPOS="2183" WIDTH="196" HEIGHT="60" CONTENT="fordert," WC="0.99" CC="00000353"/>
						<SP ID="P2_SP00168" HPOS="1266" VPOS="2243" WIDTH="43"/>
						<String ID="P2_ST00193" HPOS="1309" VPOS="2184" WIDTH="56" HEIGHT="48" CONTENT="ist" WC="1.00" CC="000"/>
						<SP ID="P2_SP00169" HPOS="1365" VPOS="2243" WIDTH="44"/>
						<String ID="P2_ST00194" HPOS="1409" VPOS="2183" WIDTH="116" HEIGHT="49" CONTENT="aber" WC="0.99" CC="5000"/>
						<SP ID="P2_SP00170" HPOS="1525" VPOS="2243" WIDTH="43"/>
						<String ID="P2_ST00195" HPOS="1568" VPOS="2182" WIDTH="216" HEIGHT="49" CONTENT="desshalb" WC="0.66" CC="00365074"/>
					</TextLine>
					<TextLine ID="P2_TL00026" HPOS="224" VPOS="2260" WIDTH="1561" HEIGHT="68">
						<String ID="P2_ST00196" HPOS="224" VPOS="2263" WIDTH="121" HEIGHT="48" CONTENT="noch" WC="1.00" CC="1000"/>
						<SP ID="P2_SP00171" HPOS="345" VPOS="2311" WIDTH="46"/>
						<String ID="P2_ST00197" HPOS="391" VPOS="2262" WIDTH="127" HEIGHT="49" CONTENT="nicht" WC="0.98" CC="00174"/>
						<SP ID="P2_SP00172" HPOS="518" VPOS="2311" WIDTH="43"/>
						<String ID="P2_ST00198" HPOS="561" VPOS="2263" WIDTH="246" HEIGHT="60" CONTENT="Starrheit," WC="0.99" CC="5503760124"/>
						<SP ID="P2_SP00173" HPOS="807" VPOS="2323" WIDTH="46"/>
						<String ID="P2_ST00199" HPOS="853" VPOS="2263" WIDTH="152" HEIGHT="58" CONTENT="Kälte," WC="0.98" CC="096303"/>
						<SP ID="P2_SP00174" HPOS="1005" VPOS="2323" WIDTH="45"/>
						<String ID="P2_ST00200" HPOS="1050" VPOS="2262" WIDTH="456" HEIGHT="66" CONTENT="Gleichförmigkeit," WC="1.00" CC="05300500040000074"/>
						<SP ID="P2_SP00175" HPOS="1506" VPOS="2328" WIDTH="56"/>
						<String ID="P2_ST00201" HPOS="1562" VPOS="2260" WIDTH="223" HEIGHT="50" CONTENT="vielmehr" WC="0.98" CC="02079065"/>
					</TextLine>
					<TextLine ID="P2_TL00027" HPOS="222" VPOS="2340" WIDTH="1561" HEIGHT="66">
						<String ID="P2_ST00202" HPOS="222" VPOS="2342" WIDTH="100" HEIGHT="49" CONTENT="tritt" WC="0.98" CC="02662"/>
						<SP ID="P2_SP00176" HPOS="322" VPOS="2391" WIDTH="39"/>
						<String ID="P2_ST00203" HPOS="361" VPOS="2348" WIDTH="112" HEIGHT="43" CONTENT="statt" WC="0.98" CC="60024"/>
						<SP ID="P2_SP00177" HPOS="473" VPOS="2391" WIDTH="42"/>
						<String ID="P2_ST00204" HPOS="515" VPOS="2342" WIDTH="79" HEIGHT="49" CONTENT="des" WC="0.97" CC="051"/>
						<SP ID="P2_SP00178" HPOS="594" VPOS="2391" WIDTH="43"/>
						<String ID="P2_ST00205" HPOS="637" VPOS="2343" WIDTH="263" HEIGHT="55" CONTENT="uniformen" WC="0.98" CC="274056902"/>
						<SP ID="P2_SP00179" HPOS="900" VPOS="2398" WIDTH="33"/>
						<String ID="P2_ST00206" HPOS="933" VPOS="2343" WIDTH="340" HEIGHT="49" CONTENT="Pfaffenthums" WC="1.00" CC="403000360040"/>
						<SP ID="P2_SP00180" HPOS="1273" VPOS="2398" WIDTH="46"/>
						<String ID="P2_ST00207" HPOS="1319" VPOS="2342" WIDTH="91" HEIGHT="49" CONTENT="und" WC="0.97" CC="060"/>
						<SP ID="P2_SP00181" HPOS="1410" VPOS="2398" WIDTH="44"/>
						<String ID="P2_ST00208" HPOS="1454" VPOS="2340" WIDTH="329" HEIGHT="66" CONTENT="gefürchteten" WC="0.75" CC="000904003507"/>
					</TextLine>
					<TextLine ID="P2_TL00028" HPOS="226" VPOS="2419" WIDTH="1560" HEIGHT="52">
						<String ID="P2_ST00209" HPOS="226" VPOS="2420" WIDTH="541" HEIGHT="51" CONTENT="Consistorial-Druckes" WC="0.61" CC="66525602106640950006"/>
						<SP ID="P2_SP00182" HPOS="767" VPOS="2471" WIDTH="69"/>
						<String ID="P2_ST00210" HPOS="836" VPOS="2422" WIDTH="73" HEIGHT="48" CONTENT="die" WC="0.98" CC="004"/>
						<SP ID="P2_SP00183" HPOS="909" VPOS="2471" WIDTH="71"/>
						<String ID="P2_ST00211" HPOS="980" VPOS="2422" WIDTH="146" HEIGHT="49" CONTENT="freie" WC="0.99" CC="31020"/>
						<SP ID="P2_SP00184" HPOS="1126" VPOS="2471" WIDTH="69"/>
						<String ID="P2_ST00212" HPOS="1195" VPOS="2420" WIDTH="436" HEIGHT="51" CONTENT="Besonderheit" WC="1.00" CC="600600000303"/>
						<SP ID="P2_SP00185" HPOS="1631" VPOS="2471" WIDTH="73"/>
						<String ID="P2_ST00213" HPOS="1704" VPOS="2419" WIDTH="82" HEIGHT="50" CONTENT="der" WC="0.99" CC="002"/>
					</TextLine>
					<TextLine ID="P2_TL00029" HPOS="224" VPOS="2499" WIDTH="1562" HEIGHT="67">
						<String ID="P2_ST00214" HPOS="224" VPOS="2500" WIDTH="319" HEIGHT="50" CONTENT="Kunstwerke" WC="1.00" CC="1046000000"/>
						<SP ID="P2_SP00186" HPOS="543" VPOS="2550" WIDTH="30"/>
						<String ID="P2_ST00215" HPOS="573" VPOS="2500" WIDTH="224" HEIGHT="50" CONTENT="ebenfalls" WC="0.99" CC="070560612"/>
						<SP ID="P2_SP00187" HPOS="797" VPOS="2550" WIDTH="43"/>
						<String ID="P2_ST00216" HPOS="840" VPOS="2518" WIDTH="55" HEIGHT="32" CONTENT="zu" WC="0.64" CC="70"/>
						<SP ID="P2_SP00188" HPOS="895" VPOS="2550" WIDTH="32"/>
						<String ID="P2_ST00217" HPOS="927" VPOS="2503" WIDTH="146" HEIGHT="63" CONTENT="Tage," WC="0.98" CC="00904"/>
						<SP ID="P2_SP00189" HPOS="1073" VPOS="2566" WIDTH="44"/>
						<String ID="P2_ST00218" HPOS="1117" VPOS="2500" WIDTH="116" HEIGHT="51" CONTENT="aber" WC="1.00" CC="0000"/>
						<SP ID="P2_SP00190" HPOS="1233" VPOS="2566" WIDTH="42"/>
						<String ID="P2_ST00219" HPOS="1275" VPOS="2502" WIDTH="43" HEIGHT="48" CONTENT="in" WC="0.59" CC="43"/>
						<SP ID="P2_SP00191" HPOS="1318" VPOS="2566" WIDTH="45"/>
						<String ID="P2_ST00220" HPOS="1363" VPOS="2502" WIDTH="127" HEIGHT="48" CONTENT="edler" WC="0.99" CC="00220"/>
						<SP ID="P2_SP00192" HPOS="1490" VPOS="2566" WIDTH="30"/>
						<String ID="P2_ST00221" HPOS="1520" VPOS="2499" WIDTH="266" HEIGHT="65" CONTENT="Erhöhung" WC="0.99" CC="20606130"/>
					</TextLine>
					<TextLine ID="P2_TL00030" HPOS="223" VPOS="2579" WIDTH="1563" HEIGHT="66">
						<String ID="P2_ST00222" HPOS="223" VPOS="2579" WIDTH="84" HEIGHT="51" CONTENT="der" WC="0.96" CC="504"/>
						<SP ID="P2_SP00193" HPOS="307" VPOS="2630" WIDTH="43"/>
						<String ID="P2_ST00223" HPOS="350" VPOS="2579" WIDTH="277" HEIGHT="66" CONTENT="lebendigen" WC="1.00" CC="0050100006"/>
						<SP ID="P2_SP00194" HPOS="627" VPOS="2645" WIDTH="34"/>
						<String ID="P2_ST00224" HPOS="661" VPOS="2580" WIDTH="335" HEIGHT="50" CONTENT="Volksthümer" WC="0.62" CC="32195150604"/>
						<SP ID="P2_SP00195" HPOS="996" VPOS="2645" WIDTH="42"/>
						<String ID="P2_ST00225" HPOS="1038" VPOS="2580" WIDTH="96" HEIGHT="50" CONTENT="und" WC="0.99" CC="020"/>
						<SP ID="P2_SP00196" HPOS="1134" VPOS="2645" WIDTH="36"/>
						<String ID="P2_ST00226" HPOS="1170" VPOS="2580" WIDTH="445" HEIGHT="51" CONTENT="Persönlichkeiten." WC="1.00" CC="30540360030004062"/>
						<SP ID="P2_SP00197" HPOS="1615" VPOS="2645" WIDTH="58"/>
						<String ID="P2_ST00227" HPOS="1673" VPOS="2579" WIDTH="113" HEIGHT="50" CONTENT="Wie" WC="1.00" CC="000"/>
					</TextLine>
					<TextLine ID="P2_TL00031" HPOS="222" VPOS="2658" WIDTH="1562" HEIGHT="53">
						<String ID="P2_ST00228" HPOS="222" VPOS="2677" WIDTH="96" HEIGHT="33" CONTENT="nun" WC="0.96" CC="423"/>
						<SP ID="P2_SP00198" HPOS="318" VPOS="2710" WIDTH="31"/>
						<String ID="P2_ST00229" HPOS="349" VPOS="2659" WIDTH="89" HEIGHT="51" CONTENT="alle" WC="1.00" CC="0000"/>
						<SP ID="P2_SP00199" HPOS="438" VPOS="2710" WIDTH="28"/>
						<String ID="P2_ST00230" HPOS="466" VPOS="2660" WIDTH="182" HEIGHT="50" CONTENT="Künste" WC="1.00" CC="001010"/>
						<SP ID="P2_SP00200" HPOS="648" VPOS="2710" WIDTH="31"/>
						<String ID="P2_ST00231" HPOS="679" VPOS="2660" WIDTH="118" HEIGHT="51" CONTENT="auch" WC="0.97" CC="2606"/>
						<SP ID="P2_SP00201" HPOS="797" VPOS="2711" WIDTH="32"/>
						<String ID="P2_ST00232" HPOS="829" VPOS="2660" WIDTH="62" HEIGHT="50" CONTENT="im" WC="0.65" CC="24"/>
						<SP ID="P2_SP00202" HPOS="891" VPOS="2711" WIDTH="30"/>
						<String ID="P2_ST00233" HPOS="921" VPOS="2659" WIDTH="285" HEIGHT="51" CONTENT="kirchlichen" WC="0.99" CC="05303201602"/>
						<SP ID="P2_SP00203" HPOS="1206" VPOS="2711" WIDTH="33"/>
						<String ID="P2_ST00234" HPOS="1239" VPOS="2659" WIDTH="223" HEIGHT="51" CONTENT="Bereiche" WC="0.99" CC="70003050"/>
						<SP ID="P2_SP00204" HPOS="1462" VPOS="2711" WIDTH="30"/>
						<String ID="P2_ST00235" HPOS="1492" VPOS="2659" WIDTH="81" HEIGHT="51" CONTENT="das" WC="0.98" CC="005"/>
						<SP ID="P2_SP00205" HPOS="1573" VPOS="2711" WIDTH="22"/>
						<String ID="P2_ST00236" HPOS="1595" VPOS="2658" WIDTH="162" HEIGHT="51" CONTENT="Urbild" SUBS_TYPE="HypPart1" SUBS_CONTENT="Urbildliche" WC="0.99" CC="621050"/>
						<HYP HPOS="1757" VPOS="2658" WIDTH="27" CONTENT="-"/>
					</TextLine>
					<TextLine ID="P2_TL00032" HPOS="223" VPOS="2738" WIDTH="1565" HEIGHT="67">
						<String ID="P2_ST00237" HPOS="223" VPOS="2739" WIDTH="118" HEIGHT="50" CONTENT="liche" SUBS_TYPE="HypPart2" SUBS_CONTENT="Urbildliche" WC="0.98" CC="55000"/>
						<SP ID="P2_SP00206" HPOS="341" VPOS="2789" WIDTH="42"/>
						<String ID="P2_ST00238" HPOS="383" VPOS="2739" WIDTH="344" HEIGHT="50" CONTENT="unwillkürlich" WC="0.99" CC="4390570041006"/>
						<SP ID="P2_SP00207" HPOS="727" VPOS="2789" WIDTH="41"/>
						<String ID="P2_ST00239" HPOS="768" VPOS="2739" WIDTH="410" HEIGHT="57" CONTENT="individualisiren," WC="0.77" CC="06000303450205060"/>
						<SP ID="P2_SP00208" HPOS="1178" VPOS="2796" WIDTH="44"/>
						<String ID="P2_ST00240" HPOS="1222" VPOS="2740" WIDTH="126" HEIGHT="49" CONTENT="nicht" WC="0.99" CC="30130"/>
						<SP ID="P2_SP00209" HPOS="1348" VPOS="2796" WIDTH="41"/>
						<String ID="P2_ST00241" HPOS="1389" VPOS="2738" WIDTH="283" HEIGHT="67" CONTENT="umgekehrt" WC="0.98" CC="569000754"/>
						<SP ID="P2_SP00210" HPOS="1672" VPOS="2805" WIDTH="42"/>
						<String ID="P2_ST00242" HPOS="1714" VPOS="2738" WIDTH="74" HEIGHT="49" CONTENT="die" WC="1.00" CC="000"/>
					</TextLine>
					<TextLine ID="P2_TL00033" HPOS="223" VPOS="2817" WIDTH="1567" HEIGHT="69">
						<String ID="P2_ST00243" HPOS="223" VPOS="2818" WIDTH="325" HEIGHT="51" CONTENT="individuellen" WC="0.99" CC="4600300406703"/>
						<SP ID="P2_SP00211" HPOS="548" VPOS="2869" WIDTH="43"/>
						<String ID="P2_ST00244" HPOS="591" VPOS="2818" WIDTH="200" HEIGHT="68" CONTENT="Objecte" WC="0.89" CC="0310010"/>
						<SP ID="P2_SP00212" HPOS="791" VPOS="2886" WIDTH="49"/>
						<String ID="P2_ST00245" HPOS="840" VPOS="2819" WIDTH="277" HEIGHT="50" CONTENT="willkürlich" WC="1.00" CC="00530810000"/>
						<SP ID="P2_SP00213" HPOS="1117" VPOS="2886" WIDTH="48"/>
						<String ID="P2_ST00246" HPOS="1165" VPOS="2819" WIDTH="328" HEIGHT="57" CONTENT="verschönern," WC="0.99" CC="000507000571"/>
						<SP ID="P2_SP00214" HPOS="1493" VPOS="2886" WIDTH="49"/>
						<String ID="P2_ST00247" HPOS="1542" VPOS="2817" WIDTH="248" HEIGHT="50" CONTENT="scheinbar" WC="0.99" CC="207007600"/>
					</TextLine>
					<TextLine ID="P2_TL00034" HPOS="226" VPOS="2895" WIDTH="1562" HEIGHT="69">
						<String ID="P2_ST00248" HPOS="226" VPOS="2897" WIDTH="261" HEIGHT="50" CONTENT="idealisiren" WC="0.66" CC="60095300406"/>
						<SP ID="P2_SP00215" HPOS="487" VPOS="2947" WIDTH="17"/>
						<String ID="P2_ST00249" HPOS="504" VPOS="2898" WIDTH="185" HEIGHT="58" CONTENT="wollen," WC="0.98" CC="0057054"/>
						<SP ID="P2_SP00216" HPOS="689" VPOS="2956" WIDTH="24"/>
						<String ID="P2_ST00250" HPOS="713" VPOS="2898" WIDTH="81" HEIGHT="49" CONTENT="das" WC="1.00" CC="000"/>
						<SP ID="P2_SP00217" HPOS="794" VPOS="2956" WIDTH="22"/>
						<String ID="P2_ST00251" HPOS="816" VPOS="2899" WIDTH="119" HEIGHT="65" CONTENT="zeigt" WC="0.99" CC="50100"/>
						<SP ID="P2_SP00218" HPOS="935" VPOS="2964" WIDTH="22"/>
						<String ID="P2_ST00252" HPOS="957" VPOS="2898" WIDTH="95" HEIGHT="49" CONTENT="sich" WC="1.00" CC="0000"/>
						<SP ID="P2_SP00219" HPOS="1052" VPOS="2964" WIDTH="24"/>
						<String ID="P2_ST00253" HPOS="1076" VPOS="2898" WIDTH="45" HEIGHT="48" CONTENT="in" WC="1.00" CC="00"/>
						<SP ID="P2_SP00220" HPOS="1121" VPOS="2964" WIDTH="24"/>
						<String ID="P2_ST00254" HPOS="1145" VPOS="2897" WIDTH="461" HEIGHT="50" CONTENT="unbeschreiblicher" WC="1.00" CC="66405063103000010"/>
						<SP ID="P2_SP00221" HPOS="1606" VPOS="2964" WIDTH="17"/>
						<String ID="P2_ST00255" HPOS="1623" VPOS="2895" WIDTH="132" HEIGHT="51" CONTENT="Wirk" SUBS_TYPE="HypPart1" SUBS_CONTENT="Wirklichkeit" WC="0.99" CC="0300"/>
						<HYP HPOS="1755" VPOS="2895" WIDTH="33" CONTENT="-"/>
					</TextLine>
					<TextLine ID="P2_TL00035" HPOS="232" VPOS="2977" WIDTH="1556" HEIGHT="68">
						<String ID="P2_ST00256" HPOS="232" VPOS="2977" WIDTH="190" HEIGHT="50" CONTENT="lichkeit" SUBS_TYPE="HypPart2" SUBS_CONTENT="Wirklichkeit" WC="0.99" CC="53071001"/>
						<SP ID="P2_SP00222" HPOS="422" VPOS="3027" WIDTH="30"/>
						<String ID="P2_ST00257" HPOS="452" VPOS="2978" WIDTH="72" HEIGHT="48" CONTENT="bei" WC="0.96" CC="206"/>
						<SP ID="P2_SP00223" HPOS="524" VPOS="3027" WIDTH="29"/>
						<String ID="P2_ST00258" HPOS="553" VPOS="2977" WIDTH="88" HEIGHT="50" CONTENT="den" WC="1.00" CC="000"/>
						<SP ID="P2_SP00224" HPOS="641" VPOS="3027" WIDTH="32"/>
						<String ID="P2_ST00259" HPOS="673" VPOS="2977" WIDTH="315" HEIGHT="68" CONTENT="bevorzugten" WC="1.00" CC="50000140000"/>
						<SP ID="P2_SP00225" HPOS="988" VPOS="3045" WIDTH="24"/>
						<String ID="P2_ST00260" HPOS="1012" VPOS="2978" WIDTH="238" HEIGHT="57" CONTENT="Meistern," WC="0.99" CC="000260743"/>
						<SP ID="P2_SP00226" HPOS="1250" VPOS="3045" WIDTH="30"/>
						<String ID="P2_ST00261" HPOS="1280" VPOS="2977" WIDTH="224" HEIGHT="50" CONTENT="während" WC="0.98" CC="0960019"/>
						<SP ID="P2_SP00227" HPOS="1504" VPOS="3045" WIDTH="23"/>
						<String ID="P2_ST00262" HPOS="1527" VPOS="2977" WIDTH="74" HEIGHT="49" CONTENT="die" WC="0.97" CC="061"/>
						<SP ID="P2_SP00228" HPOS="1601" VPOS="3045" WIDTH="23"/>
						<String ID="P2_ST00263" HPOS="1624" VPOS="2978" WIDTH="141" HEIGHT="48" CONTENT="lüster" SUBS_TYPE="HypPart1" SUBS_CONTENT="lüsternen" WC="0.99" CC="609000"/>
						<HYP HPOS="1765" VPOS="2978" WIDTH="23" CONTENT="-"/>
					</TextLine>
					<TextLine ID="P2_TL00036" HPOS="226" VPOS="3055" WIDTH="1563" HEIGHT="68">
						<String ID="P2_ST00264" HPOS="226" VPOS="3073" WIDTH="92" HEIGHT="33" CONTENT="nen" SUBS_TYPE="HypPart2" SUBS_CONTENT="lüsternen" WC="0.96" CC="506"/>
						<SP ID="P2_SP00229" HPOS="318" VPOS="3106" WIDTH="31"/>
						<String ID="P2_ST00265" HPOS="349" VPOS="3055" WIDTH="139" HEIGHT="51" CONTENT="Reize" WC="0.99" CC="30040"/>
						<SP ID="P2_SP00230" HPOS="488" VPOS="3106" WIDTH="41"/>
						<String ID="P2_ST00266" HPOS="529" VPOS="3057" WIDTH="249" HEIGHT="49" CONTENT="sinnlicher" WC="0.99" CC="9006001602"/>
						<SP ID="P2_SP00231" HPOS="778" VPOS="3106" WIDTH="42"/>
						<String ID="P2_ST00267" HPOS="820" VPOS="3058" WIDTH="211" HEIGHT="57" CONTENT="Malerei," WC="1.00" CC="00500030"/>
						<SP ID="P2_SP00232" HPOS="1031" VPOS="3115" WIDTH="37"/>
						<String ID="P2_ST00268" HPOS="1068" VPOS="3055" WIDTH="74" HEIGHT="51" CONTENT="die" WC="0.96" CC="900"/>
						<SP ID="P2_SP00233" HPOS="1142" VPOS="3115" WIDTH="53"/>
						<String ID="P2_ST00269" HPOS="1195" VPOS="3057" WIDTH="337" HEIGHT="66" CONTENT="vorzugsweise" WC="1.00" CC="000449500000"/>
						<SP ID="P2_SP00234" HPOS="1532" VPOS="3123" WIDTH="44"/>
						<String ID="P2_ST00270" HPOS="1576" VPOS="3057" WIDTH="71" HEIGHT="49" CONTENT="bei" WC="0.98" CC="500"/>
						<SP ID="P2_SP00235" HPOS="1647" VPOS="3123" WIDTH="48"/>
						<String ID="P2_ST00271" HPOS="1695" VPOS="3057" WIDTH="63" HEIGHT="48" CONTENT="Ra" SUBS_TYPE="HypPart1" SUBS_CONTENT="Rationalisten" WC="0.98" CC="02"/>
						<HYP HPOS="1758" VPOS="3057" WIDTH="31" CONTENT="-"/>
					</TextLine>
					<TextLine ID="P2_TL00037" HPOS="224" VPOS="3135" WIDTH="1567" HEIGHT="68">
						<String ID="P2_ST00272" HPOS="224" VPOS="3135" WIDTH="266" HEIGHT="51" CONTENT="tionalisten" SUBS_TYPE="HypPart2" SUBS_CONTENT="Rationalisten" WC="0.99" CC="07026000300"/>
						<SP ID="P2_SP00236" HPOS="490" VPOS="3186" WIDTH="47"/>
						<String ID="P2_ST00273" HPOS="537" VPOS="3135" WIDTH="95" HEIGHT="51" CONTENT="und" WC="1.00" CC="000"/>
						<SP ID="P2_SP00237" HPOS="632" VPOS="3186" WIDTH="39"/>
						<String ID="P2_ST00274" HPOS="671" VPOS="3137" WIDTH="207" HEIGHT="49" CONTENT="Jesuiten" WC="1.00" CC="00600100"/>
						<SP ID="P2_SP00238" HPOS="878" VPOS="3186" WIDTH="45"/>
						<String ID="P2_ST00275" HPOS="923" VPOS="3135" WIDTH="53" HEIGHT="68" CONTENT="(z." WC="0.70" CC="071"/>
						<SP ID="P2_SP00239" HPOS="976" VPOS="3203" WIDTH="38"/>
						<String ID="P2_ST00276" HPOS="1014" VPOS="3138" WIDTH="51" HEIGHT="48" CONTENT="B." WC="0.48" CC="54"/>
						<SP ID="P2_SP00240" HPOS="1065" VPOS="3203" WIDTH="38"/>
						<String ID="P2_ST00277" HPOS="1103" VPOS="3135" WIDTH="269" HEIGHT="68" CONTENT="Roothaan)" WC="0.72" CC="211460502"/>
						<SP ID="P2_SP00241" HPOS="1372" VPOS="3203" WIDTH="46"/>
						<String ID="P2_ST00278" HPOS="1418" VPOS="3137" WIDTH="80" HEIGHT="48" CONTENT="für" WC="0.98" CC="102"/>
						<SP ID="P2_SP00242" HPOS="1498" VPOS="3203" WIDTH="42"/>
						<String ID="P2_ST00279" HPOS="1540" VPOS="3135" WIDTH="251" HEIGHT="50" CONTENT="kirchliche" WC="1.00" CC="0010010020"/>
					</TextLine>
					<TextLine ID="P2_TL00038" HPOS="227" VPOS="3214" WIDTH="1564" HEIGHT="67">
						<String ID="P2_ST00280" HPOS="227" VPOS="3217" WIDTH="155" HEIGHT="48" CONTENT="Kunst" WC="0.97" CC="03966"/>
						<SP ID="P2_SP00243" HPOS="382" VPOS="3265" WIDTH="40"/>
						<String ID="P2_ST00281" HPOS="422" VPOS="3217" WIDTH="173" HEIGHT="64" CONTENT="gelten," WC="1.00" CC="0103000"/>
						<SP ID="P2_SP00244" HPOS="595" VPOS="3281" WIDTH="43"/>
						<String ID="P2_ST00282" HPOS="638" VPOS="3215" WIDTH="135" HEIGHT="50" CONTENT="keine" WC="0.98" CC="00046"/>
						<SP ID="P2_SP00245" HPOS="773" VPOS="3281" WIDTH="44"/>
						<String ID="P2_ST00283" HPOS="817" VPOS="3217" WIDTH="165" HEIGHT="64" CONTENT="ewige," WC="0.99" CC="091000"/>
						<SP ID="P2_SP00246" HPOS="982" VPOS="3281" WIDTH="44"/>
						<String ID="P2_ST00284" HPOS="1026" VPOS="3215" WIDTH="139" HEIGHT="50" CONTENT="kaum" WC="0.99" CC="0103"/>
						<SP ID="P2_SP00247" HPOS="1165" VPOS="3281" WIDTH="47"/>
						<String ID="P2_ST00285" HPOS="1212" VPOS="3217" WIDTH="203" HEIGHT="49" CONTENT="zeitliche" WC="0.99" CC="701270060"/>
						<SP ID="P2_SP00248" HPOS="1415" VPOS="3281" WIDTH="41"/>
						<String ID="P2_ST00286" HPOS="1456" VPOS="3214" WIDTH="335" HEIGHT="51" CONTENT="Wirklichkeit" WC="0.99" CC="607360066404"/>
					</TextLine>
					<TextLine ID="P2_TL00039" HPOS="227" VPOS="3294" WIDTH="1562" HEIGHT="52">
						<String ID="P2_ST00287" HPOS="227" VPOS="3294" WIDTH="555" HEIGHT="51" CONTENT="haben.—Persönliche" WC="0.99" CC="600660800390562060"/>
						<SP ID="P2_SP00249" HPOS="782" VPOS="3345" WIDTH="24"/>
						<String ID="P2_ST00288" HPOS="806" VPOS="3295" WIDTH="472" HEIGHT="50" CONTENT="Volksthümlichkeit" WC="0.71" CC="00106450650008036"/>
						<SP ID="P2_SP00250" HPOS="1278" VPOS="3345" WIDTH="27"/>
						<String ID="P2_ST00289" HPOS="1305" VPOS="3294" WIDTH="249" HEIGHT="52" CONTENT="innerhalb" WC="0.99" CC="230005004"/>
						<SP ID="P2_SP00251" HPOS="1554" VPOS="3346" WIDTH="30"/>
						<String ID="P2_ST00290" HPOS="1584" VPOS="3294" WIDTH="79" HEIGHT="50" CONTENT="des" WC="1.00" CC="000"/>
						<SP ID="P2_SP00252" HPOS="1663" VPOS="3346" WIDTH="32"/>
						<String ID="P2_ST00291" HPOS="1695" VPOS="3294" WIDTH="71" HEIGHT="50" CONTENT="hei" SUBS_TYPE="HypPart1" SUBS_CONTENT="heiligen" WC="0.99" CC="003"/>
						<HYP HPOS="1766" VPOS="3294" WIDTH="23" CONTENT="-"/>
					</TextLine>
					<TextLine ID="P2_TL00040" HPOS="227" VPOS="3375" WIDTH="1563" HEIGHT="65">
						<String ID="P2_ST00292" HPOS="227" VPOS="3375" WIDTH="123" HEIGHT="65" CONTENT="ligen" SUBS_TYPE="HypPart2" SUBS_CONTENT="heiligen" WC="0.97" CC="70908"/>
						<SP ID="P2_SP00253" HPOS="350" VPOS="3440" WIDTH="33"/>
						<String ID="P2_ST00293" HPOS="383" VPOS="3375" WIDTH="184" HEIGHT="50" CONTENT="Bezirks" WC="0.99" CC="4072006"/>
						<SP ID="P2_SP00254" HPOS="567" VPOS="3440" WIDTH="41"/>
						<String ID="P2_ST00294" HPOS="608" VPOS="3379" WIDTH="180" HEIGHT="46" CONTENT="äussert" WC="0.99" CC="0302035"/>
						<SP ID="P2_SP00255" HPOS="788" VPOS="3440" WIDTH="36"/>
						<String ID="P2_ST00295" HPOS="824" VPOS="3375" WIDTH="94" HEIGHT="50" CONTENT="sich" WC="0.98" CC="2007"/>
						<SP ID="P2_SP00256" HPOS="918" VPOS="3440" WIDTH="45"/>
						<String ID="P2_ST00296" HPOS="963" VPOS="3375" WIDTH="105" HEIGHT="50" CONTENT="dem" WC="0.98" CC="006"/>
						<SP ID="P2_SP00257" HPOS="1068" VPOS="3440" WIDTH="43"/>
						<String ID="P2_ST00297" HPOS="1111" VPOS="3375" WIDTH="377" HEIGHT="50" CONTENT="aufmerksamen" WC="0.99" CC="313500014603"/>
						<SP ID="P2_SP00258" HPOS="1488" VPOS="3440" WIDTH="30"/>
						<String ID="P2_ST00298" HPOS="1518" VPOS="3375" WIDTH="158" HEIGHT="50" CONTENT="Hörer" WC="1.00" CC="20001"/>
						<SP ID="P2_SP00259" HPOS="1676" VPOS="3440" WIDTH="29"/>
						<String ID="P2_ST00299" HPOS="1705" VPOS="3392" WIDTH="57" HEIGHT="33" CONTENT="un" SUBS_TYPE="HypPart1" SUBS_CONTENT="unzweideutig;" WC="0.96" CC="56"/>
						<HYP HPOS="1762" VPOS="3392" WIDTH="28" CONTENT="-"/>
					</TextLine>
					<TextLine ID="P2_TL00041" HPOS="231" VPOS="3453" WIDTH="1560" HEIGHT="67">
						<String ID="P2_ST00300" HPOS="231" VPOS="3454" WIDTH="304" HEIGHT="66" CONTENT="zweideutig;" SUBS_TYPE="HypPart2" SUBS_CONTENT="unzweideutig;" WC="1.00" CC="20050000004"/>
						<SP ID="P2_SP00260" HPOS="535" VPOS="3520" WIDTH="32"/>
						<String ID="P2_ST00301" HPOS="567" VPOS="3454" WIDTH="92" HEIGHT="50" CONTENT="und" WC="0.99" CC="030"/>
						<SP ID="P2_SP00261" HPOS="659" VPOS="3520" WIDTH="31"/>
						<String ID="P2_ST00302" HPOS="690" VPOS="3455" WIDTH="120" HEIGHT="49" CONTENT="eben" WC="0.99" CC="0500"/>
						<SP ID="P2_SP00262" HPOS="810" VPOS="3520" WIDTH="30"/>
						<String ID="P2_ST00303" HPOS="840" VPOS="3472" WIDTH="50" HEIGHT="32" CONTENT="so" WC="0.58" CC="43"/>
						<SP ID="P2_SP00263" HPOS="890" VPOS="3520" WIDTH="31"/>
						<String ID="P2_ST00304" HPOS="921" VPOS="3455" WIDTH="169" HEIGHT="65" CONTENT="gewiss" WC="0.99" CC="040011"/>
						<SP ID="P2_SP00264" HPOS="1090" VPOS="3520" WIDTH="44"/>
						<String ID="P2_ST00305" HPOS="1134" VPOS="3455" WIDTH="87" HEIGHT="49" CONTENT="wie" WC="0.99" CC="020"/>
						<SP ID="P2_SP00265" HPOS="1221" VPOS="3520" WIDTH="41"/>
						<String ID="P2_ST00306" HPOS="1262" VPOS="3455" WIDTH="44" HEIGHT="49" CONTENT="in" WC="1.00" CC="00"/>
						<SP ID="P2_SP00266" HPOS="1306" VPOS="3520" WIDTH="43"/>
						<String ID="P2_ST00307" HPOS="1349" VPOS="3454" WIDTH="130" HEIGHT="51" CONTENT="Seb." WC="0.66" CC="5034"/>
						<SP ID="P2_SP00267" HPOS="1479" VPOS="3520" WIDTH="44"/>
						<String ID="P2_ST00308" HPOS="1523" VPOS="3454" WIDTH="150" HEIGHT="50" CONTENT="Bach" WC="0.97" CC="6006"/>
						<SP ID="P2_SP00268" HPOS="1673" VPOS="3520" WIDTH="45"/>
						<String ID="P2_ST00309" HPOS="1718" VPOS="3453" WIDTH="73" HEIGHT="51" CONTENT="die" WC="1.00" CC="000"/>
					</TextLine>
					<TextLine ID="P2_TL00042" HPOS="232" VPOS="3533" WIDTH="1561" HEIGHT="67">
						<String ID="P2_ST00310" HPOS="232" VPOS="3533" WIDTH="264" HEIGHT="67" CONTENT="bejahende" WC="1.00" CC="500060000"/>
						<SP ID="P2_SP00269" HPOS="496" VPOS="3600" WIDTH="28"/>
						<String ID="P2_ST00311" HPOS="524" VPOS="3534" WIDTH="126" HEIGHT="50" CONTENT="Seite" WC="0.99" CC="36000"/>
						<SP ID="P2_SP00270" HPOS="650" VPOS="3600" WIDTH="30"/>
						<String ID="P2_ST00312" HPOS="680" VPOS="3534" WIDTH="79" HEIGHT="51" CONTENT="des" WC="0.98" CC="040"/>
						<SP ID="P2_SP00271" HPOS="759" VPOS="3600" WIDTH="30"/>
						<String ID="P2_ST00313" HPOS="789" VPOS="3535" WIDTH="252" HEIGHT="50" CONTENT="hallischen" WC="0.99" CC="5006400113"/>
						<SP ID="P2_SP00272" HPOS="1041" VPOS="3600" WIDTH="29"/>
						<String ID="P2_ST00314" HPOS="1070" VPOS="3534" WIDTH="264" HEIGHT="60" CONTENT="Pietismus," WC="0.99" CC="0003286484"/>
						<SP ID="P2_SP00273" HPOS="1334" VPOS="3600" WIDTH="36"/>
						<String ID="P2_ST00315" HPOS="1370" VPOS="3535" WIDTH="45" HEIGHT="49" CONTENT="in" WC="0.79" CC="30"/>
						<SP ID="P2_SP00274" HPOS="1415" VPOS="3600" WIDTH="32"/>
						<String ID="P2_ST00316" HPOS="1447" VPOS="3533" WIDTH="228" HEIGHT="51" CONTENT="Händel" WC="0.99" CC="602010"/>
						<SP ID="P2_SP00275" HPOS="1675" VPOS="3600" WIDTH="44"/>
						<String ID="P2_ST00317" HPOS="1719" VPOS="3533" WIDTH="74" HEIGHT="49" CONTENT="die" WC="0.99" CC="003"/>
					</TextLine>
					<TextLine ID="P2_TL00043" HPOS="232" VPOS="3613" WIDTH="1559" HEIGHT="67">
						<String ID="P2_ST00318" HPOS="232" VPOS="3613" WIDTH="141" HEIGHT="49" CONTENT="stolze" WC="0.98" CC="104556"/>
						<SP ID="P2_SP00276" HPOS="373" VPOS="3662" WIDTH="32"/>
						<String ID="P2_ST00319" HPOS="405" VPOS="3613" WIDTH="175" HEIGHT="49" CONTENT="Hoheit" WC="0.98" CC="436003"/>
						<SP ID="P2_SP00277" HPOS="580" VPOS="3662" WIDTH="29"/>
						<String ID="P2_ST00320" HPOS="609" VPOS="3614" WIDTH="81" HEIGHT="48" CONTENT="der" WC="0.99" CC="002"/>
						<SP ID="P2_SP00278" HPOS="690" VPOS="3662" WIDTH="42"/>
						<String ID="P2_ST00321" HPOS="732" VPOS="3614" WIDTH="266" HEIGHT="66" CONTENT="englischen" WC="0.99" CC="0405350005"/>
						<SP ID="P2_SP00279" HPOS="998" VPOS="3680" WIDTH="34"/>
						<String ID="P2_ST00322" HPOS="1032" VPOS="3613" WIDTH="171" HEIGHT="49" CONTENT="Kirche" WC="0.98" CC="750070"/>
						<SP ID="P2_SP00280" HPOS="1203" VPOS="3680" WIDTH="40"/>
						<String ID="P2_ST00323" HPOS="1243" VPOS="3613" WIDTH="315" HEIGHT="66" CONTENT="durchklingt," WC="0.99" CC="040630207900"/>
						<SP ID="P2_SP00281" HPOS="1558" VPOS="3680" WIDTH="39"/>
						<String ID="P2_ST00324" HPOS="1597" VPOS="3629" WIDTH="51" HEIGHT="33" CONTENT="so" WC="0.85" CC="20"/>
						<SP ID="P2_SP00282" HPOS="1648" VPOS="3680" WIDTH="29"/>
						<String ID="P2_ST00325" HPOS="1677" VPOS="3613" WIDTH="86" HEIGHT="48" CONTENT="neh" SUBS_TYPE="HypPart1" SUBS_CONTENT="nehmen" WC="0.97" CC="407"/>
						<HYP HPOS="1763" VPOS="3613" WIDTH="28" CONTENT="-"/>
					</TextLine>
					<TextLine ID="P2_TL00044" HPOS="232" VPOS="3692" WIDTH="1561" HEIGHT="66">
						<String ID="P2_ST00326" HPOS="232" VPOS="3709" WIDTH="108" HEIGHT="33" CONTENT="men" SUBS_TYPE="HypPart2" SUBS_CONTENT="nehmen" WC="0.98" CC="600"/>
						<SP ID="P2_SP00283" HPOS="340" VPOS="3742" WIDTH="32"/>
						<String ID="P2_ST00327" HPOS="372" VPOS="3693" WIDTH="87" HEIGHT="48" CONTENT="wir" WC="0.95" CC="822"/>
						<SP ID="P2_SP00284" HPOS="459" VPOS="3742" WIDTH="29"/>
						<String ID="P2_ST00328" HPOS="488" VPOS="3692" WIDTH="120" HEIGHT="49" CONTENT="auch" WC="0.97" CC="2206"/>
						<SP ID="P2_SP00285" HPOS="608" VPOS="3742" WIDTH="42"/>
						<String ID="P2_ST00329" HPOS="650" VPOS="3693" WIDTH="72" HEIGHT="49" CONTENT="bei" WC="0.97" CC="501"/>
						<SP ID="P2_SP00286" HPOS="722" VPOS="3742" WIDTH="31"/>
						<String ID="P2_ST00330" HPOS="753" VPOS="3693" WIDTH="88" HEIGHT="51" CONTENT="den" WC="0.99" CC="003"/>
						<SP ID="P2_SP00287" HPOS="841" VPOS="3744" WIDTH="41"/>
						<String ID="P2_ST00331" HPOS="882" VPOS="3694" WIDTH="175" HEIGHT="50" CONTENT="älteren" WC="0.99" CC="0500400"/>
						<SP ID="P2_SP00288" HPOS="1057" VPOS="3744" WIDTH="31"/>
						<String ID="P2_ST00332" HPOS="1088" VPOS="3693" WIDTH="220" HEIGHT="49" CONTENT="Meistern" WC="1.00" CC="00000000"/>
						<SP ID="P2_SP00289" HPOS="1308" VPOS="3744" WIDTH="30"/>
						<String ID="P2_ST00333" HPOS="1338" VPOS="3693" WIDTH="296" HEIGHT="49" CONTENT="individuelle" WC="1.00" CC="000350000450"/>
						<SP ID="P2_SP00290" HPOS="1634" VPOS="3744" WIDTH="27"/>
						<String ID="P2_ST00334" HPOS="1661" VPOS="3693" WIDTH="132" HEIGHT="65" CONTENT="Züge" WC="1.00" CC="0200"/>
					</TextLine>
					<TextLine ID="P2_TL00045" HPOS="229" VPOS="3770" WIDTH="1564" HEIGHT="60">
						<String ID="P2_ST00335" HPOS="229" VPOS="3772" WIDTH="151" HEIGHT="58" CONTENT="wahr," WC="0.97" CC="90603"/>
						<SP ID="P2_SP00291" HPOS="380" VPOS="3830" WIDTH="46"/>
						<String ID="P2_ST00336" HPOS="426" VPOS="3770" WIDTH="74" HEIGHT="51" CONTENT="die" WC="1.00" CC="000"/>
						<SP ID="P2_SP00292" HPOS="500" VPOS="3830" WIDTH="43"/>
						<String ID="P2_ST00337" HPOS="543" VPOS="3770" WIDTH="81" HEIGHT="51" CONTENT="das" WC="1.00" CC="000"/>
						<SP ID="P2_SP00293" HPOS="624" VPOS="3830" WIDTH="43"/>
						<String ID="P2_ST00338" HPOS="667" VPOS="3773" WIDTH="204" HEIGHT="49" CONTENT="Gemüth" WC="0.79" CC="005007"/>
						<SP ID="P2_SP00294" HPOS="871" VPOS="3830" WIDTH="45"/>
						<String ID="P2_ST00339" HPOS="916" VPOS="3772" WIDTH="273" HEIGHT="50" CONTENT="bedeutsam" WC="0.99" CC="600004006"/>
						<SP ID="P2_SP00295" HPOS="1189" VPOS="3830" WIDTH="46"/>
						<String ID="P2_ST00340" HPOS="1235" VPOS="3772" WIDTH="257" HEIGHT="49" CONTENT="freundlich" WC="0.99" CC="0104207606"/>
						<SP ID="P2_SP00296" HPOS="1492" VPOS="3830" WIDTH="47"/>
						<String ID="P2_ST00341" HPOS="1539" VPOS="3770" WIDTH="254" HEIGHT="51" CONTENT="berühren." WC="0.99" CC="502004064"/>
					</TextLine>
					<TextLine ID="P2_TL00046" HPOS="232" VPOS="3850" WIDTH="1559" HEIGHT="70">
						<String ID="P2_ST00342" HPOS="232" VPOS="3852" WIDTH="128" HEIGHT="50" CONTENT="Ganz" WC="0.98" CC="4005"/>
						<SP ID="P2_SP00297" HPOS="360" VPOS="3902" WIDTH="31"/>
						<String ID="P2_ST00343" HPOS="391" VPOS="3852" WIDTH="169" HEIGHT="49" CONTENT="anders" WC="0.99" CC="010025"/>
						<SP ID="P2_SP00298" HPOS="560" VPOS="3902" WIDTH="36"/>
						<String ID="P2_ST00344" HPOS="596" VPOS="3852" WIDTH="174" HEIGHT="68" CONTENT="spricht" WC="0.99" CC="2030062"/>
						<SP ID="P2_SP00299" HPOS="770" VPOS="3920" WIDTH="30"/>
						<String ID="P2_ST00345" HPOS="800" VPOS="3852" WIDTH="82" HEIGHT="49" CONTENT="der" WC="1.00" CC="000"/>
						<SP ID="P2_SP00300" HPOS="882" VPOS="3920" WIDTH="38"/>
						<String ID="P2_ST00346" HPOS="920" VPOS="3852" WIDTH="259" HEIGHT="58" CONTENT="heroische," WC="1.00" CC="6000000600"/>
						<SP ID="P2_SP00301" HPOS="1179" VPOS="3920" WIDTH="41"/>
						<String ID="P2_ST00347" HPOS="1220" VPOS="3852" WIDTH="211" HEIGHT="49" CONTENT="schwere" WC="0.99" CC="0070370"/>
						<SP ID="P2_SP00302" HPOS="1431" VPOS="3920" WIDTH="26"/>
						<String ID="P2_ST00348" HPOS="1457" VPOS="3852" WIDTH="144" HEIGHT="49" CONTENT="Ernst" WC="0.98" CC="37600"/>
						<SP ID="P2_SP00303" HPOS="1601" VPOS="3920" WIDTH="27"/>
						<String ID="P2_ST00349" HPOS="1628" VPOS="3852" WIDTH="44" HEIGHT="48" CONTENT="in" WC="0.80" CC="03"/>
						<SP ID="P2_SP00304" HPOS="1672" VPOS="3920" WIDTH="32"/>
						<String ID="P2_ST00350" HPOS="1704" VPOS="3850" WIDTH="87" HEIGHT="50" CONTENT="den" WC="0.97" CC="006"/>
					</TextLine>
					<TextLine ID="P2_TL00047" HPOS="233" VPOS="3930" WIDTH="1561" HEIGHT="68">
						<String ID="P2_ST00351" HPOS="233" VPOS="3932" WIDTH="229" HEIGHT="66" CONTENT="Spaniern" WC="0.99" CC="40005005"/>
						<SP ID="P2_SP00305" HPOS="462" VPOS="3998" WIDTH="30"/>
						<String ID="P2_ST00352" HPOS="492" VPOS="3932" WIDTH="202" HEIGHT="49" CONTENT="Vittoria" WC="0.85" CC="03050030"/>
						<SP ID="P2_SP00306" HPOS="694" VPOS="3998" WIDTH="31"/>
						<String ID="P2_ST00353" HPOS="725" VPOS="3932" WIDTH="92" HEIGHT="49" CONTENT="und" WC="0.99" CC="200"/>
						<SP ID="P2_SP00307" HPOS="817" VPOS="3998" WIDTH="31"/>
						<String ID="P2_ST00354" HPOS="848" VPOS="3932" WIDTH="220" HEIGHT="59" CONTENT="Morales," WC="0.78" CC="00540043"/>
						<SP ID="P2_SP00308" HPOS="1068" VPOS="3998" WIDTH="30"/>
						<String ID="P2_ST00355" HPOS="1098" VPOS="3932" WIDTH="166" HEIGHT="50" CONTENT="anders" WC="1.00" CC="010001"/>
						<SP ID="P2_SP00309" HPOS="1264" VPOS="3998" WIDTH="30"/>
						<String ID="P2_ST00356" HPOS="1294" VPOS="3930" WIDTH="295" HEIGHT="51" CONTENT="Palestrina's" WC="0.78" CC="006304130022"/>
						<SP ID="P2_SP00310" HPOS="1589" VPOS="3998" WIDTH="31"/>
						<String ID="P2_ST00357" HPOS="1620" VPOS="3930" WIDTH="174" HEIGHT="59" CONTENT="klarer," WC="0.99" CC="0601014"/>
					</TextLine>
					<TextLine ID="P2_TL00048" HPOS="233" VPOS="4009" WIDTH="1558" HEIGHT="69">
						<String ID="P2_ST00358" HPOS="233" VPOS="4010" WIDTH="255" HEIGHT="50" CONTENT="wallender" WC="0.99" CC="401303004"/>
						<SP ID="P2_SP00311" HPOS="488" VPOS="4060" WIDTH="31"/>
						<String ID="P2_ST00359" HPOS="519" VPOS="4010" WIDTH="430" HEIGHT="68" CONTENT="Schönheitsglanz," WC="1.00" CC="0070130064073340"/>
						<SP ID="P2_SP00312" HPOS="949" VPOS="4078" WIDTH="22"/>
						<String ID="P2_ST00360" HPOS="971" VPOS="4009" WIDTH="168" HEIGHT="51" CONTENT="anders" WC="0.99" CC="110030"/>
						<SP ID="P2_SP00313" HPOS="1139" VPOS="4078" WIDTH="30"/>
						<String ID="P2_ST00361" HPOS="1169" VPOS="4010" WIDTH="229" HEIGHT="51" CONTENT="Hassler's" WC="0.68" CC="450550330"/>
						<SP ID="P2_SP00314" HPOS="1398" VPOS="4078" WIDTH="29"/>
						<String ID="P2_ST00362" HPOS="1427" VPOS="4009" WIDTH="262" HEIGHT="51" CONTENT="männliche" WC="0.99" CC="400660000"/>
						<SP ID="P2_SP00315" HPOS="1689" VPOS="4078" WIDTH="27"/>
						<String ID="P2_ST00363" HPOS="1716" VPOS="4010" WIDTH="50" HEIGHT="49" CONTENT="In" SUBS_TYPE="HypPart1" SUBS_CONTENT="Innigkeit" WC="0.98" CC="00"/>
						<HYP HPOS="1766" VPOS="4010" WIDTH="25" CONTENT="-"/>
					</TextLine>
					<TextLine ID="P2_TL00049" HPOS="231" VPOS="4089" WIDTH="1560" HEIGHT="67">
						<String ID="P2_ST00364" HPOS="231" VPOS="4089" WIDTH="176" HEIGHT="67" CONTENT="nigkeit" SUBS_TYPE="HypPart2" SUBS_CONTENT="Innigkeit" WC="1.00" CC="0000050"/>
						<SP ID="P2_SP00316" HPOS="407" VPOS="4156" WIDTH="31"/>
						<String ID="P2_ST00365" HPOS="438" VPOS="4089" WIDTH="94" HEIGHT="50" CONTENT="und" WC="1.00" CC="000"/>
						<SP ID="P2_SP00317" HPOS="532" VPOS="4156" WIDTH="30"/>
						<String ID="P2_ST00366" HPOS="562" VPOS="4092" WIDTH="102" HEIGHT="49" CONTENT="Orl." WC="0.59" CC="5252"/>
						<SP ID="P2_SP00318" HPOS="664" VPOS="4156" WIDTH="30"/>
						<String ID="P2_ST00367" HPOS="694" VPOS="4092" WIDTH="183" HEIGHT="48" CONTENT="Lassus'" WC="0.71" CC="0440504"/>
						<SP ID="P2_SP00319" HPOS="877" VPOS="4156" WIDTH="33"/>
						<String ID="P2_ST00368" HPOS="910" VPOS="4090" WIDTH="318" HEIGHT="66" CONTENT="bildkräftiges" WC="1.00" CC="3000030000000"/>
						<SP ID="P2_SP00320" HPOS="1228" VPOS="4156" WIDTH="29"/>
						<String ID="P2_ST00369" HPOS="1257" VPOS="4090" WIDTH="239" HEIGHT="65" CONTENT="Behagen." WC="0.99" CC="60740004"/>
						<SP ID="P2_SP00321" HPOS="1496" VPOS="4156" WIDTH="57"/>
						<String ID="P2_ST00370" HPOS="1553" VPOS="4090" WIDTH="87" HEIGHT="49" CONTENT="Ein" WC="0.98" CC="012"/>
						<SP ID="P2_SP00322" HPOS="1640" VPOS="4156" WIDTH="32"/>
						<String ID="P2_ST00371" HPOS="1672" VPOS="4089" WIDTH="90" HEIGHT="50" CONTENT="Vor" SUBS_TYPE="HypPart1" SUBS_CONTENT="Vorzug" WC="0.99" CC="000"/>
						<HYP HPOS="1762" VPOS="4089" WIDTH="29" CONTENT="-"/>
					</TextLine>
					<TextLine ID="P2_TL00050" HPOS="231" VPOS="4167" WIDTH="1563" HEIGHT="69">
						<String ID="P2_ST00372" HPOS="231" VPOS="4187" WIDTH="87" HEIGHT="48" CONTENT="zug" SUBS_TYPE="HypPart2" SUBS_CONTENT="Vorzug" WC="0.98" CC="500"/>
						<SP ID="P2_SP00323" HPOS="318" VPOS="4235" WIDTH="31"/>
						<String ID="P2_ST00373" HPOS="349" VPOS="4169" WIDTH="207" HEIGHT="67" CONTENT="gebührt" WC="0.99" CC="0000064"/>
						<SP ID="P2_SP00324" HPOS="556" VPOS="4236" WIDTH="28"/>
						<String ID="P2_ST00374" HPOS="584" VPOS="4170" WIDTH="257" HEIGHT="51" CONTENT="Palestrina" WC="0.83" CC="0331431000"/>
						<SP ID="P2_SP00325" HPOS="841" VPOS="4236" WIDTH="41"/>
						<String ID="P2_ST00375" HPOS="882" VPOS="4187" WIDTH="168" HEIGHT="49" CONTENT="wegen" WC="0.99" CC="00005"/>
						<SP ID="P2_SP00326" HPOS="1050" VPOS="4236" WIDTH="35"/>
						<String ID="P2_ST00376" HPOS="1085" VPOS="4170" WIDTH="80" HEIGHT="50" CONTENT="des" WC="0.98" CC="004"/>
						<SP ID="P2_SP00327" HPOS="1165" VPOS="4236" WIDTH="35"/>
						<String ID="P2_ST00377" HPOS="1200" VPOS="4170" WIDTH="160" HEIGHT="50" CONTENT="reinen" WC="0.99" CC="700000"/>
						<SP ID="P2_SP00328" HPOS="1360" VPOS="4236" WIDTH="30"/>
						<String ID="P2_ST00378" HPOS="1390" VPOS="4168" WIDTH="277" HEIGHT="52" CONTENT="Wohllauts" WC="0.99" CC="706060100"/>
						<SP ID="P2_SP00329" HPOS="1667" VPOS="4236" WIDTH="29"/>
						<String ID="P2_ST00379" HPOS="1696" VPOS="4167" WIDTH="98" HEIGHT="52" CONTENT="und" WC="0.96" CC="504"/>
					</TextLine>
					<TextLine ID="P2_TL00051" HPOS="236" VPOS="4247" WIDTH="1557" HEIGHT="60">
						<String ID="P2_ST00380" HPOS="236" VPOS="4248" WIDTH="82" HEIGHT="51" CONTENT="der" WC="0.99" CC="010"/>
						<SP ID="P2_SP00330" HPOS="318" VPOS="4299" WIDTH="41"/>
						<String ID="P2_ST00381" HPOS="359" VPOS="4249" WIDTH="293" HEIGHT="58" CONTENT="saubersten," WC="1.00" CC="41540000000"/>
						<SP ID="P2_SP00331" HPOS="652" VPOS="4307" WIDTH="43"/>
						<String ID="P2_ST00382" HPOS="695" VPOS="4250" WIDTH="75" HEIGHT="50" CONTENT="nie" WC="0.99" CC="200"/>
						<SP ID="P2_SP00332" HPOS="770" VPOS="4307" WIDTH="31"/>
						<String ID="P2_ST00383" HPOS="801" VPOS="4250" WIDTH="123" HEIGHT="50" CONTENT="bloss" WC="0.98" CC="51023"/>
						<SP ID="P2_SP00333" HPOS="924" VPOS="4307" WIDTH="29"/>
						<String ID="P2_ST00384" HPOS="953" VPOS="4249" WIDTH="313" HEIGHT="51" CONTENT="äusserlichen" WC="0.65" CC="065503510705"/>
						<SP ID="P2_SP00334" HPOS="1266" VPOS="4307" WIDTH="29"/>
						<String ID="P2_ST00385" HPOS="1295" VPOS="4248" WIDTH="228" HEIGHT="59" CONTENT="Technik," WC="0.99" CC="00360142"/>
						<SP ID="P2_SP00335" HPOS="1523" VPOS="4307" WIDTH="44"/>
						<String ID="P2_ST00386" HPOS="1567" VPOS="4247" WIDTH="226" HEIGHT="52" CONTENT="während" WC="0.97" CC="9972016"/>
					</TextLine>
				</TextBlock>
				<TextBlock ID="P2_TB00003" HPOS="1882" VPOS="344" WIDTH="1577" HEIGHT="3568" STYLEREFS="TXT_0 PAR_LEFT">
					<TextLine ID="P2_TL00052" HPOS="1886" VPOS="344" WIDTH="1564" HEIGHT="68">
						<String ID="P2_ST00387" HPOS="1886" VPOS="345" WIDTH="73" HEIGHT="50" CONTENT="die" WC="0.96" CC="450"/>
						<SP ID="P2_SP00336" HPOS="1959" VPOS="395" WIDTH="40"/>
						<String ID="P2_ST00388" HPOS="1999" VPOS="344" WIDTH="303" HEIGHT="67" CONTENT="tiefgläubige" WC="0.99" CC="620645650250"/>
						<SP ID="P2_SP00337" HPOS="2302" VPOS="411" WIDTH="31"/>
						<String ID="P2_ST00389" HPOS="2333" VPOS="345" WIDTH="324" HEIGHT="66" CONTENT="Empfindung" WC="0.99" CC="0540050769"/>
						<SP ID="P2_SP00338" HPOS="2657" VPOS="411" WIDTH="42"/>
						<String ID="P2_ST00390" HPOS="2699" VPOS="345" WIDTH="81" HEIGHT="50" CONTENT="der" WC="0.99" CC="200"/>
						<SP ID="P2_SP00339" HPOS="2780" VPOS="411" WIDTH="33"/>
						<String ID="P2_ST00391" HPOS="2813" VPOS="345" WIDTH="265" HEIGHT="50" CONTENT="Deutschen" WC="0.99" CC="603760407"/>
						<SP ID="P2_SP00340" HPOS="3078" VPOS="411" WIDTH="43"/>
						<String ID="P2_ST00392" HPOS="3121" VPOS="346" WIDTH="92" HEIGHT="49" CONTENT="und" WC="0.94" CC="673"/>
						<SP ID="P2_SP00341" HPOS="3213" VPOS="411" WIDTH="40"/>
						<String ID="P2_ST00393" HPOS="3253" VPOS="348" WIDTH="197" HEIGHT="64" CONTENT="Spanier" WC="0.99" CC="0552004"/>
					</TextLine>
					<TextLine ID="P2_TL00053" HPOS="1884" VPOS="424" WIDTH="456" HEIGHT="51">
						<String ID="P2_ST00394" HPOS="1884" VPOS="424" WIDTH="78" HEIGHT="49" CONTENT="ihn" WC="0.92" CC="857"/>
						<SP ID="P2_SP00342" HPOS="1962" VPOS="473" WIDTH="33"/>
						<String ID="P2_ST00395" HPOS="1995" VPOS="424" WIDTH="66" HEIGHT="51" CONTENT="oft" WC="0.94" CC="366"/>
						<SP ID="P2_SP00343" HPOS="2061" VPOS="475" WIDTH="29"/>
						<String ID="P2_ST00396" HPOS="2090" VPOS="424" WIDTH="250" HEIGHT="51" CONTENT="übertrifft." WC="0.99" CC="06045518674"/>
					</TextLine>
					<TextLine ID="P2_TL00054" HPOS="2004" VPOS="504" WIDTH="1446" HEIGHT="67">
						<String ID="P2_ST00397" HPOS="2004" VPOS="504" WIDTH="161" HEIGHT="49" CONTENT="Indem" WC="0.96" CC="57639"/>
						<SP ID="P2_SP00344" HPOS="2165" VPOS="553" WIDTH="33"/>
						<String ID="P2_ST00398" HPOS="2198" VPOS="506" WIDTH="84" HEIGHT="47" CONTENT="wir" WC="0.96" CC="405"/>
						<SP ID="P2_SP00345" HPOS="2282" VPOS="553" WIDTH="32"/>
						<String ID="P2_ST00399" HPOS="2314" VPOS="506" WIDTH="177" HEIGHT="54" CONTENT="weiter," WC="0.99" CC="6130053"/>
						<SP ID="P2_SP00346" HPOS="2491" VPOS="560" WIDTH="44"/>
						<String ID="P2_ST00400" HPOS="2535" VPOS="506" WIDTH="66" HEIGHT="47" CONTENT="als" WC="0.94" CC="562"/>
						<SP ID="P2_SP00347" HPOS="2601" VPOS="560" WIDTH="44"/>
						<String ID="P2_ST00401" HPOS="2645" VPOS="504" WIDTH="73" HEIGHT="49" CONTENT="die" WC="0.99" CC="020"/>
						<SP ID="P2_SP00348" HPOS="2718" VPOS="560" WIDTH="45"/>
						<String ID="P2_ST00402" HPOS="2763" VPOS="504" WIDTH="216" HEIGHT="49" CONTENT="kritische" WC="0.99" CC="504504000"/>
						<SP ID="P2_SP00349" HPOS="2979" VPOS="560" WIDTH="31"/>
						<String ID="P2_ST00403" HPOS="3010" VPOS="505" WIDTH="204" HEIGHT="66" CONTENT="Anzeige" WC="0.99" CC="6070200"/>
						<SP ID="P2_SP00350" HPOS="3214" VPOS="571" WIDTH="45"/>
						<String ID="P2_ST00404" HPOS="3259" VPOS="505" WIDTH="191" HEIGHT="57" CONTENT="fordert," WC="0.98" CC="63300467"/>
					</TextLine>
					<TextLine ID="P2_TL00055" HPOS="1886" VPOS="583" WIDTH="1563" HEIGHT="67">
						<String ID="P2_ST00405" HPOS="1886" VPOS="584" WIDTH="85" HEIGHT="49" CONTENT="auf" WC="0.95" CC="049"/>
						<SP ID="P2_SP00351" HPOS="1971" VPOS="633" WIDTH="23"/>
						<String ID="P2_ST00406" HPOS="1994" VPOS="584" WIDTH="81" HEIGHT="49" CONTENT="das" WC="0.99" CC="003"/>
						<SP ID="P2_SP00352" HPOS="2075" VPOS="633" WIDTH="30"/>
						<String ID="P2_ST00407" HPOS="2105" VPOS="584" WIDTH="351" HEIGHT="49" CONTENT="Künstlerische" WC="0.99" CC="6064040587070"/>
						<SP ID="P2_SP00353" HPOS="2456" VPOS="633" WIDTH="44"/>
						<String ID="P2_ST00408" HPOS="2500" VPOS="584" WIDTH="247" HEIGHT="66" CONTENT="eingehe«," WC="0.99" CC="504006074"/>
						<SP ID="P2_SP00354" HPOS="2747" VPOS="650" WIDTH="26"/>
						<String ID="P2_ST00409" HPOS="2773" VPOS="583" WIDTH="169" HEIGHT="50" CONTENT="'hoffen" WC="0.98" CC="7206707"/>
						<SP ID="P2_SP00355" HPOS="2942" VPOS="650" WIDTH="35"/>
						<String ID="P2_ST00410" HPOS="2977" VPOS="584" WIDTH="83" HEIGHT="47" CONTENT="wir" WC="0.98" CC="005"/>
						<SP ID="P2_SP00356" HPOS="3060" VPOS="650" WIDTH="36"/>
						<String ID="P2_ST00411" HPOS="3096" VPOS="585" WIDTH="226" HEIGHT="64" CONTENT="zugleich," WC="0.99" CC="719002012"/>
						<SP ID="P2_SP00357" HPOS="3322" VPOS="650" WIDTH="39"/>
						<String ID="P2_ST00412" HPOS="3361" VPOS="584" WIDTH="88" HEIGHT="49" CONTENT="den" WC="0.96" CC="900"/>
					</TextLine>
					<TextLine ID="P2_TL00056" HPOS="1887" VPOS="664" WIDTH="1563" HEIGHT="49">
						<String ID="P2_ST00413" HPOS="1887" VPOS="664" WIDTH="297" HEIGHT="49" CONTENT="Kirchlichen" WC="0.99" CC="60306770602"/>
						<SP ID="P2_SP00358" HPOS="2184" VPOS="713" WIDTH="40"/>
						<String ID="P2_ST00414" HPOS="2224" VPOS="664" WIDTH="95" HEIGHT="49" CONTENT="und" WC="0.96" CC="260"/>
						<SP ID="P2_SP00359" HPOS="2319" VPOS="713" WIDTH="47"/>
						<String ID="P2_ST00415" HPOS="2366" VPOS="665" WIDTH="90" HEIGHT="48" CONTENT="den" WC="0.98" CC="005"/>
						<SP ID="P2_SP00360" HPOS="2456" VPOS="713" WIDTH="30"/>
						<String ID="P2_ST00416" HPOS="2486" VPOS="664" WIDTH="385" HEIGHT="49" CONTENT="Kunstfreunden" WC="0.99" CC="6037100067002"/>
						<SP ID="P2_SP00361" HPOS="2871" VPOS="713" WIDTH="45"/>
						<String ID="P2_ST00417" HPOS="2916" VPOS="664" WIDTH="73" HEIGHT="48" CONTENT="die" WC="0.95" CC="039"/>
						<SP ID="P2_SP00362" HPOS="2989" VPOS="713" WIDTH="36"/>
						<String ID="P2_ST00418" HPOS="3025" VPOS="664" WIDTH="265" HEIGHT="48" CONTENT="Sehnsucht" WC="0.99" CC="504774003"/>
						<SP ID="P2_SP00363" HPOS="3290" VPOS="713" WIDTH="41"/>
						<String ID="P2_ST00419" HPOS="3331" VPOS="664" WIDTH="119" HEIGHT="49" CONTENT="nach" WC="0.99" CC="3000"/>
					</TextLine>
					<TextLine ID="P2_TL00057" HPOS="1886" VPOS="743" WIDTH="1563" HEIGHT="53">
						<String ID="P2_ST00420" HPOS="1886" VPOS="743" WIDTH="105" HEIGHT="49" CONTENT="dem" WC="0.96" CC="801"/>
						<SP ID="P2_SP00364" HPOS="1991" VPOS="792" WIDTH="24"/>
						<String ID="P2_ST00421" HPOS="2015" VPOS="744" WIDTH="393" HEIGHT="49" CONTENT="Vollkommenen" WC="0.98" CC="557664652637"/>
						<SP ID="P2_SP00365" HPOS="2408" VPOS="793" WIDTH="30"/>
						<String ID="P2_ST00422" HPOS="2438" VPOS="762" WIDTH="52" HEIGHT="30" CONTENT="zu" WC="0.53" CC="54"/>
						<SP ID="P2_SP00366" HPOS="2490" VPOS="793" WIDTH="36"/>
						<String ID="P2_ST00423" HPOS="2526" VPOS="744" WIDTH="207" HEIGHT="52" CONTENT="wecken," WC="0.98" CC="5000386"/>
						<SP ID="P2_SP00367" HPOS="2733" VPOS="796" WIDTH="32"/>
						<String ID="P2_ST00424" HPOS="2765" VPOS="744" WIDTH="81" HEIGHT="48" CONTENT="das" WC="0.96" CC="036"/>
						<SP ID="P2_SP00368" HPOS="2846" VPOS="796" WIDTH="30"/>
						<String ID="P2_ST00425" HPOS="2876" VPOS="744" WIDTH="43" HEIGHT="48" CONTENT="in" WC="0.59" CC="08"/>
						<SP ID="P2_SP00369" HPOS="2919" VPOS="796" WIDTH="32"/>
						<String ID="P2_ST00426" HPOS="2951" VPOS="744" WIDTH="156" HEIGHT="48" CONTENT="diesen" WC="0.99" CC="000705"/>
						<SP ID="P2_SP00370" HPOS="3107" VPOS="796" WIDTH="30"/>
						<String ID="P2_ST00427" HPOS="3137" VPOS="744" WIDTH="96" HEIGHT="47" CONTENT="drei" WC="0.97" CC="0390"/>
						<SP ID="P2_SP00371" HPOS="3233" VPOS="796" WIDTH="28"/>
						<String ID="P2_ST00428" HPOS="3261" VPOS="744" WIDTH="188" HEIGHT="48" CONTENT="Bänden" WC="0.98" CC="558041"/>
					</TextLine>
					<TextLine ID="P2_TL00058" HPOS="1887" VPOS="823" WIDTH="1565" HEIGHT="67">
						<String ID="P2_ST00429" HPOS="1887" VPOS="824" WIDTH="217" HEIGHT="48" CONTENT="reichlich" WC="0.99" CC="020057504"/>
						<SP ID="P2_SP00372" HPOS="2104" VPOS="872" WIDTH="34"/>
						<String ID="P2_ST00430" HPOS="2138" VPOS="824" WIDTH="202" HEIGHT="66" CONTENT="geboten" WC="0.99" CC="0003401"/>
						<SP ID="P2_SP00373" HPOS="2340" VPOS="890" WIDTH="26"/>
						<String ID="P2_ST00431" HPOS="2366" VPOS="823" WIDTH="133" HEIGHT="53" CONTENT="wird," WC="1.00" CC="00002"/>
						<SP ID="P2_SP00374" HPOS="2499" VPOS="890" WIDTH="33"/>
						<String ID="P2_ST00432" HPOS="2532" VPOS="823" WIDTH="93" HEIGHT="49" CONTENT="und" WC="0.96" CC="090"/>
						<SP ID="P2_SP00375" HPOS="2625" VPOS="890" WIDTH="33"/>
						<String ID="P2_ST00433" HPOS="2658" VPOS="823" WIDTH="281" HEIGHT="49" CONTENT="bezeichnen" WC="0.99" CC="4280200405"/>
						<SP ID="P2_SP00376" HPOS="2939" VPOS="890" WIDTH="30"/>
						<String ID="P2_ST00434" HPOS="2969" VPOS="823" WIDTH="66" HEIGHT="49" CONTENT="als" WC="0.97" CC="062"/>
						<SP ID="P2_SP00377" HPOS="3035" VPOS="890" WIDTH="32"/>
						<String ID="P2_ST00435" HPOS="3067" VPOS="823" WIDTH="255" HEIGHT="49" CONTENT="besonders" WC="0.99" CC="604460050"/>
						<SP ID="P2_SP00378" HPOS="3322" VPOS="890" WIDTH="28"/>
						<String ID="P2_ST00436" HPOS="3350" VPOS="839" WIDTH="77" HEIGHT="32" CONTENT="ver" SUBS_TYPE="HypPart1" SUBS_CONTENT="verständliche" WC="0.99" CC="000"/>
						<HYP HPOS="3427" VPOS="839" WIDTH="25" CONTENT="-"/>
					</TextLine>
					<TextLine ID="P2_TL00059" HPOS="1884" VPOS="901" WIDTH="1568" HEIGHT="66">
						<String ID="P2_ST00437" HPOS="1884" VPOS="903" WIDTH="256" HEIGHT="49" CONTENT="ständliche" SUBS_TYPE="HypPart2" SUBS_CONTENT="verständliche" WC="0.99" CC="6445024060"/>
						<SP ID="P2_SP00379" HPOS="2140" VPOS="952" WIDTH="30"/>
						<String ID="P2_ST00438" HPOS="2170" VPOS="903" WIDTH="93" HEIGHT="49" CONTENT="und" WC="0.98" CC="050"/>
						<SP ID="P2_SP00380" HPOS="2263" VPOS="952" WIDTH="33"/>
						<String ID="P2_ST00439" HPOS="2296" VPOS="903" WIDTH="322" HEIGHT="64" CONTENT="eingängliche" WC="1.00" CC="056704000000"/>
						<SP ID="P2_SP00381" HPOS="2618" VPOS="967" WIDTH="31"/>
						<String ID="P2_ST00440" HPOS="2649" VPOS="904" WIDTH="216" HEIGHT="47" CONTENT="mehrere" WC="0.99" CC="6033040"/>
						<SP ID="P2_SP00382" HPOS="2865" VPOS="967" WIDTH="24"/>
						<String ID="P2_ST00441" HPOS="2889" VPOS="901" WIDTH="83" HEIGHT="49" CONTENT="der" WC="0.96" CC="027"/>
						<SP ID="P2_SP00383" HPOS="2972" VPOS="967" WIDTH="22"/>
						<String ID="P2_ST00442" HPOS="2994" VPOS="901" WIDTH="353" HEIGHT="63" CONTENT="unbekannten," WC="0.99" CC="444000606044"/>
						<SP ID="P2_SP00384" HPOS="3347" VPOS="967" WIDTH="31"/>
						<String ID="P2_ST00443" HPOS="3378" VPOS="901" WIDTH="74" HEIGHT="50" CONTENT="die" WC="1.00" CC="000"/>
					</TextLine>
					<TextLine ID="P2_TL00060" HPOS="1887" VPOS="980" WIDTH="1563" HEIGHT="70">
						<String ID="P2_ST00444" HPOS="1887" VPOS="981" WIDTH="89" HEIGHT="51" CONTENT="den" WC="0.98" CC="004"/>
						<SP ID="P2_SP00385" HPOS="1976" VPOS="1032" WIDTH="30"/>
						<String ID="P2_ST00445" HPOS="2006" VPOS="983" WIDTH="66" HEIGHT="49" CONTENT="oft" WC="0.96" CC="064"/>
						<SP ID="P2_SP00386" HPOS="2072" VPOS="1032" WIDTH="30"/>
						<String ID="P2_ST00446" HPOS="2102" VPOS="983" WIDTH="257" HEIGHT="66" CONTENT="gehörten:" WC="0.99" CC="905543003"/>
						<SP ID="P2_SP00387" HPOS="2359" VPOS="1049" WIDTH="33"/>
						<String ID="P2_ST00447" HPOS="2392" VPOS="983" WIDTH="40" HEIGHT="51" CONTENT="0" WC="0.23" CC="7" STYLEREFS="TXT_1"/>
						<SP ID="P2_SP00388" HPOS="2432" VPOS="1049" WIDTH="29"/>
						<String ID="P2_ST00448" HPOS="2461" VPOS="983" WIDTH="111" HEIGHT="49" CONTENT="bone" WC="0.74" CC="0090" STYLEREFS="TXT_1"/>
						<SP ID="P2_SP00389" HPOS="2572" VPOS="1049" WIDTH="26"/>
						<String ID="P2_ST00449" HPOS="2598" VPOS="980" WIDTH="125" HEIGHT="52" CONTENT="Jesu" WC="0.98" CC="6040" STYLEREFS="TXT_1"/>
						<SP ID="P2_SP00390" HPOS="2723" VPOS="1049" WIDTH="106"/>
						<String ID="P2_ST00450" HPOS="2829" VPOS="981" WIDTH="184" HEIGHT="69" CONTENT="Popule" WC="0.52" CC="047808" STYLEREFS="TXT_1"/>
						<SP ID="P2_SP00391" HPOS="3013" VPOS="1050" WIDTH="26"/>
						<String ID="P2_ST00451" HPOS="3039" VPOS="998" WIDTH="129" HEIGHT="34" CONTENT="mens" WC="0.96" CC="5284" STYLEREFS="TXT_1"/>
						<SP ID="P2_SP00392" HPOS="3168" VPOS="1050" WIDTH="37"/>
						<String ID="P2_ST00452" HPOS="3205" VPOS="981" WIDTH="95" HEIGHT="50" CONTENT="und" WC="0.99" CC="020"/>
						<SP ID="P2_SP00393" HPOS="3300" VPOS="1050" WIDTH="39"/>
						<String ID="P2_ST00453" HPOS="3339" VPOS="981" WIDTH="84" HEIGHT="51" CONTENT="ähn" SUBS_TYPE="HypPart1" SUBS_CONTENT="ähnlichen" WC="0.98" CC="060"/>
						<HYP HPOS="3423" VPOS="981" WIDTH="27" CONTENT="-"/>
					</TextLine>
					<TextLine ID="P2_TL00061" HPOS="1888" VPOS="1060" WIDTH="1564" HEIGHT="66">
						<String ID="P2_ST00454" HPOS="1888" VPOS="1063" WIDTH="149" HEIGHT="48" CONTENT="lichen" SUBS_TYPE="HypPart2" SUBS_CONTENT="ähnlichen" WC="1.00" CC="000000"/>
						<SP ID="P2_SP00394" HPOS="2037" VPOS="1111" WIDTH="33"/>
						<String ID="P2_ST00455" HPOS="2070" VPOS="1063" WIDTH="107" HEIGHT="48" CONTENT="weit" WC="0.97" CC="0056"/>
						<SP ID="P2_SP00395" HPOS="2177" VPOS="1111" WIDTH="27"/>
						<String ID="P2_ST00456" HPOS="2204" VPOS="1063" WIDTH="315" HEIGHT="63" CONTENT="vorangehen." WC="0.99" CC="60008906054"/>
						<SP ID="P2_SP00396" HPOS="2519" VPOS="1126" WIDTH="125"/>
						<String ID="P2_ST00457" HPOS="2644" VPOS="1063" WIDTH="99" HEIGHT="48" CONTENT="Aus" WC="0.98" CC="600"/>
						<SP ID="P2_SP00397" HPOS="2743" VPOS="1126" WIDTH="32"/>
						<String ID="P2_ST00458" HPOS="2775" VPOS="1060" WIDTH="104" HEIGHT="48" CONTENT="dem" WC="0.97" CC="008"/>
						<SP ID="P2_SP00398" HPOS="2879" VPOS="1126" WIDTH="44"/>
						<String ID="P2_ST00459" HPOS="2923" VPOS="1069" WIDTH="192" HEIGHT="41" CONTENT="ersten" WC="0.99" CC="060003"/>
						<SP ID="P2_SP00399" HPOS="3115" VPOS="1126" WIDTH="32"/>
						<String ID="P2_ST00460" HPOS="3147" VPOS="1060" WIDTH="179" HEIGHT="61" CONTENT="Bande," WC="0.99" CC="550001"/>
						<SP ID="P2_SP00400" HPOS="3326" VPOS="1126" WIDTH="43"/>
						<String ID="P2_ST00461" HPOS="3369" VPOS="1060" WIDTH="83" HEIGHT="50" CONTENT="der" WC="0.98" CC="005"/>
					</TextLine>
					<TextLine ID="P2_TL00062" HPOS="1890" VPOS="1140" WIDTH="1562" HEIGHT="67">
						<String ID="P2_ST00462" HPOS="1890" VPOS="1141" WIDTH="116" HEIGHT="50" CONTENT="nach" WC="0.99" CC="0006"/>
						<SP ID="P2_SP00401" HPOS="2006" VPOS="1191" WIDTH="45"/>
						<String ID="P2_ST00463" HPOS="2051" VPOS="1141" WIDTH="105" HEIGHT="50" CONTENT="dem" WC="0.97" CC="017"/>
						<SP ID="P2_SP00402" HPOS="2156" VPOS="1191" WIDTH="35"/>
						<String ID="P2_ST00464" HPOS="2191" VPOS="1143" WIDTH="190" HEIGHT="48" CONTENT="Drucke" WC="0.99" CC="042000"/>
						<SP ID="P2_SP00403" HPOS="2381" VPOS="1191" WIDTH="43"/>
						<String ID="P2_ST00465" HPOS="2424" VPOS="1141" WIDTH="83" HEIGHT="50" CONTENT="der" WC="1.00" CC="000"/>
						<SP ID="P2_SP00404" HPOS="2507" VPOS="1191" WIDTH="31"/>
						<String ID="P2_ST00466" HPOS="2538" VPOS="1141" WIDTH="251" HEIGHT="50" CONTENT="Gebrüder" WC="0.99" CC="20600005"/>
						<SP ID="P2_SP00405" HPOS="2789" VPOS="1191" WIDTH="30"/>
						<String ID="P2_ST00467" HPOS="2819" VPOS="1141" WIDTH="160" HEIGHT="49" CONTENT="Dorici" WC="0.71" CC="431007"/>
						<SP ID="P2_SP00406" HPOS="2979" VPOS="1191" WIDTH="42"/>
						<String ID="P2_ST00468" HPOS="3021" VPOS="1141" WIDTH="45" HEIGHT="49" CONTENT="in" WC="0.80" CC="03"/>
						<SP ID="P2_SP00407" HPOS="3066" VPOS="1191" WIDTH="30"/>
						<String ID="P2_ST00469" HPOS="3096" VPOS="1143" WIDTH="122" HEIGHT="48" CONTENT="Rom" WC="0.98" CC="005"/>
						<SP ID="P2_SP00408" HPOS="3218" VPOS="1191" WIDTH="41"/>
						<String ID="P2_ST00470" HPOS="3259" VPOS="1140" WIDTH="193" HEIGHT="67" CONTENT="(1569)" WC="0.61" CC="507640"/>
					</TextLine>
					<TextLine ID="P2_TL00063" HPOS="1892" VPOS="1219" WIDTH="1166" HEIGHT="60">
						<String ID="P2_ST00471" HPOS="1892" VPOS="1221" WIDTH="276" HEIGHT="50" CONTENT="wiederholt" WC="0.99" CC="0039206404"/>
						<SP ID="P2_SP00409" HPOS="2168" VPOS="1271" WIDTH="35"/>
						<String ID="P2_ST00472" HPOS="2203" VPOS="1221" WIDTH="73" HEIGHT="58" CONTENT="ist," WC="0.99" CC="1010"/>
						<SP ID="P2_SP00410" HPOS="2276" VPOS="1279" WIDTH="39"/>
						<String ID="P2_ST00473" HPOS="2315" VPOS="1220" WIDTH="151" HEIGHT="51" CONTENT="heben" WC="0.99" CC="00305"/>
						<SP ID="P2_SP00411" HPOS="2466" VPOS="1279" WIDTH="41"/>
						<String ID="P2_ST00474" HPOS="2507" VPOS="1221" WIDTH="94" HEIGHT="49" CONTENT="sich" WC="0.97" CC="7007"/>
						<SP ID="P2_SP00412" HPOS="2601" VPOS="1279" WIDTH="40"/>
						<String ID="P2_ST00475" HPOS="2641" VPOS="1220" WIDTH="197" HEIGHT="48" CONTENT="heraus:" WC="0.98" CC="7040462"/>
						<SP ID="P2_SP00413" HPOS="2838" VPOS="1279" WIDTH="47"/>
						<String ID="P2_ST00476" HPOS="2885" VPOS="1220" WIDTH="81" HEIGHT="48" CONTENT="Nr." WC="0.94" CC="544"/>
						<SP ID="P2_SP00414" HPOS="2966" VPOS="1279" WIDTH="39"/>
						<String ID="P2_ST00477" HPOS="3005" VPOS="1219" WIDTH="53" HEIGHT="51" CONTENT="1:" WC="0.72" CC="50"/>
					</TextLine>
					<TextLine ID="P2_TL00064" HPOS="1903" VPOS="1298" WIDTH="1519" HEIGHT="61">
						<String ID="P2_ST00478" HPOS="1903" VPOS="1299" WIDTH="364" HEIGHT="60" CONTENT="Commercium'," WC="0.99" CC="556960401541" STYLEREFS="TXT_1"/>
						<String ID="P2_ST00479" HPOS="2283" VPOS="1303" WIDTH="84" HEIGHT="48" CONTENT="Nr." WC="0.96" CC="424"/>
						<SP ID="P2_SP00415" HPOS="2367" VPOS="1359" WIDTH="32"/>
						<String ID="P2_ST00480" HPOS="2399" VPOS="1300" WIDTH="61" HEIGHT="52" CONTENT="3:" WC="0.71" CC="50"/>
						<SP ID="P2_SP00416" HPOS="2460" VPOS="1359" WIDTH="642"/>
						<String ID="P2_ST00481" HPOS="3102" VPOS="1300" WIDTH="41" HEIGHT="51" CONTENT="0" WC="0.55" CC="4" STYLEREFS="TXT_1"/>
						<SP ID="P2_SP00417" HPOS="3143" VPOS="1359" WIDTH="95"/>
						<String ID="P2_ST00482" HPOS="3238" VPOS="1298" WIDTH="184" HEIGHT="53" CONTENT="Antoni" WC="0.66" CC="526220" STYLEREFS="TXT_1"/>
						<SP ID="P2_SP00418" HPOS="3422" VPOS="1359" WIDTH="-401"/>
						<String ID="P2_ST00483" HPOS="3021" VPOS="1300" WIDTH="83" HEIGHT="51" CONTENT="Nr." WC="0.97" CC="360"/>
						<SP ID="P2_SP00419" HPOS="3422" VPOS="1359" WIDTH="-285"/>
						<String ID="P2_ST00484" HPOS="3137" VPOS="1299" WIDTH="59" HEIGHT="51" CONTENT="6:" WC="0.61" CC="70"/>
					</TextLine>
					<TextLine ID="P2_TL00065" HPOS="1898" VPOS="1379" WIDTH="1555" HEIGHT="66">
						<String ID="P2_ST00485" HPOS="1898" VPOS="1380" WIDTH="210" HEIGHT="51" CONTENT="tulerunt" WC="0.59" CC="73061255" STYLEREFS="TXT_1"/>
						<SP ID="P2_SP00420" HPOS="2108" VPOS="1431" WIDTH="272"/>
						<String ID="P2_ST00486" HPOS="2380" VPOS="1379" WIDTH="132" HEIGHT="63" CONTENT="Dominum," WC="0.98" CC="63005594" STYLEREFS="TXT_1"/>
						<String ID="P2_ST00487" HPOS="2513" VPOS="1381" WIDTH="80" HEIGHT="49" CONTENT="mit" WC="0.97" CC="600"/>
						<SP ID="P2_SP00421" HPOS="2593" VPOS="1442" WIDTH="1"/>
						<String ID="P2_ST00488" HPOS="2594" VPOS="1380" WIDTH="228" HEIGHT="50" CONTENT="liedhafter" WC="0.99" CC="5000605405"/>
						<SP ID="P2_SP00422" HPOS="2822" VPOS="1442" WIDTH="45"/>
						<String ID="P2_ST00489" HPOS="2867" VPOS="1379" WIDTH="240" HEIGHT="51" CONTENT="Cantilene" WC="0.72" CC="402444040"/>
						<SP ID="P2_SP00423" HPOS="3107" VPOS="1442" WIDTH="42"/>
						<String ID="P2_ST00490" HPOS="3149" VPOS="1398" WIDTH="56" HEIGHT="30" CONTENT="zu" WC="0.56" CC="62"/>
						<SP ID="P2_SP00424" HPOS="3205" VPOS="1442" WIDTH="43"/>
						<String ID="P2_ST00491" HPOS="3248" VPOS="1380" WIDTH="205" HEIGHT="65" CONTENT="Anfang," WC="0.99" CC="7004300"/>
					</TextLine>
					<TextLine ID="P2_TL00066" HPOS="1888" VPOS="1459" WIDTH="1565" HEIGHT="67">
						<String ID="P2_ST00492" HPOS="1888" VPOS="1461" WIDTH="297" HEIGHT="65" CONTENT="dergleichen" WC="1.00" CC="00501000500"/>
						<SP ID="P2_SP00425" HPOS="2185" VPOS="1526" WIDTH="40"/>
						<String ID="P2_ST00493" HPOS="2225" VPOS="1461" WIDTH="73" HEIGHT="49" CONTENT="die" WC="1.00" CC="000"/>
						<SP ID="P2_SP00426" HPOS="2298" VPOS="1526" WIDTH="30"/>
						<String ID="P2_ST00494" HPOS="2328" VPOS="1460" WIDTH="339" HEIGHT="50" CONTENT="Niederländer" WC="1.00" CC="000003206000"/>
						<SP ID="P2_SP00427" HPOS="2667" VPOS="1526" WIDTH="38"/>
						<String ID="P2_ST00495" HPOS="2705" VPOS="1477" WIDTH="80" HEIGHT="31" CONTENT="vor" WC="0.97" CC="330"/>
						<SP ID="P2_SP00428" HPOS="2785" VPOS="1526" WIDTH="42"/>
						<String ID="P2_ST00496" HPOS="2827" VPOS="1459" WIDTH="100" HEIGHT="49" CONTENT="Orl." WC="0.56" CC="5560"/>
						<SP ID="P2_SP00429" HPOS="2927" VPOS="1526" WIDTH="33"/>
						<String ID="P2_ST00497" HPOS="2960" VPOS="1460" WIDTH="169" HEIGHT="48" CONTENT="Lassus" WC="0.76" CC="004054"/>
						<SP ID="P2_SP00430" HPOS="3129" VPOS="1526" WIDTH="39"/>
						<String ID="P2_ST00498" HPOS="3168" VPOS="1459" WIDTH="160" HEIGHT="66" CONTENT="häufig" WC="0.97" CC="466339"/>
						<SP ID="P2_SP00431" HPOS="3328" VPOS="1526" WIDTH="41"/>
						<String ID="P2_ST00499" HPOS="3369" VPOS="1459" WIDTH="56" HEIGHT="49" CONTENT="ha" SUBS_TYPE="HypPart1" SUBS_CONTENT="haben;" WC="0.96" CC="60"/>
						<HYP HPOS="3425" VPOS="1459" WIDTH="28" CONTENT="-"/>
					</TextLine>
					<TextLine ID="P2_TL00067" HPOS="1890" VPOS="1535" WIDTH="1569" HEIGHT="61">
						<String ID="P2_ST00500" HPOS="1890" VPOS="1539" WIDTH="115" HEIGHT="57" CONTENT="ben;" SUBS_TYPE="HypPart2" SUBS_CONTENT="haben;" WC="0.96" CC="7075"/>
						<SP ID="P2_SP00432" HPOS="2005" VPOS="1596" WIDTH="32"/>
						<String ID="P2_ST00501" HPOS="2037" VPOS="1540" WIDTH="82" HEIGHT="50" CONTENT="Nr." WC="0.96" CC="036"/>
						<SP ID="P2_SP00433" HPOS="2119" VPOS="1596" WIDTH="33"/>
						<String ID="P2_ST00502" HPOS="2152" VPOS="1539" WIDTH="59" HEIGHT="51" CONTENT="8:" WC="0.75" CC="04"/>
						<SP ID="P2_SP00434" HPOS="2211" VPOS="1596" WIDTH="400"/>
						<String ID="P2_ST00503" HPOS="2611" VPOS="1539" WIDTH="41" HEIGHT="51" CONTENT="0" WC="0.57" CC="4" STYLEREFS="TXT_1"/>
						<SP ID="P2_SP00435" HPOS="2652" VPOS="1596" WIDTH="27"/>
						<String ID="P2_ST00504" HPOS="2679" VPOS="1539" WIDTH="82" HEIGHT="51" CONTENT="lux" WC="0.99" CC="030" STYLEREFS="TXT_1"/>
						<SP ID="P2_SP00436" HPOS="2761" VPOS="1596" WIDTH="202"/>
						<String ID="P2_ST00505" HPOS="2963" VPOS="1539" WIDTH="133" HEIGHT="49" CONTENT="beata" WC="0.55" CC="30566" STYLEREFS="TXT_2"/>
						<SP ID="P2_SP00437" HPOS="3096" VPOS="1596" WIDTH="212"/>
						<String ID="P2_ST00506" HPOS="3308" VPOS="1535" WIDTH="151" HEIGHT="53" CONTENT="Trinit" WC="0.71" CC="500406" STYLEREFS="TXT_1"/>
						<String ID="P2_ST00507" HPOS="2865" VPOS="1539" WIDTH="82" HEIGHT="48" CONTENT="Nr." WC="0.96" CC="064"/>
						<SP ID="P2_SP00438" HPOS="3459" VPOS="1596" WIDTH="-476"/>
						<String ID="P2_ST00508" HPOS="2983" VPOS="1536" WIDTH="94" HEIGHT="52" CONTENT="13:" WC="0.50" CC="365"/>
					</TextLine>
					<TextLine ID="P2_TL00068" HPOS="1887" VPOS="1616" WIDTH="1565" HEIGHT="69">
						<String ID="P2_ST00509" HPOS="1887" VPOS="1619" WIDTH="196" HEIGHT="62" CONTENT="rentius," WC="0.99" CC="22560330" STYLEREFS="TXT_1"/>
						<SP ID="P2_SP00439" HPOS="2083" VPOS="1681" WIDTH="40"/>
						<String ID="P2_ST00510" HPOS="2123" VPOS="1622" WIDTH="81" HEIGHT="47" CONTENT="mit" WC="0.95" CC="606"/>
						<SP ID="P2_SP00440" HPOS="2204" VPOS="1681" WIDTH="31"/>
						<String ID="P2_ST00511" HPOS="2235" VPOS="1618" WIDTH="178" HEIGHT="52" CONTENT="öantus" WC="0.74" CC="701600" STYLEREFS="TXT_1"/>
						<SP ID="P2_SP00441" HPOS="2413" VPOS="1681" WIDTH="19"/>
						<String ID="P2_ST00512" HPOS="2432" VPOS="1619" WIDTH="179" HEIGHT="66" CONTENT="firmus" WC="0.92" CC="000400" STYLEREFS="TXT_1"/>
						<SP ID="P2_SP00442" HPOS="2611" VPOS="1685" WIDTH="29"/>
						<String ID="P2_ST00513" HPOS="2640" VPOS="1619" WIDTH="60" HEIGHT="48" CONTENT="im" WC="0.63" CC="07"/>
						<SP ID="P2_SP00443" HPOS="2700" VPOS="1685" WIDTH="33"/>
						<String ID="P2_ST00514" HPOS="2733" VPOS="1619" WIDTH="192" HEIGHT="48" CONTENT="zweiten" WC="0.99" CC="8000602"/>
						<SP ID="P2_SP00444" HPOS="2925" VPOS="1685" WIDTH="33"/>
						<String ID="P2_ST00515" HPOS="2958" VPOS="1616" WIDTH="235" HEIGHT="66" CONTENT="Tenor*);" WC="1.00" CC="20030200"/>
						<SP ID="P2_SP00445" HPOS="3193" VPOS="1685" WIDTH="44"/>
						<String ID="P2_ST00516" HPOS="3237" VPOS="1619" WIDTH="81" HEIGHT="48" CONTENT="Nr." WC="1.00" CC="001"/>
						<SP ID="P2_SP00446" HPOS="3318" VPOS="1685" WIDTH="33"/>
						<String ID="P2_ST00517" HPOS="3351" VPOS="1616" WIDTH="101" HEIGHT="53" CONTENT="32:" WC="0.73" CC="080"/>
					</TextLine>
					<TextLine ID="P2_TL00069" HPOS="1915" VPOS="1698" WIDTH="1535" HEIGHT="63">
						<String ID="P2_ST00518" HPOS="1915" VPOS="1698" WIDTH="75" HEIGHT="51" CONTENT="Tu" WC="0.76" CC="04" STYLEREFS="TXT_1"/>
						<SP ID="P2_SP00447" HPOS="1990" VPOS="1749" WIDTH="124"/>
						<String ID="P2_ST00519" HPOS="2114" VPOS="1715" WIDTH="47" HEIGHT="35" CONTENT="es" WC="0.94" CC="01" STYLEREFS="TXT_1"/>
						<SP ID="P2_SP00448" HPOS="2161" VPOS="1750" WIDTH="101"/>
						<String ID="P2_ST00520" HPOS="2262" VPOS="1699" WIDTH="125" HEIGHT="62" CONTENT="Petrus," WC="0.97" CC="8987790" STYLEREFS="TXT_1"/>
						<String ID="P2_ST00521" HPOS="2388" VPOS="1699" WIDTH="82" HEIGHT="50" CONTENT="dessen" WC="0.98" CC="005640"/>
						<SP ID="P2_SP00449" HPOS="2470" VPOS="1761" WIDTH="46"/>
						<String ID="P2_ST00522" HPOS="2516" VPOS="1699" WIDTH="290" HEIGHT="48" CONTENT="mildheitere" WC="0.99" CC="70007027050"/>
						<SP ID="P2_SP00450" HPOS="2806" VPOS="1761" WIDTH="44"/>
						<String ID="P2_ST00523" HPOS="2850" VPOS="1698" WIDTH="256" HEIGHT="49" CONTENT="Schönheit" WC="0.99" CC="405056631"/>
						<SP ID="P2_SP00451" HPOS="3106" VPOS="1761" WIDTH="43"/>
						<String ID="P2_ST00524" HPOS="3149" VPOS="1698" WIDTH="124" HEIGHT="49" CONTENT="wohl" WC="0.97" CC="0573"/>
						<SP ID="P2_SP00452" HPOS="3273" VPOS="1761" WIDTH="43"/>
						<String ID="P2_ST00525" HPOS="3316" VPOS="1699" WIDTH="134" HEIGHT="47" CONTENT="einen" WC="0.99" CC="00505"/>
					</TextLine>
					<TextLine ID="P2_TL00070" HPOS="1890" VPOS="1775" WIDTH="1562" HEIGHT="70">
						<String ID="P2_ST00526" HPOS="1890" VPOS="1779" WIDTH="246" HEIGHT="66" CONTENT="Vergleich" WC="0.99" CC="102060004"/>
						<SP ID="P2_SP00453" HPOS="2136" VPOS="1845" WIDTH="23"/>
						<String ID="P2_ST00527" HPOS="2159" VPOS="1780" WIDTH="166" HEIGHT="50" CONTENT="zulässt" WC="0.67" CC="6420304"/>
						<SP ID="P2_SP00454" HPOS="2325" VPOS="1845" WIDTH="31"/>
						<String ID="P2_ST00528" HPOS="2356" VPOS="1779" WIDTH="82" HEIGHT="48" CONTENT="mit" WC="0.97" CC="404"/>
						<SP ID="P2_SP00455" HPOS="2438" VPOS="1845" WIDTH="28"/>
						<String ID="P2_ST00529" HPOS="2466" VPOS="1778" WIDTH="85" HEIGHT="48" CONTENT="der" WC="0.99" CC="001"/>
						<SP ID="P2_SP00456" HPOS="2551" VPOS="1845" WIDTH="28"/>
						<String ID="P2_ST00530" HPOS="2579" VPOS="1787" WIDTH="203" HEIGHT="49" CONTENT="ernsten," WC="0.99" CC="23016071"/>
						<SP ID="P2_SP00457" HPOS="2782" VPOS="1845" WIDTH="23"/>
						<String ID="P2_ST00531" HPOS="2805" VPOS="1776" WIDTH="69" HEIGHT="68" CONTENT="ja," WC="0.99" CC="003"/>
						<SP ID="P2_SP00458" HPOS="2874" VPOS="1845" WIDTH="30"/>
						<String ID="P2_ST00532" HPOS="2904" VPOS="1775" WIDTH="177" HEIGHT="51" CONTENT="herben" WC="0.99" CC="600502"/>
						<SP ID="P2_SP00459" HPOS="3081" VPOS="1845" WIDTH="26"/>
						<String ID="P2_ST00533" HPOS="3107" VPOS="1778" WIDTH="213" HEIGHT="64" CONTENT="Fassung" WC="0.98" CC="1663039"/>
						<SP ID="P2_SP00460" HPOS="3320" VPOS="1845" WIDTH="26"/>
						<String ID="P2_ST00534" HPOS="3346" VPOS="1775" WIDTH="80" HEIGHT="51" CONTENT="der" SUBS_TYPE="HypPart1" SUBS_CONTENT="derselben" WC="0.99" CC="000"/>
						<HYP HPOS="3426" VPOS="1775" WIDTH="26" CONTENT="-"/>
					</TextLine>
					<TextLine ID="P2_TL00071" HPOS="1887" VPOS="1856" WIDTH="1563" HEIGHT="67">
						<String ID="P2_ST00535" HPOS="1887" VPOS="1859" WIDTH="159" HEIGHT="50" CONTENT="selben" SUBS_TYPE="HypPart2" SUBS_CONTENT="derselben" WC="0.98" CC="007507"/>
						<SP ID="P2_SP00461" HPOS="2046" VPOS="1909" WIDTH="29"/>
						<String ID="P2_ST00536" HPOS="2075" VPOS="1859" WIDTH="173" HEIGHT="50" CONTENT="Worte" WC="0.99" CC="00450"/>
						<SP ID="P2_SP00462" HPOS="2248" VPOS="1909" WIDTH="30"/>
						<String ID="P2_ST00537" HPOS="2278" VPOS="1858" WIDTH="75" HEIGHT="51" CONTENT="bei" WC="0.97" CC="700"/>
						<SP ID="P2_SP00463" HPOS="2353" VPOS="1909" WIDTH="33"/>
						<String ID="P2_ST00538" HPOS="2386" VPOS="1858" WIDTH="239" HEIGHT="57" CONTENT="Willaert," WC="0.87" CC="000401500"/>
						<SP ID="P2_SP00464" HPOS="2625" VPOS="1915" WIDTH="43"/>
						<String ID="P2_ST00539" HPOS="2668" VPOS="1856" WIDTH="83" HEIGHT="50" CONTENT="der" WC="0.98" CC="005"/>
						<SP ID="P2_SP00465" HPOS="2751" VPOS="1915" WIDTH="29"/>
						<String ID="P2_ST00540" HPOS="2780" VPOS="1856" WIDTH="286" HEIGHT="67" CONTENT="glänzenden" WC="0.99" CC="0091603025"/>
						<SP ID="P2_SP00466" HPOS="3066" VPOS="1923" WIDTH="41"/>
						<String ID="P2_ST00541" HPOS="3107" VPOS="1856" WIDTH="72" HEIGHT="49" CONTENT="bei" WC="0.98" CC="600"/>
						<SP ID="P2_SP00467" HPOS="3179" VPOS="1923" WIDTH="31"/>
						<String ID="P2_ST00542" HPOS="3210" VPOS="1856" WIDTH="74" HEIGHT="50" CONTENT="AI." WC="0.94" CC="474"/>
						<SP ID="P2_SP00468" HPOS="3284" VPOS="1923" WIDTH="29"/>
						<String ID="P2_ST00543" HPOS="3313" VPOS="1856" WIDTH="110" HEIGHT="49" CONTENT="Scar" SUBS_TYPE="HypPart1" SUBS_CONTENT="Scarlatti." WC="0.93" CC="0002"/>
						<HYP HPOS="3423" VPOS="1856" WIDTH="27" CONTENT="-"/>
					</TextLine>
					<TextLine ID="P2_TL00072" HPOS="1890" VPOS="1936" WIDTH="1563" HEIGHT="58">
						<String ID="P2_ST00544" HPOS="1890" VPOS="1939" WIDTH="110" HEIGHT="50" CONTENT="latti." SUBS_TYPE="HypPart2" SUBS_CONTENT="Scarlatti." WC="0.84" CC="006030"/>
						<SP ID="P2_SP00469" HPOS="2000" VPOS="1989" WIDTH="58"/>
						<String ID="P2_ST00545" HPOS="2058" VPOS="1938" WIDTH="373" HEIGHT="49" CONTENT="Merkenswerth" WC="0.77" CC="401006400306"/>
						<SP ID="P2_SP00470" HPOS="2431" VPOS="1989" WIDTH="39"/>
						<String ID="P2_ST00546" HPOS="2470" VPOS="1938" WIDTH="74" HEIGHT="56" CONTENT="ist," WC="0.98" CC="0223"/>
						<SP ID="P2_SP00471" HPOS="2544" VPOS="1994" WIDTH="43"/>
						<String ID="P2_ST00547" HPOS="2587" VPOS="1936" WIDTH="104" HEIGHT="50" CONTENT="dass" WC="1.00" CC="0000"/>
						<SP ID="P2_SP00472" HPOS="2691" VPOS="1994" WIDTH="41"/>
						<String ID="P2_ST00548" HPOS="2732" VPOS="1936" WIDTH="259" HEIGHT="50" CONTENT="Palestrina" WC="0.67" CC="5040381270"/>
						<SP ID="P2_SP00473" HPOS="2991" VPOS="1994" WIDTH="44"/>
						<String ID="P2_ST00549" HPOS="3035" VPOS="1936" WIDTH="94" HEIGHT="49" CONTENT="und" WC="0.98" CC="400"/>
						<SP ID="P2_SP00474" HPOS="3129" VPOS="1994" WIDTH="41"/>
						<String ID="P2_ST00550" HPOS="3170" VPOS="1936" WIDTH="73" HEIGHT="49" CONTENT="die" WC="0.99" CC="020"/>
						<SP ID="P2_SP00475" HPOS="3243" VPOS="1994" WIDTH="32"/>
						<String ID="P2_ST00551" HPOS="3275" VPOS="1936" WIDTH="178" HEIGHT="49" CONTENT="Römer" WC="0.98" CC="60601"/>
					</TextLine>
					<TextLine ID="P2_TL00073" HPOS="1890" VPOS="2014" WIDTH="1559" HEIGHT="70">
						<String ID="P2_ST00552" HPOS="1890" VPOS="2018" WIDTH="73" HEIGHT="49" CONTENT="bei" WC="0.98" CC="006"/>
						<SP ID="P2_SP00476" HPOS="1963" VPOS="2067" WIDTH="26"/>
						<String ID="P2_ST00553" HPOS="1989" VPOS="2018" WIDTH="222" HEIGHT="66" CONTENT="übrigens" WC="1.00" CC="00000060"/>
						<SP ID="P2_SP00477" HPOS="2211" VPOS="2084" WIDTH="24"/>
						<String ID="P2_ST00554" HPOS="2235" VPOS="2018" WIDTH="221" HEIGHT="65" CONTENT="richtiger" WC="0.99" CC="400160020"/>
						<SP ID="P2_SP00478" HPOS="2456" VPOS="2084" WIDTH="23"/>
						<String ID="P2_ST00555" HPOS="2479" VPOS="2015" WIDTH="527" HEIGHT="69" CONTENT="Sylben-Declamation" WC="0.67" CC="460705230040726052"/>
						<SP ID="P2_SP00479" HPOS="3006" VPOS="2084" WIDTH="23"/>
						<String ID="P2_ST00556" HPOS="3029" VPOS="2014" WIDTH="87" HEIGHT="51" CONTENT="den" WC="0.98" CC="005"/>
						<SP ID="P2_SP00480" HPOS="3116" VPOS="2084" WIDTH="26"/>
						<String ID="P2_ST00557" HPOS="3142" VPOS="2015" WIDTH="307" HEIGHT="66" CONTENT="eigentlichen" WC="0.99" CC="000078120205"/>
					</TextLine>
					<TextLine ID="P2_TL00074" HPOS="1892" VPOS="2095" WIDTH="1558" HEIGHT="68">
						<String ID="P2_ST00558" HPOS="1892" VPOS="2096" WIDTH="381" HEIGHT="51" CONTENT="Wortausdruck" WC="0.99" CC="066606080300"/>
						<SP ID="P2_SP00481" HPOS="2273" VPOS="2147" WIDTH="32"/>
						<String ID="P2_ST00559" HPOS="2305" VPOS="2096" WIDTH="208" HEIGHT="67" CONTENT="weniger" WC="1.00" CC="0010000"/>
						<SP ID="P2_SP00482" HPOS="2513" VPOS="2163" WIDTH="31"/>
						<String ID="P2_ST00560" HPOS="2544" VPOS="2095" WIDTH="325" HEIGHT="50" CONTENT="heraustreten" WC="0.99" CC="604024560106"/>
						<SP ID="P2_SP00483" HPOS="2869" VPOS="2163" WIDTH="29"/>
						<String ID="P2_ST00561" HPOS="2898" VPOS="2096" WIDTH="168" HEIGHT="58" CONTENT="lassen," WC="0.99" CC="5020074"/>
						<SP ID="P2_SP00484" HPOS="3066" VPOS="2163" WIDTH="38"/>
						<String ID="P2_ST00562" HPOS="3104" VPOS="2095" WIDTH="66" HEIGHT="48" CONTENT="als" WC="0.99" CC="020"/>
						<SP ID="P2_SP00485" HPOS="3170" VPOS="2163" WIDTH="28"/>
						<String ID="P2_ST00563" HPOS="3198" VPOS="2095" WIDTH="73" HEIGHT="48" CONTENT="die" WC="1.00" CC="000"/>
						<SP ID="P2_SP00486" HPOS="3271" VPOS="2163" WIDTH="29"/>
						<String ID="P2_ST00564" HPOS="3300" VPOS="2095" WIDTH="120" HEIGHT="48" CONTENT="Deut" SUBS_TYPE="HypPart1" SUBS_CONTENT="Deutschen;" WC="0.99" CC="0022"/>
						<HYP HPOS="3420" VPOS="2095" WIDTH="30" CONTENT="-"/>
					</TextLine>
					<TextLine ID="P2_TL00075" HPOS="1887" VPOS="2173" WIDTH="1565" HEIGHT="68">
						<String ID="P2_ST00565" HPOS="1887" VPOS="2178" WIDTH="168" HEIGHT="58" CONTENT="schen;" SUBS_TYPE="HypPart2" SUBS_CONTENT="Deutschen;" WC="0.99" CC="006010"/>
						<SP ID="P2_SP00487" HPOS="2055" VPOS="2236" WIDTH="47"/>
						<String ID="P2_ST00566" HPOS="2102" VPOS="2178" WIDTH="123" HEIGHT="49" CONTENT="wohl" WC="0.97" CC="9060"/>
						<SP ID="P2_SP00488" HPOS="2225" VPOS="2236" WIDTH="30"/>
						<String ID="P2_ST00567" HPOS="2255" VPOS="2178" WIDTH="57" HEIGHT="48" CONTENT="ist" WC="0.97" CC="007"/>
						<SP ID="P2_SP00489" HPOS="2312" VPOS="2236" WIDTH="27"/>
						<String ID="P2_ST00568" HPOS="2339" VPOS="2177" WIDTH="84" HEIGHT="49" CONTENT="der" WC="0.98" CC="006"/>
						<SP ID="P2_SP00490" HPOS="2423" VPOS="2236" WIDTH="29"/>
						<String ID="P2_ST00569" HPOS="2452" VPOS="2175" WIDTH="276" HEIGHT="66" CONTENT="allgemeine" WC="0.99" CC="0239104261"/>
						<SP ID="P2_SP00491" HPOS="2728" VPOS="2241" WIDTH="29"/>
						<String ID="P2_ST00570" HPOS="2757" VPOS="2175" WIDTH="154" HEIGHT="50" CONTENT="Inhalt" WC="0.98" CC="803066"/>
						<SP ID="P2_SP00492" HPOS="2911" VPOS="2241" WIDTH="38"/>
						<String ID="P2_ST00571" HPOS="2949" VPOS="2173" WIDTH="387" HEIGHT="62" CONTENT="durchblickend," WC="0.99" CC="04204451004304"/>
						<SP ID="P2_SP00493" HPOS="3336" VPOS="2241" WIDTH="42"/>
						<String ID="P2_ST00572" HPOS="3378" VPOS="2174" WIDTH="74" HEIGHT="49" CONTENT="die" WC="0.99" CC="020"/>
					</TextLine>
					<TextLine ID="P2_TL00076" HPOS="1893" VPOS="2253" WIDTH="1555" HEIGHT="71">
						<String ID="P2_ST00573" HPOS="1893" VPOS="2257" WIDTH="366" HEIGHT="67" CONTENT="Wendepunkte" WC="0.99" CC="00400959770"/>
						<SP ID="P2_SP00494" HPOS="2259" VPOS="2324" WIDTH="29"/>
						<String ID="P2_ST00574" HPOS="2288" VPOS="2257" WIDTH="143" HEIGHT="49" CONTENT="schön" WC="0.97" CC="50094"/>
						<SP ID="P2_SP00495" HPOS="2431" VPOS="2324" WIDTH="34"/>
						<String ID="P2_ST00575" HPOS="2465" VPOS="2255" WIDTH="283" HEIGHT="54" CONTENT="bezeichnet," WC="0.99" CC="00500465260"/>
						<SP ID="P2_SP00496" HPOS="2748" VPOS="2324" WIDTH="38"/>
						<String ID="P2_ST00576" HPOS="2786" VPOS="2253" WIDTH="116" HEIGHT="51" CONTENT="aber" WC="0.98" CC="0505"/>
						<SP ID="P2_SP00497" HPOS="2902" VPOS="2324" WIDTH="30"/>
						<String ID="P2_ST00577" HPOS="2932" VPOS="2254" WIDTH="81" HEIGHT="50" CONTENT="das" WC="0.97" CC="006"/>
						<SP ID="P2_SP00498" HPOS="3013" VPOS="2324" WIDTH="30"/>
						<String ID="P2_ST00578" HPOS="3043" VPOS="2254" WIDTH="172" HEIGHT="50" CONTENT="Pathos" WC="0.99" CC="030613"/>
						<SP ID="P2_SP00499" HPOS="3215" VPOS="2324" WIDTH="31"/>
						<String ID="P2_ST00579" HPOS="3246" VPOS="2254" WIDTH="84" HEIGHT="48" CONTENT="der" WC="1.00" CC="000"/>
						<SP ID="P2_SP00500" HPOS="3330" VPOS="2324" WIDTH="31"/>
						<String ID="P2_ST00580" HPOS="3361" VPOS="2254" WIDTH="58" HEIGHT="48" CONTENT="Be" SUBS_TYPE="HypPart1" SUBS_CONTENT="Betonung," WC="0.97" CC="60"/>
						<HYP HPOS="3419" VPOS="2254" WIDTH="29" CONTENT="-"/>
					</TextLine>
					<TextLine ID="P2_TL00077" HPOS="1888" VPOS="2333" WIDTH="1562" HEIGHT="68">
						<String ID="P2_ST00581" HPOS="1888" VPOS="2347" WIDTH="196" HEIGHT="54" CONTENT="tonung," SUBS_TYPE="HypPart2" SUBS_CONTENT="Betonung," WC="0.99" CC="9004600"/>
						<SP ID="P2_SP00501" HPOS="2084" VPOS="2401" WIDTH="32"/>
						<String ID="P2_ST00582" HPOS="2116" VPOS="2335" WIDTH="162" HEIGHT="50" CONTENT="dessen" WC="0.98" CC="009631"/>
						<SP ID="P2_SP00502" HPOS="2278" VPOS="2401" WIDTH="34"/>
						<String ID="P2_ST00583" HPOS="2312" VPOS="2337" WIDTH="83" HEIGHT="47" CONTENT="wir" WC="0.99" CC="030"/>
						<SP ID="P2_SP00503" HPOS="2395" VPOS="2401" WIDTH="32"/>
						<String ID="P2_ST00584" HPOS="2427" VPOS="2335" WIDTH="222" HEIGHT="65" CONTENT="gewohnt" WC="0.98" CC="0044066"/>
						<SP ID="P2_SP00504" HPOS="2649" VPOS="2401" WIDTH="28"/>
						<String ID="P2_ST00585" HPOS="2677" VPOS="2333" WIDTH="118" HEIGHT="56" CONTENT="sind," WC="0.99" CC="40302"/>
						<SP ID="P2_SP00505" HPOS="2795" VPOS="2401" WIDTH="38"/>
						<String ID="P2_ST00586" HPOS="2833" VPOS="2335" WIDTH="55" HEIGHT="46" CONTENT="ist" WC="0.95" CC="056"/>
						<SP ID="P2_SP00506" HPOS="2888" VPOS="2401" WIDTH="29"/>
						<String ID="P2_ST00587" HPOS="2917" VPOS="2334" WIDTH="126" HEIGHT="48" CONTENT="nicht" WC="0.99" CC="31060"/>
						<SP ID="P2_SP00507" HPOS="3043" VPOS="2401" WIDTH="29"/>
						<String ID="P2_ST00588" HPOS="3072" VPOS="2333" WIDTH="81" HEIGHT="49" CONTENT="das" WC="0.98" CC="005"/>
						<SP ID="P2_SP00508" HPOS="3153" VPOS="2401" WIDTH="32"/>
						<String ID="P2_ST00589" HPOS="3185" VPOS="2333" WIDTH="265" HEIGHT="66" CONTENT="Regelnde;" WC="1.00" CC="600007000"/>
					</TextLine>
					<TextLine ID="P2_TL00078" HPOS="1888" VPOS="2413" WIDTH="1562" HEIGHT="67">
						<String ID="P2_ST00590" HPOS="1888" VPOS="2417" WIDTH="118" HEIGHT="48" CONTENT="doch" WC="0.98" CC="0054"/>
						<SP ID="P2_SP00509" HPOS="2006" VPOS="2465" WIDTH="32"/>
						<String ID="P2_ST00591" HPOS="2038" VPOS="2417" WIDTH="104" HEIGHT="48" CONTENT="thut" WC="0.83" CC="0401"/>
						<SP ID="P2_SP00510" HPOS="2142" VPOS="2465" WIDTH="31"/>
						<String ID="P2_ST00592" HPOS="2173" VPOS="2415" WIDTH="150" HEIGHT="50" CONTENT="dieser" WC="0.99" CC="000252"/>
						<SP ID="P2_SP00511" HPOS="2323" VPOS="2465" WIDTH="24"/>
						<String ID="P2_ST00593" HPOS="2347" VPOS="2415" WIDTH="184" HEIGHT="65" CONTENT="Mangel" WC="0.97" CC="258906"/>
						<SP ID="P2_SP00512" HPOS="2531" VPOS="2480" WIDTH="33"/>
						<String ID="P2_ST00594" HPOS="2564" VPOS="2413" WIDTH="104" HEIGHT="49" CONTENT="dem" WC="0.97" CC="006"/>
						<SP ID="P2_SP00513" HPOS="2668" VPOS="2480" WIDTH="28"/>
						<String ID="P2_ST00595" HPOS="2696" VPOS="2414" WIDTH="168" HEIGHT="48" CONTENT="Gehalt" WC="0.98" CC="307006"/>
						<SP ID="P2_SP00514" HPOS="2864" VPOS="2480" WIDTH="29"/>
						<String ID="P2_ST00596" HPOS="2893" VPOS="2413" WIDTH="82" HEIGHT="48" CONTENT="der" WC="0.95" CC="056"/>
						<SP ID="P2_SP00515" HPOS="2975" VPOS="2480" WIDTH="23"/>
						<String ID="P2_ST00597" HPOS="2998" VPOS="2413" WIDTH="257" HEIGHT="48" CONTENT="Tonbilder" WC="0.71" CC="056500035"/>
						<SP ID="P2_SP00516" HPOS="3255" VPOS="2480" WIDTH="32"/>
						<String ID="P2_ST00598" HPOS="3287" VPOS="2413" WIDTH="163" HEIGHT="48" CONTENT="keinen" WC="0.99" CC="022406"/>
					</TextLine>
					<TextLine ID="P2_TL00079" HPOS="1891" VPOS="2493" WIDTH="1561" HEIGHT="65">
						<String ID="P2_ST00599" HPOS="1891" VPOS="2498" WIDTH="213" HEIGHT="60" CONTENT="Eintrag," WC="0.99" CC="00500490"/>
						<SP ID="P2_SP00517" HPOS="2104" VPOS="2558" WIDTH="31"/>
						<String ID="P2_ST00600" HPOS="2135" VPOS="2497" WIDTH="86" HEIGHT="48" CONTENT="wie" WC="1.00" CC="000"/>
						<SP ID="P2_SP00518" HPOS="2221" VPOS="2558" WIDTH="34"/>
						<String ID="P2_ST00601" HPOS="2255" VPOS="2503" WIDTH="136" HEIGHT="42" CONTENT="unter" WC="0.96" CC="64594"/>
						<SP ID="P2_SP00519" HPOS="2391" VPOS="2558" WIDTH="33"/>
						<String ID="P2_ST00602" HPOS="2424" VPOS="2494" WIDTH="234" HEIGHT="50" CONTENT="Anderem" WC="0.98" CC="7500306"/>
						<SP ID="P2_SP00520" HPOS="2658" VPOS="2558" WIDTH="33"/>
						<String ID="P2_ST00603" HPOS="2691" VPOS="2493" WIDTH="81" HEIGHT="47" CONTENT="der" WC="0.93" CC="856"/>
						<SP ID="P2_SP00521" HPOS="2772" VPOS="2558" WIDTH="32"/>
						<String ID="P2_ST00604" HPOS="2804" VPOS="2493" WIDTH="165" HEIGHT="65" CONTENT="ruhige" WC="0.99" CC="120400"/>
						<SP ID="P2_SP00522" HPOS="2969" VPOS="2558" WIDTH="28"/>
						<String ID="P2_ST00605" HPOS="2997" VPOS="2493" WIDTH="338" HEIGHT="65" CONTENT="Legendenton" WC="1.00" CC="00006008000"/>
						<SP ID="P2_SP00523" HPOS="3335" VPOS="2558" WIDTH="32"/>
						<String ID="P2_ST00606" HPOS="3367" VPOS="2509" WIDTH="85" HEIGHT="32" CONTENT="von" WC="0.96" CC="027"/>
					</TextLine>
					<TextLine ID="P2_TL00080" HPOS="1888" VPOS="2569" WIDTH="1567" HEIGHT="69">
						<String ID="P2_ST00607" HPOS="1888" VPOS="2577" WIDTH="85" HEIGHT="48" CONTENT="Nr." WC="0.97" CC="304"/>
						<SP ID="P2_SP00524" HPOS="1973" VPOS="2625" WIDTH="32"/>
						<String ID="P2_ST00608" HPOS="2005" VPOS="2574" WIDTH="97" HEIGHT="52" CONTENT="23:" WC="0.80" CC="600"/>
						<SP ID="P2_SP00525" HPOS="2102" VPOS="2626" WIDTH="39"/>
						<String ID="P2_ST00609" HPOS="2141" VPOS="2573" WIDTH="135" HEIGHT="52" CONTENT="JJnus" WC="0.57" CC="70706" STYLEREFS="TXT_1"/>
						<SP ID="P2_SP00526" HPOS="2276" VPOS="2626" WIDTH="35"/>
						<String ID="P2_ST00610" HPOS="2311" VPOS="2591" WIDTH="56" HEIGHT="33" CONTENT="ex" WC="0.77" CC="04" STYLEREFS="TXT_1"/>
						<SP ID="P2_SP00527" HPOS="2367" VPOS="2626" WIDTH="36"/>
						<String ID="P2_ST00611" HPOS="2403" VPOS="2571" WIDTH="172" HEIGHT="53" CONTENT="duobus" WC="0.60" CC="004756" STYLEREFS="TXT_1"/>
						<SP ID="P2_SP00528" HPOS="2575" VPOS="2626" WIDTH="37"/>
						<String ID="P2_ST00612" HPOS="2612" VPOS="2569" WIDTH="84" HEIGHT="69" CONTENT="qui" WC="0.62" CC="055" STYLEREFS="TXT_1"/>
						<SP ID="P2_SP00529" HPOS="2696" VPOS="2638" WIDTH="30"/>
						<String ID="P2_ST00613" HPOS="2726" VPOS="2569" WIDTH="148" HEIGHT="52" CONTENT="secuti" WC="0.67" CC="425060" STYLEREFS="TXT_1"/>
						<SP ID="P2_SP00530" HPOS="2874" VPOS="2638" WIDTH="32"/>
						<String ID="P2_ST00614" HPOS="2906" VPOS="2573" WIDTH="114" HEIGHT="48" CONTENT="sunt" WC="0.94" CC="9478" STYLEREFS="TXT_1"/>
						<SP ID="P2_SP00531" HPOS="3020" VPOS="2638" WIDTH="24"/>
						<String ID="P2_ST00615" HPOS="3044" VPOS="2569" WIDTH="265" HEIGHT="52" CONTENT="Dominum," WC="0.98" CC="04206942" STYLEREFS="TXT_1"/>
						<SP ID="P2_SP00532" HPOS="3309" VPOS="2638" WIDTH="41"/>
						<String ID="P2_ST00616" HPOS="3350" VPOS="2571" WIDTH="105" HEIGHT="50" CONTENT="erat" WC="0.97" CC="0075" STYLEREFS="TXT_1"/>
					</TextLine>
					<TextLine ID="P2_TL00081" HPOS="1905" VPOS="2648" WIDTH="1548" HEIGHT="71">
						<String ID="P2_ST00617" HPOS="1905" VPOS="2653" WIDTH="225" HEIGHT="52" CONTENT="Andreas" WC="0.98" CC="0005474" STYLEREFS="TXT_1"/>
						<SP ID="P2_SP00533" HPOS="2130" VPOS="2705" WIDTH="255"/>
						<String ID="P2_ST00618" HPOS="2385" VPOS="2654" WIDTH="170" HEIGHT="65" CONTENT="frater" WC="0.73" CC="008700" STYLEREFS="TXT_1"/>
						<SP ID="P2_SP00534" HPOS="2555" VPOS="2719" WIDTH="225"/>
						<String ID="P2_ST00619" HPOS="2780" VPOS="2649" WIDTH="211" HEIGHT="56" CONTENT="Simonis" WC="0.98" CC="6067403" STYLEREFS="TXT_1"/>
						<SP ID="P2_SP00535" HPOS="2991" VPOS="2719" WIDTH="259"/>
						<String ID="P2_ST00620" HPOS="3250" VPOS="2648" WIDTH="158" HEIGHT="64" CONTENT="Petri," WC="0.85" CC="007001" STYLEREFS="TXT_1"/>
						<SP ID="P2_SP00536" HPOS="3408" VPOS="2719" WIDTH="-358"/>
						<String ID="P2_ST00621" HPOS="3050" VPOS="2651" WIDTH="71" HEIGHT="49" CONTENT="ein" WC="0.98" CC="013"/>
						<SP ID="P2_SP00537" HPOS="3408" VPOS="2719" WIDTH="-255"/>
						<String ID="P2_ST00622" HPOS="3153" VPOS="2650" WIDTH="300" HEIGHT="57" CONTENT="sinnreiches," WC="0.99" CC="547820406064"/>
					</TextLine>
					<TextLine ID="P2_TL00082" HPOS="1891" VPOS="2730" WIDTH="1561" HEIGHT="68">
						<String ID="P2_ST00623" HPOS="1891" VPOS="2734" WIDTH="377" HEIGHT="50" CONTENT="altkatholisches" WC="0.99" CC="633045657000327"/>
						<SP ID="P2_SP00538" HPOS="2268" VPOS="2784" WIDTH="28"/>
						<String ID="P2_ST00624" HPOS="2296" VPOS="2731" WIDTH="202" HEIGHT="51" CONTENT="Tonbild" WC="0.99" CC="0192060"/>
						<SP ID="P2_SP00539" HPOS="2498" VPOS="2784" WIDTH="44"/>
						<String ID="P2_ST00625" HPOS="2542" VPOS="2730" WIDTH="229" HEIGHT="68" CONTENT="gewährt," WC="0.99" CC="90006064"/>
						<SP ID="P2_SP00540" HPOS="2771" VPOS="2798" WIDTH="43"/>
						<String ID="P2_ST00626" HPOS="2814" VPOS="2730" WIDTH="149" HEIGHT="66" CONTENT="gleich" WC="0.99" CC="040006"/>
						<SP ID="P2_SP00541" HPOS="2963" VPOS="2798" WIDTH="44"/>
						<String ID="P2_ST00627" HPOS="3007" VPOS="2731" WIDTH="88" HEIGHT="47" CONTENT="den" WC="0.97" CC="007"/>
						<SP ID="P2_SP00542" HPOS="3095" VPOS="2798" WIDTH="47"/>
						<String ID="P2_ST00628" HPOS="3142" VPOS="2730" WIDTH="68" HEIGHT="48" CONTENT="bei" WC="0.98" CC="004"/>
						<SP ID="P2_SP00543" HPOS="3210" VPOS="2798" WIDTH="47"/>
						<String ID="P2_ST00629" HPOS="3257" VPOS="2730" WIDTH="168" HEIGHT="50" CONTENT="Nieder" SUBS_TYPE="HypPart1" SUBS_CONTENT="Niederländern" WC="1.00" CC="010000"/>
						<HYP HPOS="3425" VPOS="2730" WIDTH="27" CONTENT="-"/>
					</TextLine>
					<TextLine ID="P2_TL00083" HPOS="1891" VPOS="2810" WIDTH="1229" HEIGHT="70">
						<String ID="P2_ST00630" HPOS="1891" VPOS="2813" WIDTH="193" HEIGHT="51" CONTENT="ländern" SUBS_TYPE="HypPart2" SUBS_CONTENT="Niederländern" WC="0.99" CC="5000006"/>
						<SP ID="P2_SP00544" HPOS="2084" VPOS="2864" WIDTH="43"/>
						<String ID="P2_ST00631" HPOS="2127" VPOS="2829" WIDTH="390" HEIGHT="51" CONTENT="gesungenen" WC="1.00" CC="0000400704"/>
						<SP ID="P2_SP00545" HPOS="2517" VPOS="2880" WIDTH="44"/>
						<String ID="P2_ST00632" HPOS="2561" VPOS="2810" WIDTH="400" HEIGHT="56" CONTENT="Ueberschriften," WC="0.70" CC="702040045006263"/>
						<SP ID="P2_SP00546" HPOS="2961" VPOS="2880" WIDTH="40"/>
						<String ID="P2_ST00633" HPOS="3001" VPOS="2828" WIDTH="35" HEIGHT="30" CONTENT="z." WC="0.76" CC="04"/>
						<SP ID="P2_SP00547" HPOS="3036" VPOS="2880" WIDTH="35"/>
						<String ID="P2_ST00634" HPOS="3071" VPOS="2810" WIDTH="49" HEIGHT="48" CONTENT="B." WC="0.45" CC="64"/>
					</TextLine>
					<TextLine ID="P2_TL00084" HPOS="1892" VPOS="2889" WIDTH="1561" HEIGHT="71">
						<String ID="P2_ST00635" HPOS="1892" VPOS="2892" WIDTH="145" HEIGHT="53" CONTENT="tiones" WC="0.60" CC="705045" STYLEREFS="TXT_1"/>
						<SP ID="P2_SP00548" HPOS="2037" VPOS="2945" WIDTH="27"/>
						<String ID="P2_ST00636" HPOS="2064" VPOS="2890" WIDTH="243" HEIGHT="54" CONTENT="Jeremiae" WC="0.82" CC="00005080" STYLEREFS="TXT_1"/>
						<SP ID="P2_SP00549" HPOS="2307" VPOS="2945" WIDTH="28"/>
						<String ID="P2_ST00637" HPOS="2335" VPOS="2892" WIDTH="301" HEIGHT="68" CONTENT="Prophetae:" WC="0.63" CC="6056046005" STYLEREFS="TXT_1"/>
						<SP ID="P2_SP00550" HPOS="2636" VPOS="2960" WIDTH="36"/>
						<String ID="P2_ST00638" HPOS="2672" VPOS="2889" WIDTH="188" HEIGHT="70" CONTENT="Aleph" WC="0.82" CC="04040" STYLEREFS="TXT_1"/>
						<String ID="P2_ST00639" HPOS="2869" VPOS="2898" WIDTH="16" HEIGHT="18" CONTENT='"' WC="0.73" CC="2"/>
						<SP ID="P2_SP00551" HPOS="2885" VPOS="2960" WIDTH="228"/>
						<String ID="P2_ST00640" HPOS="3113" VPOS="2907" WIDTH="71" HEIGHT="33" CONTENT="wo" WC="1.00" CC="00"/>
						<SP ID="P2_SP00552" HPOS="3184" VPOS="2960" WIDTH="30"/>
						<String ID="P2_ST00641" HPOS="3214" VPOS="2890" WIDTH="74" HEIGHT="49" CONTENT="die" WC="0.99" CC="020"/>
						<SP ID="P2_SP00553" HPOS="3288" VPOS="2960" WIDTH="25"/>
						<String ID="P2_ST00642" HPOS="3313" VPOS="2889" WIDTH="112" HEIGHT="50" CONTENT="Zahl" SUBS_TYPE="HypPart1" SUBS_CONTENT="Zahlbuchstaben," WC="0.98" CC="0507"/>
						<HYP HPOS="3425" VPOS="2889" WIDTH="28" CONTENT="-"/>
					</TextLine>
					<TextLine ID="P2_TL00085" HPOS="1892" VPOS="2968" WIDTH="1565" HEIGHT="66">
						<String ID="P2_ST00643" HPOS="1892" VPOS="2973" WIDTH="311" HEIGHT="58" CONTENT="buchstaben," SUBS_TYPE="HypPart2" SUBS_CONTENT="Zahlbuchstaben," WC="0.99" CC="53060044004"/>
						<SP ID="P2_SP00554" HPOS="2203" VPOS="3031" WIDTH="32"/>
						<String ID="P2_ST00644" HPOS="2235" VPOS="2972" WIDTH="81" HEIGHT="49" CONTENT="mit" WC="0.99" CC="002"/>
						<SP ID="P2_SP00555" HPOS="2316" VPOS="3031" WIDTH="28"/>
						<String ID="P2_ST00645" HPOS="2344" VPOS="2970" WIDTH="266" HEIGHT="50" CONTENT="feierlichen" WC="0.99" CC="40004620700"/>
						<SP ID="P2_SP00556" HPOS="2610" VPOS="3031" WIDTH="30"/>
						<String ID="P2_ST00646" HPOS="2640" VPOS="2970" WIDTH="243" HEIGHT="50" CONTENT="Melismen" WC="0.77" CC="02504600"/>
						<SP ID="P2_SP00557" HPOS="2883" VPOS="3031" WIDTH="33"/>
						<String ID="P2_ST00647" HPOS="2916" VPOS="2968" WIDTH="261" HEIGHT="57" CONTENT="umkränzt," WC="0.99" CC="660501730"/>
						<SP ID="P2_SP00558" HPOS="3177" VPOS="3031" WIDTH="37"/>
						<String ID="P2_ST00648" HPOS="3214" VPOS="2985" WIDTH="85" HEIGHT="49" CONTENT="gar" WC="0.96" CC="910"/>
						<SP ID="P2_SP00559" HPOS="3299" VPOS="3034" WIDTH="31"/>
						<String ID="P2_ST00649" HPOS="3330" VPOS="2968" WIDTH="127" HEIGHT="49" CONTENT="nicht" WC="1.00" CC="00000"/>
					</TextLine>
					<TextLine ID="P2_TL00086" HPOS="1892" VPOS="3048" WIDTH="1562" HEIGHT="71">
						<String ID="P2_ST00650" HPOS="1892" VPOS="3053" WIDTH="249" HEIGHT="51" CONTENT="lächerlich" WC="1.00" CC="0002030016"/>
						<SP ID="P2_SP00560" HPOS="2141" VPOS="3104" WIDTH="30"/>
						<String ID="P2_ST00651" HPOS="2171" VPOS="3053" WIDTH="207" HEIGHT="66" CONTENT="klingen," WC="0.99" CC="54010003"/>
						<SP ID="P2_SP00561" HPOS="2378" VPOS="3119" WIDTH="28"/>
						<String ID="P2_ST00652" HPOS="2406" VPOS="3049" WIDTH="200" HEIGHT="51" CONTENT="sondern" WC="0.98" CC="6630034"/>
						<SP ID="P2_SP00562" HPOS="2606" VPOS="3119" WIDTH="26"/>
						<String ID="P2_ST00653" HPOS="2632" VPOS="3052" WIDTH="87" HEIGHT="48" CONTENT="wie" WC="0.97" CC="052"/>
						<SP ID="P2_SP00563" HPOS="2719" VPOS="3119" WIDTH="23"/>
						<String ID="P2_ST00654" HPOS="2742" VPOS="3050" WIDTH="170" HEIGHT="49" CONTENT="Säulen" WC="0.98" CC="400607"/>
						<SP ID="P2_SP00564" HPOS="2912" VPOS="3119" WIDTH="25"/>
						<String ID="P2_ST00655" HPOS="2937" VPOS="3050" WIDTH="60" HEIGHT="47" CONTENT="im" WC="0.69" CC="06"/>
						<SP ID="P2_SP00565" HPOS="2997" VPOS="3119" WIDTH="28"/>
						<String ID="P2_ST00656" HPOS="3025" VPOS="3048" WIDTH="227" HEIGHT="51" CONTENT="Gewölbe" WC="0.98" CC="9090060"/>
						<SP ID="P2_SP00566" HPOS="3252" VPOS="3119" WIDTH="22"/>
						<String ID="P2_ST00657" HPOS="3274" VPOS="3049" WIDTH="180" HEIGHT="53" CONTENT="stehen," WC="0.99" CC="0706042"/>
					</TextLine>
					<TextLine ID="P2_TL00087" HPOS="1891" VPOS="3126" WIDTH="1562" HEIGHT="68">
						<String ID="P2_ST00658" HPOS="1891" VPOS="3130" WIDTH="231" HEIGHT="51" CONTENT="trennend" WC="0.99" CC="15066060"/>
						<SP ID="P2_SP00567" HPOS="2122" VPOS="3181" WIDTH="49"/>
						<String ID="P2_ST00659" HPOS="2171" VPOS="3132" WIDTH="98" HEIGHT="49" CONTENT="und" WC="0.98" CC="400"/>
						<SP ID="P2_SP00568" HPOS="2269" VPOS="3181" WIDTH="38"/>
						<String ID="P2_ST00660" HPOS="2307" VPOS="3129" WIDTH="224" HEIGHT="56" CONTENT="bindend," WC="0.99" CC="20501003"/>
						<SP ID="P2_SP00569" HPOS="2531" VPOS="3185" WIDTH="48"/>
						<String ID="P2_ST00661" HPOS="2579" VPOS="3130" WIDTH="65" HEIGHT="49" CONTENT="als" WC="0.94" CC="671"/>
						<SP ID="P2_SP00570" HPOS="2644" VPOS="3185" WIDTH="46"/>
						<String ID="P2_ST00662" HPOS="2690" VPOS="3129" WIDTH="196" HEIGHT="65" CONTENT="kräftige" WC="1.00" CC="01004100"/>
						<SP ID="P2_SP00571" HPOS="2886" VPOS="3194" WIDTH="46"/>
						<String ID="P2_ST00663" HPOS="2932" VPOS="3128" WIDTH="182" HEIGHT="49" CONTENT="Achsen" WC="0.98" CC="605307"/>
						<SP ID="P2_SP00572" HPOS="3114" VPOS="3194" WIDTH="44"/>
						<String ID="P2_ST00664" HPOS="3158" VPOS="3126" WIDTH="295" HEIGHT="50" CONTENT="strömender" WC="0.99" CC="9000607056"/>
					</TextLine>
					<TextLine ID="P2_TL00088" HPOS="1893" VPOS="3206" WIDTH="1566" HEIGHT="72">
						<String ID="P2_ST00665" HPOS="1893" VPOS="3214" WIDTH="290" HEIGHT="64" CONTENT="Bewegung." WC="0.99" CC="739004404"/>
						<SP ID="P2_SP00573" HPOS="2183" VPOS="3278" WIDTH="44"/>
						<String ID="P2_ST00666" HPOS="2227" VPOS="3212" WIDTH="46" HEIGHT="49" CONTENT="S." WC="1.00" CC="00"/>
						<SP ID="P2_SP00574" HPOS="2273" VPOS="3278" WIDTH="32"/>
						<String ID="P2_ST00667" HPOS="2305" VPOS="3210" WIDTH="287" HEIGHT="54" CONTENT="Commer," WC="0.99" CC="2057000"/>
						<SP ID="P2_SP00575" HPOS="2592" VPOS="3278" WIDTH="773"/>
						<String ID="P2_ST00668" HPOS="3365" VPOS="3206" WIDTH="94" HEIGHT="54" CONTENT="Mus" WC="0.95" CC="094" STYLEREFS="TXT_3"/>
					</TextLine>
					<TextLine ID="P2_TL00089" HPOS="2011" VPOS="3285" WIDTH="1442" HEIGHT="56">
						<String ID="P2_ST00669" HPOS="2011" VPOS="3292" WIDTH="99" HEIGHT="49" CONTENT="Aus" WC="0.94" CC="726"/>
						<SP ID="P2_SP00576" HPOS="2110" VPOS="3341" WIDTH="30"/>
						<String ID="P2_ST00670" HPOS="2140" VPOS="3290" WIDTH="106" HEIGHT="50" CONTENT="dem" WC="0.98" CC="005"/>
						<SP ID="P2_SP00577" HPOS="2246" VPOS="3341" WIDTH="40"/>
						<String ID="P2_ST00671" HPOS="2286" VPOS="3290" WIDTH="242" HEIGHT="49" CONTENT="zweiten" WC="0.99" CC="0006401"/>
						<SP ID="P2_SP00578" HPOS="2528" VPOS="3341" WIDTH="42"/>
						<String ID="P2_ST00672" HPOS="2570" VPOS="3289" WIDTH="159" HEIGHT="50" CONTENT="Bande" WC="0.98" CC="65300"/>
						<SP ID="P2_SP00579" HPOS="2729" VPOS="3341" WIDTH="29"/>
						<String ID="P2_ST00673" HPOS="2758" VPOS="3286" WIDTH="99" HEIGHT="50" CONTENT="sind" WC="0.98" CC="4040"/>
						<SP ID="P2_SP00580" HPOS="2857" VPOS="3341" WIDTH="32"/>
						<String ID="P2_ST00674" HPOS="2889" VPOS="3286" WIDTH="202" HEIGHT="49" CONTENT="einzelne" WC="0.99" CC="01270650"/>
						<SP ID="P2_SP00581" HPOS="3091" VPOS="3341" WIDTH="30"/>
						<String ID="P2_ST00675" HPOS="3121" VPOS="3285" WIDTH="174" HEIGHT="50" CONTENT="Stücke" WC="0.98" CC="458400"/>
						<SP ID="P2_SP00582" HPOS="3295" VPOS="3341" WIDTH="41"/>
						<String ID="P2_ST00676" HPOS="3336" VPOS="3285" WIDTH="117" HEIGHT="50" CONTENT="nach" WC="0.97" CC="4016"/>
					</TextLine>
					<TextLine ID="P2_TL00090" HPOS="1892" VPOS="3365" WIDTH="1565" HEIGHT="56">
						<String ID="P2_ST00677" HPOS="1892" VPOS="3369" WIDTH="358" HEIGHT="52" CONTENT="verschiedenen" WC="1.00" CC="0004070100400"/>
						<SP ID="P2_SP00583" HPOS="2250" VPOS="3421" WIDTH="41"/>
						<String ID="P2_ST00678" HPOS="2291" VPOS="3369" WIDTH="314" HEIGHT="51" CONTENT="Rücksichten" WC="0.99" CC="40005106606"/>
						<SP ID="P2_SP00584" HPOS="2605" VPOS="3421" WIDTH="41"/>
						<String ID="P2_ST00679" HPOS="2646" VPOS="3365" WIDTH="407" HEIGHT="52" CONTENT="hervorzuheben:" WC="1.00" CC="10200070106063"/>
						<SP ID="P2_SP00585" HPOS="3053" VPOS="3421" WIDTH="40"/>
						<String ID="P2_ST00680" HPOS="3093" VPOS="3366" WIDTH="82" HEIGHT="49" CONTENT="Nr." WC="0.95" CC="904"/>
						<SP ID="P2_SP00586" HPOS="3175" VPOS="3421" WIDTH="34"/>
						<String ID="P2_ST00681" HPOS="3209" VPOS="3365" WIDTH="56" HEIGHT="51" CONTENT="5:" WC="0.83" CC="30"/>
						<SP ID="P2_SP00587" HPOS="3265" VPOS="3421" WIDTH="46"/>
						<String ID="P2_ST00682" HPOS="3311" VPOS="3365" WIDTH="40" HEIGHT="50" CONTENT="0" WC="0.72" CC="2" STYLEREFS="TXT_1"/>
						<SP ID="P2_SP00588" HPOS="3351" VPOS="3421" WIDTH="27"/>
						<String ID="P2_ST00683" HPOS="3378" VPOS="3380" WIDTH="53" HEIGHT="35" CONTENT="sa" SUBS_TYPE="HypPart1" SUBS_CONTENT="sacrum" WC="0.87" CC="00" STYLEREFS="TXT_1"/>
						<HYP HPOS="3431" VPOS="3380" WIDTH="26" CONTENT="-"/>
					</TextLine>
					<TextLine ID="P2_TL00091" HPOS="1892" VPOS="3445" WIDTH="1562" HEIGHT="68">
						<String ID="P2_ST00684" HPOS="1892" VPOS="3464" WIDTH="135" HEIGHT="36" CONTENT="crum" SUBS_TYPE="HypPart2" SUBS_CONTENT="sacrum" WC="0.59" CC="4505" STYLEREFS="TXT_1"/>
						<SP ID="P2_SP00589" HPOS="2027" VPOS="3500" WIDTH="26"/>
						<String ID="P2_ST00685" HPOS="2053" VPOS="3445" WIDTH="287" HEIGHT="61" CONTENT="convivium;" WC="0.54" CC="1048044839" STYLEREFS="TXT_1"/>
						<SP ID="P2_SP00590" HPOS="2340" VPOS="3506" WIDTH="41"/>
						<String ID="P2_ST00686" HPOS="2381" VPOS="3449" WIDTH="81" HEIGHT="48" CONTENT="Nr." WC="0.98" CC="014"/>
						<SP ID="P2_SP00591" HPOS="2462" VPOS="3506" WIDTH="35"/>
						<String ID="P2_ST00687" HPOS="2497" VPOS="3447" WIDTH="59" HEIGHT="50" CONTENT="8:" WC="0.77" CC="40"/>
						<SP ID="P2_SP00592" HPOS="2556" VPOS="3506" WIDTH="29"/>
						<String ID="P2_ST00688" HPOS="2585" VPOS="3445" WIDTH="214" HEIGHT="52" CONTENT="Ascendo" WC="0.67" CC="0423075" STYLEREFS="TXT_1"/>
						<SP ID="P2_SP00593" HPOS="2799" VPOS="3506" WIDTH="28"/>
						<String ID="P2_ST00689" HPOS="2827" VPOS="3445" WIDTH="66" HEIGHT="51" CONTENT="ad" WC="0.83" CC="03" STYLEREFS="TXT_1"/>
						<SP ID="P2_SP00594" HPOS="2893" VPOS="3506" WIDTH="32"/>
						<String ID="P2_ST00690" HPOS="2925" VPOS="3447" WIDTH="189" HEIGHT="66" CONTENT="patrem" WC="0.73" CC="716000" STYLEREFS="TXT_1"/>
						<SP ID="P2_SP00595" HPOS="3114" VPOS="3513" WIDTH="40"/>
						<String ID="P2_ST00691" HPOS="3154" VPOS="3460" WIDTH="155" HEIGHT="35" CONTENT="meum" WC="0.67" CC="3090" STYLEREFS="TXT_1"/>
						<String ID="P2_ST00692" HPOS="3322" VPOS="3462" WIDTH="10" HEIGHT="38" CONTENT=";" WC="1.00" CC="0"/>
						<SP ID="P2_SP00596" HPOS="3332" VPOS="3513" WIDTH="41"/>
						<String ID="P2_ST00693" HPOS="3373" VPOS="3445" WIDTH="81" HEIGHT="48" CONTENT="Nr." WC="0.98" CC="040"/>
					</TextLine>
					<TextLine ID="P2_TL00092" HPOS="1900" VPOS="3521" WIDTH="1555" HEIGHT="74">
						<String ID="P2_ST00694" HPOS="1900" VPOS="3529" WIDTH="96" HEIGHT="51" CONTENT="16:" WC="0.55" CC="670"/>
						<SP ID="P2_SP00597" HPOS="1996" VPOS="3580" WIDTH="32"/>
						<String ID="P2_ST00695" HPOS="2028" VPOS="3529" WIDTH="287" HEIGHT="51" CONTENT="Peccantem" WC="0.78" CC="006700005" STYLEREFS="TXT_1"/>
						<SP ID="P2_SP00598" HPOS="2315" VPOS="3580" WIDTH="27"/>
						<String ID="P2_ST00696" HPOS="2342" VPOS="3544" WIDTH="73" HEIGHT="35" CONTENT="me" WC="0.95" CC="00" STYLEREFS="TXT_1"/>
						<SP ID="P2_SP00599" HPOS="2415" VPOS="3580" WIDTH="28"/>
						<String ID="P2_ST00697" HPOS="2443" VPOS="3524" WIDTH="205" HEIGHT="71" CONTENT="quotidie" WC="0.74" CC="27370000" STYLEREFS="TXT_1"/>
						<SP ID="P2_SP00600" HPOS="2648" VPOS="3595" WIDTH="38"/>
						<String ID="P2_ST00698" HPOS="2686" VPOS="3525" WIDTH="140" HEIGHT="52" CONTENT="timor" WC="0.61" CC="73430" STYLEREFS="TXT_1"/>
						<SP ID="P2_SP00601" HPOS="2826" VPOS="3595" WIDTH="35"/>
						<String ID="P2_ST00699" HPOS="2861" VPOS="3521" WIDTH="164" HEIGHT="54" CONTENT="mortis" WC="0.98" CC="370445" STYLEREFS="TXT_1"/>
						<SP ID="P2_SP00602" HPOS="3025" VPOS="3595" WIDTH="35"/>
						<String ID="P2_ST00700" HPOS="3060" VPOS="3524" WIDTH="267" HEIGHT="57" CONTENT="conturbat;" WC="0.76" CC="0006200067" STYLEREFS="TXT_1"/>
						<SP ID="P2_SP00603" HPOS="3327" VPOS="3595" WIDTH="47"/>
						<String ID="P2_ST00701" HPOS="3374" VPOS="3525" WIDTH="81" HEIGHT="49" CONTENT="Nr." WC="0.97" CC="700"/>
					</TextLine>
					<TextLine ID="P2_TL00093" HPOS="1896" VPOS="3603" WIDTH="1563" HEIGHT="61">
						<String ID="P2_ST00702" HPOS="1896" VPOS="3608" WIDTH="100" HEIGHT="52" CONTENT="23:" WC="0.62" CC="064"/>
						<SP ID="P2_SP00604" HPOS="1996" VPOS="3660" WIDTH="33"/>
						<String ID="P2_ST00703" HPOS="2029" VPOS="3608" WIDTH="207" HEIGHT="52" CONTENT="Gantabo" WC="0.99" CC="6090003" STYLEREFS="TXT_1"/>
						<SP ID="P2_SP00605" HPOS="2236" VPOS="3660" WIDTH="28"/>
						<String ID="P2_ST00704" HPOS="2264" VPOS="3605" WIDTH="207" HEIGHT="54" CONTENT="Domino" WC="0.98" CC="307061" STYLEREFS="TXT_1"/>
						<SP ID="P2_SP00606" HPOS="2471" VPOS="3660" WIDTH="27"/>
						<String ID="P2_ST00705" HPOS="2498" VPOS="3604" WIDTH="52" HEIGHT="53" CONTENT="in" WC="1.00" CC="00" STYLEREFS="TXT_1"/>
						<SP ID="P2_SP00607" HPOS="2550" VPOS="3660" WIDTH="29"/>
						<String ID="P2_ST00706" HPOS="2579" VPOS="3604" WIDTH="99" HEIGHT="55" CONTENT="vita" WC="0.78" CC="2060" STYLEREFS="TXT_1"/>
						<SP ID="P2_SP00608" HPOS="2678" VPOS="3660" WIDTH="26"/>
						<String ID="P2_ST00707" HPOS="2704" VPOS="3622" WIDTH="128" HEIGHT="42" CONTENT="mea;" WC="0.35" CC="7909" STYLEREFS="TXT_1"/>
						<SP ID="P2_SP00609" HPOS="2832" VPOS="3664" WIDTH="37"/>
						<String ID="P2_ST00708" HPOS="2869" VPOS="3605" WIDTH="82" HEIGHT="49" CONTENT="Nr." WC="0.97" CC="034"/>
						<SP ID="P2_SP00610" HPOS="2951" VPOS="3664" WIDTH="32"/>
						<String ID="P2_ST00709" HPOS="2983" VPOS="3604" WIDTH="99" HEIGHT="51" CONTENT="29:" WC="0.85" CC="040"/>
						<SP ID="P2_SP00611" HPOS="3082" VPOS="3664" WIDTH="24"/>
						<String ID="P2_ST00710" HPOS="3106" VPOS="3604" WIDTH="220" HEIGHT="51" CONTENT="Laudate" WC="0.74" CC="0490030" STYLEREFS="TXT_1"/>
						<SP ID="P2_SP00612" HPOS="3326" VPOS="3664" WIDTH="27"/>
						<String ID="P2_ST00711" HPOS="3353" VPOS="3603" WIDTH="71" HEIGHT="51" CONTENT="Do" SUBS_TYPE="HypPart1" SUBS_CONTENT="Dominum," WC="0.99" CC="00" STYLEREFS="TXT_1"/>
						<HYP HPOS="3424" VPOS="3603" WIDTH="35" CONTENT="-"/>
					</TextLine>
					<TextLine ID="P2_TL00094" HPOS="1905" VPOS="3684" WIDTH="1552" HEIGHT="70">
						<String ID="P2_ST00712" HPOS="1905" VPOS="3685" WIDTH="199" HEIGHT="65" CONTENT="minum," SUBS_TYPE="HypPart2" SUBS_CONTENT="Dominum," WC="0.98" CC="603160" STYLEREFS="TXT_1"/>
						<SP ID="P2_SP00613" HPOS="2104" VPOS="3750" WIDTH="19"/>
						<String ID="P2_ST00713" HPOS="2123" VPOS="3704" WIDTH="167" HEIGHT="50" CONTENT="wegen" WC="0.99" CC="00006"/>
						<SP ID="P2_SP00614" HPOS="2290" VPOS="3754" WIDTH="31"/>
						<String ID="P2_ST00714" HPOS="2321" VPOS="3687" WIDTH="79" HEIGHT="50" CONTENT="des" WC="0.97" CC="007"/>
						<SP ID="P2_SP00615" HPOS="2400" VPOS="3754" WIDTH="29"/>
						<String ID="P2_ST00715" HPOS="2429" VPOS="3687" WIDTH="223" HEIGHT="58" CONTENT="schönen," WC="0.99" CC="10001034"/>
						<SP ID="P2_SP00616" HPOS="2652" VPOS="3754" WIDTH="29"/>
						<String ID="P2_ST00716" HPOS="2681" VPOS="3685" WIDTH="223" HEIGHT="50" CONTENT="zuweilen" WC="0.99" CC="66000000"/>
						<SP ID="P2_SP00617" HPOS="2904" VPOS="3754" WIDTH="23"/>
						<String ID="P2_ST00717" HPOS="2927" VPOS="3684" WIDTH="301" HEIGHT="67" CONTENT="specifiscben" WC="0.77" CC="560010061500"/>
						<SP ID="P2_SP00618" HPOS="3228" VPOS="3754" WIDTH="28"/>
						<String ID="P2_ST00718" HPOS="3256" VPOS="3684" WIDTH="201" HEIGHT="50" CONTENT="Wort-" WC="0.98" CC="05014"/>
					</TextLine>
					<TextLine ID="P2_TL00095" HPOS="1895" VPOS="3761" WIDTH="1560" HEIGHT="72">
						<String ID="P2_ST00719" HPOS="1895" VPOS="3767" WIDTH="372" HEIGHT="55" CONTENT="Ausdrucks," WC="0.99" CC="4660040350"/>
						<SP ID="P2_SP00619" HPOS="2267" VPOS="3822" WIDTH="43"/>
						<String ID="P2_ST00720" HPOS="2310" VPOS="3767" WIDTH="297" HEIGHT="66" CONTENT="dergleichen" WC="1.00" CC="00207000700"/>
						<SP ID="P2_SP00620" HPOS="2607" VPOS="3833" WIDTH="31"/>
						<String ID="P2_ST00721" HPOS="2638" VPOS="3767" WIDTH="94" HEIGHT="48" CONTENT="sich" WC="0.99" CC="0006"/>
						<SP ID="P2_SP00621" HPOS="2732" VPOS="3833" WIDTH="31"/>
						<String ID="P2_ST00722" HPOS="2763" VPOS="3765" WIDTH="120" HEIGHT="49" CONTENT="auch" WC="0.97" CC="7106"/>
						<SP ID="P2_SP00622" HPOS="2883" VPOS="3833" WIDTH="40"/>
						<String ID="P2_ST00723" HPOS="2923" VPOS="3765" WIDTH="45" HEIGHT="49" CONTENT="in" WC="0.50" CC="36"/>
						<SP ID="P2_SP00623" HPOS="2968" VPOS="3833" WIDTH="30"/>
						<String ID="P2_ST00724" HPOS="2998" VPOS="3764" WIDTH="104" HEIGHT="48" CONTENT="dem" WC="0.98" CC="006"/>
						<SP ID="P2_SP00624" HPOS="3102" VPOS="3833" WIDTH="32"/>
						<String ID="P2_ST00725" HPOS="3134" VPOS="3770" WIDTH="127" HEIGHT="42" CONTENT="sonst" WC="0.97" CC="62662"/>
						<SP ID="P2_SP00625" HPOS="3261" VPOS="3833" WIDTH="38"/>
						<String ID="P2_ST00726" HPOS="3299" VPOS="3761" WIDTH="134" HEIGHT="50" CONTENT="leicht" SUBS_TYPE="HypPart1" SUBS_CONTENT="leichtblütigen" WC="0.99" CC="600066"/>
						<HYP HPOS="3433" VPOS="3761" WIDTH="22" CONTENT="-"/>
					</TextLine>
					<TextLine ID="P2_TL00096" HPOS="1893" VPOS="3840" WIDTH="1566" HEIGHT="72">
						<String ID="P2_ST00727" HPOS="1893" VPOS="3847" WIDTH="212" HEIGHT="65" CONTENT="blütigen" SUBS_TYPE="HypPart2" SUBS_CONTENT="leichtblütigen" WC="1.00" CC="02033001"/>
						<SP ID="P2_SP00626" HPOS="2105" VPOS="3912" WIDTH="36"/>
						<String ID="P2_ST00728" HPOS="2141" VPOS="3848" WIDTH="85" HEIGHT="49" CONTENT="Nr." WC="0.97" CC="304"/>
						<SP ID="P2_SP00627" HPOS="2226" VPOS="3912" WIDTH="32"/>
						<String ID="P2_ST00729" HPOS="2258" VPOS="3845" WIDTH="99" HEIGHT="51" CONTENT="24:" WC="0.65" CC="703"/>
						<SP ID="P2_SP00628" HPOS="2357" VPOS="3912" WIDTH="47"/>
						<String ID="P2_ST00730" HPOS="2404" VPOS="3844" WIDTH="75" HEIGHT="52" CONTENT="Tu" WC="0.35" CC="39" STYLEREFS="TXT_1"/>
						<SP ID="P2_SP00629" HPOS="2479" VPOS="3912" WIDTH="34"/>
						<String ID="P2_ST00731" HPOS="2513" VPOS="3861" WIDTH="47" HEIGHT="35" CONTENT="es" WC="0.53" CC="09" STYLEREFS="TXT_1"/>
						<SP ID="P2_SP00630" HPOS="2560" VPOS="3912" WIDTH="36"/>
						<String ID="P2_ST00732" HPOS="2596" VPOS="3845" WIDTH="194" HEIGHT="60" CONTENT="Petrus," WC="0.99" CC="0070803" STYLEREFS="TXT_1"/>
						<SP ID="P2_SP00631" HPOS="2790" VPOS="3912" WIDTH="46"/>
						<String ID="P2_ST00733" HPOS="2836" VPOS="3843" WIDTH="73" HEIGHT="51" CONTENT="bei" WC="0.96" CC="704"/>
						<SP ID="P2_SP00632" HPOS="2909" VPOS="3912" WIDTH="32"/>
						<String ID="P2_ST00734" HPOS="2941" VPOS="3843" WIDTH="88" HEIGHT="49" CONTENT="den" WC="0.99" CC="003"/>
						<SP ID="P2_SP00633" HPOS="3029" VPOS="3912" WIDTH="33"/>
						<String ID="P2_ST00735" HPOS="3062" VPOS="3843" WIDTH="204" HEIGHT="49" CONTENT="Worten" WC="0.99" CC="002412"/>
						<SP ID="P2_SP00634" HPOS="3266" VPOS="3912" WIDTH="32"/>
						<String ID="P2_ST00736" HPOS="3298" VPOS="3840" WIDTH="161" HEIGHT="54" CONTENT="Claves" WC="0.73" CC="600405" STYLEREFS="TXT_1"/>
					</TextLine>
				</TextBlock>
				<TextBlock ID="P2_TB00004" HPOS="1890" VPOS="4008" WIDTH="1571" HEIGHT="295" STYLEREFS="TXT_4 PAR_BLOCK">
					<TextLine ID="P2_TL00097" HPOS="2000" VPOS="4009" WIDTH="1456" HEIGHT="55">
						<String ID="P2_ST00737" HPOS="2000" VPOS="4016" WIDTH="40" HEIGHT="48" CONTENT="*)" WC="0.63" CC="07"/>
						<SP ID="P2_SP00635" HPOS="2040" VPOS="4064" WIDTH="29"/>
						<String ID="P2_ST00738" HPOS="2069" VPOS="4016" WIDTH="143" HEIGHT="38" CONTENT="Wobei" WC="0.97" CC="60607"/>
						<SP ID="P2_SP00636" HPOS="2212" VPOS="4064" WIDTH="26"/>
						<String ID="P2_ST00739" HPOS="2238" VPOS="4016" WIDTH="73" HEIGHT="47" CONTENT=";die" WC="0.47" CC="9631"/>
						<SP ID="P2_SP00637" HPOS="2311" VPOS="4064" WIDTH="35"/>
						<String ID="P2_ST00740" HPOS="2346" VPOS="4017" WIDTH="244" HEIGHT="47" CONTENT="Benennung" WC="0.98" CC="657075576"/>
						<SP ID="P2_SP00638" HPOS="2590" VPOS="4064" WIDTH="39"/>
						<String ID="P2_ST00741" HPOS="2629" VPOS="4014" WIDTH="130" HEIGHT="38" CONTENT="Tenor" WC="0.95" CC="69676" STYLEREFS="TXT_5"/>
						<SP ID="P2_SP00639" HPOS="2759" VPOS="4064" WIDTH="27"/>
						<String ID="P2_ST00742" HPOS="2786" VPOS="4012" WIDTH="195" HEIGHT="40" CONTENT="secundus" WC="0.66" CC="01366053" STYLEREFS="TXT_5"/>
						<SP ID="P2_SP00640" HPOS="2981" VPOS="4064" WIDTH="41"/>
						<String ID="P2_ST00743" HPOS="3022" VPOS="4024" WIDTH="60" HEIGHT="25" CONTENT="am" WC="1.00" CC="00"/>
						<SP ID="P2_SP00641" HPOS="3082" VPOS="4064" WIDTH="31"/>
						<String ID="P2_ST00744" HPOS="3113" VPOS="4012" WIDTH="133" HEIGHT="37" CONTENT="Rande" WC="0.97" CC="70763"/>
						<SP ID="P2_SP00642" HPOS="3246" VPOS="4064" WIDTH="28"/>
						<String ID="P2_ST00745" HPOS="3274" VPOS="4024" WIDTH="38" HEIGHT="23" CONTENT="v." WC="0.46" CC="64"/>
						<SP ID="P2_SP00643" HPOS="3312" VPOS="4064" WIDTH="28"/>
						<String ID="P2_ST00746" HPOS="3340" VPOS="4024" WIDTH="38" HEIGHT="35" CONTENT="p." WC="0.46" CC="73"/>
						<SP ID="P2_SP00644" HPOS="3378" VPOS="4064" WIDTH="31"/>
						<String ID="P2_ST00747" HPOS="3409" VPOS="4009" WIDTH="47" HEIGHT="38" CONTENT="61" WC="0.66" CC="60"/>
					</TextLine>
					<TextLine ID="P2_TL00098" HPOS="1893" VPOS="4073" WIDTH="1566" HEIGHT="53">
						<String ID="P2_ST00748" HPOS="1893" VPOS="4081" WIDTH="87" HEIGHT="36" CONTENT="dem" WC="0.96" CC="730"/>
						<SP ID="P2_SP00645" HPOS="1980" VPOS="4117" WIDTH="36"/>
						<String ID="P2_ST00749" HPOS="2016" VPOS="4078" WIDTH="264" HEIGHT="37" CONTENT="modernen" WC="0.99" CC="04934040"/>
						<SP ID="P2_SP00646" HPOS="2280" VPOS="4117" WIDTH="30"/>
						<String ID="P2_ST00750" HPOS="2310" VPOS="4076" WIDTH="374" HEIGHT="50" CONTENT="Sprachgebrauche" WC="0.99" CC="667056303656774"/>
						<SP ID="P2_SP00647" HPOS="2684" VPOS="4126" WIDTH="29"/>
						<String ID="P2_ST00751" HPOS="2713" VPOS="4081" WIDTH="254" HEIGHT="32" CONTENT="entnommen" WC="0.99" CC="044600023"/>
						<SP ID="P2_SP00648" HPOS="2967" VPOS="4126" WIDTH="28"/>
						<String ID="P2_ST00752" HPOS="2995" VPOS="4075" WIDTH="63" HEIGHT="44" CONTENT="ist," WC="0.97" CC="2450"/>
						<SP ID="P2_SP00649" HPOS="3058" VPOS="4126" WIDTH="43"/>
						<String ID="P2_ST00753" HPOS="3101" VPOS="4073" WIDTH="186" HEIGHT="36" CONTENT="während" WC="0.97" CC="6879060"/>
						<SP ID="P2_SP00650" HPOS="3287" VPOS="4126" WIDTH="28"/>
						<String ID="P2_ST00754" HPOS="3315" VPOS="4075" WIDTH="41" HEIGHT="33" CONTENT="in" WC="0.53" CC="53"/>
						<SP ID="P2_SP00651" HPOS="3356" VPOS="4126" WIDTH="29"/>
						<String ID="P2_ST00755" HPOS="3385" VPOS="4074" WIDTH="50" HEIGHT="35" CONTENT="Pa" SUBS_TYPE="HypPart1" SUBS_CONTENT="Palestrina's" WC="0.40" CC="77"/>
						<HYP HPOS="3435" VPOS="4074" WIDTH="24" CONTENT="-"/>
					</TextLine>
					<TextLine ID="P2_TL00099" HPOS="1890" VPOS="4136" WIDTH="1571" HEIGHT="52">
						<String ID="P2_ST00756" HPOS="1890" VPOS="4139" WIDTH="197" HEIGHT="40" CONTENT="lestrina's" SUBS_TYPE="HypPart2" SUBS_CONTENT="Palestrina's" WC="0.62" CC="7030800745"/>
						<SP ID="P2_SP00652" HPOS="2087" VPOS="4179" WIDTH="27"/>
						<String ID="P2_ST00757" HPOS="2114" VPOS="4141" WIDTH="86" HEIGHT="36" CONTENT="Zeit" WC="0.97" CC="6007"/>
						<SP ID="P2_SP00653" HPOS="2200" VPOS="4179" WIDTH="30"/>
						<String ID="P2_ST00758" HPOS="2230" VPOS="4140" WIDTH="66" HEIGHT="37" CONTENT="der" WC="0.98" CC="050"/>
						<SP ID="P2_SP00654" HPOS="2296" VPOS="4179" WIDTH="33"/>
						<String ID="P2_ST00759" HPOS="2329" VPOS="4139" WIDTH="39" HEIGHT="37" CONTENT="ö." WC="0.41" CC="73" STYLEREFS="TXT_5"/>
						<SP ID="P2_SP00655" HPOS="2368" VPOS="4179" WIDTH="22"/>
						<String ID="P2_ST00760" HPOS="2390" VPOS="4140" WIDTH="32" HEIGHT="48" CONTENT="f" WC="1.00" CC="0" STYLEREFS="TXT_5"/>
						<String ID="P2_ST00761" HPOS="2422" VPOS="4167" WIDTH="8" HEIGHT="8" CONTENT="." WC="0.60" CC="3"/>
						<SP ID="P2_SP00656" HPOS="2430" VPOS="4188" WIDTH="43"/>
						<String ID="P2_ST00762" HPOS="2473" VPOS="4139" WIDTH="157" HEIGHT="37" CONTENT="allezeit" WC="0.99" CC="04602603"/>
						<SP ID="P2_SP00657" HPOS="2630" VPOS="4188" WIDTH="28"/>
						<String ID="P2_ST00763" HPOS="2658" VPOS="4138" WIDTH="142" HEIGHT="38" CONTENT="Prima" WC="0.96" CC="86466" STYLEREFS="TXT_5"/>
						<SP ID="P2_SP00658" HPOS="2800" VPOS="4188" WIDTH="40"/>
						<String ID="P2_ST00764" HPOS="2840" VPOS="4138" WIDTH="82" HEIGHT="36" CONTENT="Vox" WC="0.60" CC="442" STYLEREFS="TXT_5"/>
						<SP ID="P2_SP00659" HPOS="2922" VPOS="4188" WIDTH="29"/>
						<String ID="P2_ST00765" HPOS="2951" VPOS="4137" WIDTH="104" HEIGHT="37" CONTENT="hiess" WC="0.72" CC="71103"/>
						<SP ID="P2_SP00660" HPOS="3055" VPOS="4188" WIDTH="43"/>
						<String ID="P2_ST00766" HPOS="3098" VPOS="4136" WIDTH="80" HEIGHT="36" CONTENT="und" WC="0.97" CC="700"/>
						<SP ID="P2_SP00661" HPOS="3178" VPOS="4188" WIDTH="42"/>
						<String ID="P2_ST00767" HPOS="3220" VPOS="4136" WIDTH="60" HEIGHT="36" CONTENT="die" WC="0.99" CC="003"/>
						<SP ID="P2_SP00662" HPOS="3280" VPOS="4188" WIDTH="28"/>
						<String ID="P2_ST00768" HPOS="3308" VPOS="4136" WIDTH="128" HEIGHT="35" CONTENT="Benen" SUBS_TYPE="HypPart1" SUBS_CONTENT="Benennungen" WC="0.98" CC="42407"/>
						<HYP HPOS="3436" VPOS="4136" WIDTH="25" CONTENT="-"/>
					</TextLine>
					<TextLine ID="P2_TL00100" HPOS="1891" VPOS="4197" WIDTH="1570" HEIGHT="56">
						<String ID="P2_ST00769" HPOS="1891" VPOS="4216" WIDTH="159" HEIGHT="37" CONTENT="nungen" SUBS_TYPE="HypPart2" SUBS_CONTENT="Benennungen" WC="0.97" CC="559307"/>
						<SP ID="P2_SP00663" HPOS="2050" VPOS="4253" WIDTH="29"/>
						<String ID="P2_ST00770" HPOS="2079" VPOS="4201" WIDTH="162" HEIGHT="39" CONTENT="Primus" WC="0.98" CC="803606" STYLEREFS="TXT_5"/>
						<SP ID="P2_SP00664" HPOS="2241" VPOS="4253" WIDTH="26"/>
						<String ID="P2_ST00771" HPOS="2267" VPOS="4202" WIDTH="196" HEIGHT="38" CONTENT="secundus" WC="0.48" CC="57653065" STYLEREFS="TXT_5"/>
						<SP ID="P2_SP00665" HPOS="2463" VPOS="4253" WIDTH="28"/>
						<String ID="P2_ST00772" HPOS="2491" VPOS="4214" WIDTH="36" HEIGHT="24" CONTENT="u." WC="0.50" CC="54"/>
						<SP ID="P2_SP00666" HPOS="2527" VPOS="4253" WIDTH="33"/>
						<String ID="P2_ST00773" HPOS="2560" VPOS="4214" WIDTH="29" HEIGHT="24" CONTENT="s." WC="0.50" CC="63"/>
						<SP ID="P2_SP00667" HPOS="2589" VPOS="4253" WIDTH="30"/>
						<String ID="P2_ST00774" HPOS="2619" VPOS="4214" WIDTH="49" HEIGHT="27" CONTENT="w." WC="0.27" CC="76"/>
						<SP ID="P2_SP00668" HPOS="2668" VPOS="4253" WIDTH="29"/>
						<String ID="P2_ST00775" HPOS="2697" VPOS="4202" WIDTH="110" HEIGHT="36" CONTENT="nicht" WC="0.97" CC="70079"/>
						<SP ID="P2_SP00669" HPOS="2807" VPOS="4253" WIDTH="37"/>
						<String ID="P2_ST00776" HPOS="2844" VPOS="4201" WIDTH="103" HEIGHT="36" CONTENT="nach" WC="0.96" CC="7307"/>
						<SP ID="P2_SP00670" HPOS="2947" VPOS="4253" WIDTH="38"/>
						<String ID="P2_ST00777" HPOS="2985" VPOS="4200" WIDTH="66" HEIGHT="36" CONTENT="der" WC="0.94" CC="059"/>
						<SP ID="P2_SP00671" HPOS="3051" VPOS="4253" WIDTH="29"/>
						<String ID="P2_ST00778" HPOS="3080" VPOS="4198" WIDTH="190" HEIGHT="37" CONTENT="Tonhöhe" WC="0.98" CC="2337670"/>
						<SP ID="P2_SP00672" HPOS="3270" VPOS="4253" WIDTH="35"/>
						<String ID="P2_ST00779" HPOS="3305" VPOS="4197" WIDTH="156" HEIGHT="50" CONTENT="gezählt" WC="0.97" CC="9328709"/>
					</TextLine>
					<TextLine ID="P2_TL00101" HPOS="1891" VPOS="4266" WIDTH="170" HEIGHT="37">
						<String ID="P2_ST00780" HPOS="1891" VPOS="4266" WIDTH="170" HEIGHT="37" CONTENT="werden." WC="0.98" CC="6550074"/>
					</TextLine>
				</TextBlock>
			</PrintSpace>
		</Page>
	</Layout>
</alto>
