3599 4485
1793 185 110 52 260

617 327 136 57 Die
824 327 567 58 Kreuzfahrer.

407 452 215 38 Neueste
666 453 341 49 Composition
1049 465 95 26 von
1186 453 136 38 Niels
1363 454 63 36 W.
1471 453 144 38 Gade.

340 569 98 48 Das
481 567 135 51 letzte
658 567 588 53 Abonnements-Concert
1288 569 81 51 des
1412 570 380 52 Musik-Vereins

221 646 45 50 in
296 647 396 68 Kopenhagen
731 647 83 51 bat
842 649 136 49 einen
1008 647 302 53 erbebenden
1340 649 242 51 Eindruck
1614 650 150 52 hinter-

219 726 164 50 lassen.
424 727 99 50 Das
551 729 282 66 Programm
866 727 195 51 brachte
1091 747 90 31 nur
1209 729 114 49 zwei
1354 730 203 58 Werke,
1586 730 174 51 Beetbo-

219 806 125 50 ven's
374 805 136 51 achte
538 806 226 59 Sinfonie,
795 807 75 50 die
899 806 255 52 besonders
1182 807 62 51 im
1275 809 194 66 Allegro
1498 807 96 53 und
1625 810 164 50 Finale

219 885 293 49 vortrefflich
555 888 284 64 ausgeführt
882 888 181 59 wurde,
1120 888 95 49 und
1274 889 119 57 „Die

219 980 91 36 von
339 966 156 49 Niels
524 966 87 51 W.
642 966 182 60 Gade,
866 966 103 51 eine
1012 984 121 33 neue
1174 966 338 69 Composition,
1557 969 127 49 reich
1728 987 60 33 an

219 1045 207 67 Umfang
456 1045 96 51 und
581 1046 168 51 Inhalt.
799 1049 91 48 Am
920 1046 218 51 Schlüsse
1168 1046 84 51 der
1281 1048 313 67 Aufführung
1623 1049 165 51 wurde

219 1124 83 51 der
332 1125 276 67 Componist
636 1126 83 50 mit
748 1126 232 51 Fanfaren
1009 1143 106 34 vom
1147 1128 257 50 Orchester
1439 1129 95 51 und
1563 1130 109 65 lang
1703 1145 54 35 an-

218 1202 271 53 haltendem
520 1206 211 66 Applaus
763 1223 104 33 vom
895 1206 250 50 Publicum
1177 1206 231 68 begrüsst.

338 1285 99 50 Das
467 1284 215 59 Gedicht,
722 1286 200 49 welches
951 1286 86 49 wir
1067 1286 116 50 Karl
1213 1286 243 51 Andersen
1501 1285 286 61 verdanken,

221 1361 147 52 bildet
396 1364 104 51 eine
526 1365 424 51 Concert-Cantate
974 1366 84 49 mit
1078 1366 108 50 sehr
1218 1365 396 69 befriedigendem
1639 1368 149 49 Stoffe

221 1460 84 33 zur
335 1445 351 50 musicalischen
708 1445 314 67 Behandlung
1054 1446 80 50 für
1161 1446 347 60 Solostimmen,
1534 1446 128 51 Chor
1690 1446 97 51 und

223 1523 271 50 Orchester.
550 1524 139 51 Diese
721 1525 211 67 Gattung
961 1542 88 34 von
1082 1525 383 66 Gesangstücken
1506 1525 196 60 scheint,
1740 1526 45 50 in

217 1618 52 33 so
299 1601 98 51 fern
426 1603 102 50 ihre
557 1603 308 52 historischen
896 1604 96 51 und
1022 1605 346 50 romantischen
1389 1604 149 51 Stoffe
1567 1605 84 51 mit
1680 1623 79 33 ern-

218 1690 92 42 ster
340 1683 154 49 Musik
536 1683 437 62 übereinstimmen,
1012 1685 102 50 hier
1140 1685 62 50 im
1230 1684 195 51 Norden
1454 1685 169 51 immer
1653 1686 135 50 mehr

219 1761 97 50 und
348 1761 134 51 mehr
510 1761 177 52 beliebt
715 1782 54 31 zu
802 1764 201 51 werden.
1063 1764 208 51 Obwohl
1300 1764 84 51 der
1412 1765 156 50 Inhalt
1596 1765 157 51 drama-

218 1840 116 51 tisch
363 1844 457 66 zusammengestellt
847 1844 72 60 ist,
957 1860 51 33 so
1039 1844 157 49 macht
1232 1862 52 31 er
1308 1843 120 52 doch
1467 1844 125 49 nicht
1622 1845 142 50 diesel-

219 1919 92 51 ben
360 1920 298 69 Ansprüche,
708 1923 74 50 die
832 1923 72 50 ein
955 1923 343 50 musicalisches
1345 1924 184 51 Drama
1575 1924 85 51 auf
1705 1924 83 51 der

221 2000 169 50 Bühne
421 2003 173 49 macht.

345 2081 97 49 Das
473 2081 154 50 Werk
666 2081 82 50 hat
782 2081 99 51 drei
912 2081 181 60 Theile,
1136 2081 144 51 deren
1322 2089 148 43 erster
1514 2083 82 50 mit
1638 2083 151 50 einem

222 2159 277 65 Pilgerchor
556 2160 79 50 für
694 2163 210 48 Frauen-
964 2161 92 50 und
1107 2161 414 50 Männerstimmen
1578 2161 212 68 beginnt,

222 2238 154 50 einem
406 2239 225 59 schönen,
661 2240 409 51 ausdrucksvollen
1096 2243 232 64 Gesänge,
1359 2241 83 50 der
1472 2241 72 51 die
1576 2243 213 50 Mühsale

222 2318 85 49 der
336 2318 308 67 Pilgerschaft
672 2320 146 48 durch
846 2320 171 51 Wüste
1046 2320 94 50 und
1172 2320 227 50 Wildniss
1428 2321 234 50 schildert.
1694 2323 95 48 Das

222 2398 309 66 Hauptmotiv
571 2399 79 51 hat
688 2400 151 66 einige
877 2400 229 50 entfernte
1135 2400 330 50 Aehnlichkeit
1507 2401 83 49 mit
1620 2400 169 51 Gade's

222 2476 190 68 eigener
437 2478 318 68 Composition
791 2480 108 59 „Bei
1470 2481 58 49 ist
1550 2480 116 51 aber
1690 2481 99 50 hier

221 2556 85 51 viel
350 2556 174 51 breiter
567 2559 284 66 ausgeführt
894 2559 95 49 und
1028 2577 55 31 zu
1119 2560 128 50 einer
1275 2559 225 61 schönen,
1540 2560 221 51 charakte-

219 2635 244 52 ristischen
522 2636 318 69 Composition
905 2639 281 49 entwickelt.
1270 2639 89 49 Ein
1413 2640 225 51 Becitativ
1695 2639 94 51 und

221 2715 390 69 Arioso-Gesang
668 2718 175 49 Peter's
885 2716 81 51 des
1009 2718 261 58 Eremiten,
1324 2716 80 52 des
1445 2719 211 49 Führers
1708 2718 81 50 der

223 2795 336 61 Kreuzfahrer,
590 2796 126 51 leitet
745 2798 135 49 einen
912 2798 128 50 Chor
1083 2796 248 51 derselben
1376 2798 99 59 ein;
1526 2817 55 31 zu
1625 2799 163 49 dessen

226 2874 178 51 Colorit
459 2879 171 63 mögen
699 2876 228 50 vielleicht
997 2876 378 50 altfranzösische
1450 2876 170 52 Lieder
1699 2876 89 51 den

221 2954 180 66 Impuls
442 2954 214 66 gegeben
698 2955 172 51 haben.
934 2956 100 51 Das
1075 2956 166 50 Finale
1284 2955 81 51 des
1407 2964 154 43 ersten
1604 2956 186 51 Theiles

222 3033 150 50 bildet
400 3034 73 49 ein
504 3035 314 66 Abendgebet
846 3036 80 50 des
953 3053 178 49 ganzen
1163 3036 168 57 Chors,
1360 3053 84 34 aus
1467 3038 224 49 welchem
1717 3036 73 51 die

225 3113 301 50 Solostimme
555 3115 176 50 Peter's
769 3114 79 51 des
876 3115 241 51 Eremiten
1162 3115 204 50 feierlich
1399 3114 97 52 und
1525 3115 265 69 ergreifend

223 3191 281 51 hervortritt.

346 3274 98 48 Der
482 3274 164 49 zweite
691 3274 133 49 Theil
868 3274 56 49 ist
1260 3274 387 60 überschrieben,
1694 3292 96 34 was

223 3350 179 51 freilich
440 3354 346 49 unwillkürlich
829 3370 136 33 wenn
1006 3354 118 49 auch
1163 3354 126 49 nicht
1324 3372 55 31 zu
1420 3355 128 50 einer
1576 3354 187 68 Verglei-

226 3429 176 68 chung,
433 3431 117 51 doch
580 3450 55 32 zu
665 3434 128 49 einer
816 3434 303 66 Erinnerung
1149 3450 57 33 an
1229 3434 151 51 Gluck
1404 3434 184 67 drängt,
1619 3434 60 51 da
1708 3434 84 51 der

228 3509 304 66 Gegenstand
561 3511 213 51 derselbe
804 3513 73 57 ist,
907 3514 88 48 wie
1023 3513 63 48 im
1117 3513 192 49 zweiten
1340 3514 116 49 Acte
1486 3532 86 31 von
1604 3514 189 49 Gluck's

228 3589 151 68 Oper,
410 3591 199 50 nämlich
640 3591 73 50 die
741 3593 315 66 Versuchung
1086 3591 240 51 Binaldo's
1361 3593 149 50 durch
1540 3593 253 50 Armidens

227 3668 292 69 Lockungen
562 3671 63 49 im
666 3671 166 50 Bunde
873 3671 84 51 mit
984 3671 406 52 Zauberkünsten.
1445 3674 145 49 Einer
1619 3671 146 52 fremd-

230 3749 202 67 artigen,
477 3751 304 66 mysteriösen
825 3751 286 68 Einleitung,
1168 3751 178 51 welche
1398 3753 44 49 in
1486 3751 308 69 schlagender

231 3828 166 50 Weise
428 3829 89 51 den
547 3830 182 67 Kampf
752 3830 83 50 der
861 3831 153 50 Nacht
1054 3848 151 51 gegen
1237 3831 82 51 das
1346 3831 137 50 Licht
1519 3831 275 59 verkündet,

231 3906 117 69 folgt
377 3909 71 49 ein
480 3909 165 51 kurzer
677 3910 128 51 Chor
833 3910 84 50 der
947 3910 182 51 Geister
1157 3910 84 51 der
1270 3911 298 59 Finsterniss,
1616 3913 179 49 welche

233 3988 85 49 auf
357 3988 82 50 das
470 3989 153 51 Gebot
664 3990 128 50 ihrer
821 3990 206 66 Königin
1067 3991 101 50 eine
1196 3990 319 61 Zauberwelt,
1544 3991 84 50 mit
1656 3993 137 49 allem

230 4065 271 52 Sinnenreiz
529 4075 322 60 ausgestattet,
881 4070 172 50 herauf
1077 4069 322 52 beschwören.
1437 4070 235 51 Armida's
1703 4071 61 50 Ge-

231 4162 117 52 sang
390 4146 58 51 ist
492 4149 196 66 originel
727 4149 45 49 in
813 4149 201 51 Melodie
1053 4149 95 49 und
1177 4150 264 67 Bhythmus
1487 4149 94 51 und
1610 4149 114 68 geht
1749 4150 46 51 in

237 4225 135 51 einen
401 4226 312 52 Sirenenchor
757 4228 136 62 über,
936 4228 82 52 der
1060 4229 135 52 einen
1237 4229 227 62 weichen,
1507 4229 262 52 verführeri-

1896 331 141 51 schen
2063 330 263 52 Charakter
2357 331 193 51 athmet.
2580 331 91 50 Die
2701 327 216 68 folgende
2949 329 147 49 Scene
3124 330 221 51 schildert
3366 330 91 52 den

1891 411 98 51 sich
2025 411 298 68 steigernden
2353 411 180 68 Kampf
2556 410 238 52 Binaldo's
2832 425 155 50 gegen
3015 407 73 51 die
3118 410 337 67 Versuchung;

1891 509 52 33 er
1980 490 141 51 droht
2156 491 73 50 ihr
2267 509 54 32 zu
2364 493 237 58 verfallen,
2645 507 136 34 wenn
2823 505 52 32 er
2917 487 91 51 den
3050 489 408 52 schmeichelnden

1891 570 263 51 Melodieen
2183 570 197 58 lauscht,
2424 570 118 51 doch
2587 570 127 66 ringt
2751 587 52 33 er
2832 567 91 50 fort
2954 566 92 51 und
3078 567 92 50 fort
3198 569 118 48 nach
3347 567 106 53 dem

1888 653 158 66 Siege,
2088 650 94 50 und
2229 651 66 49 als
2334 668 51 33 er
2415 651 89 50 den
2535 650 337 66 Pilgergesang
2903 647 107 50 hört
3040 647 95 50 und
3165 647 163 51 darein
3359 649 74 51 ein-

1888 730 193 56 stimmt,
2113 729 80 49 hat
2221 729 83 51 der
2330 730 191 50 Zauber
2547 730 129 48 seine
2706 727 159 51 Macht
2897 726 115 50 über
3043 726 78 50 ihn
3153 727 226 50 verloren.

2009 810 138 50 Diese
2177 810 149 50 Scene
2373 811 56 49 ist
2471 811 45 49 in
2560 810 160 65 Bezug
2749 807 84 51 auf
2867 806 313 51 dramatische
3213 807 242 68 Wirkung

1888 889 385 66 ausgezeichnet;
2304 889 82 49 der
2415 889 287 66 Uebergang
2731 904 86 33 aus
2845 886 83 50 der
2958 886 245 51 reizenden
3226 886 227 51 Melodie:

1898 969 257 58 „Binaldo!
2464 970 44 48 in
2532 968 89 49 den
2648 968 188 66 Gesang
2858 966 84 49 der
2964 966 319 50 Kreuzfahrer
3311 965 113 51 über-

1886 1049 174 58 rascht,
2103 1049 95 51 und
2237 1050 83 50 der
2359 1048 336 67 Seelenkampf
2728 1048 80 49 des
2838 1045 184 51 Helden
3064 1046 57 50 ist
3163 1046 291 51 meisterhaft

1886 1129 296 67 geschildert.
2237 1129 262 49 Besonders
2537 1126 266 68 ergreifend
2832 1126 57 50 ist
2916 1125 83 51 das
3027 1125 46 50 in
3104 1126 110 66 lang
3242 1126 184 66 gehalte-

1885 1225 91 32 nen
2008 1210 162 48 Tönen
2202 1208 303 67 erklingende
2533 1208 155 58 Horn,
2733 1204 199 52 welches
2963 1204 89 49 den
3083 1205 200 51 Binaldo
3314 1206 102 50 mah-

1886 1288 123 50 nend
2038 1289 108 49 ruft.
2177 1288 106 52 Und
2307 1289 126 49 Alles
2462 1289 45 49 in
2537 1286 174 51 diesem
2742 1285 163 51 Theile
2935 1284 80 51 des
3041 1285 204 50 Werkes
3274 1286 57 49 ist
3359 1303 94 32 neu

1886 1368 95 49 und
2011 1385 117 49 ganz
2156 1368 300 49 verschieden
2498 1384 86 34 von
2615 1366 106 50 dem
2751 1365 114 51 Stile
2902 1365 45 50 in
2978 1364 223 51 früheren
3237 1365 215 51 Werken

1887 1446 187 61 Gade's,
2103 1465 34 32 z.
2168 1448 53 49 B.
2254 1446 211 61 Comala,
2493 1448 151 49 Bitter
2674 1444 116 52 Olaf
2814 1462 43 33 u.
2886 1459 36 33 s.
2952 1459 59 34 w.
3053 1442 288 51 Schwerlich
3370 1444 83 51 hat

1887 1526 149 59 Gade,
2077 1526 193 50 seitdem
2316 1544 50 33 er
2409 1525 147 51 durch
2601 1525 72 50 die
2710 1524 309 66 Erzeugnisse
3062 1523 151 50 seiner
3247 1523 174 67 jugend-

1886 1606 150 51 lichen
2067 1608 339 66 Begeisterung
2436 1606 102 50 eine
2568 1622 49 34 so
2649 1622 160 50 grosse
2838 1604 291 66 Popularität
3158 1603 74 50 bei
3262 1619 87 34 uns
3378 1620 48 33 er-

1886 1688 144 66 langt,
2069 1688 134 48 einen
2235 1686 126 51 Stoff
2397 1686 279 57 bearbeitet,
2720 1684 84 51 der
2832 1702 51 31 so
2913 1684 89 49 wie
3031 1683 74 49 die
3133 1683 320 50 Kreuzfahrer

1887 1766 84 50 auf
1995 1765 90 51 den
2114 1774 154 42 ersten
2297 1766 202 50 Anblick
2528 1765 151 51 seiner
2710 1763 368 50 künstlerischen
3107 1761 348 52 Individualität

1886 1845 205 51 zuwider
2131 1863 54 33 zu
2223 1846 97 51 sein
2358 1845 192 51 scheint.
2608 1843 104 52 Und
2743 1843 119 50 doch
2892 1843 58 49 ist
2978 1843 124 49 diese
3133 1841 320 68 Composition

1891 1925 165 66 gewiss
2086 1926 102 49 eine
2216 1926 151 50 seiner
2397 1925 163 50 besten
2589 1923 96 50 und
2716 1923 496 67 phantasiereichsten,
3242 1921 97 50 und
3366 1938 56 34 na-

1889 2005 220 50 mentlich
2152 2005 46 50 in
2241 2005 83 50 der
2354 2004 292 66 Abtheilung
2983 2001 119 66 zeigt
3130 2018 52 33 er
3210 2001 97 50 sich
3339 2001 83 50 wie-

1891 2084 84 49 der
2015 2100 118 51 ganz
2177 2084 66 51 als
2286 2085 133 50 einen
2462 2083 417 52 skandinavischen
2921 2080 302 60 Tondichter,
3264 2097 50 33 so
3356 2088 99 44 zart

1891 2163 95 50 und
2018 2163 171 49 keusch
2220 2164 56 49 ist
2305 2163 72 50 die
2406 2179 145 50 ganze
2582 2163 148 48 Scene
2759 2160 268 51 behandelt.
3073 2160 121 51 Was
3224 2160 80 48 für
3332 2159 122 67 grob

1889 2243 224 49 sinnliche
2145 2243 188 49 Farben
2363 2241 165 50 würde
2568 2241 72 50 ein
2679 2240 312 50 italiänischer
3021 2239 290 66 Componist,
3340 2239 115 51 oder

1891 2321 296 68 Meyerbeer,
2216 2323 114 49 oder
2354 2320 205 52 Bicbard
2585 2320 218 67 Wagner
2824 2320 101 48 hier
2947 2320 309 66 aufgetragen
3281 2319 174 59 haben,

1891 2401 225 51 während
2159 2403 131 49 Gade
2333 2420 89 32 nur
2465 2401 99 57 das,
2607 2418 95 33 was
2745 2400 74 48 die
2861 2400 231 48 Situation
3137 2399 193 57 fordert,
3374 2399 83 49 mit

1889 2481 228 50 sicherem
2142 2481 182 50 Maasse
2348 2480 220 51 zeichnet.
2599 2481 138 47 Seine
2761 2479 195 49 Armide
2987 2476 344 51 unterscheidet
3359 2478 96 49 sich

1891 2560 209 51 dadurch
2145 2578 86 33 von
2276 2561 83 50 der
2397 2560 326 57 Gluck'schen,
2767 2558 103 49 dass
2912 2559 73 49 bei
3015 2559 150 48 dieser
3196 2558 84 48 der
3309 2559 149 48 Durst

1891 2640 119 55 nach
2039 2640 162 50 Bache
2231 2640 147 50 durch
2410 2640 73 48 die
2508 2640 263 65 Begungen
2803 2636 82 50 der
2907 2638 147 49 Liebe
3085 2638 213 64 gezügelt
3320 2636 135 61 wird,

1892 2719 74 51 bei
1997 2719 133 51 Gade
2159 2718 114 52 aber
2301 2737 90 33 nur
2420 2719 74 49 die
2524 2719 141 58 kalte,
2705 2716 231 66 mächtige
2968 2716 193 50 Feindin
3193 2716 78 49 des
3300 2718 124 48 Kreu-

1888 2817 74 33 zes
1990 2800 46 48 in
2065 2799 73 49 ihr
2166 2800 309 66 personificirt
2512 2798 246 50 erscheint.
2814 2796 160 50 Indess
3017 2795 149 51 dünkt
3206 2813 103 42 uns,
3351 2796 106 50 dass

1891 2879 198 51 manche
2118 2879 174 51 Stellen
2334 2879 46 49 in
2411 2879 106 49 dem
2559 2878 186 49 vocalen
2775 2876 387 68 Zwiegespräche
3199 2893 56 32 zu
3298 2876 159 66 wenig

1889 2958 159 52 Farbe
2076 2958 173 50 haben.

2009 3039 99 48 Der
2143 3038 135 50 letzte
2320 3036 151 57 Theil,
2879 3034 383 58 überschrieben,
3306 3035 54 48 ist
3388 3035 61 48 im

1889 3118 251 67 Vergleich
2169 3135 56 32 zu
2255 3116 89 50 den
2376 3115 169 51 beiden
2568 3123 152 42 ersten
2752 3114 82 51 der
2864 3130 73 33 am
2970 3115 192 50 meisten
3194 3115 233 50 oratorien-

1891 3198 199 64 mässige
2119 3195 96 51 und
2246 3195 228 66 religiöse.

2009 3275 203 51 Binaldo
2241 3274 116 51 trifft
2386 3273 174 50 wieder
2589 3274 74 49 bei
2695 3273 104 50 dem
2827 3273 297 50 Kreuzheere
3153 3274 92 56 ein,
3276 3274 64 48 als
3370 3273 84 50 der

1892 3355 183 50 Eremit
2104 3355 172 51 diesem
2307 3354 80 51 das
2415 3355 97 50 Ziel
2544 3354 81 49 der
2657 3354 283 66 Pilgerfahrt
2977 3354 130 66 zeigt.
3167 3354 88 48 Die
3285 3354 169 66 beilige

1892 3434 137 51 Stadt
2057 3435 151 66 glänzt
2235 3435 46 50 in
2310 3434 90 51 den
2423 3433 218 50 Strahlen
2672 3433 84 50 der
2777 3434 174 54 Sonne,
2982 3434 94 48 und
3106 3434 70 49 ein
3203 3433 252 67 jubelnder

1892 3513 128 50 Lob-
2061 3513 95 50 und
2184 3513 258 52 Dankchor
2481 3513 263 50 entflammt
2782 3511 82 51 das
2893 3513 128 49 Heer
3058 3530 54 32 zu
3143 3511 179 66 Kampf
3361 3511 94 50 und

1893 3594 126 67 Sieg.

2013 3671 310 69 Ueberhaupt
2349 3671 102 51 sind
2479 3673 47 49 in
2555 3673 121 50 allen
2707 3671 187 51 Chören
2923 3688 160 51 grosse
3114 3671 343 50 Schönheiten:

1893 3751 84 51 der
2005 3753 461 67 Morgen-Hymnus,
2508 3751 83 50 der
2632 3751 362 66 Pilgermarsch,
3038 3750 72 50 die
3153 3751 304 65 Begrüssung

1893 3831 287 51 Jerusalems
2208 3831 275 51 offenbaren
2512 3833 103 49 eine
2644 3830 295 51 bedeutende
2969 3830 414 66 Erfindungskraft
3411 3830 46 50 in

1893 3910 314 67 Verbindung
2263 3911 82 50 mit
2395 3910 418 67 ungewöhnlicher
2866 3910 278 50 Herrschaft
3196 3910 120 48 über
3370 3910 89 50 alle

1895 3991 152 50 Mittel
2077 3989 83 51 der
2189 3990 168 51 Kunst.
2413 3991 67 49 Im
2513 3990 165 51 letzten
2709 3990 162 50 Theile
2900 3996 150 42 treten
3079 3989 120 51 auch
3228 3989 119 49 noch
3377 3989 54 49 Bi-

1895 4069 180 52 naldo's
2107 4069 152 52 Gebet
2287 4069 95 51 und
2413 4070 81 50 des
2518 4070 240 50 Eremiten
2787 4070 177 57 letzter,
2994 4070 273 66 gewaltiger
3290 4068 175 52 Aufruf

1895 4168 105 32 zum
2018 4149 199 67 heiligen
2236 4149 170 51 Streite
2432 4149 183 49 hervor.
2645 4150 67 48 Im
2745 4149 187 51 Ganzen
2963 4149 57 48 ist
3048 4148 81 50 der
3159 4149 138 48 dritte
3326 4148 134 49 Theil

1898 4230 212 67 weniger
2140 4229 185 51 lieblich
2353 4228 98 52 und
2481 4228 341 69 ansprechend,
2864 4229 66 51 als
2968 4226 73 52 die
3081 4228 166 50 beiden
3290 4235 172 52 ersten,
