3180 4498
2928 69 59 48 57

143 171 317 100 speaking
515 170 87 80 he
639 203 142 48 was
818 190 117 59 not
974 167 374 82 concerned
1383 167 167 83 with
1588 167 114 80 the
1748 200 226 65 expres-

143 283 144 75 sion
324 276 71 80 of
431 275 187 80 ideas
654 308 74 45 or
765 274 115 80 the
916 273 273 81 relation
1226 274 70 79 of
1333 273 189 80 facts.
1601 271 121 80 He
1758 271 254 82 limited

141 382 261 82 himself
455 403 70 58 to
563 379 253 99 adding
853 414 130 45 one
1020 379 205 80 touch
1269 379 113 80 the
1434 412 183 47 more
1655 400 69 57 to
1780 412 42 46 a
1858 378 116 80 cha-

140 511 229 59 racter.
480 487 124 80 He
659 487 238 98 sought
950 487 99 79 for
1105 487 125 79 this
1284 485 215 81 alone.
1613 485 134 80 His
1797 518 180 65 reper-

140 618 144 75 tory
337 627 164 57 was,
562 624 96 47 au
703 591 207 96 fond,
976 627 40 44 a
1072 590 243 100 gallery
1353 590 71 80 of
1460 594 345 95 portraits:
1865 623 111 65 por-

139 706 178 76 traits
370 721 117 60 not
541 698 70 80 of
665 732 269 65 persons
988 699 121 79 but
1181 698 70 79 of
1324 697 249 81 human
1627 718 210 78 types.
1960 697 54 79 It

138 842 143 47 was
337 810 225 93 owing
616 826 70 58 to
742 805 124 79 this
922 805 141 79 that
1119 838 131 46 one
1294 802 356 99 perceived
1705 806 68 76 in
1828 802 183 80 them

138 946 185 47 some
379 913 325 98 synthetic
757 909 233 81 details
1044 909 229 81 which
1310 943 40 45 a
1388 908 277 80 careless
1702 908 310 80 observer

136 1019 211 98 might
402 1017 275 80 mistake
731 1016 100 80 for
886 1050 40 44 a
982 1013 406 83 caricatured
1428 1014 388 91 distortion;
1875 1013 136 81 and

139 1124 230 82 which
405 1157 163 58 was,
611 1157 90 45 on
739 1122 114 80 the
891 1144 322 76 contrary,
1253 1155 40 46 a
1322 1121 233 80 search
1582 1121 99 80 for
1709 1121 302 80 essential

139 1235 230 93 verity,
427 1228 100 80 for
583 1228 478 99 stupendously
1120 1226 370 82 distinctive
1546 1230 192 95 signs.

278 1334 237 82 These
569 1338 193 94 signs,
821 1369 73 44 so
967 1333 192 80 sober
1234 1332 135 81 and
1442 1367 75 46 so
1570 1332 201 91 vivid,
1829 1366 183 48 were

136 1442 115 80 the
324 1474 183 48 more
581 1440 366 81 admirable
1019 1444 67 76 in
1159 1440 143 80 that
1378 1439 115 81 the
1559 1439 235 99 figures
1849 1439 160 99 they

136 1548 290 92 defined,
484 1546 136 80 and
675 1546 399 101 profoundly
1127 1545 508 92 differentiated,
1675 1578 182 47 were
1894 1567 117 58 not

134 1654 172 80 alien
361 1687 131 47 one
545 1653 169 80 from
770 1653 296 92 another,
1107 1652 139 91 but,
1289 1656 68 76 in
1410 1686 42 46 a
1508 1654 247 78 certain
1794 1685 212 57 sense,

132 1761 176 80 akin.
418 1757 161 82 The
635 1764 215 76 comic
903 1757 215 83 world
1169 1757 71 80 of
1294 1757 327 82 Edoardo
1658 1756 349 81 Ferravilla

134 1901 143 48 was
333 1900 89 47 no
478 1900 156 64 very
689 1888 143 59 vast
887 1900 151 48 one.
1150 1865 53 79 It
1267 1898 143 49 was
1475 1901 42 44 a
1580 1864 159 81 little
1792 1864 215 81 world

134 1973 71 80 of
259 1972 412 100 mediocrity,
728 1972 248 82 mental
1048 1971 136 81 and
1250 1971 240 81 moral:
1569 1971 143 81 that
1794 1971 214 81 world

138 2079 228 81 which
440 2077 192 82 tends
706 2100 117 59 not
901 2101 70 58 to
1044 2077 249 80 ascend
1366 2079 120 80 but
1542 2099 70 60 to
1667 2099 344 77 stagnate;

138 2185 270 82 inclines
463 2207 115 57 not
633 2184 293 83 towards
981 2184 495 81 self-liberation
1540 2184 120 80 but
1724 2184 290 81 towards

139 2325 87 47 an
280 2324 156 48 ever
489 2291 209 80 closer
752 2291 644 99 self-imprisonment
1449 2291 234 80 within
1736 2289 116 80 the
1905 2324 71 47 re-

135 2397 269 82 stricted
459 2401 452 78 environment
967 2399 71 80 of
1093 2397 306 80 tradition
1455 2397 135 80 and
1646 2397 209 80 habit.
1961 2397 53 80 It

134 2537 144 48 was
334 2504 115 79 the
503 2503 212 82 world
783 2504 71 79 of
917 2504 115 81 the
1107 2504 364 90 half-souls,
1527 2502 487 82 characterised

134 2611 94 99 by
282 2611 116 80 the
452 2611 282 81 absense
790 2611 71 80 of
916 2645 199 66 every
1169 2615 209 77 virtue
1432 2611 221 81 rather
1706 2609 161 82 than
1922 2609 92 101 by

134 2750 132 66 any
320 2716 270 81 definite
643 2721 198 76 vices.

281 2823 164 81 The
482 2846 184 58 actor
690 2823 427 100 represented
1154 2823 135 81 and
1328 2823 320 82 ridiculed
1686 2824 114 81 the
1827 2846 187 78 petty

135 2929 353 100 bourgeois
525 2933 272 97 society,
828 2928 366 84 mildewed
1222 2929 119 82 but
1377 2952 119 60 not
1529 2952 116 78 yet
1682 2931 330 98 decayed.

135 3036 124 83 He
314 3036 227 81 seized
597 3072 182 65 upon
833 3043 49 74 it
936 3037 138 82 and
1128 3037 422 98 reproduced
1606 3043 48 76 it
1691 3041 67 78 in
1814 3037 84 80 all
1935 3041 78 78 its

134 3147 200 77 inane
389 3143 192 80 effort
634 3166 70 57 to
759 3166 228 58 attune
1039 3143 172 80 itself
1249 3166 70 57 to
1354 3144 117 80 the
1507 3148 264 95 passing
1824 3143 187 95 hour,

134 3253 68 78 in
257 3253 82 79 its
393 3250 330 81 laborious
778 3251 135 80 and
968 3250 351 81 ridiculous
1373 3251 343 99 approach
1771 3271 71 59 to
1899 3251 114 81 the

132 3356 178 81 fresh
365 3360 176 97 spirit
596 3357 227 82 which
878 3357 114 82 the
1046 3391 158 48 new
1259 3356 110 81 life
1433 3356 390 81 elaborated
1877 3356 136 81 and

132 3468 54 77 is
240 3497 157 48 ever
450 3468 362 96 renewing.
925 3464 162 81 The
1141 3464 418 81 Ferravillian
1612 3498 400 66 personages

131 3605 114 46 are
300 3571 85 80 all
441 3571 337 100 sluggards
832 3572 163 81 who
1049 3571 159 81 seek
1261 3575 68 77 in
1383 3576 153 76 vain
1573 3594 71 58 to
1682 3571 198 81 catch
1918 3605 93 65 up

132 3678 168 81 with
366 3678 114 80 the
555 3683 263 95 passing
880 3679 73 79 of
1016 3681 181 78 time.
1310 3678 359 100 Incapable
1724 3679 71 80 of
1849 3678 126 81 self-

131 3784 358 94 evolution,
529 3787 161 98 they
743 3788 296 88 imitate;
1098 3784 137 81 and
1287 3785 168 80 their
1508 3784 331 101 profound
1895 3784 78 81 ab-

132 3890 249 101 surdity
417 3891 115 81 lies
568 3891 252 100 wholly
858 3895 67 77 in
963 3890 116 82 the
1117 3891 315 100 disparity
1467 3891 319 81 between
1823 3891 189 81 what

132 3996 162 102 they
347 3999 202 99 really
604 4033 132 57 are,
795 3998 136 81 and
971 3998 114 81 the
1120 3998 417 81 semblances
1575 3998 226 82 which
1851 3999 161 99 they

130 4104 234 83 would
421 4141 73 46 or
549 4128 173 60 must
775 4140 262 47 assume
1091 4106 211 81 either
1339 4106 284 93 through
1675 4108 227 91 vanity
1940 4139 72 48 or

131 4234 120 61 out
305 4212 73 83 of
431 4235 260 76 respect
743 4212 102 81 for
878 4212 253 83 human
1166 4216 290 95 opinion.
1559 4213 54 80 It
1663 4215 53 80 is
1753 4246 88 47 an
1877 4211 135 82 infi-

2058 162 71 46 did
2176 174 72 32 not
2293 179 80 40 pay
2405 162 108 45 them
2544 162 52 44 all
2633 196 65 12 ....
2721 162 70 45 but
2824 162 15 45 I
2871 163 108 46 have

2059 221 96 57 paid
2187 224 106 43 since
2396 222 51 45 he
2479 224 146 44 writes.

2120 282 78 45 For
2228 294 83 34 two
2342 301 111 38 years
2486 282 245 46 Ferravilla's
2753 283 219 47 indecision

2058 362 42 24 as
2128 355 42 33 to
2201 361 23 27 a
2255 361 134 27 career
2418 344 228 50 continued,
2678 344 140 54 during
2839 344 135 45 which

2060 406 107 48 time,
2199 404 146 55 having
2377 403 119 45 takefn
2526 423 25 25 a
2583 422 138 27 season
2754 405 120 44 ticket
2912 405 62 44 for

2061 464 65 44 the
2141 464 110 45 small
2267 464 152 45 theatre
2436 465 43 44 of
2495 466 125 43 Santa
2638 464 256 56 Radegonda
2906 466 67 58 (2)

2059 527 51 41 he
2141 543 82 26 was
2270 525 92 44 able
2409 536 41 33 to
2497 525 182 56 frequent
2726 525 85 45 that
2857 520 116 51 other

2060 585 129 45 world
2219 585 135 45 which
2384 586 193 44 attracted
2610 586 81 44 him
2712 603 45 25 so
2787 586 189 57 strongly.

2119 647 62 44 At
2202 645 75 45 this
2300 648 93 43 time
2417 647 67 43 the
2506 647 76 43 first
2604 647 93 43 idea
2717 645 44 44 of
2782 645 194 56 founding

2058 725 25 25 a
2114 707 188 44 Milanese
2320 706 182 45 dialectic
2519 707 150 44 theatre
2691 723 84 28 was
2797 706 179 56 deriving

2060 779 329 44 encouragement
2411 767 101 45 from
2532 767 67 45 the
2620 785 153 26 success
2805 784 95 28 won
2921 767 57 56 by

2060 827 181 46 Toselli's
2293 828 253 45 Piemontese
2592 845 200 38 company
2842 828 135 45 which

2060 889 80 46 had
2173 889 141 44 visited
2358 889 157 45 Milano
2547 890 41 42 in
2627 888 218 49 1859-60;
2895 889 82 44 and

2058 948 174 46 towards
2288 950 112 44 1872
2448 969 25 26 a
2517 967 126 37 group
2690 948 44 45 of
2781 948 199 46 Milanese

2058 1010 191 55 gathered
2279 1011 179 55 together
2488 1010 82 45 and
2602 1009 176 57 mapped
2810 1021 70 34 out
2911 1011 68 45 the

2060 1071 101 44 basis
2192 1071 44 44 of
2259 1071 67 44 the
2346 1082 202 45 repertory
2569 1071 79 44 and
2671 1071 68 44 the
2761 1088 217 39 company.

2122 1131 43 45 In
2204 1132 111 45 1870
2347 1151 25 25 a
2404 1132 120 45 home
2557 1131 60 45 for
2650 1132 76 44 this
2757 1131 115 46 work
2895 1149 86 28 was

2058 1194 164 44 secured
2258 1193 52 56 by
2344 1193 66 44 the
2443 1193 193 57 purchase
2667 1192 44 45 of
2742 1193 68 44 the
2857 1193 98 53 padi-

2058 1256 135 52 glionc
2210 1254 211 51 Cattanso,
2441 1272 52 27 on
2511 1254 128 45 Corso
2656 1254 178 44 Vittorio
2856 1254 93 45 Ema-

2058 1313 131 47 nuele.
2256 1314 93 45 The
2379 1315 69 45 old
2492 1315 175 57 pavilion
2714 1331 84 28 was
2841 1315 141 57 pulled

2058 1374 136 52 down,
2229 1374 81 46 and
2343 1375 68 45 the
2449 1376 152 44 Teatro
2651 1374 198 47 Milanese
2896 1392 86 28 was

2059 1435 100 46 built
2192 1436 55 56 by
2279 1437 123 44 Carlo
2435 1437 189 55 Righetti,
2660 1437 129 44 better
2831 1436 152 47 known

2057 1498 40 43 in
2128 1508 59 33 art
2220 1498 56 54 by
2322 1498 67 45 the
2436 1500 307 53 anagrammatic
2789 1516 117 27 name
2937 1498 45 45 of

2057 1557 137 45 Cletto
2227 1559 179 55 Arrighi,
2440 1569 38 33 at
2512 1578 25 26 a
2567 1571 84 33 cost
2683 1560 45 44 of
2806 1571 70 33 not
2907 1559 75 47 less

2056 1618 96 45 than
2198 1619 135 56 eighty
2378 1619 204 46 thousand
2634 1619 70 46 lire
2721 1619 11 14 #
2738 1620 27 46 \
2830 1619 150 47 Before

2055 1679 68 45 the
2154 1679 153 45 theatre
2340 1697 84 27 was
2446 1680 124 57 ready
2594 1692 40 32 to
2657 1699 120 38 open,
2799 1680 181 56 Righetti

2055 1757 83 27 was
2171 1741 99 56 busy
2303 1740 168 57 forming
2492 1742 60 44 his
2573 1759 214 39 company,
2810 1741 170 57 offering

2055 1800 111 45 three
2197 1819 45 27 or
2273 1801 89 45 four
2392 1802 68 45 lire
2482 1821 23 26 a
2537 1802 81 56 day
2639 1814 42 33 to
2712 1815 153 38 actors;
2902 1804 81 44 and

2054 1879 133 39 young
2235 1861 215 46 Ferravilla
2497 1863 251 45 determined
2778 1874 44 34 to
2854 1863 128 57 apply

2056 1922 61 44 for
2147 1941 24 25 a
2203 1923 127 57 place,
2361 1924 95 57 only
2488 1935 42 33 to
2569 1923 82 46 find
2699 1923 157 46 himself
2903 1926 52 43 im-

2062 1983 212 58 mediately
2304 1985 233 55 designated
2570 2003 41 27 as
2644 1994 26 16 44
2694 1985 27 45 il
2753 2002 97 28 vero
2897 1987 86 55 tipo

2062 2044 200 47 d'amoros
2360 2046 67 45 the
2457 2058 86 33 true
2575 2057 94 46 type
2700 2046 45 45 of
2790 2046 125 52 lover,
2958 2063 25 28 a

2062 2105 226 46 distinction
2319 2107 134 45 which
2486 2106 118 46 made
2627 2108 58 43 his
2718 2116 27 17 44
2763 2107 125 45 blood
2909 2124 73 28 run

2060 2166 96 45 cold
2206 2201 12 18 #
2252 2168 149 56 though
2432 2168 52 45 he
2516 2169 96 44 dare
2634 2180 69 33 not
2725 2167 160 58 dispute
2913 2168 70 46 the

2062 2228 156 44 decree.
2282 2229 74 45 An
2387 2241 224 43 agreement
2644 2246 84 29 was
2773 2247 119 28 come
2923 2239 57 40 to,

2063 2289 55 55 by
2149 2289 134 45 which
2315 2289 218 47 Ferravilla
2564 2308 84 27 was
2679 2301 42 33 to
2754 2291 52 44 be
2841 2301 42 34 at
2923 2290 60 46 his

2062 2350 261 56 impresario's
2354 2351 172 57 disposal
2550 2351 60 44 for
2632 2350 215 46 rehearsals
2869 2351 111 57 only,

2063 2411 100 45 from
2209 2428 79 28 one
2333 2411 57 45 till
2437 2413 110 44 three
2577 2414 40 42 in
2650 2413 68 44 the
2749 2412 229 53 afternoon,

2062 2490 43 26 so
2135 2472 84 45 that
2251 2473 53 44 he
2334 2473 121 44 could
2487 2475 189 44 continue
2707 2474 61 44 his
2799 2474 113 45 work
2934 2476 42 45 in

2062 2534 68 43 the
2177 2533 180 56 Viglezzi
2403 2534 130 46 office.
2601 2534 71 45 He
2718 2534 121 46 could
2890 2535 85 45 also

2061 2595 187 44 continue
2294 2607 43 32 to
2384 2595 180 45 rehearse
2595 2598 40 41 in
2674 2596 68 45 the
2789 2599 190 53 evenings

2062 2655 99 45 with
2192 2655 61 45 his
2282 2655 69 45 old
2390 2656 150 45 friends
2586 2656 45 45 of
2676 2657 69 44 the
2792 2656 188 46 Gustavo

2062 2716 186 46 Modena
2279 2718 162 56 society,
2474 2719 81 45 and
2587 2729 43 33 to
2663 2717 174 57 perform
2879 2717 101 46 with

2063 2778 108 44 them
2193 2796 53 27 on
2268 2778 199 57 Sundays.
2531 2779 44 44 In
2599 2780 75 43 this
2700 2779 168 45 interval
2887 2796 70 40 pre-

2062 2840 113 43 vious
2204 2850 43 34 to
2278 2839 68 46 the
2363 2842 172 54 opening
2556 2839 44 45 of
2622 2841 67 43 the
2711 2856 90 29 new
2824 2841 155 45 theatre

2062 2900 177 56 Righetti
2256 2918 83 27 was
2359 2912 42 33 to
2417 2919 80 38 pay
2514 2902 81 43 him
2617 2901 69 45 lire
2704 2901 106 45 3.50
2826 2919 25 26 a
2881 2902 98 55 day.

2123 2961 45 45 In
2199 2961 185 46 October
2424 2962 126 51 1870,
2585 2963 133 55 owing
2749 2973 42 33 to
2813 2962 68 45 the
2915 2961 48 45 ill-

2062 3039 86 28 ness
2187 3022 44 45 of
2272 3022 169 46 another
2488 3034 122 39 actor,
2659 3023 52 45 he
2759 3022 120 47 made
2926 3040 53 28 an

2060 3083 250 57 unexpected
2357 3084 127 45 debut
2529 3086 40 42 in
2601 3102 24 27 a
2656 3083 115 47 small
2817 3095 89 45 part
2938 3102 44 28 as

2061 3162 183 28 amoroso
2247 3178 10 18 ,
2305 3144 82 46 and
2434 3145 68 45 the
2549 3157 92 33 next
2689 3145 82 56 day
2824 3145 82 46 had
2938 3157 44 33 to

2061 3206 114 44 listen
2206 3217 41 33 to
2279 3223 24 27 a
2333 3206 148 45 lecture
2521 3206 103 45 fiom
2671 3206 69 44 the
2787 3205 193 46 excellent

2061 3267 149 45 Enrico
2241 3266 194 57 Viglezzi,
2468 3267 96 45 who
2596 3266 167 58 pointed
2794 3279 70 33 out
2895 3285 58 28 em-

2058 3328 217 57 phatically
2307 3328 84 45 that
2424 3347 54 26 no
2510 3347 79 26 one
2619 3347 77 26 can
2728 3328 139 47 follow
2898 3339 84 36 two

2058 3388 177 56 callings.
2301 3397 27 18 44
2351 3389 34 45 If
2416 3408 81 38 you
2531 3401 108 34 want
2673 3401 43 33 to
2747 3401 87 45 stay
2881 3390 98 45 here

2104 3450 82 45 and
2217 3450 57 45 do
2303 3469 44 26 as
2378 3451 16 45 I
2426 3451 150 51 advise,
2607 3468 83 40 you
2720 3469 77 27 can
2820 3451 52 45 be
2892 3467 90 29 sure

2062 3519 24 18 44
2107 3511 84 45 that
2223 3512 41 44 in
2296 3511 89 45 four
2415 3529 45 27 or
2492 3511 78 45 five
2610 3530 116 38 years
2771 3530 82 38 you
2900 3511 82 46 will

2062 3580 25 18 44
2112 3573 104 44 have
2245 3590 25 27 a
2300 3572 103 46 solid
2434 3574 173 55 position
2638 3573 81 45 and
2752 3591 95 28 earn
2878 3590 103 39 your

2060 3641 26 17 44
2109 3634 111 44 three
2258 3651 45 27 or
2349 3633 89 46 four
2484 3634 199 45 thousand
2713 3653 25 26 a
2768 3652 113 39 year.
2947 3633 36 45 If

2056 3704 26 16 44
2107 3712 80 38 you
2209 3705 108 34 want
2331 3705 40 33 to
2389 3713 50 38 go
2458 3694 80 44 and
2554 3695 94 56 play
2664 3695 67 45 the
2747 3697 235 54 pagliaccio

2061 3764 27 16 44
2110 3767 39 33 at
2180 3755 70 45 the
2280 3767 126 34 teatro
2439 3755 212 51 Milanese,
2684 3758 41 43 in
2745 3758 79 43 fine
2846 3758 136 55 pieces

2107 3817 78 44 like
2217 3816 85 46 that
2333 3817 45 45 of
2407 3817 72 45 last
2510 3817 119 56 night,
2665 3836 81 38 you
2777 3834 67 28 are
2874 3834 105 40 your

2058 3886 27 17 44
2108 3894 95 30 own
2234 3889 155 34 master.
2452 3878 97 45 You
2581 3896 92 39 may
2705 3878 176 57 possibly
2911 3878 69 45 die

2058 3947 26 17 44
2101 3939 45 45 of
2190 3939 150 55 hunger
2386 3938 81 46 and
2514 3939 82 44 will
2641 3939 191 57 certainly
2863 3939 119 46 make

2059 4009 27 17 44
2109 3999 133 46 others
2273 3999 119 58 laugh
2425 4011 41 34 at
2495 4017 83 40 you

2119 4060 33 46 It
2183 4078 84 29 was
2297 4062 86 45 that
2413 4061 150 46 eternal
2596 4064 115 43 voice
2741 4061 44 46 of
2820 4062 156 45 routine

2126 4221 51 43 (*)
2210 4221 143 34 Teatro
2375 4221 127 35 Santa
2520 4221 245 41 Radegonda
2780 4230 84 25 was
2878 4220 100 35 built

2057 4267 41 35 in
2124 4269 106 39 1803;
2254 4268 32 33 it
2309 4276 50 25 no
2383 4268 143 40 longer
2547 4267 131 35 exists
2700 4276 47 26 as
2761 4277 24 25 a
2805 4268 169 34 theatre.
