3178 4483
2917 88 61 44 67

136 179 123 61 lead
296 194 53 43 to
388 179 246 75 anything
672 194 198 62 greater
907 177 172 60 unless
1119 177 123 75 they
1280 201 88 35 are
1407 201 91 51 sup-

134 254 190 76 ported
362 255 72 73 by
484 254 147 58 those
670 254 122 58 who
851 255 134 57 have
1025 254 87 58 the
1152 278 156 34 cause
1347 254 55 57 of
1440 254 88 58 the

133 331 198 60 theatre
369 346 54 43 at
460 330 160 58 heart.
698 328 122 60 The
858 330 303 73 University
1210 332 55 55 in
1303 331 63 56 its
1406 354 122 34 own

134 431 122 52 way
296 406 92 60 has
427 406 157 58 made
641 406 88 57 the
769 421 201 62 gesture
1011 406 54 57 of
1115 406 319 75 willingness
1474 420 54 44 to

134 497 310 60 cooperate;
486 481 108 58 that
631 496 204 60 gesture
875 482 91 57 has
1006 495 89 44 not
1131 496 89 59 yet
1260 481 139 58 been
1425 480 78 59 suf-

137 558 227 74 ficiently
401 556 205 76 replied
642 574 73 41 to.

246 633 179 60 There
466 657 105 44 are,
614 633 54 59 of
693 657 201 44 course,
921 656 154 51 many
1102 656 144 50 ways
1272 633 54 57 in
1351 631 177 61 which

134 709 89 59 the
263 709 345 59 Universities
655 732 119 50 may
832 709 148 58 assist
1017 711 53 56 in
1110 708 86 57 the
1247 707 279 76 spreading

132 786 54 58 of
223 786 99 58 this
363 784 216 60 cultural
617 787 159 71 spirit.
858 783 267 60 Students'
1169 783 249 60 dramatic
1444 809 54 33 so-

131 864 200 65 cieties,
372 862 39 57 if
448 861 123 75 they
609 885 88 33 are
736 859 124 60 well
898 858 257 79 managed
1196 859 106 59 and
1341 859 38 59 if
1404 859 124 75 they

132 962 87 33 are
259 936 269 59 accorded
566 960 145 34 some
750 951 282 59 patronage
1072 936 130 57 from
1229 934 183 59 within
1437 934 89 59 the

132 1012 148 59 walls
320 1013 53 57 of
413 1012 87 58 the
546 1012 216 66 theatre,
802 1010 125 74 help
966 1014 54 56 in
1056 1010 133 59 their
1247 1036 122 34 own
1408 1035 120 49 way

132 1104 53 44 to
223 1090 131 56 train
392 1088 89 58 the
520 1088 168 58 minds
739 1088 56 57 of
832 1087 148 59 those
1037 1088 124 58 who
1224 1090 302 74 participate

137 1168 55 55 in
227 1165 132 59 their
416 1167 253 56 activitios
729 1162 104 61 and
890 1178 53 43 to
1003 1165 117 73 give
1177 1163 86 58 the
1317 1163 209 58 historic

132 1239 361 76 background.
574 1240 42 57 It
654 1242 42 55 is
722 1239 199 58 useless
947 1239 78 58 for
1050 1239 232 58 students
1310 1253 54 43 to
1389 1240 139 73 keep

132 1319 201 74 ringing
372 1317 88 57 the
499 1315 228 76 changes
755 1339 69 35 on
852 1315 249 59 Patience
1126 1315 106 59 and
1271 1315 257 70 Pinafore

131 1385 109 66 and
274 1391 216 59 modern
528 1393 175 64 farce;
758 1391 94 59 but
910 1391 179 59 where
1148 1407 239 57 attempts
1439 1416 87 34 are

129 1468 158 58 made
326 1483 54 42 to
419 1466 223 75 perform
700 1466 219 59 hitherto
959 1465 345 75 unproduced
1356 1466 169 59 works

133 1568 57 34 or
228 1559 54 43 to
320 1545 176 56 revive
523 1543 255 75 forgotten
802 1545 369 71 masterpieces
1199 1544 54 57 of
1279 1541 87 60 the
1393 1558 132 58 past,

131 1619 88 58 the
260 1623 225 57 service.
499 1618 140 59 done
678 1634 53 42 to
771 1618 89 59 the
886 1619 196 58 theatre
1108 1643 119 51 may
1255 1619 69 57 be
1350 1621 150 56 inesti-

128 1695 192 60 mable.
400 1695 101 58 But
540 1698 168 74 again,
750 1695 149 58 these
950 1695 385 72 performances
1393 1710 133 45 must

131 1774 210 57 receive
399 1786 453 61 encouragement.
935 1771 41 57 It
1015 1774 41 56 is
1115 1771 68 57 all
1223 1795 123 50 very
1403 1771 123 59 well

131 1847 78 59 for
247 1845 365 76 professionals
653 1861 53 44 to
745 1870 151 35 sneer
935 1861 52 44 at
1025 1861 252 44 amateurs
1302 1873 12 40 ;
1357 1846 93 59 but
1488 1849 40 56 it

129 1938 136 44 must
303 1922 70 59 be
410 1922 364 59 remembered
814 1922 108 57 that
947 1922 88 57 the
1063 1922 207 75 Abbey
1294 1922 232 59 Theatre

132 2023 112 35 was
283 1999 269 74 originally
593 2023 65 33 an
697 2014 230 42 amateur
954 1997 434 76 play-producing
1443 2024 54 33 so-

129 2079 140 69 ciety
273 2099 192 49 —nay,
505 2099 162 43 more,
708 2075 108 58 that
853 2075 88 58 the
979 2075 292 59 mediaeval
1309 2076 216 67 theatre,

128 2151 155 67 itself,
324 2151 77 58 for
438 2175 152 50 many
616 2152 275 66 centuries,
921 2174 110 35 was
1069 2151 200 74 upheld
1309 2151 219 75 entirely

129 2227 74 73 by
249 2225 472 75 non-professional
778 2241 168 42 actors
1006 2226 105 58 and
1172 2226 71 75 by
1298 2241 228 45 amateur

128 2297 356 81 playwrights.
562 2301 124 59 The
726 2301 250 59 students'
1018 2302 251 60 dramatic
1308 2306 216 72 society,

131 2377 276 69 therefore,
452 2378 162 75 might
659 2377 124 60 well
841 2380 209 57 receive
1091 2395 437 62 encouragement

128 2453 104 64 and
273 2456 300 67 assistance,
613 2453 40 59 if
691 2479 293 50 necessary,
1015 2454 128 59 from
1169 2456 148 58 those
1343 2454 183 60 whose

129 2529 289 75 profession
476 2532 43 56 is
578 2529 294 59 connected
926 2531 127 58 with
1110 2531 89 58 the
1257 2531 179 59 drama
1474 2534 54 56 in

127 2631 104 51 any
268 2607 56 58 of
360 2609 63 56 its
463 2607 333 58 multifarious
835 2607 171 60 forms.

244 2682 218 75 Finally,
504 2683 146 58 there
692 2687 43 56 is
774 2707 102 33 one
915 2683 144 76 thing
1098 2683 176 60 which
1314 2708 31 33 a
1384 2684 105 59 Uni-

129 2761 192 73 versity
360 2783 120 50 may
518 2759 90 66 do,
649 2785 32 33 a
720 2759 143 76 thing
908 2762 195 71 unique
1143 2761 105 57 and
1295 2761 233 72 peculiar

128 2849 55 44 to
221 2834 172 66 itself;
435 2838 38 55 it
512 2860 119 49 may
683 2835 220 75 provide
961 2835 88 59 the
1088 2838 258 57 materials
1384 2861 144 49 upon

126 2910 177 59 which
341 2912 281 73 principles
661 2912 55 58 of
753 2912 88 58 the
881 2912 179 58 drama
1100 2936 99 35 can
1238 2912 70 58 be
1337 2913 187 60 based.

127 2987 184 58 Those
350 2988 276 67 materials,
667 2990 54 56 in
759 2990 134 72 spite
931 2988 56 58 of
1011 2988 89 58 the
1125 2990 250 58 immense
1403 2989 125 59 bulk

126 3063 55 58 of
219 3063 205 75 literary
461 3078 183 44 matter
698 3064 275 74 produced
1031 3089 69 33 on
1161 3064 367 75 Shakespeare

126 3139 105 60 and
270 3164 69 33 on
381 3139 410 75 Shakespeare's
827 3144 455 70 contemporaries,
1310 3166 91 34 are
1427 3142 75 59 fre-

124 3216 216 74 quently
380 3215 205 78 lacking
625 3216 77 59 for
744 3215 88 60 the
872 3216 210 59 student
1121 3218 123 58 who
1285 3242 127 52 goes
1439 3233 89 43 out

126 3290 54 59 of
217 3291 89 59 the
363 3291 170 60 direct
581 3291 247 77 highway
885 3294 53 56 in
992 3291 86 59 the
1130 3294 160 57 realm
1347 3293 56 58 of
1439 3294 89 60 the

126 3368 195 59 drama.
404 3369 114 58 Not
555 3368 123 76 only
716 3369 135 58 have
890 3369 316 58 continental
1242 3369 283 61 influences

124 3458 92 44 not
254 3444 141 58 been
434 3444 127 73 fully
618 3444 197 68 traced,
858 3444 87 59 the
997 3469 124 50 very
1178 3445 257 60 influence
1473 3446 55 59 of

123 3520 185 60 earlier
346 3545 144 50 upon
527 3515 129 65 later
694 3520 219 77 English
952 3520 179 60 drama
1154 3521 93 60 has
1275 3538 90 43 not
1389 3523 139 59 been

123 3595 234 76 mapped
397 3611 108 45 out.
585 3596 125 60 The
755 3596 435 78 bibliographical
1242 3597 104 59 and
1387 3601 116 56 stati-

124 3672 148 60 stical
336 3672 212 60 records
608 3674 135 59 have
802 3672 166 59 either
1004 3689 54 43 to
1097 3674 70 58 be
1225 3675 186 74 sought
1448 3675 78 60 for

126 3747 317 77 laboriously
468 3749 73 75 by
579 3749 135 59 each
752 3749 290 59 individual
1070 3749 210 59 student
1318 3775 57 35 or
1415 3751 110 59 else

123 3824 143 59 done
306 3820 236 72 without,
585 3826 78 58 for
702 3849 136 35 even
877 3825 129 66 such
1064 3826 363 75 compilations
1467 3851 57 35 as

122 3901 254 58 Genest's
434 3902 249 59 Account
721 3902 69 70 of
819 3901 82 58 the
959 3901 224 75 English
1228 3904 168 73 Stage
1434 3928 87 34 are

120 3976 130 61 both
308 3977 216 75 sketchy
581 3977 107 60 and
747 3980 315 58 inaccurate.
1140 3980 130 58 One
1316 3978 113 60 task
1467 3980 56 58 of

120 4053 91 60 the
250 4053 320 77 University,
612 4055 276 68 therefore,
928 4053 163 78 ought
1129 4070 53 43 to
1222 4055 69 59 be
1336 4071 53 43 to
1430 4079 60 52 ga-

119 4131 113 60 ther
270 4131 237 75 together
545 4131 68 60 all
653 4131 87 60 the
778 4132 258 59 materials
1077 4132 176 59 which
1290 4156 121 51 may
1451 4133 69 59 be

119 4207 168 60 useful
325 4224 55 41 to
419 4207 86 60 the
547 4207 208 60 student
794 4208 54 59 of
885 4208 89 59 the
1025 4208 181 59 drama
1244 4234 58 33 or
1340 4208 54 59 of
1431 4208 89 59 the

1573 176 216 70 theatre,
1830 175 208 76 classify
2076 175 108 61 that
2221 176 232 60 material
2492 177 104 59 and
2634 175 152 61 make
2812 179 39 57 it
2878 201 64 51 ge-

1573 252 197 76 nerally
1808 252 309 60 accessible.
2160 254 19 57 I
2220 254 184 73 myself
2442 278 84 34 am
2565 252 241 76 engaged
2833 254 134 58 with

1575 351 143 36 some
1757 342 197 59 twenty
1994 327 232 60 students
2267 331 52 56 in
2358 328 88 59 the
2472 332 328 70 preparation
2827 328 54 59 of
2907 353 68 34 an

1575 403 268 60 elaborate
1882 403 312 72 Dictionary
2236 406 69 69 of
2334 405 83 58 the
2455 403 242 68 Drama;
2737 403 91 59 but
2866 403 102 60 this

1572 483 44 55 is
1656 480 122 75 only
1816 504 103 34 one
1959 480 54 57 of
2051 480 87 58 the
2193 504 155 49 many
2395 480 189 58 similar
2640 480 330 58 endeavours

1575 556 174 58 which
1787 555 164 77 might
1989 556 69 57 be
2099 555 320 59 undertaken
2469 556 73 73 by
2582 580 30 32 a
2652 556 318 73 University.

1573 631 124 59 The
1736 631 301 73 University
2075 631 161 75 might
2273 631 125 59 well
2437 631 246 58 establish
2723 631 250 58 dramatic

1573 731 261 36 museums
1874 702 155 77 (such
2067 731 56 34 as
2164 707 213 75 already
2415 709 131 56 exist
2597 709 53 55 in
2690 707 284 70 America)

1573 783 179 60 where
1792 783 87 59 the
1920 783 373 74 development
2332 784 54 58 of
2431 782 268 60 theatrical
2738 798 75 44 art
2850 807 120 50 may

1573 859 71 59 be
1704 858 210 60 studied
1970 858 218 76 through
2251 859 88 59 the
2405 859 201 59 models
2673 859 294 68 exhibited,

1575 936 177 59 where
1793 949 253 45 amateurs
2086 938 55 55 of
2178 936 87 57 the
2306 936 179 58 drama
2522 958 119 51 may
2668 936 71 57 be
2765 934 121 60 able
2913 949 55 45 to

1575 1035 91 35 see
1704 1010 89 60 the
1854 1010 198 68 Greek,
2112 1010 87 59 the
2260 1010 326 68 Mediaeval,
2644 1009 89 59 the
2787 1010 146 60 Rena-

1575 1111 190 34 scence
1803 1087 107 58 and
1948 1087 89 57 the
2075 1087 218 58 modern
2333 1102 169 60 stages
2530 1085 193 77 placed
2751 1085 116 60 side
2895 1087 75 73 by

1575 1163 134 67 side,
1752 1163 105 58 and
1898 1187 58 33 so
1995 1187 119 50 may
2154 1164 68 57 be
2264 1163 161 60 aided
2466 1167 53 56 in
2559 1164 239 75 securing
2838 1163 131 58 both

1573 1263 68 34 an
1677 1239 267 58 historical
1987 1263 187 51 survey
2212 1239 53 58 of
2302 1239 266 60 theatrical
2594 1238 376 75 development

1575 1314 105 60 and
1719 1339 32 33 a
1789 1315 330 74 philosophic
2175 1315 270 75 judgment
2502 1318 317 73 concerning
2879 1314 90 60 the

1575 1390 282 75 principles
1883 1391 54 59 of
1962 1393 187 71 setting
2175 1390 106 60 and
2307 1391 55 59 of
2389 1390 285 75 playhouse
2702 1405 268 45 structure.

1689 1466 41 59 It
1768 1469 43 56 is
1851 1468 160 76 fitting
2051 1466 109 59 that
2199 1468 19 57 I
2260 1461 187 65 should
2505 1468 152 58 make
2715 1466 99 59 this
2874 1492 63 49 ap-

1573 1543 121 73 peal
1733 1544 220 76 through
1990 1555 89 46 the
2119 1567 162 53 pages
2321 1544 54 58 of
2422 1544 111 58 The
2570 1544 187 71 Mask,
2798 1544 53 58 f°
2852 1567 24 34 r
2916 1548 54 54 in

1582 1618 111 58 The
1730 1618 171 72 Mask
1940 1620 19 57 I
2001 1642 92 34 see
2150 1619 108 58 that
2315 1621 159 57 union
2532 1620 55 57 of
2650 1619 322 75 scholarship

1573 1694 104 59 and
1707 1698 194 72 artistry
1940 1695 177 61 which
2175 1719 120 50 may
2333 1695 141 75 yield
2533 1711 145 59 great
2734 1696 117 60 fruit
2890 1696 82 59 for

1572 1770 89 58 the
1718 1771 198 60 theatre
1973 1774 55 56 in
2072 1770 91 60 the
2218 1771 188 62 future.
2486 1772 42 59 If
2566 1774 88 57 the
2692 1774 278 58 academic

1572 1846 205 60 scholar
1832 1846 318 60 remembers
2207 1847 78 59 for
2342 1873 33 33 a
2432 1864 228 43 moment
2718 1849 108 58 that
2883 1850 89 57 the

1573 1922 178 60 drama
1790 1926 44 56 is
1874 1939 89 43 not
2003 1949 31 33 a
2071 1924 145 75 thing
2255 1924 77 58 for
2371 1925 108 60 dull
2507 1925 283 60 dissection
2818 1925 94 60 but
2937 1950 35 33 a

1573 1999 155 76 living
1769 1997 105 60 and
1915 1999 122 59 vital
2076 2001 292 75 organism;
2412 2000 38 58 if
2488 2000 87 58 the
2616 2004 138 55 artist
2780 2000 193 76 forgets

1572 2075 78 58 for
1688 2100 31 33 a
1757 2090 228 44 moment
2023 2076 80 58 his
2142 2077 183 57 hatred
2366 2077 53 57 of
2457 2076 87 60 the
2573 2077 101 73 (for
2700 2077 132 71 him)
2860 2101 88 36 nar-

1572 2153 201 74 rowing
1837 2151 308 60 tendencies
2205 2152 54 59 of
2316 2152 303 75 University
2683 2146 146 66 work
2860 2178 15 41 ;
2944 2179 34 32 a

1572 2251 152 36 move
1764 2227 223 60 forward
2027 2251 120 51 may
2185 2227 70 59 be
2295 2228 157 59 made
2504 2228 230 59 towards
2781 2255 32 33 a
2851 2253 127 35 new

1573 2306 357 72 appreciation
1970 2303 128 59 both
2145 2305 53 58 of
2236 2303 144 60 what
2417 2305 87 58 the
2546 2305 200 59 theatre
2793 2305 180 58 stands

1571 2381 94 68 for,
1705 2381 107 59 and
1872 2381 54 59 of
1963 2381 142 59 what
2163 2383 38 57 it
2258 2406 118 50 may
2434 2381 150 59 stand
2641 2382 79 58 for
2776 2383 53 57 in
2886 2381 92 59 the

1572 2456 185 61 future.
