3163 4497
226 102 61 45 60

237 203 277 56 twenty-nine,
548 201 81 44 had
661 201 59 44 his
769 202 129 45 hands
945 203 68 44 full
1059 204 96 45 with

242 263 61 45 his
335 280 92 28 new
457 262 342 56 responsabilities,
833 262 116 56 being
980 264 174 55 obliged,

239 323 56 56 by
326 333 195 35 contracts
560 322 162 55 already
768 323 147 54 signed,
961 335 42 32 to
1050 336 83 32 tran-

237 395 108 43 sport
378 383 58 44 his
467 400 199 38 company
698 382 76 44 first
806 383 101 44 from
940 383 68 45 the
1030 393 124 35 teatro

235 444 254 43 Commenda
521 454 41 32 at
609 442 159 45 Milano
814 454 43 33 to
904 443 119 51 Lodi,
1073 445 79 44 and

235 504 94 43 then
361 503 61 44 for
454 503 68 44 the
554 501 76 45 first
663 505 94 42 time
788 515 42 33 to
863 504 165 56 Napoli.

294 563 94 45 The
419 581 200 38 company
650 564 241 56 prospered;
926 565 79 44 and
1052 565 99 44 each

230 624 45 44 of
306 624 68 44 the
406 630 85 38 soci
513 623 288 57 (shareholders
832 643 44 25 or
907 628 241 54 societaires)

234 683 99 46 took
362 686 42 41 in
435 701 121 38 every
586 701 95 38 year
712 685 184 44 between
929 685 108 44 three
1068 688 80 42 and

235 746 88 42 four
355 743 199 45 thousand
586 744 70 43 lire
687 763 42 25 as
761 745 90 45 well
883 763 41 25 as
956 746 102 44 their
1089 765 41 24 sa-

225 805 118 44 laries
374 804 80 44 and
487 804 68 44 the
585 805 193 54 proceeds
809 805 44 44 of
884 805 99 44 their
1004 807 146 55 special

509 866 198 55 evenings,
740 865 116 45 Ferra
862 866 95 44 villa
973 869 40 41 in
1038 867 112 44 1879

232 943 85 28 was
347 925 275 56 unanimously
654 925 199 45 accorded
888 927 54 55 by
973 927 60 44 his
1065 927 60 44 col-

234 986 157 56 leagues
408 997 151 45 twenty
590 986 151 44 instead
765 986 43 44 of
829 998 65 32 ten
917 986 67 45 lire
1006 1005 23 26 a
1051 988 94 56 day.

225 1046 115 45 Thus
362 1046 65 50 he,
462 1045 66 45 the
560 1064 183 37 manager
774 1048 80 43 and
887 1047 105 45 chief
1022 1060 123 38 actor,

228 1125 85 27 was
345 1106 95 57 paid
473 1104 124 46 about
630 1106 46 48 £
710 1106 120 45 3.0.0
862 1126 24 26 a
916 1108 133 45 week.

291 1167 80 44 For
403 1184 119 39 many
554 1185 113 39 years
698 1168 68 43 the
805 1186 199 39 company
1050 1187 73 26 con-

229 1228 135 44 tinued
396 1239 43 32 to
485 1228 169 56 perform
703 1228 98 45 with
847 1230 298 55 uninterrupted

226 1288 239 46 enthusiasm
498 1290 79 44 and
609 1289 98 44 with
738 1289 96 44 little
866 1289 151 57 change
1038 1292 39 42 in
1100 1292 45 42 its

226 1350 195 58 principal
453 1361 240 45 component
726 1362 120 44 parts.

288 1411 177 45 Around
513 1411 67 45 the
627 1412 78 43 five
752 1410 193 58 principal
991 1411 153 57 players

226 1472 113 45 other
370 1472 80 44 and
498 1483 101 33 most
646 1472 170 54 capable
861 1484 129 33 actors
1037 1489 105 28 were

221 1532 205 55 gathered,
460 1532 80 44 and
572 1552 24 24 a
628 1532 94 55 high
775 1532 188 45 standard
1011 1534 106 43 conti-

226 1592 169 55 nuously
424 1592 213 45 sustained.

286 1653 45 43 In
371 1653 126 49 1880,
546 1670 88 38 says
681 1653 228 50 Ferravilla,
991 1653 52 44 all
1075 1672 66 37 my

271 1715 129 42 comic
433 1724 113 45 types
585 1730 105 27 were
731 1713 244 56 definitively
1022 1714 118 50 fixed,

273 1774 81 45 and
387 1773 95 54 only
514 1774 135 44 varied
681 1776 39 41 in
752 1774 68 44 the
851 1774 160 57 phrases
1042 1774 98 44 with

220 1841 27 20 u
265 1833 135 46 which
433 1835 15 44 I
482 1835 209 55 presented
724 1835 108 44 them
865 1846 42 33 to
947 1834 66 45 the
1035 1835 103 56 pub-

221 1903 30 17 M
270 1893 51 46 lie
450 1894 58 46 So
557 1912 64 28 we
666 1914 67 25 see
780 1895 85 45 that
917 1895 52 45 he
1016 1896 31 44 is
1100 1907 38 32 at

223 1953 115 47 work
369 1973 53 27 on
453 1955 59 45 his
544 1966 112 46 types
689 1956 60 44 for
780 1955 165 46 thirteen
976 1973 128 38 years.

287 2015 215 46 Ferravilla
534 2034 82 26 was
647 2016 54 57 by
733 2034 94 27 now
858 2035 24 25 a
912 2016 226 45 celebrated

226 2092 231 42 personage.
521 2077 191 45 Honours
764 2077 128 56 began
938 2089 42 32 to
1026 2095 114 27 come

225 2133 59 50 his
316 2156 106 39 way.
488 2138 44 44 In
572 2139 113 43 1888
717 2138 51 44 he
799 2156 83 26 was
929 2139 208 55 presented

223 2210 42 34 to
298 2199 109 55 King
428 2199 200 44 Umberto
649 2211 39 33 at
706 2199 68 44 the
796 2199 196 55 Quirinal,
1016 2199 120 45 when

219 2259 72 46 the
322 2260 111 55 King
465 2259 192 56 smilingly
686 2259 128 44 shook
866 2260 128 43 hands
1041 2260 97 44 with

221 2321 99 52 him,
357 2321 94 49 and,
484 2321 100 43 after
614 2322 214 53 indicating
859 2320 58 44 his
949 2322 166 54 acquain-

221 2392 115 33 tance
367 2381 98 44 with
507 2381 67 44 the
622 2381 142 44 actor's
810 2383 326 54 interpretations,

218 2441 181 45 summed
451 2459 56 38 up
560 2441 61 45 his
672 2444 125 54 praise
849 2443 40 43 in
933 2460 25 26 a
1010 2442 126 55 genial

218 2501 155 46 fashion
393 2504 150 54 saying,
705 2502 122 45 After
849 2502 147 56 having
1013 2503 121 45 heard

213 2571 27 17 M
265 2580 96 38 you,
393 2562 68 45 the
494 2563 146 55 Queen
673 2563 148 56 always
851 2575 150 33 returns
1033 2564 100 43 from

214 2632 28 17 *•
266 2623 67 44 the
364 2623 153 46 theatre
540 2623 208 54 delighted
772 2623 98 45 with
891 2623 242 57 everything,

214 2693 27 18 ••
264 2684 81 45 and
379 2684 14 44 I
427 2702 64 27 am
526 2684 162 55 grateful
719 2696 42 33 to
792 2703 80 38 you

282 2745 64 57 By
376 2744 67 45 the
475 2745 110 55 King
616 2745 50 44 he
698 2762 83 27 was
814 2745 162 45 created
1015 2745 90 44 Ccm-

214 2806 250 52 mendatore,
522 2806 79 44 and
654 2823 113 27 came
814 2818 42 33 to
902 2808 119 53 enjoy
1068 2806 68 44 the

215 2867 253 45 affectionate
502 2879 148 33 esteem
682 2867 44 45 of
757 2865 208 58 Giuseppe
988 2867 146 50 Verdi,

214 2927 58 46 G.
306 2928 180 50 Ricordi,
524 2928 123 55 (head
681 2928 45 44 of
755 2928 68 44 the
844 2939 106 44 great
973 2927 162 46 musical

211 2988 227 57 publishing
490 2989 125 45 house
662 2989 43 44 of
752 2989 200 52 Ricordi),
1004 2989 130 45 Paolo

214 3049 269 56 Mantegazzi,
521 3050 111 57 (who
653 3062 127 32 wrote
811 3068 51 25 an
883 3049 253 44 enthusiastic

216 3112 144 55 eulogy
392 3111 43 44 of
466 3110 81 46 him
578 3130 42 24 as
653 3130 23 24 a
754 3122 105 44 great
882 3110 192 56 hygienist

213 3173 135 54 curing
380 3190 91 26 men
504 3171 44 45 of
580 3172 66 43 the
679 3172 186 44 humours
912 3171 45 45 of
1003 3171 130 55 gloom

211 3234 82 45 and
327 3250 120 39 many
479 3232 138 44 mortal
649 3232 58 44 ills
748 3232 55 56 by
856 3232 67 44 the
964 3231 171 45 sun-like

207 3293 219 57 splendour
459 3293 44 43 of
533 3293 59 44 his
623 3294 103 57 art);
761 3292 80 45 and
863 3310 119 39 many
1004 3310 125 27 more.

210 3355 81 44 His
321 3371 95 28 own
448 3353 234 55 colleagues,
705 3353 96 50 also,
824 3354 210 56 presented
1051 3352 81 45 him

209 3415 101 44 with
341 3432 25 26 a
398 3414 255 50 declaration,
686 3416 247 53 recognizing
953 3414 67 44 the
1041 3431 69 27 zea-

208 3476 88 43 lous
327 3476 80 45 and
439 3474 229 57 scrupulous
700 3493 90 37 way
823 3476 39 43 in
895 3474 133 45 which
1078 3474 51 45 he

207 3536 84 45 had
324 3535 108 45 filled
465 3535 58 45 his
545 3536 113 43 office
681 3536 98 44 both
802 3554 41 26 as
865 3537 261 55 capocomico

207 3596 83 46 and
323 3596 304 45 administrator.

269 3658 60 44 So
360 3657 129 55 things
520 3669 108 33 went
659 3675 53 26 on
743 3656 97 45 until
880 3657 127 45 1897.

270 3719 80 44 For
381 3721 265 54 twenty-nine
677 3736 111 37 years
811 3718 214 44 Ferravilla
1047 3716 81 46 had

207 3780 105 44 been
346 3779 67 45 the
446 3779 122 45 lessee
600 3780 42 43 of
674 3778 67 45 the
761 3779 153 44 Teatro
929 3777 200 50 Milanesi,

207 3842 150 56 paying
388 3858 51 27 an
473 3839 145 44 annual
664 3852 86 31 rent
783 3840 43 45 of
856 3839 108 56 eight
1010 3839 93 44 thou-

208 3902 102 43 sand
333 3901 82 49 lire,
443 3900 111 57 (then
578 3899 45 49 £
645 3901 126 58 320).
835 3899 93 45 The
949 3901 179 54 receipts,

207 3963 136 52 owing
375 3972 43 33 to
452 3961 67 44 the
550 3963 183 55 capacity
765 3961 44 44 of
846 3961 69 44 the
962 3961 166 48 theatre,

207 4020 124 46 could
363 4032 84 39 not,
480 4033 40 33 at
554 4022 187 57 ordinary
790 4023 138 55 prices,
977 4039 152 39 surpass

207 4084 95 42 nine
334 4082 185 44 hundred
551 4081 69 45 lire
654 4082 65 57 (£
753 4083 75 57 36)
863 4101 52 26 an
946 4084 181 53 evening,

207 4143 193 56 although
433 4160 53 27 on
518 4146 149 41 certain
688 4145 200 54 evenings,
921 4154 39 34 at
994 4142 135 56 higher

209 4205 143 55 prices,
386 4203 96 58 they
513 4204 174 45 reached
709 4205 68 44 the
797 4222 85 27 sum
904 4204 44 44 of
962 4203 167 45 thirteen

207 4264 189 47 hundred
431 4264 63 60 (£
529 4266 91 58 52).
686 4265 80 45 For
797 4283 51 27 an
889 4266 169 55 evening
1088 4266 40 43 in

1202 202 134 79 and
1391 207 48 76 it
1493 206 359 79 remained.
1963 206 176 80 And
2195 210 47 76 it
2279 242 142 45 was
2458 242 74 44 so
2568 229 140 58 true
2744 209 134 78 and
2915 209 114 81 illu-

1199 313 317 94 minating
1587 310 142 79 that
1801 314 49 75 it
1921 344 200 46 never
2184 346 184 63 grew
2440 313 135 78 old.
2695 314 365 98 Repeated

1199 413 360 81 thousands
1613 416 71 78 of
1739 418 208 89 times,
2006 417 231 80 before
2290 416 115 81 the
2458 451 184 46 same
2679 419 376 94 audiences,

1198 521 47 75 it
1298 518 253 101 always
1604 521 338 80 remained
1997 522 194 90 fresh,
2248 523 165 80 with
2467 523 84 79 all
2614 527 79 75 its
2755 529 302 96 vivacity,

1197 623 82 80 all
1353 629 79 75 its
1503 626 367 80 exuberant
1942 661 252 63 power.
2307 628 199 81 From
2579 628 113 80 the
2764 652 185 77 stage
3013 639 48 72 it

1197 730 388 80 descended
1658 737 137 75 into
1861 733 114 79 the
2046 733 414 81 auditorium.
2598 734 158 80 The
2830 738 230 80 crowd

1195 836 249 79 carried
1502 840 48 76 it
1604 870 219 66 away,
1883 838 240 98 passed
2177 844 50 73 it
2281 873 107 57 on,
2436 840 238 97 spread
2731 844 66 88 it,
2839 845 180 76 incor-

1194 941 278 98 porated
1530 946 46 77 it
1612 949 137 75 into
1786 948 78 75 its
1900 948 370 95 patrimony
2305 946 70 78 of
2411 946 251 97 perfect
2698 946 135 80 and
2871 982 138 46 com-

1194 1045 178 97 plete
1401 1052 278 95 sayings.
1734 1048 199 81 With
1973 1049 160 82 how
2168 1084 201 64 many
2397 1049 269 99 phrases
2703 1052 71 79 of
2811 1053 248 98 speech

1190 1151 120 80 has
1364 1152 347 81 Ferravilla
1771 1176 118 59 not
1944 1155 311 80 enriched
2311 1189 119 47 our
2465 1178 257 58 current
2756 1157 248 98 speech
3024 1170 32 68 ?

1189 1258 159 80 The
1423 1260 263 80 famous
1824 1261 89 80 ha
1987 1261 188 79 detto
2248 1261 174 82 male
2496 1261 70 80 di
2620 1263 353 81 Garibaldi

1193 1363 119 96 (he
1387 1364 120 80 has
1580 1365 253 98 spoken
1905 1365 64 80 ill
2031 1367 70 78 of
2165 1365 381 98 Garibaldi)
2608 1368 228 80 would
2891 1368 169 80 itself

1190 1468 223 82 suffice
1489 1492 68 58 to
1630 1471 237 80 render
1937 1506 42 45 a
2051 1472 395 99 playwright
2509 1475 278 80 famous.
2897 1472 162 83 The

1193 1581 13 25 4
1220 1579 14 25 '
1264 1575 353 81 indelicate
1747 1578 70 78 of
1852 1576 264 82 Panera
2153 1579 254 79 suffices
2444 1599 68 59 to
2549 1580 217 79 reveal
2803 1583 66 76 in
2905 1580 116 80 Fer-

1188 1682 220 80 ravilla
1462 1717 42 45 a
1559 1687 307 95 capacity
1922 1705 69 57 to
2045 1717 142 47 sum
2246 1717 91 65 up
2393 1717 39 46 a
2487 1686 141 78 soul
2665 1688 66 76 in
2769 1720 41 44 a
2854 1686 203 99 single

1187 1787 212 93 word,
1466 1823 41 44 a
1564 1788 225 80 whole
1843 1823 156 45 man
2063 1793 65 77 in
2182 1824 42 46 a
2279 1791 137 80 few
2471 1790 323 99 syllables.

1229 2004 76 76 A
1387 2000 187 100 cycle
1612 2004 52 76 is
1702 2000 225 80 closed
1964 2000 99 80 for
2118 2035 172 45 ever.
2385 2002 230 81 Never
2666 2006 193 94 again
2897 2002 160 80 shall

1185 2129 159 34 **
1387 2140 111 47 we
1535 2140 113 46 see
1687 2106 189 80 those
1930 2106 176 80 vivid
2159 2106 234 98 figures
2430 2130 69 57 at
2535 2107 115 80 the
2697 2107 357 99 footlights.

1185 2211 198 82 How
1437 2246 203 64 many
1676 2246 181 47 were
1897 2213 231 80 there?
2184 2214 81 80 A
2309 2211 169 82 host.
2598 2214 176 80 And
2812 2247 245 65 among

1187 2317 181 81 them
1427 2354 130 44 one
1612 2318 269 80 loomed
1921 2322 320 95 gigantic:
2300 2317 356 100 Tecoppa.
2751 2318 125 81 He
2913 2354 143 47 was

1185 2423 113 80 the
1354 2425 148 80 best
1556 2425 310 80 beloved.
1988 2426 99 77 So
2159 2425 197 99 living
2410 2459 143 46 was
2618 2426 86 79 he
2769 2426 145 79 that
2968 2426 88 80 he

1184 2530 198 80 could
1437 2552 117 58 not
1608 2530 90 80 be
1735 2530 342 80 restricted
2124 2552 68 57 to
2248 2564 130 46 one
2422 2531 344 98 comedy..
2825 2530 186 81 Emer-

1183 2641 153 95 ging
1391 2637 263 90 thence,
1711 2637 88 80 he
1836 2671 351 65 reappears
2223 2641 67 74 in
2326 2661 202 75 iriany
2579 2637 240 80 others.
2930 2637 125 81 He

1182 2776 143 46 was
1380 2778 42 44 a
1475 2746 273 95 precise,
1806 2742 493 80 mathematical
2354 2742 192 92 truth,
2601 2742 158 90 and,
2817 2762 69 59 at
2939 2742 116 80 the

1183 2883 183 46 same
1430 2853 178 87 time,
1667 2849 87 80 he
1818 2849 348 99 possessed
2242 2849 114 80 the
2429 2849 365 99 amplitude
2871 2849 71 79 of
3013 2883 41 45 a

1183 2954 279 101 symbol.
1575 2954 123 80 He
1773 2954 197 80 could
2044 2958 388 95 participate
2505 2958 65 76 in
2642 2954 85 79 all
2798 2976 253 60 events.

1182 3060 124 81 He
1362 3061 361 80 embraced
1778 3061 139 80 half
1952 3095 41 45 a
2030 3083 291 76 century.
2435 3061 123 81 He
2613 3061 138 80 had
2806 3061 249 80 known

1182 3164 403 94 Radestzki;
1646 3164 135 81 and
1844 3164 407 101 imprecated
2322 3169 254 94 against
2637 3164 409 99 areoplanes.

1180 3273 125 81 He
1361 3307 142 47 was
1561 3309 41 44 a
1658 3273 195 100 living
1890 3295 268 77 protest.
2261 3272 123 81 He
2421 3273 337 99 protested
2800 3276 254 95 against

1179 3401 331 78 property,
1552 3382 253 95 against
1842 3380 208 90 work,
2091 3382 253 94 against
2380 3378 113 80 the
2544 3377 503 92 cararabineers,

1179 3490 251 94 against
1470 3485 113 80 the
1612 3486 154 79 law.
1960 3518 286 65 propose
2284 3507 112 57 ten
2431 3485 263 80 months
2730 3485 71 79 of
2835 3488 181 95 impri-

1178 3615 305 58 sonment
1518 3593 99 79 for
1654 3593 116 79 the
1806 3592 144 80 said
1988 3592 223 80 Felice
2676 3591 375 81 thundered

1178 3697 114 81 the
1329 3697 240 81 Public
1606 3698 327 82 Minister.
2101 3697 177 81 And
2317 3698 156 80 Ido
2528 3720 115 58 not
2698 3705 272 91 accept!

1178 3804 289 81 retorted
1524 3805 116 79 the
1695 3804 142 80 said
1903 3803 223 81 Felice
2200 3803 358 100 Tecoppa.
2671 3803 123 81 He
2848 3801 202 82 knew

1178 3911 114 80 the
1345 3911 214 81 world
1615 3911 133 80 and
1808 3911 114 80 the
1969 3911 273 99 pockets
2297 3912 71 77 of
2422 3911 112 80 the
2589 3909 233 82 world.
2944 3909 104 99 By

1176 4017 362 99 profession
1575 4017 88 80 he
1691 4052 143 47 was
1872 4017 380 80 tradesman
2280 4016 135 81 and
2444 4017 406 80 benefactor.
2919 4015 86 81 Be-

1176 4124 296 80 nefactor
1528 4124 290 80 because
1874 4123 87 80 he
2017 4121 451 82 disburdened
2512 4121 101 82 his
2650 4120 398 100 neighbours

1176 4229 92 99 by
1324 4229 358 99 lightening
1721 4231 167 81 their
1923 4229 297 99 pockets.
2288 4231 113 80 As
2439 4265 39 44 a
2516 4228 210 100 youth
2779 4228 89 81 he
2906 4228 139 80 had
