<?xml version="1.0" encoding="UTF-8"?>
<alto xmlns:xsi="http://www.w3.org/2001/XMLSchema-instance" xmlns="http://www.loc.gov/standards/alto/ns-v2#" xsi:schemaLocation="http://www.loc.gov/standards/alto/ns-v2# http://www.loc.gov/standards/alto/alto-v2.0.xsd" xmlns:xlink="http://www.w3.org/1999/xlink">
	<Description>
		<MeasurementUnit>mm10</MeasurementUnit>
		<sourceImageInformation>
			<fileName>//fileserver7/IN2-2/Princeton/bmtnaau/1925/04_01/00000079.tif</fileName>
		</sourceImageInformation>
		<OCRProcessing ID="OCRPROCESSING_1">
			<preProcessingStep>
				<processingSoftware>
					<softwareCreator>CCS Content Conversion Specialists GmbH, Germany</softwareCreator>
					<softwareName>CCS docWorks</softwareName>
					<softwareVersion>6.7-1.24</softwareVersion>
				</processingSoftware>
			</preProcessingStep>
			<ocrProcessingStep>
				<processingSoftware>
					<softwareCreator>ABBYY (BIT Software), Russia</softwareCreator>
					<softwareName>FineReader</softwareName>
					<softwareVersion>10.0</softwareVersion>
				</processingSoftware>
			</ocrProcessingStep>
		</OCRProcessing>
	</Description>
	<Styles>
		<TextStyle ID="TXT_0" FONTSIZE="19" FONTFAMILY="Times New Roman"/>
		<TextStyle ID="TXT_1" FONTSIZE="24" FONTFAMILY="Times New Roman" FONTSTYLE="bold"/>
		<TextStyle ID="TXT_2" FONTSIZE="15" FONTFAMILY="Times New Roman"/>
		<TextStyle ID="TXT_3" FONTSIZE="15" FONTFAMILY="Times New Roman" FONTSTYLE="italics"/>
		<TextStyle ID="TXT_4" FONTSIZE="13" FONTFAMILY="Times New Roman" FONTSTYLE="bold italics"/>
		<TextStyle ID="TXT_5" FONTSIZE="13" FONTFAMILY="Times New Roman" FONTSTYLE="bold"/>
		<TextStyle ID="TXT_6" FONTSIZE="13" FONTFAMILY="Times New Roman"/>
		<ParagraphStyle ID="PAR_RIGHT" ALIGN="Right"/>
		<ParagraphStyle ID="PAR_LEFT" ALIGN="Left"/>
		<ParagraphStyle ID="PAR_BLOCK" ALIGN="Block"/>
	</Styles>
	<Layout>
		<Page ID="P11" PHYSICAL_IMG_NR="11" HEIGHT="4498" WIDTH="3180" PRINTED_IMG_NR="59" PC="0.922">
			<TopMargin ID="P11_TM00001" HPOS="0" VPOS="0" WIDTH="3180" HEIGHT="157">
				<TextBlock ID="P11_TB00001" HPOS="2887" VPOS="103" WIDTH="64" HEIGHT="52" STYLEREFS="TXT_0 PAR_RIGHT">
					<TextLine ID="P11_TL00001" HPOS="2890" VPOS="104" WIDTH="61" HEIGHT="50">
						<String ID="P11_ST00001" HPOS="2890" VPOS="104" WIDTH="61" HEIGHT="50" CONTENT="59" WC="0.50" CC="09"/>
					</TextLine>
				</TextBlock>
			</TopMargin>
			<LeftMargin ID="P11_LM00001" HPOS="0" VPOS="157" WIDTH="112" HEIGHT="4176"/>
			<RightMargin ID="P11_RM00001" HPOS="2951" VPOS="157" WIDTH="229" HEIGHT="4176"/>
			<BottomMargin ID="P11_BM00001" HPOS="0" VPOS="4333" WIDTH="3180" HEIGHT="165"/>
			<PrintSpace ID="P11_PS00001" HPOS="112" VPOS="157" WIDTH="2839" HEIGHT="4176">
				<TextBlock ID="P11_TB00002" HPOS="112" VPOS="201" WIDTH="1878" HEIGHT="4132" STYLEREFS="TXT_1 PAR_LEFT">
					<TextLine ID="P11_TL00002" HPOS="122" VPOS="201" WIDTH="1862" HEIGHT="103">
						<String ID="P11_ST00002" HPOS="122" VPOS="206" WIDTH="251" HEIGHT="98" CONTENT="clumsy" WC="0.98" CC="153304"/>
						<SP ID="P11_SP00001" HPOS="373" VPOS="304" WIDTH="54"/>
						<String ID="P11_ST00003" HPOS="427" VPOS="202" WIDTH="280" HEIGHT="99" CONTENT="timidity" WC="0.98" CC="45347600"/>
						<SP ID="P11_SP00002" HPOS="707" VPOS="304" WIDTH="55"/>
						<String ID="P11_ST00004" HPOS="762" VPOS="204" WIDTH="70" HEIGHT="78" CONTENT="of" WC="0.65" CC="07"/>
						<SP ID="P11_SP00003" HPOS="832" VPOS="304" WIDTH="55"/>
						<String ID="P11_ST00005" HPOS="887" VPOS="202" WIDTH="164" HEIGHT="80" CONTENT="their" WC="0.98" CC="06054"/>
						<SP ID="P11_SP00004" HPOS="1051" VPOS="304" WIDTH="54"/>
						<String ID="P11_ST00006" HPOS="1105" VPOS="202" WIDTH="256" HEIGHT="80" CONTENT="defects" WC="0.99" CC="9030100"/>
						<SP ID="P11_SP00005" HPOS="1361" VPOS="304" WIDTH="53"/>
						<String ID="P11_ST00007" HPOS="1414" VPOS="202" WIDTH="225" HEIGHT="80" CONTENT="which" WC="0.97" CC="47207"/>
						<SP ID="P11_SP00006" HPOS="1639" VPOS="304" WIDTH="37"/>
						<String ID="P11_ST00008" HPOS="1676" VPOS="201" WIDTH="308" HEIGHT="80" CONTENT="revealed" WC="1.00" CC="50000000"/>
					</TextLine>
					<TextLine ID="P11_TL00003" HPOS="122" VPOS="305" WIDTH="1863" HEIGHT="90">
						<String ID="P11_ST00009" HPOS="122" VPOS="311" WIDTH="205" HEIGHT="80" CONTENT="them." WC="0.99" CC="00004"/>
						<SP ID="P11_SP00007" HPOS="327" VPOS="391" WIDTH="58"/>
						<String ID="P11_ST00010" HPOS="385" VPOS="309" WIDTH="212" HEIGHT="80" CONTENT="Their" WC="0.98" CC="00074"/>
						<SP ID="P11_SP00008" HPOS="597" VPOS="391" WIDTH="35"/>
						<String ID="P11_ST00011" HPOS="632" VPOS="308" WIDTH="251" HEIGHT="80" CONTENT="broken" WC="0.98" CC="840306"/>
						<SP ID="P11_SP00009" HPOS="883" VPOS="391" WIDTH="36"/>
						<String ID="P11_ST00012" HPOS="919" VPOS="306" WIDTH="137" HEIGHT="82" CONTENT="and" WC="0.98" CC="040"/>
						<SP ID="P11_SP00010" HPOS="1056" VPOS="391" WIDTH="37"/>
						<String ID="P11_ST00013" HPOS="1093" VPOS="305" WIDTH="167" HEIGHT="81" CONTENT="brief" WC="0.96" CC="74607"/>
						<SP ID="P11_SP00011" HPOS="1260" VPOS="391" WIDTH="28"/>
						<String ID="P11_ST00014" HPOS="1288" VPOS="306" WIDTH="330" HEIGHT="82" CONTENT="discourse" WC="1.00" CC="070300002"/>
						<SP ID="P11_SP00012" HPOS="1618" VPOS="391" WIDTH="37"/>
						<String ID="P11_ST00015" HPOS="1655" VPOS="305" WIDTH="252" HEIGHT="90" CONTENT="hinted," WC="0.99" CC="7600003"/>
						<SP ID="P11_SP00013" HPOS="1907" VPOS="395" WIDTH="30"/>
						<String ID="P11_ST00016" HPOS="1937" VPOS="309" WIDTH="48" HEIGHT="77" CONTENT="it" WC="0.64" CC="70"/>
					</TextLine>
					<TextLine ID="P11_TL00004" HPOS="122" VPOS="411" WIDTH="1860" HEIGHT="91">
						<String ID="P11_ST00017" HPOS="122" VPOS="416" WIDTH="120" HEIGHT="81" CONTENT="did" WC="0.97" CC="070"/>
						<SP ID="P11_SP00014" HPOS="242" VPOS="497" WIDTH="28"/>
						<String ID="P11_ST00018" HPOS="270" VPOS="437" WIDTH="116" HEIGHT="59" CONTENT="not" WC="0.95" CC="506"/>
						<SP ID="P11_SP00015" HPOS="386" VPOS="497" WIDTH="28"/>
						<String ID="P11_ST00019" HPOS="414" VPOS="436" WIDTH="483" HEIGHT="58" CONTENT="consummate:" WC="1.00" CC="03000020000"/>
						<SP ID="P11_SP00016" HPOS="897" VPOS="497" WIDTH="33"/>
						<String ID="P11_ST00020" HPOS="930" VPOS="417" WIDTH="48" HEIGHT="76" CONTENT="it" WC="0.86" CC="20"/>
						<SP ID="P11_SP00017" HPOS="978" VPOS="497" WIDTH="28"/>
						<String ID="P11_ST00021" HPOS="1006" VPOS="435" WIDTH="109" HEIGHT="58" CONTENT="cut" WC="1.00" CC="000"/>
						<SP ID="P11_SP00018" HPOS="1115" VPOS="497" WIDTH="27"/>
						<String ID="P11_ST00022" HPOS="1142" VPOS="416" WIDTH="88" HEIGHT="86" CONTENT="in," WC="0.95" CC="741"/>
						<SP ID="P11_SP00019" HPOS="1230" VPOS="502" WIDTH="30"/>
						<String ID="P11_ST00023" HPOS="1260" VPOS="416" WIDTH="49" HEIGHT="76" CONTENT="it" WC="0.69" CC="60"/>
						<SP ID="P11_SP00020" HPOS="1309" VPOS="502" WIDTH="36"/>
						<String ID="P11_ST00024" HPOS="1345" VPOS="411" WIDTH="117" HEIGHT="81" CONTENT="did" WC="0.98" CC="040"/>
						<SP ID="P11_SP00021" HPOS="1462" VPOS="502" WIDTH="29"/>
						<String ID="P11_ST00025" HPOS="1491" VPOS="432" WIDTH="116" HEIGHT="59" CONTENT="not" WC="0.97" CC="440"/>
						<SP ID="P11_SP00022" HPOS="1607" VPOS="502" WIDTH="28"/>
						<String ID="P11_ST00026" HPOS="1635" VPOS="445" WIDTH="193" HEIGHT="46" CONTENT="carve" WC="1.00" CC="00300"/>
						<SP ID="P11_SP00023" HPOS="1828" VPOS="502" WIDTH="18"/>
						<String ID="P11_ST00027" HPOS="1846" VPOS="432" WIDTH="136" HEIGHT="60" CONTENT="out." WC="0.99" CC="0400"/>
					</TextLine>
					<TextLine ID="P11_TL00005" HPOS="263" VPOS="516" WIDTH="1725" HEIGHT="102">
						<String ID="P11_ST00028" HPOS="263" VPOS="521" WIDTH="163" HEIGHT="80" CONTENT="The" WC="0.99" CC="200"/>
						<SP ID="P11_SP00024" HPOS="426" VPOS="601" WIDTH="53"/>
						<String ID="P11_ST00029" HPOS="479" VPOS="518" WIDTH="405" HEIGHT="100" CONTENT="stupendous" WC="1.00" CC="0040050000"/>
						<SP ID="P11_SP00025" HPOS="884" VPOS="618" WIDTH="37"/>
						<String ID="P11_ST00030" HPOS="921" VPOS="518" WIDTH="362" HEIGHT="100" CONTENT="originality" WC="0.99" CC="06335400000"/>
						<SP ID="P11_SP00026" HPOS="1283" VPOS="618" WIDTH="55"/>
						<String ID="P11_ST00031" HPOS="1338" VPOS="518" WIDTH="70" HEIGHT="79" CONTENT="of" WC="0.68" CC="06"/>
						<SP ID="P11_SP00027" HPOS="1408" VPOS="618" WIDTH="54"/>
						<String ID="P11_ST00032" HPOS="1462" VPOS="516" WIDTH="321" HEIGHT="80" CONTENT="Edoardo" WC="0.79" CC="6030301"/>
						<SP ID="P11_SP00028" HPOS="1783" VPOS="618" WIDTH="51"/>
						<String ID="P11_ST00033" HPOS="1834" VPOS="517" WIDTH="116" HEIGHT="80" CONTENT="Fer" SUBS_TYPE="HypPart1" SUBS_CONTENT="Ferravilla" WC="0.79" CC="005"/>
						<HYP HPOS="1950" VPOS="517" WIDTH="38" CONTENT="-"/>
					</TextLine>
					<TextLine ID="P11_TL00006" HPOS="121" VPOS="623" WIDTH="1866" HEIGHT="100">
						<String ID="P11_ST00034" HPOS="121" VPOS="626" WIDTH="220" HEIGHT="82" CONTENT="ravilla" SUBS_TYPE="HypPart2" SUBS_CONTENT="Ferravilla" WC="0.85" CC="0007030"/>
						<SP ID="P11_SP00029" HPOS="341" VPOS="708" WIDTH="53"/>
						<String ID="P11_ST00035" HPOS="394" VPOS="659" WIDTH="144" HEIGHT="49" CONTENT="was" WC="0.99" CC="200"/>
						<SP ID="P11_SP00030" HPOS="538" VPOS="708" WIDTH="36"/>
						<String ID="P11_ST00036" HPOS="574" VPOS="625" WIDTH="393" HEIGHT="80" CONTENT="manifested" WC="0.99" CC="0005600430"/>
						<SP ID="P11_SP00031" HPOS="967" VPOS="708" WIDTH="37"/>
						<String ID="P11_ST00037" HPOS="1004" VPOS="624" WIDTH="165" HEIGHT="81" CONTENT="with" WC="0.99" CC="0500"/>
						<SP ID="P11_SP00032" HPOS="1169" VPOS="708" WIDTH="37"/>
						<String ID="P11_ST00038" HPOS="1206" VPOS="623" WIDTH="198" HEIGHT="100" CONTENT="equal" WC="1.00" CC="03000"/>
						<SP ID="P11_SP00033" HPOS="1404" VPOS="723" WIDTH="38"/>
						<String ID="P11_ST00039" HPOS="1442" VPOS="623" WIDTH="330" HEIGHT="78" CONTENT="brilliance" WC="0.99" CC="7600050500"/>
						<SP ID="P11_SP00034" HPOS="1772" VPOS="723" WIDTH="45"/>
						<String ID="P11_ST00040" HPOS="1817" VPOS="623" WIDTH="170" HEIGHT="80" CONTENT="alike" WC="1.00" CC="00002"/>
					</TextLine>
					<TextLine ID="P11_TL00007" HPOS="121" VPOS="729" WIDTH="1866" HEIGHT="92">
						<String ID="P11_ST00041" HPOS="121" VPOS="737" WIDTH="66" HEIGHT="76" CONTENT="in" WC="0.77" CC="40"/>
						<SP ID="P11_SP00035" HPOS="187" VPOS="813" WIDTH="53"/>
						<String ID="P11_ST00042" HPOS="240" VPOS="734" WIDTH="99" HEIGHT="79" CONTENT="his" WC="0.95" CC="770"/>
						<SP ID="P11_SP00036" HPOS="339" VPOS="813" WIDTH="55"/>
						<String ID="P11_ST00043" HPOS="394" VPOS="733" WIDTH="234" HEIGHT="79" CONTENT="choice" WC="0.99" CC="003710"/>
						<SP ID="P11_SP00037" HPOS="628" VPOS="813" WIDTH="53"/>
						<String ID="P11_ST00044" HPOS="681" VPOS="732" WIDTH="71" HEIGHT="79" CONTENT="of" WC="0.68" CC="06"/>
						<SP ID="P11_SP00038" HPOS="752" VPOS="813" WIDTH="52"/>
						<String ID="P11_ST00045" HPOS="804" VPOS="731" WIDTH="245" HEIGHT="90" CONTENT="words," WC="1.00" CC="000002"/>
						<SP ID="P11_SP00039" HPOS="1049" VPOS="821" WIDTH="56"/>
						<String ID="P11_ST00046" HPOS="1105" VPOS="729" WIDTH="136" HEIGHT="82" CONTENT="and" WC="1.00" CC="000"/>
						<SP ID="P11_SP00040" HPOS="1241" VPOS="821" WIDTH="55"/>
						<String ID="P11_ST00047" HPOS="1296" VPOS="734" WIDTH="66" HEIGHT="75" CONTENT="in" WC="0.69" CC="60"/>
						<SP ID="P11_SP00041" HPOS="1362" VPOS="821" WIDTH="53"/>
						<String ID="P11_ST00048" HPOS="1415" VPOS="729" WIDTH="116" HEIGHT="80" CONTENT="the" WC="1.00" CC="000"/>
						<SP ID="P11_SP00042" HPOS="1531" VPOS="821" WIDTH="54"/>
						<String ID="P11_ST00049" HPOS="1585" VPOS="729" WIDTH="402" HEIGHT="79" CONTENT="elimination" WC="1.00" CC="00501000600"/>
					</TextLine>
					<TextLine ID="P11_TL00008" HPOS="122" VPOS="835" WIDTH="1861" HEIGHT="97">
						<String ID="P11_ST00050" HPOS="122" VPOS="840" WIDTH="71" HEIGHT="79" CONTENT="of" WC="0.67" CC="06"/>
						<SP ID="P11_SP00043" HPOS="193" VPOS="919" WIDTH="53"/>
						<String ID="P11_ST00051" HPOS="246" VPOS="839" WIDTH="162" HEIGHT="80" CONTENT="such" WC="1.00" CC="0000"/>
						<SP ID="P11_SP00044" HPOS="408" VPOS="919" WIDTH="55"/>
						<String ID="P11_ST00052" HPOS="463" VPOS="836" WIDTH="232" HEIGHT="81" CONTENT="details" WC="1.00" CC="0000500"/>
						<SP ID="P11_SP00045" HPOS="695" VPOS="919" WIDTH="53"/>
						<String ID="P11_ST00053" HPOS="748" VPOS="872" WIDTH="73" HEIGHT="44" CONTENT="as" WC="1.00" CC="00"/>
						<SP ID="P11_SP00046" HPOS="821" VPOS="919" WIDTH="53"/>
						<String ID="P11_ST00054" HPOS="874" VPOS="835" WIDTH="272" HEIGHT="81" CONTENT="seemed" WC="1.00" CC="030000"/>
						<SP ID="P11_SP00047" HPOS="1146" VPOS="919" WIDTH="56"/>
						<String ID="P11_ST00055" HPOS="1202" VPOS="858" WIDTH="68" HEIGHT="57" CONTENT="to" WC="1.00" CC="00"/>
						<SP ID="P11_SP00048" HPOS="1270" VPOS="919" WIDTH="55"/>
						<String ID="P11_ST00056" HPOS="1325" VPOS="835" WIDTH="136" HEIGHT="78" CONTENT="him" WC="0.96" CC="054"/>
						<SP ID="P11_SP00049" HPOS="1461" VPOS="919" WIDTH="62"/>
						<String ID="P11_ST00057" HPOS="1523" VPOS="855" WIDTH="113" HEIGHT="58" CONTENT="too" WC="0.99" CC="002"/>
						<SP ID="P11_SP00050" HPOS="1636" VPOS="919" WIDTH="66"/>
						<String ID="P11_ST00058" HPOS="1702" VPOS="837" WIDTH="281" HEIGHT="95" CONTENT="generic." WC="0.99" CC="20205403"/>
					</TextLine>
					<TextLine ID="P11_TL00009" HPOS="122" VPOS="939" WIDTH="1866" HEIGHT="100">
						<String ID="P11_ST00059" HPOS="122" VPOS="945" WIDTH="73" HEIGHT="80" CONTENT="In" WC="0.40" CC="56"/>
						<SP ID="P11_SP00051" HPOS="195" VPOS="1025" WIDTH="54"/>
						<String ID="P11_ST00060" HPOS="249" VPOS="945" WIDTH="126" HEIGHT="79" CONTENT="this" WC="0.99" CC="0050"/>
						<SP ID="P11_SP00052" HPOS="375" VPOS="1025" WIDTH="56"/>
						<String ID="P11_ST00061" HPOS="431" VPOS="941" WIDTH="279" HEIGHT="83" CONTENT="twofold" WC="0.99" CC="0003420"/>
						<SP ID="P11_SP00053" HPOS="710" VPOS="1025" WIDTH="55"/>
						<String ID="P11_ST00062" HPOS="765" VPOS="941" WIDTH="145" HEIGHT="80" CONTENT="task" WC="1.00" CC="0000"/>
						<SP ID="P11_SP00054" HPOS="910" VPOS="1025" WIDTH="53"/>
						<String ID="P11_ST00063" HPOS="963" VPOS="941" WIDTH="88" HEIGHT="80" CONTENT="he" WC="1.00" CC="00"/>
						<SP ID="P11_SP00055" HPOS="1051" VPOS="1025" WIDTH="54"/>
						<String ID="P11_ST00064" HPOS="1105" VPOS="941" WIDTH="250" HEIGHT="98" CONTENT="always" WC="1.00" CC="020000"/>
						<SP ID="P11_SP00056" HPOS="1355" VPOS="1039" WIDTH="35"/>
						<String ID="P11_ST00065" HPOS="1390" VPOS="939" WIDTH="308" HEIGHT="81" CONTENT="revealed" WC="1.00" CC="00000040"/>
						<SP ID="P11_SP00057" HPOS="1698" VPOS="1039" WIDTH="56"/>
						<String ID="P11_ST00066" HPOS="1754" VPOS="974" WIDTH="41" HEIGHT="45" CONTENT="a" WC="1.00" CC="0"/>
						<SP ID="P11_SP00058" HPOS="1795" VPOS="1039" WIDTH="43"/>
						<String ID="P11_ST00067" HPOS="1838" VPOS="973" WIDTH="113" HEIGHT="66" CONTENT="psy" SUBS_TYPE="HypPart1" SUBS_CONTENT="psychological" WC="0.99" CC="000"/>
						<HYP HPOS="1951" VPOS="973" WIDTH="37" CONTENT="-"/>
					</TextLine>
					<TextLine ID="P11_TL00010" HPOS="124" VPOS="1047" WIDTH="1863" HEIGHT="101">
						<String ID="P11_ST00068" HPOS="124" VPOS="1049" WIDTH="364" HEIGHT="99" CONTENT="chological" SUBS_TYPE="HypPart2" SUBS_CONTENT="psychological" WC="1.00" CC="0005006002"/>
						<SP ID="P11_SP00059" HPOS="488" VPOS="1148" WIDTH="36"/>
						<String ID="P11_ST00069" HPOS="524" VPOS="1047" WIDTH="299" HEIGHT="82" CONTENT="intuition" WC="0.99" CC="600080800"/>
						<SP ID="P11_SP00060" HPOS="823" VPOS="1148" WIDTH="33"/>
						<String ID="P11_ST00070" HPOS="856" VPOS="1048" WIDTH="138" HEIGHT="80" CONTENT="and" WC="1.00" CC="000"/>
						<SP ID="P11_SP00061" HPOS="994" VPOS="1148" WIDTH="38"/>
						<String ID="P11_ST00071" HPOS="1032" VPOS="1082" WIDTH="40" HEIGHT="45" CONTENT="a" WC="1.00" CC="0"/>
						<SP ID="P11_SP00062" HPOS="1072" VPOS="1148" WIDTH="38"/>
						<String ID="P11_ST00072" HPOS="1110" VPOS="1068" WIDTH="167" HEIGHT="59" CONTENT="taste" WC="1.00" CC="00000"/>
						<SP ID="P11_SP00063" HPOS="1277" VPOS="1148" WIDTH="26"/>
						<String ID="P11_ST00073" HPOS="1303" VPOS="1047" WIDTH="226" HEIGHT="81" CONTENT="which" WC="0.99" CC="00500"/>
						<SP ID="P11_SP00064" HPOS="1529" VPOS="1148" WIDTH="28"/>
						<String ID="P11_ST00074" HPOS="1557" VPOS="1080" WIDTH="182" HEIGHT="47" CONTENT="were" WC="1.00" CC="0010"/>
						<SP ID="P11_SP00065" HPOS="1739" VPOS="1148" WIDTH="28"/>
						<String ID="P11_ST00075" HPOS="1767" VPOS="1080" WIDTH="184" HEIGHT="46" CONTENT="unsur" SUBS_TYPE="HypPart1" SUBS_CONTENT="unsurpassed" WC="0.99" CC="00034"/>
						<HYP HPOS="1951" VPOS="1080" WIDTH="36" CONTENT="-"/>
					</TextLine>
					<TextLine ID="P11_TL00011" HPOS="122" VPOS="1151" WIDTH="1865" HEIGHT="104">
						<String ID="P11_ST00076" HPOS="122" VPOS="1157" WIDTH="240" HEIGHT="98" CONTENT="passed" SUBS_TYPE="HypPart2" SUBS_CONTENT="unsurpassed" WC="1.00" CC="000000"/>
						<SP ID="P11_SP00066" HPOS="362" VPOS="1255" WIDTH="56"/>
						<String ID="P11_ST00077" HPOS="418" VPOS="1190" WIDTH="182" HEIGHT="65" CONTENT="upon" WC="0.97" CC="0056"/>
						<SP ID="P11_SP00067" HPOS="600" VPOS="1255" WIDTH="53"/>
						<String ID="P11_ST00078" HPOS="653" VPOS="1156" WIDTH="114" HEIGHT="79" CONTENT="the" WC="1.00" CC="000"/>
						<SP ID="P11_SP00068" HPOS="767" VPOS="1255" WIDTH="64"/>
						<String ID="P11_ST00079" HPOS="831" VPOS="1175" WIDTH="206" HEIGHT="78" CONTENT="stage." WC="1.00" CC="000004"/>
						<SP ID="P11_SP00069" HPOS="1037" VPOS="1255" WIDTH="113"/>
						<String ID="P11_ST00080" HPOS="1150" VPOS="1153" WIDTH="133" HEIGHT="79" CONTENT="His" WC="0.98" CC="060"/>
						<SP ID="P11_SP00070" HPOS="1283" VPOS="1255" WIDTH="66"/>
						<String ID="P11_ST00081" HPOS="1349" VPOS="1174" WIDTH="182" HEIGHT="77" CONTENT="great" WC="1.00" CC="03000"/>
						<SP ID="P11_SP00071" HPOS="1531" VPOS="1255" WIDTH="62"/>
						<String ID="P11_ST00082" HPOS="1593" VPOS="1151" WIDTH="394" HEIGHT="100" CONTENT="personality" WC="1.00" CC="00100003000"/>
					</TextLine>
					<TextLine ID="P11_TL00012" HPOS="122" VPOS="1258" WIDTH="1861" HEIGHT="99">
						<String ID="P11_ST00083" HPOS="122" VPOS="1296" WIDTH="144" HEIGHT="48" CONTENT="was" WC="1.00" CC="000"/>
						<SP ID="P11_SP00072" HPOS="266" VPOS="1344" WIDTH="53"/>
						<String ID="P11_ST00084" HPOS="319" VPOS="1261" WIDTH="302" HEIGHT="80" CONTENT="founded" WC="0.99" CC="5040000"/>
						<SP ID="P11_SP00073" HPOS="621" VPOS="1344" WIDTH="65"/>
						<String ID="P11_ST00085" HPOS="686" VPOS="1260" WIDTH="219" HEIGHT="80" CONTENT="above" WC="0.99" CC="07300"/>
						<SP ID="P11_SP00074" HPOS="905" VPOS="1344" WIDTH="63"/>
						<String ID="P11_ST00086" HPOS="968" VPOS="1259" WIDTH="84" HEIGHT="80" CONTENT="all" WC="1.00" CC="000"/>
						<SP ID="P11_SP00075" HPOS="1052" VPOS="1344" WIDTH="65"/>
						<String ID="P11_ST00087" HPOS="1117" VPOS="1293" WIDTH="180" HEIGHT="64" CONTENT="upon" WC="0.99" CC="4000"/>
						<SP ID="P11_SP00076" HPOS="1297" VPOS="1357" WIDTH="71"/>
						<String ID="P11_ST00088" HPOS="1368" VPOS="1259" WIDTH="187" HEIGHT="79" CONTENT="these" WC="0.99" CC="07000"/>
						<SP ID="P11_SP00077" HPOS="1555" VPOS="1357" WIDTH="63"/>
						<String ID="P11_ST00089" HPOS="1618" VPOS="1258" WIDTH="365" HEIGHT="97" CONTENT="principles," WC="1.00" CC="05600100000"/>
					</TextLine>
					<TextLine ID="P11_TL00013" HPOS="122" VPOS="1363" WIDTH="1860" HEIGHT="103">
						<String ID="P11_ST00090" HPOS="122" VPOS="1367" WIDTH="135" HEIGHT="81" CONTENT="and" WC="1.00" CC="000"/>
						<SP ID="P11_SP00078" HPOS="257" VPOS="1448" WIDTH="66"/>
						<String ID="P11_ST00091" HPOS="323" VPOS="1401" WIDTH="180" HEIGHT="65" CONTENT="upon" WC="0.99" CC="3030"/>
						<SP ID="P11_SP00079" HPOS="503" VPOS="1466" WIDTH="74"/>
						<String ID="P11_ST00092" HPOS="577" VPOS="1367" WIDTH="185" HEIGHT="79" CONTENT="them" WC="1.00" CC="0000"/>
						<SP ID="P11_SP00080" HPOS="762" VPOS="1466" WIDTH="72"/>
						<String ID="P11_ST00093" HPOS="834" VPOS="1366" WIDTH="99" HEIGHT="80" CONTENT="his" WC="0.98" CC="050"/>
						<SP ID="P11_SP00081" HPOS="933" VPOS="1466" WIDTH="73"/>
						<String ID="P11_ST00094" HPOS="1006" VPOS="1386" WIDTH="141" HEIGHT="58" CONTENT="true" WC="0.99" CC="0500"/>
						<SP ID="P11_SP00082" HPOS="1147" VPOS="1466" WIDTH="65"/>
						<String ID="P11_ST00095" HPOS="1212" VPOS="1363" WIDTH="182" HEIGHT="99" CONTENT="glory" WC="0.98" CC="04060"/>
						<SP ID="P11_SP00083" HPOS="1394" VPOS="1466" WIDTH="53"/>
						<String ID="P11_ST00096" HPOS="1447" VPOS="1367" WIDTH="51" HEIGHT="76" CONTENT="is" WC="0.74" CC="50"/>
						<SP ID="P11_SP00084" HPOS="1498" VPOS="1466" WIDTH="63"/>
						<String ID="P11_ST00097" HPOS="1561" VPOS="1363" WIDTH="421" HEIGHT="80" CONTENT="established." WC="1.00" CC="104060700001"/>
					</TextLine>
					<TextLine ID="P11_TL00014" HPOS="263" VPOS="1468" WIDTH="1724" HEIGHT="84">
						<String ID="P11_ST00098" HPOS="263" VPOS="1474" WIDTH="55" HEIGHT="78" CONTENT="It" WC="0.93" CC="10"/>
						<SP ID="P11_SP00085" HPOS="318" VPOS="1552" WIDTH="53"/>
						<String ID="P11_ST00099" HPOS="371" VPOS="1477" WIDTH="51" HEIGHT="75" CONTENT="is" WC="0.66" CC="60"/>
						<SP ID="P11_SP00086" HPOS="422" VPOS="1552" WIDTH="64"/>
						<String ID="P11_ST00100" HPOS="486" VPOS="1472" WIDTH="276" HEIGHT="80" CONTENT="obvious" WC="0.99" CC="0703000"/>
						<SP ID="P11_SP00087" HPOS="762" VPOS="1552" WIDTH="55"/>
						<String ID="P11_ST00101" HPOS="817" VPOS="1472" WIDTH="144" HEIGHT="79" CONTENT="that" WC="0.99" CC="0600"/>
						<SP ID="P11_SP00088" HPOS="961" VPOS="1552" WIDTH="64"/>
						<String ID="P11_ST00102" HPOS="1025" VPOS="1472" WIDTH="123" HEIGHT="78" CONTENT="this" WC="0.99" CC="0060"/>
						<SP ID="P11_SP00089" HPOS="1148" VPOS="1552" WIDTH="75"/>
						<String ID="P11_ST00103" HPOS="1223" VPOS="1504" WIDTH="157" HEIGHT="46" CONTENT="man" WC="0.97" CC="006"/>
						<SP ID="P11_SP00090" HPOS="1380" VPOS="1552" WIDTH="72"/>
						<String ID="P11_ST00104" HPOS="1452" VPOS="1468" WIDTH="197" HEIGHT="80" CONTENT="could" WC="1.00" CC="30000"/>
						<SP ID="P11_SP00091" HPOS="1649" VPOS="1552" WIDTH="57"/>
						<String ID="P11_ST00105" HPOS="1706" VPOS="1491" WIDTH="117" HEIGHT="57" CONTENT="not" WC="0.98" CC="500"/>
						<SP ID="P11_SP00092" HPOS="1823" VPOS="1552" WIDTH="54"/>
						<String ID="P11_ST00106" HPOS="1877" VPOS="1493" WIDTH="110" HEIGHT="57" CONTENT="act" WC="0.99" CC="020"/>
					</TextLine>
					<TextLine ID="P11_TL00015" HPOS="121" VPOS="1575" WIDTH="1866" HEIGHT="103">
						<String ID="P11_ST00107" HPOS="121" VPOS="1613" WIDTH="72" HEIGHT="47" CONTENT="as" WC="1.00" CC="00"/>
						<SP ID="P11_SP00093" HPOS="193" VPOS="1660" WIDTH="54"/>
						<String ID="P11_ST00108" HPOS="247" VPOS="1583" WIDTH="380" HEIGHT="95" CONTENT="interpreter" WC="0.99" CC="60005044001"/>
						<SP ID="P11_SP00094" HPOS="627" VPOS="1678" WIDTH="52"/>
						<String ID="P11_ST00109" HPOS="679" VPOS="1579" WIDTH="69" HEIGHT="79" CONTENT="of" WC="0.60" CC="16"/>
						<SP ID="P11_SP00095" HPOS="748" VPOS="1678" WIDTH="55"/>
						<String ID="P11_ST00110" HPOS="803" VPOS="1612" WIDTH="131" HEIGHT="65" CONTENT="any" WC="1.00" CC="000"/>
						<SP ID="P11_SP00096" HPOS="934" VPOS="1678" WIDTH="63"/>
						<String ID="P11_ST00111" HPOS="997" VPOS="1578" WIDTH="188" HEIGHT="78" CONTENT="other" WC="0.98" CC="40015"/>
						<SP ID="P11_SP00097" HPOS="1185" VPOS="1678" WIDTH="65"/>
						<String ID="P11_ST00112" HPOS="1250" VPOS="1578" WIDTH="159" HEIGHT="78" CONTENT="than" WC="1.00" CC="0000"/>
						<SP ID="P11_SP00098" HPOS="1409" VPOS="1678" WIDTH="63"/>
						<String ID="P11_ST00113" HPOS="1472" VPOS="1575" WIDTH="278" HEIGHT="81" CONTENT="himself." WC="0.99" CC="07200004"/>
						<SP ID="P11_SP00099" HPOS="1750" VPOS="1678" WIDTH="115"/>
						<String ID="P11_ST00114" HPOS="1865" VPOS="1576" WIDTH="122" HEIGHT="80" CONTENT="He" WC="0.69" CC="06"/>
					</TextLine>
					<TextLine ID="P11_TL00016" HPOS="120" VPOS="1682" WIDTH="1865" HEIGHT="100">
						<String ID="P11_ST00115" HPOS="120" VPOS="1720" WIDTH="200" HEIGHT="47" CONTENT="never" WC="0.99" CC="40006"/>
						<SP ID="P11_SP00100" HPOS="320" VPOS="1767" WIDTH="53"/>
						<String ID="P11_ST00116" HPOS="373" VPOS="1686" WIDTH="134" HEIGHT="80" CONTENT="lent" WC="0.98" CC="4060"/>
						<SP ID="P11_SP00101" HPOS="507" VPOS="1767" WIDTH="53"/>
						<String ID="P11_ST00117" HPOS="560" VPOS="1683" WIDTH="260" HEIGHT="81" CONTENT="himself" WC="0.99" CC="0500056"/>
						<SP ID="P11_SP00102" HPOS="820" VPOS="1767" WIDTH="52"/>
						<String ID="P11_ST00118" HPOS="872" VPOS="1706" WIDTH="69" HEIGHT="57" CONTENT="to" WC="0.71" CC="05"/>
						<SP ID="P11_SP00103" HPOS="941" VPOS="1767" WIDTH="55"/>
						<String ID="P11_ST00119" HPOS="996" VPOS="1716" WIDTH="382" HEIGHT="66" CONTENT="pronounce" WC="1.00" CC="003000000"/>
						<SP ID="P11_SP00104" HPOS="1378" VPOS="1782" WIDTH="52"/>
						<String ID="P11_ST00120" HPOS="1430" VPOS="1682" WIDTH="224" HEIGHT="81" CONTENT="words" WC="1.00" CC="03000"/>
						<SP ID="P11_SP00105" HPOS="1654" VPOS="1782" WIDTH="71"/>
						<String ID="P11_ST00121" HPOS="1725" VPOS="1686" WIDTH="260" HEIGHT="77" CONTENT="written" WC="0.99" CC="0460005"/>
					</TextLine>
					<TextLine ID="P11_TL00017" HPOS="121" VPOS="1787" WIDTH="1864" HEIGHT="103">
						<String ID="P11_ST00122" HPOS="121" VPOS="1791" WIDTH="91" HEIGHT="99" CONTENT="by" WC="0.63" CC="70"/>
						<SP ID="P11_SP00106" HPOS="212" VPOS="1890" WIDTH="56"/>
						<String ID="P11_ST00123" HPOS="268" VPOS="1790" WIDTH="239" HEIGHT="81" CONTENT="others." WC="0.99" CC="0070202"/>
						<SP ID="P11_SP00107" HPOS="507" VPOS="1890" WIDTH="106"/>
						<String ID="P11_ST00124" HPOS="613" VPOS="1790" WIDTH="241" HEIGHT="80" CONTENT="When" WC="0.99" CC="3000"/>
						<SP ID="P11_SP00108" HPOS="854" VPOS="1890" WIDTH="53"/>
						<String ID="P11_ST00125" HPOS="907" VPOS="1788" WIDTH="89" HEIGHT="80" CONTENT="he" WC="1.00" CC="00"/>
						<SP ID="P11_SP00109" HPOS="996" VPOS="1890" WIDTH="55"/>
						<String ID="P11_ST00126" HPOS="1051" VPOS="1788" WIDTH="118" HEIGHT="80" CONTENT="did" WC="0.99" CC="030"/>
						<SP ID="P11_SP00110" HPOS="1169" VPOS="1890" WIDTH="37"/>
						<String ID="P11_ST00127" HPOS="1206" VPOS="1810" WIDTH="115" HEIGHT="57" CONTENT="not" WC="0.99" CC="030"/>
						<SP ID="P11_SP00111" HPOS="1321" VPOS="1890" WIDTH="54"/>
						<String ID="P11_ST00128" HPOS="1375" VPOS="1787" WIDTH="257" HEIGHT="80" CONTENT="himself" WC="0.99" CC="0500007"/>
						<SP ID="P11_SP00112" HPOS="1632" VPOS="1890" WIDTH="37"/>
						<String ID="P11_ST00129" HPOS="1669" VPOS="1821" WIDTH="316" HEIGHT="65" CONTENT="compose" WC="1.00" CC="0300000"/>
					</TextLine>
					<TextLine ID="P11_TL00018" HPOS="120" VPOS="1888" WIDTH="1865" HEIGHT="107">
						<String ID="P11_ST00130" HPOS="120" VPOS="1888" WIDTH="115" HEIGHT="90" CONTENT="the" WC="0.97" CC="070"/>
						<SP ID="P11_SP00113" HPOS="235" VPOS="1978" WIDTH="54"/>
						<String ID="P11_ST00131" HPOS="289" VPOS="1918" WIDTH="146" HEIGHT="77" CONTENT="part" WC="0.99" CC="0040"/>
						<SP ID="P11_SP00114" HPOS="435" VPOS="1995" WIDTH="71"/>
						<String ID="P11_ST00132" HPOS="506" VPOS="1896" WIDTH="87" HEIGHT="79" CONTENT="he" WC="1.00" CC="00"/>
						<SP ID="P11_SP00115" HPOS="593" VPOS="1995" WIDTH="68"/>
						<String ID="P11_ST00133" HPOS="661" VPOS="1895" WIDTH="260" HEIGHT="81" CONTENT="wished" WC="0.99" CC="080000"/>
						<SP ID="P11_SP00116" HPOS="921" VPOS="1995" WIDTH="65"/>
						<String ID="P11_ST00134" HPOS="986" VPOS="1917" WIDTH="69" HEIGHT="57" CONTENT="to" WC="0.68" CC="06"/>
						<SP ID="P11_SP00117" HPOS="1055" VPOS="1995" WIDTH="72"/>
						<String ID="P11_ST00135" HPOS="1127" VPOS="1915" WIDTH="354" HEIGHT="78" CONTENT="represent," WC="1.00" CC="3007000000"/>
						<SP ID="P11_SP00118" HPOS="1481" VPOS="1995" WIDTH="75"/>
						<String ID="P11_ST00136" HPOS="1556" VPOS="1894" WIDTH="88" HEIGHT="77" CONTENT="he" WC="1.00" CC="00"/>
						<SP ID="P11_SP00119" HPOS="1644" VPOS="1995" WIDTH="71"/>
						<String ID="P11_ST00137" HPOS="1715" VPOS="1894" WIDTH="270" HEIGHT="99" CONTENT="entirely" WC="1.00" CC="02040000"/>
					</TextLine>
					<TextLine ID="P11_TL00019" HPOS="120" VPOS="1999" WIDTH="1864" HEIGHT="99">
						<String ID="P11_ST00138" HPOS="120" VPOS="2002" WIDTH="363" HEIGHT="81" CONTENT="renovated" WC="1.00" CC="400000000"/>
						<SP ID="P11_SP00120" HPOS="483" VPOS="2083" WIDTH="55"/>
						<String ID="P11_ST00139" HPOS="538" VPOS="2007" WIDTH="83" HEIGHT="86" CONTENT="it;" WC="0.96" CC="422"/>
						<SP ID="P11_SP00121" HPOS="621" VPOS="2093" WIDTH="59"/>
						<String ID="P11_ST00140" HPOS="680" VPOS="2001" WIDTH="363" HEIGHT="90" CONTENT="cancelled," WC="1.00" CC="0002000003"/>
						<SP ID="P11_SP00122" HPOS="1043" VPOS="2093" WIDTH="57"/>
						<String ID="P11_ST00141" HPOS="1100" VPOS="2001" WIDTH="165" HEIGHT="78" CONTENT="from" WC="1.00" CC="2000"/>
						<SP ID="P11_SP00123" HPOS="1265" VPOS="2093" WIDTH="56"/>
						<String ID="P11_ST00142" HPOS="1321" VPOS="1999" WIDTH="186" HEIGHT="99" CONTENT="plays" WC="0.99" CC="04000"/>
						<SP ID="P11_SP00124" HPOS="1507" VPOS="2098" WIDTH="54"/>
						<String ID="P11_ST00143" HPOS="1561" VPOS="1999" WIDTH="250" HEIGHT="80" CONTENT="offered" WC="0.99" CC="0760400"/>
						<SP ID="P11_SP00125" HPOS="1811" VPOS="2098" WIDTH="37"/>
						<String ID="P11_ST00144" HPOS="1848" VPOS="2001" WIDTH="136" HEIGHT="80" CONTENT="him" WC="0.98" CC="060"/>
					</TextLine>
					<TextLine ID="P11_TL00020" HPOS="121" VPOS="2106" WIDTH="1862" HEIGHT="102">
						<String ID="P11_ST00145" HPOS="121" VPOS="2110" WIDTH="94" HEIGHT="98" CONTENT="by" WC="0.65" CC="60"/>
						<SP ID="P11_SP00126" HPOS="215" VPOS="2208" WIDTH="53"/>
						<String ID="P11_ST00146" HPOS="268" VPOS="2110" WIDTH="239" HEIGHT="91" CONTENT="others," WC="0.99" CC="0070300"/>
						<SP ID="P11_SP00127" HPOS="507" VPOS="2208" WIDTH="60"/>
						<String ID="P11_ST00147" HPOS="567" VPOS="2110" WIDTH="114" HEIGHT="77" CONTENT="the" WC="1.00" CC="000"/>
						<SP ID="P11_SP00128" HPOS="681" VPOS="2208" WIDTH="67"/>
						<String ID="P11_ST00148" HPOS="748" VPOS="2130" WIDTH="146" HEIGHT="76" CONTENT="part" WC="1.00" CC="0010"/>
						<SP ID="P11_SP00129" HPOS="894" VPOS="2208" WIDTH="67"/>
						<String ID="P11_ST00149" HPOS="961" VPOS="2107" WIDTH="304" HEIGHT="80" CONTENT="destined" WC="1.00" CC="00004200"/>
						<SP ID="P11_SP00130" HPOS="1265" VPOS="2208" WIDTH="70"/>
						<String ID="P11_ST00150" HPOS="1335" VPOS="2107" WIDTH="101" HEIGHT="79" CONTENT="for" WC="0.96" CC="704"/>
						<SP ID="P11_SP00131" HPOS="1436" VPOS="2208" WIDTH="53"/>
						<String ID="P11_ST00151" HPOS="1489" VPOS="2106" WIDTH="279" HEIGHT="91" CONTENT="himself," WC="0.99" CC="06000060"/>
						<SP ID="P11_SP00132" HPOS="1768" VPOS="2208" WIDTH="59"/>
						<String ID="P11_ST00152" HPOS="1827" VPOS="2107" WIDTH="156" HEIGHT="92" CONTENT="and," WC="1.00" CC="0000"/>
					</TextLine>
					<TextLine ID="P11_TL00021" HPOS="120" VPOS="2211" WIDTH="1867" HEIGHT="101">
						<String ID="P11_ST00153" HPOS="120" VPOS="2214" WIDTH="100" HEIGHT="80" CONTENT="for" WC="0.96" CC="404"/>
						<SP ID="P11_SP00133" HPOS="220" VPOS="2294" WIDTH="52"/>
						<String ID="P11_ST00154" HPOS="272" VPOS="2214" WIDTH="114" HEIGHT="80" CONTENT="the" WC="1.00" CC="000"/>
						<SP ID="P11_SP00134" HPOS="386" VPOS="2294" WIDTH="39"/>
						<String ID="P11_ST00155" HPOS="425" VPOS="2214" WIDTH="322" HEIGHT="80" CONTENT="authors's" WC="0.99" CC="000006043"/>
						<SP ID="P11_SP00135" HPOS="747" VPOS="2294" WIDTH="38"/>
						<String ID="P11_ST00156" HPOS="785" VPOS="2215" WIDTH="417" HEIGHT="97" CONTENT="conception," WC="1.00" CC="01400005020"/>
						<SP ID="P11_SP00136" HPOS="1202" VPOS="2312" WIDTH="40"/>
						<String ID="P11_ST00157" HPOS="1242" VPOS="2211" WIDTH="413" HEIGHT="93" CONTENT="substituted," WC="1.00" CC="007004040002"/>
						<SP ID="P11_SP00137" HPOS="1655" VPOS="2312" WIDTH="41"/>
						<String ID="P11_ST00158" HPOS="1696" VPOS="2233" WIDTH="115" HEIGHT="60" CONTENT="not" WC="0.96" CC="630"/>
						<SP ID="P11_SP00138" HPOS="1811" VPOS="2312" WIDTH="44"/>
						<String ID="P11_ST00159" HPOS="1855" VPOS="2247" WIDTH="132" HEIGHT="65" CONTENT="any" WC="0.99" CC="020"/>
					</TextLine>
					<TextLine ID="P11_TL00022" HPOS="121" VPOS="2318" WIDTH="1863" HEIGHT="102">
						<String ID="P11_ST00160" HPOS="121" VPOS="2342" WIDTH="304" HEIGHT="78" CONTENT="arrogant" WC="1.00" CC="01600000"/>
						<SP ID="P11_SP00139" HPOS="425" VPOS="2420" WIDTH="53"/>
						<String ID="P11_ST00161" HPOS="478" VPOS="2321" WIDTH="259" HEIGHT="97" CONTENT="fantasy" WC="1.00" CC="2000000"/>
						<SP ID="P11_SP00140" HPOS="737" VPOS="2420" WIDTH="58"/>
						<String ID="P11_ST00162" HPOS="795" VPOS="2319" WIDTH="70" HEIGHT="79" CONTENT="of" WC="0.65" CC="06"/>
						<SP ID="P11_SP00141" HPOS="865" VPOS="2420" WIDTH="36"/>
						<String ID="P11_ST00163" HPOS="901" VPOS="2319" WIDTH="98" HEIGHT="79" CONTENT="his" WC="0.96" CC="740"/>
						<SP ID="P11_SP00142" HPOS="999" VPOS="2420" WIDTH="38"/>
						<String ID="P11_ST00164" HPOS="1037" VPOS="2354" WIDTH="179" HEIGHT="57" CONTENT="own," WC="0.99" CC="0050"/>
						<SP ID="P11_SP00143" HPOS="1216" VPOS="2420" WIDTH="39"/>
						<String ID="P11_ST00165" HPOS="1255" VPOS="2319" WIDTH="121" HEIGHT="79" CONTENT="but" WC="0.95" CC="705"/>
						<SP ID="P11_SP00144" HPOS="1376" VPOS="2420" WIDTH="37"/>
						<String ID="P11_ST00166" HPOS="1413" VPOS="2319" WIDTH="114" HEIGHT="78" CONTENT="the" WC="0.97" CC="070"/>
						<SP ID="P11_SP00145" HPOS="1527" VPOS="2420" WIDTH="37"/>
						<String ID="P11_ST00167" HPOS="1564" VPOS="2322" WIDTH="250" HEIGHT="76" CONTENT="actions" WC="0.99" CC="0005152"/>
						<SP ID="P11_SP00146" HPOS="1814" VPOS="2420" WIDTH="37"/>
						<String ID="P11_ST00168" HPOS="1851" VPOS="2318" WIDTH="133" HEIGHT="80" CONTENT="and" WC="1.00" CC="000"/>
					</TextLine>
					<TextLine ID="P11_TL00023" HPOS="119" VPOS="2425" WIDTH="1635" HEIGHT="100">
						<String ID="P11_ST00169" HPOS="119" VPOS="2431" WIDTH="323" HEIGHT="76" CONTENT="reactions" WC="1.00" CC="200005320"/>
						<SP ID="P11_SP00147" HPOS="442" VPOS="2507" WIDTH="54"/>
						<String ID="P11_ST00170" HPOS="496" VPOS="2426" WIDTH="315" HEIGHT="98" CONTENT="impelled" WC="1.00" CC="50003000"/>
						<SP ID="P11_SP00148" HPOS="811" VPOS="2524" WIDTH="54"/>
						<String ID="P11_ST00171" HPOS="865" VPOS="2426" WIDTH="93" HEIGHT="99" CONTENT="by" WC="0.64" CC="70"/>
						<SP ID="P11_SP00149" HPOS="958" VPOS="2525" WIDTH="53"/>
						<String ID="P11_ST00172" HPOS="1011" VPOS="2426" WIDTH="101" HEIGHT="79" CONTENT="his" WC="0.95" CC="750"/>
						<SP ID="P11_SP00150" HPOS="1112" VPOS="2525" WIDTH="54"/>
						<String ID="P11_ST00173" HPOS="1166" VPOS="2460" WIDTH="160" HEIGHT="46" CONTENT="own" WC="1.00" CC="000"/>
						<SP ID="P11_SP00151" HPOS="1326" VPOS="2525" WIDTH="55"/>
						<String ID="P11_ST00174" HPOS="1381" VPOS="2425" WIDTH="373" HEIGHT="100" CONTENT="sensibility." WC="1.00" CC="003057103002"/>
					</TextLine>
					<TextLine ID="P11_TL00024" HPOS="261" VPOS="2531" WIDTH="1724" HEIGHT="93">
						<String ID="P11_ST00175" HPOS="261" VPOS="2533" WIDTH="54" HEIGHT="80" CONTENT="It" WC="0.60" CC="70"/>
						<SP ID="P11_SP00152" HPOS="315" VPOS="2613" WIDTH="54"/>
						<String ID="P11_ST00176" HPOS="369" VPOS="2567" WIDTH="161" HEIGHT="57" CONTENT="was," WC="1.00" CC="0000"/>
						<SP ID="P11_SP00153" HPOS="530" VPOS="2624" WIDTH="60"/>
						<String ID="P11_ST00177" HPOS="590" VPOS="2537" WIDTH="67" HEIGHT="74" CONTENT="in" WC="0.66" CC="60"/>
						<SP ID="P11_SP00154" HPOS="657" VPOS="2624" WIDTH="65"/>
						<String ID="P11_ST00178" HPOS="722" VPOS="2531" WIDTH="193" HEIGHT="93" CONTENT="truth," WC="0.99" CC="011070"/>
						<SP ID="P11_SP00155" HPOS="915" VPOS="2624" WIDTH="58"/>
						<String ID="P11_ST00179" HPOS="973" VPOS="2567" WIDTH="42" HEIGHT="44" CONTENT="a" WC="1.00" CC="0"/>
						<SP ID="P11_SP00156" HPOS="1015" VPOS="2624" WIDTH="73"/>
						<String ID="P11_ST00180" HPOS="1088" VPOS="2554" WIDTH="236" HEIGHT="57" CONTENT="matter" WC="1.00" CC="000002"/>
						<SP ID="P11_SP00157" HPOS="1324" VPOS="2624" WIDTH="71"/>
						<String ID="P11_ST00181" HPOS="1395" VPOS="2531" WIDTH="70" HEIGHT="79" CONTENT="of" WC="0.48" CC="36"/>
						<SP ID="P11_SP00158" HPOS="1465" VPOS="2624" WIDTH="72"/>
						<String ID="P11_ST00182" HPOS="1537" VPOS="2535" WIDTH="252" HEIGHT="76" CONTENT="actions" WC="1.00" CC="0000010"/>
						<SP ID="P11_SP00159" HPOS="1789" VPOS="2624" WIDTH="62"/>
						<String ID="P11_ST00183" HPOS="1851" VPOS="2531" WIDTH="134" HEIGHT="80" CONTENT="and" WC="1.00" CC="000"/>
					</TextLine>
					<TextLine ID="P11_TL00025" HPOS="119" VPOS="2637" WIDTH="1869" HEIGHT="100">
						<String ID="P11_ST00184" HPOS="119" VPOS="2643" WIDTH="341" HEIGHT="76" CONTENT="reactions." WC="1.00" CC="1000060002"/>
						<SP ID="P11_SP00160" HPOS="460" VPOS="2719" WIDTH="59"/>
						<String ID="P11_ST00185" HPOS="519" VPOS="2637" WIDTH="348" HEIGHT="81" CONTENT="Ferravilla" WC="0.91" CC="0004004000"/>
						<SP ID="P11_SP00161" HPOS="867" VPOS="2719" WIDTH="26"/>
						<String ID="P11_ST00186" HPOS="893" VPOS="2672" WIDTH="201" HEIGHT="47" CONTENT="never" WC="1.00" CC="00002"/>
						<SP ID="P11_SP00162" HPOS="1094" VPOS="2719" WIDTH="27"/>
						<String ID="P11_ST00187" HPOS="1121" VPOS="2638" WIDTH="269" HEIGHT="80" CONTENT="created" WC="1.00" CC="1200000"/>
						<SP ID="P11_SP00163" HPOS="1390" VPOS="2719" WIDTH="30"/>
						<String ID="P11_ST00188" HPOS="1420" VPOS="2672" WIDTH="41" HEIGHT="45" CONTENT="a" WC="1.00" CC="0"/>
						<SP ID="P11_SP00164" HPOS="1461" VPOS="2719" WIDTH="38"/>
						<String ID="P11_ST00189" HPOS="1499" VPOS="2658" WIDTH="157" HEIGHT="79" CONTENT="type" WC="1.00" CC="0000"/>
						<SP ID="P11_SP00165" HPOS="1656" VPOS="2737" WIDTH="37"/>
						<String ID="P11_ST00190" HPOS="1693" VPOS="2637" WIDTH="263" HEIGHT="99" CONTENT="straight" SUBS_TYPE="HypPart1" SUBS_CONTENT="straightway" WC="0.99" CC="00406000"/>
						<HYP HPOS="1956" VPOS="2637" WIDTH="32" CONTENT="-"/>
					</TextLine>
					<TextLine ID="P11_TL00026" HPOS="117" VPOS="2744" WIDTH="1871" HEIGHT="100">
						<String ID="P11_ST00191" HPOS="117" VPOS="2778" WIDTH="159" HEIGHT="66" CONTENT="way" SUBS_TYPE="HypPart2" SUBS_CONTENT="straightway" WC="1.00" CC="000"/>
						<SP ID="P11_SP00166" HPOS="276" VPOS="2844" WIDTH="61"/>
						<String ID="P11_ST00192" HPOS="337" VPOS="2745" WIDTH="135" HEIGHT="80" CONTENT="and" WC="1.00" CC="000"/>
						<SP ID="P11_SP00167" HPOS="472" VPOS="2844" WIDTH="55"/>
						<String ID="P11_ST00193" HPOS="527" VPOS="2779" WIDTH="89" HEIGHT="45" CONTENT="on" WC="0.96" CC="00"/>
						<SP ID="P11_SP00168" HPOS="616" VPOS="2844" WIDTH="55"/>
						<String ID="P11_ST00194" HPOS="671" VPOS="2744" WIDTH="113" HEIGHT="80" CONTENT="the" WC="1.00" CC="000"/>
						<SP ID="P11_SP00169" HPOS="784" VPOS="2844" WIDTH="72"/>
						<String ID="P11_ST00195" HPOS="856" VPOS="2778" WIDTH="153" HEIGHT="65" CONTENT="spur" WC="0.97" CC="3054"/>
						<SP ID="P11_SP00170" HPOS="1009" VPOS="2844" WIDTH="80"/>
						<String ID="P11_ST00196" HPOS="1089" VPOS="2744" WIDTH="71" HEIGHT="80" CONTENT="of" WC="0.68" CC="06"/>
						<SP ID="P11_SP00171" HPOS="1160" VPOS="2844" WIDTH="80"/>
						<String ID="P11_ST00197" HPOS="1240" VPOS="2744" WIDTH="114" HEIGHT="78" CONTENT="the" WC="1.00" CC="000"/>
						<SP ID="P11_SP00172" HPOS="1354" VPOS="2844" WIDTH="82"/>
						<String ID="P11_ST00198" HPOS="1436" VPOS="2765" WIDTH="316" HEIGHT="59" CONTENT="moment." WC="1.00" CC="0000700"/>
						<SP ID="P11_SP00173" HPOS="1752" VPOS="2844" WIDTH="113"/>
						<String ID="P11_ST00199" HPOS="1865" VPOS="2744" WIDTH="123" HEIGHT="78" CONTENT="He" WC="1.00" CC="00"/>
					</TextLine>
					<TextLine ID="P11_TL00027" HPOS="117" VPOS="2849" WIDTH="1870" HEIGHT="100">
						<String ID="P11_ST00200" HPOS="117" VPOS="2850" WIDTH="177" HEIGHT="81" CONTENT="lived" WC="0.99" CC="55000"/>
						<SP ID="P11_SP00174" HPOS="294" VPOS="2931" WIDTH="40"/>
						<String ID="P11_ST00201" HPOS="334" VPOS="2855" WIDTH="69" HEIGHT="78" CONTENT="it." WC="0.96" CC="604"/>
						<SP ID="P11_SP00175" HPOS="403" VPOS="2933" WIDTH="95"/>
						<String ID="P11_ST00202" HPOS="498" VPOS="2851" WIDTH="123" HEIGHT="79" CONTENT="He" WC="0.99" CC="00"/>
						<SP ID="P11_SP00176" HPOS="621" VPOS="2933" WIDTH="37"/>
						<String ID="P11_ST00203" HPOS="658" VPOS="2851" WIDTH="223" HEIGHT="98" CONTENT="began" WC="0.99" CC="70000"/>
						<SP ID="P11_SP00177" HPOS="881" VPOS="2949" WIDTH="36"/>
						<String ID="P11_ST00204" HPOS="917" VPOS="2872" WIDTH="70" HEIGHT="58" CONTENT="to" WC="1.00" CC="00"/>
						<SP ID="P11_SP00178" HPOS="987" VPOS="2949" WIDTH="38"/>
						<String ID="P11_ST00205" HPOS="1025" VPOS="2855" WIDTH="317" HEIGHT="75" CONTENT="conceive" WC="1.00" CC="00000500"/>
						<SP ID="P11_SP00179" HPOS="1342" VPOS="2949" WIDTH="36"/>
						<String ID="P11_ST00206" HPOS="1378" VPOS="2854" WIDTH="49" HEIGHT="75" CONTENT="it" WC="0.78" CC="40"/>
						<SP ID="P11_SP00180" HPOS="1427" VPOS="2949" WIDTH="35"/>
						<String ID="P11_ST00207" HPOS="1462" VPOS="2849" WIDTH="135" HEIGHT="81" CONTENT="and" WC="1.00" CC="000"/>
						<SP ID="P11_SP00181" HPOS="1597" VPOS="2949" WIDTH="56"/>
						<String ID="P11_ST00208" HPOS="1653" VPOS="2872" WIDTH="68" HEIGHT="57" CONTENT="to" WC="1.00" CC="00"/>
						<SP ID="P11_SP00182" HPOS="1721" VPOS="2949" WIDTH="37"/>
						<String ID="P11_ST00209" HPOS="1758" VPOS="2850" WIDTH="229" HEIGHT="80" CONTENT="sketch" WC="0.99" CC="005007"/>
					</TextLine>
					<TextLine ID="P11_TL00028" HPOS="117" VPOS="2956" WIDTH="1870" HEIGHT="99">
						<String ID="P11_ST00210" HPOS="117" VPOS="2958" WIDTH="51" HEIGHT="76" CONTENT="it" WC="0.53" CC="62"/>
						<SP ID="P11_SP00183" HPOS="168" VPOS="3034" WIDTH="53"/>
						<String ID="P11_ST00211" HPOS="221" VPOS="2978" WIDTH="69" HEIGHT="59" CONTENT="at" WC="0.81" CC="03"/>
						<SP ID="P11_SP00184" HPOS="290" VPOS="3037" WIDTH="56"/>
						<String ID="P11_ST00212" HPOS="346" VPOS="2956" WIDTH="114" HEIGHT="81" CONTENT="the" WC="0.96" CC="261"/>
						<SP ID="P11_SP00185" HPOS="460" VPOS="3037" WIDTH="53"/>
						<String ID="P11_ST00213" HPOS="513" VPOS="2956" WIDTH="394" HEIGHT="91" CONTENT="rehearsals;" WC="0.99" CC="50700450060"/>
						<SP ID="P11_SP00186" HPOS="907" VPOS="3047" WIDTH="56"/>
						<String ID="P11_ST00214" HPOS="963" VPOS="2956" WIDTH="89" HEIGHT="81" CONTENT="he" WC="1.00" CC="00"/>
						<SP ID="P11_SP00187" HPOS="1052" VPOS="3047" WIDTH="36"/>
						<String ID="P11_ST00215" HPOS="1088" VPOS="2956" WIDTH="302" HEIGHT="99" CONTENT="sampled" WC="0.98" CC="5000629"/>
						<SP ID="P11_SP00188" HPOS="1390" VPOS="3055" WIDTH="38"/>
						<String ID="P11_ST00216" HPOS="1428" VPOS="2958" WIDTH="68" HEIGHT="89" CONTENT="it," WC="0.97" CC="320"/>
						<SP ID="P11_SP00189" HPOS="1496" VPOS="3055" WIDTH="39"/>
						<String ID="P11_ST00217" HPOS="1535" VPOS="2956" WIDTH="88" HEIGHT="78" CONTENT="he" WC="1.00" CC="00"/>
						<SP ID="P11_SP00190" HPOS="1623" VPOS="3055" WIDTH="51"/>
						<String ID="P11_ST00218" HPOS="1674" VPOS="2956" WIDTH="313" HEIGHT="99" CONTENT="weighed" WC="0.99" CC="3000009"/>
					</TextLine>
					<TextLine ID="P11_TL00029" HPOS="117" VPOS="3061" WIDTH="1870" HEIGHT="99">
						<String ID="P11_ST00219" HPOS="117" VPOS="3066" WIDTH="70" HEIGHT="88" CONTENT="it," WC="0.96" CC="703"/>
						<SP ID="P11_SP00191" HPOS="187" VPOS="3154" WIDTH="57"/>
						<String ID="P11_ST00220" HPOS="244" VPOS="3064" WIDTH="89" HEIGHT="80" CONTENT="he" WC="1.00" CC="00"/>
						<SP ID="P11_SP00192" HPOS="333" VPOS="3154" WIDTH="55"/>
						<String ID="P11_ST00221" HPOS="388" VPOS="3062" WIDTH="275" HEIGHT="82" CONTENT="listened" WC="1.00" CC="04000500"/>
						<SP ID="P11_SP00193" HPOS="663" VPOS="3154" WIDTH="60"/>
						<String ID="P11_ST00222" HPOS="723" VPOS="3084" WIDTH="69" HEIGHT="58" CONTENT="to" WC="1.00" CC="00"/>
						<SP ID="P11_SP00194" HPOS="792" VPOS="3154" WIDTH="54"/>
						<String ID="P11_ST00223" HPOS="846" VPOS="3066" WIDTH="69" HEIGHT="76" CONTENT="it." WC="0.96" CC="604"/>
						<SP ID="P11_SP00195" HPOS="915" VPOS="3154" WIDTH="113"/>
						<String ID="P11_ST00224" HPOS="1028" VPOS="3062" WIDTH="123" HEIGHT="79" CONTENT="He" WC="1.00" CC="00"/>
						<SP ID="P11_SP00196" HPOS="1151" VPOS="3154" WIDTH="53"/>
						<String ID="P11_ST00225" HPOS="1204" VPOS="3062" WIDTH="252" HEIGHT="98" CONTENT="always" WC="1.00" CC="000000"/>
						<SP ID="P11_SP00197" HPOS="1456" VPOS="3160" WIDTH="37"/>
						<String ID="P11_ST00226" HPOS="1493" VPOS="3061" WIDTH="284" HEIGHT="99" CONTENT="brought" WC="0.99" CC="7430000"/>
						<SP ID="P11_SP00198" HPOS="1777" VPOS="3160" WIDTH="37"/>
						<String ID="P11_ST00227" HPOS="1814" VPOS="3066" WIDTH="47" HEIGHT="75" CONTENT="it" WC="0.67" CC="42"/>
						<SP ID="P11_SP00199" HPOS="1861" VPOS="3160" WIDTH="37"/>
						<String ID="P11_ST00228" HPOS="1898" VPOS="3097" WIDTH="89" HEIGHT="44" CONTENT="on" WC="0.54" CC="26"/>
					</TextLine>
					<TextLine ID="P11_TL00030" HPOS="117" VPOS="3168" WIDTH="1868" HEIGHT="100">
						<String ID="P11_ST00229" HPOS="117" VPOS="3189" WIDTH="70" HEIGHT="60" CONTENT="to" WC="0.56" CC="43"/>
						<SP ID="P11_SP00200" HPOS="187" VPOS="3249" WIDTH="56"/>
						<String ID="P11_ST00230" HPOS="243" VPOS="3170" WIDTH="116" HEIGHT="80" CONTENT="the" WC="1.00" CC="000"/>
						<SP ID="P11_SP00201" HPOS="359" VPOS="3250" WIDTH="52"/>
						<String ID="P11_ST00231" HPOS="411" VPOS="3191" WIDTH="186" HEIGHT="77" CONTENT="stage" WC="1.00" CC="00000"/>
						<SP ID="P11_SP00202" HPOS="597" VPOS="3268" WIDTH="54"/>
						<String ID="P11_ST00232" HPOS="651" VPOS="3173" WIDTH="368" HEIGHT="77" CONTENT="immature." WC="1.00" CC="500000203"/>
						<SP ID="P11_SP00203" HPOS="1019" VPOS="3268" WIDTH="93"/>
						<String ID="P11_ST00233" HPOS="1112" VPOS="3169" WIDTH="134" HEIGHT="80" CONTENT="His" WC="0.98" CC="050"/>
						<SP ID="P11_SP00204" HPOS="1246" VPOS="3268" WIDTH="37"/>
						<String ID="P11_ST00234" HPOS="1283" VPOS="3202" WIDTH="398" HEIGHT="66" CONTENT="personages" WC="1.00" CC="0020560000"/>
						<SP ID="P11_SP00205" HPOS="1681" VPOS="3268" WIDTH="35"/>
						<String ID="P11_ST00235" HPOS="1716" VPOS="3168" WIDTH="269" HEIGHT="81" CONTENT="learned" WC="0.99" CC="3005000"/>
					</TextLine>
					<TextLine ID="P11_TL00031" HPOS="117" VPOS="3274" WIDTH="1870" HEIGHT="101">
						<String ID="P11_ST00236" HPOS="117" VPOS="3296" WIDTH="71" HEIGHT="58" CONTENT="to" WC="0.65" CC="24"/>
						<SP ID="P11_SP00206" HPOS="188" VPOS="3354" WIDTH="55"/>
						<String ID="P11_ST00237" HPOS="243" VPOS="3276" WIDTH="206" HEIGHT="97" CONTENT="speak" WC="1.00" CC="00000"/>
						<SP ID="P11_SP00207" HPOS="449" VPOS="3373" WIDTH="54"/>
						<String ID="P11_ST00238" HPOS="503" VPOS="3276" WIDTH="159" HEIGHT="80" CONTENT="little" WC="0.99" CC="040230"/>
						<SP ID="P11_SP00208" HPOS="662" VPOS="3373" WIDTH="53"/>
						<String ID="P11_ST00239" HPOS="715" VPOS="3276" WIDTH="94" HEIGHT="99" CONTENT="by" WC="0.64" CC="70"/>
						<SP ID="P11_SP00209" HPOS="809" VPOS="3375" WIDTH="54"/>
						<String ID="P11_ST00240" HPOS="863" VPOS="3274" WIDTH="179" HEIGHT="93" CONTENT="little," WC="0.99" CC="0600002"/>
						<SP ID="P11_SP00210" HPOS="1042" VPOS="3375" WIDTH="66"/>
						<String ID="P11_ST00241" HPOS="1108" VPOS="3274" WIDTH="165" HEIGHT="82" CONTENT="from" WC="0.99" CC="4000"/>
						<SP ID="P11_SP00211" HPOS="1273" VPOS="3375" WIDTH="57"/>
						<String ID="P11_ST00242" HPOS="1330" VPOS="3274" WIDTH="137" HEIGHT="101" CONTENT="day" WC="1.00" CC="000"/>
						<SP ID="P11_SP00212" HPOS="1467" VPOS="3375" WIDTH="54"/>
						<String ID="P11_ST00243" HPOS="1521" VPOS="3296" WIDTH="69" HEIGHT="57" CONTENT="to" WC="0.82" CC="03"/>
						<SP ID="P11_SP00213" HPOS="1590" VPOS="3375" WIDTH="55"/>
						<String ID="P11_ST00244" HPOS="1645" VPOS="3274" WIDTH="156" HEIGHT="101" CONTENT="day," WC="1.00" CC="0000"/>
						<SP ID="P11_SP00214" HPOS="1801" VPOS="3375" WIDTH="59"/>
						<String ID="P11_ST00245" HPOS="1860" VPOS="3274" WIDTH="127" HEIGHT="80" CONTENT="like" WC="0.99" CC="1200"/>
					</TextLine>
					<TextLine ID="P11_TL00032" HPOS="117" VPOS="3381" WIDTH="1868" HEIGHT="100">
						<String ID="P11_ST00246" HPOS="117" VPOS="3381" WIDTH="315" HEIGHT="83" CONTENT="children." WC="0.99" CC="076100043"/>
						<SP ID="P11_SP00215" HPOS="432" VPOS="3464" WIDTH="113"/>
						<String ID="P11_ST00247" HPOS="545" VPOS="3384" WIDTH="370" HEIGHT="97" CONTENT="Beginning" WC="0.99" CC="000530540"/>
						<SP ID="P11_SP00216" HPOS="915" VPOS="3481" WIDTH="54"/>
						<String ID="P11_ST00248" HPOS="969" VPOS="3382" WIDTH="92" HEIGHT="99" CONTENT="by" WC="0.66" CC="60"/>
						<SP ID="P11_SP00217" HPOS="1061" VPOS="3481" WIDTH="53"/>
						<String ID="P11_ST00249" HPOS="1114" VPOS="3381" WIDTH="342" HEIGHT="99" CONTENT="babbling," WC="1.00" CC="000005500"/>
						<SP ID="P11_SP00218" HPOS="1456" VPOS="3481" WIDTH="39"/>
						<String ID="P11_ST00250" HPOS="1495" VPOS="3381" WIDTH="160" HEIGHT="99" CONTENT="they" WC="0.99" CC="0600"/>
						<SP ID="P11_SP00219" HPOS="1655" VPOS="3481" WIDTH="37"/>
						<String ID="P11_ST00251" HPOS="1692" VPOS="3381" WIDTH="293" HEIGHT="99" CONTENT="lingered" WC="0.99" CC="06400600"/>
					</TextLine>
					<TextLine ID="P11_TL00033" HPOS="116" VPOS="3486" WIDTH="1864" HEIGHT="102">
						<String ID="P11_ST00252" HPOS="116" VPOS="3488" WIDTH="255" HEIGHT="81" CONTENT="around" WC="1.00" CC="000000"/>
						<SP ID="P11_SP00220" HPOS="371" VPOS="3569" WIDTH="55"/>
						<String ID="P11_ST00253" HPOS="426" VPOS="3522" WIDTH="187" HEIGHT="46" CONTENT="some" WC="1.00" CC="0000"/>
						<SP ID="P11_SP00221" HPOS="613" VPOS="3569" WIDTH="53"/>
						<String ID="P11_ST00254" HPOS="666" VPOS="3486" WIDTH="476" HEIGHT="102" CONTENT="monosyllable" WC="1.00" CC="100300000730"/>
						<SP ID="P11_SP00222" HPOS="1142" VPOS="3588" WIDTH="53"/>
						<String ID="P11_ST00255" HPOS="1195" VPOS="3488" WIDTH="160" HEIGHT="80" CONTENT="until" WC="0.99" CC="00070"/>
						<SP ID="P11_SP00223" HPOS="1355" VPOS="3588" WIDTH="54"/>
						<String ID="P11_ST00256" HPOS="1409" VPOS="3488" WIDTH="115" HEIGHT="80" CONTENT="the" WC="0.97" CC="070"/>
						<SP ID="P11_SP00224" HPOS="1524" VPOS="3588" WIDTH="54"/>
						<String ID="P11_ST00257" HPOS="1578" VPOS="3508" WIDTH="142" HEIGHT="58" CONTENT="true" WC="0.99" CC="0500"/>
						<SP ID="P11_SP00225" HPOS="1720" VPOS="3588" WIDTH="50"/>
						<String ID="P11_ST00258" HPOS="1770" VPOS="3486" WIDTH="210" HEIGHT="93" CONTENT="word," WC="0.98" CC="03502"/>
					</TextLine>
					<TextLine ID="P11_TL00034" HPOS="116" VPOS="3593" WIDTH="1866" HEIGHT="100">
						<String ID="P11_ST00259" HPOS="116" VPOS="3593" WIDTH="114" HEIGHT="81" CONTENT="the" WC="1.00" CC="000"/>
						<SP ID="P11_SP00226" HPOS="230" VPOS="3674" WIDTH="55"/>
						<String ID="P11_ST00260" HPOS="285" VPOS="3596" WIDTH="168" HEIGHT="91" CONTENT="best," WC="0.99" CC="70003"/>
						<SP ID="P11_SP00227" HPOS="453" VPOS="3687" WIDTH="69"/>
						<String ID="P11_ST00261" HPOS="522" VPOS="3596" WIDTH="116" HEIGHT="78" CONTENT="the" WC="0.97" CC="070"/>
						<SP ID="P11_SP00228" HPOS="638" VPOS="3687" WIDTH="52"/>
						<String ID="P11_ST00262" HPOS="690" VPOS="3616" WIDTH="173" HEIGHT="60" CONTENT="most" WC="0.98" CC="0307"/>
						<SP ID="P11_SP00229" HPOS="863" VPOS="3687" WIDTH="53"/>
						<String ID="P11_ST00263" HPOS="916" VPOS="3594" WIDTH="380" HEIGHT="99" CONTENT="significant," WC="0.99" CC="050568700400"/>
						<SP ID="P11_SP00230" HPOS="1296" VPOS="3693" WIDTH="59"/>
						<String ID="P11_ST00264" HPOS="1355" VPOS="3593" WIDTH="115" HEIGHT="80" CONTENT="the" WC="1.00" CC="000"/>
						<SP ID="P11_SP00231" HPOS="1470" VPOS="3693" WIDTH="54"/>
						<String ID="P11_ST00265" HPOS="1524" VPOS="3615" WIDTH="172" HEIGHT="58" CONTENT="most" WC="0.99" CC="0300"/>
						<SP ID="P11_SP00232" HPOS="1696" VPOS="3693" WIDTH="54"/>
						<String ID="P11_ST00266" HPOS="1750" VPOS="3593" WIDTH="232" HEIGHT="92" CONTENT="direct," WC="0.99" CC="0500460"/>
					</TextLine>
					<TextLine ID="P11_TL00035" HPOS="116" VPOS="3699" WIDTH="1866" HEIGHT="104">
						<String ID="P11_ST00267" HPOS="116" VPOS="3700" WIDTH="116" HEIGHT="81" CONTENT="the" WC="1.00" CC="001"/>
						<SP ID="P11_SP00233" HPOS="232" VPOS="3781" WIDTH="55"/>
						<String ID="P11_ST00268" HPOS="287" VPOS="3705" WIDTH="246" HEIGHT="98" CONTENT="unique" WC="0.99" CC="005400"/>
						<SP ID="P11_SP00234" HPOS="533" VPOS="3803" WIDTH="52"/>
						<String ID="P11_ST00269" HPOS="585" VPOS="3701" WIDTH="216" HEIGHT="93" CONTENT="word," WC="0.99" CC="00204"/>
						<SP ID="P11_SP00235" HPOS="801" VPOS="3803" WIDTH="66"/>
						<String ID="P11_ST00270" HPOS="867" VPOS="3701" WIDTH="339" HEIGHT="100" CONTENT="emerged," WC="1.00" CC="02110000"/>
						<SP ID="P11_SP00236" HPOS="1206" VPOS="3803" WIDTH="57"/>
						<String ID="P11_ST00271" HPOS="1263" VPOS="3721" WIDTH="118" HEIGHT="59" CONTENT="not" WC="0.98" CC="500"/>
						<SP ID="P11_SP00237" HPOS="1381" VPOS="3803" WIDTH="67"/>
						<String ID="P11_ST00272" HPOS="1448" VPOS="3701" WIDTH="167" HEIGHT="80" CONTENT="from" WC="1.00" CC="0200"/>
						<SP ID="P11_SP00238" HPOS="1615" VPOS="3803" WIDTH="57"/>
						<String ID="P11_ST00273" HPOS="1672" VPOS="3700" WIDTH="113" HEIGHT="80" CONTENT="the" WC="1.00" CC="000"/>
						<SP ID="P11_SP00239" HPOS="1785" VPOS="3803" WIDTH="54"/>
						<String ID="P11_ST00274" HPOS="1839" VPOS="3699" WIDTH="143" HEIGHT="100" CONTENT="lips," WC="0.99" CC="05000"/>
					</TextLine>
					<TextLine ID="P11_TL00036" HPOS="115" VPOS="3807" WIDTH="1872" HEIGHT="101">
						<String ID="P11_ST00275" HPOS="115" VPOS="3807" WIDTH="141" HEIGHT="93" CONTENT="but," WC="0.97" CC="7040"/>
						<SP ID="P11_SP00240" HPOS="256" VPOS="3900" WIDTH="58"/>
						<String ID="P11_ST00276" HPOS="314" VPOS="3842" WIDTH="132" HEIGHT="46" CONTENT="one" WC="0.98" CC="040"/>
						<SP ID="P11_SP00241" HPOS="446" VPOS="3900" WIDTH="54"/>
						<String ID="P11_ST00277" HPOS="500" VPOS="3841" WIDTH="158" HEIGHT="67" CONTENT="may" WC="1.00" CC="000"/>
						<SP ID="P11_SP00242" HPOS="658" VPOS="3908" WIDTH="51"/>
						<String ID="P11_ST00278" HPOS="709" VPOS="3807" WIDTH="217" HEIGHT="81" CONTENT="rather" WC="0.98" CC="500704"/>
						<SP ID="P11_SP00243" HPOS="926" VPOS="3908" WIDTH="37"/>
						<String ID="P11_ST00279" HPOS="963" VPOS="3842" WIDTH="138" HEIGHT="65" CONTENT="say," WC="1.00" CC="0000"/>
						<SP ID="P11_SP00244" HPOS="1101" VPOS="3908" WIDTH="40"/>
						<String ID="P11_ST00280" HPOS="1141" VPOS="3808" WIDTH="168" HEIGHT="80" CONTENT="from" WC="0.98" CC="3120"/>
						<SP ID="P11_SP00245" HPOS="1309" VPOS="3908" WIDTH="36"/>
						<String ID="P11_ST00281" HPOS="1345" VPOS="3807" WIDTH="116" HEIGHT="80" CONTENT="the" WC="1.00" CC="000"/>
						<SP ID="P11_SP00246" HPOS="1461" VPOS="3908" WIDTH="37"/>
						<String ID="P11_ST00282" HPOS="1498" VPOS="3812" WIDTH="489" HEIGHT="76" CONTENT="consciousness" WC="1.00" CC="2100073000000"/>
					</TextLine>
					<TextLine ID="P11_TL00037" HPOS="113" VPOS="3912" WIDTH="1867" HEIGHT="100">
						<String ID="P11_ST00283" HPOS="113" VPOS="3913" WIDTH="73" HEIGHT="79" CONTENT="of" WC="0.84" CC="03"/>
						<SP ID="P11_SP00247" HPOS="186" VPOS="3992" WIDTH="35"/>
						<String ID="P11_ST00284" HPOS="221" VPOS="3913" WIDTH="115" HEIGHT="80" CONTENT="the" WC="1.00" CC="000"/>
						<SP ID="P11_SP00248" HPOS="336" VPOS="3993" WIDTH="37"/>
						<String ID="P11_ST00285" HPOS="373" VPOS="3936" WIDTH="201" HEIGHT="71" CONTENT="actor," WC="1.00" CC="000020"/>
						<SP ID="P11_SP00249" HPOS="574" VPOS="4007" WIDTH="36"/>
						<String ID="P11_ST00286" HPOS="610" VPOS="3913" WIDTH="163" HEIGHT="81" CONTENT="who" WC="1.00" CC="001"/>
						<SP ID="P11_SP00250" HPOS="773" VPOS="4007" WIDTH="35"/>
						<String ID="P11_ST00287" HPOS="808" VPOS="3947" WIDTH="145" HEIGHT="47" CONTENT="was" WC="1.00" CC="000"/>
						<SP ID="P11_SP00251" HPOS="953" VPOS="4007" WIDTH="28"/>
						<String ID="P11_ST00288" HPOS="981" VPOS="3949" WIDTH="87" HEIGHT="44" CONTENT="no" WC="0.81" CC="03"/>
						<SP ID="P11_SP00252" HPOS="1068" VPOS="4007" WIDTH="28"/>
						<String ID="P11_ST00289" HPOS="1096" VPOS="3913" WIDTH="226" HEIGHT="99" CONTENT="longer" WC="1.00" CC="000031"/>
						<SP ID="P11_SP00253" HPOS="1322" VPOS="4012" WIDTH="35"/>
						<String ID="P11_ST00290" HPOS="1357" VPOS="3912" WIDTH="247" HEIGHT="100" CONTENT="merely" WC="0.99" CC="002040"/>
						<SP ID="P11_SP00254" HPOS="1604" VPOS="4012" WIDTH="28"/>
						<String ID="P11_ST00291" HPOS="1632" VPOS="3913" WIDTH="115" HEIGHT="80" CONTENT="the" WC="1.00" CC="000"/>
						<SP ID="P11_SP00255" HPOS="1747" VPOS="4012" WIDTH="35"/>
						<String ID="P11_ST00292" HPOS="1782" VPOS="3916" WIDTH="165" HEIGHT="76" CONTENT="inter" SUBS_TYPE="HypPart1" SUBS_CONTENT="interpreter" WC="0.98" CC="70015"/>
						<HYP HPOS="1947" VPOS="3916" WIDTH="33" CONTENT="-"/>
					</TextLine>
					<TextLine ID="P11_TL00038" HPOS="112" VPOS="4019" WIDTH="1873" HEIGHT="101">
						<String ID="P11_ST00293" HPOS="112" VPOS="4041" WIDTH="220" HEIGHT="78" CONTENT="preter" SUBS_TYPE="HypPart2" SUBS_CONTENT="interpreter" WC="0.99" CC="020104"/>
						<SP ID="P11_SP00256" HPOS="332" VPOS="4119" WIDTH="52"/>
						<String ID="P11_ST00294" HPOS="384" VPOS="4021" WIDTH="71" HEIGHT="81" CONTENT="of" WC="0.72" CC="05"/>
						<SP ID="P11_SP00257" HPOS="455" VPOS="4119" WIDTH="53"/>
						<String ID="P11_ST00295" HPOS="508" VPOS="4022" WIDTH="115" HEIGHT="79" CONTENT="the" WC="1.00" CC="000"/>
						<SP ID="P11_SP00258" HPOS="623" VPOS="4119" WIDTH="54"/>
						<String ID="P11_ST00296" HPOS="677" VPOS="4055" WIDTH="388" HEIGHT="65" CONTENT="personage," WC="1.00" CC="0070020000"/>
						<SP ID="P11_SP00259" HPOS="1065" VPOS="4120" WIDTH="59"/>
						<String ID="P11_ST00297" HPOS="1124" VPOS="4020" WIDTH="121" HEIGHT="81" CONTENT="but" WC="0.98" CC="600"/>
						<SP ID="P11_SP00260" HPOS="1245" VPOS="4120" WIDTH="51"/>
						<String ID="P11_ST00298" HPOS="1296" VPOS="4020" WIDTH="162" HEIGHT="81" CONTENT="who" WC="0.95" CC="075"/>
						<SP ID="P11_SP00261" HPOS="1458" VPOS="4120" WIDTH="55"/>
						<String ID="P11_ST00299" HPOS="1513" VPOS="4019" WIDTH="140" HEIGHT="81" CONTENT="had" WC="1.00" CC="000"/>
						<SP ID="P11_SP00262" HPOS="1653" VPOS="4120" WIDTH="49"/>
						<String ID="P11_ST00300" HPOS="1702" VPOS="4019" WIDTH="283" HEIGHT="100" CONTENT="actually" WC="1.00" CC="00330000"/>
					</TextLine>
					<TextLine ID="P11_TL00039" HPOS="113" VPOS="4127" WIDTH="1866" HEIGHT="99">
						<String ID="P11_ST00301" HPOS="113" VPOS="4128" WIDTH="435" HEIGHT="81" CONTENT="transformed" WC="1.00" CC="05030003000"/>
						<SP ID="P11_SP00263" HPOS="548" VPOS="4209" WIDTH="54"/>
						<String ID="P11_ST00302" HPOS="602" VPOS="4127" WIDTH="259" HEIGHT="81" CONTENT="himself" WC="0.99" CC="0600005"/>
						<SP ID="P11_SP00264" HPOS="861" VPOS="4209" WIDTH="53"/>
						<String ID="P11_ST00303" HPOS="914" VPOS="4130" WIDTH="137" HEIGHT="78" CONTENT="into" WC="0.98" CC="4014"/>
						<SP ID="P11_SP00265" HPOS="1051" VPOS="4209" WIDTH="39"/>
						<String ID="P11_ST00304" HPOS="1090" VPOS="4128" WIDTH="114" HEIGHT="79" CONTENT="the" WC="1.00" CC="000"/>
						<SP ID="P11_SP00266" HPOS="1204" VPOS="4209" WIDTH="38"/>
						<String ID="P11_ST00305" HPOS="1242" VPOS="4127" WIDTH="134" HEIGHT="80" CONTENT="real" WC="0.99" CC="2000"/>
						<SP ID="P11_SP00267" HPOS="1376" VPOS="4209" WIDTH="38"/>
						<String ID="P11_ST00306" HPOS="1414" VPOS="4148" WIDTH="141" HEIGHT="59" CONTENT="true" WC="0.99" CC="0030"/>
						<SP ID="P11_SP00268" HPOS="1555" VPOS="4209" WIDTH="38"/>
						<String ID="P11_ST00307" HPOS="1593" VPOS="4160" WIDTH="386" HEIGHT="66" CONTENT="personage." WC="1.00" CC="0000060021"/>
					</TextLine>
					<TextLine ID="P11_TL00040" HPOS="112" VPOS="4232" WIDTH="1871" HEIGHT="101">
						<String ID="P11_ST00308" HPOS="112" VPOS="4232" WIDTH="191" HEIGHT="84" CONTENT="That" WC="1.00" CC="0001"/>
						<SP ID="P11_SP00269" HPOS="303" VPOS="4316" WIDTH="53"/>
						<String ID="P11_ST00309" HPOS="356" VPOS="4234" WIDTH="192" HEIGHT="83" CONTENT="word" WC="1.00" CC="0100"/>
						<SP ID="P11_SP00270" HPOS="548" VPOS="4317" WIDTH="38"/>
						<String ID="P11_ST00310" HPOS="586" VPOS="4268" WIDTH="202" HEIGHT="48" CONTENT="never" WC="0.99" CC="00004"/>
						<SP ID="P11_SP00271" HPOS="788" VPOS="4317" WIDTH="37"/>
						<String ID="P11_ST00311" HPOS="825" VPOS="4237" WIDTH="195" HEIGHT="96" CONTENT="again" WC="0.98" CC="00065"/>
						<SP ID="P11_SP00272" HPOS="1020" VPOS="4333" WIDTH="38"/>
						<String ID="P11_ST00312" HPOS="1058" VPOS="4233" WIDTH="332" HEIGHT="99" CONTENT="changed." WC="1.00" CC="00030004"/>
						<SP ID="P11_SP00273" HPOS="1390" VPOS="4333" WIDTH="94"/>
						<String ID="P11_ST00313" HPOS="1484" VPOS="4232" WIDTH="217" HEIGHT="81" CONTENT="Years" WC="1.00" CC="00040"/>
						<SP ID="P11_SP00274" HPOS="1701" VPOS="4333" WIDTH="39"/>
						<String ID="P11_ST00314" HPOS="1740" VPOS="4232" WIDTH="243" HEIGHT="99" CONTENT="passed" WC="1.00" CC="000000"/>
					</TextLine>
				</TextBlock>
				<TextBlock ID="P11_TB00003" HPOS="2029" VPOS="197" WIDTH="921" HEIGHT="3824" STYLEREFS="TXT_2 PAR_BLOCK">
					<TextLine ID="P11_TL00041" HPOS="2031" VPOS="197" WIDTH="909" HEIGHT="56">
						<String ID="P11_ST00315" HPOS="2031" VPOS="200" WIDTH="74" HEIGHT="42" CONTENT="this" WC="0.94" CC="6767"/>
						<SP ID="P11_SP00275" HPOS="2105" VPOS="242" WIDTH="32"/>
						<String ID="P11_ST00316" HPOS="2137" VPOS="200" WIDTH="94" HEIGHT="43" CONTENT="time" WC="0.96" CC="0666"/>
						<SP ID="P11_SP00276" HPOS="2231" VPOS="243" WIDTH="29"/>
						<String ID="P11_ST00317" HPOS="2260" VPOS="197" WIDTH="240" HEIGHT="56" CONTENT="flourishing," WC="0.99" CC="007543576465"/>
						<SP ID="P11_SP00277" HPOS="2500" VPOS="253" WIDTH="33"/>
						<String ID="P11_ST00318" HPOS="2533" VPOS="198" WIDTH="70" HEIGHT="44" CONTENT="but" WC="0.95" CC="760"/>
						<SP ID="P11_SP00278" HPOS="2603" VPOS="253" WIDTH="47"/>
						<String ID="P11_ST00319" HPOS="2650" VPOS="199" WIDTH="48" HEIGHT="43" CONTENT="its" WC="0.97" CC="107"/>
						<SP ID="P11_SP00279" HPOS="2698" VPOS="253" WIDTH="48"/>
						<String ID="P11_ST00320" HPOS="2746" VPOS="198" WIDTH="194" HEIGHT="45" CONTENT="members" WC="0.97" CC="5797467"/>
					</TextLine>
					<TextLine ID="P11_TL00042" HPOS="2032" VPOS="258" WIDTH="907" HEIGHT="56">
						<String ID="P11_ST00321" HPOS="2032" VPOS="276" WIDTH="106" HEIGHT="28" CONTENT="ware" WC="0.96" CC="5930"/>
						<SP ID="P11_SP00280" HPOS="2138" VPOS="304" WIDTH="15"/>
						<String ID="P11_ST00322" HPOS="2153" VPOS="258" WIDTH="287" HEIGHT="51" CONTENT="discontented," WC="0.99" CC="7400640010174"/>
						<SP ID="P11_SP00281" HPOS="2440" VPOS="309" WIDTH="24"/>
						<String ID="P11_ST00323" HPOS="2464" VPOS="259" WIDTH="167" HEIGHT="44" CONTENT="because" WC="0.99" CC="0015461"/>
						<SP ID="P11_SP00282" HPOS="2631" VPOS="309" WIDTH="22"/>
						<String ID="P11_ST00324" HPOS="2653" VPOS="258" WIDTH="67" HEIGHT="45" CONTENT="the" WC="0.97" CC="061"/>
						<SP ID="P11_SP00283" HPOS="2720" VPOS="309" WIDTH="22"/>
						<String ID="P11_ST00325" HPOS="2742" VPOS="275" WIDTH="197" HEIGHT="39" CONTENT="manager," WC="0.98" CC="25375264"/>
					</TextLine>
					<TextLine ID="P11_TL00043" HPOS="2033" VPOS="318" WIDTH="911" HEIGHT="56">
						<String ID="P11_ST00326" HPOS="2033" VPOS="319" WIDTH="187" HEIGHT="55" CONTENT="Righetti," WC="0.48" CC="065059584"/>
						<SP ID="P11_SP00284" HPOS="2220" VPOS="374" WIDTH="32"/>
						<String ID="P11_ST00327" HPOS="2252" VPOS="320" WIDTH="151" HEIGHT="45" CONTENT="wasted" WC="0.99" CC="300009"/>
						<SP ID="P11_SP00285" HPOS="2403" VPOS="374" WIDTH="33"/>
						<String ID="P11_ST00328" HPOS="2436" VPOS="319" WIDTH="68" HEIGHT="44" CONTENT="the" WC="0.94" CC="970"/>
						<SP ID="P11_SP00286" HPOS="2504" VPOS="374" WIDTH="21"/>
						<String ID="P11_ST00329" HPOS="2525" VPOS="318" WIDTH="134" HEIGHT="56" CONTENT="profits" WC="0.99" CC="0005509"/>
						<SP ID="P11_SP00287" HPOS="2659" VPOS="374" WIDTH="31"/>
						<String ID="P11_ST00330" HPOS="2690" VPOS="330" WIDTH="41" HEIGHT="32" CONTENT="at" WC="0.69" CC="06"/>
						<SP ID="P11_SP00288" HPOS="2731" VPOS="374" WIDTH="30"/>
						<String ID="P11_ST00331" HPOS="2761" VPOS="318" WIDTH="68" HEIGHT="45" CONTENT="the" WC="0.96" CC="404"/>
						<SP ID="P11_SP00289" HPOS="2829" VPOS="374" WIDTH="22"/>
						<String ID="P11_ST00332" HPOS="2851" VPOS="337" WIDTH="70" HEIGHT="27" CONTENT="rou" SUBS_TYPE="HypPart1" SUBS_CONTENT="roulette" WC="0.97" CC="055"/>
						<HYP HPOS="2921" VPOS="337" WIDTH="23" CONTENT="-"/>
					</TextLine>
					<TextLine ID="P11_TL00044" HPOS="2030" VPOS="378" WIDTH="913" HEIGHT="57">
						<String ID="P11_ST00333" HPOS="2030" VPOS="381" WIDTH="99" HEIGHT="43" CONTENT="lette" SUBS_TYPE="HypPart2" SUBS_CONTENT="roulette" WC="0.98" CC="51700"/>
						<SP ID="P11_SP00290" HPOS="2129" VPOS="424" WIDTH="49"/>
						<String ID="P11_ST00334" HPOS="2178" VPOS="380" WIDTH="118" HEIGHT="51" CONTENT="table," WC="0.97" CC="947704"/>
						<SP ID="P11_SP00291" HPOS="2296" VPOS="431" WIDTH="47"/>
						<String ID="P11_ST00335" HPOS="2343" VPOS="381" WIDTH="80" HEIGHT="44" CONTENT="and" WC="0.98" CC="060"/>
						<SP ID="P11_SP00292" HPOS="2423" VPOS="431" WIDTH="42"/>
						<String ID="P11_ST00336" HPOS="2465" VPOS="379" WIDTH="175" HEIGHT="51" CONTENT=".salaries," WC="0.98" CC="7382095684"/>
						<SP ID="P11_SP00293" HPOS="2640" VPOS="431" WIDTH="41"/>
						<String ID="P11_ST00337" HPOS="2681" VPOS="378" WIDTH="80" HEIGHT="45" CONTENT="low" WC="0.98" CC="500"/>
						<SP ID="P11_SP00294" HPOS="2761" VPOS="431" WIDTH="33"/>
						<String ID="P11_ST00338" HPOS="2794" VPOS="381" WIDTH="39" HEIGHT="42" CONTENT="in" WC="0.86" CC="20"/>
						<SP ID="P11_SP00295" HPOS="2833" VPOS="431" WIDTH="31"/>
						<String ID="P11_ST00339" HPOS="2864" VPOS="397" WIDTH="79" HEIGHT="38" CONTENT="any" WC="0.96" CC="505"/>
					</TextLine>
					<TextLine ID="P11_TL00045" HPOS="2032" VPOS="438" WIDTH="918" HEIGHT="58">
						<String ID="P11_ST00340" HPOS="2032" VPOS="458" WIDTH="102" HEIGHT="32" CONTENT="case," WC="0.96" CC="26864"/>
						<SP ID="P11_SP00296" HPOS="2134" VPOS="490" WIDTH="33"/>
						<String ID="P11_ST00341" HPOS="2167" VPOS="458" WIDTH="106" HEIGHT="27" CONTENT="were" WC="0.96" CC="8350"/>
						<SP ID="P11_SP00297" HPOS="2273" VPOS="490" WIDTH="30"/>
						<String ID="P11_ST00342" HPOS="2303" VPOS="440" WIDTH="117" HEIGHT="56" CONTENT="being" WC="0.98" CC="00737"/>
						<SP ID="P11_SP00298" HPOS="2420" VPOS="496" WIDTH="14"/>
						<String ID="P11_ST00343" HPOS="2434" VPOS="438" WIDTH="222" HEIGHT="57" CONTENT="irregularly" WC="0.99" CC="72006270469"/>
						<SP ID="P11_SP00299" HPOS="2656" VPOS="496" WIDTH="20"/>
						<String ID="P11_ST00344" HPOS="2676" VPOS="439" WIDTH="111" HEIGHT="57" CONTENT="paid." WC="0.98" CC="00294"/>
						<SP ID="P11_SP00300" HPOS="2787" VPOS="496" WIDTH="63"/>
						<String ID="P11_ST00345" HPOS="2850" VPOS="439" WIDTH="75" HEIGHT="45" CONTENT="Fer" SUBS_TYPE="HypPart1" SUBS_CONTENT="Ferravilla" WC="0.57" CC="260"/>
						<HYP HPOS="2925" VPOS="439" WIDTH="25" CONTENT="-"/>
					</TextLine>
					<TextLine ID="P11_TL00046" HPOS="2032" VPOS="499" WIDTH="912" HEIGHT="58">
						<String ID="P11_ST00346" HPOS="2032" VPOS="501" WIDTH="136" HEIGHT="44" CONTENT="ravilla" SUBS_TYPE="HypPart2" SUBS_CONTENT="Ferravilla" WC="0.83" CC="0030440"/>
						<SP ID="P11_SP00301" HPOS="2168" VPOS="545" WIDTH="30"/>
						<String ID="P11_ST00347" HPOS="2198" VPOS="501" WIDTH="295" HEIGHT="56" CONTENT="contemplated" WC="0.99" CC="067000860060"/>
						<SP ID="P11_SP00302" HPOS="2493" VPOS="557" WIDTH="32"/>
						<String ID="P11_ST00348" HPOS="2525" VPOS="499" WIDTH="156" HEIGHT="56" CONTENT="making" WC="0.99" CC="005036"/>
						<SP ID="P11_SP00303" HPOS="2681" VPOS="557" WIDTH="35"/>
						<String ID="P11_ST00349" HPOS="2716" VPOS="518" WIDTH="24" HEIGHT="26" CONTENT="a" WC="1.00" CC="0"/>
						<SP ID="P11_SP00304" HPOS="2740" VPOS="557" WIDTH="36"/>
						<String ID="P11_ST00350" HPOS="2776" VPOS="500" WIDTH="168" HEIGHT="56" CONTENT="change," WC="0.98" CC="4705904"/>
					</TextLine>
					<TextLine ID="P11_TL00047" HPOS="2034" VPOS="560" WIDTH="912" HEIGHT="57">
						<String ID="P11_ST00351" HPOS="2034" VPOS="562" WIDTH="70" HEIGHT="43" CONTENT="but" WC="0.93" CC="684"/>
						<SP ID="P11_SP00305" HPOS="2104" VPOS="605" WIDTH="32"/>
						<String ID="P11_ST00352" HPOS="2136" VPOS="560" WIDTH="76" HEIGHT="45" CONTENT="first" WC="0.99" CC="00036"/>
						<SP ID="P11_SP00306" HPOS="2212" VPOS="605" WIDTH="32"/>
						<String ID="P11_ST00353" HPOS="2244" VPOS="562" WIDTH="200" HEIGHT="55" CONTENT="proposed" WC="0.99" CC="00667200"/>
						<SP ID="P11_SP00307" HPOS="2444" VPOS="617" WIDTH="34"/>
						<String ID="P11_ST00354" HPOS="2478" VPOS="572" WIDTH="41" HEIGHT="33" CONTENT="to" WC="0.51" CC="35"/>
						<SP ID="P11_SP00308" HPOS="2519" VPOS="617" WIDTH="34"/>
						<String ID="P11_ST00355" HPOS="2553" VPOS="560" WIDTH="173" HEIGHT="56" CONTENT="Righetti" WC="0.47" CC="57573074"/>
						<SP ID="P11_SP00309" HPOS="2726" VPOS="617" WIDTH="40"/>
						<String ID="P11_ST00356" HPOS="2766" VPOS="562" WIDTH="85" HEIGHT="42" CONTENT="that" WC="1.00" CC="0000"/>
						<SP ID="P11_SP00310" HPOS="2851" VPOS="617" WIDTH="42"/>
						<String ID="P11_ST00357" HPOS="2893" VPOS="562" WIDTH="53" HEIGHT="43" CONTENT="he" WC="0.32" CC="76"/>
					</TextLine>
					<TextLine ID="P11_TL00048" HPOS="2034" VPOS="621" WIDTH="914" HEIGHT="54">
						<String ID="P11_ST00358" HPOS="2034" VPOS="621" WIDTH="136" HEIGHT="45" CONTENT="would" WC="0.98" CC="08230"/>
						<SP ID="P11_SP00311" HPOS="2170" VPOS="666" WIDTH="32"/>
						<String ID="P11_ST00359" HPOS="2202" VPOS="623" WIDTH="148" HEIGHT="43" CONTENT="remain" WC="1.00" CC="000030"/>
						<SP ID="P11_SP00312" HPOS="2350" VPOS="666" WIDTH="30"/>
						<String ID="P11_ST00360" HPOS="2380" VPOS="621" WIDTH="44" HEIGHT="52" CONTENT="if" WC="0.83" CC="20" STYLEREFS="TXT_3"/>
						<SP ID="P11_SP00313" HPOS="2424" VPOS="673" WIDTH="22"/>
						<String ID="P11_ST00361" HPOS="2446" VPOS="621" WIDTH="103" HEIGHT="52" CONTENT="paid" WC="0.96" CC="6253" STYLEREFS="TXT_3"/>
						<SP ID="P11_SP00314" HPOS="2549" VPOS="673" WIDTH="28"/>
						<String ID="P11_ST00362" HPOS="2577" VPOS="637" WIDTH="118" HEIGHT="27" CONTENT="seven" WC="0.96" CC="56664" STYLEREFS="TXT_3"/>
						<SP ID="P11_SP00315" HPOS="2695" VPOS="673" WIDTH="23"/>
						<String ID="P11_ST00363" HPOS="2718" VPOS="621" WIDTH="71" HEIGHT="43" CONTENT="lire" WC="0.98" CC="2007" STYLEREFS="TXT_3"/>
						<SP ID="P11_SP00316" HPOS="2789" VPOS="673" WIDTH="21"/>
						<String ID="P11_ST00364" HPOS="2810" VPOS="638" WIDTH="28" HEIGHT="26" CONTENT="a" WC="1.00" CC="0" STYLEREFS="TXT_3"/>
						<SP ID="P11_SP00317" HPOS="2838" VPOS="673" WIDTH="21"/>
						<String ID="P11_ST00365" HPOS="2859" VPOS="621" WIDTH="89" HEIGHT="54" CONTENT="day" WC="0.96" CC="451" STYLEREFS="TXT_3"/>
					</TextLine>
					<TextLine ID="P11_TL00049" HPOS="2033" VPOS="681" WIDTH="913" HEIGHT="56">
						<String ID="P11_ST00366" HPOS="2033" VPOS="682" WIDTH="162" HEIGHT="43" CONTENT="instead" WC="0.98" CC="0374650" STYLEREFS="TXT_3"/>
						<SP ID="P11_SP00318" HPOS="2195" VPOS="725" WIDTH="28"/>
						<String ID="P11_ST00367" HPOS="2223" VPOS="683" WIDTH="53" HEIGHT="51" CONTENT="of" WC="0.60" CC="51" STYLEREFS="TXT_3"/>
						<SP ID="P11_SP00319" HPOS="2276" VPOS="734" WIDTH="31"/>
						<String ID="P11_ST00368" HPOS="2307" VPOS="682" WIDTH="87" HEIGHT="53" CONTENT="five" WC="0.93" CC="9399" STYLEREFS="TXT_3"/>
						<String ID="P11_ST00369" HPOS="2397" VPOS="716" WIDTH="10" HEIGHT="10" CONTENT="." WC="0.38" CC="6"/>
						<SP ID="P11_SP00320" HPOS="2407" VPOS="735" WIDTH="64"/>
						<String ID="P11_ST00370" HPOS="2471" VPOS="682" WIDTH="114" HEIGHT="43" CONTENT="Hear" WC="0.99" CC="0102"/>
						<SP ID="P11_SP00321" HPOS="2585" VPOS="735" WIDTH="46"/>
						<String ID="P11_ST00371" HPOS="2631" VPOS="682" WIDTH="115" HEIGHT="55" CONTENT="again" WC="0.98" CC="05105"/>
						<SP ID="P11_SP00322" HPOS="2746" VPOS="737" WIDTH="44"/>
						<String ID="P11_ST00372" HPOS="2790" VPOS="681" WIDTH="96" HEIGHT="44" CONTENT="how" WC="0.95" CC="760"/>
						<SP ID="P11_SP00323" HPOS="2886" VPOS="737" WIDTH="31"/>
						<String ID="P11_ST00373" HPOS="2917" VPOS="685" WIDTH="29" HEIGHT="40" CONTENT="it" WC="0.41" CC="19"/>
					</TextLine>
					<TextLine ID="P11_TL00050" HPOS="2032" VPOS="741" WIDTH="917" HEIGHT="58">
						<String ID="P11_ST00374" HPOS="2032" VPOS="744" WIDTH="31" HEIGHT="41" CONTENT="is" WC="0.16" CC="88"/>
						<SP ID="P11_SP00324" HPOS="2063" VPOS="785" WIDTH="31"/>
						<String ID="P11_ST00375" HPOS="2094" VPOS="742" WIDTH="121" HEIGHT="51" CONTENT="done," WC="0.98" CC="03534"/>
						<SP ID="P11_SP00325" HPOS="2215" VPOS="793" WIDTH="31"/>
						<String ID="P11_ST00376" HPOS="2246" VPOS="760" WIDTH="81" HEIGHT="39" CONTENT="you" WC="0.93" CC="865"/>
						<SP ID="P11_SP00326" HPOS="2327" VPOS="799" WIDTH="31"/>
						<String ID="P11_ST00377" HPOS="2358" VPOS="742" WIDTH="259" HEIGHT="44" CONTENT="unbelievers." WC="0.99" CC="166055633024"/>
						<SP ID="P11_SP00327" HPOS="2617" VPOS="799" WIDTH="65"/>
						<String ID="P11_ST00378" HPOS="2682" VPOS="742" WIDTH="77" HEIGHT="44" CONTENT="But" WC="0.95" CC="057"/>
						<SP ID="P11_SP00328" HPOS="2759" VPOS="799" WIDTH="48"/>
						<String ID="P11_ST00379" HPOS="2807" VPOS="741" WIDTH="142" HEIGHT="45" CONTENT="before" WC="0.97" CC="027567"/>
					</TextLine>
					<TextLine ID="P11_TL00051" HPOS="2033" VPOS="801" WIDTH="916" HEIGHT="58">
						<String ID="P11_ST00380" HPOS="2033" VPOS="821" WIDTH="80" HEIGHT="37" CONTENT="you" WC="0.97" CC="700"/>
						<SP ID="P11_SP00329" HPOS="2113" VPOS="858" WIDTH="46"/>
						<String ID="P11_ST00381" HPOS="2159" VPOS="821" WIDTH="75" HEIGHT="26" CONTENT="can" WC="0.98" CC="006"/>
						<SP ID="P11_SP00330" HPOS="2234" VPOS="858" WIDTH="46"/>
						<String ID="P11_ST00382" HPOS="2280" VPOS="804" WIDTH="94" HEIGHT="43" CONTENT="hear" WC="0.98" CC="7040"/>
						<SP ID="P11_SP00331" HPOS="2374" VPOS="858" WIDTH="44"/>
						<String ID="P11_ST00383" HPOS="2418" VPOS="820" WIDTH="81" HEIGHT="39" CONTENT="you" WC="0.99" CC="003"/>
						<SP ID="P11_SP00332" HPOS="2499" VPOS="859" WIDTH="31"/>
						<String ID="P11_ST00384" HPOS="2530" VPOS="802" WIDTH="80" HEIGHT="45" CONTENT="will" WC="0.98" CC="0043"/>
						<SP ID="P11_SP00333" HPOS="2610" VPOS="859" WIDTH="30"/>
						<String ID="P11_ST00385" HPOS="2640" VPOS="802" WIDTH="105" HEIGHT="45" CONTENT="have" WC="0.98" CC="5200"/>
						<SP ID="P11_SP00334" HPOS="2745" VPOS="859" WIDTH="30"/>
						<String ID="P11_ST00386" HPOS="2775" VPOS="813" WIDTH="42" HEIGHT="33" CONTENT="to" WC="1.00" CC="00"/>
						<SP ID="P11_SP00335" HPOS="2817" VPOS="859" WIDTH="39"/>
						<String ID="P11_ST00387" HPOS="2856" VPOS="801" WIDTH="93" HEIGHT="45" CONTENT="take" WC="0.98" CC="0035"/>
					</TextLine>
					<TextLine ID="P11_TL00052" HPOS="2034" VPOS="862" WIDTH="913" HEIGHT="57">
						<String ID="P11_ST00388" HPOS="2034" VPOS="863" WIDTH="67" HEIGHT="45" CONTENT="the" WC="0.96" CC="405"/>
						<SP ID="P11_SP00336" HPOS="2101" VPOS="908" WIDTH="46"/>
						<String ID="P11_ST00389" HPOS="2147" VPOS="863" WIDTH="108" HEIGHT="45" CONTENT="wool" WC="0.98" CC="0601"/>
						<SP ID="P11_SP00337" HPOS="2255" VPOS="908" WIDTH="47"/>
						<String ID="P11_ST00390" HPOS="2302" VPOS="875" WIDTH="68" HEIGHT="33" CONTENT="out" WC="0.96" CC="406"/>
						<SP ID="P11_SP00338" HPOS="2370" VPOS="908" WIDTH="47"/>
						<String ID="P11_ST00391" HPOS="2417" VPOS="863" WIDTH="43" HEIGHT="44" CONTENT="of" WC="0.68" CC="06"/>
						<SP ID="P11_SP00339" HPOS="2460" VPOS="908" WIDTH="45"/>
						<String ID="P11_ST00392" HPOS="2505" VPOS="880" WIDTH="100" HEIGHT="39" CONTENT="your" WC="0.99" CC="0600"/>
						<SP ID="P11_SP00340" HPOS="2605" VPOS="919" WIDTH="31"/>
						<String ID="P11_ST00393" HPOS="2636" VPOS="880" WIDTH="101" HEIGHT="37" CONTENT="ears," WC="0.98" CC="00442"/>
						<SP ID="P11_SP00341" HPOS="2737" VPOS="919" WIDTH="35"/>
						<String ID="P11_ST00394" HPOS="2772" VPOS="862" WIDTH="81" HEIGHT="44" CONTENT="and" WC="0.97" CC="070"/>
						<SP ID="P11_SP00342" HPOS="2853" VPOS="919" WIDTH="32"/>
						<String ID="P11_ST00395" HPOS="2885" VPOS="880" WIDTH="42" HEIGHT="27" CONTENT="se" SUBS_TYPE="HypPart1" SUBS_CONTENT="secondly" WC="0.96" CC="60"/>
						<HYP HPOS="2927" VPOS="880" WIDTH="20" CONTENT="-"/>
					</TextLine>
					<TextLine ID="P11_TL00053" HPOS="2032" VPOS="924" WIDTH="913" HEIGHT="56">
						<String ID="P11_ST00396" HPOS="2032" VPOS="924" WIDTH="148" HEIGHT="55" CONTENT="condly" SUBS_TYPE="HypPart2" SUBS_CONTENT="secondly" WC="1.00" CC="000030"/>
						<SP ID="P11_SP00343" HPOS="2180" VPOS="979" WIDTH="47"/>
						<String ID="P11_ST00397" HPOS="2227" VPOS="942" WIDTH="167" HEIGHT="38" CONTENT="prepare" WC="0.99" CC="0300216"/>
						<SP ID="P11_SP00344" HPOS="2394" VPOS="980" WIDTH="45"/>
						<String ID="P11_ST00398" HPOS="2439" VPOS="941" WIDTH="101" HEIGHT="38" CONTENT="your" WC="0.97" CC="0731"/>
						<SP ID="P11_SP00345" HPOS="2540" VPOS="980" WIDTH="47"/>
						<String ID="P11_ST00399" HPOS="2587" VPOS="941" WIDTH="139" HEIGHT="27" CONTENT="nerves" WC="0.99" CC="405020"/>
						<SP ID="P11_SP00346" HPOS="2726" VPOS="980" WIDTH="47"/>
						<String ID="P11_ST00400" HPOS="2773" VPOS="924" WIDTH="60" HEIGHT="43" CONTENT="for" WC="0.96" CC="730"/>
						<SP ID="P11_SP00347" HPOS="2833" VPOS="980" WIDTH="33"/>
						<String ID="P11_ST00401" HPOS="2866" VPOS="924" WIDTH="79" HEIGHT="43" CONTENT="this" WC="0.96" CC="0776"/>
					</TextLine>
					<TextLine ID="P11_TL00054" HPOS="2034" VPOS="984" WIDTH="913" HEIGHT="55">
						<String ID="P11_ST00402" HPOS="2034" VPOS="984" WIDTH="122" HEIGHT="45" CONTENT="awful" WC="0.99" CC="00700"/>
						<SP ID="P11_SP00348" HPOS="2156" VPOS="1029" WIDTH="30"/>
						<String ID="P11_ST00403" HPOS="2186" VPOS="984" WIDTH="139" HEIGHT="45" CONTENT="shock." WC="0.99" CC="603004"/>
						<SP ID="P11_SP00349" HPOS="2325" VPOS="1029" WIDTH="67"/>
						<String ID="P11_ST00404" HPOS="2392" VPOS="984" WIDTH="99" HEIGHT="44" CONTENT="Five" WC="0.97" CC="4700"/>
						<SP ID="P11_SP00350" HPOS="2491" VPOS="1029" WIDTH="20"/>
						<String ID="P11_ST00405" HPOS="2511" VPOS="984" WIDTH="170" HEIGHT="55" CONTENT="shillings" WC="0.98" CC="205554344"/>
						<SP ID="P11_SP00351" HPOS="2681" VPOS="1039" WIDTH="30"/>
						<String ID="P11_ST00406" HPOS="2711" VPOS="984" WIDTH="62" HEIGHT="44" CONTENT="for" WC="0.98" CC="600"/>
						<SP ID="P11_SP00352" HPOS="2773" VPOS="1039" WIDTH="30"/>
						<String ID="P11_ST00407" HPOS="2803" VPOS="1002" WIDTH="24" HEIGHT="26" CONTENT="a" WC="1.00" CC="0"/>
						<SP ID="P11_SP00353" HPOS="2827" VPOS="1039" WIDTH="32"/>
						<String ID="P11_ST00408" HPOS="2859" VPOS="1002" WIDTH="59" HEIGHT="26" CONTENT="ma" SUBS_TYPE="HypPart1" SUBS_CONTENT="masterpiece" WC="0.96" CC="50"/>
						<HYP HPOS="2918" VPOS="1002" WIDTH="29" CONTENT="-"/>
					</TextLine>
					<TextLine ID="P11_TL00055" HPOS="2032" VPOS="1045" WIDTH="731" HEIGHT="56">
						<String ID="P11_ST00409" HPOS="2032" VPOS="1047" WIDTH="193" HEIGHT="54" CONTENT="sterpiece" SUBS_TYPE="HypPart2" SUBS_CONTENT="masterpiece" WC="0.99" CC="470007626"/>
						<SP ID="P11_SP00354" HPOS="2225" VPOS="1101" WIDTH="18"/>
						<String ID="P11_ST00410" HPOS="2243" VPOS="1050" WIDTH="10" HEIGHT="39" CONTENT="!" WC="0.21" CC="7"/>
						<SP ID="P11_SP00355" HPOS="2253" VPOS="1101" WIDTH="33"/>
						<String ID="P11_ST00411" HPOS="2286" VPOS="1046" WIDTH="91" HEIGHT="43" CONTENT="Can" WC="0.97" CC="007"/>
						<SP ID="P11_SP00356" HPOS="2377" VPOS="1101" WIDTH="30"/>
						<String ID="P11_ST00412" HPOS="2407" VPOS="1063" WIDTH="80" HEIGHT="38" CONTENT="you" WC="0.98" CC="005"/>
						<SP ID="P11_SP00357" HPOS="2487" VPOS="1101" WIDTH="34"/>
						<String ID="P11_ST00413" HPOS="2521" VPOS="1045" WIDTH="86" HEIGHT="44" CONTENT="face" WC="0.98" CC="7020"/>
						<SP ID="P11_SP00358" HPOS="2607" VPOS="1101" WIDTH="34"/>
						<String ID="P11_ST00414" HPOS="2641" VPOS="1046" WIDTH="88" HEIGHT="43" CONTENT="that" WC="0.96" CC="5506" STYLEREFS="TXT_3"/>
						<SP ID="P11_SP00359" HPOS="2729" VPOS="1101" WIDTH="14"/>
						<String ID="P11_ST00415" HPOS="2743" VPOS="1049" WIDTH="20" HEIGHT="39" CONTENT="?" WC="0.34" CC="6" STYLEREFS="TXT_3"/>
					</TextLine>
					<TextLine ID="P11_TL00056" HPOS="2093" VPOS="1105" WIDTH="857" HEIGHT="57">
						<String ID="P11_ST00416" HPOS="2093" VPOS="1106" WIDTH="123" HEIGHT="44" CONTENT="After" WC="0.98" CC="07603"/>
						<SP ID="P11_SP00360" HPOS="2216" VPOS="1150" WIDTH="30"/>
						<String ID="P11_ST00417" HPOS="2246" VPOS="1124" WIDTH="24" HEIGHT="26" CONTENT="a" WC="1.00" CC="0"/>
						<SP ID="P11_SP00361" HPOS="2270" VPOS="1150" WIDTH="31"/>
						<String ID="P11_ST00418" HPOS="2301" VPOS="1106" WIDTH="161" HEIGHT="46" CONTENT="definite" WC="0.99" CC="00006557"/>
						<SP ID="P11_SP00362" HPOS="2462" VPOS="1152" WIDTH="31"/>
						<String ID="P11_ST00419" HPOS="2493" VPOS="1105" WIDTH="154" HEIGHT="49" CONTENT="refusal," WC="0.98" CC="40767013"/>
						<SP ID="P11_SP00363" HPOS="2647" VPOS="1154" WIDTH="34"/>
						<String ID="P11_ST00420" HPOS="2681" VPOS="1105" WIDTH="190" HEIGHT="45" CONTENT="followed" WC="0.99" CC="70604070"/>
						<SP ID="P11_SP00364" HPOS="2871" VPOS="1154" WIDTH="22"/>
						<String ID="P11_ST00421" HPOS="2893" VPOS="1105" WIDTH="57" HEIGHT="57" CONTENT="by" WC="1.00" CC="00"/>
					</TextLine>
					<TextLine ID="P11_TL00057" HPOS="2033" VPOS="1166" WIDTH="917" HEIGHT="55">
						<String ID="P11_ST00422" HPOS="2033" VPOS="1167" WIDTH="266" HEIGHT="54" CONTENT="negociations" WC="0.70" CC="109906001230"/>
						<SP ID="P11_SP00365" HPOS="2299" VPOS="1221" WIDTH="46"/>
						<String ID="P11_ST00423" HPOS="2345" VPOS="1185" WIDTH="53" HEIGHT="26" CONTENT="on" WC="0.81" CC="03"/>
						<SP ID="P11_SP00366" HPOS="2398" VPOS="1221" WIDTH="47"/>
						<String ID="P11_ST00424" HPOS="2445" VPOS="1166" WIDTH="66" HEIGHT="44" CONTENT="the" WC="0.98" CC="060"/>
						<SP ID="P11_SP00367" HPOS="2511" VPOS="1221" WIDTH="47"/>
						<String ID="P11_ST00425" HPOS="2558" VPOS="1178" WIDTH="87" HEIGHT="43" CONTENT="part" WC="0.99" CC="0040"/>
						<SP ID="P11_SP00368" HPOS="2645" VPOS="1221" WIDTH="31"/>
						<String ID="P11_ST00426" HPOS="2676" VPOS="1166" WIDTH="43" HEIGHT="44" CONTENT="of" WC="0.74" CC="04"/>
						<SP ID="P11_SP00369" HPOS="2719" VPOS="1221" WIDTH="31"/>
						<String ID="P11_ST00427" HPOS="2750" VPOS="1167" WIDTH="68" HEIGHT="44" CONTENT="the" WC="0.95" CC="660"/>
						<SP ID="P11_SP00370" HPOS="2818" VPOS="1221" WIDTH="47"/>
						<String ID="P11_ST00428" HPOS="2865" VPOS="1185" WIDTH="85" HEIGHT="26" CONTENT="ma-*" WC="0.95" CC="4746"/>
					</TextLine>
					<TextLine ID="P11_TL00058" HPOS="2033" VPOS="1226" WIDTH="916" HEIGHT="57">
						<String ID="P11_ST00429" HPOS="2033" VPOS="1227" WIDTH="152" HEIGHT="56" CONTENT="nager's" WC="0.68" CC="8004044"/>
						<SP ID="P11_SP00371" HPOS="2185" VPOS="1283" WIDTH="29"/>
						<String ID="P11_ST00430" HPOS="2214" VPOS="1226" WIDTH="159" HEIGHT="51" CONTENT="friends," WC="0.99" CC="00200094"/>
						<SP ID="P11_SP00372" HPOS="2373" VPOS="1283" WIDTH="33"/>
						<String ID="P11_ST00431" HPOS="2406" VPOS="1226" WIDTH="214" HEIGHT="45" CONTENT="Ferravilla" WC="0.84" CC="0003005060"/>
						<SP ID="P11_SP00373" HPOS="2620" VPOS="1283" WIDTH="46"/>
						<String ID="P11_ST00432" HPOS="2666" VPOS="1244" WIDTH="83" HEIGHT="26" CONTENT="was" WC="1.00" CC="000"/>
						<SP ID="P11_SP00374" HPOS="2749" VPOS="1283" WIDTH="45"/>
						<String ID="P11_ST00433" HPOS="2794" VPOS="1226" WIDTH="155" HEIGHT="46" CONTENT="offered" WC="0.98" CC="5571417"/>
					</TextLine>
					<TextLine ID="P11_TL00059" HPOS="2032" VPOS="1287" WIDTH="916" HEIGHT="57">
						<String ID="P11_ST00434" HPOS="2032" VPOS="1289" WIDTH="59" HEIGHT="44" CONTENT="his" WC="0.93" CC="756"/>
						<SP ID="P11_SP00375" HPOS="2091" VPOS="1333" WIDTH="30"/>
						<String ID="P11_ST00435" HPOS="2121" VPOS="1306" WIDTH="121" HEIGHT="26" CONTENT="seven" WC="0.99" CC="06000"/>
						<SP ID="P11_SP00376" HPOS="2242" VPOS="1333" WIDTH="31"/>
						<String ID="P11_ST00436" HPOS="2273" VPOS="1288" WIDTH="68" HEIGHT="45" CONTENT="lire" WC="0.97" CC="5702"/>
						<SP ID="P11_SP00377" HPOS="2341" VPOS="1333" WIDTH="31"/>
						<String ID="P11_ST00437" HPOS="2372" VPOS="1307" WIDTH="23" HEIGHT="24" CONTENT="a" WC="1.00" CC="0"/>
						<SP ID="P11_SP00378" HPOS="2395" VPOS="1333" WIDTH="31"/>
						<String ID="P11_ST00438" HPOS="2426" VPOS="1287" WIDTH="81" HEIGHT="56" CONTENT="day" WC="1.00" CC="000"/>
						<SP ID="P11_SP00379" HPOS="2507" VPOS="1343" WIDTH="31"/>
						<String ID="P11_ST00439" HPOS="2538" VPOS="1287" WIDTH="80" HEIGHT="46" CONTENT="and" WC="0.94" CC="079"/>
						<SP ID="P11_SP00380" HPOS="2618" VPOS="1343" WIDTH="49"/>
						<String ID="P11_ST00440" HPOS="2667" VPOS="1287" WIDTH="68" HEIGHT="45" CONTENT="the" WC="0.98" CC="004"/>
						<SP ID="P11_SP00381" HPOS="2735" VPOS="1343" WIDTH="45"/>
						<String ID="P11_ST00441" HPOS="2780" VPOS="1289" WIDTH="168" HEIGHT="55" CONTENT="receipts" WC="0.99" CC="14404007"/>
					</TextLine>
					<TextLine ID="P11_TL00060" HPOS="2033" VPOS="1347" WIDTH="915" HEIGHT="57">
						<String ID="P11_ST00442" HPOS="2033" VPOS="1349" WIDTH="44" HEIGHT="45" CONTENT="of" WC="0.91" CC="10"/>
						<SP ID="P11_SP00382" HPOS="2077" VPOS="1394" WIDTH="29"/>
						<String ID="P11_ST00443" HPOS="2106" VPOS="1367" WIDTH="78" HEIGHT="27" CONTENT="one" WC="0.96" CC="550"/>
						<SP ID="P11_SP00383" HPOS="2184" VPOS="1394" WIDTH="30"/>
						<String ID="P11_ST00444" HPOS="2214" VPOS="1350" WIDTH="168" HEIGHT="54" CONTENT="evening" WC="0.99" CC="0000007"/>
						<SP ID="P11_SP00384" HPOS="2382" VPOS="1404" WIDTH="30"/>
						<String ID="P11_ST00445" HPOS="2412" VPOS="1367" WIDTH="24" HEIGHT="26" CONTENT="a" WC="1.00" CC="0"/>
						<SP ID="P11_SP00385" HPOS="2436" VPOS="1404" WIDTH="32"/>
						<String ID="P11_ST00446" HPOS="2468" VPOS="1347" WIDTH="150" HEIGHT="51" CONTENT="month," WC="0.98" CC="506034"/>
						<SP ID="P11_SP00386" HPOS="2618" VPOS="1404" WIDTH="33"/>
						<String ID="P11_ST00447" HPOS="2651" VPOS="1349" WIDTH="80" HEIGHT="44" CONTENT="and" WC="0.98" CC="050"/>
						<SP ID="P11_SP00387" HPOS="2731" VPOS="1404" WIDTH="18"/>
						<String ID="P11_ST00448" HPOS="2749" VPOS="1348" WIDTH="66" HEIGHT="44" CONTENT="the" WC="0.97" CC="900"/>
						<SP ID="P11_SP00388" HPOS="2815" VPOS="1404" WIDTH="20"/>
						<String ID="P11_ST00449" HPOS="2835" VPOS="1366" WIDTH="85" HEIGHT="26" CONTENT="com" SUBS_TYPE="HypPart1" SUBS_CONTENT="company" WC="0.97" CC="009"/>
						<HYP HPOS="2920" VPOS="1366" WIDTH="28" CONTENT="-"/>
					</TextLine>
					<TextLine ID="P11_TL00061" HPOS="2032" VPOS="1408" WIDTH="912" HEIGHT="58">
						<String ID="P11_ST00450" HPOS="2032" VPOS="1428" WIDTH="108" HEIGHT="38" CONTENT="pany" SUBS_TYPE="HypPart2" SUBS_CONTENT="company" WC="0.96" CC="0079"/>
						<SP ID="P11_SP00389" HPOS="2140" VPOS="1466" WIDTH="31"/>
						<String ID="P11_ST00451" HPOS="2171" VPOS="1421" WIDTH="108" HEIGHT="33" CONTENT="want" WC="0.97" CC="0770"/>
						<SP ID="P11_SP00390" HPOS="2279" VPOS="1466" WIDTH="47"/>
						<String ID="P11_ST00452" HPOS="2326" VPOS="1428" WIDTH="53" HEIGHT="26" CONTENT="on" WC="0.67" CC="60"/>
						<SP ID="P11_SP00391" HPOS="2379" VPOS="1466" WIDTH="32"/>
						<String ID="P11_ST00453" HPOS="2411" VPOS="1427" WIDTH="42" HEIGHT="25" CONTENT="as" WC="0.68" CC="06"/>
						<SP ID="P11_SP00392" HPOS="2453" VPOS="1466" WIDTH="32"/>
						<String ID="P11_ST00454" HPOS="2485" VPOS="1409" WIDTH="154" HEIGHT="44" CONTENT="before." WC="0.98" CC="6065064"/>
						<SP ID="P11_SP00393" HPOS="2639" VPOS="1466" WIDTH="62"/>
						<String ID="P11_ST00455" HPOS="2701" VPOS="1408" WIDTH="243" HEIGHT="45" CONTENT="Remember" WC="0.99" CC="00375016"/>
					</TextLine>
					<TextLine ID="P11_TL00062" HPOS="2033" VPOS="1468" WIDTH="913" HEIGHT="58">
						<String ID="P11_ST00456" HPOS="2033" VPOS="1471" WIDTH="75" HEIGHT="44" CONTENT="this" WC="0.95" CC="8724"/>
						<SP ID="P11_SP00394" HPOS="2108" VPOS="1515" WIDTH="30"/>
						<String ID="P11_ST00457" HPOS="2138" VPOS="1488" WIDTH="83" HEIGHT="27" CONTENT="was" WC="0.99" CC="003"/>
						<SP ID="P11_SP00395" HPOS="2221" VPOS="1515" WIDTH="30"/>
						<String ID="P11_ST00458" HPOS="2251" VPOS="1489" WIDTH="25" HEIGHT="25" CONTENT="a" WC="1.00" CC="0"/>
						<SP ID="P11_SP00396" HPOS="2276" VPOS="1515" WIDTH="30"/>
						<String ID="P11_ST00459" HPOS="2306" VPOS="1470" WIDTH="275" HEIGHT="56" CONTENT="superlatively" WC="0.99" CC="7300515010628"/>
						<SP ID="P11_SP00397" HPOS="2581" VPOS="1526" WIDTH="32"/>
						<String ID="P11_ST00460" HPOS="2613" VPOS="1468" WIDTH="175" HEIGHT="46" CONTENT="talented" WC="0.99" CC="00600060"/>
						<SP ID="P11_SP00398" HPOS="2788" VPOS="1526" WIDTH="31"/>
						<String ID="P11_ST00461" HPOS="2819" VPOS="1480" WIDTH="127" HEIGHT="38" CONTENT="actor," WC="0.98" CC="100984"/>
					</TextLine>
					<TextLine ID="P11_TL00063" HPOS="2033" VPOS="1528" WIDTH="916" HEIGHT="48">
						<String ID="P11_ST00462" HPOS="2033" VPOS="1543" WIDTH="68" HEIGHT="33" CONTENT="not" WC="0.97" CC="700"/>
						<SP ID="P11_SP00399" HPOS="2101" VPOS="1576" WIDTH="32"/>
						<String ID="P11_ST00463" HPOS="2133" VPOS="1549" WIDTH="78" HEIGHT="26" CONTENT="one" WC="0.97" CC="024"/>
						<SP ID="P11_SP00400" HPOS="2211" VPOS="1576" WIDTH="30"/>
						<String ID="P11_ST00464" HPOS="2241" VPOS="1530" WIDTH="42" HEIGHT="44" CONTENT="of" WC="0.66" CC="24"/>
						<SP ID="P11_SP00401" HPOS="2283" VPOS="1576" WIDTH="32"/>
						<String ID="P11_ST00465" HPOS="2315" VPOS="1532" WIDTH="67" HEIGHT="42" CONTENT="the" WC="1.00" CC="000"/>
						<SP ID="P11_SP00402" HPOS="2382" VPOS="1576" WIDTH="33"/>
						<String ID="P11_ST00466" HPOS="2415" VPOS="1530" WIDTH="95" HEIGHT="44" CONTENT="kind" WC="0.99" CC="0200"/>
						<SP ID="P11_SP00403" HPOS="2510" VPOS="1576" WIDTH="32"/>
						<String ID="P11_ST00467" HPOS="2542" VPOS="1531" WIDTH="95" HEIGHT="43" CONTENT="who" WC="0.97" CC="070"/>
						<SP ID="P11_SP00404" HPOS="2637" VPOS="1576" WIDTH="31"/>
						<String ID="P11_ST00468" HPOS="2668" VPOS="1529" WIDTH="128" HEIGHT="45" CONTENT="refuse" WC="0.98" CC="317660"/>
						<SP ID="P11_SP00405" HPOS="2796" VPOS="1576" WIDTH="21"/>
						<String ID="P11_ST00469" HPOS="2817" VPOS="1528" WIDTH="46" HEIGHT="48" CONTENT="" WC="0.17" CC="8"/>
						<SP ID="P11_SP00406" HPOS="2863" VPOS="1576" WIDTH="24"/>
						<String ID="P11_ST00470" HPOS="2887" VPOS="1529" WIDTH="62" HEIGHT="44" CONTENT="20" WC="0.63" CC="07"/>
					</TextLine>
					<TextLine ID="P11_TL00064" HPOS="2032" VPOS="1590" WIDTH="918" HEIGHT="52">
						<String ID="P11_ST00471" HPOS="2032" VPOS="1609" WIDTH="24" HEIGHT="27" CONTENT="a" WC="1.00" CC="0"/>
						<SP ID="P11_SP00407" HPOS="2056" VPOS="1636" WIDTH="33"/>
						<String ID="P11_ST00472" HPOS="2089" VPOS="1591" WIDTH="127" HEIGHT="51" CONTENT="week," WC="0.98" CC="08004"/>
						<SP ID="P11_SP00408" HPOS="2216" VPOS="1642" WIDTH="34"/>
						<String ID="P11_ST00473" HPOS="2250" VPOS="1591" WIDTH="106" HEIGHT="48" CONTENT="lO" WC="0.48" CC="365"/>
						<SP ID="P11_SP00409" HPOS="2356" VPOS="1642" WIDTH="47"/>
						<String ID="P11_ST00474" HPOS="2403" VPOS="1610" WIDTH="24" HEIGHT="25" CONTENT="a" WC="1.00" CC="0"/>
						<SP ID="P11_SP00410" HPOS="2427" VPOS="1642" WIDTH="45"/>
						<String ID="P11_ST00475" HPOS="2472" VPOS="1590" WIDTH="117" HEIGHT="45" CONTENT="week" WC="1.00" CC="0000"/>
						<SP ID="P11_SP00411" HPOS="2589" VPOS="1642" WIDTH="45"/>
						<String ID="P11_ST00476" HPOS="2634" VPOS="1590" WIDTH="81" HEIGHT="45" CONTENT="and" WC="1.00" CC="000"/>
						<SP ID="P11_SP00412" HPOS="2715" VPOS="1642" WIDTH="46"/>
						<String ID="P11_ST00477" HPOS="2761" VPOS="1590" WIDTH="99" HEIGHT="44" CONTENT="wish" WC="0.96" CC="0567"/>
						<SP ID="P11_SP00413" HPOS="2860" VPOS="1642" WIDTH="46"/>
						<String ID="P11_ST00478" HPOS="2906" VPOS="1602" WIDTH="44" HEIGHT="33" CONTENT="to" WC="0.23" CC="68"/>
					</TextLine>
					<TextLine ID="P11_TL00065" HPOS="2034" VPOS="1653" WIDTH="556" HEIGHT="55">
						<String ID="P11_ST00479" HPOS="2034" VPOS="1653" WIDTH="50" HEIGHT="44" CONTENT="be" WC="0.66" CC="60"/>
						<SP ID="P11_SP00414" HPOS="2084" VPOS="1697" WIDTH="32"/>
						<String ID="P11_ST00480" HPOS="2116" VPOS="1653" WIDTH="165" HEIGHT="55" CONTENT="thought" WC="0.98" CC="6705570"/>
						<SP ID="P11_SP00415" HPOS="2281" VPOS="1708" WIDTH="32"/>
						<String ID="P11_ST00481" HPOS="2313" VPOS="1663" WIDTH="107" HEIGHT="44" CONTENT="great" WC="0.98" CC="90070"/>
						<SP ID="P11_SP00416" HPOS="2420" VPOS="1708" WIDTH="30"/>
						<String ID="P11_ST00482" HPOS="2450" VPOS="1663" WIDTH="140" HEIGHT="33" CONTENT="actors." WC="0.99" CC="5200023"/>
					</TextLine>
					<TextLine ID="P11_TL00066" HPOS="2091" VPOS="1713" WIDTH="854" HEIGHT="55">
						<String ID="P11_ST00483" HPOS="2091" VPOS="1714" WIDTH="147" HEIGHT="44" CONTENT="About" WC="0.98" CC="37100"/>
						<SP ID="P11_SP00417" HPOS="2238" VPOS="1758" WIDTH="46"/>
						<String ID="P11_ST00484" HPOS="2284" VPOS="1713" WIDTH="77" HEIGHT="44" CONTENT="this" WC="0.95" CC="7719"/>
						<SP ID="P11_SP00418" HPOS="2361" VPOS="1758" WIDTH="40"/>
						<String ID="P11_ST00485" HPOS="2401" VPOS="1714" WIDTH="94" HEIGHT="43" CONTENT="time" WC="0.99" CC="0600"/>
						<SP ID="P11_SP00419" HPOS="2495" VPOS="1758" WIDTH="30"/>
						<String ID="P11_ST00486" HPOS="2525" VPOS="1731" WIDTH="24" HEIGHT="26" CONTENT="a" WC="1.00" CC="0"/>
						<SP ID="P11_SP00420" HPOS="2549" VPOS="1758" WIDTH="32"/>
						<String ID="P11_ST00487" HPOS="2581" VPOS="1714" WIDTH="146" HEIGHT="43" CONTENT="certain" WC="0.98" CC="0309066"/>
						<SP ID="P11_SP00421" HPOS="2727" VPOS="1758" WIDTH="50"/>
						<String ID="P11_ST00488" HPOS="2777" VPOS="1713" WIDTH="168" HEIGHT="55" CONTENT="Signora" WC="0.83" CC="0500006"/>
					</TextLine>
					<TextLine ID="P11_TL00067" HPOS="2034" VPOS="1773" WIDTH="910" HEIGHT="57">
						<String ID="P11_ST00489" HPOS="2034" VPOS="1773" WIDTH="174" HEIGHT="50" CONTENT="Pessina," WC="0.63" CC="36760004"/>
						<SP ID="P11_SP00422" HPOS="2208" VPOS="1823" WIDTH="33"/>
						<String ID="P11_ST00490" HPOS="2241" VPOS="1774" WIDTH="207" HEIGHT="56" CONTENT="separated" WC="1.00" CC="200009000"/>
						<SP ID="P11_SP00423" HPOS="2448" VPOS="1830" WIDTH="32"/>
						<String ID="P11_ST00491" HPOS="2480" VPOS="1774" WIDTH="102" HEIGHT="44" CONTENT="from" WC="0.98" CC="0800"/>
						<SP ID="P11_SP00424" HPOS="2582" VPOS="1830" WIDTH="46"/>
						<String ID="P11_ST00492" HPOS="2628" VPOS="1774" WIDTH="70" HEIGHT="44" CONTENT="her" WC="0.98" CC="500"/>
						<SP ID="P11_SP00425" HPOS="2698" VPOS="1830" WIDTH="47"/>
						<String ID="P11_ST00493" HPOS="2745" VPOS="1774" WIDTH="199" HEIGHT="50" CONTENT="hushand," WC="0.73" CC="00600094"/>
					</TextLine>
					<TextLine ID="P11_TL00068" HPOS="2033" VPOS="1834" WIDTH="913" HEIGHT="56">
						<String ID="P11_ST00494" HPOS="2033" VPOS="1835" WIDTH="128" HEIGHT="55" CONTENT="began" WC="0.96" CC="66870"/>
						<SP ID="P11_SP00426" HPOS="2161" VPOS="1890" WIDTH="33"/>
						<String ID="P11_ST00495" HPOS="2194" VPOS="1847" WIDTH="40" HEIGHT="32" CONTENT="to" WC="0.53" CC="09"/>
						<SP ID="P11_SP00427" HPOS="2234" VPOS="1890" WIDTH="31"/>
						<String ID="P11_ST00496" HPOS="2265" VPOS="1835" WIDTH="181" HEIGHT="55" CONTENT="frequent" WC="0.99" CC="00264400"/>
						<SP ID="P11_SP00428" HPOS="2446" VPOS="1890" WIDTH="32"/>
						<String ID="P11_ST00497" HPOS="2478" VPOS="1835" WIDTH="66" HEIGHT="44" CONTENT="the" WC="0.97" CC="070"/>
						<SP ID="P11_SP00429" HPOS="2544" VPOS="1890" WIDTH="31"/>
						<String ID="P11_ST00498" HPOS="2575" VPOS="1834" WIDTH="164" HEIGHT="49" CONTENT="theatre," WC="0.99" CC="50500004"/>
						<SP ID="P11_SP00430" HPOS="2739" VPOS="1890" WIDTH="24"/>
						<String ID="P11_ST00499" HPOS="2763" VPOS="1835" WIDTH="79" HEIGHT="44" CONTENT="and" WC="0.98" CC="060"/>
						<SP ID="P11_SP00431" HPOS="2842" VPOS="1890" WIDTH="20"/>
						<String ID="P11_ST00500" HPOS="2862" VPOS="1834" WIDTH="84" HEIGHT="44" CONTENT="also" WC="0.98" CC="0007"/>
					</TextLine>
					<TextLine ID="P11_TL00069" HPOS="2034" VPOS="1895" WIDTH="914" HEIGHT="45">
						<String ID="P11_ST00501" HPOS="2034" VPOS="1907" WIDTH="40" HEIGHT="33" CONTENT="to" WC="1.00" CC="00"/>
						<SP ID="P11_SP00432" HPOS="2074" VPOS="1940" WIDTH="31"/>
						<String ID="P11_ST00502" HPOS="2105" VPOS="1907" WIDTH="114" HEIGHT="33" CONTENT="attest" WC="0.98" CC="080356"/>
						<SP ID="P11_SP00433" HPOS="2219" VPOS="1940" WIDTH="32"/>
						<String ID="P11_ST00503" HPOS="2251" VPOS="1913" WIDTH="123" HEIGHT="26" CONTENT="warm" WC="0.98" CC="0035"/>
						<SP ID="P11_SP00434" HPOS="2374" VPOS="1940" WIDTH="42"/>
						<String ID="P11_ST00504" HPOS="2416" VPOS="1895" WIDTH="236" HEIGHT="45" CONTENT="admiration" WC="0.99" CC="6000099100"/>
						<SP ID="P11_SP00435" HPOS="2652" VPOS="1940" WIDTH="47"/>
						<String ID="P11_ST00505" HPOS="2699" VPOS="1895" WIDTH="60" HEIGHT="43" CONTENT="for" WC="0.95" CC="750"/>
						<SP ID="P11_SP00436" HPOS="2759" VPOS="1940" WIDTH="48"/>
						<String ID="P11_ST00506" HPOS="2807" VPOS="1895" WIDTH="118" HEIGHT="43" CONTENT="Ferra" SUBS_TYPE="HypPart1" SUBS_CONTENT="Ferravilla" WC="0.63" CC="03147"/>
						<HYP HPOS="2925" VPOS="1895" WIDTH="23" CONTENT="-"/>
					</TextLine>
					<TextLine ID="P11_TL00070" HPOS="2033" VPOS="1955" WIDTH="917" HEIGHT="56">
						<String ID="P11_ST00507" HPOS="2033" VPOS="1956" WIDTH="91" HEIGHT="45" CONTENT="villa" SUBS_TYPE="HypPart2" SUBS_CONTENT="Ferravilla" WC="0.57" CC="07660"/>
						<SP ID="P11_SP00437" HPOS="2124" VPOS="2001" WIDTH="30"/>
						<String ID="P11_ST00508" HPOS="2154" VPOS="1957" WIDTH="167" HEIGHT="51" CONTENT="himself," WC="0.99" CC="06035164"/>
						<SP ID="P11_SP00438" HPOS="2321" VPOS="2008" WIDTH="32"/>
						<String ID="P11_ST00509" HPOS="2353" VPOS="1955" WIDTH="133" HEIGHT="46" CONTENT="which" WC="0.99" CC="00600"/>
						<SP ID="P11_SP00439" HPOS="2486" VPOS="2008" WIDTH="30"/>
						<String ID="P11_ST00510" HPOS="2516" VPOS="1974" WIDTH="99" HEIGHT="26" CONTENT="soon" WC="0.98" CC="2050"/>
						<SP ID="P11_SP00440" HPOS="2615" VPOS="2008" WIDTH="31"/>
						<String ID="P11_ST00511" HPOS="2646" VPOS="1955" WIDTH="154" HEIGHT="56" CONTENT="proved" WC="1.00" CC="000050"/>
						<SP ID="P11_SP00441" HPOS="2800" VPOS="2011" WIDTH="32"/>
						<String ID="P11_ST00512" HPOS="2832" VPOS="1968" WIDTH="42" HEIGHT="31" CONTENT="to" WC="0.46" CC="64"/>
						<SP ID="P11_SP00442" HPOS="2874" VPOS="2011" WIDTH="21"/>
						<String ID="P11_ST00513" HPOS="2895" VPOS="1955" WIDTH="55" HEIGHT="46" CONTENT="be" WC="0.30" CC="66"/>
					</TextLine>
					<TextLine ID="P11_TL00071" HPOS="2033" VPOS="2015" WIDTH="914" HEIGHT="59">
						<String ID="P11_ST00514" HPOS="2033" VPOS="2018" WIDTH="67" HEIGHT="43" CONTENT="the" WC="0.97" CC="070"/>
						<SP ID="P11_SP00443" HPOS="2100" VPOS="2061" WIDTH="31"/>
						<String ID="P11_ST00515" HPOS="2131" VPOS="2016" WIDTH="166" HEIGHT="58" CONTENT="prelude" WC="0.99" CC="0305400"/>
						<SP ID="P11_SP00444" HPOS="2297" VPOS="2074" WIDTH="30"/>
						<String ID="P11_ST00516" HPOS="2327" VPOS="2029" WIDTH="43" HEIGHT="31" CONTENT="to" WC="1.00" CC="00"/>
						<SP ID="P11_SP00445" HPOS="2370" VPOS="2074" WIDTH="31"/>
						<String ID="P11_ST00517" HPOS="2401" VPOS="2018" WIDTH="144" HEIGHT="54" CONTENT="getting" WC="1.00" CC="0000200"/>
						<SP ID="P11_SP00446" HPOS="2545" VPOS="2074" WIDTH="33"/>
						<String ID="P11_ST00518" HPOS="2578" VPOS="2016" WIDTH="141" HEIGHT="44" CONTENT="herself" WC="0.98" CC="7008014"/>
						<SP ID="P11_SP00447" HPOS="2719" VPOS="2074" WIDTH="30"/>
						<String ID="P11_ST00519" HPOS="2749" VPOS="2015" WIDTH="198" HEIGHT="45" CONTENT="admitted" WC="0.99" CC="00030009"/>
					</TextLine>
					<TextLine ID="P11_TL00072" HPOS="2031" VPOS="2076" WIDTH="915" HEIGHT="58">
						<String ID="P11_ST00520" HPOS="2031" VPOS="2080" WIDTH="83" HEIGHT="42" CONTENT="into" WC="0.98" CC="1700"/>
						<SP ID="P11_SP00448" HPOS="2114" VPOS="2122" WIDTH="52"/>
						<String ID="P11_ST00521" HPOS="2166" VPOS="2079" WIDTH="68" HEIGHT="43" CONTENT="the" WC="1.00" CC="000"/>
						<SP ID="P11_SP00449" HPOS="2234" VPOS="2122" WIDTH="45"/>
						<String ID="P11_ST00522" HPOS="2279" VPOS="2095" WIDTH="213" HEIGHT="39" CONTENT="company," WC="0.99" CC="00002084"/>
						<SP ID="P11_SP00450" HPOS="2492" VPOS="2134" WIDTH="50"/>
						<String ID="P11_ST00523" HPOS="2542" VPOS="2077" WIDTH="208" HEIGHT="56" CONTENT="becoming" WC="0.99" CC="60000269"/>
						<SP ID="P11_SP00451" HPOS="2750" VPOS="2134" WIDTH="46"/>
						<String ID="P11_ST00524" HPOS="2796" VPOS="2076" WIDTH="150" HEIGHT="45" CONTENT="known" WC="0.99" CC="00007"/>
					</TextLine>
					<TextLine ID="P11_TL00073" HPOS="2033" VPOS="2137" WIDTH="915" HEIGHT="57">
						<String ID="P11_ST00525" HPOS="2033" VPOS="2156" WIDTH="108" HEIGHT="38" CONTENT="upon" WC="0.98" CC="3040"/>
						<SP ID="P11_SP00452" HPOS="2141" VPOS="2194" WIDTH="19"/>
						<String ID="P11_ST00526" HPOS="2160" VPOS="2139" WIDTH="69" HEIGHT="44" CONTENT="the" WC="0.93" CC="575"/>
						<SP ID="P11_SP00453" HPOS="2229" VPOS="2194" WIDTH="21"/>
						<String ID="P11_ST00527" HPOS="2250" VPOS="2150" WIDTH="107" HEIGHT="44" CONTENT="stage" WC="0.98" CC="00095"/>
						<SP ID="P11_SP00454" HPOS="2357" VPOS="2194" WIDTH="21"/>
						<String ID="P11_ST00528" HPOS="2378" VPOS="2156" WIDTH="42" HEIGHT="26" CONTENT="as" WC="0.93" CC="10"/>
						<SP ID="P11_SP00455" HPOS="2420" VPOS="2194" WIDTH="22"/>
						<String ID="P11_ST00529" HPOS="2442" VPOS="2138" WIDTH="143" HEIGHT="44" CONTENT="Emma" WC="0.99" CC="5000"/>
						<SP ID="P11_SP00456" HPOS="2585" VPOS="2194" WIDTH="23"/>
						<String ID="P11_ST00530" HPOS="2608" VPOS="2138" WIDTH="111" HEIGHT="45" CONTENT="Ivon." WC="0.52" CC="70637"/>
						<SP ID="P11_SP00457" HPOS="2719" VPOS="2194" WIDTH="34"/>
						<String ID="P11_ST00531" HPOS="2753" VPOS="2137" WIDTH="47" HEIGHT="45" CONTENT="A" WC="1.00" CC="0"/>
						<SP ID="P11_SP00458" HPOS="2800" VPOS="2194" WIDTH="22"/>
						<String ID="P11_ST00532" HPOS="2822" VPOS="2137" WIDTH="101" HEIGHT="45" CONTENT="beau" SUBS_TYPE="HypPart1" SUBS_CONTENT="beautiful" WC="0.98" CC="6006"/>
						<HYP HPOS="2923" VPOS="2137" WIDTH="25" CONTENT="-"/>
					</TextLine>
					<TextLine ID="P11_TL00074" HPOS="2032" VPOS="2198" WIDTH="917" HEIGHT="57">
						<String ID="P11_ST00533" HPOS="2032" VPOS="2199" WIDTH="85" HEIGHT="45" CONTENT="tiful" SUBS_TYPE="HypPart2" SUBS_CONTENT="beautiful" WC="0.96" CC="74747"/>
						<SP ID="P11_SP00459" HPOS="2117" VPOS="2244" WIDTH="16"/>
						<String ID="P11_ST00534" HPOS="2133" VPOS="2217" WIDTH="173" HEIGHT="32" CONTENT="woman," WC="0.99" CC="060052"/>
						<SP ID="P11_SP00460" HPOS="2306" VPOS="2249" WIDTH="33"/>
						<String ID="P11_ST00535" HPOS="2339" VPOS="2198" WIDTH="97" HEIGHT="46" CONTENT="with" WC="0.97" CC="0507"/>
						<SP ID="P11_SP00461" HPOS="2436" VPOS="2249" WIDTH="31"/>
						<String ID="P11_ST00536" HPOS="2467" VPOS="2199" WIDTH="89" HEIGHT="56" CONTENT="gifts" WC="0.95" CC="96786"/>
						<SP ID="P11_SP00462" HPOS="2556" VPOS="2255" WIDTH="30"/>
						<String ID="P11_ST00537" HPOS="2586" VPOS="2199" WIDTH="135" HEIGHT="44" CONTENT="which" WC="0.96" CC="97640"/>
						<SP ID="P11_SP00463" HPOS="2721" VPOS="2255" WIDTH="31"/>
						<String ID="P11_ST00538" HPOS="2752" VPOS="2215" WIDTH="94" HEIGHT="27" CONTENT="won" WC="1.00" CC="000"/>
						<SP ID="P11_SP00464" HPOS="2846" VPOS="2255" WIDTH="32"/>
						<String ID="P11_ST00539" HPOS="2878" VPOS="2198" WIDTH="71" HEIGHT="43" CONTENT="her" WC="0.98" CC="005"/>
					</TextLine>
					<TextLine ID="P11_TL00075" HPOS="2032" VPOS="2258" WIDTH="918" HEIGHT="58">
						<String ID="P11_ST00540" HPOS="2032" VPOS="2260" WIDTH="140" HEIGHT="44" CONTENT="favour" WC="0.98" CC="740650"/>
						<SP ID="P11_SP00465" HPOS="2172" VPOS="2304" WIDTH="43"/>
						<String ID="P11_ST00541" HPOS="2215" VPOS="2260" WIDTH="96" HEIGHT="43" CONTENT="with" WC="0.97" CC="0670"/>
						<SP ID="P11_SP00466" HPOS="2311" VPOS="2304" WIDTH="33"/>
						<String ID="P11_ST00542" HPOS="2344" VPOS="2261" WIDTH="66" HEIGHT="42" CONTENT="the" WC="0.95" CC="607"/>
						<SP ID="P11_SP00467" HPOS="2410" VPOS="2304" WIDTH="31"/>
						<String ID="P11_ST00543" HPOS="2441" VPOS="2259" WIDTH="147" HEIGHT="57" CONTENT="public," WC="0.98" CC="0654504"/>
						<SP ID="P11_SP00468" HPOS="2588" VPOS="2316" WIDTH="34"/>
						<String ID="P11_ST00544" HPOS="2622" VPOS="2260" WIDTH="69" HEIGHT="43" CONTENT="her" WC="0.97" CC="700"/>
						<SP ID="P11_SP00469" HPOS="2691" VPOS="2316" WIDTH="39"/>
						<String ID="P11_ST00545" HPOS="2730" VPOS="2258" WIDTH="220" HEIGHT="56" CONTENT="friendship" WC="0.98" CC="7075600769"/>
					</TextLine>
					<TextLine ID="P11_TL00076" HPOS="2034" VPOS="2319" WIDTH="912" HEIGHT="47">
						<String ID="P11_ST00546" HPOS="2034" VPOS="2321" WIDTH="96" HEIGHT="45" CONTENT="with" WC="1.00" CC="0200"/>
						<SP ID="P11_SP00470" HPOS="2130" VPOS="2366" WIDTH="19"/>
						<String ID="P11_ST00547" HPOS="2149" VPOS="2321" WIDTH="210" HEIGHT="45" CONTENT="Ferravilla" WC="0.88" CC="0100002800"/>
						<SP ID="P11_SP00471" HPOS="2359" VPOS="2366" WIDTH="19"/>
						<String ID="P11_ST00548" HPOS="2378" VPOS="2321" WIDTH="214" HEIGHT="45" CONTENT="continued" WC="1.00" CC="000005400"/>
						<SP ID="P11_SP00472" HPOS="2592" VPOS="2366" WIDTH="22"/>
						<String ID="P11_ST00549" HPOS="2614" VPOS="2320" WIDTH="97" HEIGHT="44" CONTENT="until" WC="0.99" CC="02026"/>
						<SP ID="P11_SP00473" HPOS="2711" VPOS="2366" WIDTH="22"/>
						<String ID="P11_ST00550" HPOS="2733" VPOS="2321" WIDTH="70" HEIGHT="43" CONTENT="her" WC="1.00" CC="000"/>
						<SP ID="P11_SP00474" HPOS="2803" VPOS="2366" WIDTH="20"/>
						<String ID="P11_ST00551" HPOS="2823" VPOS="2319" WIDTH="123" HEIGHT="45" CONTENT="death" WC="0.98" CC="00097"/>
					</TextLine>
					<TextLine ID="P11_TL00077" HPOS="2030" VPOS="2381" WIDTH="278" HEIGHT="46">
						<String ID="P11_ST00552" HPOS="2030" VPOS="2383" WIDTH="41" HEIGHT="44" CONTENT="in" WC="0.62" CC="70"/>
						<SP ID="P11_SP00475" HPOS="2071" VPOS="2427" WIDTH="40"/>
						<String ID="P11_ST00553" HPOS="2111" VPOS="2381" WIDTH="125" HEIGHT="46" CONTENT="1899." WC="0.59" CC="66204"/>
						<SP ID="P11_SP00476" HPOS="2236" VPOS="2427" WIDTH="61"/>
						<String ID="P11_ST00554" HPOS="2297" VPOS="2394" WIDTH="11" HEIGHT="7" CONTENT="'" WC="0.54" CC="4"/>
					</TextLine>
					<TextLine ID="P11_TL00078" HPOS="2094" VPOS="2441" WIDTH="854" HEIGHT="59">
						<String ID="P11_ST00555" HPOS="2094" VPOS="2442" WIDTH="168" HEIGHT="45" CONTENT="Matters" WC="1.00" CC="1000003"/>
						<SP ID="P11_SP00477" HPOS="2262" VPOS="2487" WIDTH="29"/>
						<String ID="P11_ST00556" HPOS="2291" VPOS="2443" WIDTH="97" HEIGHT="45" CONTENT="with" WC="0.97" CC="0560"/>
						<SP ID="P11_SP00478" HPOS="2388" VPOS="2488" WIDTH="32"/>
						<String ID="P11_ST00557" HPOS="2420" VPOS="2443" WIDTH="67" HEIGHT="43" CONTENT="the" WC="0.99" CC="003"/>
						<SP ID="P11_SP00479" HPOS="2487" VPOS="2488" WIDTH="31"/>
						<String ID="P11_ST00558" HPOS="2518" VPOS="2441" WIDTH="175" HEIGHT="56" CONTENT="Righetti" WC="0.49" CC="07907626"/>
						<SP ID="P11_SP00480" HPOS="2693" VPOS="2497" WIDTH="39"/>
						<String ID="P11_ST00559" HPOS="2732" VPOS="2443" WIDTH="216" HEIGHT="57" CONTENT="Company" WC="0.99" CC="0010009"/>
					</TextLine>
					<TextLine ID="P11_TL00079" HPOS="2032" VPOS="2503" WIDTH="914" HEIGHT="56">
						<String ID="P11_ST00560" HPOS="2032" VPOS="2521" WIDTH="106" HEIGHT="26" CONTENT="were" WC="0.97" CC="0075"/>
						<SP ID="P11_SP00481" HPOS="2138" VPOS="2547" WIDTH="31"/>
						<String ID="P11_ST00561" HPOS="2169" VPOS="2503" WIDTH="74" HEIGHT="45" CONTENT="still" WC="0.98" CC="20560"/>
						<SP ID="P11_SP00482" HPOS="2243" VPOS="2548" WIDTH="30"/>
						<String ID="P11_ST00562" HPOS="2273" VPOS="2503" WIDTH="309" HEIGHT="56" CONTENT="unsatisfactory," WC="1.00" CC="400002370000604"/>
						<SP ID="P11_SP00483" HPOS="2582" VPOS="2559" WIDTH="34"/>
						<String ID="P11_ST00563" HPOS="2616" VPOS="2503" WIDTH="81" HEIGHT="44" CONTENT="and" WC="1.00" CC="000"/>
						<SP ID="P11_SP00484" HPOS="2697" VPOS="2559" WIDTH="31"/>
						<String ID="P11_ST00564" HPOS="2728" VPOS="2504" WIDTH="71" HEIGHT="45" CONTENT="the" WC="0.97" CC="006"/>
						<SP ID="P11_SP00485" HPOS="2799" VPOS="2559" WIDTH="40"/>
						<String ID="P11_ST00565" HPOS="2839" VPOS="2505" WIDTH="86" HEIGHT="54" CONTENT="prin" SUBS_TYPE="HypPart1" SUBS_CONTENT="principal" WC="0.97" CC="0467"/>
						<HYP HPOS="2925" VPOS="2505" WIDTH="21" CONTENT="-"/>
					</TextLine>
					<TextLine ID="P11_TL00080" HPOS="2032" VPOS="2564" WIDTH="914" HEIGHT="56">
						<String ID="P11_ST00566" HPOS="2032" VPOS="2564" WIDTH="103" HEIGHT="56" CONTENT="cipal" SUBS_TYPE="HypPart2" SUBS_CONTENT="principal" WC="0.98" CC="07045"/>
						<SP ID="P11_SP00486" HPOS="2135" VPOS="2620" WIDTH="31"/>
						<String ID="P11_ST00567" HPOS="2166" VPOS="2564" WIDTH="153" HEIGHT="56" CONTENT="players" WC="0.98" CC="0509007"/>
						<SP ID="P11_SP00487" HPOS="2319" VPOS="2620" WIDTH="32"/>
						<String ID="P11_ST00568" HPOS="2351" VPOS="2575" WIDTH="38" HEIGHT="33" CONTENT="at" WC="0.67" CC="06"/>
						<SP ID="P11_SP00488" HPOS="2389" VPOS="2620" WIDTH="31"/>
						<String ID="P11_ST00569" HPOS="2420" VPOS="2564" WIDTH="73" HEIGHT="44" CONTENT="last" WC="0.95" CC="5636"/>
						<SP ID="P11_SP00489" HPOS="2493" VPOS="2620" WIDTH="30"/>
						<String ID="P11_ST00570" HPOS="2523" VPOS="2564" WIDTH="137" HEIGHT="44" CONTENT="united" WC="0.98" CC="376060"/>
						<SP ID="P11_SP00490" HPOS="2660" VPOS="2620" WIDTH="32"/>
						<String ID="P11_ST00571" HPOS="2692" VPOS="2564" WIDTH="177" HEIGHT="56" CONTENT="together" WC="0.98" CC="64536003"/>
						<SP ID="P11_SP00491" HPOS="2869" VPOS="2620" WIDTH="31"/>
						<String ID="P11_ST00572" HPOS="2900" VPOS="2576" WIDTH="46" HEIGHT="34" CONTENT="to" WC="0.19" CC="78"/>
					</TextLine>
					<TextLine ID="P11_TL00081" HPOS="2032" VPOS="2625" WIDTH="435" HEIGHT="56">
						<String ID="P11_ST00573" HPOS="2032" VPOS="2625" WIDTH="183" HEIGHT="45" CONTENT="consider" WC="1.00" CC="00091000"/>
						<SP ID="P11_SP00492" HPOS="2215" VPOS="2670" WIDTH="31"/>
						<String ID="P11_ST00574" HPOS="2246" VPOS="2644" WIDTH="25" HEIGHT="25" CONTENT="a" WC="0.37" CC="6"/>
						<SP ID="P11_SP00493" HPOS="2271" VPOS="2670" WIDTH="29"/>
						<String ID="P11_ST00575" HPOS="2300" VPOS="2625" WIDTH="167" HEIGHT="56" CONTENT="change." WC="0.99" CC="0040460"/>
					</TextLine>
					<TextLine ID="P11_TL00082" HPOS="2095" VPOS="2685" WIDTH="854" HEIGHT="56">
						<String ID="P11_ST00576" HPOS="2095" VPOS="2686" WIDTH="33" HEIGHT="44" CONTENT="It" WC="0.45" CC="73"/>
						<SP ID="P11_SP00494" HPOS="2128" VPOS="2730" WIDTH="31"/>
						<String ID="P11_ST00577" HPOS="2159" VPOS="2704" WIDTH="83" HEIGHT="26" CONTENT="was" WC="0.99" CC="002"/>
						<SP ID="P11_SP00495" HPOS="2242" VPOS="2730" WIDTH="30"/>
						<String ID="P11_ST00578" HPOS="2272" VPOS="2697" WIDTH="40" HEIGHT="34" CONTENT="at" WC="0.76" CC="04"/>
						<SP ID="P11_SP00496" HPOS="2312" VPOS="2731" WIDTH="32"/>
						<String ID="P11_ST00579" HPOS="2344" VPOS="2686" WIDTH="74" HEIGHT="44" CONTENT="this" WC="0.98" CC="6030"/>
						<SP ID="P11_SP00497" HPOS="2418" VPOS="2731" WIDTH="31"/>
						<String ID="P11_ST00580" HPOS="2449" VPOS="2688" WIDTH="94" HEIGHT="42" CONTENT="time" WC="0.97" CC="0850"/>
						<SP ID="P11_SP00498" HPOS="2543" VPOS="2731" WIDTH="30"/>
						<String ID="P11_ST00581" HPOS="2573" VPOS="2685" WIDTH="86" HEIGHT="45" CONTENT="that" WC="1.00" CC="0000"/>
						<SP ID="P11_SP00499" HPOS="2659" VPOS="2731" WIDTH="31"/>
						<String ID="P11_ST00582" HPOS="2690" VPOS="2685" WIDTH="143" HEIGHT="56" CONTENT="Signor" WC="0.39" CC="069666"/>
						<SP ID="P11_SP00500" HPOS="2833" VPOS="2741" WIDTH="29"/>
						<String ID="P11_ST00583" HPOS="2862" VPOS="2685" WIDTH="58" HEIGHT="45" CONTENT="Ta" SUBS_TYPE="HypPart1" SUBS_CONTENT="Talamoni," WC="0.70" CC="04"/>
						<HYP HPOS="2920" VPOS="2685" WIDTH="29" CONTENT="-"/>
					</TextLine>
					<TextLine ID="P11_TL00083" HPOS="2038" VPOS="2745" WIDTH="912" HEIGHT="52">
						<String ID="P11_ST00584" HPOS="2038" VPOS="2745" WIDTH="160" HEIGHT="52" CONTENT="lamoni," SUBS_TYPE="HypPart2" SUBS_CONTENT="Talamoni," WC="0.59" CC="2760073"/>
						<SP ID="P11_SP00501" HPOS="2198" VPOS="2797" WIDTH="34"/>
						<String ID="P11_ST00585" HPOS="2232" VPOS="2747" WIDTH="170" HEIGHT="45" CONTENT="director" WC="1.00" CC="03000000"/>
						<SP ID="P11_SP00502" HPOS="2402" VPOS="2797" WIDTH="30"/>
						<String ID="P11_ST00586" HPOS="2432" VPOS="2746" WIDTH="44" HEIGHT="45" CONTENT="of" WC="0.57" CC="34"/>
						<SP ID="P11_SP00503" HPOS="2476" VPOS="2797" WIDTH="38"/>
						<String ID="P11_ST00587" HPOS="2514" VPOS="2747" WIDTH="67" HEIGHT="44" CONTENT="the" WC="1.00" CC="000"/>
						<SP ID="P11_SP00504" HPOS="2581" VPOS="2797" WIDTH="44"/>
						<String ID="P11_ST00588" HPOS="2625" VPOS="2745" WIDTH="80" HEIGHT="46" CONTENT="first" WC="0.99" CC="00007"/>
						<SP ID="P11_SP00505" HPOS="2705" VPOS="2797" WIDTH="46"/>
						<String ID="P11_ST00589" HPOS="2751" VPOS="2746" WIDTH="199" HEIGHT="45" CONTENT="Milanese" WC="0.99" CC="40507053"/>
					</TextLine>
					<TextLine ID="P11_TL00084" HPOS="2033" VPOS="2807" WIDTH="915" HEIGHT="57">
						<String ID="P11_ST00590" HPOS="2033" VPOS="2808" WIDTH="227" HEIGHT="56" CONTENT="Company," WC="0.99" CC="06000594"/>
						<SP ID="P11_SP00506" HPOS="2260" VPOS="2864" WIDTH="33"/>
						<String ID="P11_ST00591" HPOS="2293" VPOS="2807" WIDTH="199" HEIGHT="57" CONTENT="proposed" WC="0.99" CC="04554010"/>
						<SP ID="P11_SP00507" HPOS="2492" VPOS="2864" WIDTH="30"/>
						<String ID="P11_ST00592" HPOS="2522" VPOS="2808" WIDTH="250" HEIGHT="55" CONTENT="constituting" WC="0.99" CC="000000959000"/>
						<SP ID="P11_SP00508" HPOS="2772" VPOS="2864" WIDTH="30"/>
						<String ID="P11_ST00593" HPOS="2802" VPOS="2825" WIDTH="24" HEIGHT="26" CONTENT="a" WC="1.00" CC="0"/>
						<SP ID="P11_SP00509" HPOS="2826" VPOS="2864" WIDTH="24"/>
						<String ID="P11_ST00594" HPOS="2850" VPOS="2807" WIDTH="74" HEIGHT="44" CONTENT="Fer" SUBS_TYPE="HypPart1" SUBS_CONTENT="Ferravilla-Sbodio-Giraud" WC="0.82" CC="020"/>
						<HYP HPOS="2924" VPOS="2807" WIDTH="24" CONTENT="-"/>
					</TextLine>
					<TextLine ID="P11_TL00085" HPOS="2032" VPOS="2867" WIDTH="917" HEIGHT="57">
						<String ID="P11_ST00595" HPOS="2032" VPOS="2868" WIDTH="494" HEIGHT="46" CONTENT="ravilla-Sbodio-Giraud" SUBS_TYPE="HypPart2" SUBS_CONTENT="Ferravilla-Sbodio-Giraud" WC="0.72" CC="740714050020606460000"/>
						<SP ID="P11_SP00510" HPOS="2526" VPOS="2914" WIDTH="16"/>
						<String ID="P11_ST00596" HPOS="2542" VPOS="2886" WIDTH="197" HEIGHT="38" CONTENT="company" WC="0.99" CC="0000900"/>
						<SP ID="P11_SP00511" HPOS="2739" VPOS="2924" WIDTH="15"/>
						<String ID="P11_ST00597" HPOS="2754" VPOS="2867" WIDTH="44" HEIGHT="45" CONTENT="of" WC="0.63" CC="07"/>
						<SP ID="P11_SP00512" HPOS="2798" VPOS="2924" WIDTH="15"/>
						<String ID="P11_ST00598" HPOS="2813" VPOS="2869" WIDTH="136" HEIGHT="43" CONTENT="which" WC="0.98" CC="00706"/>
					</TextLine>
					<TextLine ID="P11_TL00086" HPOS="2034" VPOS="2929" WIDTH="910" HEIGHT="45">
						<String ID="P11_ST00599" HPOS="2034" VPOS="2931" WIDTH="50" HEIGHT="43" CONTENT="he" WC="1.00" CC="00"/>
						<SP ID="P11_SP00513" HPOS="2084" VPOS="2974" WIDTH="30"/>
						<String ID="P11_ST00600" HPOS="2114" VPOS="2929" WIDTH="146" HEIGHT="45" CONTENT="should" WC="1.00" CC="000400"/>
						<SP ID="P11_SP00514" HPOS="2260" VPOS="2974" WIDTH="31"/>
						<String ID="P11_ST00601" HPOS="2291" VPOS="2930" WIDTH="52" HEIGHT="43" CONTENT="be" WC="0.66" CC="60"/>
						<SP ID="P11_SP00515" HPOS="2343" VPOS="2974" WIDTH="32"/>
						<String ID="P11_ST00602" HPOS="2375" VPOS="2929" WIDTH="304" HEIGHT="44" CONTENT="administrator." WC="1.00" CC="00903109000000"/>
						<SP ID="P11_SP00516" HPOS="2679" VPOS="2974" WIDTH="64"/>
						<String ID="P11_ST00603" HPOS="2743" VPOS="2929" WIDTH="70" HEIGHT="44" CONTENT="He" WC="1.00" CC="00"/>
						<SP ID="P11_SP00517" HPOS="2813" VPOS="2974" WIDTH="46"/>
						<String ID="P11_ST00604" HPOS="2859" VPOS="2946" WIDTH="85" HEIGHT="27" CONTENT="was" WC="0.98" CC="006"/>
					</TextLine>
					<TextLine ID="P11_TL00087" HPOS="2032" VPOS="2990" WIDTH="917" HEIGHT="56">
						<String ID="P11_ST00605" HPOS="2032" VPOS="3003" WIDTH="42" HEIGHT="32" CONTENT="to" WC="0.63" CC="33"/>
						<SP ID="P11_SP00518" HPOS="2074" VPOS="3035" WIDTH="61"/>
						<String ID="P11_ST00606" HPOS="2135" VPOS="2991" WIDTH="169" HEIGHT="55" CONTENT="provide" WC="0.99" CC="0040501"/>
						<SP ID="P11_SP00519" HPOS="2304" VPOS="3046" WIDTH="56"/>
						<String ID="P11_ST00607" HPOS="2360" VPOS="3008" WIDTH="175" HEIGHT="38" CONTENT="scenery," WC="0.98" CC="00770594"/>
						<SP ID="P11_SP00520" HPOS="2535" VPOS="3046" WIDTH="58"/>
						<String ID="P11_ST00608" HPOS="2593" VPOS="2991" WIDTH="216" HEIGHT="55" CONTENT="properties" WC="0.99" CC="0050356617"/>
						<SP ID="P11_SP00521" HPOS="2809" VPOS="3046" WIDTH="57"/>
						<String ID="P11_ST00609" HPOS="2866" VPOS="2990" WIDTH="83" HEIGHT="44" CONTENT="and" WC="0.96" CC="009"/>
					</TextLine>
					<TextLine ID="P11_TL00088" HPOS="2032" VPOS="3049" WIDTH="916" HEIGHT="52">
						<String ID="P11_ST00610" HPOS="2032" VPOS="3052" WIDTH="113" HEIGHT="44" CONTENT="other" WC="0.99" CC="30700"/>
						<SP ID="P11_SP00522" HPOS="2145" VPOS="3096" WIDTH="30"/>
						<String ID="P11_ST00611" HPOS="2175" VPOS="3053" WIDTH="246" HEIGHT="48" CONTENT="necessaries," WC="0.99" CC="200609701944"/>
						<SP ID="P11_SP00523" HPOS="2421" VPOS="3101" WIDTH="47"/>
						<String ID="P11_ST00612" HPOS="2468" VPOS="3051" WIDTH="51" HEIGHT="44" CONTENT="he" WC="0.32" CC="76"/>
						<SP ID="P11_SP00524" HPOS="2519" VPOS="3101" WIDTH="30"/>
						<String ID="P11_ST00613" HPOS="2549" VPOS="3051" WIDTH="81" HEIGHT="44" CONTENT="and" WC="0.97" CC="700"/>
						<SP ID="P11_SP00525" HPOS="2630" VPOS="3101" WIDTH="32"/>
						<String ID="P11_ST00614" HPOS="2662" VPOS="3050" WIDTH="100" HEIGHT="45" CONTENT="each" WC="1.00" CC="0000"/>
						<SP ID="P11_SP00526" HPOS="2762" VPOS="3101" WIDTH="42"/>
						<String ID="P11_ST00615" HPOS="2804" VPOS="3049" WIDTH="44" HEIGHT="45" CONTENT="of" WC="1.00" CC="00"/>
						<SP ID="P11_SP00527" HPOS="2848" VPOS="3101" WIDTH="31"/>
						<String ID="P11_ST00616" HPOS="2879" VPOS="3051" WIDTH="69" HEIGHT="44" CONTENT="the" WC="0.95" CC="904"/>
					</TextLine>
					<TextLine ID="P11_TL00089" HPOS="2032" VPOS="3110" WIDTH="906" HEIGHT="59">
						<String ID="P11_ST00617" HPOS="2032" VPOS="3112" WIDTH="124" HEIGHT="45" CONTENT="heads" WC="1.00" CC="00003"/>
						<SP ID="P11_SP00528" HPOS="2156" VPOS="3157" WIDTH="30"/>
						<String ID="P11_ST00618" HPOS="2186" VPOS="3111" WIDTH="144" HEIGHT="45" CONTENT="should" WC="0.99" CC="300450"/>
						<SP ID="P11_SP00529" HPOS="2330" VPOS="3157" WIDTH="31"/>
						<String ID="P11_ST00619" HPOS="2361" VPOS="3114" WIDTH="155" HEIGHT="42" CONTENT="receive" WC="0.99" CC="0301505"/>
						<SP ID="P11_SP00530" HPOS="2516" VPOS="3157" WIDTH="31"/>
						<String ID="P11_ST00620" HPOS="2547" VPOS="3123" WIDTH="66" HEIGHT="33" CONTENT="ten" WC="0.93" CC="746"/>
						<SP ID="P11_SP00531" HPOS="2613" VPOS="3157" WIDTH="21"/>
						<String ID="P11_ST00621" HPOS="2634" VPOS="3111" WIDTH="68" HEIGHT="45" CONTENT="lire" WC="0.98" CC="0504"/>
						<SP ID="P11_SP00532" HPOS="2702" VPOS="3157" WIDTH="20"/>
						<String ID="P11_ST00622" HPOS="2722" VPOS="3130" WIDTH="23" HEIGHT="24" CONTENT="a" WC="1.00" CC="0"/>
						<SP ID="P11_SP00533" HPOS="2745" VPOS="3157" WIDTH="23"/>
						<String ID="P11_ST00623" HPOS="2768" VPOS="3110" WIDTH="82" HEIGHT="57" CONTENT="day" WC="1.00" CC="000"/>
						<SP ID="P11_SP00534" HPOS="2850" VPOS="3167" WIDTH="24"/>
						<String ID="P11_ST00624" HPOS="2874" VPOS="3112" WIDTH="64" HEIGHT="57" CONTENT="(5)" WC="0.69" CC="035"/>
					</TextLine>
					<TextLine ID="P11_TL00090" HPOS="2030" VPOS="3167" WIDTH="916" HEIGHT="63">
						<String ID="P11_ST00625" HPOS="2030" VPOS="3192" WIDTH="25" HEIGHT="25" CONTENT="a" WC="1.00" CC="0"/>
						<SP ID="P11_SP00535" HPOS="2055" VPOS="3217" WIDTH="33"/>
						<String ID="P11_ST00626" HPOS="2088" VPOS="3176" WIDTH="125" HEIGHT="54" CONTENT="piece," WC="0.98" CC="066044"/>
						<SP ID="P11_SP00536" HPOS="2213" VPOS="3230" WIDTH="33"/>
						<String ID="P11_ST00627" HPOS="2246" VPOS="3172" WIDTH="80" HEIGHT="45" CONTENT="and" WC="1.00" CC="000"/>
						<SP ID="P11_SP00537" HPOS="2326" VPOS="3230" WIDTH="32"/>
						<String ID="P11_ST00628" HPOS="2358" VPOS="3172" WIDTH="212" HEIGHT="46" CONTENT="Ferravilla" WC="0.98" CC="0000002000"/>
						<SP ID="P11_SP00538" HPOS="2570" VPOS="3230" WIDTH="32"/>
						<String ID="P11_ST00629" HPOS="2602" VPOS="3190" WIDTH="82" HEIGHT="27" CONTENT="was" WC="1.00" CC="000"/>
						<SP ID="P11_SP00539" HPOS="2684" VPOS="3230" WIDTH="30"/>
						<String ID="P11_ST00630" HPOS="2714" VPOS="3167" WIDTH="232" HEIGHT="50" CONTENT="nominated" WC="0.99" CC="000408919"/>
					</TextLine>
					<TextLine ID="P11_TL00091" HPOS="2032" VPOS="3234" WIDTH="357" HEIGHT="45">
						<String ID="P11_ST00631" HPOS="2032" VPOS="3236" WIDTH="144" HEIGHT="42" CONTENT="artistic" WC="1.00" CC="20010000"/>
						<SP ID="P11_SP00540" HPOS="2176" VPOS="3278" WIDTH="30"/>
						<String ID="P11_ST00632" HPOS="2206" VPOS="3234" WIDTH="183" HEIGHT="45" CONTENT="director." WC="1.00" CC="030000000"/>
					</TextLine>
					<TextLine ID="P11_TL00092" HPOS="2092" VPOS="3293" WIDTH="854" HEIGHT="58">
						<String ID="P11_ST00633" HPOS="2092" VPOS="3294" WIDTH="73" HEIGHT="46" CONTENT="All" WC="0.95" CC="065"/>
						<SP ID="P11_SP00541" HPOS="2165" VPOS="3340" WIDTH="45"/>
						<String ID="P11_ST00634" HPOS="2210" VPOS="3313" WIDTH="83" HEIGHT="26" CONTENT="was" WC="0.98" CC="004"/>
						<SP ID="P11_SP00542" HPOS="2293" VPOS="3340" WIDTH="45"/>
						<String ID="P11_ST00635" HPOS="2338" VPOS="3295" WIDTH="145" HEIGHT="56" CONTENT="agreed" WC="0.98" CC="590640"/>
						<SP ID="P11_SP00543" HPOS="2483" VPOS="3351" WIDTH="49"/>
						<String ID="P11_ST00636" HPOS="2532" VPOS="3305" WIDTH="41" HEIGHT="34" CONTENT="to" WC="1.00" CC="00"/>
						<SP ID="P11_SP00544" HPOS="2573" VPOS="3351" WIDTH="46"/>
						<String ID="P11_ST00637" HPOS="2619" VPOS="3293" WIDTH="80" HEIGHT="45" CONTENT="and" WC="0.97" CC="080"/>
						<SP ID="P11_SP00545" HPOS="2699" VPOS="3351" WIDTH="47"/>
						<String ID="P11_ST00638" HPOS="2746" VPOS="3294" WIDTH="68" HEIGHT="45" CONTENT="the" WC="0.95" CC="707"/>
						<SP ID="P11_SP00546" HPOS="2814" VPOS="3351" WIDTH="41"/>
						<String ID="P11_ST00639" HPOS="2855" VPOS="3312" WIDTH="91" HEIGHT="28" CONTENT="new" WC="0.94" CC="456"/>
					</TextLine>
					<TextLine ID="P11_TL00093" HPOS="2032" VPOS="3355" WIDTH="914" HEIGHT="57">
						<String ID="P11_ST00640" HPOS="2032" VPOS="3373" WIDTH="126" HEIGHT="39" CONTENT="group" WC="0.98" CC="90020"/>
						<SP ID="P11_SP00547" HPOS="2158" VPOS="3412" WIDTH="37"/>
						<String ID="P11_ST00641" HPOS="2195" VPOS="3355" WIDTH="130" HEIGHT="57" CONTENT="began" WC="0.97" CC="64008"/>
						<SP ID="P11_SP00548" HPOS="2325" VPOS="3412" WIDTH="44"/>
						<String ID="P11_ST00642" HPOS="2369" VPOS="3359" WIDTH="46" HEIGHT="42" CONTENT="its" WC="1.00" CC="000"/>
						<SP ID="P11_SP00549" HPOS="2415" VPOS="3412" WIDTH="47"/>
						<String ID="P11_ST00643" HPOS="2462" VPOS="3355" WIDTH="290" HEIGHT="57" CONTENT="performances" WC="0.99" CC="065110856029"/>
						<SP ID="P11_SP00550" HPOS="2752" VPOS="3412" WIDTH="45"/>
						<String ID="P11_ST00644" HPOS="2797" VPOS="3366" WIDTH="40" HEIGHT="33" CONTENT="at" WC="1.00" CC="00"/>
						<SP ID="P11_SP00551" HPOS="2837" VPOS="3412" WIDTH="39"/>
						<String ID="P11_ST00645" HPOS="2876" VPOS="3357" WIDTH="70" HEIGHT="43" CONTENT="the" WC="0.94" CC="770"/>
					</TextLine>
					<TextLine ID="P11_TL00094" HPOS="2030" VPOS="3416" WIDTH="917" HEIGHT="46">
						<String ID="P11_ST00646" HPOS="2030" VPOS="3416" WIDTH="152" HEIGHT="45" CONTENT="Teatro" WC="0.75" CC="000345"/>
						<SP ID="P11_SP00552" HPOS="2182" VPOS="3461" WIDTH="45"/>
						<String ID="P11_ST00647" HPOS="2227" VPOS="3418" WIDTH="186" HEIGHT="44" CONTENT="Cressoni" WC="0.70" CC="06300632"/>
						<SP ID="P11_SP00553" HPOS="2413" VPOS="3462" WIDTH="45"/>
						<String ID="P11_ST00648" HPOS="2458" VPOS="3427" WIDTH="40" HEIGHT="34" CONTENT="at" WC="0.70" CC="05"/>
						<SP ID="P11_SP00554" HPOS="2498" VPOS="3462" WIDTH="46"/>
						<String ID="P11_ST00649" HPOS="2544" VPOS="3417" WIDTH="134" HEIGHT="44" CONTENT="Como" WC="1.00" CC="0000"/>
						<SP ID="P11_SP00555" HPOS="2678" VPOS="3462" WIDTH="44"/>
						<String ID="P11_ST00650" HPOS="2722" VPOS="3419" WIDTH="41" HEIGHT="42" CONTENT="in" WC="0.61" CC="25"/>
						<SP ID="P11_SP00556" HPOS="2763" VPOS="3462" WIDTH="57"/>
						<String ID="P11_ST00651" HPOS="2820" VPOS="3417" WIDTH="127" HEIGHT="45" CONTENT="1876." WC="0.76" CC="56000"/>
					</TextLine>
					<TextLine ID="P11_TL00095" HPOS="2031" VPOS="3478" WIDTH="916" HEIGHT="57">
						<String ID="P11_ST00652" HPOS="2031" VPOS="3478" WIDTH="93" HEIGHT="44" CONTENT="The" WC="0.95" CC="607"/>
						<SP ID="P11_SP00557" HPOS="2124" VPOS="3522" WIDTH="31"/>
						<String ID="P11_ST00653" HPOS="2155" VPOS="3488" WIDTH="201" HEIGHT="47" CONTENT="repertory" WC="0.99" CC="500704000"/>
						<SP ID="P11_SP00558" HPOS="2356" VPOS="3535" WIDTH="28"/>
						<String ID="P11_ST00654" HPOS="2384" VPOS="3478" WIDTH="196" HEIGHT="45" CONTENT="consisted" WC="0.99" CC="302404600"/>
						<SP ID="P11_SP00559" HPOS="2580" VPOS="3535" WIDTH="21"/>
						<String ID="P11_ST00655" HPOS="2601" VPOS="3478" WIDTH="44" HEIGHT="43" CONTENT="of" WC="0.28" CC="77"/>
						<SP ID="P11_SP00560" HPOS="2645" VPOS="3535" WIDTH="19"/>
						<String ID="P11_ST00656" HPOS="2664" VPOS="3492" WIDTH="110" HEIGHT="30" CONTENT="some" WC="0.95" CC="8546"/>
						<SP ID="P11_SP00561" HPOS="2774" VPOS="3535" WIDTH="21"/>
						<String ID="P11_ST00657" HPOS="2795" VPOS="3488" WIDTH="152" HEIGHT="46" CONTENT="twenty" WC="0.96" CC="086689"/>
					</TextLine>
					<TextLine ID="P11_TL00096" HPOS="2032" VPOS="3539" WIDTH="914" HEIGHT="56">
						<String ID="P11_ST00658" HPOS="2032" VPOS="3542" WIDTH="151" HEIGHT="53" CONTENT="pieces;" WC="0.99" CC="0703005"/>
						<SP ID="P11_SP00562" HPOS="2183" VPOS="3595" WIDTH="18"/>
						<String ID="P11_ST00659" HPOS="2201" VPOS="3539" WIDTH="68" HEIGHT="44" CONTENT="the" WC="0.97" CC="060"/>
						<SP ID="P11_SP00563" HPOS="2269" VPOS="3595" WIDTH="14"/>
						<String ID="P11_ST00660" HPOS="2283" VPOS="3540" WIDTH="213" HEIGHT="55" CONTENT="enterprise" WC="0.99" CC="0667000702"/>
						<SP ID="P11_SP00564" HPOS="2496" VPOS="3595" WIDTH="14"/>
						<String ID="P11_ST00661" HPOS="2510" VPOS="3539" WIDTH="229" HEIGHT="50" CONTENT="flourished," WC="0.99" CC="00460820804"/>
						<SP ID="P11_SP00565" HPOS="2739" VPOS="3595" WIDTH="15"/>
						<String ID="P11_ST00662" HPOS="2754" VPOS="3539" WIDTH="81" HEIGHT="44" CONTENT="and" WC="0.98" CC="050"/>
						<SP ID="P11_SP00566" HPOS="2835" VPOS="3595" WIDTH="17"/>
						<String ID="P11_ST00663" HPOS="2852" VPOS="3557" WIDTH="71" HEIGHT="37" CONTENT="pro" SUBS_TYPE="HypPart1" SUBS_CONTENT="promised" WC="0.98" CC="030"/>
						<HYP HPOS="2923" VPOS="3557" WIDTH="23" CONTENT="-"/>
					</TextLine>
					<TextLine ID="P11_TL00097" HPOS="2032" VPOS="3599" WIDTH="914" HEIGHT="57">
						<String ID="P11_ST00664" HPOS="2032" VPOS="3599" WIDTH="124" HEIGHT="45" CONTENT="mised" SUBS_TYPE="HypPart2" SUBS_CONTENT="promised" WC="1.00" CC="02000"/>
						<SP ID="P11_SP00567" HPOS="2156" VPOS="3644" WIDTH="31"/>
						<String ID="P11_ST00665" HPOS="2187" VPOS="3599" WIDTH="221" HEIGHT="57" CONTENT="brilliantly," WC="0.99" CC="601022009604"/>
						<SP ID="P11_SP00568" HPOS="2408" VPOS="3656" WIDTH="31"/>
						<String ID="P11_ST00666" HPOS="2439" VPOS="3599" WIDTH="120" HEIGHT="44" CONTENT="when" WC="0.97" CC="0660"/>
						<SP ID="P11_SP00569" HPOS="2559" VPOS="3656" WIDTH="30"/>
						<String ID="P11_ST00667" HPOS="2589" VPOS="3599" WIDTH="213" HEIGHT="45" CONTENT="Talamoni" WC="0.91" CC="00300003"/>
						<SP ID="P11_SP00570" HPOS="2802" VPOS="3656" WIDTH="31"/>
						<String ID="P11_ST00668" HPOS="2833" VPOS="3599" WIDTH="113" HEIGHT="47" CONTENT="died." WC="0.96" CC="90694"/>
					</TextLine>
					<TextLine ID="P11_TL00098" HPOS="2091" VPOS="3660" WIDTH="855" HEIGHT="57">
						<String ID="P11_ST00669" HPOS="2091" VPOS="3660" WIDTH="94" HEIGHT="46" CONTENT="The" WC="0.95" CC="075"/>
						<SP ID="P11_SP00571" HPOS="2185" VPOS="3706" WIDTH="29"/>
						<String ID="P11_ST00670" HPOS="2214" VPOS="3678" WIDTH="200" HEIGHT="39" CONTENT="company" WC="0.99" CC="1080000"/>
						<SP ID="P11_SP00572" HPOS="2414" VPOS="3717" WIDTH="47"/>
						<String ID="P11_ST00671" HPOS="2461" VPOS="3679" WIDTH="95" HEIGHT="31" CONTENT="was," WC="0.98" CC="0064"/>
						<SP ID="P11_SP00573" HPOS="2556" VPOS="3717" WIDTH="47"/>
						<String ID="P11_ST00672" HPOS="2603" VPOS="3660" WIDTH="203" HEIGHT="49" CONTENT="however," WC="0.99" CC="00800624"/>
						<SP ID="P11_SP00574" HPOS="2806" VPOS="3717" WIDTH="46"/>
						<String ID="P11_ST00673" HPOS="2852" VPOS="3661" WIDTH="94" HEIGHT="44" CONTENT="well" WC="0.95" CC="6068"/>
					</TextLine>
					<TextLine ID="P11_TL00099" HPOS="2031" VPOS="3720" WIDTH="911" HEIGHT="52">
						<String ID="P11_ST00674" HPOS="2031" VPOS="3721" WIDTH="250" HEIGHT="51" CONTENT="established," WC="0.99" CC="076075640504"/>
						<SP ID="P11_SP00575" HPOS="2281" VPOS="3772" WIDTH="33"/>
						<String ID="P11_ST00675" HPOS="2314" VPOS="3722" WIDTH="81" HEIGHT="43" CONTENT="and" WC="0.98" CC="040"/>
						<SP ID="P11_SP00576" HPOS="2395" VPOS="3772" WIDTH="33"/>
						<String ID="P11_ST00676" HPOS="2428" VPOS="3720" WIDTH="211" HEIGHT="48" CONTENT="Ferravilla" WC="0.72" CC="0040008077"/>
						<SP ID="P11_SP00577" HPOS="2639" VPOS="3772" WIDTH="32"/>
						<String ID="P11_ST00677" HPOS="2671" VPOS="3738" WIDTH="83" HEIGHT="28" CONTENT="was" WC="0.95" CC="932"/>
						<SP ID="P11_SP00578" HPOS="2754" VPOS="3772" WIDTH="35"/>
						<String ID="P11_ST00678" HPOS="2789" VPOS="3722" WIDTH="153" HEIGHT="45" CONTENT="invited" WC="1.00" CC="4000000"/>
					</TextLine>
					<TextLine ID="P11_TL00100" HPOS="2030" VPOS="3781" WIDTH="916" HEIGHT="55">
						<String ID="P11_ST00679" HPOS="2030" VPOS="3794" WIDTH="42" HEIGHT="42" CONTENT="tQ" WC="0.11" CC="98"/>
						<SP ID="P11_SP00579" HPOS="2072" VPOS="3836" WIDTH="32"/>
						<String ID="P11_ST00680" HPOS="2104" VPOS="3782" WIDTH="219" HEIGHT="45" CONTENT="undertake" WC="0.99" CC="200009106"/>
						<SP ID="P11_SP00580" HPOS="2323" VPOS="3836" WIDTH="36"/>
						<String ID="P11_ST00681" HPOS="2359" VPOS="3782" WIDTH="68" HEIGHT="45" CONTENT="the" WC="0.97" CC="070"/>
						<SP ID="P11_SP00581" HPOS="2427" VPOS="3836" WIDTH="47"/>
						<String ID="P11_ST00682" HPOS="2474" VPOS="3782" WIDTH="195" HEIGHT="45" CONTENT="functions" WC="0.99" CC="602060002"/>
						<SP ID="P11_SP00582" HPOS="2669" VPOS="3836" WIDTH="29"/>
						<String ID="P11_ST00683" HPOS="2698" VPOS="3781" WIDTH="45" HEIGHT="45" CONTENT="of" WC="0.90" CC="10"/>
						<SP ID="P11_SP00583" HPOS="2743" VPOS="3836" WIDTH="30"/>
						<String ID="P11_ST00684" HPOS="2773" VPOS="3782" WIDTH="149" HEIGHT="44" CONTENT="admini" SUBS_TYPE="HypPart1" SUBS_CONTENT="administrator" WC="0.99" CC="000477"/>
						<HYP HPOS="2922" VPOS="3782" WIDTH="24" CONTENT="-"/>
					</TextLine>
					<TextLine ID="P11_TL00101" HPOS="2030" VPOS="3842" WIDTH="908" HEIGHT="60">
						<String ID="P11_ST00685" HPOS="2030" VPOS="3855" WIDTH="140" HEIGHT="33" CONTENT="strator" SUBS_TYPE="HypPart2" SUBS_CONTENT="administrator" WC="0.99" CC="0900600"/>
						<SP ID="P11_SP00584" HPOS="2170" VPOS="3888" WIDTH="31"/>
						<String ID="P11_ST00686" HPOS="2201" VPOS="3862" WIDTH="43" HEIGHT="26" CONTENT="as" WC="0.71" CC="04"/>
						<SP ID="P11_SP00585" HPOS="2244" VPOS="3888" WIDTH="29"/>
						<String ID="P11_ST00687" HPOS="2273" VPOS="3843" WIDTH="92" HEIGHT="45" CONTENT="well" WC="0.98" CC="0074"/>
						<SP ID="P11_SP00586" HPOS="2365" VPOS="3888" WIDTH="43"/>
						<String ID="P11_ST00688" HPOS="2408" VPOS="3861" WIDTH="44" HEIGHT="26" CONTENT="as" WC="1.00" CC="00"/>
						<SP ID="P11_SP00587" HPOS="2452" VPOS="3888" WIDTH="45"/>
						<String ID="P11_ST00689" HPOS="2497" VPOS="3842" WIDTH="44" HEIGHT="45" CONTENT="of" WC="0.68" CC="60"/>
						<SP ID="P11_SP00588" HPOS="2541" VPOS="3888" WIDTH="36"/>
						<String ID="P11_ST00690" HPOS="2577" VPOS="3845" WIDTH="261" HEIGHT="55" CONTENT="capocomico" WC="0.69" CC="0009309026"/>
						<SP ID="P11_SP00589" HPOS="2838" VPOS="3900" WIDTH="30"/>
						<String ID="P11_ST00691" HPOS="2868" VPOS="3845" WIDTH="70" HEIGHT="57" CONTENT="(6)" WC="0.65" CC="307"/>
					</TextLine>
					<TextLine ID="P11_TL00102" HPOS="2030" VPOS="3904" WIDTH="469" HEIGHT="45">
						<String ID="P11_ST00692" HPOS="2030" VPOS="3904" WIDTH="81" HEIGHT="45" CONTENT="and" WC="0.99" CC="200"/>
						<SP ID="P11_SP00590" HPOS="2111" VPOS="3949" WIDTH="31"/>
						<String ID="P11_ST00693" HPOS="2142" VPOS="3906" WIDTH="144" HEIGHT="43" CONTENT="artistic" WC="0.99" CC="00002543"/>
						<SP ID="P11_SP00591" HPOS="2286" VPOS="3949" WIDTH="29"/>
						<String ID="P11_ST00694" HPOS="2315" VPOS="3904" WIDTH="184" HEIGHT="45" CONTENT="director." WC="1.00" CC="030020004"/>
					</TextLine>
					<TextLine ID="P11_TL00103" HPOS="2091" VPOS="3964" WIDTH="851" HEIGHT="57">
						<String ID="P11_ST00695" HPOS="2091" VPOS="3965" WIDTH="94" HEIGHT="45" CONTENT="The" WC="0.96" CC="470"/>
						<SP ID="P11_SP00592" HPOS="2185" VPOS="4010" WIDTH="51"/>
						<String ID="P11_ST00696" HPOS="2236" VPOS="3983" WIDTH="133" HEIGHT="38" CONTENT="young" WC="0.99" CC="00250"/>
						<SP ID="P11_SP00593" HPOS="2369" VPOS="4021" WIDTH="52"/>
						<String ID="P11_ST00697" HPOS="2421" VPOS="3982" WIDTH="195" HEIGHT="38" CONTENT="manager," WC="0.99" CC="00008364"/>
						<SP ID="P11_SP00594" HPOS="2616" VPOS="4021" WIDTH="54"/>
						<String ID="P11_ST00698" HPOS="2670" VPOS="3981" WIDTH="94" HEIGHT="27" CONTENT="now" WC="0.99" CC="030"/>
						<SP ID="P11_SP00595" HPOS="2764" VPOS="4021" WIDTH="51"/>
						<String ID="P11_ST00699" HPOS="2815" VPOS="3964" WIDTH="127" HEIGHT="44" CONTENT="about" WC="0.95" CC="47969"/>
					</TextLine>
				</TextBlock>
				<TextBlock ID="P11_TB00004" HPOS="2031" VPOS="4147" WIDTH="915" HEIGHT="184" STYLEREFS="TXT_4 PAR_LEFT">
					<TextLine ID="P11_TL00104" HPOS="2101" VPOS="4147" WIDTH="841" HEIGHT="46">
						<String ID="P11_ST00700" HPOS="2101" VPOS="4151" WIDTH="48" HEIGHT="42" CONTENT="(5)" WC="0.73" CC="034" STYLEREFS="TXT_5"/>
						<SP ID="P11_SP00596" HPOS="2149" VPOS="4193" WIDTH="36"/>
						<String ID="P11_ST00701" HPOS="2185" VPOS="4151" WIDTH="79" HEIGHT="33" CONTENT="You" WC="0.97" CC="303"/>
						<SP ID="P11_SP00597" HPOS="2264" VPOS="4193" WIDTH="23"/>
						<String ID="P11_ST00702" HPOS="2287" VPOS="4150" WIDTH="104" HEIGHT="33" CONTENT="have" WC="0.98" CC="2007" STYLEREFS="TXT_5"/>
						<SP ID="P11_SP00598" HPOS="2391" VPOS="4193" WIDTH="23"/>
						<String ID="P11_ST00703" HPOS="2414" VPOS="4149" WIDTH="149" HEIGHT="41" CONTENT="caught" WC="0.98" CC="055504"/>
						<SP ID="P11_SP00599" HPOS="2563" VPOS="4193" WIDTH="24"/>
						<String ID="P11_ST00704" HPOS="2587" VPOS="4149" WIDTH="65" HEIGHT="33" CONTENT="the" WC="0.96" CC="405"/>
						<SP ID="P11_SP00600" HPOS="2652" VPOS="4193" WIDTH="23"/>
						<String ID="P11_ST00705" HPOS="2675" VPOS="4148" WIDTH="88" HEIGHT="33" CONTENT="idea" WC="0.97" CC="2065"/>
						<SP ID="P11_SP00601" HPOS="2763" VPOS="4193" WIDTH="17"/>
						<String ID="P11_ST00706" HPOS="2780" VPOS="4147" WIDTH="47" HEIGHT="43" CONTENT="by" WC="0.83" CC="30"/>
						<SP ID="P11_SP00602" HPOS="2827" VPOS="4193" WIDTH="14"/>
						<String ID="P11_ST00707" HPOS="2841" VPOS="4157" WIDTH="101" HEIGHT="31" CONTENT="now&gt;" WC="0.38" CC="4748"/>
					</TextLine>
					<TextLine ID="P11_TL00105" HPOS="2032" VPOS="4193" WIDTH="913" HEIGHT="42">
						<String ID="P11_ST00708" HPOS="2032" VPOS="4197" WIDTH="190" HEIGHT="33" CONTENT="doubtless" WC="0.99" CC="066000666"/>
						<SP ID="P11_SP00603" HPOS="2222" VPOS="4230" WIDTH="20"/>
						<String ID="P11_ST00709" HPOS="2242" VPOS="4206" WIDTH="7" HEIGHT="23" CONTENT=":" WC="0.62" CC="3"/>
						<SP ID="P11_SP00604" HPOS="2249" VPOS="4230" WIDTH="39"/>
						<String ID="P11_ST00710" HPOS="2288" VPOS="4196" WIDTH="64" HEIGHT="33" CONTENT="the" WC="0.98" CC="400"/>
						<SP ID="P11_SP00605" HPOS="2352" VPOS="4230" WIDTH="36"/>
						<String ID="P11_ST00711" HPOS="2388" VPOS="4194" WIDTH="88" HEIGHT="34" CONTENT="idea" WC="0.95" CC="3099"/>
						<SP ID="P11_SP00606" HPOS="2476" VPOS="4230" WIDTH="43"/>
						<String ID="P11_ST00712" HPOS="2519" VPOS="4194" WIDTH="86" HEIGHT="34" CONTENT="that" WC="1.00" CC="0000"/>
						<SP ID="P11_SP00607" HPOS="2605" VPOS="4230" WIDTH="33"/>
						<String ID="P11_ST00713" HPOS="2638" VPOS="4203" WIDTH="135" HEIGHT="32" CONTENT="money" WC="0.97" CC="60660"/>
						<SP ID="P11_SP00608" HPOS="2773" VPOS="4235" WIDTH="35"/>
						<String ID="P11_ST00714" HPOS="2808" VPOS="4193" WIDTH="34" HEIGHT="34" CONTENT="is" WC="0.50" CC="09"/>
						<SP ID="P11_SP00609" HPOS="2842" VPOS="4235" WIDTH="34"/>
						<String ID="P11_ST00715" HPOS="2876" VPOS="4195" WIDTH="69" HEIGHT="31" CONTENT="not" WC="0.95" CC="164"/>
					</TextLine>
					<TextLine ID="P11_TL00106" HPOS="2032" VPOS="4240" WIDTH="914" HEIGHT="43">
						<String ID="P11_ST00716" HPOS="2032" VPOS="4243" WIDTH="63" HEIGHT="33" CONTENT="the" WC="0.97" CC="008"/>
						<SP ID="P11_SP00610" HPOS="2095" VPOS="4276" WIDTH="34"/>
						<String ID="P11_ST00717" HPOS="2129" VPOS="4242" WIDTH="123" HEIGHT="34" CONTENT="whole" WC="0.99" CC="50000"/>
						<SP ID="P11_SP00611" HPOS="2252" VPOS="4276" WIDTH="16"/>
						<String ID="P11_ST00718" HPOS="2268" VPOS="4241" WIDTH="78" HEIGHT="33" CONTENT="aim" WC="0.98" CC="014"/>
						<SP ID="P11_SP00612" HPOS="2346" VPOS="4276" WIDTH="24"/>
						<String ID="P11_ST00719" HPOS="2370" VPOS="4240" WIDTH="54" HEIGHT="40" CONTENT="of" WC="0.70" CC="50"/>
						<SP ID="P11_SP00613" HPOS="2424" VPOS="4280" WIDTH="17"/>
						<String ID="P11_ST00720" HPOS="2441" VPOS="4240" WIDTH="64" HEIGHT="33" CONTENT="the" WC="0.98" CC="400"/>
						<SP ID="P11_SP00614" HPOS="2505" VPOS="4280" WIDTH="11"/>
						<String ID="P11_ST00721" HPOS="2516" VPOS="4240" WIDTH="111" HEIGHT="43" CONTENT="finer" WC="0.98" CC="00590"/>
						<SP ID="P11_SP00615" HPOS="2627" VPOS="4283" WIDTH="12"/>
						<String ID="P11_ST00722" HPOS="2639" VPOS="4240" WIDTH="145" HEIGHT="33" CONTENT="Italian" WC="0.99" CC="5000004"/>
						<SP ID="P11_SP00616" HPOS="2784" VPOS="4283" WIDTH="17"/>
						<String ID="P11_ST00723" HPOS="2801" VPOS="4240" WIDTH="145" HEIGHT="34" CONTENT="actors." WC="0.98" CC="0030776"/>
					</TextLine>
					<TextLine ID="P11_TL00107" HPOS="2097" VPOS="4287" WIDTH="408" HEIGHT="44">
						<String ID="P11_ST00724" HPOS="2097" VPOS="4288" WIDTH="49" HEIGHT="43" CONTENT="(6)" WC="0.53" CC="345" STYLEREFS="TXT_6"/>
						<SP ID="P11_SP00617" HPOS="2146" VPOS="4331" WIDTH="32"/>
						<String ID="P11_ST00725" HPOS="2178" VPOS="4287" WIDTH="178" HEIGHT="41" CONTENT="Leading" WC="0.98" CC="6060039"/>
						<SP ID="P11_SP00618" HPOS="2356" VPOS="4331" WIDTH="22"/>
						<String ID="P11_ST00726" HPOS="2378" VPOS="4289" WIDTH="127" HEIGHT="32" CONTENT="actor." WC="0.99" CC="003034"/>
					</TextLine>
				</TextBlock>
			</PrintSpace>
		</Page>
	</Layout>
</alto>
