3144 4457
235 77 57 46 58

231 171 84 44 and
351 182 69 33 too
450 171 116 50 solid,
602 182 68 34 too
701 189 185 27 common
917 191 113 27 sense
1051 173 83 46 free-

233 231 90 55 zing
355 231 120 45 when
508 233 117 44 faced
658 231 56 57 by
745 232 68 44 the
844 233 221 45 adventure
1111 235 44 44 of

230 303 77 34 art.
366 292 214 44 Ferravilla
611 292 243 56 temporized
886 294 61 44 for
978 295 68 44 the
1068 314 57 25 mo-

228 363 112 34 ment
356 371 11 33 ;
400 352 72 45 but
514 371 43 26 as
604 371 83 28 was
725 354 215 45 inevitable
986 355 52 45 he
1084 355 68 45 left

230 412 70 45 the
331 412 181 56 Viglezzi
542 412 99 47 desk
672 413 80 45 and
785 414 104 47 stool
910 416 81 44 and
1012 417 140 44 turned

227 473 151 56 wholly
409 485 42 32 to
482 473 68 45 the
580 484 121 45 stage.

291 536 168 54 Among
477 534 64 45 his
562 537 258 55 companions
842 548 38 33 at
905 538 66 44 the
1001 538 151 44 Teatro

232 593 199 46 Milanese
453 612 106 27 were
581 596 172 51 Sbodio,
778 596 192 53 Gandini,
995 599 155 56 Crespi,

233 654 204 52 Milanesi,
458 656 193 52 Caraviti,
676 657 170 50 Giraud,
879 658 67 46 the
967 670 185 35 actresses

227 714 142 58 Luigia
390 716 150 51 Prada,
561 717 198 51 Trezzini,
782 718 148 56 Vaghi,
952 721 80 44 and
1066 733 84 32 two

225 776 95 45 who
352 776 101 45 both
486 776 95 46 bore
614 778 67 45 the
696 796 118 27 name
835 779 44 44 of
900 780 247 48 Giovanelli.

286 837 44 45 In
361 837 185 46 October
584 839 113 45 1872
730 839 119 45 Ferra
853 840 90 46 villa
992 843 155 55 proved

228 897 85 46 that
361 898 52 45 he
460 899 81 45 had
587 912 151 43 greater
790 903 214 54 capacities
1050 903 97 45 than

228 958 115 46 those
394 960 45 44 of
485 961 148 53 merely
684 962 159 55 reciting
898 962 68 45 the
1012 964 136 45 words

224 1020 46 45 of
300 1020 162 52 others;
511 1021 75 51 for,
634 1022 146 56 having
831 1041 24 26 a
905 1041 96 39 very
1039 1025 108 45 short

221 1093 91 45 part
343 1083 201 46 entrusted
576 1094 42 33 to
648 1082 96 52 him,
778 1082 52 45 he
860 1084 123 44 asked
1030 1085 115 45 leave

224 1153 42 34 to
313 1143 84 45 add
444 1162 52 26 an
543 1155 109 33 extra
697 1161 118 27 scene
861 1145 44 44 of
951 1146 60 44 his
1049 1164 95 27 own

222 1204 215 56 inventing,
470 1204 134 46 which
636 1204 190 45 obtained
848 1218 108 43 great
976 1224 167 29 success.

223 1265 44 45 In
299 1266 121 55 doing
451 1267 76 44 this
557 1265 52 45 he
641 1284 85 27 was
757 1266 70 44 but
870 1270 178 54 carrying
1088 1287 54 26 on

224 1326 69 46 the
346 1327 86 45 best
479 1326 203 45 traditions
728 1327 43 44 of
817 1327 67 46 the
924 1327 218 59 European

216 1401 113 44 stage
373 1407 45 27 so
464 1388 144 57 clearly
654 1388 128 46 stated
832 1388 54 57 by
917 1388 226 47 Riccoboni

223 1452 81 44 and
339 1449 201 46 Gherardi
559 1449 85 59 (3).

286 1512 125 45 After
443 1512 74 45 this
548 1510 221 47 Ferravilla
799 1524 126 32 wrote
959 1521 25 17 44
1008 1512 50 45 El
1077 1531 64 26 sur

222 1572 150 45 Pedrin
394 1574 41 43 in
456 1571 175 58 quarella
712 1574 40 42 in
783 1573 89 45 four
893 1585 83 32 acts
1006 1573 134 45 which

222 1650 85 28 was
338 1633 227 57 performed
597 1632 231 47 December
859 1634 86 44 2nd
997 1635 141 45 1872:

219 1694 180 57 Righetti
430 1694 149 44 oflered
609 1693 82 45 him
722 1695 112 45 three
864 1695 185 45 hundred
1070 1695 70 45 lire

225 1755 62 44 for
318 1755 69 46 the
407 1755 99 56 right
528 1767 43 32 to
592 1757 89 53 give
701 1755 68 46 the
791 1754 94 59 play
905 1756 63 45 for
987 1775 25 25 a
1032 1774 107 39 year,

217 1816 84 45 and
334 1825 27 18 ••
381 1815 71 47 full
493 1816 142 45 houses
733 1829 40 32 at
822 1817 69 44 the
937 1816 205 46 Milanesi

217 1877 192 46 followed
430 1895 52 27 on
505 1877 168 45 without
694 1879 274 55 interruption.
1001 1879 137 56 Again

217 1956 66 27 we
313 1957 67 26 see
411 1938 109 45 what
552 1956 132 27 comes
730 1938 44 45 of
820 1938 204 56 following
1070 1939 68 46 the

219 2011 86 33 true
338 2001 199 44 tradition.

280 2059 96 47 The
407 2078 133 39 young
569 2072 111 33 actor
710 2077 84 28 was
824 2060 88 52 still,
933 2060 205 51 however,

222 2121 121 57 being
373 2133 83 33 cast
488 2122 61 44 for
580 2121 67 45 the
679 2121 129 45 lovers
837 2133 118 45 parts,
999 2121 69 52 till,
1099 2124 39 42 in

220 2200 26 27 a
277 2183 95 56 play
402 2182 130 45 called
556 2190 24 17 44
604 2181 82 46 Dal
707 2193 88 34 tecc
816 2183 77 44 alia
915 2185 157 43 cantina

218 2243 218 46 Ferravilla
467 2245 158 43 created
661 2243 60 45 for
752 2243 156 46 himself
938 2244 69 44 the
1051 2257 87 44 part

216 2304 46 45 of
293 2323 52 27 an
376 2305 70 44 old
484 2304 203 57 paralytic.
750 2304 115 45 Thus
901 2323 113 26 came
1055 2307 85 42 into

213 2366 120 56 being
364 2366 68 44 the
463 2364 98 46 little
592 2366 69 45 old
694 2383 93 28 man
809 2366 134 45 which
966 2365 97 46 later
1084 2384 54 26 on

214 2427 69 45 the
314 2437 109 35 actor
472 2426 97 45 used
600 2429 41 41 in
673 2426 68 45 the
788 2427 136 45 Scena
973 2445 26 25 a
1046 2445 69 38 sog-

212 2497 108 47 getto
352 2488 210 45 musicale.
627 2496 27 17 44
677 2486 194 47 Between
910 2488 113 45 1872
1056 2488 81 45 and

221 2549 116 45 1880
420 2549 52 44 he
503 2551 146 48 writes,
682 2557 27 17 44
732 2551 61 42 all
825 2549 68 45 the
932 2560 114 45 types
1093 2549 45 45 of

213 2627 69 40 my
313 2620 204 47 repertory
537 2627 109 27 were
676 2609 117 45 bom.
857 2609 15 46 I
906 2610 126 45 found
1049 2627 58 39 my-

213 2670 76 46 self
340 2670 193 58 perfectly
580 2672 40 43 in
669 2683 222 43 agreement
940 2671 99 46 with
1070 2670 68 45 the

216 2731 174 51 authors,
423 2731 97 46 who
551 2742 70 34 not
642 2731 96 56 only
758 2731 201 46 accorded
982 2749 64 28 me
1069 2730 67 46 the

215 2805 90 45 part
337 2792 44 46 of
413 2792 67 45 the
510 2795 258 53 protagonist,
803 2793 71 45 but
907 2792 127 47 called
1082 2811 54 25 on

215 2871 65 28 me
313 2866 42 32 to
387 2853 260 47 collaborate.
716 2854 15 44 I
764 2871 85 28 was
881 2853 80 45 free
982 2867 43 31 to
1046 2871 58 27 mo-

210 2915 88 57 dify
331 2933 66 38 my
445 2933 229 39 personage,
724 2926 40 33 to
811 2933 128 26 caress
985 2917 28 42 it
1054 2915 81 44 and

209 2975 120 58 study
360 2977 30 43 it
421 2975 98 45 until
550 2978 30 42 it
611 2976 162 45 seemed
805 2988 42 32 to
879 2994 64 27 me
974 2977 41 43 in
1046 2993 68 39 per-

210 3037 80 44 fect
322 3036 250 57 equilibrium
605 3038 98 45 with
735 3054 67 40 my
834 3038 200 55 aptitudes

271 3097 95 46 The
397 3098 78 46 first
508 3097 92 45 idea
632 3099 43 44 of
707 3098 68 46 the
796 3098 229 45 celebrated
1048 3097 58 46 Te-

211 3176 135 39 coppa
378 3158 82 46 had
491 3177 116 27 come
638 3170 43 34 to
713 3159 81 44 him
844 3159 92 56 long
967 3158 168 45 before:

216 3228 28 17 44
266 3220 159 45 Panera
505 3237 84 27 was
635 3220 168 45 another
836 3220 119 56 figure
995 3232 42 32 to
1083 3219 53 45 be

211 3281 129 44 tested
371 3281 96 44 here
499 3281 81 45 and
611 3281 123 51 there,
766 3281 79 45 first
876 3283 39 43 in
938 3300 24 25 a
984 3281 126 45 vaude-

207 3341 93 46 ville
329 3342 45 44 of
405 3341 60 45 his
494 3342 199 51 creator's,
724 3342 95 45 then
851 3344 39 43 in
923 3361 24 25 a
980 3342 156 45 French

209 3402 229 46 vaudeville
454 3403 178 56 adapted
649 3403 61 45 for
726 3403 67 44 the
808 3403 196 45 Milanese
1015 3415 121 44 stage,

211 3466 42 41 in
285 3462 133 46 which
452 3472 27 16 44
503 3463 14 45 I
550 3465 147 44 recited
731 3483 28 24 a
790 3473 178 47 soggetto
995 3465 63 57 (4)
1083 3464 51 45 all

214 3542 69 38 my
316 3536 88 44 part
437 3526 80 44 and
553 3525 66 44 the
650 3524 133 46 whole
815 3525 44 44 of
890 3525 68 45 the
988 3525 149 45 second

209 3597 66 33 act
405 3585 44 44 In
498 3586 76 44 this
625 3587 127 55 piece,
801 3595 26 16 44
852 3585 52 47 El
945 3586 93 47 duel
1069 3586 67 46 del

209 3664 65 27 sur
308 3647 157 44 Panera
577 3647 144 56 Signor
769 3647 172 50 Panera,
987 3656 26 16 44
1035 3647 101 45 after

209 3708 148 56 having
406 3707 231 56 undergone
684 3709 61 44 for
785 3708 124 45 about
940 3727 23 26 a
996 3708 139 45 month

213 3768 69 45 the
315 3768 208 46 retouches
570 3769 208 56 suggested
809 3770 40 44 in
881 3770 68 44 the
993 3781 64 33 act
1089 3769 45 44 of

210 3832 325 53 representation,
569 3830 98 44 took
697 3831 60 43 his
804 3830 92 45 final
942 3830 124 57 shape

211 3925 57 12 ....
293 3891 128 50 Hear,
469 3909 81 37 you
597 3891 263 52 unbelievers,
912 3892 96 45 how
1039 3893 29 42 it
1100 3892 31 43 is

208 3952 123 44 done.
397 3952 32 44 It
463 3954 30 42 is
526 3969 167 38 grown;
726 3954 28 42 it
786 3952 143 57 shapes
975 3951 154 58 slowly,

207 4014 112 55 night
353 4012 54 57 by
439 4013 123 56 night.

264 4074 95 46 The
390 4074 131 46 affairs
552 4074 45 44 of
628 4074 68 45 the
723 4092 199 37 company
946 4091 107 28 were
1075 4073 54 56 by

274 4237 49 40 (3)
347 4243 65 25 see
438 4234 24 18 ,4
483 4235 80 33 The
587 4236 117 35 Mask
792 4236 81 34 Vol.
897 4236 75 42 111,
992 4237 79 33 No.
1089 4245 34 32 4.

274 4282 49 42 (4)
349 4281 272 42 Improvising
643 4291 49 24 o?i
718 4291 24 24 a
762 4282 124 41 given
908 4282 162 42 subject.

1201 181 298 80 nitesmal
1555 183 333 99 disparity,
1946 183 283 81 without
2283 217 132 66 any
2468 183 253 81 solemn
2758 184 270 81 reverbe-

1199 288 240 77 rations
1470 321 16 57 ;
1543 322 42 45 a
1640 279 315 108 disparity
2010 292 66 76 in
2130 288 247 93 which,
2434 311 70 57 at
2557 311 192 68 most,
2791 289 114 80 the
2942 289 127 83 five

1198 425 222 47 senses
1474 392 327 100 squabble
1855 393 166 80 with
2095 393 115 80 the
2283 416 113 59 ten
2468 395 596 84 commandments.

1339 498 324 81 Edoardo
1717 499 348 81 Ferravilla
2140 499 306 82 elevated
2523 523 68 57 to
2665 501 253 98 perfect
2970 524 99 59 art

1198 603 124 80 this
1376 606 376 81 somewhat
1806 607 259 80 inferior
2120 607 314 91 material,
2492 608 226 80 which
2755 641 144 47 was
2953 608 114 81 the

1194 711 296 80 material
1543 711 72 80 of
1650 712 114 80 the
1801 734 172 58 most
2008 717 263 76 ancient
2308 713 276 80 theatre.
2695 713 136 80 His
2876 736 191 78 types

1193 849 113 47 are
1361 816 114 82 the
1530 818 370 80 traditional
1956 852 195 47 ones:
2210 819 115 80 the
2378 823 213 87 miser,
2648 819 116 80 the
2808 842 222 76 preten-

1193 926 170 77 tious
1418 923 158 93 fool,
1635 923 114 81 the
1805 924 139 98 fop,
2003 924 115 80 the
2189 924 275 99 glutton,
2521 926 115 80 the
2708 926 185 91 bore,
2951 926 115 81 the

1193 1028 329 93 muddler,
1564 1030 114 80 the
1716 1030 304 94 cuckold,
2067 1031 114 80 the
2238 1030 297 92 coward,
2576 1031 113 80 the
2745 1031 316 81 libertine.

1192 1134 133 81 But
1377 1169 132 46 one
1561 1171 89 44 no
1687 1135 226 100 longer
1950 1136 395 99 recognized
2383 1136 206 82 them.
2683 1136 207 102 They
2925 1138 139 80 had

1192 1239 176 82 been
1439 1241 193 81 fused
1705 1242 218 80 afresh
1998 1246 66 77 in
2138 1242 109 80 life
2319 1242 190 81 itself.
2647 1242 206 100 They
2925 1243 137 83 had

1189 1348 320 100 acquired
1564 1384 42 44 a
1677 1347 340 102 pliability,
2074 1384 42 44 a
2191 1348 365 101 simplicity,
2614 1384 42 46 a
2728 1351 333 99 lightness,

1187 1453 227 81 which
1470 1453 159 101 they
1683 1453 306 101 formerly
2060 1453 259 83 lacked.
2432 1455 202 100 They
2693 1489 89 46 no
2836 1455 228 100 longer

1185 1561 355 81 advanced
1611 1561 345 100 insolently
2030 1582 68 59 to
2175 1561 113 81 the
2344 1562 355 98 footlights,
2756 1566 303 91 massive,

1185 1666 248 83 limned
1488 1667 135 82 and
1679 1667 317 82 coloured
2050 1672 66 75 in
2152 1667 169 82 from
2377 1668 181 81 head
2614 1689 70 61 to
2739 1670 162 81 foot.
2987 1670 74 80 In

1185 1773 116 81 the
1354 1776 195 79 miser
1602 1778 48 77 it
1703 1808 144 47 was
1900 1795 118 60 not
2060 1778 259 77 avarice
2374 1779 66 76 in
2493 1778 79 77 its
2627 1797 173 59 most
2853 1775 208 81 direct

1184 1879 521 82 manifestations
1777 1879 144 82 that
1996 1881 115 80 the
2165 1884 177 78 artist
2397 1881 354 99 portrayed
2806 1881 100 80 for
2960 1916 97 57 us,

1185 1985 121 81 but
1359 1986 115 81 the
1530 1986 312 99 complex
1897 1986 370 81 distortions
2321 1986 226 81 which
2603 1986 124 81 this
2772 1990 287 95 passion,

1184 2093 206 81 when
1446 2094 369 91 dominant,
1872 2093 331 100 produces
2257 2128 183 65 upon
2477 2094 115 81 the
2647 2098 211 76 minor
2910 2128 112 66 pas-

1182 2203 196 90 sions,
1437 2199 115 82 the
1625 2199 123 82 less
1820 2204 370 96 aggressive
2265 2204 312 87 instincts,
2634 2199 226 83 which
2914 2199 143 96 still,

1183 2309 66 76 in
1303 2306 168 81 their
1526 2328 165 69 turn,
1749 2305 159 81 seek
1961 2305 167 81 their
2182 2340 160 47 own
2397 2306 449 99 gratification.

1328 2411 71 82 In
1455 2411 115 82 the
1607 2411 325 102 betrayed
1971 2411 136 82 and
2152 2411 435 101 complaisant
2623 2411 310 82 husband
2970 2411 89 82 he

1182 2518 121 83 has
1358 2554 201 47 never
1613 2523 195 95 given
1862 2554 75 47 us
1993 2519 116 80 the
2152 2519 113 80 flat
2300 2519 136 82 and
2474 2519 350 82 ridiculous
2877 2523 147 97 igno-

1183 2630 180 96 miny
1418 2626 72 80 of
1543 2625 127 81 this
1724 2625 534 100 complaisance;
2317 2626 121 80 but
2473 2626 217 80 rather
2727 2626 116 80 the
2897 2626 158 92 dull,

1182 2735 382 97 suspicious,
1631 2731 234 82 fearful
1937 2735 329 78 corrosion
2326 2731 228 82 which
2608 2737 49 76 it
2719 2731 218 82 works
2991 2737 68 76 in

1182 2839 115 80 the
1359 2838 226 83 whole
1659 2839 207 82 moral
1940 2842 327 95 organism
2341 2839 72 79 of
2487 2838 114 81 the
2665 2872 390 66 personage.

1182 2945 55 81 It
1272 2979 144 48 was
1455 2945 113 81 the
1606 2949 371 77 coexistant
2012 2941 235 84 foibles
2283 2945 227 80 which
2547 2945 87 80 he
2674 2945 381 91 examined,

1180 3088 75 45 so
1310 3087 73 46 as
1437 3073 71 60 to
1563 3052 196 81 make
1797 3086 75 46 us
1908 3050 241 101 clearly
2189 3050 453 101 comprehend
2684 3052 188 82 what
2915 3086 144 47 was

1182 3158 115 81 the
1350 3158 317 99 principle
1720 3157 224 82 foible.

1328 3266 161 80 The
1526 3266 369 80 characters
1932 3265 226 81 which
2195 3265 88 80 he
2321 3265 269 81 created
2636 3299 183 47 were
2855 3298 202 48 never

1182 3377 209 89 static,
1432 3372 120 82 but
1590 3407 183 47 were
1810 3372 399 100 continually
2248 3372 403 100 developing
2689 3372 230 81 before
2958 3406 97 47 us.

1182 3478 205 102 They
1432 3480 254 81 neither
1740 3478 284 82 evolved
2079 3514 119 46 nor
2252 3478 327 82 achieved
2634 3477 418 83 themselves.

1182 3585 196 81 Each
1432 3585 428 100 represented
1916 3620 40 45 a
2011 3585 231 99 phase,
2283 3620 43 46 a
2382 3589 340 96 transitory
2758 3608 299 58 moment

1182 3693 69 79 of
1306 3695 79 78 its
1439 3727 159 47 own
1636 3697 167 77 vice.
1897 3692 224 81 What
2176 3692 114 80 the
2346 3713 183 60 actor
2566 3693 143 80 said
2747 3714 117 58 not
2900 3690 156 101 only

1179 3798 317 99 depicted
1552 3800 121 80 but
1726 3797 381 100 developed
2144 3798 207 82 them.
2462 3798 205 101 They
2706 3798 348 101 betrayed,

1176 3906 218 80 rather
1458 3906 162 80 than
1683 3905 372 94 confessed,
2115 3905 429 81 themselves:
2613 3905 217 80 rather
2893 3905 163 80 than

1176 4017 326 96 exposing
1565 4013 418 90 themselves,
2050 4012 161 100 they
2275 4013 271 99 peeped
2600 4035 136 58 out.
2848 4012 207 100 They

1173 4120 274 99 yielded
1488 4120 398 82 themselves
1923 4141 71 59 to
2024 4120 200 99 being
2251 4120 250 81 known
2530 4120 205 100 solely
2764 4120 292 81 because

1174 4225 160 100 they
1397 4226 240 100 sought
1700 4248 70 60 to
1833 4225 160 83 hide
2059 4225 417 83 themselves.
2612 4228 54 78 It
2730 4261 143 47 was
2938 4226 116 82 the
