3180 4498
2912 89 61 47 65

130 178 341 95 sovereign
527 177 70 77 of
651 177 116 77 the
805 197 204 78 stage,
1051 210 159 47 now
1247 178 160 98 they
1444 211 113 46 are
1601 177 203 91 relics,
1845 210 158 47 now

129 282 162 98 they
345 315 112 46 are
511 315 167 65 rags.

273 387 349 80 Ferravilla
677 390 50 77 is
783 387 203 80 dead.

270 493 132 80 But
456 526 111 47 we
622 515 264 71 cannot,
945 527 110 46 we
1111 493 207 99 ought
1373 516 116 58 not
1543 516 70 57 to
1668 494 185 80 think
1934 494 69 78 of

127 600 138 79 him
318 634 74 45 as
447 600 175 90 cold,
682 599 377 81 motionless
1113 600 136 80 and
1305 600 310 99 changed
1672 634 182 65 upon
1896 601 99 79 his

129 707 160 80 bed.

266 812 329 99 Standing
677 813 316 80 between
1056 813 98 79 his
1209 836 148 75 past
1412 815 136 78 and
1615 815 97 78 his
1787 815 208 91 tomb,

124 919 90 80 let
270 954 74 45 us
401 940 145 57 turn
600 939 69 57 to
718 920 115 77 the
879 942 167 74 past.
1141 919 148 81 We
1326 920 208 98 ought
1571 940 70 60 to
1679 924 320 76 associate

119 1027 116 78 the
270 1025 156 80 idea
463 1024 70 80 of
586 1024 99 80 his
731 1025 351 98 departure
1120 1025 165 82 with
1323 1060 185 45 some
1547 1029 205 78 vision
1792 1025 71 82 of
1900 1027 96 78 his

120 1154 118 59 art.

264 1237 194 79 Here
511 1241 53 75 is
619 1236 115 80 the
788 1237 159 80 little
1012 1237 113 80 old
1181 1273 156 46 man
1392 1237 71 80 of
1516 1239 116 80 the
1773 1240 223 79 Scena

118 1378 40 45 a
197 1364 304 78 soggetto
1027 1343 122 81 He
1188 1344 119 80 has
1362 1344 298 92 chatted,
1721 1345 87 80 he
1873 1345 119 82 has

115 1484 187 65 sung,
362 1450 87 78 he
504 1450 119 80 has
679 1450 263 81 evoked
997 1450 114 80 old
1167 1455 319 76 romantic
1540 1452 321 80 melodies
1907 1488 89 44 on

114 1556 116 80 the
294 1556 390 98 pianoforte.
796 1556 190 81 Now
1040 1560 48 76 it
1140 1561 52 75 is
1232 1557 129 80 late
1398 1557 136 80 and
1572 1559 88 78 he
1713 1563 51 76 is
1802 1560 190 81 tired.

118 1662 124 81 He
279 1668 152 75 rises
477 1663 167 81 with
699 1697 87 46 an
823 1664 189 80 effort
1066 1663 168 81 from
1289 1664 115 80 the
1434 1665 340 93 armchair,
1809 1667 183 80 takes

113 1770 100 80 his
256 1770 261 92 candle,
557 1804 230 47 moves
825 1770 254 100 slowly,
1120 1771 231 100 slowly
1407 1772 289 81 forward
1754 1795 69 57 to
1878 1773 114 80 the

111 1876 173 79 front
337 1875 72 80 of
464 1875 115 80 the
640 1898 209 77 stage,
889 1898 177 58 turns
1121 1878 293 81 towards
1470 1878 115 80 the
1639 1879 349 92 audience,

114 1982 196 81 bows
364 1983 277 98 slightly,
702 1983 137 80 and
894 2017 169 64 says,
1122 1984 165 80 with
1342 2020 42 44 a
1421 1984 185 81 small
1644 1987 347 99 trembling

111 2092 211 89 voice,
458 2090 238 80 Buona
1082 2095 80 75 A
1218 2091 180 81 head
1454 2091 258 93 shakes,
1754 2129 39 43 a
1832 2093 159 80 little

111 2195 164 81 bow
339 2196 330 92 trembles,
729 2232 42 44 a
843 2196 160 98 light
1084 2201 259 94 quivers
1425 2203 67 76 in
1574 2200 114 80 the
1770 2201 221 80 feeble

110 2302 233 91 hand;
401 2303 135 79 and
591 2337 114 46 we
758 2339 184 44 seem
1014 2304 121 79 still
1199 2326 69 58 to
1341 2341 114 45 see
1527 2305 464 102 disappearing

109 2411 67 76 in
249 2407 115 81 the
439 2408 297 80 distance
811 2410 116 80 the
980 2408 161 99 light
1197 2411 228 81 which
1497 2412 318 81 illumines
1892 2415 99 78 his

109 2548 179 66 way,
348 2515 115 80 the
519 2515 160 99 light
753 2516 226 82 which
1033 2539 140 57 cast
1229 2518 249 99 gleams
1533 2520 71 80 of
1665 2529 114 90 joy
1853 2524 137 77 into

111 2655 120 45 our
287 2620 129 82 life.

2050 173 107 43 short
2189 190 118 38 space
2339 173 44 45 of
2413 174 108 52 time,
2555 194 23 25 a
2603 175 80 45 few
2704 176 102 45 brief
2828 178 132 53 hours,

2051 232 82 44 and
2166 250 63 27 we
2262 251 66 26 are
2361 235 112 44 there
2503 247 42 32 to
2578 239 119 55 enjoy
2729 239 113 43 those
2864 240 103 45 brief

2053 293 117 44 hours
2201 312 45 25 or
2279 312 64 26 we
2375 313 67 26 are
2474 308 69 32 not
2575 308 86 33 true
2684 297 221 59 playgoers.

2112 354 104 43 And
2250 355 177 44 without-
2450 359 185 54 meaning
2657 370 41 32 to
2730 358 52 44 be
2814 362 42 42 in
2889 378 78 39 any

2052 431 90 39 way
2173 413 178 57 flippant,
2401 416 150 45 indeed
2599 420 187 54 meaning
2832 432 43 33 to
2912 421 52 44 be

2053 486 99 32 most
2201 477 160 49 serious,
2394 476 15 44 I
2462 477 137 45 would
2653 497 69 37 say
2771 481 82 44 that
2907 500 66 28 we

2051 534 143 45 should
2227 536 174 57 possibly
2433 539 121 56 enjoy
2583 538 69 45 the
2695 540 104 44 brief
2830 541 118 57 glimp-

2051 614 59 25 ses
2147 614 78 38 any
2268 597 44 43 of
2342 616 44 25 us
2419 609 63 44 get
2533 598 45 44 of
2608 599 156 56 politics
2813 602 53 44 all
2899 603 69 45 the

2051 673 121 33 more,
2207 656 32 43 if
2270 675 63 26 we
2366 658 136 44 would
2533 659 92 44 take
2657 662 29 43 it
2719 679 42 26 as
2785 680 63 27 we
2871 663 93 44 take

2049 717 68 44 the
2149 717 93 56 play
2276 736 174 26 ....cease
2498 732 43 32 to
2592 721 94 55 fight
2738 721 122 47 about
2914 726 49 42 its

2050 779 202 53 meanings
2284 778 82 45 and
2409 779 154 46 abstain
2605 782 218 55 altogether
2861 783 104 45 from

2049 838 217 56 wrangling
2296 839 122 45 about
2451 842 47 42 its
2521 841 199 56 readings.

2107 898 200 45 Whether
2340 901 66 44 the
2441 901 85 44 2nd
2560 904 121 43 witch
2718 905 42 42 in
2806 913 11 15 4
2841 904 93 46 Mac-

2046 958 97 44 beth
2166 959 10 14 '
2225 960 143 45 should
2411 980 69 38 say
2525 970 25 15 44
2589 963 107 44 Cool
2737 965 29 43 it
2800 967 99 43 with
2944 985 24 26 a

2046 1020 203 44 Baboon's
2272 1021 125 44 blood
2486 1041 56 32 or,
2580 1032 26 16 44
2630 1024 105 45 Cool
2768 1027 28 42 it
2821 1027 99 43 with
2943 1045 24 27 a

2045 1080 225 55 Dragoon's
2294 1082 122 45 blood
2495 1086 31 40 is
2561 1085 189 57 certainly
2773 1098 70 33 not
2865 1106 95 39 easy

2044 1153 42 32 to
2123 1141 163 46 decide.

2106 1203 56 43 So
2195 1204 119 43 much
2346 1204 123 56 hangs
2500 1207 42 42 in
2564 1208 67 43 the
2654 1207 168 46 balance
2844 1211 114 45 twixt

2045 1262 170 45 Baboon
2248 1264 81 45 and
2364 1266 208 56 Dragoon.

2104 1324 103 44 And
2262 1325 158 45 besides
2468 1330 31 41 is
2547 1329 76 43 this
2672 1329 87 45 2nd
2808 1331 122 44 witch
2951 1350 11 32 ;

2043 1402 45 25 or
2120 1403 23 25 a
2175 1387 177 54 misprint
2386 1387 61 44 for
2471 1388 76 44 3rd
2581 1390 121 44 witch
2722 1396 18 38 ?
2804 1391 156 45 Which

2044 1446 120 44 witch
2187 1459 101 31 must
2310 1448 150 57 always
2483 1451 88 54 give
2594 1469 43 26 us
2660 1469 137 38 pause.
2820 1452 140 45 There

2044 1524 66 26 are
2157 1507 111 44 three
2317 1510 176 51 witches,
2545 1512 159 57 namely
2754 1514 63 49 Ist,
2872 1513 87 44 2nd

2044 1566 81 45 and
2159 1568 104 52 3rd;
2314 1570 68 44 but
2415 1571 96 44 then
2560 1572 111 45 there
2719 1575 31 42 is
2799 1573 164 45 Hecate

2042 1628 82 44 that
2159 1630 134 44 makes
2327 1630 89 46 four
2437 1650 11 33 ;
2482 1632 81 44 and
2596 1634 111 43 there
2740 1636 31 42 is
2804 1654 25 25 a
2851 1634 107 57 large

2041 1707 123 38 group
2187 1690 43 44 of
2262 1694 316 53 super-witches,
2614 1702 25 16 44
2665 1696 126 44 Black
2824 1697 131 54 spirits

2041 1749 81 45 and
2176 1770 105 38 grey,
2317 1754 98 54 pink
2462 1756 128 54 spirits
2623 1756 81 44 and
2738 1758 110 53 grein

2100 1811 103 44 And
2226 1813 170 51 besides,
2423 1816 175 55 possibly
2630 1817 68 43 the
2730 1819 149 54 printer
2912 1818 46 44 of

2037 1871 68 45 the
2152 1872 77 45 first
2263 1874 98 44 folio
2392 1875 120 44 made
2544 1895 104 26 even
2681 1895 111 26 more
2825 1895 129 27 errors

2037 1931 98 46 than
2176 1935 52 43 he
2269 1935 159 45 himself
2472 1954 82 27 was
2598 1955 133 27 aware
2778 1939 53 44 he
2874 1956 87 28 was

2039 1994 174 56 making.

2099 2054 115 46 Who
2247 2056 142 46 knows
2409 2063 19 39 ?

2098 2179 38 52 Cj
2157 2179 124 52 Well,
2316 2201 41 24 as
2390 2182 111 45 there
2534 2186 31 42 is
2599 2185 150 54 always
2773 2206 191 27 someone

2039 2241 94 43 who
2165 2242 81 43 will
2280 2243 50 43 be
2353 2245 96 43 wise
2472 2246 157 55 enough
2651 2259 42 31 to
2716 2247 50 45 be
2790 2248 165 56 pleased

2037 2301 31 43 if
2090 2319 63 26 we
2176 2304 89 42 take
2289 2304 80 44 him
2393 2317 42 32 to
2469 2305 50 44 be
2551 2325 24 25 a
2608 2306 94 52 fool,
2727 2327 57 32 so,
2811 2309 53 45 let
2891 2330 58 31 us,

2038 2362 119 44 when
2189 2376 38 31 at
2261 2382 23 24 a
2316 2366 151 42 theatre
2500 2385 44 25 or
2577 2367 139 45 before
2750 2370 68 44 the
2851 2372 83 54 poli-

2037 2422 91 45 tical
2160 2426 204 43 situations
2410 2426 45 44 of
2485 2427 67 44 the
2585 2427 80 58 day
2714 2432 80 43 and
2838 2431 115 52 hour,

2037 2485 81 53 join
2151 2485 60 43 his
2242 2504 199 39 company
2488 2488 82 44 and
2618 2490 51 43 be
2717 2503 164 33 content
2914 2505 40 33 to

2040 2546 121 43 know
2194 2564 54 25 no
2281 2565 109 26 more
2421 2548 97 44 than
2550 2551 65 43 he.

2098 2605 136 45 There
2266 2608 32 42 is
2331 2626 23 24 a
2385 2626 164 38 passage
2571 2610 103 43 from
2697 2611 75 44 this
2794 2611 94 58 play
2908 2613 44 44 of

2041 2675 10 15 4
2077 2666 195 45 Macbeth
2295 2668 10 13 '
2340 2670 134 44 which
2505 2671 15 43 I
2550 2671 84 44 find
2667 2672 68 44 the
2766 2674 132 44 wisest
2921 2676 42 42 in

2040 2728 52 43 all
2124 2728 289 56 Shakespeare,
2448 2731 81 44 and
2561 2732 68 43 the
2672 2745 101 32 most
2805 2733 155 46 solemn

2040 2806 163 38 passage
2234 2789 14 44 I
2296 2791 120 45 know
2463 2794 42 43 in
2548 2792 53 44 all
2643 2792 200 46 literature
2867 2796 84 57 (1).

2039 2849 105 45 And
2177 2850 96 45 here
2305 2853 29 42 it
2367 2853 61 44 is:

2041 2956 62 33 All
2120 2957 112 34 three
2255 2957 177 34 witches.
2469 2959 99 34 Seek
2585 2961 37 31 to
2640 2960 112 33 know
2769 2970 49 24 no
2835 2972 121 25 more.

2041 3003 201 33 Macbeth.
2269 3005 24 31 I
2303 3003 84 33 will
2399 3004 45 33 be
2458 3005 197 41 satisfied:
2674 3007 99 41 deny
2788 3017 60 23 me
2865 3008 91 42 this,

2039 3049 94 34 And
2145 3059 54 23 an
2215 3050 155 32 eternal
2382 3059 113 24 curse
2503 3050 86 41 fall
2602 3062 49 23 on
2672 3062 76 32 you
2760 3055 18 31 I
2806 3054 70 32 Let
2899 3065 60 23 me

2809 3098 152 46 \know\z

2044 3140 97 39 Why
2157 3140 107 34 sinks
2281 3141 85 33 that
2389 3141 189 34 cauldro?i
2592 3144 23 33 f
2630 3143 82 34 and
2726 3144 107 33 what
2848 3146 110 33 noise

2770 3189 49 44 [/>
2845 3191 78 34 this
2935 3193 25 33 f

2267 3233 102 34 First
2394 3233 135 35 witch.
2579 3234 149 35 Show!

2264 3281 88 32 Sec.
2376 3280 136 33 witch.
2582 3281 118 33 Show
2714 3283 17 31 !

2264 3325 125 34 Third
2413 3325 134 35 witch.
2582 3327 148 33 Show!

2035 3368 79 35 All.
2162 3371 117 33 Show
2296 3372 61 33 his
2373 3381 98 33 eyes,
2490 3373 83 33 and
2580 3373 141 40 grieve
2736 3373 61 34 his
2815 3374 138 39 heart;

2039 3416 114 34 Come
2176 3417 76 33 like
2275 3417 192 40 shadows,
2492 3428 43 22 so
2559 3419 139 40 depart
2715 3421 16 31 I

2095 3506 97 45 You
2224 3526 67 27 are
2323 3520 69 33 not
2424 3508 174 51 thrilled,
2634 3510 144 45 Semar
2794 3516 19 39 ?

2094 3568 129 58 Why,
2255 3588 42 24 as
2332 3569 13 44 I
2377 3572 114 42 write
2537 3571 29 43 it
2599 3583 70 32 out
2700 3572 16 44 I
2747 3583 89 33 turn
2858 3572 95 45 cold

2035 3629 83 46 and
2150 3630 69 44 hot
2251 3631 96 51 and,
2382 3650 42 24 as
2461 3631 69 44 the
2577 3631 72 45 last
2698 3633 116 45 word
2864 3633 88 45 dies

2037 3708 117 39 away
2185 3691 15 44 I
2231 3709 107 27 seem
2370 3704 43 32 to
2435 3710 66 26 see
2524 3711 42 25 as
2588 3695 29 42 it
2640 3711 107 27 were
2769 3712 25 26 a
2814 3694 137 45 whole

2037 3751 129 46 world
2199 3753 162 54 grieved
2393 3765 43 31 to
2467 3753 122 45 death
2626 3755 55 56 by
2710 3754 242 58 obstinately

2035 3813 84 44 and
2166 3813 155 58 cockily
2352 3814 247 57 demanding
2629 3827 42 33 to
2703 3814 53 45 be
2777 3815 174 46 satisfied

2038 3875 123 43 about
2194 3875 52 43 all
2279 3876 142 55 things.

2629 3936 148 52 Yours,

2667 3998 53 46 E.
2751 3999 60 45 G.
2844 3999 55 45 C.

2112 4250 48 40 (i)
2187 4250 79 34 Act
2287 4250 71 40 IV,
2383 4249 123 36 Scene
2529 4259 34 26 /.
