2352 4076
667 307 66 48 m

596 306 18 16 Ps
616 306 4 16 m
621 308 19 14 A
640 306 3 16 w
644 307 21 15 ;£
667 307 45 15 £&&
811 306 14 16 :;
826 308 42 14 wv

793 354 75 56 m

245 393 355 110 iORM

840 429 29 72 I

249 523 141 46 »S«

568 561 259 98 BHD

470 594 92 27 OCH

827 630 45 59 I

554 664 46 19 «?5R

949 289 111 45 The
1124 294 256 54 principal
1444 293 221 46 Artistic
1729 297 106 44 and
1904 298 243 56 Literary

950 373 327 53 publication
1311 378 53 42 of
1395 378 376 45 Scandinavia.
2074 392 71 37 j&

949 466 189 54 Yearly
1192 470 358 55 subscription
1616 471 219 46 Francs:
1885 487 64 31 20

980 614 330 49 Wahlstrom
1348 621 44 43 &
1424 621 333 53 Widstrand,
1790 623 312 46 Stockholm

1084 707 478 53 Published
1598 715 292 47 Month
1912 716 26 46 1
1946 731 50 47 y

404 1006 274 69 THE
787 1011 610 77 MOSHER
1493 1017 478 69 BOOKS

387 1105 44 25 £>
1359 1101 210 33 MDCC
1594 1103 29 31 C
1644 1105 46 29 X
1713 1105 29 30 C
1764 1106 45 30 I-
1822 1106 48 30 M
1891 1106 155 34 CMV
2065 1110 24 29 I
2108 1111 24 29 I
2151 1111 25 29 I
1943 1119 46 25 £>

216 1172 71 29 For
310 1180 21 22 a
347 1174 119 30 dozen
489 1182 111 29 years
616 1175 65 29 the
699 1176 99 30 most
813 1177 152 30 artistic
979 1177 173 31 volumes
1167 1180 40 29 at
1223 1180 103 30 their
1341 1182 103 35 price
1460 1183 87 30 that
1562 1184 94 31 have
1674 1186 95 29 been
1787 1186 127 29 issued
1932 1186 39 29 in
1987 1186 173 30 America

216 1224 93 31 have
333 1226 95 29 been
451 1226 214 37 published,
691 1229 67 29 not
779 1227 99 31 from
902 1230 88 29 New
1007 1230 102 30 York
1138 1239 43 21 or
1202 1233 155 36 Boston,
1381 1241 70 22 nor
1476 1243 95 22 even
1595 1237 37 29 in
1658 1237 263 36 Philadelphia
1937 1245 44 22 or
1999 1238 160 37 Chicago

216 1277 68 29 but
307 1277 31 29 it
362 1277 196 38 Portland,
576 1279 138 30 Maine.
732 1281 39 28 In
795 1281 86 29 that
904 1280 100 30 little
1028 1283 77 36 city
1129 1282 160 32 Thomas
1326 1286 37 28 B.
1397 1287 152 29 Mosher
1572 1288 68 29 has
1665 1289 96 28 been
1784 1289 187 36 printing,
1994 1290 165 31 without

214 1328 160 30 flourish
391 1329 39 29 of
445 1331 192 35 trumpets
660 1338 43 22 or
719 1332 96 29 wide
833 1333 249 37 advertising,
1105 1335 151 30 volume
1272 1335 101 31 after
1388 1337 151 31 volume
1562 1340 124 29 which
1710 1340 39 29 in
1773 1341 153 28 artistic
1948 1341 211 31 excellence

214 1388 65 22 are
296 1382 69 29 not
380 1381 164 30 excelled
570 1383 47 36 by
640 1383 66 30 the
730 1384 121 29 issues
867 1383 38 30 of
921 1393 74 29 any
1018 1385 219 38 publishing
1260 1388 118 30 house
1395 1390 38 28 in
1450 1390 67 30 the
1540 1390 133 30 world.
1697 1390 118 38 Then,
1831 1393 78 36 too,
1926 1394 151 29 Mosher
2093 1394 66 30 has

213 1434 196 34 reprinted
435 1433 88 37 only
544 1434 67 29 the
628 1443 104 27 gems
749 1435 39 30 of
810 1436 202 31 literature
1028 1438 87 29 that
1133 1439 94 30 have
1246 1441 94 28 been
1358 1441 175 31 declared
1557 1442 39 30 of
1610 1443 67 29 the
1693 1442 90 31 first
1797 1445 141 36 water;
1955 1453 103 28 gems
2074 1446 86 30 that

214 1491 78 30 are,
316 1485 146 36 beyond
487 1485 204 38 objection,
715 1486 128 36 jewels
877 1488 38 29 of
937 1489 66 29 the
1026 1490 154 30 world's
1212 1492 178 37 treasury
1414 1493 39 30 of
1475 1494 174 30 brilliant
1682 1496 171 36 writing.
1878 1497 65 29 We
1972 1505 84 29 may
2079 1499 79 29 also

213 1538 124 28 assert
358 1538 87 28 that
467 1538 66 30 the
557 1540 176 35 question
758 1539 39 30 of
819 1541 87 35 gain
924 1542 67 29 has
1009 1542 94 29 been
1127 1544 212 36 secondary
1366 1545 38 29 in
1429 1546 186 31 Mosher's
1639 1546 261 32 calculations.
1926 1550 51 28 He
2001 1550 67 30 has
2089 1551 70 35 put

213 1590 69 28 out
303 1597 92 29 very
418 1589 108 31 small
550 1591 177 36 editions,
744 1592 72 30 and
835 1593 46 29 he
899 1593 65 30 has
981 1595 108 28 made
1106 1595 105 30 them
1228 1603 41 22 so
1287 1597 187 30 beautiful
1492 1598 38 29 in
1548 1597 49 32 all
1613 1599 87 30 that
1716 1608 182 23 concerns
1915 1601 101 30 their
2032 1602 127 30 make-

213 1648 49 28 up
285 1641 87 30 that
393 1642 31 28 it
448 1643 30 28 is
501 1642 176 30 doubtful
701 1643 29 29 if
753 1644 46 29 he
823 1644 68 30 has
913 1653 91 22 ever
1027 1648 146 35 gauged
1190 1648 67 29 the
1275 1650 251 34 expenditure
1545 1651 47 36 by
1608 1651 66 30 the
1691 1651 162 36 possible
1875 1653 129 36 profit.
2021 1655 136 29 Never-

211 1692 157 38 theless,
391 1694 47 30 he
462 1695 103 29 must
588 1695 94 29 have
706 1697 98 29 done
827 1704 55 29 so,
906 1698 70 28 but
999 1698 38 29 in
1063 1699 115 36 doing
1200 1707 41 23 so
1267 1700 47 30 he
1338 1702 143 29 excites
1504 1710 71 22 our
1599 1703 243 31 admiration.

213 1745 93 30 GUY
330 1745 239 33 CARLETON
593 1746 85 32 LEE
701 1748 38 29 in
764 1747 205 31 Baltimore
992 1750 78 29 Sun
1087 1749 60 31 for
1164 1752 85 29 Dec.
1273 1751 51 36 18,
1942 1763 45 24 jg/

212 1796 73 38 My
307 1804 90 23 new
424 1797 219 39 Catalogue
714 1807 22 22 a
757 1799 240 32 remarkable
1021 1803 103 34 piece
1148 1803 38 29 of
1209 1803 225 31 book-work
1457 1806 39 28 in
1526 1806 105 30 itself
1703 1807 168 36 explains
1894 1810 77 29 this
1995 1810 162 29 unusual

212 1848 257 38 compliment,
499 1851 73 28 and
604 1851 31 29 is
665 1853 87 28 sent
781 1851 87 30 free
897 1861 50 21 on
971 1855 160 35 request
1155 1855 41 29 to
1221 1855 242 31 book-lovers
1493 1858 202 36 anywhere
1718 1860 86 29 that
1828 1868 68 21 can
1929 1862 43 28 be
1995 1860 161 32 reached

212 1902 47 35 by
283 1900 101 30 mail.
408 1903 62 35 My
505 1902 226 36 Catalogues
753 1911 65 22 are
854 1905 67 28 not
944 1906 107 28 made
1087 1913 49 29 up
1159 1905 40 30 of
1221 1907 62 29 old
1319 1908 71 29 and
1416 1908 219 38 hackneyed
1671 1912 221 35 quotations
1927 1914 231 35 concerning

212 1952 131 30 books.
367 1954 78 29 You
470 1961 65 23 are
559 1956 68 28 not
648 1956 163 28 wearied
837 1956 47 36 by
947 1964 22 21 a
990 1956 102 35 jollie
1117 1959 94 34 good
1237 1958 98 30 book
1408 1959 117 37 jingle
1548 1962 73 29 and
1645 1962 87 30 that
1754 1964 83 28 sort
1870 1963 38 29 of
1929 1964 126 37 thing,
2089 1965 70 28 but

211 2012 73 29 you
309 2012 64 22 are
397 2006 150 29 treated
585 2008 40 27 to
648 2014 104 22 some
789 2015 92 29 very
917 2008 176 37 genuine
1124 2016 122 30 prose
1283 2010 37 29 c&
1358 2018 117 23 verse
1512 2014 68 28 not
1615 2012 118 31 found
1771 2015 38 28 in
1834 2022 114 29 every
1973 2017 65 28 cut
2068 2017 93 28 and-

212 2056 321 37 decidedly-dried
558 2058 219 37 anthology.
1597 2071 45 24 &
1769 2072 46 25 jgr
1942 2072 219 25 &/j&

522 2128 189 33 THOMAS
735 2131 39 30 B.
798 2131 189 34 MOSHER
1119 2133 255 33 PORTLAND.
1398 2136 145 31 MAINE
1587 2143 45 24 &
1677 2137 42 30 U.
1745 2138 38 29 S.
1807 2140 42 28 A.

208 2387 61 64 A
338 2387 695 76 PORTFOLIO
1100 2390 144 66 OF
1313 2392 642 71 ETCHINGS.

378 2512 112 81 By
533 2514 305 66 Gordon
884 2514 231 84 Craig
1303 2519 193 64 with
1547 2540 45 45 a
1641 2522 325 79 preface.
2052 2519 104 54 &

361 2617 123 38 thirty
506 2617 200 36 portfolios
729 2619 77 30 will
830 2621 46 28 be
899 2621 140 34 issued,
1063 2620 184 38 although
1271 2623 65 29 ten
1355 2630 43 23 or
1413 2624 148 36 twenty
1577 2624 209 30 additional
1810 2626 126 34 copies
1952 2625 39 30 of
2006 2633 103 23 some
2126 2625 38 30 of

274 2669 67 29 the
364 2668 122 37 plates
510 2669 76 30 will
612 2671 44 29 be
679 2671 153 35 printed
856 2673 205 36 according
1082 2674 42 29 to
1146 2674 68 29 the
1239 2675 194 29 condition
1451 2674 38 30 of
1509 2675 67 30 the
1597 2675 115 36 plate.
1736 2676 77 30 The
1837 2676 123 36 plates
1976 2677 77 30 will
2069 2677 93 31 then

214 2721 44 28 be
282 2721 215 36 destroyed.
522 2721 97 31 Each
643 2721 180 36 portfolio
846 2722 78 31 will
948 2724 45 30 be
1018 2725 222 30 numbered.
1258 2726 97 30 Each
1380 2728 59 28 set
1456 2728 162 28 consists
1634 2726 38 31 of
1688 2727 137 30 twelve
1849 2729 154 35 designs
2020 2728 143 38 loosely

214 2773 181 29 mounted
421 2780 48 22 on
493 2780 92 30 grey
608 2775 87 28 card
719 2775 73 29 and
818 2776 201 29 contained
1043 2777 39 29 in
1106 2785 21 21 a
1151 2785 92 29 grey
1267 2776 102 31 cloth
1400 2778 71 29 box
1493 2778 180 36 portfolio
1696 2780 94 29 with
1814 2778 227 39 fastenings.
2066 2781 97 31 Each

213 2823 103 36 plate
339 2825 32 29 is
393 2825 132 36 signed
551 2826 47 36 by
619 2826 67 29 the
709 2827 127 29 artist.
941 2829 84 30 Size
1049 2827 38 31 of
1108 2828 181 36 portfolio
1312 2829 116 36 48x30
1452 2831 109 29 ctms.
1694 2832 170 36 Average
1888 2832 77 31 size
1989 2832 39 30 of
2049 2833 115 36 plate.

215 2882 37 30 14
276 2875 58 40 2/3
347 2875 37 48 xl
403 2875 18 48 5
440 2875 56 48 2/3
519 2879 110 29 ctms.
652 2878 77 30 The
752 2880 103 34 price
877 2879 61 30 for
960 2888 22 22 a
1004 2880 180 36 portfolio
1199 2881 77 30 will
1294 2883 46 27 be
1364 2883 37 28 L.
1426 2882 38 29 16
1478 2889 66 24 .o.
1557 2890 35 29 o,
1609 2884 82 36 (400
1709 2883 139 31 Francs
1865 2892 43 22 or
1924 2892 68 28 320
2008 2884 156 39 Marks).

214 2927 149 52 'Tphese
386 2929 176 37 etchings
583 2937 101 23 were
709 2931 109 30 made
842 2932 47 36 by
911 2932 67 29 the
1002 2933 114 29 artist
1132 2935 37 27 in
1186 2933 67 30 the
1277 2934 139 35 Spring
1439 2933 38 30 of
1500 2942 85 29 1907
1602 2936 40 28 at
1659 2935 196 37 Florence,
1872 2938 73 28 and
1963 2938 202 35 represent

276 2980 58 30 his
358 2982 100 28 most
480 2982 146 29 serious
649 2982 120 30 work.
795 2983 216 30 Connected
1029 2992 41 21 as
1091 2985 93 36 they
1207 2992 65 22 are
1295 2985 93 30 with
1410 2985 58 30 his
1491 2987 129 29 dream
1646 2986 37 30 of
1699 2996 48 21 an
1765 2988 98 29 Ideal
1881 2988 177 37 Theatre,
2074 2989 90 36 they

214 3032 38 28 in
277 3039 48 22 no
348 3040 83 29 way
454 3033 94 30 have
572 3034 187 36 anything
781 3035 38 28 in
845 3043 173 22 common
1040 3036 94 29 with
1158 3036 66 30 the
1249 3037 157 30 modern
1430 3039 120 35 stage.

254 3084 421 32 Movementwrites
698 3087 59 29 Mr
781 3087 124 36 Craig,
964 3095 78 22 was
1065 3089 40 28 at
1126 3088 67 29 the
1223 3090 107 28 roots
1360 3088 39 31 of
1427 3090 66 29 the
1510 3091 164 30 Ancient
1698 3091 163 31 Theatre
1878 3093 73 28 and
1975 3092 76 31 will
2076 3100 88 23 ever

252 3137 145 28 remain
421 3137 68 29 the
511 3145 92 28 very
626 3137 160 31 Essence
810 3137 39 31 of
870 3139 66 29 the
960 3140 82 29 Art.

253 3188 65 29 We
336 3189 102 28 must
452 3188 186 30 translate
652 3190 218 30 Movement
885 3191 166 36 through
1065 3191 67 30 the
1146 3192 164 28 medium
1325 3190 38 31 of
1374 3192 211 32 inanimate
1600 3194 119 30 forms
1732 3196 72 29 and
1821 3196 163 36 thereby
2001 3197 164 35 produce

252 3246 93 23 once
369 3248 104 22 more
497 3248 47 22 an
569 3241 231 36 Impersonal
824 3243 69 29 Art
915 3243 123 29 which
1062 3243 95 29 shall
1181 3243 91 30 take
1296 3244 50 30 its
1375 3244 106 36 place
1512 3247 49 37 by
1589 3247 68 29 the
1688 3248 81 28 side
1800 3246 39 30 of
1862 3248 50 29 its
1943 3249 77 28 two
2051 3250 114 28 sister

252 3293 101 33 Arts,
372 3293 119 29 Music
520 3294 73 29 and
625 3294 267 30 Architecture
1429 3304 46 25 &
1602 3305 46 25 &
1776 3306 45 24 &
1948 3305 46 25 &

698 3396 495 76 ORDER
1318 3398 394 76 FORM

212 3509 64 30 To
320 3511 104 30 The
470 3511 356 39 Publishers,

211 3561 75 30 The
310 3563 182 31 Editorial
517 3563 118 31 Office
658 3564 39 30 of
759 3565 76 30 The
858 3564 108 31 Mask
1028 3564 35 38 8,
1088 3566 122 37 Borgo
1233 3568 74 29 San
1324 3568 141 36 Jacopo
1494 3576 36 28 p.
1546 3577 35 22 2.
1599 3568 193 31 Florence.
1818 3569 106 37 Italy.
2119 3574 45 25 &

211 3612 130 32 Please
357 3616 92 29 send
467 3623 58 22 me
541 3617 67 29 the
625 3617 185 29 Portfolio
826 3616 39 30 of
882 3618 181 35 Etchings
1079 3618 48 37 by
1158 3618 158 31 Edward
1346 3622 151 28 Gordon
1526 3622 125 36 Craig,
1681 3622 39 29 in
1747 3624 182 35 payment
1955 3621 61 30 for
2042 3621 122 30 which

211 3665 13 28 I
260 3666 151 31 enclose
440 3668 66 29 the
536 3676 84 22 sum
651 3669 39 29 of
720 3671 39 29 L.
789 3669 126 38 16.0.0,
945 3671 60 36 (or
1034 3677 69 29 400
1133 3671 139 31 Francs
1302 3680 45 22 or
1376 3680 68 28 320
1475 3673 144 38 Marks)
1774 3681 46 24 &

209 3717 139 35 Signed

211 3768 177 31 Address.
