2260 3980
159 189 65 33 162

157 272 282 37 performances
462 277 64 23 are
550 270 110 37 given
685 271 47 36 by
761 269 67 29 the
858 268 115 37 Royal
996 269 121 35 Opera

156 323 176 38 (French)
344 324 112 29 twice
469 331 21 21 a
501 321 109 30 week
622 321 73 29 and
705 328 115 28 every
832 321 111 29 other
951 321 165 36 Sunday.

157 377 39 29 In
210 384 21 22 a
242 375 105 36 large
361 374 87 37 hall,
461 374 91 37 (The
566 374 72 29 Het
655 373 193 36 Gebouw),
862 373 67 29 not
942 373 175 29 however

156 429 129 29 better
302 427 113 29 fitted
432 425 60 31 for
507 424 202 30 theatrical
726 423 281 37 performances
1022 424 93 29 than

155 480 87 29 that
264 478 38 30 of
324 479 66 29 the
423 477 86 37 Zoo,
532 476 146 31 several
713 476 123 30 Dutch
860 477 73 28 and
967 475 149 37 foreign

156 531 216 37 companies
395 529 78 30 also
490 531 73 28 act.
581 529 113 30 Their
715 528 181 29 financial
918 535 151 22 success
1085 529 31 28 is

155 591 49 22 on
227 583 66 30 the
315 581 124 31 whole
461 590 92 28 very
576 579 196 31 doubtful:
803 579 89 37 only
922 581 195 34 operettas

157 637 38 28 in
210 635 123 30 Dutch
346 634 250 30 translations
612 641 43 21 or
671 634 39 27 in
724 633 162 29 German
900 639 64 22 are
978 631 138 37 always

155 686 223 36 applauded.

155 739 77 29 The
255 737 154 38 general
426 737 128 36 public
576 744 90 30 goes
682 737 40 28 to
738 736 66 29 the
823 735 113 37 Royal
953 735 162 30 Theatre

155 791 73 29 and
246 791 99 29 most
361 789 38 31 of
413 790 66 29 the
495 788 199 37 playgoers
714 789 158 28 content
887 787 228 30 themselves

154 842 94 30 with
282 842 66 30 the
378 840 283 37 performances
684 840 111 36 given
829 840 48 35 by
909 839 67 29 the
1009 838 105 37 royal

155 902 183 29 company
387 893 97 30 from
540 893 251 30 Amsterdam.
856 891 141 30 Artists
1041 891 72 29 and

154 947 172 35 authors,
350 946 228 35 however,...
602 945 38 28 in
663 943 78 30 fact
762 943 67 30 the
853 944 153 36 greater
1028 943 88 35 part

154 997 38 30 of
214 998 65 29 the
304 1005 104 22 more
442 996 159 37 literary
624 997 73 28 and
731 996 151 29 artistic
904 994 139 36 public,
1066 994 47 29 do

154 1050 67 29 not
244 1048 195 38 generally
458 1048 92 30 seek
573 1048 152 29 artistic
748 1046 221 37 enjoyment
991 1046 125 29 there.

152 1102 101 29 Most
267 1102 127 28 critics
407 1108 65 22 are
488 1100 134 29 rather
636 1107 132 22 severe
785 1099 118 29 about
917 1098 66 28 the
1001 1096 114 37 Royal

154 1154 203 36 Company,
387 1152 123 30 which
541 1153 32 29 is
601 1152 66 29 the
691 1150 88 37 only
805 1158 72 22 one
900 1149 214 29 subsidized

154 1206 47 36 by
226 1206 75 29 Her
323 1204 162 37 Majesty
507 1204 66 30 the
598 1204 142 35 Queen.
763 1202 76 30 The
858 1201 258 30 Government

154 1258 91 29 does
269 1258 67 28 not
362 1256 189 31 subsidize
575 1263 74 28 any
670 1255 166 29 theatre.

154 1309 108 30 From
286 1310 93 28 time
402 1310 40 28 to
465 1309 94 29 time
582 1316 22 21 a
628 1306 75 31 few
735 1313 128 29 young
886 1304 132 30 artists
1042 1303 72 29 and

152 1363 209 34 amateurs,
383 1361 174 29 desirous
580 1358 38 30 of
642 1359 178 35 bringing
836 1357 69 28 Art
928 1364 48 21 on
992 1356 40 28 to
1049 1355 66 29 the

153 1415 121 34 stage,
287 1413 218 30 endeavour
516 1413 40 28 to
573 1410 126 36 please
714 1409 266 29 connoisseurs
994 1407 122 30 under

153 1465 65 29 the
242 1464 81 30 lead
359 1464 38 29 of
430 1471 71 22 one
525 1470 43 22 or
594 1464 76 27 two
693 1460 86 30 well
814 1460 138 29 known
976 1460 138 28 actors.

154 1517 74 30 But
251 1516 267 29 connoisseurs
552 1521 64 23 are
639 1512 87 37 few,
756 1512 73 29 and
853 1519 41 21 as
916 1511 66 29 the
1006 1510 110 37 great

153 1568 177 37 majority
354 1566 38 31 of
413 1568 67 28 the
503 1567 129 36 public
647 1564 88 37 only
751 1571 91 29 pays
866 1563 190 29 attention
1074 1563 40 28 to

152 1620 104 30 them
300 1627 41 22 so
385 1618 90 37 long
512 1626 40 22 as
587 1618 68 29 the
692 1616 214 35 enterprise
943 1622 85 28 may
1069 1615 45 28 be

152 1672 222 30 considered
399 1679 40 21 as
473 1678 83 22 new
580 1669 73 30 and
677 1676 105 21 more
806 1675 43 22 or
872 1666 74 31 less
969 1674 21 21 a
1013 1666 102 35 topic

152 1723 38 31 of
204 1724 67 30 the
287 1724 84 36 day,
387 1723 92 36 they
495 1723 46 29 do
559 1723 68 28 not
644 1719 148 37 usually
807 1720 74 29 win
900 1726 104 21 more
1020 1718 92 29 than

152 1784 21 21 a
205 1777 153 35 passing
391 1782 162 23 success.
599 1773 177 31 Business
810 1778 86 23 men
931 1778 65 21 are
1022 1777 92 29 very

150 1827 180 37 sceptical
365 1828 117 29 about
504 1827 109 29 these
637 1831 189 30 generous
859 1822 184 36 attempts
1072 1822 41 28 to

151 1879 141 31 reform
329 1880 66 29 the
434 1879 122 30 Dutch
591 1877 127 36 stage!
762 1874 352 35 Notwithstanding

151 1933 86 29 that
266 1932 227 36 scepticism,
528 1930 91 29 next
644 1935 136 24 season
815 1928 78 29 two
931 1925 37 31 of
1003 1926 109 28 these

152 1985 215 35 companies
388 1982 77 31 will
501 1982 112 36 begin
647 1988 107 22 anew
776 1981 42 29 to
851 1977 172 37 struggle
1053 1976 59 30 for

151 2038 122 34 Art,...
296 2036 73 29 and
392 2034 60 30 for
475 2034 85 30 life!
724 2038 45 24 &
895 2036 45 24 &
1067 2035 45 24 &

151 2090 49 28 As
216 2097 21 21 a
260 2086 154 39 general
427 2086 83 30 rule
528 2087 12 28 I
553 2093 84 28 may
649 2093 66 28 say
730 2083 86 30 that
832 2081 49 31 all
898 2081 214 35 companies

151 2149 65 21 are
233 2141 65 35 apt
312 2141 41 29 to
369 2140 115 35 study
500 2138 122 30 Dutch
639 2137 105 36 plays
760 2134 209 31 somewhat
985 2133 127 30 better

152 2193 71 29 and
246 2192 95 29 with
364 2198 104 22 more
493 2198 86 21 care
605 2189 93 30 than
722 2187 148 35 foreign
894 2192 103 23 ones.
1041 2184 71 30 Not

150 2252 73 22 one
260 2243 38 30 of
334 2243 104 29 them
484 2248 125 23 comes
647 2247 49 28 up
732 2240 41 28 to
809 2238 67 29 the
921 2234 108 32 mark
1072 2236 38 28 in

150 2295 259 37 Shakespeare
433 2302 43 22 or
492 2295 38 28 in
552 2293 163 30 German
740 2289 163 30 classics.
936 2289 65 29 We
1018 2288 92 29 have

150 2355 104 22 some
278 2347 95 37 good
397 2346 211 29 individual
631 2344 126 29 actors
775 2341 61 31 for
858 2341 87 29 that
967 2339 89 29 kind
1075 2338 37 30 of

150 2399 119 37 work,
293 2400 71 29 but
385 2406 40 21 as
448 2399 65 35 yet
531 2398 66 28 not
620 2403 71 23 one
715 2394 95 37 good

211 2452 49 29 As
275 2452 40 29 to
332 2459 97 29 your
445 2449 138 31 second
608 2448 190 36 question,
815 2445 10 29 1
842 2445 132 36 regret
989 2445 40 28 to
1046 2451 65 29 say

149 2504 86 29 that
258 2503 66 29 the
347 2501 127 38 public
496 2502 40 28 at
559 2500 105 36 large
688 2499 47 29 do
753 2499 67 28 not
842 2495 180 31 manifest
1038 2502 74 29 any

150 2555 235 29 enthusiasm
409 2553 60 30 for
484 2553 66 29 the
573 2553 108 34 stage
698 2551 38 28 in
752 2550 78 29 this
846 2549 174 35 country,
1037 2546 73 30 and

148 2606 195 31 therefore
366 2607 47 28 do
438 2606 67 28 not
528 2604 174 30 consider
724 2599 202 32 theatrical
951 2600 161 30 matters

148 2660 41 28 to
234 2659 45 29 be
324 2657 37 31 of
404 2657 150 36 enough
599 2655 235 36 importance
878 2653 40 28 to
970 2658 142 29 occupy

149 2709 229 31 themselves
415 2709 117 30 about
564 2707 106 30 them
705 2707 38 28 in
778 2713 73 28 any
884 2704 113 29 other
1028 2709 83 29 way

150 2762 93 29 than
267 2763 48 35 by
338 2762 114 36 going
475 2761 40 29 to
538 2760 67 29 the
628 2758 186 35 theatres,
837 2763 96 23 0r....
960 2754 152 37 staying

150 2815 40 29 at
213 2814 124 29 home.
381 2814 28 29 A
432 2820 93 28 very
554 2810 73 31 few
657 2811 127 29 actors
817 2809 73 29 and
924 2808 187 28 actresses

149 2874 65 22 are
241 2865 172 37 popular,
448 2865 68 29 but
549 2863 28 30 if
609 2863 92 36 they
735 2861 105 30 leave
874 2869 21 21 a
929 2865 182 29 company

150 2920 159 28 because
332 2918 92 36 they
448 2924 64 22 are
536 2916 68 29 not
633 2914 170 37 engaged
827 2912 60 30 for
920 2911 66 30 the
1021 2911 90 28 next

148 2977 135 23 season
319 2968 132 38 people
488 2967 121 31 suffer
645 2967 105 29 them
788 2966 41 28 to
867 2972 47 28 go
947 2962 164 31 without

147 3021 149 37 finding
317 3021 99 31 fault
437 3021 94 29 with
547 3020 67 29 the
632 3024 200 30 managers
855 3016 85 29 who
957 3014 153 36 deprive

148 3074 105 30 them
277 3073 38 30 of
337 3073 67 29 the
428 3071 250 37 opportunity
702 3069 37 30 of
761 3068 226 35 witnessing
1001 3066 109 29 these

764 3121 38 31 F.
820 3122 38 29 L.
874 3120 77 30 The
969 3119 141 36 Hague.

148 3127 146 29 artists.
592 3129 44 24 &

160 3204 498 54 WARSAW

276 3293 163 29 Theatre
463 3293 39 27 in
525 3291 169 30 Warsaw
710 3289 61 30 for
787 3295 112 28 many
915 3292 111 30 years
1042 3285 68 28 has

207 3345 145 31 existed
391 3344 122 29 under
557 3342 216 30 conditions
809 3337 126 32 which
971 3336 140 30 render

147 3395 218 39 impossible
388 3403 74 29 any
491 3393 268 37 development
792 3399 43 22 or
865 3397 74 28 any
966 3386 142 32 careful

147 3450 72 29 and
244 3447 282 32 conscientious
549 3444 121 31 work.
893 3446 45 25 &
1064 3445 45 25 &

202 3501 118 35 Being
332 3498 273 31 administered
617 3498 47 36 by
680 3496 160 33 Russian
865 3491 244 38 magistrates

146 3553 85 29 who
255 3553 47 29 do
327 3553 67 28 not
419 3550 237 31 understand
680 3549 67 29 the
764 3545 127 32 Polish
908 3544 200 36 language,

147 3605 73 28 and
237 3604 85 30 who
339 3605 68 28 not
423 3602 88 37 only
524 3603 89 29 ruin
626 3602 67 29 the
710 3600 162 30 Theatre
888 3595 221 37 financially

148 3656 70 30 but
233 3656 78 30 also
328 3656 119 30 lower
463 3656 31 29 it
509 3653 241 36 artistically,
766 3651 141 35 having
920 3648 67 30 the
1004 3648 105 36 right

146 3707 40 30 of
208 3708 166 29 decision
398 3710 39 27 in
459 3708 67 29 the
550 3707 127 29 choice
701 3704 39 30 of
762 3704 65 29 the
851 3702 125 36 pieces
997 3701 41 28 to
1063 3701 44 29 be

148 3759 131 36 played
305 3760 73 29 and
402 3761 38 27 in
463 3760 66 29 the
553 3757 192 31 alotment
767 3754 39 31 of
827 3755 66 29 the
910 3754 115 35 roles,
1041 3752 66 30 the

1180 269 154 29 theatre
1357 268 38 29 in
1421 267 167 30 Warsaw
1613 264 66 29 has
1698 258 115 35 fallen
1830 271 91 28 very
1938 260 84 32 iow.
2065 263 73 30 Nor

1180 322 32 29 is
1234 321 111 30 there
1368 326 74 30 any
1464 318 195 35 regisseur
1682 314 154 37 capable
1859 313 39 31 of
1923 314 144 36 raising
2095 315 43 29 it.

1181 373 75 30 The
1279 372 153 30 theatre
1464 370 67 29 has
1569 366 188 31 excellent
1793 368 139 33 actors,
1970 366 70 29 but
2074 366 64 30 the

1180 424 309 30 administration
1543 418 301 39 systematically
1898 418 241 35 discourages

1180 477 118 35 them,
1321 476 103 29 their
1447 472 158 32 salaries
1629 472 40 29 at
1691 472 113 29 times
1829 471 67 29 not
1920 470 114 35 being
2055 470 84 34 paid

1179 528 60 30 for
1261 528 167 30 months.
1753 529 45 25 &
1925 526 45 25 &
2095 526 45 24 &

1248 582 47 28 So
1319 581 31 29 it
1373 580 31 29 is
1426 579 88 29 that
1535 577 66 29 the
1636 577 168 28 Warsaw
1837 573 177 35 Theatre,
2048 580 92 22 once

1180 641 71 21 one
1275 632 38 30 of
1338 632 66 29 the
1439 631 85 29 best
1558 629 38 29 in
1630 627 162 35 Europe,
1827 626 66 29 has
1931 625 131 29 ceased
2100 626 40 27 to

1180 685 166 29 interest
1361 683 66 29 the
1444 681 140 37 public,
1600 681 128 28 whose
1745 678 151 29 artistic
1911 677 230 35 aspirations

1179 737 95 28 have
1298 737 94 28 been
1417 733 160 30 crushed
1597 733 47 35 by
1659 731 135 29 recent
1808 728 168 37 political
1994 728 146 30 events.

1180 789 166 28 Warsaw
1369 787 67 29 has
1470 785 89 36 long
1594 785 95 28 been
1723 782 182 35 awaiting
1941 788 22 22 a
1998 779 141 30 radical

1968 833 40 29 B.
2032 832 40 30 N.

1180 840 143 34 change
1347 839 38 28 in
1409 839 77 28 this
1509 838 101 29 state
1635 834 37 31 of
1695 834 146 30 affairs.

1178 916 614 51 MUNICH

1182 1004 171 34 THE
1413 999 382 38 REFORM
1847 995 293 35 STAGE

1180 1078 106 50 npfoe
1301 1079 196 33 Germans,
1511 1083 89 22 ever
1609 1074 209 36 energetic,
1828 1079 91 23 ever
1927 1069 212 38 splendidly

1198 1122 20 21 *
1239 1130 192 36 patriotic,
1445 1127 164 37 entirely
1622 1128 38 28 in
1674 1126 168 35 earnest,
1856 1123 140 36 ....and,
2010 1122 47 29 oh
2072 1121 67 29 the

1180 1183 237 35 importance
1452 1180 38 29 of
1523 1180 92 29 it!...
1650 1185 64 23 are
1750 1177 180 29 nowhere
1965 1182 104 22 more
2100 1174 39 27 in

1180 1234 167 35 earnest,
1375 1232 179 30 nowhere
1567 1238 104 22 more
1688 1229 181 36 patriotic
1885 1235 43 22 or
1944 1225 195 37 energetic

1178 1286 94 28 than
1297 1286 38 28 in
1358 1283 203 31 Munchen.
1750 1287 45 24 &
1921 1284 45 25 &
2093 1282 45 24 &

1180 1337 184 30 Whether
1417 1336 93 35 they
1563 1335 94 28 turn
1693 1333 103 29 their
1846 1331 193 30 attention
2097 1330 41 28 to

1179 1390 271 33 architecture,
1473 1387 187 36 painting,
1683 1384 208 35 furniture,
1914 1380 223 37 journalism

1180 1449 43 21 or
1245 1441 65 29 the
1327 1441 154 29 theatre
1497 1439 91 35 they
1605 1438 113 35 bring
1733 1438 40 28 to
1790 1436 103 29 their
1909 1434 146 30 studies
2071 1433 66 29 the

1179 1501 103 22 same
1316 1491 239 31 determined
1591 1490 180 29 attitude.
1905 1486 113 30 Their
2055 1492 83 22 new

1180 1552 206 28 museums,
1424 1544 165 34 bridges,
1627 1540 254 35 decorations,
1919 1537 218 31 illustrated

1178 1604 148 30 papers,
1350 1604 64 21 are
1438 1594 48 31 all
1511 1594 108 30 alive.
1665 1591 244 38 Englishmen
1932 1590 86 29 who
2042 1589 95 29 have

1178 1650 91 29 read
1303 1647 82 30 The
1416 1645 143 32 Studio
1590 1645 112 29 know
1732 1644 92 30 this.
1869 1641 83 30 The
1980 1639 157 37 Studio,

1179 1709 90 22 ever
1288 1702 40 28 at
1342 1700 66 30 the
1426 1697 163 38 disposal
1606 1697 38 30 of
1659 1697 66 29 the
1742 1695 195 36 energetic
1951 1692 187 37 suppliers

1178 1752 39 31 of
1239 1752 154 30 articles
1415 1752 88 29 sent
1524 1749 99 31 from
1648 1750 202 34 Germany,
1872 1746 127 36 prints
2025 1744 111 36 again

1178 1806 72 29 and
1296 1805 110 36 again
1444 1802 218 30 illustrated
1700 1807 137 29 papers
1865 1798 173 35 showing
2064 1796 72 29 and

1176 1857 136 36 telling
1345 1855 39 31 of
1419 1855 48 30 all
1504 1855 67 29 the
1608 1853 158 36 activity
1803 1850 39 31 of
1877 1850 67 30 the
1981 1848 155 31 Munich

1177 1909 146 29 artists.

1176 1960 100 31 Take
1300 1968 50 28 up
1375 1958 82 31 The
1481 1957 143 32 Studio
1653 1956 38 30 of
1716 1956 68 29 the
1812 1954 74 30 last
1913 1952 76 31 five
2013 1959 44 22 or
2079 1952 57 28 six

1175 2020 111 28 years
1316 2012 73 29 and
1420 2018 73 29 you
1525 2009 78 31 will
1632 2008 80 30 find
1744 2014 113 29 many
1880 2004 196 30 hundreds
2099 2001 38 31 of

1175 2063 258 37 photographs
1446 2062 172 35 showing
1630 2061 65 29 the
1711 2060 162 29 German
1886 2057 85 29 idea
1984 2055 38 30 of
2033 2055 103 30 what

1176 2125 47 21 an
1251 2116 216 31 Exhibition
1495 2112 134 32 should
1658 2113 58 34 be,
1743 2110 38 31 of
1820 2110 104 29 what
1950 2116 22 22 a
1988 2108 146 35 bridge,

1176 2176 186 28 museum,
1406 2167 106 35 shop,
1555 2165 167 34 theatre,
1772 2161 103 31 table
1930 2168 43 23 or
2032 2159 103 30 chair

1175 2219 135 31 should
1335 2218 88 31 look
1446 2217 87 31 like.
1578 2215 207 37 Especially
1807 2213 149 31 famous
1980 2219 65 22 are
2067 2211 67 28 the

1175 2272 190 30 Munchen
1396 2271 134 29 artists
1562 2268 61 31 for
1656 2268 103 29 their
1792 2264 273 37 arrangement
2099 2260 36 31 of

1176 2324 244 30 exhibitions.
1465 2322 102 36 They
1591 2321 46 29 do
1662 2321 68 28 not
1745 2317 145 37 merely
1905 2323 96 30 open
2025 2323 22 21 a
2062 2314 73 30 few

1175 2384 127 22 rooms
1330 2375 73 30 and
1434 2375 101 35 hang
1564 2380 49 28 up
1643 2380 21 21 a
1692 2371 178 37 quantity
1893 2368 38 30 of
1953 2368 181 36 pictures.

1176 2428 101 36 They
1302 2426 102 31 build
1428 2434 22 21 a
1472 2427 221 34 temporary
1716 2424 69 29 but
1802 2419 187 33 beautiful
2005 2418 129 37 palace

1175 2479 61 30 for
1263 2480 65 29 the
1357 2477 128 31 works
1515 2476 38 31 of
1582 2478 75 35 art,
1686 2476 76 30 and
1789 2474 92 30 each
1912 2473 150 36 picture
2093 2476 42 23 or

1176 2533 128 28 statue
1338 2532 68 28 has
1439 2531 50 29 its
1523 2527 140 38 special
1697 2527 165 36 setting;
1896 2525 92 36 they
2025 2522 109 30 allow

1175 2584 132 36 plenty
1317 2582 37 31 of
1366 2590 105 22 room
1484 2581 61 30 for
1557 2580 91 30 each
1663 2580 146 35 design,
1822 2578 73 29 and
1909 2575 226 37 everything

1176 2638 31 28 is
1230 2637 97 29 done
1350 2635 93 29 with
1466 2633 180 36 thought.
1746 2638 45 24 &
1918 2635 46 25 &

1176 2688 87 30 This
1284 2695 92 29 year
1397 2687 79 29 this
1499 2685 197 35 energetic
1725 2682 193 31 attention
1949 2680 67 29 has
2039 2680 95 28 been

1175 2740 162 30 devoted
1360 2740 41 29 to
1424 2739 67 29 the
1515 2737 182 35 Theatre;
1721 2735 73 30 and
1817 2734 66 29 the
1906 2732 135 31 Studio
2069 2730 66 30 has

1175 2794 69 35 put
1267 2791 103 31 itself
1392 2792 40 28 at
1454 2790 66 29 the
1544 2787 163 37 disposal
1731 2786 38 31 of
1785 2794 21 22 a
1823 2787 163 29 German
2003 2783 132 31 writer

1175 2845 83 29 who
1275 2843 88 31 tells
1387 2851 44 22 us
1453 2843 104 29 what
1574 2841 67 29 the
1658 2840 164 29 Theatre
1839 2839 31 28 is
1886 2838 73 29 and
1981 2836 153 34 betrays

1175 2897 42 29 at
1244 2896 66 29 the
1338 2902 103 23 same
1471 2894 93 29 time
1594 2892 105 30 what
1721 2892 33 28 it
1775 2891 33 29 is
1832 2890 78 29 not.
1954 2888 102 30 Thus
2077 2892 56 23 we

1175 2949 95 29 have
1293 2948 66 29 the
1382 2946 196 36 following
1600 2945 150 35 report:
1918 2946 46 26 &
2090 2941 43 26 &

1191 3021 26 29 A
1260 3019 183 38 masterly
1466 3017 277 35 achievement,
1766 3016 73 29 and
1864 3021 72 23 one
1959 3011 123 31 which
2104 3010 29 28 is

1417 3073 41 29 to
1488 3072 95 29 have
1614 3079 22 20 a
1662 3067 262 35 far=reaching
1947 3064 128 35 effect,
2103 3062 30 28 is

1174 3125 66 30 the
1254 3124 172 37 building
1434 3123 123 30 which
1568 3123 111 30 bears
1690 3121 68 30 the
1768 3118 86 31 title
1901 3116 232 32 Miinchener

1636 3174 76 30 The
1757 3172 178 35 designer
1978 3167 38 31 of
2057 3166 76 30 this

1211 3228 302 31 artist^tlieatre
1516 3250 10 14 y
1568 3225 114 32 Prof*
1706 3224 100 31 Max
2062 3217 70 31 had

1175 3282 153 37 already
1357 3282 72 29 had
1459 3288 105 22 more
1594 3280 94 28 than
1718 3285 73 22 one
1820 3274 249 38 opportunity
2097 3268 36 31 of

1174 3334 173 36 showing
1369 3333 66 29 the
1458 3340 83 28 way
1563 3332 41 28 to
1628 3337 84 23 new
1735 3328 104 30 ideas
1862 3326 73 30 and
1960 3321 172 33 methods

1174 3387 39 29 in
1257 3386 154 29 theatre
1456 3382 279 35 construction,
1783 3379 98 30 from
1932 3375 92 32 both
2067 3372 65 30 the

1174 3435 181 39 practical
1378 3437 73 29 and
1476 3435 151 30 artistic
1649 3433 129 36 points
1794 3430 38 31 of
1846 3431 111 30 view.
2001 3428 32 28 It
2049 3431 83 29 may

1175 3491 45 29 be
1254 3489 196 31 sufficient
1483 3489 40 28 to
1558 3485 172 31 mention
1766 3484 92 29 here
1895 3482 66 28 the
1999 3478 133 30 Prince

1175 3542 146 37 Regent
1362 3541 163 29 Theatre
1563 3539 39 29 in
1640 3536 169 35 Munich,
1846 3532 99 31 built
1981 3538 48 22 on
2066 3528 66 28 the

1173 3594 284 36 amphitheatre
1491 3591 156 37 system,
1682 3589 72 29 and
1792 3587 66 29 the
1896 3591 83 23 new
2015 3579 116 32 Court

1173 3646 164 30 Theatre
1350 3647 40 28 at
1404 3644 185 34 Weimar;
1606 3642 73 29 and
1695 3647 83 22 now
1791 3638 78 30 this
1881 3642 84 23 new
1980 3632 150 31 theatre

1173 3698 38 29 in
1234 3698 68 29 the
1325 3696 217 32 Exhibition
1567 3692 100 31 Park
1686 3691 117 30 exists
1820 3696 40 22 as
1874 3687 66 29 the
1957 3682 121 32 result
2093 3678 37 31 of

1173 3758 22 21 a
1210 3747 306 34 self-sacrificing
1532 3744 211 31 resolution
1760 3743 40 27 to
1817 3738 154 38 provide
1989 3744 19 21 a
2025 3733 103 37 place
