2327 4202
269 3942 118 25 Printed
401 3944 45 23 for
459 3943 51 26 the
526 3944 161 31 Proprietor
701 3946 40 30 by
756 3946 33 24 jg.
807 3946 137 24 MorandL
960 3945 168 32 Tlpografla
1143 3945 170 29 Bodonlana,
1330 3946 54 24 Via
1395 3946 89 26 Pint!,
1544 3944 146 30 Florence,
1707 3943 55 26 and
1777 3942 148 32 published
1943 3943 31 25 at
1985 3943 63 26 The
2063 3944 93 26 Office

167 3976 27 26 S,
212 3974 92 28 Borgo
318 3974 32 24 S.
367 3974 112 28 Jacopo.
1949 3980 40 21 J£?
2114 3983 41 19 &

246 273 1006 158 ANTONIO
1394 268 696 178 FRILLI

277 559 245 34 PURVEYOR
565 560 57 31 TO
668 567 39 24 10

277 621 219 34 IMPERIAL
512 622 30 30 &
557 622 150 33 ROYAL

277 682 211 33 FAMILIES
531 690 46 25 &
661 690 46 26 &

808 515 723 76 FLORENCE

919 631 94 47 Via
1056 631 98 47 dei
1190 631 166 49 Fossi
1392 635 39 45 4

805 730 46 26 0
943 724 327 39 (ESTABLISHED
1293 727 101 38 i860)

1638 546 235 35 AWARDED
1915 545 156 34 PRIZES

1639 597 60 32 AT
1721 597 44 37 48
1791 596 228 33 NATIONAL
2041 597 31 29 &

1641 648 431 34 INTERNATIONAL

1638 699 427 35 EXHIBITIONS

244 845 160 66 The
451 847 294 82 largest
792 847 618 70 Establishment
1454 852 77 64 of
1573 851 414 80 Sculpture
2025 851 77 62 in

245 969 297 66 Marble
571 970 746 82 &Reproductions
1357 974 202 65 from
1594 974 138 66 the
1765 974 335 80 Antique

246 1094 66 64 &
358 1092 342 83 Original
757 1097 303 65 Works.
1120 1097 404 65 Portraits.
1580 1100 520 75 Monuments,

246 1218 356 76 Mantels,
780 1219 423 78 Pedestals,
1379 1221 304 66 Garden
1727 1223 249 76 Seats,

244 1341 238 65 Vases
670 1339 427 68 Fountains
1280 1341 630 80 Flower=stands,
1951 1348 149 62 etc:

247 1586 531 72 ESTIMATES
872 1589 286 69 GIVEN
1255 1589 128 69 ON
1469 1589 631 70 APPLICATION

778 1725 127 48 ST
966 1725 358 49 LOUIS
1393 1726 184 50 MO.

877 1818 318 54 GRAND
1243 1819 227 54 PRIX

1072 1912 190 46 1904

244 2177 223 66 DINI
526 2177 68 66 &
648 2177 391 69 CELLAI

239 2270 158 30 Artistic
420 2271 30 29 &
474 2271 222 30 Decorative
729 2271 117 31 Terra
874 2273 111 30 Cotta
1006 2272 38 31 of

236 2332 89 35 Sign
329 2339 22 22 a

241 2391 73 32 Via
339 2391 65 31 dei
430 2392 118 31 Fossi
578 2392 47 32 N.
658 2401 23 22 i
712 2408 15 8 -
760 2393 284 36 FLORENCE

645 2447 233 14 4

235 2492 277 33 Reproduction
536 2493 35 25 of
588 2495 220 33 sculptures
823 2495 35 25 of
875 2495 65 25 Old
964 2496 76 25 and

235 2586 150 29 JVlodern
415 2587 173 24 masters
617 2598 17 10 M
665 2589 155 24 Statues
846 2599 17 9 •-
887 2589 114 25 Busts
1023 2601 18 11 «

235 2678 119 24 Vases
366 2689 17 10 >-
399 2679 224 25 Bas-reliefs
638 2690 18 11 M
670 2681 211 30 pountains
896 2692 18 11 «H
925 2682 116 25 Doors

234 2770 332 34 CHimney-pieces
595 2782 18 11 «
641 2772 117 26 Bases
792 2775 70 24 etc.
897 2775 71 24 etc.
999 2774 41 25 In

235 2867 115 28 every
374 2864 101 31 style

235 3123 145 66 Die
453 3122 582 67 Schaubuhne

228 3264 42 45 A
301 3264 207 53 weekly
538 3264 305 45 Theatrical
881 3264 153 43 Jour-

230 3337 91 45 nal
387 3337 186 47 Edited
640 3338 71 54 by
775 3335 255 56 Siegfried

228 3409 319 46 Jacobsohn.

227 3480 194 56 Verlag
475 3480 312 46 Oesterheld
842 3484 47 42 &
947 3480 87 46 Co.

231 3554 622 54 Lietzenburgerstrasse
875 3556 66 42 60

231 3626 176 46 Berlin
438 3626 83 45 W.
566 3640 74 41 15.

310 3712 129 38 Single
468 3721 93 30 copy
604 3735 11 9 .
658 3735 11 10 •
697 3714 51 31 M.
832 3713 52 38 pf.
908 3721 45 30 30

311 3764 203 38 Quarterly
550 3787 11 9 .
604 3787 11 9 .
660 3788 10 9 .
705 3786 23 17 „
758 3773 34 30 3.
847 3790 23 13 „
907 3773 45 29 50

311 3815 136 38 Yearly
744 3825 51 23 12.
847 3841 24 14 „
907 3827 46 21 00

1300 2251 157 47 NEW
1487 2252 180 50 YORK
1701 2251 331 52 DRAMATIC

1294 2354 72 36 £?
1460 2346 416 50 MIRROR

1233 2505 78 31 The
1334 2506 125 31 oldest
1480 2507 74 30 and
1585 2507 100 30 most
1716 2505 158 32 reliable
1903 2506 199 30 American

1232 2578 205 31 theatrical
1458 2586 130 30 paper,
1617 2577 200 38 published
1848 2585 115 30 every
1991 2577 111 32 week

1233 2653 42 29 at
1286 2658 55 24 i2i
1356 2651 107 31 West
1472 2652 97 36 42nd
1581 2651 142 30 Street.
1736 2651 88 30 New
1840 2650 115 38 York,
1969 2651 128 30 U.S.A.

1314 2723 150 38 Sample
1501 2724 126 37 copies
1663 2731 49 22 on
1747 2724 160 36 request
1940 2721 83 32 free
2060 2722 40 31 of

1233 2797 152 37 charge.
1399 2796 161 37 Foreign
1568 2796 277 36 subscriptions
1856 2801 81 30 5.50
1953 2794 149 31 Dollars

1233 2879 72 22 one
1333 2877 114 31 year;
1484 2876 76 29 1.70
1597 2868 148 31 Dollars
1780 2868 112 30 three
1929 2868 168 30 months.

1216 3120 42 43 Q
1283 3152 11 11 .
1362 3119 73 44 P.
1499 3117 609 46 VIEUSSEUX

1276 3210 239 33 FLORENCE
1536 3215 47 26 <£?
1605 3210 77 29 VIA
1706 3208 287 38 VECCHIETTI,
2017 3217 20 28 5
2061 3213 45 26 &

1194 3312 187 39 Reading
1393 3320 135 24 rooms
1531 3335 10 15 ,
1553 3314 226 36 containing
1789 3314 69 30 the
1872 3313 85 30 best
1969 3311 155 38 English

1214 3382 241 31 newspapers
1470 3377 73 29 and
1556 3375 552 37 reviews.-Latesttelegrams

1275 3438 104 36 Open
1402 3437 101 39 daily
1524 3437 22 31 8
1569 3446 88 23 a.m.
1672 3439 42 29 to
1730 3444 40 24 10
1786 3444 89 30 p.m.
1896 3437 174 37 Sundays
2084 3436 22 30 8

1212 3509 86 22 a.m.
1319 3502 42 29 to
1385 3507 39 24 12
1446 3508 87 29 p.m.
1559 3502 266 35 Subscription
1840 3507 107 30 35.00
1960 3507 25 23 a
1999 3506 104 31 year.

1216 3561 257 40 Ciidilating
1488 3561 177 40 library
1677 3563 224 36 containing
1912 3561 191 32 thousand

1205 3624 173 32 volumes
1385 3625 39 30 in
1435 3625 169 38 English,
1613 3626 158 37 French,
1781 3624 147 38 Italian,
1939 3624 176 36 German,

1213 3694 104 24 some
1339 3688 162 36 Spanish
1523 3688 74 30 and
1623 3687 170 34 Russian.
1879 3686 103 37 Open
2005 3684 101 38 daily

1213 3756 22 29 9
1257 3759 87 21 a.m.
1359 3752 42 28 to
1424 3757 20 29 5
1460 3758 90 29 p.m.
1566 3751 135 34 except
1721 3749 188 37 Sundays.
1979 3747 124 31 Books

1212 3814 90 29 sent
1321 3815 43 28 to
1386 3813 51 30 all
1458 3814 109 35 parts
1590 3811 40 31 of
1651 3811 95 38 Italy
1769 3813 72 29 and
1865 3810 160 31 abroad.
