4315 5484
3422 4836 33 59 7

793 517 259 66 Enfant
1093 522 263 57 destiné
1395 523 37 58 à
1471 525 193 58 vivre
1703 542 79 44 en
1823 528 267 75 beauté,
2129 537 199 71 porte
2363 535 361 61 l'offrande
2763 540 39 56 à
2839 540 584 73 Aphrodite,aime
3459 542 91 59 les

619 605 466 69 somptueuses
1339 610 67 52 et
1445 606 66 60 la
1552 608 203 74 gloire
1796 613 91 58 du
1925 613 220 73 jour...
2190 618 192 71 Mais,
2424 622 83 55 de
2548 623 215 75 grâce,
2805 623 252 73 Alexis,
3101 627 156 55 cher
3294 627 256 69 Alexis,

622 699 85 43 ne
736 686 215 59 blesse
975 705 121 57 pas
1125 693 122 54 ton
1279 691 149 59 âme
1457 708 80 44 en
1567 701 281 68 croyant
1879 715 130 57 que
2035 703 155 61 l'art
2219 705 230 60 admet
2478 708 166 57 dans
2675 725 120 40 son
2824 713 382 56 sanctuaire
3237 713 167 56 celui
3435 713 115 73 qui

619 769 176 61 aime
829 776 196 57 autre
1063 774 198 58 chose
1296 791 131 56 que
1459 776 118 59 lui.

795 855 97 58 La
941 857 249 57 beauté
1239 864 100 52 est
1389 862 261 59 cruelle.
1704 864 144 59 Elle
1896 867 332 64 demande
2277 889 130 58 que
2455 891 120 42 son
2624 877 298 58 zélateur
2968 881 133 55 soit
3149 896 93 42 un
3291 896 261 59 pauvre

621 936 430 63 bonhomme.
1095 943 144 56 Ton
1281 959 237 45 amour
1557 947 95 57 lui
1693 953 387 70 appartient
2116 974 15 51 ;
2170 960 76 56 ta
2287 960 381 61 renommée
2709 964 143 55 doit
2893 964 64 57 la
2998 967 213 56 servir
3244 984 17 51 ;
3301 969 76 57 ta
3416 965 102 58 for-

617 1025 170 55 tune
824 1041 46 41 n
900 1030 100 54 est
1044 1028 210 71 qu'un
1295 1028 311 74 prétexte
1643 1050 173 56 pour
1853 1036 66 61 la
1960 1040 310 74 glorifier.
2314 1045 249 59 Toutes
2605 1048 92 56 les
2739 1050 515 73 magnificences
3298 1067 132 57 que
3467 1055 81 54 tu

617 1121 363 46 concevras
1019 1124 84 43 ne
1139 1113 621 72 t'appartiendront
1798 1136 142 56 pas.

790 1192 406 61 Adolescent
1251 1213 84 40 au
1389 1199 183 58 front
1625 1204 218 69 pensif
1877 1207 14 56 !
1950 1207 176 58 Pour
2179 1211 215 57 éviter
2443 1213 447 74 l'amertume,
2947 1219 239 56 choisis
3244 1223 189 54 entre
3482 1219 66 63 la

622 1277 268 59 sombre
929 1280 296 58 solitude
1266 1284 83 56 de
1391 1284 225 62 Dante
1659 1292 67 53 et
1767 1289 64 57 la
1870 1290 276 75 joyeuse
2189 1297 110 58 vie
2341 1299 81 56 de
2463 1314 100 42 ses
2607 1302 283 71 princes.
2937 1304 213 58 L'une
3195 1307 66 55 et
3303 1306 247 57 l'autre

622 1358 224 61 créent
881 1362 22 57 1
934 1363 181 75 égale
1149 1370 222 68 vertu,
1406 1370 39 56 à
1481 1372 344 59 condition
1862 1378 269 70 qu'elles
2167 1382 218 59 soient
2421 1384 39 55 à
2490 1384 146 57 leur
2666 1385 208 73 place.

795 1446 64 58 Si
890 1451 79 53 tu
1003 1450 324 59 confonds
1359 1453 90 58 les
1484 1455 180 59 deux
1691 1458 359 73 fonctions,
2080 1468 77 58 ta
2187 1467 246 57 beauté
2461 1485 371 58 manquera
2864 1473 83 54 de
2978 1473 215 73 grâce,
3227 1473 83 60 de
3340 1473 208 60 durée

621 1533 66 52 et
722 1529 82 58 de
837 1533 263 71 gravité
1134 1551 17 53 ;
1186 1541 215 66 quant
1435 1539 39 56 à
1503 1543 74 56 ta
1608 1544 293 70 passion,
1936 1546 121 58 elle
2087 1565 166 42 aura
2285 1551 114 58 des
2431 1555 381 57 tourments
2842 1556 273 58 inutiles
3150 1561 70 55 et
3254 1558 293 63 éclatera

619 1617 293 54 souvent
942 1631 82 42 en
1056 1619 83 56 de
1166 1621 229 57 vaines
1423 1622 500 75 imprécations.

793 1698 92 58 Le
920 1700 236 59 devoir
1188 1705 83 56 de
1306 1705 168 60 celui
1510 1710 115 71 qui
1659 1712 103 56 vit
1796 1729 173 56 pour
2002 1715 178 60 créer
2212 1717 65 59 la
2312 1719 246 59 beauté
2590 1722 320 59 humaine
2946 1727 100 56 est
3079 1726 85 57 de
3198 1729 350 56 connaître

619 1795 76 47 sa
719 1781 195 73 place
937 1788 219 70 parmi
1183 1788 93 58 les
1301 1790 327 63 hommes.
1659 1795 111 71 Or,
1796 1797 62 57 le
1884 1800 273 73 gardien
2185 1803 90 56 du
2299 1805 255 73 temple
2578 1807 176 57 n'est
2778 1824 120 57 pas
2925 1809 61 55 le
3008 1809 203 59 fidèle
3239 1814 115 69 qui
3377 1812 170 73 prie,

621 1868 67 54 et
727 1864 63 60 le
827 1868 156 59 dieu
1024 1873 81 56 de
1142 1873 288 61 l'amour
1466 1895 86 41 ne
1586 1885 166 67 peut
1791 1883 208 59 aimer
2038 1902 130 57 que
2207 1888 261 73 Psyché
2504 1892 216 57 voilée
2756 1908 124 58 par
2915 1893 93 58 les
3047 1897 286 59 ombres.

788 1952 242 75 Adieu,
1068 1956 227 59 Alexis
1334 1959 13 58 î
1388 1961 142 58 Sois
1564 1964 310 73 toujours
1909 1969 149 72 prêt
2096 1971 37 56 à
2170 1973 364 57 confondre
2566 1978 75 54 ta
2676 1976 110 58 vie
2820 1993 166 42 avec
3017 1981 76 56 ta
3125 1980 244 74 pensée
3404 1985 67 54 et
3508 1983 39 56 à

617 2042 376 54 soumettre
1025 2044 75 56 ta
1135 2044 276 59 volonté
1447 2047 37 58 à
1518 2047 64 60 la
1618 2049 317 63 destinée.
1972 2056 217 57 Adieu
2226 2057 15 58 !

795 2122 97 59 La
922 2125 176 58 brise
1129 2127 89 57 du
1249 2130 215 58 matin
1493 2132 276 73 pénètre
1799 2135 164 60 dans
1996 2156 110 45 ma
2138 2142 337 59 chambre.
2510 2142 95 63 La
2634 2144 224 74 lampe
2886 2147 192 71 pâlit.
3113 2149 124 57 Les
3267 2151 281 61 oiseaux

619 2208 406 73 gazouillent
1068 2210 172 73 déjà.
1283 2213 95 63 La
1418 2217 246 59 beauté
1699 2223 403 72 suggestive,
2143 2225 247 59 beauté
2426 2244 125 56 par
2587 2229 411 72 profondeur
3037 2235 66 54 et
3142 2249 125 57 par
3303 2249 244 56 masse,

617 2293 351 73 disparaît.

788 2379 280 59 Bientôt
1098 2381 61 56 le
1190 2383 186 59 soleil
1406 2401 70 41 se
1505 2386 221 61 lèvera
1760 2394 66 53 et
1860 2393 369 73 dispersera
2260 2394 91 60 les
2387 2396 318 75 grisailles
2739 2400 83 57 de
2852 2400 65 62 la
2947 2403 173 56 nuit.
3162 2403 53 56 Il
3245 2403 302 59 donnera

621 2462 91 58 du
754 2464 212 69 relief,
1010 2464 83 57 de
1134 2466 64 59 la
1240 2469 273 58 couleur
1554 2476 67 52 et
1664 2472 81 58 de
1786 2476 66 61 la
1892 2477 271 58 chaleur
2204 2481 39 56 à
2287 2494 73 43 ce
2400 2483 117 71 qui
2560 2483 314 59 demeure
2912 2486 288 59 informe
3242 2489 168 56 dans
3450 2489 93 58 les

617 2545 337 73 ténèbres,
985 2552 67 54 et
1080 2549 142 64 fera
1249 2554 218 57 naître
1494 2555 65 61 la
1586 2572 166 56 pure
1781 2559 245 59 beauté
2055 2562 90 58 du
2172 2562 174 71 jour.

790 2632 95 59 Le
920 2633 190 58 soleil
1149 2635 147 57 crée
1330 2637 63 57 le
1430 2642 210 71 grand
1679 2645 130 68 art,
1847 2643 213 73 précis
2102 2650 66 54 et
2206 2648 420 73 mystérieux
2663 2667 261 44 comme
2959 2654 61 55 le
3054 2657 301 57 nombre.

792 2716 284 59 J'éteins
1100 2737 112 42 ma
1234 2721 223 76 lampe
1481 2728 68 54 et
1571 2726 66 71 je
1657 2730 288 57 termine
1969 2747 110 44 ma
2102 2731 202 60 lettre
2328 2748 81 44 en
2431 2735 408 74 t'envoyant
2861 2738 61 56 le
2944 2738 179 63 salut
3147 2742 92 55 du
3261 2742 289 72 premier

614 2814 212 60 rayon
861 2804 90 56 du
983 2804 173 71 jour.
2731 2850 47 25 „
2871 2850 12 12 •

983 2845 24 30 J
2719 2850 218 70 Pans,
2988 2853 147 56 Mai
3183 2853 189 61 1903.

809 3080 343 73 Mécislas
1207 3085 323 92 Golberg
1581 3089 125 69 n'a
1753 3090 271 90 jamais
2075 3094 142 69 fait
2270 3097 90 66 de
2411 3097 309 90 longues
2773 3099 476 71 confidences
3300 3124 127 48 sur
3474 3106 74 67 la

617 3173 202 70 mère
870 3177 101 68 du
1019 3177 221 71 triste
1290 3180 216 70 héros
1559 3184 88 67 de
1698 3190 213 63 notre
1962 3192 272 85 temps.
2295 3185 60 73 Il
2404 3212 189 48 nous
2644 3212 44 49 a
2737 3194 419 69 seulement
3205 3197 250 68 donné
3503 3200 44 68 à

617 3272 493 86 comprendre
1149 3294 146 67 que
1330 3275 68 68 le
1435 3277 381 88 problème
1855 3280 256 69 s'était
2148 3283 180 87 posé
2365 3305 191 68 pour
2590 3285 105 68 lui
2736 3287 89 69 de
2863 3289 333 69 sacrifier
3232 3290 316 71 l'œuvre

617 3366 413 88 accomplie
1068 3368 284 90 malgré
1388 3372 105 67 les
1532 3378 296 65 assauts
1869 3375 91 68 de
1997 3377 75 69 la
2109 3383 202 63 mort
2350 3399 96 47 au
2487 3380 260 69 devoir
2786 3383 102 68 du
2925 3383 151 68 bon
3117 3385 172 88 père
3328 3390 80 64 et
3447 3387 103 69 du

616 3454 152 72 bon
832 3460 273 88 époux.
1168 3461 531 92 Aujourd'hui,
1764 3488 133 68 pas
1958 3470 168 89 plus
2187 3473 315 86 qu'hier,
2565 3475 72 88 je
2698 3497 94 46 ne
2851 3497 120 47 me
3032 3480 389 68 reconnais
3481 3480 69 69 le

617 3549 203 70 droit
859 3551 92 71 de
986 3553 241 91 juger.
1268 3558 91 68 Je
1398 3578 91 48 ne
1527 3561 501 70 m'associerai
2067 3583 135 70 pas
2243 3565 432 93 davantage
2712 3571 44 68 à
2795 3590 191 47 ceux
3023 3571 129 88 qui
3193 3573 306 69 condam-

617 3649 187 65 nent
844 3644 75 73 la
958 3648 203 71 mère
1203 3651 320 90 n'ayant
1564 3654 272 88 jamais
1879 3676 86 48 su
2009 3678 80 49 ce
2133 3680 147 67 que
2322 3659 122 71 fut
2482 3663 69 66 le
2593 3663 314 90 ménage
2951 3666 132 88 (1).

792 3837 133 59 Par
959 3841 95 57 les
1091 3844 180 56 soins
1312 3844 84 58 de
1433 3844 89 59 M.
1566 3844 392 61 Jean-René
1992 3849 285 71 Aubert,
2316 3849 61 58 le
2414 3851 523 61 collectionneur
2971 3854 61 58 le
3066 3856 151 73 plus
3254 3857 184 58 riche
3474 3874 80 43 en

616 3920 403 63 documents
1058 3927 579 73 rimbaldiens,un
1677 3932 361 73 Hommage
2079 3934 39 57 à
2157 3935 311 58 Mécislas
2515 3939 273 71 Golberg
2822 3940 108 56 fut
2969 3940 231 73 publié
3240 3957 80 43 en
3362 3944 192 71 1905,

612 4007 251 71 auquel
910 4010 462 61 s'associaient
1422 4013 159 60 MM.
1633 4015 268 63 Nicolas
1953 4017 315 71 Deniker,
2319 4020 169 58 Paul
2538 4022 335 71 Souchon,
2908 4023 219 60 Emile
3171 4025 383 73 Bourdelle,

614 4088 213 61 Henri
856 4093 83 56 de
964 4093 312 76 Régnier,
1306 4098 236 59 Stuart
1567 4100 269 71 Merrill,
1865 4100 315 61 Edmond
2207 4103 215 71 Pilon,
2448 4106 81 56 A.
2560 4105 367 73 Thévenin,
2957 4108 598 76 Paul-Hyacinthe

614 4174 293 75 Loyson,
966 4178 386 62 Ferdinand
1405 4183 240 71 Massé,
1703 4186 222 56 Pierre
1980 4186 293 71 Jaudon,
2334 4189 381 61 Guillaume
2768 4193 435 73 Apollinaire,
3264 4196 286 75 Georges

616 4259 223 73 Périn,
892 4261 208 62 E.-M.
1154 4266 224 57 Pierre
1432 4267 323 73 Quillard,
1794 4269 232 59 Alfred
2079 4271 296 72 Mortier,
2431 4274 393 61 Jean-René
2888 4279 262 58 Aubert
3205 4283 66 54 et
3322 4279 232 61 André

616 4343 296 61 Salmon.
954 4349 314 62 L'album
1306 4350 170 61 était
1508 4354 262 57 illustré
1808 4355 83 56 de
1925 4354 64 59 la
2026 4357 474 73 reproduction
2541 4360 83 56 de
2661 4360 230 60 bustes
2930 4364 85 57 de
3052 4362 303 61 Mécislas
3399 4365 117 60 Gol-

616 4428 160 78 berg
805 4447 126 57 par
961 4433 76 58 E.
1071 4435 359 59 Bourdelle
1462 4440 66 56 et
1560 4438 80 60 E.
1677 4438 239 60 Massé.

800 4533 95 78 (1)
958 4537 281 67 Parlant
1286 4542 64 55 d'
1405 4562 22 32 «
1461 4542 145 57 Elle
1637 4567 50 44 »,
1740 4542 288 76 Golberg
2070 4559 85 44 ne
2194 4543 64 63 la
2317 4547 334 62 nommait
2709 4548 218 73 point,
2978 4552 271 73 jamais,
3284 4557 68 54 et
3386 4553 168 60 dans

616 4614 59 60 le
727 4619 219 58 même
991 4626 222 71 temps
1247 4625 48 55 il
1328 4626 251 71 parlait
1621 4628 119 56 des
1786 4631 225 60 autres
2035 4645 17 52 ;
2099 4630 83 56 de
2228 4628 62 61 la
2338 4635 350 56 maîtresse
2736 4633 89 58 du
2873 4635 369 72 déserteur,
3286 4642 273 54 notam-
