4315 5484
801 4818 79 60 16

700 527 345 70 fonction
1076 529 398 68 inhérente
1508 531 171 88 (par
1706 532 348 88 exemple
2085 532 76 70 la
2193 534 383 88 plastique
2608 534 43 68 à
2686 529 505 93 perspective)
3230 551 15 58 ;
3279 526 51 67 il
3362 521 289 69 entrait

700 622 95 70 de
839 620 264 70 moitié
1145 622 193 70 dans
1382 627 202 65 cette
1629 626 554 88 transposition
2227 632 308 63 surtout
2579 626 591 91 psychologique
3216 620 90 68 de
3350 619 71 71 la
3482 634 125 71 per-

696 734 239 49 sonne
971 715 101 68 du
1106 715 371 82 créateur,
1516 737 298 68 pourvu
1850 739 145 68 que
2031 720 286 68 celle-ci
2352 742 92 48 ne
2478 722 384 66 contredît
2896 739 134 69 pas
3062 737 135 48 son
3230 712 420 91 jugement.

700 807 355 69 L'œuvre
1091 808 383 88 plastique
1509 810 192 68 était
1736 830 103 48 un
1872 813 152 67 lieu
2060 813 91 68 de
2187 813 531 70 conversation
2752 817 213 63 entre
3001 810 202 68 deux
3230 803 414 73 individus.

703 902 122 67 Un
867 902 395 88 sculpteur
1306 902 91 67 de
1443 907 203 64 cette
1692 903 205 70 école
1943 907 264 69 devait
2251 908 267 68 tendre
2566 912 239 64 avant
2849 908 198 75 tout,
3096 907 42 66 à
3184 898 466 73 déterminer

700 996 371 68 d'avance
1113 993 239 71 l'effet
1392 1000 80 62 et
1513 996 67 68 le
1623 1003 443 83 spectateur
2104 1025 16 56 ;
2168 1022 191 68 pour
2400 1001 371 89 anticiper
2811 1007 78 60 et
2930 1017 305 71 essayer
3277 998 120 64 cet
3440 991 204 76 effet,

696 1088 55 68 il
793 1108 80 48 se
917 1088 408 88 changeait
1367 1090 389 69 lui-même
1802 1112 93 47 en
1943 1100 440 81 spectateur
2427 1096 455 88 (sculptures
2927 1090 430 86 futuristes)
3399 1110 15 57 ;
3462 1086 151 66 l'ou-

698 1198 230 73 vrage
957 1181 300 88 sculpté
1287 1183 263 69 devait
1580 1184 159 68 être
1772 1188 389 67 considéré
2192 1208 291 49 comme
2515 1188 588 69 circonlocution
3135 1181 515 88 enveloppant

695 1276 264 68 l'effet.
1030 1274 423 70 L'élément
1519 1277 295 70 affectif
1878 1284 80 63 et
2024 1284 373 87 temporel
2463 1283 480 89 supplantait
3006 1277 501 70 entièrement
3572 1272 74 68 la

698 1369 598 69 détermination
1320 1371 194 69 dans
1538 1372 352 90 l'espace.
1921 1376 205 67 Pour
2149 1377 381 68 atteindre
2557 1398 80 47 ce
2664 1377 142 68 but
2830 1379 327 64 souvent
3179 1367 469 73 inconscient

691 1462 337 71 l'auteur
1067 1462 490 71 s'identifiait
1599 1486 100 47 au
1739 1472 468 83 spectateur,
2253 1472 201 65 seule
2500 1471 330 67 manière
2874 1465 459 73 d'atteindre
3377 1464 73 66 la
3494 1459 117 91 plé-

698 1555 269 70 nitude
1008 1555 93 68 de
1143 1555 263 70 l'effet.

893 1667 103 69 Le
1037 1669 394 88 sculpteur
1470 1691 78 47 se
1590 1672 381 88 guindant
2012 1694 156 49 aux
2210 1677 202 68 états
2454 1675 249 70 d'âme
2747 1675 91 68 de
2879 1675 75 68 la
2993 1670 353 92 majorité
3385 1689 78 49 se
3506 1665 105 71 fai-

696 1763 153 70 sait
895 1762 391 67 lui-même
1331 1769 468 83 spectateur.
1868 1767 59 68 Il
1973 1770 369 68 modelait
2388 1789 137 49 son
2571 1770 183 68 effet
2798 1791 93 45 en
2940 1769 476 74 conservant,
3467 1780 136 72 pen-

696 1858 193 68 dant
918 1875 141 49 son
1091 1858 308 80 travail,
1421 1879 147 47 une
1602 1860 346 69 distance
1983 1863 131 88 qui
2144 1865 234 68 serait
2410 1865 181 68 celle
2625 1863 102 68 du
2757 1867 437 86 spectateur
3231 1884 16 57 ;
3277 1860 54 68 il
3363 1855 287 93 plaçait

696 1955 180 64 tout
898 1950 344 69 l'intérêt
1267 1951 193 70 dans
1487 1953 73 70 la
1587 1953 346 70 fonction
1963 1958 599 88 contemplative
2590 1956 103 70 du
2720 1960 435 86 spectateur
3179 1958 78 65 et
3282 1950 368 71 modelait

695 2063 98 49 en
837 2043 345 79 touches,
1231 2045 160 69 afin
1438 2045 92 67 de
1575 2046 264 70 laisser
1883 2051 44 66 à
1973 2050 295 67 celui-ci
2315 2051 66 66 le
2425 2051 165 66 soin
2634 2050 174 69 d'en
2854 2050 320 88 dégager
3214 2048 107 66 les
3367 2045 279 69 formes

696 2143 497 84 proprement
1238 2138 224 69 dites.
1511 2139 606 71 L'architecture
2165 2144 189 68 dans
2398 2144 324 90 l'espace
2771 2144 271 68 n'était
3087 2143 236 88 qu'un
3368 2158 278 69 moyen

695 2229 443 71 secondaire
1186 2234 83 66 et
1316 2234 247 66 même
1614 2234 376 90 étranger,
2046 2236 464 69 c'est-à-dire
2559 2236 296 71 sacrifié
2905 2258 96 47 au
3052 2236 303 90 rythme
3406 2231 192 71 maté-

698 2324 136 71 riel
873 2346 16 59 ;
930 2326 68 67 le
1040 2324 220 90 point
1301 2326 91 71 de
1433 2327 276 90 départ
1748 2329 91 68 de
1880 2334 176 64 tout
2097 2336 120 62 art
2254 2331 408 91 plastique,
2703 2334 320 88 l'espace
3065 2329 348 91 cubique,
3455 2326 191 71 était

695 2417 281 73 oublié.

901 2522 61 68 Il
998 2542 51 70 y
1081 2542 46 48 a
1160 2524 368 88 quelques
1562 2525 304 82 années,
1904 2527 73 68 la
2012 2527 288 70 France
2337 2547 224 70 passa
2595 2549 137 70 par
2764 2547 146 50 une
2943 2527 183 70 crise
3162 2525 178 70 d'où
3374 2519 274 95 naquit

696 2614 529 71 l'orientation
1259 2617 376 69 nouvelle.
1673 2619 149 69 Par
1853 2641 103 45 un
1990 2620 225 68 effort
2246 2622 210 68 inouï
2488 2624 90 66 de
2612 2622 404 69 réflexions
3048 2620 466 71 conscientes
3546 2637 98 51 on

701 2727 336 51 reconnu
1071 2729 83 49 ce
1186 2730 147 68 que
1365 2712 68 66 le
1469 2712 323 88 procédé
1822 2713 216 68 avait
2070 2715 91 66 de
2193 2715 644 90 subjectivement
2867 2715 364 70 douteux.
3270 2713 376 88 Quelques

701 2801 339 90 peintres
1072 2807 273 64 eurent
1375 2803 77 68 la
1482 2801 203 72 force
1723 2803 91 68 de
1846 2823 78 50 se
1958 2807 273 67 libérer
2261 2807 105 67 du
2400 2808 269 68 métier
2701 2808 378 70 machinal
3111 2812 78 64 et
3221 2807 368 69 routinier
3624 2827 20 59 ;

701 2895 329 91 dégagés
1082 2896 131 68 des
1265 2917 319 69 moyens
1635 2900 279 79 usuels,
1966 2900 92 69 ils
2110 2901 488 90 analysèrent
2645 2905 107 66 les
2805 2903 360 68 éléments
3218 2901 90 71 de
3358 2900 256 69 l'intui-

701 2989 168 70 tion
900 2989 352 90 spatiale,
1282 3010 119 49 ses
1430 3011 265 50 causes
1721 2996 81 63 et
1831 3011 117 50 ses
1975 2995 164 67 lois.
2173 2995 142 67 Les
2344 2996 361 70 résultats
2737 2996 91 70 de
2857 3017 120 49 ces
3008 2996 433 70 recherches
3468 2996 182 68 sont

701 3081 575 71 suffisamment
1323 3103 315 51 connus.
1692 3086 117 68 En
1855 3088 247 67 même
2149 3093 253 84 temps
2449 3110 98 47 on
2596 3091 398 68 découvrit
3038 3091 178 69 l'art
3263 3089 383 92 plastique

708 3174 225 91 nègre
961 3179 81 66 et
1067 3176 158 67 l'on
1254 3196 333 49 reconnu
1614 3198 149 69 que
1792 3177 191 72 dans
2010 3199 138 50 son
2173 3181 403 69 isolement
2603 3184 53 66 il
2684 3184 214 70 avait
2925 3184 284 68 cultivé
3235 3184 103 68 les
3367 3182 281 68 formes

707 3269 426 91 plastiques
1177 3271 190 67 dans
1411 3274 220 64 toute
1675 3272 163 68 leur
1892 3274 291 88 pureté.

903 3382 142 68 Les
1096 3382 266 70 efforts
1414 3384 94 68 de
1562 3404 120 49 ces
1738 3384 332 90 peintres
2122 3392 178 65 sont
2354 3389 593 69 ordinairement
2998 3394 220 66 tenus
3272 3411 191 69 pour
3514 3389 132 71 des

707 3474 265 71 efforts
1028 3475 586 83 d'abstraction,
1670 3497 178 51 sans
1905 3480 232 89 qu'on
2197 3482 249 88 puisse
2507 3484 157 68 nier
2718 3484 280 90 qu'une
3054 3486 318 89 critique
3428 3486 218 89 aiguë

708 3569 132 67 des
903 3567 281 71 formes
1247 3569 377 89 dévoyées
1672 3570 264 71 devait
1999 3579 411 83 permettre
2476 3577 90 66 de
2601 3577 295 68 revenir
2957 3580 42 68 à
3060 3579 73 69 la
3194 3579 452 89 conception

708 3662 288 69 directe
1050 3663 93 68 de
1196 3663 349 90 l'espace.
1607 3663 124 82 Or,
1789 3667 154 67 ceci
1995 3672 119 64 est
2166 3668 183 68 d'un
2402 3670 282 70 intérêt
2735 3674 349 66 essentiel
3133 3677 80 64 et
3263 3674 383 89 distingue

710 3758 433 66 nettement
1187 3757 182 67 l'art
1414 3757 224 89 nègre
1685 3758 183 68 d'un
1917 3765 122 63 art
2085 3762 130 88 qui
2261 3762 347 89 s'inspire
2656 3765 91 68 de
2793 3765 105 68 lui
2945 3770 78 63 et
3069 3787 49 68 y
3165 3770 351 66 retrouve
3560 3787 86 49 sa

710 3868 274 70 propre
1025 3850 438 69 conscience
1504 3873 17 58 ;
1565 3872 81 47 ce
1689 3853 130 88 qui
1861 3855 253 86 paraît
2154 3855 473 69 abstraction
2669 3858 190 70 dans
2899 3863 121 65 cet
3059 3865 120 64 art
3219 3860 199 69 n'est
3457 3861 191 70 dans

707 3943 181 71 l'art
944 3943 247 90 nègre,
1250 3965 147 69 que
1453 3946 332 68 données
1836 3948 481 71 immédiates
2371 3951 92 68 de
2517 3953 74 68 la
2647 3958 293 64 nature.
2999 3955 212 69 L'art
3265 3956 381 90 plastique

708 4036 227 90 nègre
967 4043 141 74 est,
1155 4056 97 49 au
1296 4041 220 86 point
1557 4039 93 70 de
1692 4060 147 47 vue
1882 4041 91 66 de
2016 4043 72 67 la
2129 4041 266 83 forme,
2441 4066 103 46 un
2593 4049 122 66 art
2747 4046 539 71 éminemment
3318 4048 328 71 réaliste.

901 4148 364 71 L'artiste
1308 4149 574 90 d'aujourd'hui
1924 4154 73 66 rf
2009 4175 257 49 œuvre
2310 4176 136 70 pas
2488 4160 422 69 seulement
2954 4182 189 67 pour
3182 4163 73 69 la
3299 4165 349 67 nouvelle

708 4241 244 69 forme
991 4266 17 56 ;
1054 4242 52 68 il
1150 4244 75 68 la
1269 4249 291 63 ressent
1602 4266 268 48 encore
1914 4268 293 49 comme
2253 4270 144 49 une
2444 4253 335 67 réaction
2827 4259 260 65 contre
3130 4258 66 66 le
3243 4258 241 88 passé,
3528 4276 120 51 ses

707 4336 442 69 recherches
1184 4341 180 64 sont
1399 4358 271 49 encore
1707 4339 405 69 entachées
2151 4342 185 68 d'un
2373 4346 240 88 esprit
2649 4347 550 70 réactionnaire
3238 4354 175 87 trop
3451 4371 151 51 mar-

708 4429 153 90 qué
896 4452 19 56 ;
962 4430 68 68 le
1079 4430 264 70 besoin
1391 4432 323 90 critique
1758 4434 566 90 indispensable
2373 4459 91 46 ne
2508 4439 148 69 fait
2701 4461 146 69 que
2894 4442 378 71 renforcer
3316 4444 179 71 chez
3540 4446 110 69 lui

707 4524 286 71 l'effort
1052 4525 474 90 analytique.

2599 4629 265 69 CARL
2935 4630 515 73 EINSTEIN.
