2763 4102
969 274 406 52 PALÉOGRAPHIE
1412 277 277 39 MUSICALE
1727 269 316 41 BYZANTINE

448 292 96 59 804

451 451 235 56 fortune
760 441 73 56 de
905 441 323 62 retrouver,
1317 446 79 38 on
1447 424 71 58 lit
1543 433 82 71 (i)
1653 449 12 35 :
1717 441 24 30 «
1809 427 339 69 Xsipovojxta
2206 423 112 52 &m
2375 424 181 74 vôfxoç,

451 530 441 75 TtapaôsôofJLSVOç,
915 527 176 50 ÊXT&V
1134 522 169 68 àyicov
1324 516 146 67 ûptôv
1487 507 61 81 (1.
1567 503 290 81 iratépcov),
1894 511 96 48 TOO
2013 522 59 36 TS
2093 504 158 73 àytou
2274 507 176 70 xoqià
2469 515 90 48 TOO

452 617 247 56 TTOF/ITOO,
722 611 86 51 VTAL
825 611 95 50 TOÛ
953 607 157 69 àytou
1145 602 247 52 'lcoocvvou
1427 600 96 47 TOO
1562 590 371 74 ÔOC|J.OC(TXY]VOO,
1955 582 61 55 là-
2049 579 394 60 cheironomie
2478 592 83 50 est

452 694 58 54 la
545 689 151 73 règle
752 681 227 61 donnée
1039 676 231 72 d'après
1339 671 84 56 les
1477 670 188 57 saints
1728 667 185 74 pères,
1987 680 110 57 par
2133 662 158 57 saint
2328 663 234 61 Cosmas

452 775 54 55 le
541 771 174 74 poète
752 772 61 51 et
850 762 157 59 saint
1044 760 153 72 Jean
1267 751 391 70 Damascène,
1682 770 24 30 »
1755 744 364 60 c'est-à-dire
2190 762 250 57 presque
2507 750 55 55 la

454 854 190 57 même
689 850 230 74 phrase,
966 849 59 50 et
1070 859 73 38 en
1188 842 137 52 tout
1369 852 101 39 cas
1512 833 59 56 la
1614 831 195 57 même
1853 827 149 72 idée,
2049 827 184 75 qu'au
2286 827 183 58 début
2486 830 76 57 du

454 930 325 61 manuscrit
831 926 182 75 qu'on
1065 941 36 37 a
1190 916 352 60 accoutumé
1597 913 73 56 de
1757 927 272 41 nommer
2126 907 435 79 l'Hagiopolite,

455 1018 165 54 faute
662 1012 72 56 de
775 1006 197 60 savoir
1013 1005 300 56 comment
1354 998 55 56 le
1493 993 288 77 désigner.
1863 992 96 56 On
2031 1009 37 38 a
2149 1009 84 38 vu
2286 990 82 57 du
2413 998 148 51 reste

455 1115 114 56 que
659 1095 256 55 l'auteur
1005 1087 91 73 s'y
1188 1082 184 59 réfère
1460 1080 36 54 à
1590 1095 84 39 un
1767 1080 171 52 autre
2021 1072 180 59 traité
2272 1072 289 60 vraiment

456 1199 23 31 «
501 1174 358 76 hagiopolite
882 1193 21 29 »
938 1175 61 51 et
1033 1165 216 75 auquel
1282 1162 40 56 il
1357 1158 240 60 renvoie
1630 1157 291 75 plusieurs
1955 1155 113 57 fois
2095 1176 11 36 :
2146 1164 74 59 <bç
2250 1179 309 56 nrpoetnropisv

458 1268 72 58 eiç
581 1282 91 35 TOV
701 1258 348 74 ÀYTOTROXIRRÇV
1077 1284 14 14 •
1137 1249 72 80 (f°
1253 1260 132 57 217,
1430 1244 40 55 1.
1510 1249 29 64 L
1539 1249 60 64 5,
1648 1242 99 77 16)
1768 1264 14 51 ;
1802 1247 112 51 Ê<ra
1938 1261 223 55 cpavepov
2181 1261 30 33 T
2215 1261 80 45 OIÇ
2336 1244 222 71 àxpiê&Ç

456 1349 336 66 àvi/veuoufft
818 1341 93 52 TÔV
939 1334 405 75 ÀYTO_iroXtTir)V
1366 1359 12 15 •
1416 1325 80 71 (f°
1547 1335 131 60 225,
1722 1324 41 54 1.
1815 1322 106 73 7*)*

569 1420 173 57 Selon
802 1416 58 56 la
926 1411 225 59 théorie
1218 1406 308 76 mystique
1594 1411 60 51 et
1722 1402 384 75 symbolique
2162 1401 72 56 de
2288 1406 134 52 tous
2473 1419 89 39 ces

456 1503 226 70 traités,
723 1500 58 56 la
818 1496 276 59 notation
1133 1491 281 59 musicale
1468 1493 91 52 est
1608 1504 234 41 comme
1885 1484 236 75 l'image
2166 1484 144 57 d'un
2354 1484 208 58 monde

458 1602 114 54 que
619 1597 294 59 gouverne
958 1597 74 38 en
1084 1574 86 58 roi
1213 1574 52 56 le
1300 1574 165 73 signe
2554 1569 13 57 i
1688 1570 55 56 le
1795 1567 354 74 régulateur.
2204 1566 357 73 Cependant,

458 1665 146 56 dans
654 1664 52 56 le
759 1679 168 40 cours
978 1659 102 57 des
1131 1656 210 74 pièces,
1392 1654 55 56 le
1498 1653 134 72 plus
1673 1650 245 57 humble
1956 1649 75 57 de
2068 1654 137 51 tous
2241 1647 83 58 les
2360 1649 203 73 signes,

455 1745 42 57 il
534 1748 99 54 n'a
670 1762 227 39 aucune
934 1743 204 56 valeur
1173 1755 214 56 propre
1424 1734 207 76 quand
1674 1733 42 57 il
1761 1738 90 50 est
1896 1733 155 74 joint
2097 1731 36 56 à
2176 1748 85 39 un
2304 1738 186 50 autre.

571 1827 109 55 Les
715 1824 324 57 caractères
1072 1819 370 76 phonétiques
1479 1820 138 54 sont
1653 1820 162 69 corps
1849 1832 80 39 ou
1964 1813 223 74 esprits.

571 1908 110 56 Les
710 1923 169 55 corps
907 1923 74 38 ne
1009 1905 355 71 parcourent
1394 1899 189 74 qu'un
1613 1898 201 72 degré;
1838 1898 84 56 les
1951 1894 232 75 esprits,
2214 1895 132 72 plus
2373 1894 189 72 libres,

458 1995 260 68 peuvent
766 2006 73 38 en
887 1984 259 60 franchir
1190 1983 310 73 plusieurs.
1551 1981 103 72 Or,
1703 1980 74 56 de
1825 1979 195 57 même
2067 1995 135 58 que,
2251 1995 100 40 sur
2397 1983 165 66 terre,

456 2072 83 56 les
586 2070 209 73 esprits
841 2074 136 51 sont
1023 2065 133 59 unis
1203 2067 37 54 à
1286 2064 104 57 des
1435 2081 191 55 corps,
1675 2061 150 56 ainsi
1872 2061 151 56 dans
2068 2060 60 56 la
2172 2060 272 73 musique
2486 2059 78 56 les

460 2153 323 56 caractères
828 2148 493 73 correspondants
1367 2144 363 75 peuvent-ils
1775 2144 187 56 l'être.
2012 2141 150 58 Mais
2206 2141 50 58 si
2300 2141 54 58 le
2399 2158 164 56 corps

459 2232 246 57 musical
753 2237 91 51 est
893 2229 396 72 accompagné
1341 2228 145 56 d'un
1537 2225 204 74 esprit,
1792 2225 42 56 il
1882 2224 149 75 perd
2079 2242 68 39 sa
2195 2224 223 70 valeur,
2468 2221 99 75 qui

460 2313 307 57 s'annihile
826 2313 222 56 devant
1105 2310 141 56 celle
1305 2309 73 57 de
1435 2309 228 73 l'esprit
1689 2329 13 36 :
1763 2307 194 75 parmi
2013 2308 84 56 les
2153 2305 287 71 hommes,
2497 2323 69 38 en

461 2394 163 73 effet,
668 2395 144 56 c'est
854 2393 223 72 l'esprit
1120 2393 105 74 qui
1268 2392 127 56 doit
1438 2390 385 58 commander
1865 2408 122 38 aux
2029 2389 187 57 forces
2260 2388 81 56 du
2383 2404 181 56 corps.

576 2478 52 55 A
652 2477 124 54 cela
799 2475 41 56 il
864 2475 131 56 faut
1021 2474 233 74 ajouter
1277 2474 58 56 la
2272 2473 295 57 cheironom
1761 2473 149 56 dont
1935 2472 82 57 les
2042 2472 192 73 signes
2258 2470 309 73 indiquent

460 2557 399 72 l'expression,
913 2555 318 58 l'émission
1286 2557 82 56 du
1420 2573 109 38 son
1555 2578 15 49 ;
1626 2555 265 58 d'autres
1946 2559 244 51 auteurs
2244 2553 193 56 disent
2487 2552 80 56 les

478 2638 343 72 hypostases,
845 2656 175 54 parce
1058 2656 117 54 que
1214 2656 94 38 ces
1349 2638 328 56 caractères
1715 2642 140 52 sont
1894 2637 218 57 formés
2153 2637 103 56 des
2294 2633 273 75 premiers

464 2718 435 57 différemment
954 2719 262 73 disposés
1269 2724 61 51 et
1383 2717 223 58 soumis
1659 2718 84 57 les
1795 2736 114 39 uns
1962 2736 121 39 aux
2136 2723 219 51 autres.
2410 2714 157 73 (Voir

461 2801 134 72 plus
621 2801 118 55 loin
772 2801 54 55 le
858 2801 242 57 tableau
1132 2802 74 56 de
1240 2806 136 52 tous
1411 2820 96 38 ces
1531 2802 193 74 signes
1755 2807 61 51 et
1849 2801 59 55 la
1942 2799 253 75 planche
2218 2802 96 67 V.)

577 2883 88 55 La
695 2882 417 74 complication
1143 2882 74 56 de
1249 2900 64 39 ce
1345 2883 261 73 système
1637 2882 200 72 influe,
1861 2882 184 57 hélas!
2077 2901 101 38 sur
2199 2881 58 57 la
2289 2881 179 58 clarté
2500 2878 67 58 de

464 2967 60 52 la
579 2964 291 56 notation.
930 2964 234 56 Autant
1221 2964 84 56 les
1362 2964 358 58 manuscrits
1777 2962 666 76 constantinopolitains
2498 2961 69 57 de

468 3044 271 56 notation
766 3044 188 56 mixte
979 3051 136 51 sont
1143 3063 74 39 en
1244 3046 235 73 général
1504 3046 220 57 lisibles
1750 3052 63 51 et
1839 3052 154 66 nets,
2022 3052 219 52 autant
2266 3046 84 57 les
2376 3048 191 54 autres

468 3132 386 66 superposent
894 3132 253 52 souvent
1186 3128 84 56 les
1310 3127 354 75 hypostases
1705 3128 83 57 les
1828 3128 136 74 plus
2004 3128 261 59 diverses
2304 3144 150 59 pour
2491 3142 76 41 un

468 3204 124 58 seul
637 3224 105 39 son
766 3208 13 57 !
831 3208 282 56 Heureux
1157 3226 435 41 sommes-nous
1636 3227 212 40 encore
1893 3211 208 73 quand
2144 3211 56 57 le
2244 3210 187 58 scribe
2474 3206 93 57 n'a

466 3287 169 74 point
667 3288 297 57 confondu
993 3290 84 57 les
1108 3291 211 75 signes,
1352 3297 61 52 et
1442 3292 114 57 mis
1585 3292 55 57 le
1670 3311 172 55 corps
1874 3293 35 56 à
1938 3293 61 56 la
2027 3293 170 74 place
2228 3293 74 58 de
2331 3288 236 76 l'esprit,

468 3386 77 39 ou
576 3370 144 55 écrit
750 3371 54 56 le
835 3371 161 75 signe
1028 3372 317 59 accessoire
1377 3391 146 40 avec
1552 3375 84 56 les
1668 3375 381 72 proportions
2081 3376 146 57 d'un
2279 3372 288 60 caractère

466 3450 427 59 fondamental.
931 3452 175 59 Aussi
1142 3455 84 56 les
1261 3472 160 40 rares
1458 3456 454 74 transcriptions
1950 3458 312 58 exécutées
2296 3450 268 81 jusqu'ici

576 3643 59 46 (1)
653 3644 129 44 Paris,
801 3645 72 45 id.,
897 3657 114 37 1302,
1029 3649 41 37 £°
1091 3651 48 37 16
1157 3662 11 33 ;
1185 3650 63 38 Cf.
1272 3652 369 49 Constantinople,
1660 3653 73 44 id.,
1751 3664 43 37 p.
1814 3662 64 39 51.
