2763 4102
1087 272 407 51 PALÉOGRAPHIE
1529 275 275 39 MUSICALE
1842 268 318 42 BYZANTINE

553 288 95 63 834

557 450 53 57 le
643 446 183 58 mètre
859 441 82 57 du
1203 432 345 75 cursusfilanus.
1549 427 48 71 (1).
1617 426 89 56 La
1737 419 253 60 mélodie
2021 437 64 39 se
2117 419 200 73 répète
2350 437 118 39 aux
2501 421 146 63 deux

558 523 283 64 clausules
871 520 82 57 du
984 515 207 73 couple
1222 512 73 71 A,
1328 509 74 58 de
1432 507 193 57 même
1656 521 74 39 en
1762 503 73 73 B,
1859 501 75 58 de
1964 499 193 59 même
2189 516 74 40 en
2292 498 72 76 C;
2395 499 61 57 la
2482 501 165 64 finale

560 612 87 55 est
681 607 36 55 à
749 606 155 70 part.

671 681 247 62 L'étude
957 680 74 57 de
1069 677 59 57 la
1165 671 276 59 notation
1480 666 328 59 elle-même
1846 682 42 38 n
1911 668 91 52 est
2042 678 108 58 pas
2189 678 192 41 moins
2419 664 200 63 intéres-

560 771 185 56 sante.
774 766 88 56 La
887 762 186 57 forme
1101 753 302 75 employée
1429 767 111 56 par
1565 748 60 57 la
1650 751 356 53 contexture
2034 742 343 75 rythmique
2404 743 73 57 de
2501 752 149 56 cette

561 849 160 74 pièce
765 851 90 52 est
901 861 74 40 en
1021 840 144 57 effet
1212 854 83 39 un
1341 849 217 57 moyen
1605 827 306 60 infaillible
1958 823 286 60 d'arriver
2289 826 36 56 à
2371 843 81 39 un
2496 832 155 58 texte

562 927 370 59 absolument
971 918 224 60 certain
1235 937 13 36 :
1292 932 78 40 on
1409 930 42 57 y
1492 916 90 52 est
1624 910 132 55 aidé
1795 925 112 56 par
1945 904 419 59 l'abréviation
2405 934 42 35 m
2489 907 71 58 de
2595 911 55 59 la

560 1007 271 60 notation
878 1003 206 70 mixte,
1134 998 104 75 qui
1285 1002 89 52 est
1423 993 272 75 toujours
1743 990 203 73 placée
1995 993 167 52 entre
2211 986 157 58 deux
2415 988 230 73 phrases

560 1087 365 69 semblables,
951 1090 183 72 B|jloia.
1164 1080 79 57 Ce
1263 1077 142 74 sigle
1428 1091 150 41 nous
1601 1072 152 57 offre
1776 1070 155 58 donc
1953 1071 54 57 le
2029 1086 218 56 moyen
2271 1067 73 57 de
2367 1068 274 62 redresser

562 1169 154 59 aussi
746 1167 102 57 des
876 1181 226 42 erreurs
1128 1161 82 56 du
1238 1157 188 60 scribe
1455 1175 79 38 ou
1564 1153 72 58 de
1666 1152 278 57 restituer
1972 1152 85 56 les
2084 1166 278 57 passages
2379 1148 270 64 douteux.

673 1251 87 56 La
792 1245 248 59 mélodie
1074 1249 90 52 est
1200 1241 81 56 du
1315 1238 280 58 deuterus
1628 1236 167 81 (y)x°C
1850 1236 95 89 (3'),
1987 1237 62 52 et
2084 1250 62 38 se
2188 1230 250 58 termine
2471 1250 96 39 sur
2597 1235 54 57 la

561 1331 341 57 dominante
962 1343 180 58 grave
1191 1322 120 73 (si),
1379 1336 232 42 comme
1676 1318 56 55 le
1785 1315 206 57 faisait
2045 1315 55 56 le
2157 1312 258 74 tropaire
2458 1316 160 72 précé-

561 1412 161 72 dent,
770 1410 148 57 dans
962 1409 55 56 le
1050 1405 176 57 mode
1263 1404 74 55 de
1382 1400 89 58 sol
1474 1448 14 25 ,
1526 1406 62 51 et
1619 1397 198 59 divers
1861 1396 198 75 pièces
2087 1396 84 56 du
2205 1400 110 52 ton
2346 1424 22 32 «
2401 1395 173 75 barys
2604 1419 45 37 ».

560 1492 163 58 Nous
775 1491 268 56 donnons
1094 1487 59 56 la
1211 1480 424 75 transcription
1699 1478 75 58 de
1843 1478 60 56 la
1979 1475 237 61 version
2271 1475 103 58 des
2434 1492 133 42 mss.
2618 1478 33 58 à

560 1572 271 58 notation
863 1570 207 58 mixte.
