2763 4102
626 404 97 34 LES
762 405 295 37 NOTATIONS
1096 396 485 58 DIASTÉMATIQUES,
1621 412 243 35 LECTURE

2264 445 0 0 811

327 544 96 68 Or,
455 544 145 55 dans
629 545 79 55 les
737 550 349 56 manuscrits
1114 552 145 55 ainsi
1287 555 184 69 notés,
1500 554 81 56 les
1609 554 237 72 phrases
1872 573 78 39 ou
1979 558 286 56 membres

215 624 70 55 de
309 624 206 68 phrase
540 629 131 48 sont
695 626 229 70 séparés
948 647 105 52 par
1077 630 98 56 des
2204 637 61 66 po
1788 637 129 71 plus
1941 637 324 55 nombreux

212 709 60 48 et
311 703 134 54 bien
484 704 131 68 plus
653 705 462 71 soigneusement
1155 714 268 70 marqués
1462 732 112 52 que
1614 717 145 53 dans
1797 717 80 54 les
1917 718 346 56 manuscrits

212 783 35 53 à
278 783 323 70 martyries.
637 783 134 57 C'en
804 786 92 55 fut
927 804 157 40 assez
1115 807 146 54 pour
1292 793 202 54 attirer
1524 800 165 49 notre
1721 798 291 53 attention
2042 816 100 37 sur
2169 814 94 39 ces

211 860 212 71 points,
470 863 130 68 plus
644 863 351 71 importants
1040 886 202 38 encore
1286 888 147 53 pour
1476 873 57 52 la
1578 873 367 57 diastématie
1989 877 273 56 musicale

211 939 169 71 qu'ils
413 958 71 35 ne
517 940 51 55 le
602 943 212 70 furent,
850 945 143 54 dans
1026 948 80 53 les
1138 949 329 56 recherches
1500 952 80 53 du
1613 954 257 55 cardinal
1903 957 180 69 Pitra,
2115 974 147 54 pour

209 1019 50 53 le
290 1019 235 70 rythme
557 1021 293 56 littéraire.

319 1096 92 55 En
459 1105 233 50 tentant
739 1103 51 52 le
837 1103 348 72 déchiffrage
1233 1107 72 54 de
1350 1126 92 36 ces
1487 1112 315 69 notations,
1849 1131 146 36 nous
2042 1132 176 37 remar-

209 1179 241 67 quâmes
489 1195 70 37 en
600 1179 141 55 effet
780 1198 113 53 que
932 1181 81 55 les
1052 1202 152 37 rares
1244 1187 198 54 lettres
1481 1206 75 36 ou
1595 1190 186 71 signes
1820 1197 222 50 tonaux
2082 1195 100 69 qui
2222 1212 39 53 y

209 1256 266 70 figurent,
527 1258 324 56 coïncident
903 1263 263 70 toujours
1217 1282 140 38 avec
1407 1284 80 36 un
1540 1269 162 67 point
1729 1292 12 46 ;
1796 1272 71 53 de
1917 1273 148 68 plus,
2117 1275 143 52 c'est

207 1335 151 53 aussi
414 1336 36 52 à
503 1354 93 36 ces
649 1338 217 56 mêmes
920 1341 195 69 points
1169 1362 113 52 que
1335 1345 386 57 l'incertitude
1777 1350 79 54 du
1912 1352 348 71 déchiffrage

206 1414 399 70 apparaissait.
652 1419 112 52 Par
803 1423 279 67 exemple,
1126 1423 50 54 le
1217 1425 245 69 premier
1503 1425 156 71 signe
1701 1428 100 70 qui
1841 1429 118 55 suit
1999 1432 51 52 le
2092 1432 165 69 point

207 1494 201 53 diffère
447 1512 157 36 assez
644 1498 422 70 fréquemment
1108 1503 68 52 de
1216 1503 144 53 celui
1400 1504 118 69 qui,
1560 1505 145 55 dans
1743 1526 112 35 une
1895 1514 164 48 autre
2098 1510 160 70 copie

206 1574 127 68 plus
360 1575 226 53 récente
614 1576 139 54 d'un
781 1578 186 54 même
993 1579 102 69 air,
1123 1580 116 55 suit
1265 1583 56 52 la
1347 1584 293 69 martyrie.

319 1653 48 52 Il
407 1654 247 54 suffisait
695 1655 99 53 dès
833 1656 113 54 lors
987 1658 139 53 d'un
1167 1660 216 52 certain
1425 1661 240 54 nombre
1706 1663 71 54 de
1818 1665 439 70 transcriptions

202 1731 309 56 anciennes
551 1750 147 52 pour
743 1735 344 55 déterminer
1127 1739 52 52 le
1218 1738 168 71 degré
1429 1740 114 54 fixe
1587 1742 141 68 qu'il
1764 1744 186 53 fallait
1979 1762 279 53 supposer

205 1810 166 70 après
402 1810 50 56 le
474 1811 184 70 point,
691 1830 74 36 au
798 1814 179 53 début
1009 1833 75 36 ou
1117 1834 114 35 aux
1263 1834 209 52 coupes
1503 1818 72 54 de
1606 1819 57 53 la
1692 1822 225 68 phrase,
1940 1839 146 54 pour
2109 1824 149 53 tenir

205 1889 110 54 lieu
342 1890 70 55 de
435 1891 125 70 clef,
585 1891 69 55 de
686 1894 273 70 martyrie
987 1914 10 35 :
1033 1913 62 36 ce
1129 1895 188 71 degré,
1350 1898 256 70 lorsqu'il
1637 1905 85 49 est
1755 1902 256 69 exprimé
2042 1921 72 35 en
2135 1904 121 53 tête

206 1968 172 54 d'une
409 1969 158 70 pièce
606 1988 75 37 ou
722 1971 172 55 d'une
934 1973 225 71 phrase,
1199 1980 87 49 est
1326 1975 234 71 indiqué
1601 1994 105 54 par
1744 1979 52 53 le
1837 1982 287 54 caractère
2185 1983 70 53 de

215 2048 182 54 Vison.
431 2050 242 69 D'après
745 2069 62 36 ce
852 2070 112 51 que
1009 2070 144 37 nous
1198 2072 211 37 savons
1453 2055 79 55 du
1574 2056 180 56 chant
1799 2059 280 71 byzantin
2125 2063 130 68 plus

202 2126 212 70 récent,
635 2128 103 54 Vison
739 2135 93 64 peut
833 2131 91 54 être
943 2153 10 32 :
991 2142 70 58 i°,
1093 2134 110 53 soit
1232 2134 56 53 la
1316 2134 166 56 finale
1510 2157 14 47 ;
1565 2145 75 59 2°,
1670 2138 113 54 soit
1834 2139 57 53 la
1918 2139 335 56 dominante

201 2223 76 37 ou
306 2211 202 50 teneur
536 2208 173 54 d'une
756 2210 210 55 échelle
1006 2211 193 55 tonale
1226 2233 13 47 ;
1280 2233 30 46 3
1313 2223 20 21 0
1339 2258 13 23 ,
1378 2214 113 55 soit
1522 2215 138 55 celle
1708 2216 78 54 du
1825 2218 253 54 récitatif
2112 2220 140 54 d'un

202 2291 188 49 verset
418 2286 332 73 liturgique.

313 2365 90 51 En
433 2365 173 55 lisant
635 2366 79 54 les
743 2369 296 53 notations
1070 2370 302 55 anciennes
1401 2373 234 56 suivant
1664 2392 91 38 ces
1786 2377 140 53 trois
1955 2378 292 70 procédés,

202 2443 50 54 le
296 2445 247 67 premier
586 2463 71 37 ne
703 2464 143 37 nous
892 2467 34 34 a
971 2449 189 55 donné
1206 2468 188 37 aucun
1440 2454 242 55 résultat
1728 2457 358 54 satisfaisant
2111 2479 13 47 ;
2172 2458 79 53 les

202 2523 272 54 mélodies
507 2524 144 53 ainsi
682 2526 277 55 obtenues
991 2529 296 63 n'avaient
1317 2531 121 54 rien
1474 2531 69 55 de
1575 2534 258 69 musical,
1865 2537 384 54 s'étendaient

204 2601 212 70 parfois
444 2619 96 37 sur
569 2604 151 53 deux
748 2623 75 35 ou
852 2606 139 54 trois
1020 2614 234 48 octaves
1283 2615 57 49 et
1371 2611 202 69 demie,
1603 2614 218 53 étaient
1851 2632 132 37 sans
2011 2622 240 64 rapport

202 2698 139 35 avec
389 2683 80 53 les
517 2689 188 48 textes
760 2686 128 69 plus
954 2688 239 54 récents.
1251 2690 160 54 Avec
1477 2691 52 54 le
1584 2695 212 52 second
1863 2713 146 36 nous
2069 2713 182 37 avons

201 2760 236 70 obtenu,
489 2779 106 51 par
644 2769 216 63 contre,
912 2765 71 55 de
1034 2768 114 52 très
1199 2768 146 54 bons
1395 2770 289 70 résultats,
1738 2773 144 53 mais
1933 2774 316 55 seulement

201 2857 145 50 pour
369 2840 80 53 les
474 2843 271 53 tonalités
770 2844 143 54 dont
938 2845 57 53 la
1019 2845 336 57 dominante
1380 2851 345 69 correspond
1749 2869 75 36 au
1848 2854 87 52 sol
1957 2853 291 54 moderne.

204 2918 187 68 Enfin,
433 2920 364 56 considérant
837 2940 113 54 que
990 2942 63 36 ce
1990 2925 88 53 sol
1216 2931 86 49 est
1343 2928 292 54 lui-même
1674 2930 56 54 la
1769 2937 138 48 note
1946 2933 302 53 récitative

204 2996 66 54 de
311 2998 56 53 la
405 2999 130 70 plus
576 3001 214 69 grande
830 3004 185 68 partie
1056 3004 72 54 de
1167 3005 56 53 la
1263 3008 317 68 psalmodie
1620 3009 331 71 byzantine,
1994 3029 145 37 nous
2180 3031 71 35 en

201 3093 180 38 avons
421 3080 203 52 conclu
663 3098 113 53 que
817 3083 51 52 le
910 3083 167 71 degré
1118 3085 131 69 fixe,
1292 3086 141 70 qu'il
1474 3088 184 54 fallait
1698 3107 278 52 supposer
2016 3108 71 37 en
2129 3092 120 54 tête

200 3154 70 54 de
310 3155 222 72 chaque
572 3158 225 71 phrase,
837 3161 145 55 était
1020 3163 53 53 le
1113 3164 101 53 sol.
1258 3164 78 53 Le
1376 3166 245 69 premier
1659 3168 157 71 signe
1856 3170 165 54 étant
2062 3170 184 69 Vison,

198 3234 350 71 indiquerait
600 3238 147 54 donc
798 3239 57 54 la
905 3246 135 50 note
1091 3243 88 53 sol
1200 3264 14 47 ;
1268 3262 79 35 un
1399 3244 156 72 signe
1606 3246 356 73 phonétique
2013 3248 236 72 indique

197 3312 341 58 l'intervalle
581 3318 34 52 à
658 3325 259 65 compter
959 3321 300 55 au-dessus
1301 3342 76 35 ou
1420 3325 337 56 au-dessous
1800 3328 71 54 de
1913 3333 154 49 cette
2109 3334 138 50 note

200 3409 143 53 pour
378 3412 356 39 commencer
766 3398 56 53 la
854 3400 260 55 mélodie.

311 3471 92 55 En
430 3475 387 56 transcrivant
845 3495 140 38 avec
1011 3498 64 35 ce
1101 3480 243 70 procédé
1369 3481 80 55 les
1477 3484 272 55 mélodies
1776 3485 100 55 des
1902 3486 346 55 manuscrits

198 3566 135 37 sans
364 3554 321 70 martyries,
717 3555 78 55 les
825 3558 128 68 plus
983 3559 248 68 anciens,
1261 3561 80 54 les
1371 3563 270 54 résultats
1670 3582 59 37 se
1759 3570 131 49 sont
1922 3583 70 37 en
2020 3566 228 72 général

198 3633 254 52 montrés
484 3633 324 71 excellents,
842 3643 57 47 e.t
931 3655 79 35 un
1042 3638 203 71 simple
1275 3643 483 68 rapprochement
1791 3662 70 35 en
1894 3645 121 54 fera
2045 3645 201 70 appré-
