<?xml version="1.0" encoding="UTF-8"?>
<alto xmlns:xsi="http://www.w3.org/2001/XMLSchema-instance" xmlns="http://www.loc.gov/standards/alto/ns-v2#" xsi:schemaLocation="http://www.loc.gov/standards/alto/ns-v2# http://www.loc.gov/standards/alto/alto-v2.0.xsd" xmlns:xlink="http://www.w3.org/1999/xlink">
	<Description>
		<MeasurementUnit>mm10</MeasurementUnit>
		<sourceImageInformation>
			<fileName>//fileserver7/IN2/Princeton/Batch3/bmtnabh/1907/08/15_01/00000389.tif</fileName>
		</sourceImageInformation>
		<OCRProcessing ID="OCRPROCESSING_1">
			<preProcessingStep>
				<processingSoftware>
					<softwareCreator>CCS Content Conversion Specialists GmbH, Germany</softwareCreator>
					<softwareName>CCS docWORKS</softwareName>
					<softwareVersion>6.6-1.18</softwareVersion>
				</processingSoftware>
			</preProcessingStep>
			<ocrProcessingStep>
				<processingSoftware>
					<softwareCreator>ABBYY (BIT Software), Russia</softwareCreator>
					<softwareName>FineReader</softwareName>
					<softwareVersion>10.0</softwareVersion>
				</processingSoftware>
			</ocrProcessingStep>
		</OCRProcessing>
	</Description>
	<Styles>
		<TextStyle ID="TXT_0" FONTSIZE="5" FONTFAMILY="Serifa-Black" FONTSTYLE="bold"/>
		<TextStyle ID="TXT_1" FONTSIZE="5" FONTFAMILY="Serifa-Black"/>
		<TextStyle ID="TXT_2" FONTSIZE="15" FONTFAMILY="Times New Roman" FONTSTYLE="bold"/>
		<TextStyle ID="TXT_3" FONTSIZE="21" FONTFAMILY="Times New Roman"/>
		<TextStyle ID="TXT_4" FONTSIZE="21" FONTFAMILY="Times New Roman" FONTSTYLE="italics"/>
		<TextStyle ID="TXT_5" FONTSIZE="14" FONTFAMILY="Times New Roman"/>
		<TextStyle ID="TXT_6" FONTSIZE="13" FONTFAMILY="Times New Roman" FONTSTYLE="italics"/>
		<TextStyle ID="TXT_7" FONTSIZE="13" FONTFAMILY="Times New Roman" FONTSTYLE="bold"/>
		<ParagraphStyle ID="PAR_RIGHT" ALIGN="Right"/>
		<ParagraphStyle ID="PAR_LEFT" ALIGN="Left"/>
		<ParagraphStyle ID="PAR_CENTER" ALIGN="Center"/>
		<ParagraphStyle ID="PAR_BLOCK" ALIGN="Block"/>
	</Styles>
	<Layout>
		<Page ID="P18" PHYSICAL_IMG_NR="18" HEIGHT="4102" WIDTH="2763" PC="0.890">
			<TopMargin ID="P18_TM00001" HPOS="0" VPOS="0" WIDTH="2763" HEIGHT="406">
				<TextBlock ID="P18_TB00001" HPOS="2149" VPOS="337" WIDTH="91" HEIGHT="48" STYLEREFS="TXT_0 PAR_RIGHT">
					<TextLine ID="P18_TL00001" HPOS="2240" VPOS="385" WIDTH="0" HEIGHT="0">
						<String ID="P18_ST00001" HPOS="2240" VPOS="385" WIDTH="0" HEIGHT="0" CONTENT="801" WC="1.00" CC="000" STYLEREFS="TXT_1"/>
					</TextLine>
				</TextBlock>
				<TextBlock ID="P18_TB00002" HPOS="565" VPOS="344" WIDTH="1273" HEIGHT="59" STYLEREFS="TXT_2 PAR_LEFT">
					<TextLine ID="P18_TL00002" HPOS="566" VPOS="344" WIDTH="1272" HEIGHT="59">
						<String ID="P18_ST00002" HPOS="566" VPOS="363" WIDTH="97" HEIGHT="35" CONTENT="LES" WC="0.96" CC="540"/>
						<SP ID="P18_SP00001" HPOS="663" VPOS="398" WIDTH="36"/>
						<String ID="P18_ST00003" HPOS="699" VPOS="361" WIDTH="292" HEIGHT="36" CONTENT="NOTATIONS" WC="0.99" CC="621125160"/>
						<SP ID="P18_SP00002" HPOS="991" VPOS="398" WIDTH="37"/>
						<String ID="P18_ST00004" HPOS="1028" VPOS="349" WIDTH="478" HEIGHT="54" CONTENT="DIASTÉMATIQUES," WC="0.70" CC="240006600263605"/>
						<SP ID="P18_SP00003" HPOS="1506" VPOS="403" WIDTH="31"/>
						<String ID="P18_ST00005" HPOS="1537" VPOS="344" WIDTH="301" HEIGHT="48" CONTENT="ÉVOLUTION" WC="1.00" CC="600100300"/>
					</TextLine>
				</TextBlock>
			</TopMargin>
			<LeftMargin ID="P18_LM00001" HPOS="0" VPOS="406" WIDTH="182" HEIGHT="3250"/>
			<RightMargin ID="P18_RM00001" HPOS="2242" VPOS="406" WIDTH="521" HEIGHT="3250"/>
			<BottomMargin ID="P18_BM00001" HPOS="0" VPOS="3656" WIDTH="2763" HEIGHT="446"/>
			<PrintSpace ID="P18_PS00001" HPOS="182" VPOS="406" WIDTH="2060" HEIGHT="3250">
				<TextBlock ID="P18_TB00003" HPOS="763" VPOS="531" WIDTH="886" HEIGHT="74" STYLEREFS="TXT_2 PAR_CENTER">
					<TextLine ID="P18_TL00003" HPOS="764" VPOS="531" WIDTH="885" HEIGHT="74">
						<String ID="P18_ST00006" HPOS="764" VPOS="531" WIDTH="29" HEIGHT="74" CONTENT="§" WC="0.33" CC="6"/>
						<SP ID="P18_SP00004" HPOS="793" VPOS="605" WIDTH="31"/>
						<String ID="P18_ST00007" HPOS="824" VPOS="545" WIDTH="50" HEIGHT="40" CONTENT="2." WC="0.92" CC="01"/>
						<SP ID="P18_SP00005" HPOS="874" VPOS="605" WIDTH="37"/>
						<String ID="P18_ST00008" HPOS="911" VPOS="545" WIDTH="300" HEIGHT="40" CONTENT="NOTATION" WC="0.99" CC="50002062"/>
						<SP ID="P18_SP00006" HPOS="1211" VPOS="605" WIDTH="37"/>
						<String ID="P18_ST00009" HPOS="1248" VPOS="543" WIDTH="401" HEIGHT="42" CONTENT="HAGIOPOLITE" WC="0.74" CC="60700602110"/>
					</TextLine>
				</TextBlock>
				<TextBlock ID="P18_TB00004" HPOS="182" VPOS="683" WIDTH="2060" HEIGHT="2532" STYLEREFS="TXT_3 PAR_BLOCK">
					<TextLine ID="P18_TL00004" HPOS="294" VPOS="684" WIDTH="1945" HEIGHT="74">
						<String ID="P18_ST00010" HPOS="294" VPOS="691" WIDTH="191" HEIGHT="67" CONTENT="Enfin," WC="0.98" CC="154407"/>
						<SP ID="P18_SP00007" HPOS="485" VPOS="758" WIDTH="65"/>
						<String ID="P18_ST00011" HPOS="550" VPOS="687" WIDTH="267" HEIGHT="71" CONTENT="apparaît" WC="0.99" CC="06505000"/>
						<SP ID="P18_SP00008" HPOS="817" VPOS="758" WIDTH="76"/>
						<String ID="P18_ST00012" HPOS="893" VPOS="687" WIDTH="56" HEIGHT="52" CONTENT="la" WC="1.00" CC="00"/>
						<SP ID="P18_SP00009" HPOS="949" VPOS="758" WIDTH="76"/>
						<String ID="P18_ST00013" HPOS="1025" VPOS="687" WIDTH="267" HEIGHT="53" CONTENT="notation" WC="1.00" CC="00000040"/>
						<SP ID="P18_SP00010" HPOS="1292" VPOS="758" WIDTH="67"/>
						<String ID="P18_ST00014" HPOS="1359" VPOS="684" WIDTH="356" HEIGHT="71" CONTENT="hagioftolite," WC="0.72" CC="2150077200540" STYLEREFS="TXT_4"/>
						<SP ID="P18_SP00011" HPOS="1715" VPOS="758" WIDTH="63"/>
						<String ID="P18_ST00015" HPOS="1778" VPOS="701" WIDTH="139" HEIGHT="37" CONTENT="avec" WC="1.00" CC="0000"/>
						<SP ID="P18_SP00012" HPOS="1917" VPOS="758" WIDTH="61"/>
						<String ID="P18_ST00016" HPOS="1978" VPOS="698" WIDTH="80" HEIGHT="37" CONTENT="un" WC="0.62" CC="70"/>
						<SP ID="P18_SP00013" HPOS="2058" VPOS="758" WIDTH="61"/>
						<String ID="P18_ST00017" HPOS="2119" VPOS="696" WIDTH="90" HEIGHT="54" CONTENT="sys" SUBS_TYPE="HypPart1" SUBS_CONTENT="système" WC="0.99" CC="040"/>
						<HYP HPOS="2209" VPOS="696" WIDTH="30" CONTENT="-"/>
					</TextLine>
					<TextLine ID="P18_TL00005" HPOS="183" VPOS="759" WIDTH="2058" HEIGHT="76">
						<String ID="P18_ST00018" HPOS="183" VPOS="772" WIDTH="153" HEIGHT="53" CONTENT="tème" SUBS_TYPE="HypPart2" SUBS_CONTENT="système" WC="1.00" CC="0000"/>
						<SP ID="P18_SP00014" HPOS="336" VPOS="825" WIDTH="67"/>
						<String ID="P18_ST00019" HPOS="403" VPOS="786" WIDTH="156" HEIGHT="37" CONTENT="assez" WC="0.99" CC="00005"/>
						<SP ID="P18_SP00015" HPOS="559" VPOS="825" WIDTH="72"/>
						<String ID="P18_ST00020" HPOS="631" VPOS="765" WIDTH="346" HEIGHT="70" CONTENT="compliqué," WC="1.00" CC="0200000700"/>
						<SP ID="P18_SP00016" HPOS="977" VPOS="835" WIDTH="51"/>
						<String ID="P18_ST00021" HPOS="1028" VPOS="767" WIDTH="146" HEIGHT="52" CONTENT="mais" WC="1.00" CC="0000"/>
						<SP ID="P18_SP00017" HPOS="1174" VPOS="835" WIDTH="51"/>
						<String ID="P18_ST00022" HPOS="1225" VPOS="767" WIDTH="143" HEIGHT="52" CONTENT="dont" WC="0.99" CC="0230"/>
						<SP ID="P18_SP00018" HPOS="1368" VPOS="835" WIDTH="61"/>
						<String ID="P18_ST00023" HPOS="1429" VPOS="765" WIDTH="318" HEIGHT="70" CONTENT="justement" WC="0.99" CC="570000130"/>
						<SP ID="P18_SP00019" HPOS="1747" VPOS="835" WIDTH="66"/>
						<String ID="P18_ST00024" HPOS="1813" VPOS="763" WIDTH="53" HEIGHT="53" CONTENT="le" WC="1.00" CC="00"/>
						<SP ID="P18_SP00020" HPOS="1866" VPOS="835" WIDTH="62"/>
						<String ID="P18_ST00025" HPOS="1928" VPOS="778" WIDTH="128" HEIGHT="37" CONTENT="sens" WC="0.99" CC="0030"/>
						<SP ID="P18_SP00021" HPOS="2056" VPOS="835" WIDTH="68"/>
						<String ID="P18_ST00026" HPOS="2124" VPOS="759" WIDTH="117" HEIGHT="55" CONTENT="très" WC="0.99" CC="0500"/>
					</TextLine>
					<TextLine ID="P18_TL00006" HPOS="182" VPOS="842" WIDTH="2057" HEIGHT="78">
						<String ID="P18_ST00027" HPOS="182" VPOS="849" WIDTH="183" HEIGHT="71" CONTENT="précis" WC="0.99" CC="420030"/>
						<SP ID="P18_SP00022" HPOS="365" VPOS="920" WIDTH="59"/>
						<String ID="P18_ST00028" HPOS="424" VPOS="847" WIDTH="130" HEIGHT="54" CONTENT="finit" WC="0.99" CC="00400"/>
						<SP ID="P18_SP00023" HPOS="554" VPOS="920" WIDTH="57"/>
						<String ID="P18_ST00029" HPOS="611" VPOS="865" WIDTH="104" HEIGHT="52" CONTENT="par" WC="0.98" CC="005"/>
						<SP ID="P18_SP00024" HPOS="715" VPOS="920" WIDTH="55"/>
						<String ID="P18_ST00030" HPOS="770" VPOS="845" WIDTH="268" HEIGHT="54" CONTENT="détrôner" WC="0.99" CC="30040205"/>
						<SP ID="P18_SP00025" HPOS="1038" VPOS="920" WIDTH="35"/>
						<String ID="P18_ST00031" HPOS="1073" VPOS="845" WIDTH="56" HEIGHT="53" CONTENT="la" WC="0.97" CC="00"/>
						<SP ID="P18_SP00026" HPOS="1129" VPOS="920" WIDTH="51"/>
						<String ID="P18_ST00032" HPOS="1180" VPOS="844" WIDTH="267" HEIGHT="55" CONTENT="notation" WC="1.00" CC="01000100"/>
						<SP ID="P18_SP00027" HPOS="1447" VPOS="920" WIDTH="57"/>
						<String ID="P18_ST00033" HPOS="1504" VPOS="843" WIDTH="311" HEIGHT="70" CONTENT="primitive." WC="1.00" CC="0100000004"/>
						<SP ID="P18_SP00028" HPOS="1815" VPOS="920" WIDTH="65"/>
						<String ID="P18_ST00034" HPOS="1880" VPOS="842" WIDTH="152" HEIGHT="53" CONTENT="C'est" WC="0.99" CC="14000"/>
						<SP ID="P18_SP00029" HPOS="2032" VPOS="920" WIDTH="54"/>
						<String ID="P18_ST00035" HPOS="2086" VPOS="843" WIDTH="153" HEIGHT="49" CONTENT="cette" WC="1.00" CC="00000"/>
					</TextLine>
					<TextLine ID="P18_TL00007" HPOS="182" VPOS="917" WIDTH="2057" HEIGHT="82">
						<String ID="P18_ST00036" HPOS="182" VPOS="927" WIDTH="350" HEIGHT="72" CONTENT="hagiopolite" WC="0.80" CC="50203035000"/>
						<SP ID="P18_SP00030" HPOS="532" VPOS="999" WIDTH="42"/>
						<String ID="P18_ST00037" HPOS="574" VPOS="927" WIDTH="143" HEIGHT="52" CONTENT="dont" WC="1.00" CC="0020"/>
						<SP ID="P18_SP00031" HPOS="717" VPOS="999" WIDTH="41"/>
						<String ID="P18_ST00038" HPOS="758" VPOS="923" WIDTH="432" HEIGHT="71" CONTENT="l'organisation" WC="1.00" CC="04001000000020"/>
						<SP ID="P18_SP00032" HPOS="1190" VPOS="999" WIDTH="41"/>
						<String ID="P18_ST00039" HPOS="1231" VPOS="923" WIDTH="91" HEIGHT="55" CONTENT="fut" WC="0.97" CC="350"/>
						<SP ID="P18_SP00033" HPOS="1322" VPOS="999" WIDTH="40"/>
						<String ID="P18_ST00040" HPOS="1362" VPOS="923" WIDTH="131" HEIGHT="70" CONTENT="plus" WC="0.98" CC="0260"/>
						<SP ID="P18_SP00034" HPOS="1493" VPOS="999" WIDTH="45"/>
						<String ID="P18_ST00041" HPOS="1538" VPOS="920" WIDTH="134" HEIGHT="55" CONTENT="tard" WC="0.99" CC="0030"/>
						<SP ID="P18_SP00035" HPOS="1672" VPOS="999" WIDTH="38"/>
						<String ID="P18_ST00042" HPOS="1710" VPOS="919" WIDTH="289" HEIGHT="55" CONTENT="attribuée" WC="1.00" CC="000020500"/>
						<SP ID="P18_SP00036" HPOS="1999" VPOS="999" WIDTH="28"/>
						<String ID="P18_ST00043" HPOS="2027" VPOS="919" WIDTH="34" HEIGHT="52" CONTENT="à" WC="0.76" CC="2"/>
						<SP ID="P18_SP00037" HPOS="2061" VPOS="999" WIDTH="25"/>
						<String ID="P18_ST00044" HPOS="2086" VPOS="917" WIDTH="153" HEIGHT="54" CONTENT="saint" WC="0.99" CC="00040"/>
					</TextLine>
					<TextLine ID="P18_TL00008" HPOS="183" VPOS="999" WIDTH="1932" HEIGHT="80">
						<String ID="P18_ST00045" HPOS="183" VPOS="1009" WIDTH="149" HEIGHT="70" CONTENT="Jean" WC="0.99" CC="5000"/>
						<SP ID="P18_SP00038" HPOS="332" VPOS="1079" WIDTH="26"/>
						<String ID="P18_ST00046" HPOS="358" VPOS="1007" WIDTH="378" HEIGHT="66" CONTENT="Damascène," WC="0.90" CC="4000000103"/>
						<SP ID="P18_SP00039" HPOS="736" VPOS="1079" WIDTH="26"/>
						<String ID="P18_ST00047" HPOS="762" VPOS="1004" WIDTH="51" HEIGHT="54" CONTENT="le" WC="0.76" CC="40"/>
						<SP ID="P18_SP00040" HPOS="813" VPOS="1079" WIDTH="27"/>
						<String ID="P18_ST00048" HPOS="840" VPOS="1002" WIDTH="282" HEIGHT="72" CONTENT="principal" WC="0.99" CC="344000600"/>
						<SP ID="P18_SP00041" HPOS="1122" VPOS="1079" WIDTH="25"/>
						<String ID="P18_ST00049" HPOS="1147" VPOS="1004" WIDTH="99" HEIGHT="52" CONTENT="des" WC="1.00" CC="000"/>
						<SP ID="P18_SP00042" HPOS="1246" VPOS="1079" WIDTH="27"/>
						<String ID="P18_ST00050" HPOS="1273" VPOS="1003" WIDTH="250" HEIGHT="53" CONTENT="mélodes" WC="0.97" CC="0100000"/>
						<SP ID="P18_SP00043" HPOS="1523" VPOS="1079" WIDTH="30"/>
						<String ID="P18_ST00051" HPOS="1553" VPOS="1002" WIDTH="70" HEIGHT="53" CONTENT="de" WC="1.00" CC="00"/>
						<SP ID="P18_SP00044" HPOS="1623" VPOS="1079" WIDTH="32"/>
						<String ID="P18_ST00052" HPOS="1655" VPOS="1002" WIDTH="56" HEIGHT="52" CONTENT="la" WC="1.00" CC="00"/>
						<SP ID="P18_SP00045" HPOS="1711" VPOS="1079" WIDTH="32"/>
						<String ID="P18_ST00053" HPOS="1743" VPOS="1000" WIDTH="132" HEIGHT="55" CONTENT="ville" WC="1.00" CC="00000"/>
						<SP ID="P18_SP00046" HPOS="1875" VPOS="1079" WIDTH="35"/>
						<String ID="P18_ST00054" HPOS="1910" VPOS="999" WIDTH="205" HEIGHT="55" CONTENT="sainte." WC="1.00" CC="0000003"/>
					</TextLine>
					<TextLine ID="P18_TL00009" HPOS="295" VPOS="1075" WIDTH="1944" HEIGHT="83">
						<String ID="P18_ST00055" HPOS="295" VPOS="1089" WIDTH="76" HEIGHT="54" CONTENT="Ce" WC="0.78" CC="40"/>
						<SP ID="P18_SP00047" HPOS="371" VPOS="1143" WIDTH="34"/>
						<String ID="P18_ST00056" HPOS="405" VPOS="1083" WIDTH="474" HEIGHT="75" CONTENT="poète-musicien" WC="1.00" CC="00000307030000"/>
						<SP ID="P18_SP00048" HPOS="879" VPOS="1158" WIDTH="50"/>
						<String ID="P18_ST00057" HPOS="929" VPOS="1082" WIDTH="152" HEIGHT="54" CONTENT="a-t-il" WC="0.94" CC="000300"/>
						<SP ID="P18_SP00049" HPOS="1081" VPOS="1158" WIDTH="42"/>
						<String ID="P18_ST00058" HPOS="1123" VPOS="1082" WIDTH="288" HEIGHT="54" CONTENT="vraiment" WC="1.00" CC="05000000"/>
						<SP ID="P18_SP00050" HPOS="1411" VPOS="1158" WIDTH="49"/>
						<String ID="P18_ST00059" HPOS="1460" VPOS="1080" WIDTH="299" HEIGHT="55" CONTENT="contribué" WC="1.00" CC="001040060"/>
						<SP ID="P18_SP00051" HPOS="1759" VPOS="1158" WIDTH="57"/>
						<String ID="P18_ST00060" HPOS="1816" VPOS="1080" WIDTH="33" HEIGHT="54" CONTENT="à" WC="1.00" CC="0"/>
						<SP ID="P18_SP00052" HPOS="1849" VPOS="1158" WIDTH="47"/>
						<String ID="P18_ST00061" HPOS="1896" VPOS="1075" WIDTH="343" HEIGHT="57" CONTENT="l'invention" WC="1.00" CC="03000000002"/>
					</TextLine>
					<TextLine ID="P18_TL00010" HPOS="186" VPOS="1157" WIDTH="2053" HEIGHT="76">
						<String ID="P18_ST00062" HPOS="186" VPOS="1185" WIDTH="75" HEIGHT="36" CONTENT="ou" WC="0.67" CC="06"/>
						<SP ID="P18_SP00053" HPOS="261" VPOS="1221" WIDTH="50"/>
						<String ID="P18_ST00063" HPOS="311" VPOS="1168" WIDTH="35" HEIGHT="52" CONTENT="à" WC="1.00" CC="0"/>
						<SP ID="P18_SP00054" HPOS="346" VPOS="1221" WIDTH="40"/>
						<String ID="P18_ST00064" HPOS="386" VPOS="1165" WIDTH="56" HEIGHT="54" CONTENT="la" WC="1.00" CC="00"/>
						<SP ID="P18_SP00055" HPOS="442" VPOS="1221" WIDTH="56"/>
						<String ID="P18_ST00065" HPOS="498" VPOS="1163" WIDTH="277" HEIGHT="55" CONTENT="diffusion" WC="0.99" CC="004670022"/>
						<SP ID="P18_SP00056" HPOS="775" VPOS="1221" WIDTH="43"/>
						<String ID="P18_ST00066" HPOS="818" VPOS="1162" WIDTH="71" HEIGHT="53" CONTENT="de" WC="1.00" CC="00"/>
						<SP ID="P18_SP00057" HPOS="889" VPOS="1221" WIDTH="50"/>
						<String ID="P18_ST00067" HPOS="939" VPOS="1179" WIDTH="62" HEIGHT="36" CONTENT="ce" WC="1.00" CC="00"/>
						<SP ID="P18_SP00058" HPOS="1001" VPOS="1221" WIDTH="42"/>
						<String ID="P18_ST00068" HPOS="1043" VPOS="1163" WIDTH="251" HEIGHT="70" CONTENT="système" WC="1.00" CC="0200200"/>
						<SP ID="P18_SP00059" HPOS="1294" VPOS="1233" WIDTH="22"/>
						<String ID="P18_ST00069" HPOS="1316" VPOS="1167" WIDTH="22" HEIGHT="47" CONTENT="?" WC="1.00" CC="0"/>
						<SP ID="P18_SP00060" HPOS="1338" VPOS="1233" WIDTH="39"/>
						<String ID="P18_ST00070" HPOS="1377" VPOS="1159" WIDTH="419" HEIGHT="56" CONTENT="L'affirmative" WC="1.00" CC="0307002000000"/>
						<SP ID="P18_SP00061" HPOS="1796" VPOS="1233" WIDTH="48"/>
						<String ID="P18_ST00071" HPOS="1844" VPOS="1164" WIDTH="88" HEIGHT="48" CONTENT="est" WC="1.00" CC="000"/>
						<SP ID="P18_SP00062" HPOS="1932" VPOS="1233" WIDTH="48"/>
						<String ID="P18_ST00072" HPOS="1980" VPOS="1157" WIDTH="259" HEIGHT="53" CONTENT="devenue" WC="1.00" CC="0001050"/>
					</TextLine>
					<TextLine ID="P18_TL00011" HPOS="184" VPOS="1233" WIDTH="2055" HEIGHT="79">
						<String ID="P18_ST00073" HPOS="184" VPOS="1246" WIDTH="113" HEIGHT="54" CONTENT="lieu" WC="0.99" CC="0006"/>
						<SP ID="P18_SP00063" HPOS="297" VPOS="1300" WIDTH="42"/>
						<String ID="P18_ST00074" HPOS="339" VPOS="1261" WIDTH="291" HEIGHT="37" CONTENT="commun." WC="0.99" CC="0100604"/>
						<SP ID="P18_SP00064" HPOS="630" VPOS="1300" WIDTH="45"/>
						<String ID="P18_ST00075" HPOS="675" VPOS="1242" WIDTH="336" HEIGHT="70" CONTENT="Cependant" WC="1.00" CC="200000400"/>
						<SP ID="P18_SP00065" HPOS="1011" VPOS="1312" WIDTH="42"/>
						<String ID="P18_ST00076" HPOS="1053" VPOS="1240" WIDTH="80" HEIGHT="54" CONTENT="les" WC="1.00" CC="000"/>
						<SP ID="P18_SP00066" HPOS="1133" VPOS="1312" WIDTH="43"/>
						<String ID="P18_ST00077" HPOS="1176" VPOS="1246" WIDTH="234" HEIGHT="46" CONTENT="auteurs" WC="0.99" CC="0600620"/>
						<SP ID="P18_SP00067" HPOS="1410" VPOS="1312" WIDTH="39"/>
						<String ID="P18_ST00078" HPOS="1449" VPOS="1239" WIDTH="80" HEIGHT="52" CONTENT="les" WC="0.99" CC="100"/>
						<SP ID="P18_SP00068" HPOS="1529" VPOS="1312" WIDTH="42"/>
						<String ID="P18_ST00079" HPOS="1571" VPOS="1238" WIDTH="129" HEIGHT="68" CONTENT="plus" WC="0.98" CC="0070"/>
						<SP ID="P18_SP00069" HPOS="1700" VPOS="1312" WIDTH="41"/>
						<String ID="P18_ST00080" HPOS="1741" VPOS="1237" WIDTH="230" HEIGHT="53" CONTENT="anciens" WC="1.00" CC="0000030"/>
						<SP ID="P18_SP00070" HPOS="1971" VPOS="1312" WIDTH="41"/>
						<String ID="P18_ST00081" HPOS="2012" VPOS="1233" WIDTH="199" HEIGHT="54" CONTENT="n'attri" SUBS_TYPE="HypPart1" SUBS_CONTENT="n'attribuent" WC="1.00" CC="0300000"/>
						<HYP HPOS="2211" VPOS="1233" WIDTH="28" CONTENT="-"/>
					</TextLine>
					<TextLine ID="P18_TL00012" HPOS="186" VPOS="1317" WIDTH="2055" HEIGHT="72">
						<String ID="P18_ST00082" HPOS="186" VPOS="1327" WIDTH="181" HEIGHT="53" CONTENT="buent" SUBS_TYPE="HypPart2" SUBS_CONTENT="n'attribuent" WC="1.00" CC="04000"/>
						<SP ID="P18_SP00071" HPOS="367" VPOS="1380" WIDTH="43"/>
						<String ID="P18_ST00083" HPOS="410" VPOS="1342" WIDTH="81" HEIGHT="36" CONTENT="un" WC="0.66" CC="60"/>
						<SP ID="P18_SP00072" HPOS="491" VPOS="1380" WIDTH="43"/>
						<String ID="P18_ST00084" HPOS="534" VPOS="1323" WIDTH="115" HEIGHT="53" CONTENT="rôle" WC="1.00" CC="1000"/>
						<SP ID="P18_SP00073" HPOS="649" VPOS="1380" WIDTH="43"/>
						<String ID="P18_ST00085" HPOS="692" VPOS="1320" WIDTH="242" HEIGHT="55" CONTENT="musical" WC="0.99" CC="0703002"/>
						<SP ID="P18_SP00074" HPOS="934" VPOS="1380" WIDTH="42"/>
						<String ID="P18_ST00086" HPOS="976" VPOS="1338" WIDTH="115" HEIGHT="36" CONTENT="aux" WC="0.97" CC="070"/>
						<SP ID="P18_SP00075" HPOS="1091" VPOS="1380" WIDTH="43"/>
						<String ID="P18_ST00087" HPOS="1134" VPOS="1319" WIDTH="141" HEIGHT="55" CONTENT="trois" WC="0.99" CC="04000"/>
						<SP ID="P18_SP00076" HPOS="1275" VPOS="1380" WIDTH="42"/>
						<String ID="P18_ST00088" HPOS="1317" VPOS="1318" WIDTH="211" HEIGHT="71" CONTENT="grands" WC="0.98" CC="940200"/>
						<SP ID="P18_SP00077" HPOS="1528" VPOS="1389" WIDTH="42"/>
						<String ID="P18_ST00089" HPOS="1570" VPOS="1317" WIDTH="251" HEIGHT="53" CONTENT="mélodes" WC="0.98" CC="0100000"/>
						<SP ID="P18_SP00078" HPOS="1821" VPOS="1389" WIDTH="42"/>
						<String ID="P18_ST00090" HPOS="1863" VPOS="1332" WIDTH="113" HEIGHT="54" CONTENT="que" WC="0.98" CC="060"/>
						<SP ID="P18_SP00079" HPOS="1976" VPOS="1389" WIDTH="42"/>
						<String ID="P18_ST00091" HPOS="2018" VPOS="1329" WIDTH="223" HEIGHT="38" CONTENT="comme" WC="1.00" CC="02000"/>
					</TextLine>
					<TextLine ID="P18_TL00013" HPOS="187" VPOS="1393" WIDTH="2048" HEIGHT="75">
						<String ID="P18_ST00092" HPOS="187" VPOS="1403" WIDTH="316" HEIGHT="56" CONTENT="résultante" WC="1.00" CC="3036000200"/>
						<SP ID="P18_SP00080" HPOS="503" VPOS="1459" WIDTH="24"/>
						<String ID="P18_ST00093" HPOS="527" VPOS="1402" WIDTH="71" HEIGHT="53" CONTENT="de" WC="1.00" CC="00"/>
						<SP ID="P18_SP00081" HPOS="598" VPOS="1459" WIDTH="14"/>
						<String ID="P18_ST00094" HPOS="612" VPOS="1402" WIDTH="150" HEIGHT="53" CONTENT="leurs" WC="0.98" CC="30740"/>
						<SP ID="P18_SP00082" HPOS="762" VPOS="1459" WIDTH="17"/>
						<String ID="P18_ST00095" HPOS="779" VPOS="1400" WIDTH="306" HEIGHT="54" CONTENT="immenses" WC="1.00" CC="10000000"/>
						<SP ID="P18_SP00083" HPOS="1085" VPOS="1459" WIDTH="21"/>
						<String ID="P18_ST00096" HPOS="1106" VPOS="1397" WIDTH="413" HEIGHT="71" CONTENT="compositions" WC="1.00" CC="000000000100"/>
						<SP ID="P18_SP00084" HPOS="1519" VPOS="1468" WIDTH="12"/>
						<String ID="P18_ST00097" HPOS="1531" VPOS="1393" WIDTH="569" HEIGHT="72" CONTENT="hymnographiques" WC="0.82" CC="100150500400600"/>
						<SP ID="P18_SP00085" HPOS="2100" VPOS="1468" WIDTH="34"/>
						<String ID="P18_ST00098" HPOS="2134" VPOS="1393" WIDTH="101" HEIGHT="66" CONTENT="(i)." WC="0.76" CC="1304"/>
					</TextLine>
					<TextLine ID="P18_TL00014" HPOS="299" VPOS="1470" WIDTH="1942" HEIGHT="79">
						<String ID="P18_ST00099" HPOS="299" VPOS="1483" WIDTH="77" HEIGHT="53" CONTENT="Et" WC="1.00" CC="00"/>
						<SP ID="P18_SP00086" HPOS="376" VPOS="1536" WIDTH="33"/>
						<String ID="P18_ST00100" HPOS="409" VPOS="1482" WIDTH="206" HEIGHT="67" CONTENT="même," WC="1.00" CC="00003"/>
						<SP ID="P18_SP00087" HPOS="615" VPOS="1549" WIDTH="23"/>
						<String ID="P18_ST00101" HPOS="638" VPOS="1480" WIDTH="47" HEIGHT="54" CONTENT="si" WC="1.00" CC="00"/>
						<SP ID="P18_SP00088" HPOS="685" VPOS="1549" WIDTH="20"/>
						<String ID="P18_ST00102" HPOS="705" VPOS="1480" WIDTH="80" HEIGHT="54" CONTENT="les" WC="1.00" CC="000"/>
						<SP ID="P18_SP00089" HPOS="785" VPOS="1549" WIDTH="28"/>
						<String ID="P18_ST00103" HPOS="813" VPOS="1502" WIDTH="20" HEIGHT="27" CONTENT="«" WC="0.90" CC="0"/>
						<SP ID="P18_SP00090" HPOS="833" VPOS="1549" WIDTH="31"/>
						<String ID="P18_ST00104" HPOS="864" VPOS="1497" WIDTH="213" HEIGHT="36" CONTENT="canons" WC="0.99" CC="001310"/>
						<SP ID="P18_SP00091" HPOS="1077" VPOS="1549" WIDTH="28"/>
						<String ID="P18_ST00105" HPOS="1105" VPOS="1508" WIDTH="21" HEIGHT="27" CONTENT="»" WC="0.88" CC="1"/>
						<SP ID="P18_SP00092" HPOS="1126" VPOS="1549" WIDTH="31"/>
						<String ID="P18_ST00106" HPOS="1157" VPOS="1482" WIDTH="57" HEIGHT="49" CONTENT="et" WC="1.00" CC="00"/>
						<SP ID="P18_SP00093" HPOS="1214" VPOS="1549" WIDTH="46"/>
						<String ID="P18_ST00107" HPOS="1260" VPOS="1477" WIDTH="80" HEIGHT="52" CONTENT="les" WC="0.99" CC="200"/>
						<SP ID="P18_SP00094" HPOS="1340" VPOS="1549" WIDTH="29"/>
						<String ID="P18_ST00108" HPOS="1369" VPOS="1498" WIDTH="22" HEIGHT="27" CONTENT="«" WC="1.00" CC="0"/>
						<SP ID="P18_SP00095" HPOS="1391" VPOS="1549" WIDTH="32"/>
						<String ID="P18_ST00109" HPOS="1423" VPOS="1474" WIDTH="271" HEIGHT="55" CONTENT="stichères" WC="0.90" CC="000060200"/>
						<SP ID="P18_SP00096" HPOS="1694" VPOS="1549" WIDTH="28"/>
						<String ID="P18_ST00110" HPOS="1722" VPOS="1496" WIDTH="22" HEIGHT="28" CONTENT="»" WC="0.93" CC="0"/>
						<SP ID="P18_SP00097" HPOS="1744" VPOS="1549" WIDTH="37"/>
						<String ID="P18_ST00111" HPOS="1781" VPOS="1473" WIDTH="70" HEIGHT="53" CONTENT="de" WC="1.00" CC="00"/>
						<SP ID="P18_SP00098" HPOS="1851" VPOS="1549" WIDTH="21"/>
						<String ID="P18_ST00112" HPOS="1872" VPOS="1489" WIDTH="93" HEIGHT="36" CONTENT="ces" WC="1.00" CC="000"/>
						<SP ID="P18_SP00099" HPOS="1965" VPOS="1549" WIDTH="24"/>
						<String ID="P18_ST00113" HPOS="1989" VPOS="1470" WIDTH="252" HEIGHT="55" CONTENT="mélodes" WC="0.92" CC="0000005"/>
					</TextLine>
					<TextLine ID="P18_TL00015" HPOS="187" VPOS="1552" WIDTH="2055" HEIGHT="69">
						<String ID="P18_ST00114" HPOS="187" VPOS="1563" WIDTH="320" HEIGHT="55" CONTENT="donnèrent" WC="1.00" CC="005001020"/>
						<SP ID="P18_SP00100" HPOS="507" VPOS="1618" WIDTH="39"/>
						<String ID="P18_ST00115" HPOS="546" VPOS="1562" WIDTH="33" HEIGHT="52" CONTENT="à" WC="0.92" CC="0"/>
						<SP ID="P18_SP00101" HPOS="579" VPOS="1618" WIDTH="39"/>
						<String ID="P18_ST00116" HPOS="618" VPOS="1560" WIDTH="149" HEIGHT="54" CONTENT="leurs" WC="0.98" CC="00640"/>
						<SP ID="P18_SP00102" HPOS="767" VPOS="1618" WIDTH="38"/>
						<String ID="P18_ST00117" HPOS="805" VPOS="1564" WIDTH="234" HEIGHT="47" CONTENT="auteurs" WC="0.99" CC="0602650"/>
						<SP ID="P18_SP00103" HPOS="1039" VPOS="1618" WIDTH="37"/>
						<String ID="P18_ST00118" HPOS="1076" VPOS="1574" WIDTH="112" HEIGHT="36" CONTENT="une" WC="0.97" CC="600"/>
						<SP ID="P18_SP00104" HPOS="1188" VPOS="1618" WIDTH="39"/>
						<String ID="P18_ST00119" HPOS="1227" VPOS="1554" WIDTH="131" HEIGHT="55" CONTENT="telle" WC="1.00" CC="00300"/>
						<SP ID="P18_SP00105" HPOS="1358" VPOS="1618" WIDTH="37"/>
						<String ID="P18_ST00120" HPOS="1395" VPOS="1552" WIDTH="345" HEIGHT="67" CONTENT="renommée," WC="1.00" CC="001200003"/>
						<SP ID="P18_SP00106" HPOS="1740" VPOS="1619" WIDTH="38"/>
						<String ID="P18_ST00121" HPOS="1778" VPOS="1552" WIDTH="140" HEIGHT="53" CONTENT="c'est" WC="0.99" CC="04020"/>
						<SP ID="P18_SP00107" HPOS="1918" VPOS="1619" WIDTH="38"/>
						<String ID="P18_ST00122" HPOS="1956" VPOS="1552" WIDTH="166" HEIGHT="69" CONTENT="grâce" WC="0.98" CC="95100"/>
						<SP ID="P18_SP00108" HPOS="2122" VPOS="1621" WIDTH="44"/>
						<String ID="P18_ST00123" HPOS="2166" VPOS="1566" WIDTH="76" HEIGHT="35" CONTENT="au" WC="0.69" CC="06"/>
					</TextLine>
					<TextLine ID="P18_TL00016" HPOS="187" VPOS="1629" WIDTH="2055" HEIGHT="83">
						<String ID="P18_ST00124" HPOS="187" VPOS="1647" WIDTH="243" HEIGHT="51" CONTENT="courant" WC="0.99" CC="0063000"/>
						<SP ID="P18_SP00109" HPOS="430" VPOS="1698" WIDTH="35"/>
						<String ID="P18_ST00125" HPOS="465" VPOS="1640" WIDTH="188" HEIGHT="72" CONTENT="syrien" WC="1.00" CC="004000"/>
						<SP ID="P18_SP00110" HPOS="653" VPOS="1712" WIDTH="37"/>
						<String ID="P18_ST00126" HPOS="690" VPOS="1639" WIDTH="100" HEIGHT="70" CONTENT="qui" WC="0.97" CC="070"/>
						<SP ID="P18_SP00111" HPOS="790" VPOS="1712" WIDTH="35"/>
						<String ID="P18_ST00127" HPOS="825" VPOS="1639" WIDTH="251" HEIGHT="68" CONTENT="importa" WC="0.99" CC="0004600"/>
						<SP ID="P18_SP00112" HPOS="1076" VPOS="1712" WIDTH="34"/>
						<String ID="P18_ST00128" HPOS="1110" VPOS="1638" WIDTH="35" HEIGHT="51" CONTENT="à" WC="0.70" CC="2"/>
						<SP ID="P18_SP00113" HPOS="1145" VPOS="1712" WIDTH="35"/>
						<String ID="P18_ST00129" HPOS="1180" VPOS="1637" WIDTH="267" HEIGHT="67" CONTENT="Byzance" WC="0.88" CC="1060000"/>
						<SP ID="P18_SP00114" HPOS="1447" VPOS="1712" WIDTH="34"/>
						<String ID="P18_ST00130" HPOS="1481" VPOS="1638" WIDTH="59" HEIGHT="47" CONTENT="et" WC="0.89" CC="20"/>
						<SP ID="P18_SP00115" HPOS="1540" VPOS="1712" WIDTH="34"/>
						<String ID="P18_ST00131" HPOS="1574" VPOS="1632" WIDTH="80" HEIGHT="52" CONTENT="les" WC="0.99" CC="020"/>
						<SP ID="P18_SP00116" HPOS="1654" VPOS="1712" WIDTH="34"/>
						<String ID="P18_ST00132" HPOS="1688" VPOS="1630" WIDTH="104" HEIGHT="54" CONTENT="rits" WC="0.91" CC="3000"/>
						<SP ID="P18_SP00117" HPOS="1792" VPOS="1712" WIDTH="36"/>
						<String ID="P18_ST00133" HPOS="1828" VPOS="1635" WIDTH="57" HEIGHT="49" CONTENT="et" WC="1.00" CC="00"/>
						<SP ID="P18_SP00118" HPOS="1885" VPOS="1712" WIDTH="34"/>
						<String ID="P18_ST00134" HPOS="1919" VPOS="1630" WIDTH="82" HEIGHT="52" CONTENT="les" WC="1.00" CC="000"/>
						<SP ID="P18_SP00119" HPOS="2001" VPOS="1712" WIDTH="34"/>
						<String ID="P18_ST00135" HPOS="2035" VPOS="1629" WIDTH="207" HEIGHT="52" CONTENT="chants" WC="0.99" CC="070000"/>
					</TextLine>
					<TextLine ID="P18_TL00017" HPOS="187" VPOS="1707" WIDTH="2052" HEIGHT="85">
						<String ID="P18_ST00136" HPOS="187" VPOS="1723" WIDTH="99" HEIGHT="53" CONTENT="des" WC="1.00" CC="000"/>
						<SP ID="P18_SP00120" HPOS="286" VPOS="1776" WIDTH="25"/>
						<String ID="P18_ST00137" HPOS="311" VPOS="1720" WIDTH="197" HEIGHT="72" CONTENT="églises" WC="1.00" CC="0000000"/>
						<SP ID="P18_SP00121" HPOS="508" VPOS="1792" WIDTH="26"/>
						<String ID="P18_ST00138" HPOS="534" VPOS="1719" WIDTH="100" HEIGHT="71" CONTENT="qui" WC="0.95" CC="750"/>
						<SP ID="P18_SP00122" HPOS="634" VPOS="1792" WIDTH="24"/>
						<String ID="P18_ST00139" HPOS="658" VPOS="1717" WIDTH="348" HEIGHT="73" CONTENT="gravitaient" WC="1.00" CC="92000002000"/>
						<SP ID="P18_SP00123" HPOS="1006" VPOS="1792" WIDTH="26"/>
						<String ID="P18_ST00140" HPOS="1032" VPOS="1720" WIDTH="210" HEIGHT="47" CONTENT="autour" WC="0.99" CC="070060"/>
						<SP ID="P18_SP00124" HPOS="1242" VPOS="1792" WIDTH="24"/>
						<String ID="P18_ST00141" HPOS="1266" VPOS="1714" WIDTH="70" HEIGHT="52" CONTENT="de" WC="1.00" CC="00"/>
						<SP ID="P18_SP00125" HPOS="1336" VPOS="1792" WIDTH="24"/>
						<String ID="P18_ST00142" HPOS="1360" VPOS="1714" WIDTH="56" HEIGHT="51" CONTENT="la" WC="1.00" CC="00"/>
						<SP ID="P18_SP00126" HPOS="1416" VPOS="1792" WIDTH="23"/>
						<String ID="P18_ST00143" HPOS="1439" VPOS="1710" WIDTH="134" HEIGHT="54" CONTENT="ville" WC="0.98" CC="04360"/>
						<SP ID="P18_SP00127" HPOS="1573" VPOS="1792" WIDTH="24"/>
						<String ID="P18_ST00144" HPOS="1597" VPOS="1710" WIDTH="185" HEIGHT="52" CONTENT="sainte" WC="1.00" CC="000100"/>
						<SP ID="P18_SP00128" HPOS="1782" VPOS="1792" WIDTH="23"/>
						<String ID="P18_ST00145" HPOS="1805" VPOS="1707" WIDTH="434" HEIGHT="55" CONTENT="etd'Antioche." WC="0.84" CC="0034000020503"/>
					</TextLine>
					<TextLine ID="P18_TL00018" HPOS="300" VPOS="1785" WIDTH="1941" HEIGHT="82">
						<String ID="P18_ST00146" HPOS="300" VPOS="1802" WIDTH="50" HEIGHT="53" CONTENT="Il" WC="0.92" CC="01"/>
						<SP ID="P18_SP00129" HPOS="350" VPOS="1855" WIDTH="27"/>
						<String ID="P18_ST00147" HPOS="377" VPOS="1800" WIDTH="136" HEIGHT="54" CONTENT="sufit" WC="0.87" CC="06000"/>
						<SP ID="P18_SP00130" HPOS="513" VPOS="1855" WIDTH="31"/>
						<String ID="P18_ST00148" HPOS="544" VPOS="1799" WIDTH="70" HEIGHT="54" CONTENT="de" WC="1.00" CC="00"/>
						<SP ID="P18_SP00131" HPOS="614" VPOS="1855" WIDTH="30"/>
						<String ID="P18_ST00149" HPOS="644" VPOS="1813" WIDTH="295" HEIGHT="54" CONTENT="comparer" WC="0.99" CC="02000503"/>
						<SP ID="P18_SP00132" HPOS="939" VPOS="1867" WIDTH="29"/>
						<String ID="P18_ST00150" HPOS="968" VPOS="1795" WIDTH="79" HEIGHT="52" CONTENT="les" WC="1.00" CC="000"/>
						<SP ID="P18_SP00133" HPOS="1047" VPOS="1867" WIDTH="28"/>
						<String ID="P18_ST00151" HPOS="1075" VPOS="1794" WIDTH="129" HEIGHT="69" CONTENT="plus" WC="0.98" CC="0360"/>
						<SP ID="P18_SP00134" HPOS="1204" VPOS="1867" WIDTH="29"/>
						<String ID="P18_ST00152" HPOS="1233" VPOS="1792" WIDTH="230" HEIGHT="53" CONTENT="anciens" WC="1.00" CC="0400200"/>
						<SP ID="P18_SP00135" HPOS="1463" VPOS="1867" WIDTH="33"/>
						<String ID="P18_ST00153" HPOS="1496" VPOS="1789" WIDTH="215" HEIGHT="71" CONTENT="Typica" WC="0.80" CC="006022" STYLEREFS="TXT_4"/>
						<SP ID="P18_SP00136" HPOS="1711" VPOS="1867" WIDTH="43"/>
						<String ID="P18_ST00154" HPOS="1754" VPOS="1788" WIDTH="71" HEIGHT="54" CONTENT="de" WC="0.80" CC="30"/>
						<SP ID="P18_SP00137" HPOS="1825" VPOS="1867" WIDTH="41"/>
						<String ID="P18_ST00155" HPOS="1866" VPOS="1785" WIDTH="375" HEIGHT="57" CONTENT="Saint-Sabas" WC="0.99" CC="00000000000"/>
					</TextLine>
					<TextLine ID="P18_TL00019" HPOS="187" VPOS="1868" WIDTH="2052" HEIGHT="67">
						<String ID="P18_ST00156" HPOS="187" VPOS="1898" WIDTH="140" HEIGHT="36" CONTENT="avec" WC="1.00" CC="0000"/>
						<SP ID="P18_SP00138" HPOS="327" VPOS="1934" WIDTH="39"/>
						<String ID="P18_ST00157" HPOS="366" VPOS="1897" WIDTH="144" HEIGHT="37" CONTENT="ceux" WC="0.97" CC="0365"/>
						<SP ID="P18_SP00139" HPOS="510" VPOS="1934" WIDTH="40"/>
						<String ID="P18_ST00158" HPOS="550" VPOS="1879" WIDTH="76" HEIGHT="52" CONTENT="du" WC="0.68" CC="06"/>
						<SP ID="P18_SP00140" HPOS="626" VPOS="1934" WIDTH="41"/>
						<String ID="P18_ST00159" HPOS="667" VPOS="1875" WIDTH="271" HEIGHT="56" CONTENT="Studium" WC="0.81" CC="0070060"/>
						<SP ID="P18_SP00141" HPOS="938" VPOS="1934" WIDTH="39"/>
						<String ID="P18_ST00160" HPOS="977" VPOS="1879" WIDTH="58" HEIGHT="48" CONTENT="et" WC="0.88" CC="20"/>
						<SP ID="P18_SP00142" HPOS="1035" VPOS="1934" WIDTH="40"/>
						<String ID="P18_ST00161" HPOS="1075" VPOS="1874" WIDTH="100" HEIGHT="52" CONTENT="des" WC="0.98" CC="040"/>
						<SP ID="P18_SP00143" HPOS="1175" VPOS="1934" WIDTH="38"/>
						<String ID="P18_ST00162" HPOS="1213" VPOS="1870" WIDTH="354" HEIGHT="55" CONTENT="monastères" WC="1.00" CC="0020000600"/>
						<SP ID="P18_SP00144" HPOS="1567" VPOS="1934" WIDTH="40"/>
						<String ID="P18_ST00163" HPOS="1607" VPOS="1868" WIDTH="353" HEIGHT="53" CONTENT="Italo-Grecs" WC="0.90" CC="00002006000"/>
						<SP ID="P18_SP00145" HPOS="1960" VPOS="1934" WIDTH="37"/>
						<String ID="P18_ST00164" HPOS="1997" VPOS="1882" WIDTH="146" HEIGHT="53" CONTENT="pour" WC="0.96" CC="0377"/>
						<SP ID="P18_SP00146" HPOS="2143" VPOS="1935" WIDTH="38"/>
						<String ID="P18_ST00165" HPOS="2181" VPOS="1881" WIDTH="58" HEIGHT="36" CONTENT="se" WC="0.65" CC="07"/>
					</TextLine>
					<TextLine ID="P18_TL00020" HPOS="187" VPOS="1941" WIDTH="2050" HEIGHT="78">
						<String ID="P18_ST00166" HPOS="187" VPOS="1959" WIDTH="138" HEIGHT="55" CONTENT="faire" WC="1.00" CC="20010"/>
						<SP ID="P18_SP00147" HPOS="325" VPOS="2014" WIDTH="54"/>
						<String ID="P18_ST00167" HPOS="379" VPOS="1976" WIDTH="112" HEIGHT="35" CONTENT="une" WC="0.97" CC="610"/>
						<SP ID="P18_SP00148" HPOS="491" VPOS="2014" WIDTH="43"/>
						<String ID="P18_ST00168" HPOS="534" VPOS="1957" WIDTH="124" HEIGHT="53" CONTENT="idée" WC="1.00" CC="0000"/>
						<SP ID="P18_SP00149" HPOS="658" VPOS="2014" WIDTH="43"/>
						<String ID="P18_ST00169" HPOS="701" VPOS="1955" WIDTH="70" HEIGHT="54" CONTENT="de" WC="0.88" CC="02"/>
						<SP ID="P18_SP00150" HPOS="771" VPOS="2014" WIDTH="43"/>
						<String ID="P18_ST00170" HPOS="814" VPOS="1955" WIDTH="55" HEIGHT="51" CONTENT="la" WC="0.91" CC="10"/>
						<SP ID="P18_SP00151" HPOS="869" VPOS="2014" WIDTH="56"/>
						<String ID="P18_ST00171" HPOS="925" VPOS="1954" WIDTH="169" HEIGHT="52" CONTENT="chose" WC="0.99" CC="05001"/>
						<SP ID="P18_SP00152" HPOS="1094" VPOS="2014" WIDTH="58"/>
						<String ID="P18_ST00172" HPOS="1152" VPOS="1953" WIDTH="99" HEIGHT="65" CONTENT="(2)." WC="0.70" CC="4304"/>
						<SP ID="P18_SP00153" HPOS="1251" VPOS="2018" WIDTH="60"/>
						<String ID="P18_ST00173" HPOS="1311" VPOS="1948" WIDTH="303" HEIGHT="71" CONTENT="Joignez-y" WC="0.99" CC="030050600"/>
						<SP ID="P18_SP00154" HPOS="1614" VPOS="2019" WIDTH="54"/>
						<String ID="P18_ST00174" HPOS="1668" VPOS="1947" WIDTH="51" HEIGHT="53" CONTENT="le" WC="1.00" CC="00"/>
						<SP ID="P18_SP00155" HPOS="1719" VPOS="2019" WIDTH="50"/>
						<String ID="P18_ST00175" HPOS="1769" VPOS="1950" WIDTH="244" HEIGHT="49" CONTENT="courant" WC="0.98" CC="4266200"/>
						<SP ID="P18_SP00156" HPOS="2013" VPOS="2019" WIDTH="69"/>
						<String ID="P18_ST00176" HPOS="2082" VPOS="1941" WIDTH="155" HEIGHT="72" CONTENT="parti" WC="0.99" CC="02300"/>
					</TextLine>
					<TextLine ID="P18_TL00021" HPOS="187" VPOS="2021" WIDTH="2055" HEIGHT="83">
						<String ID="P18_ST00177" HPOS="187" VPOS="2035" WIDTH="405" HEIGHT="58" CONTENT="d'Alexandrie" WC="1.00" CC="020310300200"/>
						<SP ID="P18_SP00157" HPOS="592" VPOS="2093" WIDTH="33"/>
						<String ID="P18_ST00178" HPOS="625" VPOS="2041" WIDTH="59" HEIGHT="48" CONTENT="et" WC="0.94" CC="10"/>
						<SP ID="P18_SP00158" HPOS="684" VPOS="2093" WIDTH="31"/>
						<String ID="P18_ST00179" HPOS="715" VPOS="2033" WIDTH="280" HEIGHT="71" CONTENT="imaginez" WC="1.00" CC="00001006"/>
						<SP ID="P18_SP00159" HPOS="995" VPOS="2104" WIDTH="31"/>
						<String ID="P18_ST00180" HPOS="1026" VPOS="2032" WIDTH="53" HEIGHT="52" CONTENT="le" WC="1.00" CC="00"/>
						<SP ID="P18_SP00160" HPOS="1079" VPOS="2104" WIDTH="31"/>
						<String ID="P18_ST00181" HPOS="1110" VPOS="2029" WIDTH="297" HEIGHT="71" CONTENT="pêle-mêle" WC="1.00" CC="000000064"/>
						<SP ID="P18_SP00161" HPOS="1407" VPOS="2104" WIDTH="35"/>
						<String ID="P18_ST00182" HPOS="1442" VPOS="2028" WIDTH="70" HEIGHT="53" CONTENT="de" WC="1.00" CC="00"/>
						<SP ID="P18_SP00162" HPOS="1512" VPOS="2104" WIDTH="33"/>
						<String ID="P18_ST00183" HPOS="1545" VPOS="2032" WIDTH="132" HEIGHT="48" CONTENT="tous" WC="0.98" CC="0460"/>
						<SP ID="P18_SP00163" HPOS="1677" VPOS="2104" WIDTH="31"/>
						<String ID="P18_ST00184" HPOS="1708" VPOS="2042" WIDTH="93" HEIGHT="37" CONTENT="ces" WC="0.99" CC="001"/>
						<SP ID="P18_SP00164" HPOS="1801" VPOS="2104" WIDTH="31"/>
						<String ID="P18_ST00185" HPOS="1832" VPOS="2024" WIDTH="123" HEIGHT="67" CONTENT="rits," WC="0.80" CC="50004"/>
						<SP ID="P18_SP00165" HPOS="1955" VPOS="2104" WIDTH="35"/>
						<String ID="P18_ST00186" HPOS="1990" VPOS="2023" WIDTH="70" HEIGHT="53" CONTENT="de" WC="1.00" CC="00"/>
						<SP ID="P18_SP00166" HPOS="2060" VPOS="2104" WIDTH="32"/>
						<String ID="P18_ST00187" HPOS="2092" VPOS="2021" WIDTH="150" HEIGHT="55" CONTENT="leurs" WC="0.98" CC="00640"/>
					</TextLine>
					<TextLine ID="P18_TL00022" HPOS="186" VPOS="2100" WIDTH="2053" HEIGHT="83">
						<String ID="P18_ST00188" HPOS="186" VPOS="2115" WIDTH="364" HEIGHT="68" CONTENT="cérémonies," WC="1.00" CC="03000100004"/>
						<SP ID="P18_SP00167" HPOS="550" VPOS="2183" WIDTH="34"/>
						<String ID="P18_ST00189" HPOS="584" VPOS="2115" WIDTH="70" HEIGHT="53" CONTENT="de" WC="1.00" CC="00"/>
						<SP ID="P18_SP00168" HPOS="654" VPOS="2183" WIDTH="32"/>
						<String ID="P18_ST00190" HPOS="686" VPOS="2114" WIDTH="150" HEIGHT="52" CONTENT="leurs" WC="0.98" CC="00640"/>
						<SP ID="P18_SP00169" HPOS="836" VPOS="2183" WIDTH="32"/>
						<String ID="P18_ST00191" HPOS="868" VPOS="2113" WIDTH="224" HEIGHT="66" CONTENT="chants," WC="1.00" CC="0000004"/>
						<SP ID="P18_SP00170" HPOS="1092" VPOS="2183" WIDTH="35"/>
						<String ID="P18_ST00192" HPOS="1127" VPOS="2127" WIDTH="146" HEIGHT="35" CONTENT="vous" WC="0.98" CC="0360"/>
						<SP ID="P18_SP00171" HPOS="1273" VPOS="2183" WIDTH="32"/>
						<String ID="P18_ST00193" HPOS="1305" VPOS="2124" WIDTH="167" HEIGHT="37" CONTENT="aurez" WC="0.98" CC="07005"/>
						<SP ID="P18_SP00172" HPOS="1472" VPOS="2183" WIDTH="32"/>
						<String ID="P18_ST00194" HPOS="1504" VPOS="2107" WIDTH="52" HEIGHT="53" CONTENT="le" WC="1.00" CC="00"/>
						<SP ID="P18_SP00173" HPOS="1556" VPOS="2183" WIDTH="32"/>
						<String ID="P18_ST00195" HPOS="1588" VPOS="2105" WIDTH="75" HEIGHT="54" CONTENT="rit" WC="0.98" CC="320"/>
						<SP ID="P18_SP00174" HPOS="1663" VPOS="2183" WIDTH="31"/>
						<String ID="P18_ST00196" HPOS="1694" VPOS="2103" WIDTH="281" HEIGHT="72" CONTENT="byzantin" WC="0.99" CC="00703002"/>
						<SP ID="P18_SP00175" HPOS="1975" VPOS="2183" WIDTH="33"/>
						<String ID="P18_ST00197" HPOS="2008" VPOS="2100" WIDTH="191" HEIGHT="55" CONTENT="actuel" WC="0.99" CC="000603"/>
						<SP ID="P18_SP00176" HPOS="2199" VPOS="2183" WIDTH="28"/>
						<String ID="P18_ST00198" HPOS="2227" VPOS="2121" WIDTH="12" HEIGHT="47" CONTENT=";" WC="0.26" CC="7"/>
					</TextLine>
					<TextLine ID="P18_TL00023" HPOS="186" VPOS="2185" WIDTH="1647" HEIGHT="82">
						<String ID="P18_ST00199" HPOS="186" VPOS="2197" WIDTH="263" HEIGHT="70" CONTENT="toujours" WC="0.98" CC="05675750"/>
						<SP ID="P18_SP00177" HPOS="449" VPOS="2267" WIDTH="34"/>
						<String ID="P18_ST00200" HPOS="483" VPOS="2195" WIDTH="79" HEIGHT="53" CONTENT="les" WC="0.99" CC="200"/>
						<SP ID="P18_SP00178" HPOS="562" VPOS="2267" WIDTH="34"/>
						<String ID="P18_ST00201" HPOS="596" VPOS="2194" WIDTH="309" HEIGHT="52" CONTENT="influences" WC="0.99" CC="0666600000"/>
						<SP ID="P18_SP00179" HPOS="905" VPOS="2267" WIDTH="34"/>
						<String ID="P18_ST00202" HPOS="939" VPOS="2190" WIDTH="303" HEIGHT="54" CONTENT="orientales" WC="1.00" CC="0500000000"/>
						<SP ID="P18_SP00180" HPOS="1242" VPOS="2267" WIDTH="33"/>
						<String ID="P18_ST00203" HPOS="1275" VPOS="2206" WIDTH="40" HEIGHT="53" CONTENT="y" WC="1.00" CC="0"/>
						<SP ID="P18_SP00181" HPOS="1315" VPOS="2267" WIDTH="34"/>
						<String ID="P18_ST00204" HPOS="1349" VPOS="2185" WIDTH="484" HEIGHT="71" CONTENT="prédominèrent." WC="1.00" CC="05002005040003"/>
					</TextLine>
					<TextLine ID="P18_TL00024" HPOS="300" VPOS="2263" WIDTH="1605" HEIGHT="81">
						<String ID="P18_ST00205" HPOS="300" VPOS="2277" WIDTH="90" HEIGHT="53" CONTENT="On" WC="1.00" CC="00"/>
						<SP ID="P18_SP00182" HPOS="390" VPOS="2330" WIDTH="40"/>
						<String ID="P18_ST00206" HPOS="430" VPOS="2273" WIDTH="312" HEIGHT="71" CONTENT="comprend" WC="1.00" CC="00005040"/>
						<SP ID="P18_SP00183" HPOS="742" VPOS="2344" WIDTH="37"/>
						<String ID="P18_ST00207" HPOS="779" VPOS="2289" WIDTH="112" HEIGHT="54" CONTENT="que" WC="0.97" CC="070"/>
						<SP ID="P18_SP00184" HPOS="891" VPOS="2344" WIDTH="38"/>
						<String ID="P18_ST00208" HPOS="929" VPOS="2272" WIDTH="50" HEIGHT="52" CONTENT="le" WC="0.72" CC="50"/>
						<SP ID="P18_SP00185" HPOS="979" VPOS="2344" WIDTH="39"/>
						<String ID="P18_ST00209" HPOS="1018" VPOS="2268" WIDTH="254" HEIGHT="56" CONTENT="cardinal" WC="1.00" CC="00302003"/>
						<SP ID="P18_SP00186" HPOS="1272" VPOS="2344" WIDTH="39"/>
						<String ID="P18_ST00210" HPOS="1311" VPOS="2268" WIDTH="160" HEIGHT="53" CONTENT="Pitra" WC="0.80" CC="60020"/>
						<SP ID="P18_SP00187" HPOS="1471" VPOS="2344" WIDTH="38"/>
						<String ID="P18_ST00211" HPOS="1509" VPOS="2265" WIDTH="81" HEIGHT="54" CONTENT="ait" WC="1.00" CC="000"/>
						<SP ID="P18_SP00188" HPOS="1590" VPOS="2344" WIDTH="40"/>
						<String ID="P18_ST00212" HPOS="1630" VPOS="2282" WIDTH="80" HEIGHT="52" CONTENT="pu" WC="0.73" CC="05"/>
						<SP ID="P18_SP00189" HPOS="1710" VPOS="2344" WIDTH="38"/>
						<String ID="P18_ST00213" HPOS="1748" VPOS="2263" WIDTH="119" HEIGHT="54" CONTENT="dire" WC="0.98" CC="0052"/>
						<SP ID="P18_SP00190" HPOS="1867" VPOS="2344" WIDTH="27"/>
						<String ID="P18_ST00214" HPOS="1894" VPOS="2283" WIDTH="11" HEIGHT="33" CONTENT=":" WC="0.49" CC="5"/>
					</TextLine>
					<TextLine ID="P18_TL00025" HPOS="297" VPOS="2338" WIDTH="1944" HEIGHT="75">
						<String ID="P18_ST00215" HPOS="297" VPOS="2375" WIDTH="22" HEIGHT="29" CONTENT="«" WC="1.00" CC="0"/>
						<SP ID="P18_SP00191" HPOS="319" VPOS="2404" WIDTH="24"/>
						<String ID="P18_ST00216" HPOS="343" VPOS="2355" WIDTH="50" HEIGHT="53" CONTENT="Il" WC="1.00" CC="00"/>
						<SP ID="P18_SP00192" HPOS="393" VPOS="2408" WIDTH="34"/>
						<String ID="P18_ST00217" HPOS="427" VPOS="2359" WIDTH="85" HEIGHT="47" CONTENT="est" WC="1.00" CC="000"/>
						<SP ID="P18_SP00193" HPOS="512" VPOS="2408" WIDTH="37"/>
						<String ID="P18_ST00218" HPOS="549" VPOS="2352" WIDTH="232" HEIGHT="54" CONTENT="difficile" WC="0.99" CC="002400250"/>
						<SP ID="P18_SP00194" HPOS="781" VPOS="2408" WIDTH="31"/>
						<String ID="P18_ST00219" HPOS="812" VPOS="2350" WIDTH="68" HEIGHT="52" CONTENT="de" WC="0.96" CC="00"/>
						<SP ID="P18_SP00195" HPOS="880" VPOS="2408" WIDTH="30"/>
						<String ID="P18_ST00220" HPOS="910" VPOS="2355" WIDTH="296" HEIGHT="47" CONTENT="retrouver" WC="0.99" CC="300506016"/>
						<SP ID="P18_SP00196" HPOS="1206" VPOS="2408" WIDTH="26"/>
						<String ID="P18_ST00221" HPOS="1232" VPOS="2347" WIDTH="186" HEIGHT="53" CONTENT="même" WC="1.00" CC="0000"/>
						<SP ID="P18_SP00197" HPOS="1418" VPOS="2408" WIDTH="28"/>
						<String ID="P18_ST00222" HPOS="1446" VPOS="2345" WIDTH="240" HEIGHT="54" CONTENT="l'œuvre" WC="0.99" CC="0207050"/>
						<SP ID="P18_SP00198" HPOS="1686" VPOS="2408" WIDTH="26"/>
						<String ID="P18_ST00223" HPOS="1712" VPOS="2359" WIDTH="142" HEIGHT="54" CONTENT="pure" WC="0.97" CC="0660"/>
						<SP ID="P18_SP00199" HPOS="1854" VPOS="2413" WIDTH="16"/>
						<String ID="P18_ST00224" HPOS="1870" VPOS="2347" WIDTH="57" HEIGHT="49" CONTENT="et" WC="1.00" CC="00"/>
						<SP ID="P18_SP00200" HPOS="1927" VPOS="2413" WIDTH="29"/>
						<String ID="P18_ST00225" HPOS="1956" VPOS="2338" WIDTH="285" HEIGHT="71" CONTENT="complète" WC="1.00" CC="00000000"/>
					</TextLine>
					<TextLine ID="P18_TL00026" HPOS="187" VPOS="2418" WIDTH="2051" HEIGHT="84">
						<String ID="P18_ST00226" HPOS="187" VPOS="2435" WIDTH="70" HEIGHT="54" CONTENT="de" WC="1.00" CC="00"/>
						<SP ID="P18_SP00201" HPOS="257" VPOS="2489" WIDTH="42"/>
						<String ID="P18_ST00227" HPOS="299" VPOS="2434" WIDTH="151" HEIGHT="54" CONTENT="saint" WC="0.98" CC="30170"/>
						<SP ID="P18_SP00202" HPOS="450" VPOS="2489" WIDTH="43"/>
						<String ID="P18_ST00228" HPOS="493" VPOS="2433" WIDTH="146" HEIGHT="69" CONTENT="Jean" WC="0.99" CC="0300"/>
						<SP ID="P18_SP00203" HPOS="639" VPOS="2502" WIDTH="42"/>
						<String ID="P18_ST00229" HPOS="681" VPOS="2430" WIDTH="375" HEIGHT="66" CONTENT="Damascène," WC="0.89" CC="5000000004"/>
						<SP ID="P18_SP00204" HPOS="1056" VPOS="2502" WIDTH="44"/>
						<String ID="P18_ST00230" HPOS="1100" VPOS="2428" WIDTH="71" HEIGHT="53" CONTENT="de" WC="1.00" CC="00"/>
						<SP ID="P18_SP00205" HPOS="1171" VPOS="2502" WIDTH="42"/>
						<String ID="P18_ST00231" HPOS="1213" VPOS="2427" WIDTH="252" HEIGHT="67" CONTENT="Cosmas," WC="0.94" CC="0100002"/>
						<SP ID="P18_SP00206" HPOS="1465" VPOS="2502" WIDTH="45"/>
						<String ID="P18_ST00232" HPOS="1510" VPOS="2424" WIDTH="253" HEIGHT="53" CONTENT="d'André" WC="0.99" CC="0103050"/>
						<SP ID="P18_SP00207" HPOS="1763" VPOS="2502" WIDTH="43"/>
						<String ID="P18_ST00233" HPOS="1806" VPOS="2423" WIDTH="70" HEIGHT="52" CONTENT="de" WC="1.00" CC="00"/>
						<SP ID="P18_SP00208" HPOS="1876" VPOS="2502" WIDTH="48"/>
						<String ID="P18_ST00234" HPOS="1924" VPOS="2422" WIDTH="186" HEIGHT="66" CONTENT="Crète," WC="0.99" CC="530004"/>
						<SP ID="P18_SP00209" HPOS="2110" VPOS="2502" WIDTH="49"/>
						<String ID="P18_ST00235" HPOS="2159" VPOS="2418" WIDTH="79" HEIGHT="53" CONTENT="les" WC="0.98" CC="032"/>
					</TextLine>
					<TextLine ID="P18_TL00027" HPOS="186" VPOS="2499" WIDTH="2056" HEIGHT="86">
						<String ID="P18_ST00236" HPOS="186" VPOS="2516" WIDTH="161" HEIGHT="69" CONTENT="pères" WC="1.00" CC="00300"/>
						<SP ID="P18_SP00210" HPOS="347" VPOS="2585" WIDTH="33"/>
						<String ID="P18_ST00237" HPOS="380" VPOS="2513" WIDTH="70" HEIGHT="53" CONTENT="de" WC="0.93" CC="01"/>
						<SP ID="P18_SP00211" HPOS="450" VPOS="2585" WIDTH="32"/>
						<String ID="P18_ST00238" HPOS="482" VPOS="2509" WIDTH="513" HEIGHT="73" CONTENT="l'hymnographie." WC="0.75" CC="030000493606002"/>
						<SP ID="P18_SP00212" HPOS="995" VPOS="2585" WIDTH="37"/>
						<String ID="P18_ST00239" HPOS="1032" VPOS="2508" WIDTH="49" HEIGHT="53" CONTENT="Il" WC="0.97" CC="00"/>
						<SP ID="P18_SP00213" HPOS="1081" VPOS="2585" WIDTH="33"/>
						<String ID="P18_ST00240" HPOS="1114" VPOS="2512" WIDTH="85" HEIGHT="48" CONTENT="est" WC="1.00" CC="000"/>
						<SP ID="P18_SP00214" HPOS="1199" VPOS="2585" WIDTH="34"/>
						<String ID="P18_ST00241" HPOS="1233" VPOS="2507" WIDTH="127" HEIGHT="68" CONTENT="plus" WC="0.99" CC="0060"/>
						<SP ID="P18_SP00215" HPOS="1360" VPOS="2585" WIDTH="36"/>
						<String ID="P18_ST00242" HPOS="1396" VPOS="2504" WIDTH="232" HEIGHT="53" CONTENT="difficile" WC="0.99" CC="024010140"/>
						<SP ID="P18_SP00216" HPOS="1628" VPOS="2585" WIDTH="33"/>
						<String ID="P18_ST00243" HPOS="1661" VPOS="2519" WIDTH="201" HEIGHT="37" CONTENT="encore" WC="0.99" CC="052050"/>
						<SP ID="P18_SP00217" HPOS="1862" VPOS="2585" WIDTH="34"/>
						<String ID="P18_ST00244" HPOS="1896" VPOS="2502" WIDTH="70" HEIGHT="53" CONTENT="de" WC="1.00" CC="00"/>
						<SP ID="P18_SP00218" HPOS="1966" VPOS="2585" WIDTH="33"/>
						<String ID="P18_ST00245" HPOS="1999" VPOS="2499" WIDTH="243" HEIGHT="70" CONTENT="dégager" WC="1.00" CC="0000004"/>
					</TextLine>
					<TextLine ID="P18_TL00028" HPOS="187" VPOS="2578" WIDTH="2048" HEIGHT="85">
						<String ID="P18_ST00246" HPOS="187" VPOS="2609" WIDTH="62" HEIGHT="39" CONTENT="ce" WC="1.00" CC="00"/>
						<SP ID="P18_SP00219" HPOS="249" VPOS="2648" WIDTH="38"/>
						<String ID="P18_ST00247" HPOS="287" VPOS="2593" WIDTH="177" HEIGHT="70" CONTENT="qu'on" WC="0.98" CC="06230"/>
						<SP ID="P18_SP00220" HPOS="464" VPOS="2663" WIDTH="38"/>
						<String ID="P18_ST00248" HPOS="502" VPOS="2589" WIDTH="258" HEIGHT="71" CONTENT="pourrait" WC="0.99" CC="04753000"/>
						<SP ID="P18_SP00221" HPOS="760" VPOS="2663" WIDTH="38"/>
						<String ID="P18_ST00249" HPOS="798" VPOS="2588" WIDTH="230" HEIGHT="70" CONTENT="appeler" WC="0.99" CC="9000031"/>
						<SP ID="P18_SP00222" HPOS="1028" VPOS="2663" WIDTH="35"/>
						<String ID="P18_ST00250" HPOS="1063" VPOS="2587" WIDTH="80" HEIGHT="53" CONTENT="les" WC="1.00" CC="000"/>
						<SP ID="P18_SP00223" HPOS="1143" VPOS="2663" WIDTH="37"/>
						<String ID="P18_ST00251" HPOS="1180" VPOS="2584" WIDTH="300" HEIGHT="70" CONTENT="cantiques" WC="1.00" CC="200000600"/>
						<SP ID="P18_SP00224" HPOS="1480" VPOS="2663" WIDTH="38"/>
						<String ID="P18_ST00252" HPOS="1518" VPOS="2583" WIDTH="217" HEIGHT="53" CONTENT="fossiles" WC="1.00" CC="22002010"/>
						<SP ID="P18_SP00225" HPOS="1735" VPOS="2663" WIDTH="37"/>
						<String ID="P18_ST00253" HPOS="1772" VPOS="2587" WIDTH="58" HEIGHT="48" CONTENT="et" WC="1.00" CC="00"/>
						<SP ID="P18_SP00226" HPOS="1830" VPOS="2663" WIDTH="37"/>
						<String ID="P18_ST00254" HPOS="1867" VPOS="2579" WIDTH="233" HEIGHT="55" CONTENT="mutilés" WC="0.99" CC="0704002"/>
						<SP ID="P18_SP00227" HPOS="2100" VPOS="2663" WIDTH="36"/>
						<String ID="P18_ST00255" HPOS="2136" VPOS="2578" WIDTH="99" HEIGHT="53" CONTENT="des" WC="0.98" CC="040"/>
					</TextLine>
					<TextLine ID="P18_TL00029" HPOS="186" VPOS="2660" WIDTH="2053" HEIGHT="82">
						<String ID="P18_ST00256" HPOS="186" VPOS="2670" WIDTH="414" HEIGHT="72" CONTENT="compositeurs" WC="1.00" CC="050001100650"/>
						<SP ID="P18_SP00228" HPOS="600" VPOS="2742" WIDTH="52"/>
						<String ID="P18_ST00257" HPOS="652" VPOS="2670" WIDTH="128" HEIGHT="69" CONTENT="plus" WC="0.97" CC="0560"/>
						<SP ID="P18_SP00229" HPOS="780" VPOS="2742" WIDTH="52"/>
						<String ID="P18_ST00258" HPOS="832" VPOS="2667" WIDTH="229" HEIGHT="53" CONTENT="anciens" WC="0.99" CC="0102250"/>
						<SP ID="P18_SP00230" HPOS="1061" VPOS="2742" WIDTH="153"/>
						<String ID="P18_ST00259" HPOS="1214" VPOS="2665" WIDTH="181" HEIGHT="54" CONTENT="Outre" WC="0.98" CC="06060"/>
						<SP ID="P18_SP00231" HPOS="1395" VPOS="2742" WIDTH="51"/>
						<String ID="P18_ST00260" HPOS="1446" VPOS="2663" WIDTH="165" HEIGHT="53" CONTENT="celles" WC="0.99" CC="004210"/>
						<SP ID="P18_SP00232" HPOS="1611" VPOS="2742" WIDTH="52"/>
						<String ID="P18_ST00261" HPOS="1663" VPOS="2664" WIDTH="113" HEIGHT="65" CONTENT="(ces" WC="0.99" CC="4000"/>
						<SP ID="P18_SP00233" HPOS="1776" VPOS="2742" WIDTH="51"/>
						<String ID="P18_ST00262" HPOS="1827" VPOS="2660" WIDTH="246" HEIGHT="65" CONTENT="œuvres)" WC="0.99" CC="0605200"/>
						<SP ID="P18_SP00234" HPOS="2073" VPOS="2742" WIDTH="53"/>
						<String ID="P18_ST00263" HPOS="2126" VPOS="2673" WIDTH="113" HEIGHT="53" CONTENT="que" WC="0.96" CC="072"/>
					</TextLine>
					<TextLine ID="P18_TL00030" HPOS="187" VPOS="2736" WIDTH="2052" HEIGHT="83">
						<String ID="P18_ST00264" HPOS="187" VPOS="2768" WIDTH="145" HEIGHT="37" CONTENT="nous" WC="0.98" CC="0064"/>
						<SP ID="P18_SP00235" HPOS="332" VPOS="2805" WIDTH="35"/>
						<String ID="P18_ST00265" HPOS="367" VPOS="2767" WIDTH="181" HEIGHT="37" CONTENT="avons" WC="0.99" CC="00140"/>
						<SP ID="P18_SP00236" HPOS="548" VPOS="2805" WIDTH="34"/>
						<String ID="P18_ST00266" HPOS="582" VPOS="2766" WIDTH="81" HEIGHT="53" CONTENT="pu" WC="0.66" CC="06"/>
						<SP ID="P18_SP00237" HPOS="663" VPOS="2819" WIDTH="36"/>
						<String ID="P18_ST00267" HPOS="699" VPOS="2748" WIDTH="268" HEIGHT="53" CONTENT="restituer" WC="0.99" CC="600030506"/>
						<SP ID="P18_SP00238" HPOS="967" VPOS="2819" WIDTH="34"/>
						<String ID="P18_ST00268" HPOS="1001" VPOS="2763" WIDTH="70" HEIGHT="36" CONTENT="en" WC="1.00" CC="00"/>
						<SP ID="P18_SP00239" HPOS="1071" VPOS="2819" WIDTH="37"/>
						<String ID="P18_ST00269" HPOS="1108" VPOS="2744" WIDTH="198" HEIGHT="67" CONTENT="entier," WC="0.99" CC="0002032"/>
						<SP ID="P18_SP00240" HPOS="1306" VPOS="2819" WIDTH="37"/>
						<String ID="P18_ST00270" HPOS="1343" VPOS="2759" WIDTH="144" HEIGHT="37" CONTENT="nous" WC="0.98" CC="2070"/>
						<SP ID="P18_SP00241" HPOS="1487" VPOS="2819" WIDTH="36"/>
						<String ID="P18_ST00271" HPOS="1523" VPOS="2759" WIDTH="70" HEIGHT="37" CONTENT="en" WC="0.88" CC="02"/>
						<SP ID="P18_SP00242" HPOS="1593" VPOS="2819" WIDTH="37"/>
						<String ID="P18_ST00272" HPOS="1630" VPOS="2757" WIDTH="180" HEIGHT="37" CONTENT="avons" WC="0.99" CC="00310"/>
						<SP ID="P18_SP00243" HPOS="1810" VPOS="2819" WIDTH="34"/>
						<String ID="P18_ST00273" HPOS="1844" VPOS="2738" WIDTH="231" HEIGHT="71" CONTENT="compté" WC="1.00" CC="020000"/>
						<SP ID="P18_SP00244" HPOS="2075" VPOS="2819" WIDTH="35"/>
						<String ID="P18_ST00274" HPOS="2110" VPOS="2736" WIDTH="129" HEIGHT="69" CONTENT="plus" WC="0.99" CC="0112"/>
					</TextLine>
					<TextLine ID="P18_TL00031" HPOS="188" VPOS="2820" WIDTH="2050" HEIGHT="73">
						<String ID="P18_ST00275" HPOS="188" VPOS="2830" WIDTH="70" HEIGHT="54" CONTENT="de" WC="1.00" CC="00"/>
						<SP ID="P18_SP00245" HPOS="258" VPOS="2884" WIDTH="32"/>
						<String ID="P18_ST00276" HPOS="290" VPOS="2829" WIDTH="264" HEIGHT="54" CONTENT="soixante" WC="1.00" CC="00000000"/>
						<SP ID="P18_SP00246" HPOS="554" VPOS="2884" WIDTH="32"/>
						<String ID="P18_ST00277" HPOS="586" VPOS="2827" WIDTH="263" HEIGHT="53" CONTENT="mutilées" WC="1.00" CC="04300000"/>
						<SP ID="P18_SP00247" HPOS="849" VPOS="2884" WIDTH="33"/>
						<String ID="P18_ST00278" HPOS="882" VPOS="2832" WIDTH="57" HEIGHT="47" CONTENT="et" WC="1.00" CC="00"/>
						<SP ID="P18_SP00248" HPOS="939" VPOS="2884" WIDTH="33"/>
						<String ID="P18_ST00279" HPOS="972" VPOS="2825" WIDTH="34" HEIGHT="52" CONTENT="à" WC="1.00" CC="0"/>
						<SP ID="P18_SP00249" HPOS="1006" VPOS="2884" WIDTH="29"/>
						<String ID="P18_ST00280" HPOS="1035" VPOS="2824" WIDTH="167" HEIGHT="69" CONTENT="peine" WC="1.00" CC="00000"/>
						<SP ID="P18_SP00250" HPOS="1202" VPOS="2893" WIDTH="31"/>
						<String ID="P18_ST00281" HPOS="1233" VPOS="2820" WIDTH="484" HEIGHT="56" CONTENT="reconnaissables" WC="0.91" CC="100343000000000"/>
						<SP ID="P18_SP00251" HPOS="1717" VPOS="2893" WIDTH="31"/>
						<String ID="P18_ST00282" HPOS="1748" VPOS="2836" WIDTH="106" HEIGHT="52" CONTENT="par" WC="1.00" CC="000"/>
						<SP ID="P18_SP00252" HPOS="1854" VPOS="2893" WIDTH="28"/>
						<String ID="P18_ST00283" HPOS="1882" VPOS="2836" WIDTH="82" HEIGHT="34" CONTENT="un" WC="0.64" CC="70"/>
						<SP ID="P18_SP00253" HPOS="1964" VPOS="2893" WIDTH="31"/>
						<String ID="P18_ST00284" HPOS="1995" VPOS="2822" WIDTH="243" HEIGHT="62" CONTENT="tronçon" WC="0.99" CC="0410050"/>
					</TextLine>
					<TextLine ID="P18_TL00032" HPOS="187" VPOS="2894" WIDTH="2052" HEIGHT="77">
						<String ID="P18_ST00285" HPOS="187" VPOS="2908" WIDTH="378" HEIGHT="56" CONTENT="d'acrostiche" WC="1.00" CC="140030001040"/>
						<SP ID="P18_SP00254" HPOS="565" VPOS="2964" WIDTH="150"/>
						<String ID="P18_ST00286" HPOS="715" VPOS="2907" WIDTH="50" HEIGHT="53" CONTENT="Il" WC="1.00" CC="00"/>
						<SP ID="P18_SP00255" HPOS="765" VPOS="2964" WIDTH="46"/>
						<String ID="P18_ST00287" HPOS="811" VPOS="2904" WIDTH="255" HEIGHT="55" CONTENT="faudrait" WC="0.99" CC="40602320"/>
						<SP ID="P18_SP00256" HPOS="1066" VPOS="2964" WIDTH="46"/>
						<String ID="P18_ST00288" HPOS="1112" VPOS="2903" WIDTH="176" HEIGHT="53" CONTENT="croire" WC="0.99" CC="030011"/>
						<SP ID="P18_SP00257" HPOS="1288" VPOS="2964" WIDTH="47"/>
						<String ID="P18_ST00289" HPOS="1335" VPOS="2902" WIDTH="213" HEIGHT="69" CONTENT="qu'une" WC="0.99" CC="034610"/>
						<SP ID="P18_SP00258" HPOS="1548" VPOS="2971" WIDTH="46"/>
						<String ID="P18_ST00290" HPOS="1594" VPOS="2898" WIDTH="215" HEIGHT="72" CONTENT="grande" WC="0.99" CC="060700"/>
						<SP ID="P18_SP00259" HPOS="1809" VPOS="2971" WIDTH="45"/>
						<String ID="P18_ST00291" HPOS="1854" VPOS="2894" WIDTH="385" HEIGHT="72" CONTENT="composition" WC="1.00" CC="00002000000"/>
					</TextLine>
					<TextLine ID="P18_TL00033" HPOS="187" VPOS="2973" WIDTH="2050" HEIGHT="75">
						<String ID="P18_ST00292" HPOS="187" VPOS="3006" WIDTH="36" HEIGHT="37" CONTENT="a" WC="0.80" CC="1"/>
						<SP ID="P18_SP00260" HPOS="223" VPOS="3043" WIDTH="38"/>
						<String ID="P18_ST00293" HPOS="261" VPOS="2989" WIDTH="91" HEIGHT="54" CONTENT="été" WC="0.99" CC="003"/>
						<SP ID="P18_SP00261" HPOS="352" VPOS="3043" WIDTH="39"/>
						<String ID="P18_ST00294" HPOS="391" VPOS="2987" WIDTH="229" HEIGHT="54" CONTENT="enfouie" WC="0.99" CC="0050600"/>
						<SP ID="P18_SP00262" HPOS="620" VPOS="3043" WIDTH="39"/>
						<String ID="P18_ST00295" HPOS="659" VPOS="3003" WIDTH="74" HEIGHT="37" CONTENT="au" WC="0.66" CC="06"/>
						<SP ID="P18_SP00263" HPOS="733" VPOS="3043" WIDTH="39"/>
						<String ID="P18_ST00296" HPOS="772" VPOS="2984" WIDTH="195" HEIGHT="53" CONTENT="milieu" WC="0.99" CC="013006"/>
						<SP ID="P18_SP00264" HPOS="967" VPOS="3043" WIDTH="39"/>
						<String ID="P18_ST00297" HPOS="1006" VPOS="2984" WIDTH="99" HEIGHT="52" CONTENT="des" WC="1.00" CC="000"/>
						<SP ID="P18_SP00265" HPOS="1105" VPOS="3043" WIDTH="40"/>
						<String ID="P18_ST00298" HPOS="1145" VPOS="2998" WIDTH="231" HEIGHT="37" CONTENT="canons." WC="1.00" CC="0000001"/>
						<SP ID="P18_SP00266" HPOS="1376" VPOS="3043" WIDTH="26"/>
						<String ID="P18_ST00299" HPOS="1402" VPOS="3001" WIDTH="22" HEIGHT="28" CONTENT="»" WC="0.92" CC="0"/>
						<SP ID="P18_SP00267" HPOS="1424" VPOS="3043" WIDTH="41"/>
						<String ID="P18_ST00300" HPOS="1465" VPOS="2983" WIDTH="16" HEIGHT="63" CONTENT="(" WC="0.98" CC="0"/>
						<String ID="P18_ST00301" HPOS="1489" VPOS="2982" WIDTH="101" HEIGHT="52" CONTENT="loc." WC="0.74" CC="2034" STYLEREFS="TXT_4"/>
						<SP ID="P18_SP00268" HPOS="1590" VPOS="3046" WIDTH="41"/>
						<String ID="P18_ST00302" HPOS="1631" VPOS="2978" WIDTH="91" HEIGHT="54" CONTENT="cit." WC="0.97" CC="2063" STYLEREFS="TXT_4"/>
						<SP ID="P18_SP00269" HPOS="1722" VPOS="3046" WIDTH="42"/>
						<String ID="P18_ST00303" HPOS="1764" VPOS="2994" WIDTH="56" HEIGHT="54" CONTENT="p." WC="0.79" CC="04"/>
						<SP ID="P18_SP00270" HPOS="1820" VPOS="3048" WIDTH="42"/>
						<String ID="P18_ST00304" HPOS="1862" VPOS="2993" WIDTH="89" HEIGHT="52" CONTENT="33," WC="0.85" CC="004"/>
						<SP ID="P18_SP00271" HPOS="1951" VPOS="3048" WIDTH="41"/>
						<String ID="P18_ST00305" HPOS="1992" VPOS="2974" WIDTH="90" HEIGHT="71" CONTENT="48," WC="0.68" CC="053"/>
						<SP ID="P18_SP00272" HPOS="2082" VPOS="3048" WIDTH="40"/>
						<String ID="P18_ST00306" HPOS="2122" VPOS="2973" WIDTH="115" HEIGHT="68" CONTENT="62.)" WC="0.96" CC="0100"/>
					</TextLine>
					<TextLine ID="P18_TL00034" HPOS="300" VPOS="3054" WIDTH="1938" HEIGHT="80">
						<String ID="P18_ST00307" HPOS="300" VPOS="3067" WIDTH="188" HEIGHT="56" CONTENT="Christ" WC="0.99" CC="460000"/>
						<SP ID="P18_SP00273" HPOS="488" VPOS="3123" WIDTH="52"/>
						<String ID="P18_ST00308" HPOS="540" VPOS="3068" WIDTH="78" HEIGHT="66" CONTENT="(3)" WC="1.00" CC="000"/>
						<SP ID="P18_SP00274" HPOS="618" VPOS="3134" WIDTH="50"/>
						<String ID="P18_ST00309" HPOS="668" VPOS="3064" WIDTH="125" HEIGHT="55" CONTENT="voit" WC="0.99" CC="0030"/>
						<SP ID="P18_SP00275" HPOS="793" VPOS="3134" WIDTH="49"/>
						<String ID="P18_ST00310" HPOS="842" VPOS="3064" WIDTH="144" HEIGHT="53" CONTENT="dans" WC="1.00" CC="0000"/>
						<SP ID="P18_SP00276" HPOS="986" VPOS="3134" WIDTH="47"/>
						<String ID="P18_ST00311" HPOS="1033" VPOS="3063" WIDTH="53" HEIGHT="52" CONTENT="le" WC="1.00" CC="00"/>
						<SP ID="P18_SP00277" HPOS="1086" VPOS="3134" WIDTH="47"/>
						<String ID="P18_ST00312" HPOS="1133" VPOS="3078" WIDTH="239" HEIGHT="53" CONTENT="passage" WC="1.00" CC="0000000"/>
						<SP ID="P18_SP00278" HPOS="1372" VPOS="3134" WIDTH="49"/>
						<String ID="P18_ST00313" HPOS="1421" VPOS="3060" WIDTH="72" HEIGHT="52" CONTENT="de" WC="1.00" CC="00"/>
						<SP ID="P18_SP00279" HPOS="1493" VPOS="3134" WIDTH="73"/>
						<String ID="P18_ST00314" HPOS="1566" VPOS="3058" WIDTH="288" HEIGHT="54" CONTENT="Cedrenus" WC="0.80" CC="07010060"/>
						<SP ID="P18_SP00280" HPOS="1854" VPOS="3134" WIDTH="50"/>
						<String ID="P18_ST00315" HPOS="1904" VPOS="3057" WIDTH="131" HEIGHT="69" CONTENT="plus" WC="0.99" CC="0050"/>
						<SP ID="P18_SP00281" HPOS="2035" VPOS="3134" WIDTH="56"/>
						<String ID="P18_ST00316" HPOS="2091" VPOS="3054" WIDTH="147" HEIGHT="53" CONTENT="haut" WC="0.99" CC="0060"/>
					</TextLine>
					<TextLine ID="P18_TL00035" HPOS="190" VPOS="3133" WIDTH="2052" HEIGHT="82">
						<String ID="P18_ST00317" HPOS="190" VPOS="3148" WIDTH="270" HEIGHT="67" CONTENT="rapporté" WC="1.00" CC="30000500"/>
						<SP ID="P18_SP00282" HPOS="460" VPOS="3215" WIDTH="28"/>
						<String ID="P18_ST00318" HPOS="488" VPOS="3162" WIDTH="113" HEIGHT="37" CONTENT="une" WC="0.97" CC="720"/>
						<SP ID="P18_SP00283" HPOS="601" VPOS="3215" WIDTH="28"/>
						<String ID="P18_ST00319" HPOS="629" VPOS="3144" WIDTH="241" HEIGHT="53" CONTENT="allusion" WC="0.99" CC="04060100"/>
						<SP ID="P18_SP00284" HPOS="870" VPOS="3215" WIDTH="29"/>
						<String ID="P18_ST00320" HPOS="899" VPOS="3144" WIDTH="35" HEIGHT="51" CONTENT="à" WC="1.00" CC="0"/>
						<SP ID="P18_SP00285" HPOS="934" VPOS="3215" WIDTH="26"/>
						<String ID="P18_ST00321" HPOS="960" VPOS="3143" WIDTH="58" HEIGHT="53" CONTENT="la" WC="1.00" CC="00"/>
						<SP ID="P18_SP00286" HPOS="1018" VPOS="3215" WIDTH="27"/>
						<String ID="P18_ST00322" HPOS="1045" VPOS="3139" WIDTH="357" HEIGHT="71" CONTENT="publication" WC="1.00" CC="06020000130"/>
						<SP ID="P18_SP00287" HPOS="1402" VPOS="3215" WIDTH="30"/>
						<String ID="P18_ST00323" HPOS="1432" VPOS="3156" WIDTH="75" HEIGHT="35" CONTENT="au" WC="0.66" CC="06"/>
						<SP ID="P18_SP00288" HPOS="1507" VPOS="3215" WIDTH="30"/>
						<String ID="P18_ST00324" HPOS="1537" VPOS="3138" WIDTH="56" HEIGHT="53" CONTENT="X" WC="1.00" CC="0"/>
						<String ID="P18_ST00325" HPOS="1593" VPOS="3149" WIDTH="20" HEIGHT="23" CONTENT="e" STYLE="superscript" WC="1.00" CC="0"/>
						<SP ID="P18_SP00289" HPOS="1613" VPOS="3215" WIDTH="29"/>
						<String ID="P18_ST00326" HPOS="1642" VPOS="3135" WIDTH="167" HEIGHT="55" CONTENT="siècle" WC="1.00" CC="000001"/>
						<SP ID="P18_SP00290" HPOS="1809" VPOS="3215" WIDTH="30"/>
						<String ID="P18_ST00327" HPOS="1839" VPOS="3138" WIDTH="74" HEIGHT="66" CONTENT="(?)" WC="0.98" CC="006"/>
						<SP ID="P18_SP00291" HPOS="1913" VPOS="3215" WIDTH="33"/>
						<String ID="P18_ST00328" HPOS="1946" VPOS="3135" WIDTH="98" HEIGHT="54" CONTENT="des" WC="1.00" CC="000"/>
						<SP ID="P18_SP00292" HPOS="2044" VPOS="3215" WIDTH="28"/>
						<String ID="P18_ST00329" HPOS="2072" VPOS="3133" WIDTH="170" HEIGHT="53" CONTENT="livres" WC="0.99" CC="200520"/>
					</TextLine>
				</TextBlock>
				<TextBlock ID="P18_TB00005" HPOS="191" VPOS="3294" WIDTH="2046" HEIGHT="362" STYLEREFS="TXT_5 PAR_LEFT">
					<TextLine ID="P18_TL00036" HPOS="299" VPOS="3298" WIDTH="1695" HEIGHT="58">
						<String ID="P18_ST00330" HPOS="299" VPOS="3309" WIDTH="57" HEIGHT="42" CONTENT="(1)" WC="0.60" CC="056"/>
						<SP ID="P18_SP00293" HPOS="356" VPOS="3351" WIDTH="30"/>
						<String ID="P18_ST00331" HPOS="386" VPOS="3307" WIDTH="202" HEIGHT="35" CONTENT="Cedrenus" WC="0.84" CC="00500250"/>
						<String ID="P18_ST00332" HPOS="592" VPOS="3335" WIDTH="7" HEIGHT="12" CONTENT="," WC="0.75" CC="2" STYLEREFS="TXT_6"/>
						<SP ID="P18_SP00294" HPOS="599" VPOS="3351" WIDTH="23"/>
						<String ID="P18_ST00333" HPOS="622" VPOS="3304" WIDTH="286" HEIGHT="47" CONTENT="Compendium" WC="0.60" CC="4350040766" STYLEREFS="TXT_6"/>
						<SP ID="P18_SP00295" HPOS="908" VPOS="3351" WIDTH="35"/>
						<String ID="P18_ST00334" HPOS="943" VPOS="3303" WIDTH="148" HEIGHT="35" CONTENT="Histor." WC="0.69" CC="2104561" STYLEREFS="TXT_6"/>
						<SP ID="P18_SP00296" HPOS="1091" VPOS="3351" WIDTH="21"/>
						<String ID="P18_ST00335" HPOS="1112" VPOS="3313" WIDTH="7" HEIGHT="24" CONTENT=":" WC="0.50" CC="4" STYLEREFS="TXT_7"/>
						<SP ID="P18_SP00297" HPOS="1119" VPOS="3351" WIDTH="55"/>
						<String ID="P18_ST00336" HPOS="1174" VPOS="3305" WIDTH="30" HEIGHT="39" CONTENT="O" WC="0.62" CC="3" STYLEREFS="TXT_3"/>
						<SP ID="P18_SP00298" HPOS="1204" VPOS="3351" WIDTH="13"/>
						<String ID="P18_ST00337" HPOS="1217" VPOS="3318" WIDTH="82" HEIGHT="31" CONTENT="JTOÇ" WC="0.29" CC="7757" STYLEREFS="TXT_7"/>
						<SP ID="P18_SP00299" HPOS="1299" VPOS="3351" WIDTH="34"/>
						<String ID="P18_ST00338" HPOS="1333" VPOS="3304" WIDTH="19" HEIGHT="37" CONTENT="Ô" WC="0.34" CC="6" STYLEREFS="TXT_7"/>
						<SP ID="P18_SP00300" HPOS="1352" VPOS="3351" WIDTH="32"/>
						<String ID="P18_ST00339" HPOS="1384" VPOS="3303" WIDTH="108" HEIGHT="45" CONTENT="Ô'GIOÇ" WC="0.36" CC="848188" STYLEREFS="TXT_7"/>
						<SP ID="P18_SP00301" HPOS="1492" VPOS="3351" WIDTH="37"/>
						<String ID="P18_ST00340" HPOS="1529" VPOS="3303" WIDTH="179" HEIGHT="49" CONTENT="IcoàvvYjç" WC="0.17" CC="689888888"/>
						<SP ID="P18_SP00302" HPOS="1708" VPOS="3352" WIDTH="18"/>
						<String ID="P18_ST00341" HPOS="1726" VPOS="3304" WIDTH="69" HEIGHT="36" CONTENT="xal" WC="0.42" CC="943"/>
						<SP ID="P18_SP00303" HPOS="1795" VPOS="3352" WIDTH="17"/>
						<String ID="P18_ST00342" HPOS="1812" VPOS="3298" WIDTH="182" HEIGHT="58" CONTENT="[JLSAWSOÇ" WC="0.35" CC="519774677"/>
						<SP ID="P18_SP00304" HPOS="1994" VPOS="3356" WIDTH="0"/>
					</TextLine>
					<TextLine ID="P18_TL00037" HPOS="196" VPOS="3359" WIDTH="2041" HEIGHT="58">
						<String ID="P18_ST00343" HPOS="196" VPOS="3377" WIDTH="101" HEIGHT="40" CONTENT="JJ.£TA" WC="0.25" CC="567679" STYLEREFS="TXT_7"/>
						<SP ID="P18_SP00305" HPOS="297" VPOS="3417" WIDTH="24"/>
						<String ID="P18_ST00344" HPOS="321" VPOS="3363" WIDTH="145" HEIGHT="54" CONTENT="Koajxà" WC="0.21" CC="967697"/>
						<SP ID="P18_SP00306" HPOS="466" VPOS="3417" WIDTH="22"/>
						<String ID="P18_ST00345" HPOS="488" VPOS="3362" WIDTH="218" HEIGHT="39" CONTENT="ÊMAXTFIROU" WC="0.22" CC="8988778828" STYLEREFS="TXT_7"/>
						<SP ID="P18_SP00307" HPOS="706" VPOS="3417" WIDTH="41"/>
						<String ID="P18_ST00346" HPOS="747" VPOS="3374" WIDTH="69" HEIGHT="25" CONTENT="TOU" WC="0.25" CC="777" STYLEREFS="TXT_7"/>
						<SP ID="P18_SP00308" HPOS="816" VPOS="3417" WIDTH="40"/>
						<String ID="P18_ST00347" HPOS="856" VPOS="3360" WIDTH="200" HEIGHT="53" CONTENT="Maïoupia" WC="0.33" CC="64777936"/>
						<SP ID="P18_SP00309" HPOS="1056" VPOS="3417" WIDTH="24"/>
						<String ID="P18_ST00348" HPOS="1080" VPOS="3371" WIDTH="70" HEIGHT="25" CONTENT="xat" WC="0.56" CC="048"/>
						<SP ID="P18_SP00310" HPOS="1150" VPOS="3417" WIDTH="30"/>
						<String ID="P18_ST00349" HPOS="1180" VPOS="3364" WIDTH="233" HEIGHT="53" CONTENT="o£o&lt;pàvouç" WC="0.17" CC="7788987887"/>
						<SP ID="P18_SP00311" HPOS="1413" VPOS="3417" WIDTH="256"/>
						<String ID="P18_ST00350" HPOS="1669" VPOS="3359" WIDTH="213" HEIGHT="58" CONTENT="osoBcopou" WC="0.17" CC="888898780"/>
						<SP ID="P18_SP00312" HPOS="1882" VPOS="3417" WIDTH="41"/>
						<String ID="P18_ST00351" HPOS="1923" VPOS="3375" WIDTH="76" HEIGHT="24" CONTENT="xcov" WC="0.19" CC="7797"/>
						<SP ID="P18_SP00313" HPOS="1999" VPOS="3417" WIDTH="35"/>
						<String ID="P18_ST00352" HPOS="2034" VPOS="3372" WIDTH="203" HEIGHT="43" CONTENT="YPAÎUTWV," WC="0.36" CC="774779471" STYLEREFS="TXT_7"/>
					</TextLine>
					<TextLine ID="P18_TL00038" HPOS="195" VPOS="3414" WIDTH="1752" HEIGHT="64">
						<String ID="P18_ST00353" HPOS="195" VPOS="3419" WIDTH="115" HEIGHT="41" CONTENT="Staxo" WC="0.22" CC="77697"/>
						<SP ID="P18_SP00314" HPOS="310" VPOS="3460" WIDTH="38"/>
						<String ID="P18_ST00354" HPOS="348" VPOS="3422" WIDTH="144" HEIGHT="45" CONTENT="aùxoùç" WC="0.23" CC="488886"/>
						<SP ID="P18_SP00315" HPOS="492" VPOS="3467" WIDTH="289"/>
						<String ID="P18_ST00355" HPOS="781" VPOS="3420" WIDTH="50" HEIGHT="38" CONTENT="xà" WC="0.20" CC="78"/>
						<SP ID="P18_SP00316" HPOS="831" VPOS="3467" WIDTH="27"/>
						<String ID="P18_ST00356" HPOS="858" VPOS="3420" WIDTH="40" HEIGHT="38" CONTENT="èv" WC="0.22" CC="86"/>
						<SP ID="P18_SP00317" HPOS="898" VPOS="3467" WIDTH="27"/>
						<String ID="P18_ST00357" HPOS="925" VPOS="3420" WIDTH="86" HEIGHT="44" CONTENT="TaTç" WC="0.21" CC="8687"/>
						<SP ID="P18_SP00318" HPOS="1011" VPOS="3467" WIDTH="19"/>
						<String ID="P18_ST00358" HPOS="1030" VPOS="3414" WIDTH="236" HEIGHT="59" CONTENT="éxxX/)ff(aiç" WC="0.33" CC="680988668618"/>
						<SP ID="P18_SP00319" HPOS="1266" VPOS="3473" WIDTH="25"/>
						<String ID="P18_ST00359" HPOS="1291" VPOS="3438" WIDTH="77" HEIGHT="23" CONTENT="TWV" WC="0.39" CC="746" STYLEREFS="TXT_7"/>
						<SP ID="P18_SP00320" HPOS="1368" VPOS="3473" WIDTH="39"/>
						<String ID="P18_ST00360" HPOS="1407" VPOS="3422" WIDTH="248" HEIGHT="56" CONTENT="Xpi&lt;mava&gt;v" WC="0.36" CC="0717877877"/>
						<SP ID="P18_SP00321" HPOS="1655" VPOS="3478" WIDTH="38"/>
						<String ID="P18_ST00361" HPOS="1693" VPOS="3435" WIDTH="254" HEIGHT="41" CONTENT="TSTU7CO[JI£V(X" WC="0.23" CC="88888875467688" STYLEREFS="TXT_7"/>
						<SP ID="P18_SP00322" HPOS="1947" VPOS="3478" WIDTH="0"/>
					</TextLine>
					<TextLine ID="P18_TL00039" HPOS="191" VPOS="3485" WIDTH="720" HEIGHT="46">
						<String ID="P18_ST00362" HPOS="191" VPOS="3485" WIDTH="133" HEIGHT="46" CONTENT="Migne" WC="0.72" CC="03640"/>
						<SP ID="P18_SP00323" HPOS="324" VPOS="3531" WIDTH="21"/>
						<String ID="P18_ST00363" HPOS="345" VPOS="3485" WIDTH="110" HEIGHT="35" CONTENT="Patr." WC="0.85" CC="30030"/>
						<SP ID="P18_SP00324" HPOS="455" VPOS="3531" WIDTH="30"/>
						<String ID="P18_ST00364" HPOS="485" VPOS="3485" WIDTH="84" HEIGHT="40" CONTENT="Gr.," WC="0.73" CC="0306"/>
						<SP ID="P18_SP00325" HPOS="569" VPOS="3531" WIDTH="25"/>
						<String ID="P18_ST00365" HPOS="594" VPOS="3488" WIDTH="30" HEIGHT="31" CONTENT="t." WC="0.54" CC="44"/>
						<SP ID="P18_SP00326" HPOS="624" VPOS="3531" WIDTH="29"/>
						<String ID="P18_ST00366" HPOS="653" VPOS="3493" WIDTH="85" HEIGHT="34" CONTENT="124," WC="0.56" CC="4335"/>
						<SP ID="P18_SP00327" HPOS="738" VPOS="3531" WIDTH="24"/>
						<String ID="P18_ST00367" HPOS="762" VPOS="3494" WIDTH="35" HEIGHT="24" CONTENT="c." WC="0.79" CC="04"/>
						<SP ID="P18_SP00328" HPOS="797" VPOS="3531" WIDTH="29"/>
						<String ID="P18_ST00368" HPOS="826" VPOS="3493" WIDTH="85" HEIGHT="35" CONTENT="177." WC="0.77" CC="4004"/>
					</TextLine>
					<TextLine ID="P18_TL00040" HPOS="296" VPOS="3550" WIDTH="740" HEIGHT="48">
						<String ID="P18_ST00369" HPOS="296" VPOS="3552" WIDTH="57" HEIGHT="43" CONTENT="(2)" WC="0.78" CC="203"/>
						<SP ID="P18_SP00329" HPOS="353" VPOS="3595" WIDTH="19"/>
						<String ID="P18_ST00370" HPOS="372" VPOS="3551" WIDTH="61" HEIGHT="37" CONTENT="Cf." WC="0.96" CC="064"/>
						<SP ID="P18_SP00330" HPOS="433" VPOS="3595" WIDTH="23"/>
						<String ID="P18_ST00371" HPOS="456" VPOS="3551" WIDTH="107" HEIGHT="35" CONTENT="Dom" WC="0.76" CC="222"/>
						<SP ID="P18_SP00331" HPOS="563" VPOS="3595" WIDTH="21"/>
						<String ID="P18_ST00372" HPOS="584" VPOS="3550" WIDTH="126" HEIGHT="41" CONTENT="Pitra," WC="0.77" CC="100245"/>
						<SP ID="P18_SP00332" HPOS="710" VPOS="3595" WIDTH="22"/>
						<String ID="P18_ST00373" HPOS="732" VPOS="3561" WIDTH="65" HEIGHT="36" CONTENT="op." WC="0.96" CC="064"/>
						<SP ID="P18_SP00333" HPOS="797" VPOS="3597" WIDTH="23"/>
						<String ID="P18_ST00374" HPOS="820" VPOS="3551" WIDTH="82" HEIGHT="38" CONTENT="cit.," WC="0.99" CC="00244"/>
						<SP ID="P18_SP00334" HPOS="902" VPOS="3597" WIDTH="23"/>
						<String ID="P18_ST00375" HPOS="925" VPOS="3563" WIDTH="39" HEIGHT="35" CONTENT="p." WC="0.58" CC="34"/>
						<SP ID="P18_SP00335" HPOS="964" VPOS="3598" WIDTH="23"/>
						<String ID="P18_ST00376" HPOS="987" VPOS="3553" WIDTH="49" HEIGHT="44" CONTENT="63" WC="0.29" CC="67"/>
					</TextLine>
					<TextLine ID="P18_TL00041" HPOS="295" VPOS="3611" WIDTH="529" HEIGHT="45">
						<String ID="P18_ST00377" HPOS="295" VPOS="3612" WIDTH="57" HEIGHT="43" CONTENT="(3)" WC="0.66" CC="063"/>
						<SP ID="P18_SP00336" HPOS="352" VPOS="3655" WIDTH="20"/>
						<String ID="P18_ST00378" HPOS="372" VPOS="3611" WIDTH="77" HEIGHT="45" CONTENT="Op." WC="0.96" CC="064"/>
						<SP ID="P18_SP00337" HPOS="449" VPOS="3656" WIDTH="19"/>
						<String ID="P18_ST00379" HPOS="468" VPOS="3611" WIDTH="85" HEIGHT="41" CONTENT="cit.," WC="0.98" CC="00146"/>
						<SP ID="P18_SP00338" HPOS="553" VPOS="3656" WIDTH="21"/>
						<String ID="P18_ST00380" HPOS="574" VPOS="3621" WIDTH="39" HEIGHT="35" CONTENT="p." WC="0.39" CC="83"/>
						<SP ID="P18_SP00339" HPOS="613" VPOS="3656" WIDTH="24"/>
						<String ID="P18_ST00381" HPOS="637" VPOS="3620" WIDTH="187" HEIGHT="27" CONTENT="XXXVIII." WC="0.75" CC="00003554" STYLEREFS="TXT_7"/>
					</TextLine>
				</TextBlock>
			</PrintSpace>
		</Page>
	</Layout>
</alto>
