2763 4102
2249 385 0 0 819

570 344 96 38 LES
705 348 294 38 NOTATIONS
1025 339 482 56 DIASTÉMATIQUES,
1543 348 242 35 LECTURE

310 518 51 52 3-
588 500 157 53 oxeia
779 504 226 65 (accent
1037 503 152 71 aigu)
1221 524 10 33 :
1264 519 79 37 un
1376 500 166 71 degré
1574 496 314 56 ascendant
1952 486 290 59 accentué.

311 595 51 54 4.
398 585 214 50 TcsTàcfTT
612 603 33 48 ],
1166 584 224 66 petaste,
921 599 79 36 un
1034 583 166 71 degré
1236 580 314 55 ascendant
1584 595 140 37 avec
1778 571 402 57 «envolement
2202 586 40 31 ».

310 672 52 55 5.
418 664 283 69 Koùcptcrjj.a,
756 659 353 71 kouphisma,
1165 660 242 53 d'abord
1472 677 80 35 un
1620 656 167 70 degré
1868 655 35 52 à
1969 649 275 56 l'unisson

200 738 147 54 suivi
374 736 139 55 d'un
540 736 166 70 degré
733 738 318 54 ascendant
1076 762 14 45 ;
1118 739 221 53 ensuite
1363 754 80 38 un
1468 736 169 71 degré
1664 733 315 55 ascendant
2006 725 241 57 exécuté

200 834 138 36 avec
367 816 265 70 légèreté.

309 895 51 53 6.
394 901 191 69 oXiyov,
1037 895 212 71 oligon,
860 913 80 35 un
969 896 169 71 degré
1167 896 334 55 ascendant.

309 990 51 54 7.
399 997 142 51 XEVTT)
1315 974 330 68 kentemata,
1122 993 80 35 un
1239 975 167 71 degré
1444 973 334 54 ascendant.

310 1054 52 53 8.
397 1055 269 66 TCSXCC(J9OV,
1249 1053 311 72 pelasthon,
1065 1072 78 35 un
1178 1055 167 69 degré
1378 1053 332 54 ascendant.

311 1150 51 54 9.
398 1155 250 53 ksvtt]fjwc,
684 1133 250 54 kentema
941 1180 13 21 ,
988 1150 80 37 un
1103 1134 169 70 degré
1306 1133 334 66 ascendant,
1675 1129 144 53 mais
1852 1144 63 38 ce
1948 1125 286 56 caractère

198 1211 291 71 s'emploie
516 1216 230 50 surtout
775 1214 144 53 dans
945 1214 79 52 les
1912 1213 275 68 synthèses
1357 1211 147 69 (voir
1529 1211 127 69 plus
1683 1209 158 66 loin).

313 1308 85 35 10.
1206 1291 240 71 hypsile,
1001 1309 112 36 une
1153 1296 206 65 quarte
1386 1312 11 45 ;
1442 1307 73 35 on
1556 1303 365 53 remarquera
1961 1302 112 52 que
2114 1284 50 52 le

198 1370 168 53 lettre
408 1369 377 70 significative
827 1375 310 65 marquant
1180 1368 243 54 d'abord
1462 1365 329 55 l'élévation
1833 1364 71 53 de
1943 1364 35 52 Y
1985 1361 157 55 oxeia
2186 1366 58 47 et

201 1450 77 52 du
416 1450 232 66 kentema,
649 1450 82 53 s'est
757 1468 111 52 peu
894 1451 33 52 à
949 1468 112 51 peu
1086 1448 280 67 modifiée,
1392 1445 231 71 jusqu'à
1639 1445 210 52 former
1863 1459 80 37 un
1959 1440 287 55 caractère

200 1545 284 51 nouveau,
836 1528 512 71 Yhypsile,
825 1529 261 70 toujours
1115 1528 149 68 joint
1293 1528 34 52 à
1355 1543 79 35 un
1465 1529 181 48 autre.

313 1622 85 38 11.
461 1614 264 67 àitoCTTpocp
732 1629 76 46 oç,
1587 1605 374 71 apostrophos,
1344 1604 51 52 le
1458 1601 243 70 premier
1764 1600 99 53 des
1927 1601 316 50 caractères

201 1685 397 69 descendants,
654 1703 80 35 un
790 1685 168 70 degré
985 1704 11 33 :
1056 1684 142 52 dans
1253 1680 483 70 l'interprétation
1795 1674 444 67 traditionnelle,

198 1766 228 69 lorsque
461 1783 65 37 ce
563 1766 284 52 caractère
884 1769 87 48 est
1007 1761 148 55 suivi
1192 1760 494 55 immédiatement
1725 1757 77 54 du
1838 1757 187 54 même
2062 1770 156 37 carac-

201 1845 118 53 tère
348 1844 281 68 renversé,
661 1844 138 53 c'est
828 1860 112 36 une
968 1841 315 54 indication
1313 1837 456 56 d'accélération.

314 1938 84 38 12.
436 1925 204 71 j3apsta,
1155 1921 203 68 bareia,
911 1919 151 54 deux
1095 1920 197 70 degrés
1324 1916 397 55 descendants.

313 2018 85 51 13.
459 2006 192 69 CTÔpfxa,
712 2018 204 52 syrma,
979 1999 152 53 deux
1192 1999 196 70 degrés
1449 1995 400 67 descendants,
1910 2008 141 38 avec
2110 2005 112 37 une

201 2080 301 53 exécution
535 2079 259 72 spéciale.
832 2079 74 53 Ce
940 2079 158 71 signe
1131 2079 148 53 n'est
1311 2076 288 71 peut-être
1634 2091 111 54 que
1778 2074 56 53 la
1868 2070 340 57 transforma-

197 2160 125 53 tion
358 2159 78 53 du
470 2157 325 72 précédent.

313 2254 85 53 14.
432 2243 235 69 eXa'ppov,
1259 2237 286 72 elaphron,
1042 2254 113 36 une
1185 2235 173 56 tierce
1410 2235 405 53 descendante.

313 2330 85 56 15.
424 2323 224 69 )(à(juX7],
1166 2318 215 54 khamil
1599 2325 46 61 ê,
967 2333 112 37 une
1104 2321 206 65 quarte
1345 2315 405 56 descendante.
1776 2309 260 57 D'abord
2065 2307 182 55 formé

201 2398 170 53 d'une
403 2396 345 70 apostrophe
788 2396 183 54 droite
1010 2401 58 49 et
1108 2395 171 53 d'une
1317 2394 313 67 renversée,
1670 2409 64 37 ce
1771 2390 157 71 signe
1966 2406 73 36 ne
2081 2387 133 54 s'em-

200 2475 221 71 ployait
479 2475 453 70 primitivement
979 2493 111 52 que
1140 2472 237 72 précédé
1418 2472 172 54 d'une
1649 2475 165 51 autre
1879 2465 365 73 apostrophe.

235 2555 50 53 Il
336 2572 33 35 a
416 2554 99 54 fini
543 2570 104 55 par
699 2555 211 53 former
967 2572 79 35 un
1109 2554 158 71 signe
1307 2554 36 52 à
1369 2558 155 64 part,
1552 2568 139 37 avec
1719 2566 113 37 une
1860 2546 383 74 signification

200 2650 221 55 propre.

310 2714 108 52 Les
458 2711 185 73 signes
681 2711 262 55 suivants
983 2716 132 49 sont
1155 2711 80 52 les
1705 2725 73 36 ou
1820 2705 186 71 signes

206 2792 250 70 tatiques.
534 2792 49 53 Il
673 2792 127 53 faut
883 2808 329 53 remarquer
1298 2806 131 54 que,
1515 2789 178 70 joints
1773 2787 80 52 les
1941 2800 108 37 uns
2124 2798 114 36 aux

201 2878 210 61 autres,
455 2872 80 53 les
578 2871 186 71 signes
807 2870 379 70 phonétiques
1230 2874 282 62 prennent
1554 2884 113 37 une
1710 2866 198 53 valeur
1950 2861 261 56 cheirono-

200 2950 212 70 mique,
458 2968 220 35 comme
1251 2950 184 69 Vison,
950 2950 56 52 la
1903 2955 226 65 petaste,
1319 2954 57 48 et
1420 2947 79 54 les
1545 2951 208 48 autres.
1801 2945 150 53 C'est
1995 2944 53 50 le
2089 2941 158 70 signe

200 3029 291 70 supérieur
535 3029 98 70 qui
680 3029 119 53 seul
844 3034 229 63 compte
1119 3044 222 36 comme
1386 3026 286 52 caractère
1716 3021 371 72 phonétique.
2136 3020 108 52 Les

200 3107 321 69 kentëmata,
569 3109 188 68 placés
804 3109 163 68 après
1011 3124 80 36 un
1123 3106 306 67 caractère,
1474 3105 205 76 (ÔITCXTJ)
1725 3109 58 48 et
1828 3102 34 52 Y
1870 3099 376 73 apostrophos,

200 3189 181 68 après,
460 3205 74 36 ou
601 3205 95 36 sur
738 3205 79 35 un
882 3187 304 66 caractère,
1235 3203 70 35 en
1352 3185 276 53 doublent
1672 3184 56 52 la
1766 3184 214 66 valeur,
2042 3180 206 70 chaque

200 3267 261 54 caractère
493 3284 69 36 ne
605 3266 188 54 valant
828 3267 174 69 qu'un
1035 3270 174 66 temps
1240 3264 253 71 premier.

310 3346 107 52 Les
456 3345 184 70 signes
680 3346 265 52 numéros
988 3344 68 53 16
1096 3345 33 52 à
1170 3356 67 55 55
1280 3347 131 49 sont
1452 3359 241 53 presque
1734 3347 131 47 tous
1907 3340 224 54 tombés
2172 3353 71 38 en

201 3424 333 68 désuétude,
601 3430 57 47 et
734 3441 74 36 on
856 3441 71 36 ne
983 3424 233 53 connaît
1267 3422 50 54 le
1387 3439 128 35 sens
1580 3426 168 48 exact
1808 3439 111 51 que
1978 3420 68 52 de
2102 3433 144 39 ceux

197 3505 300 52 conservés
562 3506 143 52 dans
772 3504 56 53 la
888 3504 272 54 méthode
1237 3501 242 55 actuelle
1508 3523 10 33 :
1566 3501 68 53 ils
1701 3501 236 53 doivent
2002 3514 244 56 presque

198 3588 131 48 tous
374 3582 120 55 leur
540 3582 211 70 origine
797 3584 34 52 à
878 3581 418 69 Koukouzélès,
1341 3580 130 53 sauf
1507 3581 80 53 les
