2763 4102
2139 284 96 63 787

661 302 252 38 HISTOIRE
943 304 71 35 DE
1050 302 65 37 LA
1150 303 248 47 MUSIQUE
1433 301 306 36 BYZANTINE

282 448 53 54 A
373 446 149 70 côté,
564 463 71 37 en
674 445 161 70 effet,
877 446 141 55 d'un
1056 446 312 73 répertoire
1408 449 243 51 courant
1691 444 101 71 qui
1831 460 34 37 a
1903 459 115 55 peu
2056 441 178 69 varié,

172 528 82 54 les
320 526 237 55 maîtres
611 522 312 74 byzantins
974 543 73 38 ne
1100 528 284 53 cessèrent
1437 525 71 55 de
1554 524 281 70 modifier,
1884 522 350 72 d'arranger,

176 605 84 57 d'«
280 602 258 58 embellir
560 624 40 51 »,
621 602 242 56 suivant
884 604 376 72 l'expression
1287 605 322 67 consacrée,
1627 602 81 56 les
1728 602 207 55 chants
1950 619 72 37 en
2037 616 195 56 usage,

172 691 60 50 et
280 703 73 37 en
401 684 399 71 composèrent
834 684 71 54 de
947 702 328 38 nouveaux.

285 765 111 55 Les
445 762 257 56 mélodes
753 761 311 73 classiques
1114 764 191 54 virent
1356 762 145 56 ainsi
1550 762 150 55 leurs
1752 779 226 37 œuvres
2029 761 203 55 livrées

176 862 116 38 aux
346 864 23 29 «
391 841 435 70 embellisseurs,
868 848 346 53 xaXXoTucTat
1238 864 41 50 »,
1334 849 59 49 et
1446 842 226 56 bientôt
1728 841 346 71 remplacées
2126 858 108 54 par

180 924 166 56 celles
392 924 100 54 des
541 922 345 72 «mélurges,
937 926 344 71 (jLeXoupyob),
1312 928 58 49 et
1401 924 99 53 des
1531 922 299 69 «maîtres,
2025 944 149 51 topsç.
2201 950 22 30 »

285 1004 98 54 Un
440 1003 186 72 grand
682 1008 377 49 mouvement
1119 1003 264 54 d'études
1440 1001 301 55 musicales
1799 1019 59 36 se
1917 1000 107 55 fait
2083 1000 149 55 alors

178 1081 196 57 sentir.
426 1081 154 56 C'est
628 1081 267 71 l'époque
946 1081 100 55 des
1096 1080 415 72 musicologues
1561 1080 260 55 nommés
1872 1080 144 53 dans
2065 1084 167 49 notre

178 1168 419 66 avant-propos
623 1182 12 35 :
703 1160 248 72 Georges
1016 1161 355 73 Pachymère
1434 1164 231 51 surtout
1732 1161 384 68 (1242-1310),
2180 1159 52 54 le

176 1246 464 52 commentateur
683 1241 80 55 du
805 1240 234 56 manuel
1083 1241 100 54 des
1225 1239 409 71 harmoniques
1677 1239 72 53 de
1793 1239 80 53 Cl.
1921 1237 310 70 Ptolémée,

176 1326 88 50 est
297 1321 34 55 à
363 1338 104 42 son
500 1325 136 50 tour
666 1319 164 72 copié
861 1337 105 54 par
999 1320 285 70 Bryenne.
1321 1317 205 55 Michel
1561 1316 234 69 Psellus,
1831 1333 75 37 au
1938 1321 190 66 temps
2161 1316 71 55 de

179 1400 345 57 Constantin
565 1400 204 55 Dukas
813 1403 87 66 (xi
901 1411 22 26 e
964 1400 208 69 siècle),
1215 1397 193 56 s'était
1448 1397 194 70 plutôt
1684 1396 214 69 occupé
1940 1396 70 54 de
2049 1395 153 71 philo-

171 1480 200 72 sophie
396 1479 291 54 musicale.
740 1479 150 71 Jean
918 1477 372 69 Pediasimos,
1321 1476 99 71 qui
1446 1475 187 53 vivait
1661 1491 133 37 sous
1822 1472 408 55 Androniklll

181 1560 383 69 (1282-1341),
602 1563 58 50 et
696 1557 221 72 Joseph
951 1556 366 71 Racendyta,
1354 1559 134 49 sont
1524 1554 99 54 des
1658 1551 409 73 compilateurs
2102 1569 133 38 sans

171 1639 216 73 grande
423 1638 260 72 critique.

285 1719 86 54 La
405 1718 272 54 notation
711 1721 58 50 et
806 1716 59 55 la
900 1715 274 55 méthode
1209 1711 411 73 participèrent
1658 1711 35 54 à
1728 1715 154 50 cette
1917 1709 317 56 évolution.

179 1798 142 57 Vers
364 1798 118 54 l'an
529 1813 162 53 1200,
736 1795 150 71 Jean
933 1792 403 58 Koukouzélès
1684 1789 193 54 moine
1922 1789 79 54 du
2046 1789 189 54 Mont-

175 1879 206 68 Athos,
410 1878 133 71 puis
570 1875 363 74 protopsalte
965 1876 70 55 de
1063 1875 288 70 Byzance,
1387 1876 86 50 est
1516 1871 249 55 l'auteur
1797 1869 139 54 d'un
1967 1885 270 38 nouveau

176 1958 173 54 traité
379 1961 60 50 et
471 1956 141 55 d'un
642 1955 211 71 solfège
884 1954 76 54 où
990 1959 134 49 sont
1153 1951 462 55 non-seulement
1646 1947 232 56 codifiés
1909 1947 82 55 les
2033 1964 206 55 usages

174 2036 302 69 existants,
519 2035 147 55 mais
708 2034 145 54 dans
895 2032 188 73 lequel
1131 2031 40 55 il
1211 2030 196 72 publie
1453 2030 71 55 de
1568 2044 310 38 nouveaux
1920 2027 319 55 caractères

174 2116 320 55 musicaux.
551 2115 85 53 La
689 2114 183 54 forme
927 2114 99 53 des
1072 2111 231 55 anciens
1361 2115 88 50 est
1510 2107 319 56 elle-même
1873 2105 267 54 modifiée
2178 2111 61 50 et

172 2195 223 55 ceux-ci
434 2194 293 71 reçoivent
764 2210 115 37 une
931 2191 155 55 foule
1139 2191 70 54 de
1251 2190 186 72 signes
2020 2185 101 71 qui
2166 2203 73 36 en

172 2275 303 55 modifient
524 2271 330 71 l'émission,
903 2269 390 73 l'expression,
1341 2270 53 53 le
1441 2269 231 71 rythme
1721 2266 205 53 même.
1978 2265 153 54 C'est

174 2354 265 73 première
482 2353 110 68 fois
628 2370 74 55 qu
706 2353 11 20 y
724 2351 266 73 apparaît
1030 2353 142 52 dans
1218 2350 56 53 la
1313 2349 249 54 notation
1613 2345 288 72 byzantine
1950 2363 82 37 un
2081 2344 159 71 signe

172 2434 244 54 diviseur
485 2434 76 53 du
614 2436 181 68 temps
856 2431 237 71 premier
1147 2452 19 34 :
1223 2429 42 54 il
1323 2434 86 49 est
1467 2427 155 73 juste
1674 2426 72 54 de
1798 2425 121 53 dire
1963 2422 144 74 qu'il
2151 2429 86 51 est

171 2532 158 36 assez
373 2516 290 52 rarement
712 2511 282 71 employé.

285 2591 404 56 Koukouzélès
711 2591 347 71 réglemente
1101 2589 152 54 aussi
1293 2589 50 53 le
1384 2589 251 70 système
1674 2585 99 55 des
2138 2582 102 73 qui

174 2678 246 50 ouvrent
435 2673 56 53 la
506 2671 130 55 voie
651 2689 116 37 aux
782 2670 391 55 modulations
1187 2670 81 53 les
1281 2669 131 71 plus
1427 2667 280 72 éloignées
1723 2665 80 55 du
1818 2669 103 48 ton
1936 2662 301 72 principal.

284 2753 81 54 Le
421 2750 328 72 patriarche
807 2749 268 72 Grégoire
1134 2750 58 53 II
1247 2749 382 67 (1222-1240),
1689 2742 390 72 compositeur
2133 2741 81 56 lui-

176 2833 206 68 même,
416 2830 49 56 si
501 2830 120 55 l'on
658 2848 72 37 en
769 2830 146 55 croit
959 2829 190 54 divers
1199 2826 235 57 recueils
1488 2822 347 58 manuscrits
1892 2824 100 68 (1),
2049 2821 190 56 aurait

180 2911 189 55 donné
410 2910 53 55 le
504 2909 201 56 branle
744 2909 53 56 le
838 2909 131 71 plus
1012 2908 142 54 actif
1195 2909 35 53 à
1271 2924 65 37 ce
1376 2908 376 52 mouvement
1795 2901 102 71 qui
1936 2900 304 56 s'accéléra

179 2990 232 72 jusqu'à
470 2988 320 71 Philothée,
852 2986 359 71 (1345-1367)
1241 3008 15 48 ;
1314 2985 247 69 bientôt,
1620 2984 57 53 la
1733 2980 276 56 notation
2066 2985 61 51 et
2183 2980 58 56 la

171 3069 274 57 méthode
476 3069 71 54 de
580 3066 401 57 Koukouzélès
1013 3066 300 56 dominent
1345 3065 199 55 seules.

282 3150 95 53 Au
423 3163 108 42 xvi
531 3160 21 26 e
599 3148 186 69 siècle,
833 3164 76 38 on
955 3146 216 56 semble
1219 3145 161 55 avoir
1426 3145 117 71 jeté
1587 3160 83 38 un
1717 3158 122 57 peu
1886 3140 72 56 de
2004 3139 237 56 lumière

176 3230 145 55 dans
360 3234 154 49 cette
551 3228 151 55 forêt
740 3226 249 70 touffue,
1030 3226 291 73 peut-être
1359 3242 133 38 sous
1529 3224 326 54 l'influence
1898 3220 73 55 de
2009 3219 234 56 Manuel

176 3308 333 73 Chrysaphe
536 3308 53 54 le
616 3308 189 71 jeune,
835 3311 60 51 et
923 3306 100 56 des
1050 3305 221 56 moines
1299 3302 356 58 d'Anchiale.

285 3389 173 54 Deux
499 3391 165 52 cents
705 3404 105 39 ans
851 3386 130 73 plus
1022 3385 154 71 tard,
1216 3402 116 39 une
1373 3384 274 56 méthode
1689 3380 269 58 nouvelle
1999 3385 89 51 est
2128 3380 115 56 due

275 3584 33 45 (i
320 3583 169 52 )]Voyez
504 3584 93 47 plus
611 3583 99 44 loin,
729 3593 31 26 11
760 3589 16 18 e
792 3584 146 47 partie,
957 3582 26 53 §
1000 3593 57 27 vi.
1075 3583 115 36 Liste
1206 3583 72 36 des
1294 3593 119 26 noms
1429 3583 50 36 de
1496 3583 212 46 mélurges.
