2763 4102
441 294 99 50 866

1019 299 265 37 MERCURE
1321 298 240 37 MUSICAL
1599 298 68 36 ET
1707 298 49 37 S.
1804 299 41 35 I.
1894 299 62 36 M.

450 456 232 73 pardon
734 470 120 38 aux
905 449 204 55 Mânes
1161 448 80 55 du
1292 445 189 75 grand
1531 444 449 75 Symphoniste)
2034 463 115 55 que
2197 444 84 56 lui
2331 448 242 58 serait-il

455 538 239 55 advenu
723 541 23 48 ?
799 531 441 57 Certainement
1292 529 188 56 d'être
1529 546 82 37 un
1663 528 402 72 compositeur
2114 527 268 57 écrivant
2431 547 142 42 avec

454 618 312 69 beaucoup
804 613 73 56 de
913 614 146 71 goût
1099 612 148 54 dans
1283 611 53 55 le
1373 611 154 72 style
1566 611 73 55 de
1678 609 251 56 Haendel
2084 609 336 57 n'oublions
2469 631 104 53 pas

455 699 61 55 la
543 696 287 58 tradition
1170 696 129 54 sacrée
1300 694 95 54 mais
1396 692 95 57 c'est
1518 697 137 49 tout
1684 697 59 51 et
1771 710 150 36 nous
1948 710 73 36 en
2049 692 221 56 serions
2299 694 239 58 actuelle-

458 785 165 50 ment
657 781 35 53 à
724 777 269 74 déplorer
1024 777 295 56 l'absence
1352 776 73 54 de
1457 779 136 51 tout
1625 774 116 56 lien
1776 781 166 49 entre
1974 773 274 74 l'époque
2280 776 119 54 très
2430 777 112 57 clas-

458 862 166 71 sique
681 861 72 56 de
809 859 249 70 Mozart,
1118 858 284 73 Haydn...
1462 862 60 50 et
1578 856 82 56 les
1719 856 437 72 Romantiques
2211 857 357 75 Schumann,

459 942 246 72 Chopin,
724 947 113 51 etc.
878 942 52 53 A
969 941 193 54 moins
1200 957 116 55 que
1353 938 296 56 l'absence
1687 938 74 56 de
1800 956 63 38 ce
1904 939 268 55 créateur
2211 939 73 55 de
2322 938 57 56 la
2417 959 114 54 sym-

458 1025 219 73 phonie
727 1023 148 56 n'ait
927 1022 112 56 fait
1091 1022 221 56 reculer
1362 1019 353 56 l'humanité
1769 1021 72 56 de
1893 1019 132 74 plus
2079 1021 144 56 d'un
2274 1021 186 72 siècle,
2512 1031 58 51 et

458 1125 148 38 nous
645 1106 385 57 admirerions
1066 1105 84 55 les
1186 1103 387 73 productions
1609 1103 371 56 secondaires
2018 1105 74 54 de
2129 1110 157 49 cette
2323 1106 241 72 époque.

573 1188 149 55 Mais
760 1188 84 56 les
882 1187 160 56 idées
1084 1187 71 55 de
1195 1187 78 53 M.
1317 1186 348 56 Beethoven
1707 1185 341 57 différaient
2088 1204 137 36 sans
2267 1186 179 56 doute
2500 1190 70 54 de

456 1271 170 56 celles
666 1271 72 55 de
779 1271 77 53 M.
899 1270 350 68 Draesecke,
1289 1273 60 50 et
1388 1285 150 38 nous
1579 1285 188 38 avons
1805 1268 34 54 à
1877 1267 58 55 la
1973 1267 167 73 place
2180 1268 81 55 du
2299 1267 135 57 vide
2473 1271 97 71 qui

455 1353 149 56 était
647 1352 343 69 inévitable,
1035 1370 82 37 un
1162 1355 275 65 sommet,
1481 1369 83 37 un
1607 1351 143 69 seul,
1799 1350 149 54 mais
1993 1350 272 56 combien
2309 1351 159 57 élevé
2511 1360 59 49 et

455 1436 102 72 qui
588 1435 136 56 relie
755 1435 59 54 la
844 1435 227 54 chaîne.
1106 1433 167 55 Nous
1305 1450 188 38 avons
1524 1432 82 56 les
1637 1432 143 55 neuf
1811 1432 384 73 symphonies
2227 1432 102 74 qui
2361 1435 172 71 permi-

452 1522 133 51 rent
629 1519 34 53 à
709 1516 227 70 Weber,
955 1516 365 67 Schumann,
1366 1515 274 72 Wagner,
1686 1514 228 55 Berlioz
1959 1519 59 50 et
2063 1514 193 55 même
2299 1515 159 56 Liszt
2501 1517 69 55 de

454 1600 166 56 saisir
661 1600 58 53 la
761 1599 287 55 direction
1093 1600 34 53 à
1170 1597 213 70 suivre,
1429 1597 75 55 de
1546 1596 326 56 construire
1915 1614 100 38 sur
2056 1615 83 37 un
2181 1597 86 55 sol
2310 1599 254 71 éprouvé

452 1686 61 51 et
538 1681 242 56 robuste
805 1686 60 51 et
891 1699 119 35 non
1035 1699 99 37 sur
1157 1680 54 54 le
1235 1680 161 56 sable
1423 1684 293 50 mouvant
1743 1680 71 54 de
1839 1679 57 54 la
1922 1677 273 74 musique
2222 1680 71 54 de
2318 1698 214 38 conven-

452 1762 148 56 tion.
648 1762 157 56 C'est
850 1768 159 49 cette
1054 1760 262 57 dernière
1362 1760 145 72 qu'il
1551 1761 132 55 faut
1730 1761 354 69 combattre,
2133 1779 100 37 car
2277 1760 143 56 c'est
2465 1761 102 57 elle

454 1845 103 72 qui
596 1863 136 37 sous
761 1845 272 71 prétexte
1063 1844 73 56 de
1166 1849 291 66 respecter
1484 1842 82 56 les
1595 1842 319 56 traditions
1943 1842 111 56 fait
2086 1861 204 37 œuvre
2318 1844 243 71 néfaste,

452 1944 74 38 ne
565 1930 247 67 portant
852 1944 107 53 pas
999 1925 370 71 l'empreinte
1410 1925 72 55 de
1521 1943 109 37 son
1670 1925 268 55 créateur
1979 1929 60 51 et
2081 1925 72 55 de
2194 1943 108 38 son
2342 1926 224 73 époque

452 2009 149 54 mais
647 2009 141 54 celle
832 2008 144 55 d'un
1020 2009 213 53 maître
1277 2009 170 71 passé
1490 2011 61 51 et
1597 2006 178 56 d'une
1819 2009 231 71 époque
2096 2008 345 55 antérieure.
2488 2009 78 56 Et

451 2090 252 72 puisque
732 2089 230 72 chaque
992 2089 229 72 époque
1251 2107 35 35 a
1313 2108 74 37 eu
1416 2107 108 35 son
1823 2107 106 36 son
1959 2088 250 73 peintre,
2241 2108 106 37 son
2376 2093 188 69 poète,

451 2189 107 38 son
600 2171 302 70 musicien,
945 2170 295 74 pourquoi
1280 2171 233 56 revenir
1552 2189 134 38 vers
1728 2190 115 37 eux
1886 2176 339 51 autrement
2267 2190 115 54 que
2422 2192 145 53 pour

451 2253 197 56 savoir
672 2258 301 51 comment
999 2253 39 53 il
1062 2270 72 37 ne
1159 2253 130 54 faut
1313 2269 110 56 pas
1444 2253 146 54 faire
1614 2253 47 54 si
1684 2253 121 54 l'on
1829 2253 154 56 tient
2007 2254 35 53 à
2065 2272 74 37 ne
2163 2272 107 54 pas
2293 2272 274 38 ressasser

451 2353 65 38 ce
532 2334 211 75 qu'ont
762 2334 89 56 dit
869 2335 441 71 éloquemment
1327 2353 107 37 nos
1452 2336 168 72 pères
1650 2342 23 49 ?
1703 2335 51 55 Il
1781 2335 264 57 faudrait
2074 2338 334 71 cependant
2436 2336 131 56 bien

451 2433 60 39 se
553 2422 217 49 mettre
811 2434 72 37 en
925 2415 124 56 tête
1089 2434 115 55 que
1245 2415 52 56 le
1338 2418 172 70 passé
1550 2422 61 50 et
1653 2434 108 38 son
1801 2416 181 56 étude
2021 2436 74 36 ne
2136 2436 150 36 nous
2327 2416 237 58 doivent

450 2499 185 56 servir
675 2517 117 53 que
832 2517 150 53 pour
1024 2517 71 38 en
1138 2498 140 56 tirer
1319 2500 104 55 des
1465 2499 351 56 déductions
1858 2504 171 67 aptes
2070 2500 35 54 à
2147 2518 148 38 nous
2351 2500 219 56 fournir

452 2582 103 54 des
590 2580 282 55 formules
906 2598 150 53 pour
1087 2580 267 70 l'avenir,
1392 2582 153 53 mais
1580 2582 145 72 qu'il
1761 2599 72 37 ne
1868 2582 129 58 doit
2031 2599 108 55 pas
2175 2583 124 56 être
2332 2583 53 56 le
2418 2583 107 54 but
2550 2604 14 49 ;

450 2663 56 54 le
536 2663 172 71 passé
739 2681 75 36 en
847 2664 111 53 Art
992 2663 153 54 n'est
1179 2663 187 72 qu'un
1397 2663 170 72 point
1602 2664 73 53 de
1708 2663 233 72 départ,
1975 2669 60 50 et
2068 2664 53 55 le
2153 2664 132 73 plus
2317 2670 247 50 souvent

454 2744 194 57 stérile
682 2744 59 55 la
776 2744 256 74 besogne
1068 2744 102 73 qui
1207 2745 255 55 consiste
1498 2747 35 53 à
1569 2744 260 57 déterrer
1865 2745 101 56 des
2002 2747 305 54 cadavres.
2347 2747 153 56 C'est
2534 2747 33 53 à

452 2825 253 56 l'artiste
751 2825 377 73 qu'incombe
1174 2827 53 54 le
1272 2827 129 54 soin
1449 2828 73 55 de
1567 2828 159 55 créer
1773 2828 102 55 des
1921 2828 185 72 règles
2153 2847 116 55 que
2314 2827 216 73 promul-

456 2913 269 69 gueront,
772 2908 121 55 s'ils
938 2908 53 55 le
1038 2911 260 67 veulent,
1347 2911 82 54 les
1476 2909 371 70 théoriciens,
1896 2928 77 37 au
2021 2909 117 57 lieu
2185 2909 383 57 d'astreindre

456 2989 252 55 l'artiste
736 2991 35 53 à
797 2991 195 54 suivre
1020 2992 103 53 des
1150 2991 255 55 théories
1432 2992 221 56 dictées
1678 3010 108 53 par
1811 2991 84 57 les
1923 2992 352 57 théoriciens
2300 2991 263 73 lesquels,

458 3087 73 37 en
564 3088 243 52 somme,
832 3072 170 54 n'ont
1025 3072 167 71 puisé
1222 3073 126 56 leur
1380 3073 196 56 savoir
1601 3091 114 54 que
1740 3074 148 55 dans
1918 3074 84 55 les
2036 3092 234 38 œuvres
2300 3074 266 74 géniales.

459 3152 160 53 Tous
657 3151 84 54 les
781 3152 234 56 Grands
1054 3171 74 38 ne
1167 3172 152 38 nous
1359 3154 203 56 ont-ils
1604 3173 107 54 pas
1754 3156 88 54 dit
1884 3175 117 53 que
2040 3156 34 53 Y
2084 3157 192 54 artiste
2317 3163 77 50 est
2436 3157 134 54 libre

461 3237 60 51 et
564 3232 126 53 doit
731 3234 157 54 créer
927 3234 162 55 selon
1131 3252 64 37 sa
1235 3236 278 57 fantaisie
1542 3245 22 47 ?
1608 3238 167 55 Nous
1814 3237 315 72 rappelons
2169 3237 73 57 ici
2283 3238 57 55 la
2379 3238 80 55 fin
2501 3236 67 56 de

461 3331 171 37 cours
675 3313 143 55 d'un
863 3316 72 53 de
977 3332 107 37 nos
1127 3316 132 71 plus
1302 3318 293 56 éminents
1639 3319 359 72 professeurs
2042 3321 73 54 de
2158 3319 408 74 composition,

463 3398 59 52 et
553 3394 302 58 lui-même
886 3397 397 71 compositeur
1313 3403 276 54 consacré
1621 3419 99 38 sur
1750 3407 200 50 toutes
1979 3401 84 56 les
2093 3403 252 71 grandes
2375 3405 193 52 scènes

461 3476 83 54 du
579 3477 216 55 monde
830 3477 186 56 entier
1056 3500 10 33 :
1094 3500 21 28 «
1141 3479 80 54 Et
1256 3481 397 71 maintenant,
1691 3482 327 71 Messieurs,
2055 3483 40 55 il
2130 3502 72 37 ne
2238 3502 150 38 vous
2420 3487 147 52 reste

461 3580 24 28 «
508 3565 132 63 plus
678 3558 141 73 qu'à
856 3559 225 56 oublier
1119 3567 135 50 tout
1292 3581 66 37 ce
1396 3582 116 54 que
1548 3584 150 36 vous
1736 3584 144 36 avez
1921 3566 260 76 appris...
2223 3573 60 51 et
2323 3570 34 53 à
2430 3565 138 57 faire

461 3660 26 32 «
510 3639 71 55 de
621 3638 57 55 la
719 3639 269 73 Musique
1011 3664 45 35 ».
1098 3643 76 55 Ce
1216 3645 211 55 maître
1467 3646 149 54 était
1656 3665 83 38 un
1780 3647 259 57 honnête
2079 3650 240 56 homme
2360 3656 58 50 et
2459 3664 108 39 une
