2763 4102
499 364 95 63 850

1102 378 263 36 MERCUR3
1402 379 239 35 MUSICAL
1676 381 67 34 ET
1784 379 42 36 S.
1864 379 37 37 I.
1938 381 58 35 M.

506 527 154 55 deux
713 544 106 37 ans
873 526 72 54 de
999 525 216 56 travail
1268 531 60 50 et
1383 526 72 56 de
1507 526 427 71 sollicitations,
1991 533 241 50 raconte
2287 527 227 73 Cuvier,
2568 531 36 56 il

506 625 72 37 en
635 606 164 55 avait
856 606 222 55 obtenu
1134 624 117 38 une
1305 607 285 72 première
1647 607 316 73 répétition
1990 629 12 48 ;
2063 610 155 53 deux
2277 628 106 35 ans
2442 614 161 68 après

504 693 101 49 eut
640 687 115 55 lieu
790 687 57 55 la
881 687 315 73 répétition
1232 690 283 71 générale.
1555 690 93 56 On
1684 690 329 74 présageait
2048 709 81 37 un
2165 693 188 71 grand
2387 694 214 71 succès,

504 769 230 71 lorsque
797 769 292 56 l'humeur
1153 770 194 56 subite
1412 773 176 54 d'une
1653 771 216 56 actrice
1933 773 68 55 fit
2067 779 136 49 tout
2268 775 331 70 suspendre.

504 850 302 71 Lacépède
852 850 146 56 était
1045 853 117 53 très
1209 853 179 69 doux,
1434 853 120 72 poli
1599 859 58 49 et
1703 859 285 66 supporta
2035 859 157 49 cette
2237 855 365 72 contrariété,

503 930 148 56 mais
687 931 132 71 jura
857 934 71 53 de
965 952 72 35 ne
1074 934 132 72 plus
1243 934 144 56 faire
1425 935 71 56 de
1531 934 57 56 la
1624 935 272 74 musique
1934 954 114 53 que
2084 954 150 53 pour
2269 954 89 37 ses
2396 938 145 54 amis
2564 961 37 34 ».

503 1014 75 54 Ce
611 1013 101 71 qui
746 1032 72 36 ne
853 1014 327 72 l'empêcha
1211 1034 108 54 pas
1353 1016 73 55 de
1459 1034 306 55 composer
1797 1035 205 37 encore
2035 1018 82 53 les
2151 1019 206 71 opéras
2386 1039 9 33 :
2432 1019 136 56 Scan-

518 1093 242 72 der-Beg
785 1095 250 71 (paroles
1077 1098 71 53 de
1187 1098 325 70 Lamotte),
1552 1099 270 71 présenté
1861 1115 72 37 en
1976 1098 162 71 1785,
2179 1100 34 52 à
2251 1099 353 57 l'Académie

500 1175 71 53 de
607 1174 269 74 musique
913 1183 58 49 et
1007 1195 118 37 non
1159 1179 136 71 joué
1322 1201 14 48 ;
1371 1179 210 55 Alcine
1618 1180 170 69 (dont
1823 1198 77 37 on
1924 1198 51 51 a,
2015 1180 281 71 paraît-il,
2333 1185 270 54 conservé

499 1256 57 55 la
602 1258 308 70 partition)
941 1281 12 48 ;
1003 1260 184 73 Cyrus
1234 1267 60 49 et
1341 1261 155 55 deux
1543 1267 198 49 autres
1788 1281 206 35 encore
2041 1261 257 56 versifiés
2348 1282 105 53 par
2500 1264 69 55 Pa-

499 1339 169 71 ganel
720 1342 99 67 (1).
872 1340 186 56 Outre
1106 1361 94 36 ces
1249 1344 225 71 opéras,
1511 1343 41 54 il
1600 1343 328 72 composait
1980 1349 57 48 et
2089 1344 197 55 faisait
2336 1345 267 56 exécuter

499 1420 100 54 des
640 1422 379 72 symphonies
1060 1429 409 50 concertantes
1510 1443 118 37 aux
1676 1425 238 55 séances
1954 1425 313 73 publiques
2309 1427 71 54 de
2419 1427 153 54 l'Aca-

501 1502 188 54 démie
729 1504 101 55 des
880 1505 373 57 Beaux-Arts
1291 1512 59 49 et
1421 1507 71 54 de
1533 1507 57 54 la
1651 1505 236 57 Société
1933 1507 489 72 Philotechnique
2447 1529 13 49 ;
2510 1509 94 55 des

498 1589 234 50 sonates
777 1590 58 50 et
882 1587 102 54 des
1027 1593 269 49 sextuors
1342 1606 128 36 aux
1516 1593 267 49 concerts
1827 1589 73 53 de
1944 1589 274 55 Davaux.
2267 1590 155 54 Tout
2466 1590 136 70 cela,

499 1670 58 49 et
597 1684 205 37 encore
839 1687 81 34 un
1441 1668 340 74 Télêmaque
1347 1676 59 48 et
1444 1688 82 36 un
1879 1672 151 53 resté
2070 1670 204 70 inédit,
2316 1670 286 58 constitue

499 1764 80 36 un
633 1747 223 56 certain
908 1749 227 73 bagage
1191 1750 265 70 musical,
1512 1757 238 49 surtout
1804 1769 150 54 pour
2006 1769 83 36 un
2132 1758 287 48 amateur.
2509 1753 93 55 Du

499 1834 169 64 reste,
702 1830 34 54 à
785 1829 270 74 l'époque
1105 1832 101 72 qui
1256 1851 148 37 nous
1454 1851 239 53 occupe,
1745 1832 39 54 il
1835 1838 87 50 est
1973 1833 221 72 parfois
2245 1833 240 56 malaisé
2535 1836 67 54 de

499 1909 352 56 déterminer
880 1913 75 53 où
985 1912 132 56 finit
1148 1913 313 56 l'amateur
1489 1919 60 50 et
1580 1916 76 53 où
1686 1932 339 37 commence
2052 1914 269 56 l'artiste.

1552 2077 30 34 *

1512 2126 29 33 *
1588 2126 29 34 *

613 2258 20 30 «
677 2237 279 74 J'ignore,
999 2239 88 56 dit
1139 2242 303 71 Lacépède
1496 2262 71 36 en
1620 2243 324 57 terminant
1997 2265 65 37 sa
2114 2248 250 71 préface,
2420 2251 181 71 quelle

503 2336 128 37 sera
654 2318 58 55 la
738 2319 260 58 destinée
1026 2323 100 55 des
1154 2323 288 73 tragédies
1469 2324 257 74 lyriques
1752 2345 115 54 que
1891 2327 103 72 j'ai
2020 2328 173 56 mises
2218 2349 73 36 en
2317 2332 281 71 musique;

501 2401 150 54 mais
696 2403 294 70 peut-être
1036 2421 147 38 ceux
1229 2406 102 71 qui
1375 2406 177 56 liront
1599 2426 144 37 avec
1790 2410 300 55 attention
2136 2418 156 50 cette
2336 2415 263 72 Poétique

499 2482 296 56 seront-ils
832 2485 358 55 convaincus
1226 2487 186 72 qu'un
1450 2506 259 56 ouvrage
1747 2493 276 70 composé
2062 2493 233 73 d'après
2331 2495 80 54 les
2451 2495 119 72 prin-

495 2562 159 72 cipes
692 2582 114 54 que
844 2584 149 36 nous
1031 2566 187 56 allons
1256 2586 245 55 exposer
1538 2570 268 72 pourrait
1844 2573 313 70 prétendre
2197 2576 35 55 à
2272 2576 100 55 des
2410 2577 189 55 succès

495 2645 291 55 durables.
814 2667 21 30 »

611 2727 165 55 Nous
818 2728 185 56 allons
1046 2730 151 54 donc
1239 2735 243 52 trouver
1525 2733 147 55 dans
1714 2751 107 37 son
1861 2735 145 56 livre
2047 2736 82 56 les
2173 2737 172 56 fruits
2390 2740 70 54 de
2499 2756 99 38 son

495 2808 343 71 expérience
894 2815 59 51 et
1007 2811 402 72 l'explication
1465 2813 103 56 des
1623 2817 280 70 procédés
1961 2817 147 56 dont
2164 2819 40 55 il
2258 2820 141 56 s'est
2453 2819 145 55 servi

496 2890 148 54 dans
679 2891 59 55 la
774 2892 392 73 composition
1205 2895 71 54 de
1313 2912 90 39 ses
1442 2915 251 37 œuvres.
1736 2899 49 53 Il
1822 2899 135 54 n'en
1995 2902 239 57 renvoie
2270 2920 108 53 pas
2416 2902 182 55 moins

490 2971 155 55 aussi
687 2972 52 54 le
779 2972 221 57 lecteur
1042 2976 71 53 de
1157 2981 194 67 temps
1393 2995 72 37 en
1508 2982 195 69 temps
1746 2998 117 36 aux
1906 2982 207 70 opéras
2156 2987 74 55 de
2277 2984 211 69 Gluck,
2530 2984 69 54 de

496 3050 238 71 Piccini,
767 3055 72 54 de
870 3055 288 71 Sacchini,
1193 3059 72 53 de
1298 3059 232 69 Gossec,
1564 3065 111 49 etc.

609 3132 109 55 Les
746 3135 186 71 sujets
961 3136 206 56 traités
1197 3140 148 54 dans
1373 3140 57 54 la
1456 3140 277 73 Poétique
1762 3142 64 55 de
1859 3142 57 55 la
1945 3144 264 75 musique
2239 3145 130 56 font
2397 3145 200 72 l'objet

494 3212 226 56 chacun
757 3215 142 56 d'un
932 3217 145 57 livre
1112 3220 186 56 divisé
1333 3240 73 36 en
1440 3221 291 74 plusieurs
1766 3225 315 72 chapitres.
2121 3226 163 57 Voici
2319 3227 81 58 les
2436 3229 161 53 titres

491 3293 73 55 de
600 3313 93 36 ces
730 3296 173 56 livres
931 3319 10 34 :

603 3376 91 53 De
725 3376 58 56 la
812 3379 271 73 musique
1112 3400 74 36 en
1224 3384 239 72 général
1488 3407 13 47 ;

603 3457 90 55 De
724 3457 58 55 la
812 3460 272 74 musique
1116 3465 74 55 de
1233 3467 235 55 théâtre
1494 3489 13 47 ;

600 3537 91 55 De
727 3537 59 56 la
821 3541 270 74 musique
1131 3545 258 73 d'Eglise
1417 3568 14 48 ;

591 3676 60 48 (1)
677 3675 62 36 Cf.
764 3676 221 44 BEFFARA,
1018 3691 110 25 man.
1166 3681 109 37 Bibl.
1306 3682 157 49 Opéra.
1498 3685 224 48 Lacépède
1774 3699 52 24 en
1863 3692 119 34 outre
2011 3690 176 49 analyse
2215 3691 204 37 certaines
2460 3692 134 35 scènes

532 3730 56 35 de
616 3730 162 36 chacun
800 3732 51 36 de
872 3743 62 25 ses
959 3735 146 45 opéras
1126 3747 54 24 au
1211 3746 118 27 cours
1350 3739 54 36 de
1429 3749 45 26 sa
1495 3739 199 49 Poétique
1715 3740 45 37 de
1785 3742 42 36 la
1851 3742 211 50 Musique,
2079 3745 25 37 à,
2133 3746 100 37 titre
2257 3746 267 47 d'exemples.
