2763 4102
458 239 101 59 856

1067 251 262 34 MERCURE
1367 248 242 36 MUSICAL
1646 248 68 36 ET
1755 249 43 35 S.
1837 248 36 36 I.
1911 247 58 35 M.

460 404 103 56 des
625 401 303 73 peintures
1530 397 309 73 anticipées
1326 418 41 33 ».
1437 395 576 58 Malheureusement
2079 394 150 55 dans
2294 398 135 51 tous
2491 394 80 57 les

460 481 294 73 exemples
797 477 147 73 qu'il
986 477 110 56 tire
1141 479 72 55 de
1256 496 91 37 ses
1390 496 244 54 propres
1678 478 230 71 opéras,
1951 475 57 73 je
2051 475 136 55 n'en
2231 473 128 56 vois
2402 477 168 71 guère

460 564 186 73 qu'un
686 562 78 54 où
803 577 94 38 ces
936 561 281 71 procédés
1256 559 295 56 semblent
1592 559 244 55 utilisés.
1881 559 50 54 Il
1970 557 175 73 s'agit
2189 557 176 54 d'une
2406 558 165 56 scène

461 646 72 56 de
577 644 184 71 Cyrus
804 643 77 55 où
925 642 296 56 Mandane
1264 641 147 57 croit
1455 641 128 55 voir
1625 660 106 36 son
1773 639 92 57 fils
1893 661 10 34 :
1950 641 34 54 à
2026 657 65 37 ce
2133 643 268 50 moment
2441 638 104 56 l'or-

461 727 226 55 chestre
740 722 110 57 fait
901 724 283 56 entendre
1234 723 53 56 le
1338 723 175 56 motif
1563 741 99 37 sur
1710 722 193 73 lequel
1954 723 185 71 Cyrus
2191 738 36 37 a
2275 723 295 69 prononcé

461 825 89 38 ses
585 806 290 57 dernières
907 806 249 72 paroles.

574 888 307 73 Lacépède
924 887 249 56 termine
1217 906 72 37 en
1334 886 345 57 conseillant
1725 887 71 56 de
1841 903 72 37 ne
1956 903 108 55 pas
2107 883 197 56 imiter
2345 883 82 55 les
2471 902 66 37 an-

460 971 179 70 ciens,
684 971 191 54 même
898 969 456 74 remarquables.
1399 971 190 68 (Dans
1631 968 320 57 Harmonie
1993 973 47 50 et
2082 966 255 57 Mélodie
2379 966 189 57 Saint-

460 1053 184 57 Saëns
695 1051 89 57 dit
835 1052 72 56 de
936 1052 192 55 même
1156 1074 12 34 :
1204 1074 21 28 «
1260 1053 314 56 Comment
1623 1051 194 73 égaler
1856 1067 94 38 ces
1984 1048 196 74 génies
2209 1056 149 49 ?en
2406 1048 165 56 étant

461 1140 200 49 autres
689 1156 21 29 »
747 1136 17 67 )
792 1133 85 55 La
900 1132 337 57 conclusion
1282 1138 89 50 est
1414 1151 116 55 que
1573 1138 199 50 toutes
1813 1132 84 56 les
1938 1129 185 74 règles
2149 1128 103 75 qui
2294 1128 277 56 viennent

461 1216 186 56 d'être
700 1216 280 72 exposées
1033 1215 245 55 doivent
1331 1215 172 55 céder
1555 1232 118 37 aux
1726 1213 162 56 élans
1940 1212 282 57 sublimes
2276 1212 80 55 du
2408 1211 164 72 génie

460 1302 60 52 et
568 1316 117 54 que
731 1297 59 56 la
837 1297 285 74 première
1170 1297 154 73 règle
1373 1302 90 51 est
1513 1297 71 56 de
1632 1296 206 74 plaire.
1858 1297 192 56 Gluck
2100 1293 166 57 avait
2314 1292 257 74 exprimé

460 1378 150 56 ainsi
656 1383 157 51 cette
858 1380 213 72 pensée
1096 1401 12 33 :
1160 1378 99 55 «Il
1305 1378 103 73 n'y
1455 1396 35 37 a
1537 1396 227 37 aucune
1811 1377 154 74 règle
2011 1394 115 56 que
2172 1376 57 72 je
2274 1375 153 54 n'aie
2472 1392 96 37 cru

461 1461 206 56 devoir
707 1461 256 56 sacrifier
1004 1462 72 55 de
1115 1461 197 56 bonne
1354 1462 170 73 grâce
1568 1479 71 37 en
1681 1460 210 56 faveur
1932 1460 72 56 de
2045 1458 189 56 l'effet
2258 1479 41 33 ».
2346 1457 225 73 (Epître

461 1542 359 57 dédicatoire
856 1545 55 54 d'
1383 1545 49 54 A
1508 1542 157 56 Iceste
1147 1545 35 68 .)

574 1625 331 72 L'ouvrage
945 1625 177 56 traite
1155 1643 207 38 encore
1403 1625 101 56 des
1546 1625 253 68 chœurs,
1824 1625 102 54 des
1968 1624 169 68 duos,
2162 1621 102 57 des
2304 1620 164 71 trios,
2493 1621 77 55 du

460 1706 202 70 ballet,
707 1726 22 30 «
752 1706 146 72 qu'il
940 1706 85 56 ait
1068 1725 67 37 sa
1176 1706 196 56 raison
1416 1707 186 55 d'être
1645 1712 60 49 et
1749 1705 145 73 qu'il
1937 1705 116 56 soit
2098 1704 74 55 lié
2217 1721 118 37 aux
2379 1707 192 50 autres

460 1787 221 74 parties
727 1787 72 56 de
842 1787 59 55 la
944 1787 163 74 pièce
1131 1809 42 49 »,
1218 1789 74 54 de
1335 1787 59 55 la
1438 1787 262 56 comédie
1744 1786 250 74 lyrique,
2043 1786 71 56 de
2158 1785 59 54 la
2260 1782 311 75 pastorale,

463 1874 58 51 et
557 1870 148 55 dans
738 1869 57 54 la
830 1869 260 56 dernière
1124 1869 210 73 partie,
1371 1870 72 55 de
1476 1869 57 54 la
1566 1869 272 72 musique
1874 1867 257 74 d'église,
2168 1867 73 55 de
2276 1865 295 68 chambre,

464 1952 100 55 des
606 1951 403 73 symphonies,
1053 1952 104 55 des
1198 1956 306 51 concertos
1546 1956 60 50 et
1650 1951 73 55 de
1764 1951 58 55 la
1864 1956 228 50 sonate.
2130 1951 107 55 Ces
2279 1946 292 74 chapitres

461 2031 284 56 n'offrent
789 2032 122 56 rien
958 2034 72 54 de
1074 2032 137 56 bien
1255 2032 236 56 saillant
1536 2032 61 55 ni
1643 2032 439 56 d'intéressant.
2130 2031 287 55 L'auteur
2463 2027 109 56 cite

461 2132 229 36 comme
718 2114 424 72 compositeurs
1170 2115 36 55 à
1231 2114 197 56 imiter
1453 2137 12 33 :
1499 2114 323 73 Pergolèse,
1852 2115 245 72 Haydn,
2129 2114 182 68 Beck,
2340 2111 232 68 Gossec,

463 2194 271 72 Floquet,
809 2195 248 71 Janson,
1129 2196 279 70 Davaux,
1483 2195 198 72 Séjan,
1756 2194 407 73 Charpentier,
2239 2192 332 68 Balbastre,

463 2276 256 74 Couprin
768 2276 148 71 (sic),
963 2283 112 50 etc.
1122 2279 165 54 Dans
1331 2295 96 38 ces
1472 2278 258 55 derniers
1773 2294 207 57 genres
2024 2278 41 54 il
2109 2276 223 56 semble
2378 2274 162 65 dréco-

460 2356 155 59 niser
644 2358 56 54 la
731 2356 185 57 forme
947 2358 395 75 dramatique.

1505 2524 31 34 *

1465 2571 31 34 *
1542 2572 29 33 *

578 2685 93 57 On
710 2690 132 51 sent
883 2687 147 55 dans
1070 2704 65 38 ce
1173 2687 146 57 livre
1357 2687 58 55 la
1453 2689 221 72 grande
1714 2687 293 57 influence
2048 2689 72 56 de
2159 2685 243 70 Buffon,
2444 2688 129 51 tant

463 2768 147 56 dans
646 2767 58 55 la
741 2768 392 73 composition
1171 2788 116 55 que
1324 2770 148 56 dans
1508 2770 53 55 le
1597 2770 173 73 style.
1810 2770 78 56 Ce
1924 2769 248 70 dernier,
2210 2787 150 56 pour
2397 2770 178 51 rester

461 2849 193 70 noble,
704 2849 290 74 dédaigne
1037 2850 84 55 les
1166 2852 186 72 petits
1400 2852 212 55 détails
1660 2852 348 72 techniques
2055 2850 103 74 qui
2204 2854 254 52 souvent
2504 2863 69 38 ne

461 2929 253 56 seraient
752 2949 108 54 pas
897 2932 257 57 inutiles.
1195 2933 51 56 Il
1286 2933 133 56 finit
1457 2952 109 55 par
1603 2933 236 56 tomber
1876 2934 150 56 dans
2064 2933 324 74 l'emphase
2427 2935 59 50 et
2521 2928 55 54 la

464 3010 397 58 déclamation
898 3018 60 50 et
995 3013 225 74 fatigue
1258 3015 34 56 à
1329 3015 157 55 force
1522 3014 416 75 d'hyperboles
1975 3021 61 50 et
2073 3015 72 55 de
2182 3013 397 74 métaphores,,

463 3090 223 56 témoin
719 3093 220 55 celle-ci
967 3115 11 34 :
1014 3116 21 29 «
1060 3094 59 57 Si
1151 3115 152 36 vous
1335 3097 208 56 n'avez
1576 3115 108 55 pas
1717 3097 96 54 été
1847 3095 259 56 destinés
2138 3113 110 56 par
2280 3095 57 55 la
2369 3098 207 51 nature

461 3191 152 54 pour
638 3173 136 55 l'art
801 3174 251 57 sublime
1080 3178 72 55 de
1178 3177 59 56 la
1263 3178 291 72 musique,
1583 3179 301 73 n'essayez
1912 3196 109 56 pas
2049 3179 74 56 de
2149 3196 151 39 vous
2330 3189 246 44 avancer

463 3254 34 55 à
536 3253 59 55 la
635 3253 182 56 clarté
861 3255 72 56 de
975 3257 283 72 quelques
1300 3259 344 56 flambeaux
1686 3278 115 54 que
1843 3277 150 37 nous
2035 3259 187 56 allons
2264 3258 203 56 tâcher
2506 3254 70 56 de

461 3334 196 73 placer
695 3353 100 37 sur
832 3335 59 55 la
928 3343 171 50 route
1138 3339 82 55 du
1258 3339 166 73 génie
1611 3347 171 49 route
1823 3339 237 57 difficile
2101 3342 34 54 à
2173 3341 218 69 suivre,
2432 3339 143 55 dont

463 3435 76 35 on
587 3435 73 36 ne
708 3423 145 66 peut
901 3418 259 57 franchir
1206 3421 82 55 les
1335 3423 319 74 précipices
1702 3424 254 73 qu'avec
2003 3423 84 56 les
2135 3423 140 56 ailes
2325 3423 81 56 du
2452 3436 91 40 sen-

461 3497 216 56 timent
701 3520 41 33 ».

577 3578 72 72 Je
690 3597 94 37 me
825 3579 119 56 suis
983 3583 280 56 contenté
1305 3584 72 55 de
1416 3591 173 51 noter
1629 3603 77 39 au
1745 3603 249 55 passage
2034 3591 137 52 tout
2211 3605 65 38 ce
2318 3584 102 74 qui
2458 3582 115 57 m'a
