2763 4102
888 313 332 60 ESTHÉTIQUE
1254 324 264 37 MUSICALE

2148 309 92 61 845

202 465 213 54 mêmes
444 484 22 29 «
489 465 139 70 qu'il
658 466 78 55 lui
768 469 323 71 appliquait
1116 473 33 52 à
1180 478 130 65 part
1338 470 99 74 lui,
1464 473 141 53 dans
1629 489 78 36 un
1738 469 174 71 esprit
1944 470 69 54 de
2044 468 164 70 dépré-

203 544 212 55 ciation
439 564 22 28 »
504 546 77 69 (p.
626 549 146 67 179)-
816 548 143 53 Mais
998 550 76 54 M.
1120 552 259 53 Lasserre
1420 557 85 48 est
1543 550 132 54 bien
1716 549 181 71 obligé
1938 549 68 53 de
2047 564 160 37 recon-

202 624 184 52 naître
428 621 57 55 la
526 642 21 29 «
571 625 422 56 contradiction
1037 629 219 55 criante
1279 649 21 28 »
1350 630 99 69 qui
1505 629 244 53 subsiste
1793 634 160 48 entre
1995 626 80 55 les
2118 624 89 71 opi-

203 701 164 54 nions
424 703 243 52 secrètes
729 704 68 52 de
857 704 302 57 Nietzsche
1219 714 57 47 et
1336 726 86 35 ses
1481 708 260 70 opinions
1799 706 437 70 publiquement

203 779 315 71 exprimées
546 800 10 33 :
611 779 89 70 ici,
753 781 133 54 l'art
940 785 68 52 de
1061 785 246 69 Wagner
1357 790 84 49 est
1495 804 109 36 une
1656 785 150 54 école
1859 786 337 53 d'héroïsme
2220 803 14 47 ;

202 860 72 66 là,
312 858 139 54 c'est
485 858 369 72 l'expression
893 864 68 52 de
997 863 56 53 la
1088 865 235 54 névrose
1360 870 57 49 et
1456 866 69 54 de
1559 865 56 52 la
1650 864 219 55 lâcheté
1906 869 293 64 contempo-

203 954 201 37 raines.
439 939 163 52 Cette
669 940 419 55 contradiction
1153 949 138 64 peut
1329 944 138 70 être,
1534 943 164 54 sinon
1765 943 315 70 expliquée,
2158 943 77 53 du

204 1015 202 71 moins,
454 1034 80 34 un
579 1035 113 51 peu
739 1019 286 67 atténuée,
1073 1019 46 54 si
1164 1020 116 55 l'on
1332 1038 173 55 songe
1558 1023 33 52 à
1641 1021 163 54 l'état
1859 1019 376 54 d'exaltation

204 1114 22 28 «
249 1095 364 70 romantique
636 1117 20 26 »
694 1098 77 66 (1)
832 1099 73 52 où
941 1099 301 53 Nietzsche
1275 1118 60 36 se
1369 1099 255 56 trouvait
1660 1101 162 66 alors,
1860 1101 33 51 à
1926 1117 103 35 son
2065 1098 141 54 affec-

206 1173 123 53 tion
364 1190 145 52 pour
543 1174 56 53 la
635 1192 275 52 personne
950 1178 67 52 de
1056 1178 261 69 Wagner,
1356 1184 56 48 et
1449 1184 227 48 surtout
1713 1178 46 53 si
1794 1178 115 53 l'on
1945 1176 289 54 considère

204 1250 139 71 qu'il
392 1269 34 36 a
473 1250 262 71 toujours
783 1272 249 36 reconnu
1081 1274 128 51 que,
1258 1256 212 71 malgré
1517 1255 52 53 le
1615 1274 112 51 peu
1777 1256 68 54 de
1892 1254 197 54 valeur
2138 1255 97 53 des

206 1329 185 53 divers
428 1330 273 53 éléments
740 1333 67 53 de
843 1333 238 54 l'œuvre
1116 1334 409 71 wagnérienne,
1576 1333 328 54 l'ensemble
1939 1338 86 48 est
2070 1350 130 52 gran-

204 1409 154 52 diose
391 1414 57 47 et
482 1409 280 70 puissant,
796 1410 46 53 si
875 1411 132 54 bien
1039 1413 171 68 qu'en
1243 1429 216 37 somme
1484 1411 243 70 Wagner
1749 1411 130 54 n'en
1912 1410 201 53 mérite
2132 1427 102 53 pas

203 1486 183 54 moins
423 1488 179 53 d'être
639 1490 198 69 appelé
872 1509 79 34 un
987 1510 21 28 «
1030 1490 428 71 simplificateur
1493 1491 76 54 du
1605 1491 207 52 monde
1836 1510 38 32 ».

312 1566 181 54 Telles
542 1574 131 47 sont
724 1568 80 53 les
853 1569 169 67 idées,
1075 1588 78 34 un
1202 1587 112 52 peu
1365 1568 269 67 troubles,
1688 1587 110 50 que
1848 1566 301 55 Nietzsche
2201 1584 34 36 a

204 1642 313 70 exprimées
565 1663 96 35 sur
708 1645 361 70 l'esthétique
1117 1646 270 54 musicale
1436 1648 142 50 dans
1625 1646 58 52 la
1728 1645 273 70 première
2050 1642 182 70 partie

206 1724 68 52 de
322 1740 103 36 son
473 1724 294 53 évolution
814 1724 399 54 intellectuelle
1260 1729 59 48 et
1368 1742 111 52 que
1529 1725 74 52 M.
1656 1724 187 52 Pierre
1892 1725 259 51 Lasserre
2201 1740 34 35 a

204 1802 195 69 essayé
434 1802 69 54 de
536 1804 365 52 coordonner.
938 1802 98 54 S'il
1069 1804 100 70 n'y
1202 1820 35 36 a
1269 1820 102 52 pas
1406 1801 260 70 toujours
1699 1801 196 68 réussi,
1929 1801 138 54 c'est
2102 1818 132 35 sans

206 1880 172 53 doute
405 1881 33 52 à
463 1880 303 53 Nietzsche
791 1880 140 70 qu'il
956 1880 126 55 faut
1107 1882 120 53 s'en
1251 1882 259 69 prendre.
1539 1881 70 68 Je
1634 1879 299 71 signalerai
1958 1879 274 53 toutefois

204 1976 78 37 un
319 1957 256 72 chapitre
1030 1976 95 36 sur
1302 1960 54 52 la
1486 1960 321 53 dissonance
1201 1961 108 65 (ch.
1351 1960 123 66 IV),
1516 1960 141 53 dont
1694 1959 55 68 je
1785 1957 115 54 n'ai
1938 1975 103 52 pas
2077 1957 157 70 parlé

204 2037 33 52 à
270 2036 234 69 dessein,
538 2044 57 47 et
628 2037 97 69 qui
758 2056 89 36 me
879 2040 186 67 paraît
1098 2037 206 72 inspiré
1337 2044 130 48 tout
1491 2037 179 55 entier
1702 2055 102 52 par
1826 2055 112 36 une
1958 2036 246 69 interpré-

204 2114 186 56 tation
428 2134 80 34 un
547 2134 109 52 peu
696 2116 195 55 hâtive
931 2135 73 36 ou
1044 2136 78 35 un
1159 2134 113 53 peu
1310 2117 304 70 prévenue,
1657 2117 97 53 des
1794 2121 187 49 textes
2019 2115 215 53 mêmes

202 2210 95 37 sur
333 2192 240 71 lesquels
609 2194 257 69 s'appuie
903 2196 75 52 M.
1017 2196 277 54 Lasserre.
1335 2194 303 54 Nietzsche
1672 2199 140 48 veut
1851 2192 119 55 dire
2006 2191 194 71 simple-

203 2279 157 45 ment
393 2290 110 52 que
532 2272 57 54 la
621 2274 235 53 douleur
888 2276 68 52 de
987 2275 57 53 la
1074 2275 333 53 dissonance
1437 2280 87 47 est
1556 2291 78 36 un
1666 2272 105 54 fait
1803 2271 197 71 positif
2032 2277 57 49 et
2121 2289 111 52 que

199 2350 56 52 la
302 2368 353 36 consonance
703 2352 146 55 n'est
896 2370 103 54 pas
1048 2371 78 35 un
1175 2351 193 73 plaisir
1413 2370 71 36 en
1572 2350 102 70 soi,
1724 2350 144 54 mais
1915 2350 316 54 seulement

202 2446 104 52 par
353 2430 326 68 opposition
727 2432 34 51 à
809 2431 56 53 la
914 2432 368 54 dissonance:
1333 2431 249 53 l'accord
1614 2430 288 54 «souffre»
1949 2446 107 52 par
2084 2426 147 56 suite

203 2509 70 52 de
298 2507 55 54 la
380 2507 331 56 dissonance
738 2516 56 47 et
819 2511 57 53 la
898 2510 113 70 joie
1036 2517 85 49 est
1147 2510 266 71 produite
1439 2528 104 53 par
1566 2510 50 53 le
1643 2515 192 48 retour
1862 2510 33 51 à
1935 2509 57 52 la
2034 2524 164 37 conso-

202 2604 197 49 nance,
435 2586 98 70 qui
567 2594 86 47 est
688 2606 69 35 en
791 2589 314 54 elle-même
1139 2608 79 35 un
1251 2591 123 53 état
1406 2589 348 54 indifférent.
1790 2589 79 52 Et
1904 2586 142 55 ainsi
2072 2586 54 69 je
2160 2604 70 35 ne

203 2664 142 54 crois
372 2683 101 52 pas
501 2672 167 47 exact
697 2669 67 52 de
792 2667 117 56 dire
937 2686 137 37 avec
1102 2670 74 52 M.
1206 2670 262 52 Lasserre
1493 2685 112 52 que
1630 2667 303 52 Nietzsche
1958 2670 140 48 veut
2121 2681 109 37 une

203 2742 260 70 musique
491 2746 74 51 où
592 2745 57 53 la
675 2745 333 56 dissonance
1049 2746 176 55 serait
1277 2746 96 53 «le
1401 2746 141 52 fond
1569 2746 77 53 du
1676 2744 252 54 discours
1956 2742 237 54 musical
2208 2763 22 28 »

203 2827 56 47 et
292 2840 128 52 que,
454 2840 103 52 par
587 2824 73 69 là,
693 2825 38 52 il
745 2825 262 71 s'oppose
1022 2825 407 56 radicalement
1462 2826 33 52 à
1510 2824 362 69 l'esthétique
1893 2824 97 53 des
2022 2822 208 70 grands

202 2900 321 70 classiques.
682 2905 151 53 Tout
875 2905 51 53 le
968 2905 209 53 monde
1219 2910 311 65 regrettera
1571 2920 112 53 que
1726 2904 75 50 M.
1846 2902 259 54 Lasserre
2150 2900 81 53 ait

200 2977 181 54 limité
409 2996 104 37 son
540 2980 151 70 sujet
720 2982 34 52 à
782 2987 151 49 cette
961 2984 274 69 première
1262 2982 230 71 période
1521 2982 69 54 de
1616 2981 58 53 la
1699 2981 91 52 vie
1821 2981 69 53 de
1910 2978 320 67 Nietzsche,

202 3062 75 61 et,
319 3059 182 53 même
541 3076 70 36 en
651 3078 141 36 nous
832 3061 288 70 résignant
1159 3064 35 50 à
1233 3066 260 65 accepter
1531 3066 152 48 cette
1719 3057 331 68 limitation,
2091 3072 144 39 nous

203 3135 330 56 désirerions
561 3139 139 69 qu'il
726 3141 99 52 eût
851 3141 236 70 marqué
1116 3141 170 53 d'une
1312 3140 170 68 façon
1507 3139 127 69 plus
1660 3137 213 71 précise
1914 3137 52 52 le
1999 3140 237 66 rapport

203 3216 69 52 de
310 3231 90 36 ces
438 3217 303 69 premières
778 3217 153 56 idées
970 3236 137 37 avec
1145 3219 57 54 la
1239 3219 217 54 théorie
1496 3216 293 56 définitive
1829 3217 68 54 de
1935 3213 304 56 Nietzsche

261 3375 35 45 (i
309 3375 13 46 )
354 3374 37 38 Il
414 3374 99 40 faut
543 3378 147 38 savoir
717 3390 85 38 que
833 3391 113 39 pour
975 3380 58 38 M.
1070 3380 146 37 Pierre
1246 3379 207 38 Lasserre
1482 3391 49 26 ce
1553 3380 96 36 mot
1681 3377 179 49 désigne
1889 3389 62 27 un
1984 3376 258 49 égarement

203 3431 112 39 fatal
338 3433 53 38 de
413 3435 171 51 l'esprit
607 3437 196 47 humain,
826 3451 58 26 un
905 3439 177 39 trouble
1105 3440 54 37 de
1180 3439 45 38 la
1247 3438 145 39 raison
1414 3438 211 39 d'autant
1643 3437 100 51 plus
1766 3437 254 48 dangereux
2044 3434 110 50 qu'il
2175 3434 69 37 est

202 3491 100 50 plus
332 3492 247 49 séduisant,
614 3508 87 28 une
736 3499 189 39 maladie
957 3499 284 48 contagieuse
1277 3497 111 38 dont
1425 3497 40 38 le
1502 3498 121 37 virus
1646 3496 108 40 s'est
1780 3495 170 38 insinué
1973 3495 111 37 dans
2112 3493 132 38 l'âme

203 3550 209 40 moderne
434 3556 46 35 et
502 3553 329 53 l'empoisonne.

2041 3662 17 36 5
