1577 2540
1245 2261 57 44 331

747 2176 238 36 Friedrich
1014 2181 250 37 Schachtel

150 242 80 40 sind,
249 243 96 30 durch
365 244 105 38 eigens
489 245 80 32 dazu
587 247 135 34 bestellte
742 252 134 39 tüchtige
891 253 174 43 Genossen,
1084 259 117 30 welche
1217 269 61 22 nur
1297 261 47 31 die

148 288 143 39 Aufgabe
315 289 111 40 haben,
451 290 49 32 die
522 292 111 32 Lokale
656 296 167 39 tagtäglich
849 300 208 32 aulzusuchen
1082 304 65 30 und
1170 306 55 30 mit
1250 307 94 30 zäher

149 334 64 30 und
231 334 248 33 unermüdlicher
496 336 108 34 Arbeit
621 350 40 20 zu
680 342 134 32 werben.
854 344 89 32 Auch
963 347 48 30 die
1030 349 51 29 auf
1100 349 82 31 diese
1201 350 58 32 Art
1277 353 65 29 und

148 379 100 31 Weise
266 379 223 33 Gewonnenen
510 384 71 30 sind
597 386 32 30 in
646 388 85 36 jeder
747 389 176 38 möglichen
943 392 101 31 Weise
1062 403 39 21 zu
1122 397 208 32 unterstützen

146 425 176 31 Besonders
345 428 40 28 ist
410 427 109 32 darauf
543 440 39 20 zu
608 432 116 40 achten,
751 435 61 30 daß
838 436 65 39 alle,
930 438 116 31 welche
1070 440 86 31 keine
1182 442 139 31 Erwerbs-

147 470 325 41 losenunterstützung
498 475 155 41 beziehen,
677 479 66 30 sich
769 480 108 31 darum
904 483 162 34 bemühen.
1112 486 89 32 Auch
1227 490 31 29 in
1284 490 55 31 der

145 516 274 40 Wohnungsfrage
442 520 75 30 muß
546 521 157 40 Fürsprge
737 527 151 36 getroffen
914 529 135 31 werden.
1097 532 102 31 Schon
1236 544 85 22 verur-

145 562 78 30 teilte
244 562 159 39 Flüchtige
423 565 72 30 sind
517 567 54 30 mit
594 568 251 34 Rechtsbeistand
867 583 40 20 zu
930 584 179 33 versorgen,
1131 580 133 33 welcher
1288 583 48 29 die

143 607 142 39 Aufgabe
310 609 62 39 hat,
399 609 225 42 Bewerbungs-
653 615 76 31 oder
755 617 362 44 Rückstellungsanträge
1145 626 63 30 und
1237 628 97 37 dergi.

142 653 218 39 Rechtsfragen
393 657 89 29 unter
513 657 236 42 Verschweigen
785 663 53 31 des
870 664 193 34 Aufenthalts
1097 679 40 21 zu
1170 671 164 40 erledigen.

141 697 170 33 Aerztliche
333 699 156 41 Fürsorge
512 703 49 39 ist,
582 713 37 22 so
642 708 70 29 weit
733 708 59 30 wie
813 710 111 38 irgend
944 713 146 40 möglich,
1114 716 96 31 durch
1234 718 80 31 Nach-

140 745 76 29 weis
234 745 290 35 kommunistischer
542 750 173 33 Mediziner
733 763 40 20 zu
791 757 177 35 gewähren.
1010 759 33 31 In
1063 760 58 31 den
1143 762 180 33 Gemeinde-

141 790 147 30 Provinz-
318 791 75 30 oder
422 793 332 40 Landesparlamenten
785 801 71 30 sind
886 802 306 44 Fürsorge-Anträge
1231 791 102 50 insbe-’

138 837 133 29 sondere
289 837 116 40 solche,
425 840 116 30 welche
562 851 132 22 unseren
715 845 104 31 Zielen
841 849 135 30 nützlich
1000 851 76 31 oder
1095 854 133 31 nutzbar
1251 857 71 30 sind

140 880 51 30 auf
208 881 48 30 die
274 882 250 42 Tagesordnung
542 896 39 21 zu
599 888 141 39 bringen.
780 891 60 31 Mit
858 894 96 30 einem
973 896 104 31 Wort:
1096 899 81 39 alles,
1197 910 66 22 was
1282 911 33 29 ge-

140 927 49 29 tan
208 928 124 30 werden
352 929 80 31 kann
451 931 41 30 im
513 932 146 33 Interesse
679 935 101 34 dieser
798 937 171 42 Schichten,
989 944 74 29 muß
1082 946 91 35 getan
1193 948 126 30 werden

138 971 73 31 Nun
232 974 107 30 würde
361 974 168 41 allerdings
550 979 42 30 im
613 979 98 39 Lager
731 982 53 30 der
804 983 236 35 Kommunisten
1060 992 99 29 sowie
1180 991 47 32 bei
1250 993 80 31 allen

138 1017 133 32 anderen
289 1019 138 32 Parteien
448 1024 47 29 ein
514 1023 229 35 fürchterliches
763 1028 130 33 Gezeter
912 1032 49 30 die
981 1033 96 40 Folge
1096 1038 81 28 sein:
1197 1038 57 30 Die
1277 1040 34 31 Re-

138 1063 101 31 aktion
268 1066 79 30 wird
373 1068 55 30 mit
455 1068 79 31 allen
562 1070 121 33 Mitteln
711 1077 179 39 versuchen,
919 1078 43 30 ob
990 1079 100 32 dieser
1117 1082 209 38 Propaganda

135 1108 74 31 alles
228 1118 98 30 gegen
348 1121 87 22 einen
458 1115 211 33 aufzuhetzen.
712 1119 29 32 S.
763 1120 33 31 P.
818 1122 51 39 D.,
889 1123 39 30 U.
951 1124 29 33 S.
1003 1125 31 30 P.
1057 1127 39 30 D.
1116 1129 127 31 werden
1264 1140 48 21 ver-

133 1153 125 40 suchen,
279 1165 57 21 uns
356 1167 40 21 zu
416 1160 247 33 mißkreditieren
686 1165 64 30 und
770 1175 59 22 uns
851 1167 47 31 die
921 1169 177 39 Mitglieder
1120 1174 206 40 abzufangen.

133 1199 84 31 Aber
234 1201 74 31 alles
326 1202 99 32 dieses
444 1205 68 31 darf
532 1207 48 31 die
599 1208 236 35 Kommunisten
855 1214 85 31 nicht
959 1216 141 42 hindern,
1121 1219 104 32 diesen
1246 1221 79 39 Weg

133 1253 38 20 zu
197 1244 195 36 beschreiten.
440 1251 50 31 Sie
513 1254 124 31 müssen
663 1256 53 30 ihn
742 1257 198 34 beschreiten.
987 1263 64 31 Der
1075 1264 126 32 Einsatz
1225 1266 98 32 lohnt.

132 1291 107 29 Durch
261 1292 54 30 das
339 1296 236 33 rücksichtslose
601 1300 156 33 Eintreten
781 1303 75 32 eben
880 1305 50 32 für
954 1306 82 32 diese
1060 1310 117 32 Punkte
1199 1314 125 31 werden

131 1336 57 29 alle
205 1336 49 30 die
269 1339 234 34 verschiedenen
522 1344 160 33 Schichten
701 1350 41 28 im
760 1349 184 34 Proletariat
960 1362 56 22 zur
1034 1355 221 41 Ueberlegung
1274 1369 33 27 ge-

129 1388 155 31 zwungen
336 1385 42 30 Es
397 1388 81 30 wird
498 1390 93 31 ihnen
613 1392 49 31 die
682 1393 99 39 Frage
804 1397 262 41 aufgezwungen:
1088 1400 66 33 Aus
1175 1405 147 31 welchem

129 1426 131 31 Grunde
284 1428 103 35 betritt
411 1433 64 31 eine
500 1435 101 32 Partei
627 1438 103 31 diesen
756 1440 101 40 Weg?
902 1443 74 31 Und
1002 1445 44 31 als
1071 1446 146 33 Antwort
1242 1452 78 30 wird

131 1471 89 30 ihnen
247 1475 105 30 zuteil:
379 1477 98 39 „Weil
504 1484 60 28 wir
590 1484 56 30 mit
672 1484 56 31 der
754 1487 80 30 alten
861 1488 173 43 Tradition,
1062 1494 54 30 mit
1144 1494 67 31 dem
1240 1497 79 30 alten

128 1515 115 39 System
271 1519 140 34 brechen.
460 1525 78 32 Weil
567 1528 96 32 durch
692 1539 92 23 unser
812 1533 184 39 Programm
1025 1538 84 32 nicht
1137 1550 57 21 nur
1222 1543 97 29 einem

131 1567 60 25 leii
214 1567 54 27 der
286 1567 117 40 Klasse,
425 1578 83 24 einer
528 1582 154 28 gewissen
704 1576 121 33 Schicht
846 1579 144 38 geholfen
1012 1583 123 31 werden
1156 1586 69 38 soll,
1246 1597 54 21 son-

127 1611 74 26 dern
226 1611 68 29 weil
321 1612 48 31 die
392 1623 99 29 ganze
517 1618 165 33 bedrückte
708 1621 194 35 Menschheit
927 1636 55 22 aus
1008 1628 55 31 der
1088 1630 229 38 Versumpfung

126 1654 52 28 des
195 1654 219 38 Kapitalismus
430 1661 107 32 befreit
552 1665 125 31 werden
694 1668 74 30 muß
787 1670 65 29 und
868 1672 70 30 weil
955 1682 32 21 es
1004 1674 39 29 da
1061 1675 172 40 unbedingt
1249 1682 67 26 noL

186 1703 136 73 helfeiT**
369 1713 35 23 Cn
430 1716 47 21 am
503 1710 125 30 meisten
655 1712 120 31 Bedröc
776 1713 68 32 kten
870 1717 115 31 ebenso
1010 1722 60 28 wie
1094 1720 77 32 allen
1197 1724 116 31 andern

204 1796 105 35 Sicher
332 1803 81 30 wird
439 1804 52 31 der
517 1806 145 38 heutigen
688 1809 130 31 Periode
845 1812 53 30 der
925 1814 197 41 Diskussion,
1152 1819 52 30 des
1232 1821 60 30 Miß-

121 1844 121 28 trauens
267 1846 64 29 und
355 1847 54 31 der
432 1849 254 43 Zersplitterung,
712 1854 53 30 des
790 1858 206 36 mangelnden
1022 1861 289 42 Zusammenhangs

122 1889 86 28 unter
231 1887 58 32 den
312 1894 235 32 verschiedenen
572 1896 187 40 Kategorien
795 1901 54 31 der
873 1903 141 33 Arbeiter
1048 1906 98 33 bezw.
1174 1909 119 33 Arbeits-

120 1934 86 29 losen
225 1935 64 29 und
307 1935 358 43 Ausbeutungsscheuen
685 1944 62 39 (die
766 1947 84 31 nicht
868 1950 108 30 immer
995 1952 208 34 arbeitsscheu
1223 1958 86 35 sind)

118 1987 48 20 em
169 1987 16 21 *
201 1997 43 42 r
245 1980 60 31 itd
307 1991 17 44 !
325 1992 13 21 r
355 1983 134 33 Elnkehr
506 1988 65 30 und
589 1988 53 32 des
662 1990 182 33 Verstehens
862 1993 114 40 folgen.
1017 1997 66 32 Das
1102 1999 192 34 Solidaritäts-

116 2025 105 35 gefuhl
241 2027 80 30 wird
341 2030 167 39 erstarken;
529 2032 49 31 die
597 2035 65 30 sich
682 2036 89 32 heute
789 2039 82 29 noch
891 2044 193 38 gegenseitig
1105 2047 123 32 streiten
1260 2059 34 23 ge-

118 2070 213 37 nngschatzen
352 2074 65 31 und
434 2077 120 31 meiden
632 2082 80 30 wird
732 2082 54 32 der
804 2084 113 40 Kampf
935 2087 48 31 für
1003 2088 48 31 die
1070 2091 168 37 Befreiung
1258 2096 53 30 der

115 2119 156 34 gesamten
294 2118 158 34 leidenden
474 2122 195 36 Menschheit
689 2131 150 31 vereinen.
