1593 2540
246 2231 66 35 316

294 283 83 30 nicht
398 290 47 30 so,
477 282 59 29 wie
558 280 42 30 da
621 278 135 40 glaubst.
800 278 50 30 Ich
873 276 135 31 brauche
1028 276 85 31 nicht
1146 276 89 30 deine
1256 275 163 31 Tausende

294 328 64 30 und
377 327 77 30 auch
475 326 49 30 die
543 325 129 30 anderer
690 323 93 32 nicht.
823 323 106 30 Daran
948 322 80 30 habe
1047 322 49 29 ich
1116 321 142 38 garnicht
1277 321 141 38 gedacht.

294 374 51 30 Ich
367 373 54 30 bin
442 372 47 30 dir
508 370 83 32 nicht
611 370 77 30 böse
708 369 77 30 über
806 369 66 38 das,
891 377 67 21 was
980 367 43 30 du
1043 367 143 38 Szemjon
1207 375 63 21 von
1291 368 59 28 mir
1370 375 34 30 ge-

292 421 72 36 sagt
385 417 83 39 hast;
492 416 138 31 sondern
652 415 49 30 ich
725 414 88 40 gehe,
837 414 71 30 weil
932 414 47 29 ich
1004 422 37 21 so
1066 412 126 38 ruhiger
1216 412 89 30 leben
1329 412 89 30 kann.

295 464 34 31 In
347 463 109 31 deinen
476 462 128 30 Mühlen
623 461 109 31 fließen
750 469 62 21 von
830 467 149 30 morgens
998 459 48 30 bis
1067 458 118 30 abends
1204 457 116 39 Worte,
1340 456 79 31 Geld

295 509 64 30 und
377 509 98 30 lautes
493 508 140 38 Zanken;
652 507 49 30 ich
721 506 72 30 aber
813 505 115 31 arbeite
945 514 38 21 so
1002 506 32 28 in
1053 503 129 31 dunkler
1199 502 102 32 Nacht
1321 502 99 39 allein,

295 556 48 30 ich
363 555 135 30 brauche
513 554 55 30 mit
583 553 116 31 keinem
716 551 91 32 Wort
823 560 40 21 zu
879 550 160 39 sprechen,
1056 549 106 30 keinen
1180 558 41 21 zu
1237 548 104 30 sehen.
1380 547 41 30 So

294 602 67 29 lebe
384 600 63 30 ich:
471 599 117 30 Nachts
612 598 115 30 arbeite
748 597 60 39 ich,
831 598 68 37 tags
925 596 74 30 aber
1020 595 114 31 schlafe
1157 595 58 38 ich,
1240 593 65 31 und
1327 603 32 21 es
1383 594 41 29 ist

296 649 57 36 gut
369 656 48 20 so.
457 645 98 30 Wahr
571 645 49 38 ist,
640 643 61 31 daß
720 643 67 30 dies
807 642 242 38 unangenehme,
1068 640 159 38 schutzige
1247 639 108 31 Arbeit
1373 640 49 37 ist,

297 692 73 30 aber
400 701 68 21 was
490 690 141 30 bedeutet
654 688 55 32 der
731 688 167 30 Schmutz?
983 687 49 30 ich
1064 686 79 39 gehe
1176 687 48 29 ins
1258 685 68 30 Bad
1358 684 65 30 und

296 737 125 32 wasche
442 737 54 30 ihn
522 736 49 31 ab.
615 735 86 32 Aber
722 743 92 22 wenn
837 734 48 30 ich
908 734 59 29 viel
992 732 85 30 mehr
1100 733 55 30 mit
1180 730 168 31 Menschen
1373 739 34 21 zu-

296 791 137 23 sammen
458 781 64 40 bin,
557 782 78 30 setzt
658 781 66 29 sich
749 779 148 31 zuweilen
922 778 124 32 solcher
1070 777 144 30 Schmutz
1240 776 51 31 auf
1326 776 100 30 meine

297 828 94 40 Seele,
410 828 86 30 häuft
515 828 66 29 sich
600 835 40 22 so
660 826 118 38 darauf,
799 825 61 30 daß
880 824 49 31 ich
948 823 176 39 vergeblich
1146 822 133 39 wasche,
1300 821 108 38 vergeb-

297 875 60 31 lich
377 874 154 37 scheuere,
551 882 33 21 er
602 871 75 39 gfeht
696 872 85 31 nicht
801 870 39 30 ab
862 894 8 7 .
894 894 7 6 .
924 895 8 6 .

318 920 93 30 Noch
435 920 216 30 interessanter
677 918 48 39 ist,
760 925 91 22 wenn
886 916 53 30 der
964 914 214 32 Schriftsteller
1213 913 49 31 die
1287 913 119 30 Massen-

237 966 203 39 psychologie
463 965 100 30 seines
586 964 159 30 Zeitalters
769 961 178 39 behandelt;
973 960 50 31 die
1046 960 107 38 Popen
1178 959 55 31 des
1258 958 167 31 Väterchen

237 1012 72 38 Zar,
332 1011 59 31 wie
412 1012 46 29 sie
478 1019 73 22 vom
573 1008 204 32 Rednerstuhl
800 1017 58 21 aus
888 1016 101 29 gegen
1022 1005 50 31 die
1093 1004 232 41 „Boischaken“
1361 1003 64 30 und

238 1057 102 37 Juden
362 1057 118 38 hetzen,
513 1056 56 29 das
591 1054 79 31 Volk
692 1053 193 39 aufwiegeln,
919 1052 57 32 das
997 1061 38 21 so
1058 1051 90 31 leicht
1169 1050 85 39 jedes
1288 1049 141 31 bezahlte

238 1103 93 33 Wort
349 1103 53 30 der
421 1102 115 30 Diener
553 1101 112 31 Gottes
683 1099 118 40 glaubt.

385 1147 166 40 „Feierlich
571 1146 100 30 leierte
690 1145 54 31 der
762 1145 132 30 Priester
913 1143 55 31 das
987 1143 100 31 Gebet
1108 1142 72 38 und,
1199 1143 60 29 wie
1278 1142 31 30 in
1330 1141 98 38 jedem

301 1193 162 31 ähnlichen
484 1192 82 31 Falle
586 1191 97 31 betete
703 1191 57 30 das
780 1190 153 30 Dorfvolk
953 1189 79 31 auch
1052 1188 127 31 diesmal
1199 1187 99 38 eifrig.
1339 1186 87 30 Nach

303 1240 68 30 dem
395 1238 99 32 Gebet
515 1238 74 31 aber
609 1237 123 38 begann
755 1236 54 30 der
830 1237 132 29 Priester
983 1234 103 31 davon
1107 1243 40 21 zu
1169 1232 103 39 reden,
1293 1233 60 30 wie
1374 1233 56 37 gut

303 1294 87 22 zwar
410 1284 56 31 das
484 1282 144 33 Getreide
647 1282 91 40 steht,
757 1290 40 22 so
815 1283 44 29 sei
880 1291 33 20 es
934 1280 81 31 doch
1035 1279 85 31 nicht
1139 1280 65 38 gut,
1227 1278 80 31 allzu
1329 1277 102 31 sicher

301 1341 40 20 zu
364 1330 121 30 hoffen:
517 1329 92 30 Noch
632 1330 40 28 ist
694 1327 50 31 die
767 1327 93 31 Ernte
893 1326 86 31 nicht
1001 1325 207 39 eingebracht,
1242 1324 83 31 noch
1348 1324 79 29 kann

302 1376 202 30 Trockenheit
523 1376 46 29 sie
588 1374 106 30 treffen
715 1392 42 4 —■
776 1373 64 31 und
861 1381 92 21 wenn
974 1371 87 31 keine
1080 1370 203 31 Trockenheit
1303 1369 126 38 kommt,

303 1422 115 30 kommt
438 1430 39 21 zu
498 1419 162 32 Unrechter
679 1419 67 31 Zeit
768 1418 55 31 der
842 1418 113 38 Regen,
976 1417 195 31 Mutterkorn
1190 1416 75 30 frißt
1286 1425 41 29 es,
1349 1415 60 30 Heu-

303 1466 257 39 schreckenplage
575 1465 168 31 vernichtet
758 1473 42 22 es.

386 1515 66 30 Das
474 1513 232 40 rechtgläubige
728 1512 174 31 christliche
923 1512 79 30 Volk
1023 1513 93 36 möge
1139 1512 78 29 auch
1242 1511 83 30 dann
1348 1510 80 30 noch

304 1562 84 30 nicht
407 1560 80 30 allzu
505 1559 101 31 sicher
623 1558 114 39 hoffen,
755 1566 92 23 wenn
866 1567 32 21 es
917 1557 55 30 das
991 1557 87 31 Kom
1096 1556 98 30 schon
1213 1558 135 36 geerntet
1366 1555 65 31 und

305 1606 199 39 eingebracht
520 1605 68 30 hat:
607 1604 90 31 Auch
715 1604 83 30 dann
815 1603 82 30 noch
915 1603 80 30 kann
1014 1602 49 31 die
1080 1602 100 32 Rache
1197 1601 54 31 des
1268 1602 161 30 erzürnten

305 1652 111 31 Gottes
437 1661 31 21 es
488 1651 116 31 treffen.
645 1650 53 30 Bei
727 1649 131 31 starkem
879 1648 93 31 Wind
1004 1649 80 30 kann
1115 1647 225 32 Feuersbrunst
1371 1647 46 30 ent-

302 1698 117 38 stehen,
442 1698 54 29 der
516 1698 67 29 kein
604 1696 93 30 Halm
718 1694 134 40 entgeht.

388 1746 95 40 „Und
503 1746 59 30 wir
583 1747 124 29 müssen
729 1746 160 37 erwarten,
911 1743 62 31 daß
995 1743 78 31 Gott
1094 1743 56 31 das
1171 1743 154 31 russische
1346 1741 86 32 Land

305 1792 137 39 bestraft,
463 1792 80 30 denn
566 1792 41 29 im
627 1790 176 31 russischen
824 1790 103 31 Lande
948 1792 40 29 ist
1007 1790 84 31 nicht
1112 1790 74 30 alles
1206 1791 31 29 in
1258 1789 172 39 Ordnung;

306 1837 49 32 die
371 1837 116 33 Kinder
503 1838 91 30 ehren
611 1837 83 31 nicht
710 1836 66 31 ihre
793 1836 119 39 Eltern;
929 1835 216 31 verschiedene
1162 1836 159 39 bösartige
1338 1836 95 38 junge

306 1884 157 30 Personen
475 1884 99 30 hören
586 1882 85 31 nicht
684 1882 50 31 auf
748 1882 49 31 die
809 1881 90 31 Alten
913 1882 64 30 und
990 1881 99 39 gehen
1104 1882 78 30 nach
1196 1882 95 30 ihrem
1305 1882 127 38 eigenen

304 1929 94 39 Kopf,
421 1930 45 30 sie
489 1929 134 30 schaffen
646 1927 105 32 solche
774 1927 167 40 Ordnung,
975 1936 127 22 woraus
1126 1927 99 31 nichts
1249 1926 98 31 Gutes
1372 1927 46 30 ent-

306 1975 106 31 stehen
434 1975 111 31 kann.“

389 2020 34 31 In
444 2020 135 38 gieriger
600 2020 114 31 Furcht
735 2019 157 30 lauschten
915 2019 49 30 die
985 2019 121 30 Bauern
1130 2018 64 31 und
1215 2018 65 31 ihre
1303 2018 130 30 Frauen.

308 2066 40 30 Es
372 2075 68 22 war
462 2067 60 29 wie
545 2066 117 39 immer,
696 2074 92 26 wenn
813 2066 32 30 in
870 2064 134 31 dunklen
1028 2065 184 30 bäurischen
1238 2064 105 30 Seelen
1380 2063 54 31 der

308 2112 103 30 Teufel
427 2112 53 30 des
495 2111 236 39 Aberglaubens
748 2110 129 31 erweckt
892 2111 64 30 und
972 2110 56 31 das
1043 2110 79 31 Volk
1138 2111 55 30 mit
1207 2110 111 31 Gottes
1334 2109 102 33 Rache

309 2158 176 37 geängstigt
506 2157 90 31 wird.
