1664 2540
1346 2230 71 43 299

223 278 121 31 sollten.
384 279 67 30 Den
470 280 216 30 Prominenten
704 289 65 21 war
787 289 31 22 es
838 280 141 40 bekannt,
998 280 61 30 daß
1078 282 89 30 unter
1184 281 59 29 den
1262 281 149 37 jüngeren

227 323 193 39 Mitgliedern
440 325 66 30 eine
526 327 131 36 gewisse
678 325 122 31 Anzahl
819 326 59 30 den
899 326 142 30 Glauben
1062 335 39 21 an
1123 326 48 30 die
1191 326 220 38 proletarische

226 370 178 30 Revolution
441 370 94 31 besaß
573 372 63 29 und
672 371 48 30 die
746 372 250 38 Notwendigkeit
1033 372 52 30 der
1112 372 208 38 Einordnung
1358 371 52 30 des

224 415 160 32 Künstlers
407 418 31 28 in
463 417 48 30 die
535 416 104 31 Masse
664 417 55 31 der
740 417 207 38 Werktätigen
970 417 105 39 fühlte,
1102 418 59 29 daß
1189 420 49 28 ein
1261 419 150 38 gewisser

225 462 62 29 Teil
304 462 52 30 der
372 462 175 38 Mitglieder
562 462 84 30 nicht
661 462 144 31 Künstler
820 464 40 28 im
876 462 92 30 Sinne
985 463 54 30 der
1054 462 215 39 bürgerlichen
1287 463 106 31 Kultur-

223 508 190 37 vorstellung
433 508 64 29 sein
518 507 113 39 wollte,
652 508 70 29 weil
741 509 43 28 sie
806 508 84 30 nicht
910 509 30 29 in
963 509 54 29 der
1038 508 196 38 Aufstellung
1255 509 82 30 einer
1358 518 34 20 an-

222 553 120 36 geblich
375 553 248 29 revolutionären
646 553 155 29 Aesthetik
835 553 58 30 den
928 553 78 38 Weg
1038 563 57 21 zur
1130 554 163 38 Befreiung
1327 555 81 29 ihres

222 598 228 31 Menschlichen
474 599 172 38 erblickten,
670 599 136 30 sondern
831 600 55 29 das
911 600 242 30 Entscheidende
1178 602 52 29 des
1254 602 139 30 Ktinstler-

222 645 80 29 seins
322 643 88 32 darin
428 645 137 38 suchten,
586 645 184 30 Instrument
789 645 53 30 der
860 645 267 30 schlummernden
1148 646 186 30 Sehnsüchte
1356 647 53 29 der

223 689 124 31 xMassen
366 690 77 29 nach
464 690 95 29 einem
578 690 103 29 reinen
700 690 65 29 und
783 690 220 38 unvergifteten
1022 690 100 31 Leben
1142 701 39 20 zu
1201 692 124 30 werden
1346 692 63 30 und

223 736 68 29 weil
309 737 43 29 sie
370 736 83 29 nicht
472 736 85 31 mehr
575 736 55 31 mit
648 735 132 39 Werten,
801 736 48 29 die
868 736 52 29 der
939 736 214 38 bürgerlichen
1174 737 153 30 Aesthetik
1347 740 46 28 ent-

220 779 84 31 lehnt
325 789 113 30 waren,
460 781 65 29 eine
546 780 203 30 menschliche
770 780 270 31 Arbeitsmethode
1061 781 74 31 oder
1158 782 181 39 Bemühung
1365 783 44 30 als

222 826 227 30 hochfahrende
472 826 65 30 und
559 826 192 30 dünkelhafte
773 826 274 38 Sachverständige
1069 828 97 29 durch
1189 829 65 29 eine
1275 828 117 31 willkür-

222 871 76 30 liche
312 872 188 38 Juryierung
516 871 167 30 aburteilen
701 871 64 30 und
781 872 153 37 erledigen
951 873 136 32 wollten.
1125 872 66 31 Alle
1207 874 201 38 Hoffnungen

224 916 62 30 und
305 916 155 31 Wünsche
483 917 96 30 dieses
601 917 82 31 Teils
704 917 55 32 der
780 917 175 38 Mitglieder
975 918 130 30 wurden
1127 928 61 20 von
1210 919 58 30 den
1293 920 96 30 Promi-

220 962 111 31 nenten
353 972 71 19 zum
449 962 64 31 Teil
537 963 55 30 mit
615 962 305 31 Kaufmannskniffen
946 963 64 30 und
1033 965 53 29 mit
1111 964 196 38 lügenhaften
1334 965 56 30 Hin-

221 1007 113 30 weisen
356 1008 50 29 auf
429 1008 47 30 die
498 1008 169 38 „bekannte
689 1009 197 37 Uneinigkeit
908 1009 53 29 der
983 1009 174 40 Künstler“,
1181 1020 70 20 zum
1274 1010 134 31 anderen

220 1052 65 30 Teil
304 1055 87 28 unter
406 1054 134 29 brutaler
556 1052 209 39 Ausnützung
782 1054 82 29 ihrer
881 1054 201 31 Machtmittel
1101 1056 140 30 zunichte
1258 1057 149 37 gemacht.

222 1097 57 31 Die
300 1098 219 38 korrumpierte
542 1098 109 39 Clique
676 1099 52 31 der
753 1099 216 30 Prominenten
993 1099 111 31 behielt
1128 1101 64 30 ihre
1217 1102 175 30 Diktatoren-

220 1146 85 36 geste
325 1144 58 39 bei,
405 1146 43 29 sie
469 1146 92 30 setzte
585 1146 77 30 allen
686 1146 232 38 Bestrebungen
941 1147 78 30 nach
1043 1148 95 29 einem
1161 1148 138 30 wirklich
1325 1158 67 21 revo-

221 1190 171 30 lutionären
418 1191 63 29 und
506 1191 225 30 menschlichen
756 1192 64 31 Ziel
844 1192 53 30 hin
923 1193 49 31 ihr
995 1193 79 30 Nein
1100 1196 148 35 entgegen
1277 1196 64 28 und
1365 1195 43 30 sie

220 1235 134 30 schämte
370 1236 64 29 sich
454 1236 92 39 nicht,
566 1237 246 38 einzugestehen,
833 1237 62 31 daß
914 1239 65 29 eine
997 1239 241 38 Verwechslung
1258 1240 76 30 oder
1351 1249 58 29 gar

220 1280 240 39 Gleichsetzung
489 1282 52 29 der
566 1280 164 39 Aufgaben
757 1282 52 31 der
835 1283 299 39 Novembergruppe
1161 1286 53 29 mit
1241 1285 57 31 den
1324 1295 68 21 revo-

220 1325 172 32 lutionären
412 1327 64 30 und
495 1328 225 30 menschlichen
740 1327 164 40 Aufgaben
923 1330 53 30 der
995 1330 67 31 Zeit
1081 1331 91 30 ihnen
1194 1333 214 37 unangenehm

223 1372 62 30 und
306 1372 130 30 verhaßt
457 1381 76 31 war,
556 1374 70 29 weil
650 1375 43 29 sie
717 1374 103 40 ihnen,
845 1375 58 31 den
929 1376 227 39 Prominenten,
1184 1377 54 30 das
1264 1377 146 32 Geschäft

220 1418 65 29 und
304 1417 59 30 den
382 1418 97 30 Ruhm
499 1419 174 31 verdorben
692 1420 90 31 hätte.
822 1420 75 31 Was
917 1421 64 30 half
1000 1431 40 30 es,
1062 1431 90 21 wenn
1172 1423 53 29 der
1245 1424 147 30 revolutio-

223 1464 70 28 näre
314 1462 65 31 Teil
401 1463 52 31 der
474 1464 178 38 Mitglieder
673 1466 154 30 anläßlich
850 1466 54 30 der
925 1468 195 38 Drohungen
1142 1469 65 30 und
1228 1468 162 40 Schwierig-

222 1508 105 38 keiten,
349 1508 49 30 die
417 1509 53 30 der
490 1509 38 30 N.
550 1510 39 29 G.
608 1520 109 29 wegen
737 1511 82 31 ihrer
840 1512 194 39 Beteiligung
1055 1522 37 21 an
1114 1513 52 31 der
1187 1513 129 32 Großen
1340 1515 51 29 Ber-

221 1553 77 30 liner
317 1553 291 40 Kunstausstellung
631 1565 48 21 am
701 1557 125 30 Lehrter
847 1557 145 31 Bahnhof
1012 1568 62 21 von
1096 1560 95 30 seiten
1213 1560 53 30 des
1287 1560 104 31 Kultus-

221 1599 217 31 ministeriums
463 1601 142 37 gemacht
630 1602 140 39 wurden,
797 1604 65 28 eine
887 1604 119 30 scharfe
1033 1604 248 39 Stellungnahme
1308 1615 100 29 gegen

223 1644 80 31 diese
330 1645 163 32 Behörden
521 1647 157 31 forderte?
725 1649 118 38 Nichts,
873 1650 80 30 denn
982 1651 48 29 die
1060 1651 217 31 Prominenten
1306 1653 102 29 hatten

220 1691 86 29 ihren
328 1690 98 31 Ruhm
450 1692 64 30 und
536 1693 65 30 ihre
624 1693 132 31 Pfründe
779 1704 40 20 zu
841 1696 105 38 retten,
968 1705 99 29 gegen
1092 1697 49 30 die
1163 1697 167 30 Absichten
1355 1698 53 29 der

222 1735 179 38 lebendigen
424 1736 103 32 Kräfte
561 1738 53 31 der
636 1738 139 38 Gruppe.
819 1740 64 29 Das
909 1740 207 31 Ministerium
1150 1742 81 31 hatte
1264 1743 143 38 gedroht,

222 1781 48 30 die
287 1780 168 40 Abteilung
473 1783 53 30 der
542 1783 40 30 N.
600 1783 38 30 G.
657 1784 83 30 nicht
758 1785 135 30 eröffnen
911 1795 39 20 zu
969 1786 111 39 lassen,
1097 1797 92 21 wenn
1207 1788 123 38 wieder,
1348 1790 59 28 wie

220 1828 42 28 im
288 1826 150 39 Vorjahre
460 1826 145 32 Arbeiten
630 1830 175 36 ausgestellt
830 1830 139 39 würden,
996 1832 48 29 die
1070 1832 59 31 den
1155 1833 251 39 Anschauungen

222 1872 54 30 der
293 1872 162 31 Behörden
474 1873 77 30 über
570 1874 99 31 Kunst
688 1875 83 30 nicht
790 1876 209 37 entsprächen.
1030 1877 76 30 Man
1127 1877 109 39 beugte
1254 1879 80 38 sich;
1355 1879 53 30 der

222 1918 200 30 Vorsitzende
445 1919 54 30 der
519 1919 334 40 Ausstellungsleitung
878 1922 54 30 der
953 1922 130 31 Großen
1106 1924 146 39 Berliner,
1274 1925 118 32 Schlich-

222 1964 75 38 ting,
324 1964 117 31 machte
466 1965 82 30 seine
572 1974 99 29 ganze
696 1967 162 37 verlogene
883 1967 104 31 Moral
1012 1977 99 30 gegen
1137 1972 78 28 zwei
1241 1969 63 31 ihm
1331 1972 57 30 miß-

223 2009 110 38 liebige
350 2009 103 31 Bilder
467 2019 62 21 von
547 2011 114 31 Rudolf
679 2012 168 33 Schlichter
864 2014 64 29 und
946 2014 75 30 Otto
1041 2015 60 29 Dix
1119 2015 108 39 mobil,
1245 2026 34 21 er
1297 2017 111 30 drohte

224 2055 52 30 mit
294 2054 68 31 dem
382 2055 224 40 Staatsanwalt,
626 2058 64 29 und
709 2058 76 30 auch
805 2058 48 31 die
871 2058 139 41 Gruppe,
1029 2059 73 31 fand
1121 2070 81 29 man,
1221 2063 104 29 müsse
1342 2064 66 29 sich

222 2100 136 39 beugen;
376 2101 54 31 der
448 2101 266 39 Reichspräsident
735 2104 92 32 Ebert
845 2105 109 30 walzte
973 2105 47 31 bei
1041 2106 55 30 der
1116 2106 174 40 Eröffnung
1311 2109 97 30 durch

224 2145 48 31 die
288 2146 67 31 Säle
372 2147 64 31 und
452 2147 62 39 gab
532 2147 53 31 der
603 2148 252 37 Zwecklosigkeit
874 2151 54 32 der
944 2151 183 40 Bemühung
1144 2152 172 33 Ausdruck.
1335 2154 73 31 Und
