3487 4412
1686 136 104 54 187

124 291 126 51 nicht
278 290 147 52 durch
454 290 136 49 ihren
621 289 185 50 blossen
828 284 230 61 Anblick;
1089 285 122 51 denn
1235 286 73 50 ihr
1331 285 125 52 Stoff
1479 286 56 50 ist
1554 286 130 50 nicht

123 371 187 60 irdisch,
340 372 74 49 ihr
440 371 221 50 Element
687 370 58 48 ist
774 366 171 51 Hauch
974 366 98 50 und
1101 366 124 50 Luft.
1276 367 99 49 Der
1404 366 257 67 promethei-

123 453 108 49 sche
260 451 219 57 Funken,
520 450 86 49 der
647 449 65 49 sie
741 449 69 49 ins
839 445 165 51 Leben
1037 446 112 59 ruft,
1192 446 57 50 ist
1290 445 84 51 der
1416 449 132 56 Ton,
1592 446 97 51 und

123 539 93 43 erst
245 549 136 33 wenn
411 531 151 50 dieser
592 525 406 66 tausendstimmig
1027 526 148 51 durch
1206 526 74 50 die
1300 527 112 50 Luft
1445 527 244 68 schwingt,

122 610 230 52 erscheint
391 611 72 49 ihr
496 609 319 52 Wunderbau
844 623 82 31 vor
955 604 107 52 dem
1092 607 269 60 Menschen,
1407 607 117 50 aber
1564 606 125 51 dann

123 691 119 51 auch
273 709 80 31 um
385 708 49 32 so
465 686 421 70 eigenthümlicher
909 684 95 49 und
1028 686 272 60 herrlicher,
1331 687 104 50 weil
1459 704 51 32 er
1531 687 126 49 wahr-

123 770 232 51 nehmbar
383 770 94 50 sich
503 769 132 67 jedes
664 767 100 50 Mal
788 779 91 37 von
900 765 183 51 Neuem
1112 784 83 33 vor
1223 783 89 34 uns
1340 767 219 58 aufbaut,
1585 767 103 49 weil

122 868 53 33 er
197 850 147 51 durch
369 850 89 50 den
482 845 295 53 belebenden
800 844 171 52 Hauch
994 865 55 31 zu
1073 847 149 50 einem
1241 847 172 50 Dasein
1437 847 88 49 voll
1549 847 112 49 wirk-

123 931 150 50 lichen
303 930 184 50 Lebens
526 944 163 51 empor
734 925 175 49 wächst
955 926 95 50 und
1093 927 126 50 nicht
1258 945 91 32 nur
1374 927 154 49 Einen
1559 926 130 59 Sinn,

122 1009 202 51 sondern
366 1009 74 49 die
482 1024 145 51 ganze
659 1004 333 68 Organisation
1034 1005 80 51 des
1150 1006 256 50 Menschen
1450 1005 97 49 und
1587 1006 101 48 ihre

122 1089 299 51 räthselhafte
452 1085 314 67 Verbindung
795 1085 84 49 mit
914 1085 106 51 dem
1050 1086 158 50 Gefete
1237 1085 95 49 und
1362 1085 83 49 der
1474 1086 135 48 Seele
1638 1101 48 33 so

120 1169 310 68 sympathisch
457 1166 208 68 ergreift*
694 1165 266 51 durchbebt
981 1166 96 50 und
1100 1166 397 66 durchschwingt,
1528 1165 88 50 wie
1642 1183 46 32 es

120 1249 91 51 den
240 1248 341 67 Erzeugnissen
611 1246 162 50 keiner
800 1245 206 51 anderen
1030 1248 153 48 Kunst
1213 1245 216 67 gegeben
1458 1246 68 49 ist.

239 1330 66 47 Es
333 1328 57 48 ist
419 1326 148 51 daher
602 1328 101 48 eine
745 1325 172 67 heilige
945 1326 169 50 Pflicht
1150 1325 83 50 der
1265 1326 303 66 Gegenwart,
1614 1324 72 49 bei

120 1405 320 60 Musikfesten,
484 1423 75 32 wo
600 1406 139 50 allein
781 1405 212 50 wirklich
1035 1404 404 67 tausendstimmig
1479 1422 59 31 an
1580 1404 106 49 dem

122 1486 385 51 Wiederaufbau
533 1486 134 66 jener
696 1485 181 66 ewigen
907 1486 325 57 Monumente,
1260 1484 142 49 deren
1432 1484 257 49 Schönheit

123 1566 177 68 typisch
324 1565 255 69 geworden
608 1565 71 58 ist,
711 1564 262 68 gearbeitet
994 1564 191 51 werden
1209 1564 142 59 kann,
1380 1565 64 48 sie
1467 1580 187 50 vorzugs-

124 1648 140 48 weise
286 1665 54 31 zu
366 1645 402 67 berücksichtigen
792 1644 96 49 und
910 1662 55 33 zu
990 1641 247 70 möglichst
1258 1645 310 66 grossartiger
1591 1642 95 51 und

124 1726 305 50 künstlerisch
460 1725 284 51 vollendeter
772 1724 329 67 Erscheinung
1128 1742 57 31 zu
1213 1721 214 69 bringen.

241 1806 64 49 So
334 1805 103 50 sind
465 1805 122 50 denn
618 1804 118 51 auch
761 1804 147 48 dieses
929 1804 96 51 Mal
1055 1805 66 48 als
1144 1804 244 49 Vertreter
1409 1818 243 35 monumen-

123 1886 117 50 taler
282 1885 185 51 Werke
509 1885 224 48 Johann
777 1883 305 50 Sebastian
1124 1884 181 57 Bach,
1365 1883 320 66 Christoph

124 1965 313 51 Willibald
467 1964 200 59 Gluck,
703 1964 249 67 Ludwig
981 1980 107 32 van
1116 1964 338 48 Beethoven
1486 1964 203 66 gewählt

124 2044 95 49 und
249 2044 75 49 die
353 2044 208 51 Werke:
1075 2043 147 50 Credo
768 2060 84 32 aus
881 2041 83 51 der
1328 2060 41 41 e,
1401 2044 179 48 Scenen
1605 2059 83 32 aus

124 2124 234 49 Armide
387 2123 97 50 und
514 2124 73 48 die
616 2120 282 67 Sinfonia
933 2120 215 62 eroica,
1177 2139 88 33 von
1294 2123 141 49 ihnen
1463 2139 81 33 zur
1572 2123 89 49 Auf-

126 2204 212 66 führung
368 2203 236 49 bestimmt
634 2200 208 51 worden.

241 2285 42 48 J.
315 2285 45 48 S.
391 2283 127 49 Bach
564 2283 170 66 gehört
768 2300 56 31 zu
868 2281 279 68 denjenigen
1176 2298 194 51 grossen
1402 2281 212 49 Geistern
1646 2280 45 50 in

124 2361 84 50 der
236 2363 239 49 Literatur
504 2360 95 50 und
627 2360 172 60 Kunst,

216 2439 10 12 r
658 2446 5 8 ,
907 2438 5 9 «
1013 2443 6 9 ,
1073 2435 4 19 •
1257 2435 5 9 '

521 2454 113 35 deren
665 2454 147 36 Namen
839 2452 120 36 Jeder
985 2455 130 42 nennt,

517 2525 80 36 und
626 2525 61 34 die
717 2524 175 37 dennoch
919 2523 188 37 Niemand
1135 2522 132 38 kennt.

245 2603 162 49 Wenn
432 2600 151 51 dieser
604 2601 183 66 Spruch
818 2601 44 49 in
886 2601 158 65 Bezug
1067 2600 83 50 auf
1172 2600 80 47 ihn
1282 2598 120 50 über
1425 2599 72 48 ein
1529 2598 161 50 halbes

123 2680 326 51 Jahrhundert
487 2680 107 66 lang
623 2680 120 48 nach
773 2680 172 48 seinem
978 2678 130 50 Tode
1139 2678 319 49 buchstäblich
1489 2695 55 31 zu
1573 2678 87 48 neh-

126 2778 107 32 men
264 2778 116 41 war,
410 2777 50 31 so
491 2760 80 50 hat
594 2760 118 50 auch
738 2759 72 49 die
834 2758 348 68 gegenwärtige
1205 2758 100 48 Zeit
1332 2758 79 48 ihn
1441 2756 118 50 noch
1592 2756 72 50 kei-

126 2857 212 50 neswegs
368 2858 116 49 ganz
514 2839 95 49 und
639 2857 85 49 gar
747 2840 166 66 Lügen
937 2839 206 66 gestraft.
1173 2838 141 49 Nicht
1336 2855 89 31 nur
1446 2836 83 50 das
1553 2838 137 57 Volk,

126 2920 203 51 sondern
371 2919 119 51 auch
536 2918 72 50 die
649 2918 76 49 bei
768 2918 186 49 weitem
998 2921 179 63 grösste
1214 2916 114 50 Zahl
1373 2916 82 49 der
1484 2915 209 50 Musiker

127 3000 110 66 geht
266 2999 120 49 noch
416 2999 169 48 immer
614 3015 58 32 an
702 2998 158 49 seinen
889 2998 235 57 Werken,
1161 2996 62 49 im
1255 2995 160 51 besten
1449 2996 131 49 Faile
1611 2995 82 50 mit

124 3080 130 47 einer
283 3078 199 67 heiligen
512 3076 170 60 Scheu,
712 3078 206 48 vorüber
960 3076 94 50 und
1097 3076 138 49 nährt
1263 3074 211 51 dadurch
1505 3074 73 49 bei
1608 3074 82 49 der

124 3159 170 65 Menge
326 3158 83 48 das
440 3159 289 57 Vorurtheil,
774 3158 65 49 als
868 3156 64 50 sei
962 3155 126 51 Bach
1120 3174 91 31 nur
1242 3151 79 52 für
1349 3155 74 50 die
1453 3155 207 65 Musikge-

123 3238 194 49 lehrten.
374 3236 169 49 Baclfs
570 3236 351 66 Zeitgenossen,
964 3235 73 50 die
1077 3243 145 45 steten
1263 3234 96 49 und
1388 3233 148 50 durch
1566 3234 124 48 seine

123 3314 423 51 Kirchenmusiken
587 3332 57 30 an
674 3315 150 47 Sonn-
863 3313 96 49 und
1002 3314 279 65 Feiertagen
1324 3313 199 67 freudig,
1564 3311 129 50 nicht

126 3395 264 69 pietistisch,
421 3394 228 49 erbauten
673 3393 174 58 Hörer,
877 3409 160 33 waren
1068 3393 126 48 nicht
1223 3393 236 66 gelehrter
1489 3394 67 48 als
1578 3391 108 59 wir;

126 3475 115 51 aber
269 3474 64 49 sie
363 3474 168 48 hörten
561 3473 83 48 mit
672 3471 174 50 Einfalt
875 3469 94 51 und
998 3470 292 67 Hingebung
1318 3488 55 32 zu
1417 3471 95 49 und
1542 3471 122 49 öffne-

124 3564 76 41 ten
231 3554 107 49 dem
368 3553 241 49 Eindruck
647 3551 152 50 seiner
829 3551 227 50 Cantaten
1089 3551 129 49 Geist
1246 3550 91 50 und
1373 3546 204 54 Gemüth
1608 3550 83 48 mit

126 3635 143 48 stiller
297 3631 145 51 Liebe
470 3630 95 51 und
595 3630 267 67 gläubigem
894 3631 202 56 Herzen,
1138 3629 224 49 wodurch
1394 3630 64 48 sie
1488 3629 88 49 den
1609 3647 53 48 ge-

127 3715 153 50 nialen
310 3711 228 68 Schöpfer
580 3710 120 50 auch
743 3710 45 50 in
833 3709 89 49 den
956 3716 260 59 strengsten
1247 3705 442 70 Durchführungen

128 3791 272 68 lebendiger
429 3791 47 50 in
503 3790 94 48 sich
628 3789 303 57 aufnahmen,
974 3789 65 48 als
1079 3788 74 48 die
1196 3788 272 58 Gelehrten,
1511 3788 178 49 welche

127 3874 73 48 ihr
227 3873 248 50 trockener
503 3869 235 51 Verstand
766 3887 55 31 zu
857 3868 146 50 nichts
1041 3868 164 49 weiter
1246 3866 259 69 befähigte,
1549 3868 65 48 als
1643 3866 46 49 in

126 3953 90 48 den
231 3949 471 70 contrapunktischen
719 3948 393 66 Verwicklungen
1125 3963 90 33 nur
1232 3945 91 50 den
1336 3946 353 59 Schulmeister,

126 4033 128 48 nicht
282 4031 90 50 den
402 4030 190 51 Meister
621 4029 113 49 aller
763 4028 221 58 Schulen,
1013 4045 56 31 zu
1097 4026 252 50 erkennen.

246 4110 268 67 Allerdings
541 4111 57 47 ist
626 4125 47 33 es
703 4108 83 49 mit
814 4106 84 51 der
929 4105 371 69 Würdigung
1328 4105 167 50 Bach's
1524 4104 46 49 in
1600 4104 89 49 den

126 4189 166 49 letzten
322 4186 409 69 fünfundzwanzig
758 4186 179 51 Jahren
978 4185 161 51 besser
1178 4182 273 72 geworden,
1493 4182 195 51 seitdem

1766 290 201 49 Männer
1990 284 357 52 wieMosewius
2375 285 45 48 in
2446 282 197 50 Breslau
2671 280 104 67 (seit
2805 273 188 70 1825),
3022 272 340 54 Mendelssohn

1765 370 47 49 in
1841 369 159 52 Berlin
2033 366 95 51 und
2156 364 192 68 Leipzig
2378 364 102 67 (seit
2517 362 185 68 1829),
2733 360 90 51 Ed.
2857 360 197 66 Krüger
3083 355 46 51 in
3160 355 167 49 Hanno-

1764 465 96 42 ver,
1892 447 152 50 Hiller
2074 444 227 52 während
2332 445 147 49 seines
2509 442 329 50 Aufenthaltes
2869 440 47 49 in
2945 433 293 54 Düsseldorf
3260 433 99 50 und

1764 536 142 50 sonst,
1951 545 44 32 u.
2038 527 56 49 A.
2138 544 79 38 m.,
2262 524 147 49 durch
2443 524 314 66 Aufführung
2801 520 117 52 oder
2961 519 392 64 Erläuterungen

1764 609 283 52 Bach'scher
2078 606 401 67 Compositionen,
2525 604 285 49 namentlich
2842 601 84 50 der
2956 599 174 50 beiden
3163 596 163 52 Passio-

1764 707 108 41 nen,
1912 687 74 51 die
2028 687 262 51 kolossalen
2321 685 338 67 Schöpfungen
2704 682 80 51 des
2820 684 157 47 Heros
3008 696 84 33 aus
3125 677 107 51 dem
3265 694 54 33 vo-

1763 770 132 66 rigen
1910 767 328 51 Jahrhundert
2253 766 105 50 dem
2378 766 139 65 Auge
2535 764 78 50 des
2638 761 384 69 gegenwärtigen
3041 759 305 50 Geschlechts

1763 850 148 50 näher
1940 847 198 68 gerückt
2168 847 169 50 haben.
2395 845 135 51 Aber
2560 844 72 49 die
2663 842 177 50 Liebe
2875 860 57 31 zu
2977 841 97 48 ihm
3118 840 57 48 ist
3218 839 124 49 noch

1764 929 127 49 nieht
1916 945 107 32 zum
2052 927 316 50 Durchbruch
2401 925 303 69 gekommen,
2747 921 98 51 und
2888 921 125 50 kann
3052 936 77 33 am
3160 919 151 66 wenig-

1763 1015 99 43 sten
1892 1007 210 51 dadurch
2133 1006 117 51 dazu
2279 1007 238 56 kommen,
2561 1005 106 49 dass
2702 1004 94 49 sich
2829 1002 74 50 die
2935 999 378 52 Clavier-Virtuo-

1763 1107 81 31 sen
1874 1088 318 58 herablassen,
2236 1088 101 49 eine
2366 1086 256 50 Bach'sche
2653 1086 133 64 Fuge
2828 1082 46 50 in
2904 1081 135 50 ihren
3073 1080 268 49 Concerten

1763 1184 54 34 zu
1846 1169 191 67 spielen,
2081 1168 89 49 wie
2202 1184 46 33 es
2282 1168 112 66 jetzt
2422 1185 34 31 z.
2488 1168 51 48 B.
2572 1166 43 49 in
2646 1165 131 48 Paris
2806 1161 145 52 Mode
2980 1160 70 49 ist.
3096 1161 64 47 So
3199 1160 140 65 lange

1763 1248 166 49 Bach's
1961 1245 425 69 Gesangmusik
2415 1245 129 50 nicht
2564 1244 217 66 häufiger
2804 1240 96 51 und
2925 1239 334 50 wiederholter
3280 1256 59 31 zu

1764 1328 161 49 Gehör
1948 1325 229 70 gebracht
2192 1326 133 57 wird,
2358 1326 65 49 als
2452 1325 70 50 bis
2545 1325 112 66 jetzt
2685 1321 257 67 geschieht,
2974 1336 50 32 so
3057 1320 138 65 lange
3219 1316 117 51 wird

1763 1406 73 51 die
1859 1406 321 51 musicalische
2203 1406 151 57 Welt,
2385 1404 117 49 wird
2532 1404 80 49 das
2643 1402 222 50 deutsche
2888 1400 124 49 Volk
3044 1397 86 50 der
3160 1414 150 51 gegen-

1761 1488 228 66 wärtigen
2019 1486 100 50 Zeit
2254 1485 122 51 Volk
2413 1485 46 48 in
2488 1484 105 49 dem
2625 1482 143 50 Sinne
2804 1495 306 54 genommen,
3154 1477 89 50 wie
3287 1493 48 33 es

1760 1566 95 50 sich
1884 1568 218 49 Mozart's
2131 1568 109 47 Don
2268 1568 123 47 Juan
2423 1564 95 49 und
2549 1562 304 51 Beethoven's
2884 1557 274 52 Sinfonieen
3189 1574 117 49 ange-

1761 1648 156 66 eignet
1945 1648 82 48 hat
2160 1645 127 50 Bach
2316 1645 129 50 nicht
2474 1644 237 49 erkennen
2756 1640 97 49 und
2881 1658 56 30 zu
2975 1639 176 48 seinem
3186 1637 151 49 Genie

1764 1728 81 48 mit
1874 1726 303 66 aufrichtiger
2205 1725 341 67 Begeisterung
2569 1721 97 51 und
2695 1719 326 68 allgemeinem
3053 1717 152 49 Stolze
3236 1733 67 33 em-

1764 1806 284 68 porblicken.
2099 1808 139 47 Denn
2267 1823 90 32 nur
2386 1804 144 57 diese,
2570 1803 74 49 die
2676 1799 346 67 Gesangmusik
3052 1797 185 59 Bach's,
3279 1796 57 50 ist

1760 1886 64 49 im
1854 1885 192 58 Stande,
2090 1886 120 49 auch
2254 1885 123 48 dem
2422 1883 190 50 Volke
2657 1880 89 50 die
2787 1877 195 53 Macht
3025 1876 105 50 der
3171 1876 132 66 Poly-

1763 1965 212 67 phonie
2003 1984 57 31 zu
2089 1963 295 59 offenbaren,
2413 1963 178 49 welche
2620 1960 84 51 der
2728 1957 324 68 Eingeweihte
3082 1955 254 66 allerdings

1764 2045 119 50 auch
1914 2045 45 48 in
1984 2045 88 50 den
2094 2035 578 60 Instrumental-Werken
2699 2040 78 50 des
2801 2039 212 49 Meisters
3038 2034 298 52 bewundert.

1883 2125 201 48 Freilich
2127 2124 103 49 sind
2272 2124 167 49 Bach's
2470 2121 267 51 Melodieen
2777 2119 130 49 nicht
2947 2134 88 32 von
3067 2115 84 49 der
3180 2116 130 48 Aller-

1765 2204 431 58 welts-Schönheit,
2240 2203 74 50 die
2356 2203 113 55 sich,
2513 2200 149 51 durch
2702 2196 403 52 Toilettenkünste
3148 2194 189 59 erhöht*

1766 2284 85 48 auf
1874 2283 328 49 Promenaden
2231 2281 95 51 und
2357 2283 44 48 in
2432 2281 90 50 den
2550 2280 166 50 Salons
2754 2277 132 68 zeigt.
2944 2276 109 48 Ihre
3083 2274 258 49 Schönheit

1766 2363 93 49 will
1883 2363 292 67 aufgesucht,
2201 2361 213 68 verfolgt,
2437 2360 236 67 gefunden
2697 2358 94 49 und
2817 2356 200 50 erkannt
3039 2355 118 56 sein;
3189 2352 148 50 durch

1765 2443 102 48 ihre
1900 2441 259 50 Wahrheit
2188 2441 154 49 fesselt
2368 2441 65 49 sie
2464 2439 195 52 alsdann
2702 2436 96 50 und
2838 2435 87 50 übt
2967 2434 102 49 eine
3100 2431 207 50 unwider-

1764 2521 222 50 stehliche
2004 2521 439 66 Anziehungskraft.
2475 2521 97 47 Das
2596 2519 162 66 eigene
2781 2516 79 50 Ich
2885 2515 79 50 des
2984 2512 352 66 Componisten,

1764 2599 84 49 der
1870 2599 181 66 Abgott
2079 2599 84 49 der
2184 2606 225 42 neuesten
2432 2598 171 49 Schule
2632 2612 196 34 unserer
2850 2594 115 54 Zeit,
2996 2590 341 51 verschwindet

1764 2678 73 50 bei
1868 2679 152 49 Bach:
2065 2679 124 49 seine
2220 2679 155 48 Musik
2417 2679 55 47 ist
2514 2676 73 50 die
2630 2675 194 50 höchste
2862 2670 384 69 Objectivität
3287 2669 48 49 in

1765 2759 127 49 einer
1921 2760 169 57 Kunst,
2121 2758 72 49 die
2224 2758 137 58 doch,
2404 2758 90 48 wie
2525 2756 81 50 das
2638 2752 353 54 Christenthum
3021 2750 160 58 selbst,
3223 2749 109 49 dem

1765 2839 65 48 sie
1858 2839 100 48 ihre
1989 2839 298 66 Entstehung
2315 2836 244 59 verdankt,
2588 2836 46 49 in
2664 2835 84 50 der
2779 2830 320 69 Subjectivität
3128 2830 208 51 wurzelt.

1765 2919 142 48 Diese
1938 2918 313 66 Objectivität,
2288 2918 74 49 die
2399 2912 421 54 hervorstechende
2852 2909 479 68 Eigenthümlichkeit

1765 2998 183 57 Bach's,
1981 2996 150 51 bricht
2160 2998 84 48 mit
2272 2996 84 50 der
2385 2995 137 51 Kraft
2551 2995 83 50 der
2662 2993 259 52 Wahrheit
2955 2989 166 58 durch,
3165 2986 165 52 sobald

1764 3076 65 49 sie
1858 3076 147 49 durch
2037 3076 72 49 die
2140 3075 312 67 Aufführung
2490 3092 87 31 von
2615 3071 287 51 Bach'sehen
2933 3067 215 51 Werken
3180 3066 44 48 in
3255 3066 73 48 die

1764 3156 326 65 Erscheinung
2119 3155 112 57 tritt,
2262 3173 75 30 wo
2366 3155 63 48 sie
2460 3154 124 49 dann
2613 3169 83 33 aus
2725 3151 89 49 den
2845 3146 295 52 brausenden
3166 3145 164 51 Tiefen

1764 3234 82 49 der
1870 3234 420 65 Tonwandlungen
2320 3231 97 51 und
2446 3231 90 50 den
2565 3231 47 49 in
2634 3227 225 53 einander
2881 3225 301 52 strömenden
3209 3226 79 48 Wo-

1763 3329 88 50 gen
1882 3311 84 50 der
1995 3311 408 68 Vielstimmigkeit
2431 3311 87 50 wie
2547 3311 102 49 eine
2679 3309 161 51 Göttin
2870 3305 339 67 emportaucht.

1881 3394 100 47 Der
2009 3391 284 51 Reichthum
2338 3391 84 50 der
2452 3393 156 48 Kunst
2650 3389 80 51 des
2775 3390 123 50 alten
2941 3385 260 57 Sebastian,
3245 3382 83 50 der

1764 3470 180 50 überall
1976 3471 99 59 frei,
2104 3470 328 67 selbstständig
2470 3469 98 51 und
2596 3470 45 48 in
2673 3470 118 48 allen
2822 3466 241 66 Regionen
3092 3462 79 50 des
3201 3462 96 49 Ton-

1763 3549 160 49 lebens
1945 3550 224 50 heimisch
2193 3551 72 59 ist,
2296 3551 56 49 ist
2381 3550 122 50 denn
2532 3546 261 69 vorzüglich
2826 3545 119 51 auch
2975 3544 45 48 in
3050 3541 107 50 dem

1764 3628 82 49 der
1986 3629 366 51 11-moll-Messezu
2353 3629 305 51 bewundern.
2696 3626 89 48 Die
2817 3624 165 49 beiden
3013 3629 154 42 ersten
3198 3622 134 49 Sätze

1764 3708 264 59 derselben,
2058 3709 83 51 das
2583 3708 157 68 Kyrie
2354 3709 94 49 und
3207 3705 155 53 Gloria
2688 3704 99 49 sind
2817 3702 119 51 nach
2967 3702 153 49 einem
3144 3701 163 50 Schrei-

1763 3788 94 49 ben
1879 3790 186 58 Bach's,
2095 3790 83 50 mit
2201 3790 223 50 welchem
2456 3805 51 32 er
2535 3788 63 48 sie
2629 3803 58 32 an
2710 3782 241 51 Friedrich
2975 3782 207 66 August,
3207 3782 96 47 Kur-

1765 3868 184 49 fürsten
1977 3885 89 33 von
2095 3869 221 54 Sachsen,
2359 3865 211 69 gesandt,
2613 3864 60 48 im
2704 3862 146 51 Jahre
2888 3860 145 52 1733
3077 3860 103 66 (der
3208 3860 124 49 Briel

1764 3948 57 48 ist
1843 3964 104 33 vom
1967 3948 89 50 27.
2078 3946 111 68 Juli)
2215 3946 277 68 componirt,
2522 3945 72 50 die
2619 3944 200 66 übrigen
2837 3944 131 47 Sätze
2991 3941 45 48 in
3060 3941 91 48 den
3174 3940 163 49 nächst

1766 4024 251 71 folgenden
2043 4028 193 55 Jahren,
2286 4025 217 50 wiewohl
2533 4024 126 49 Bach
2705 4024 63 48 im

1766 4106 97 50 und
2031 4105 165 70 Agnus
2417 4104 99 52 Dei
2211 4105 189 48 frühere
2432 4102 385 68 Compositionen
2846 4119 104 32 zum
2982 4100 132 49 Theil
3146 4099 195 50 benutzt

1766 4185 157 52 haben
1952 4188 98 49 soll.
2095 4184 176 68 (Vergl.
2300 4185 42 48 J.
2373 4184 144 51 Rietz'
2550 4184 225 49 Vorwort
2813 4199 104 36 zum
2947 4181 79 50 VI.
3057 4179 165 53 Bande
3250 4196 90 35 von
