3487 4412
1676 94 106 52 189

110 248 186 71 genden
324 250 155 50 Pause
507 248 130 49 hätte
667 244 227 52 vielleicht
932 245 194 66 genügt.
1181 239 55 51 In
1277 239 158 70 Bezug
1477 240 85 51 auf
1594 239 90 52 den

108 329 336 71 dynamischen
464 327 270 59 Ausdruck,
765 324 274 66 überhaupt
1066 319 86 52 auf
1174 318 92 52 den
1294 319 210 69 Vortrag
1532 319 153 52 dieser

103 410 99 51 und
230 409 244 52 ähnlicher
497 405 383 69 Compositionen
903 403 172 49 älterer
1096 399 207 58 Meister,
1334 399 75 51 die
1430 399 254 51 denselben

106 508 86 51 gar
220 489 128 52 nicht
376 487 333 52 bezeichneten
739 483 64 68 (in
833 483 86 49 der
940 478 365 53 H-mott-Messe
1326 498 37 32 z.
1381 480 53 51 B.
1458 480 57 50 ist
1537 479 117 51 höch-

106 579 123 42 stens
258 570 48 50 in
334 568 90 52 den
455 565 310 52 Solostücken
794 563 126 51 beim
949 559 194 52 Eintritt
1171 558 84 51 der
1278 559 301 70 Singstimme
1608 560 75 51 ein

108 649 160 53 Piano
290 650 65 49 im
379 645 275 52 Grundbass
701 643 117 52 oder
840 640 122 52 auch
986 640 47 50 in
1053 639 89 52 den
1162 640 218 51 Violinen
1402 638 281 70 angezeigt),

108 730 155 51 dürfte
294 746 110 33 man
435 743 195 34 unserer
658 723 200 52 Ansicht
884 720 140 60 nach,
1061 720 122 50 ohne
1211 720 96 50 sich
1338 722 73 48 ein
1442 720 240 51 Gewissen

108 808 174 53 daraus
310 826 57 31 zu
397 807 217 58 machen,
657 803 154 66 einige
847 799 352 67 Abwechslung
1242 799 97 51 und
1378 799 305 67 Schattirung

108 888 149 52 durch
297 885 145 66 piano
485 884 97 51 und
614 884 133 66 forte
790 880 121 68 (hier
950 899 36 32 z.
1015 880 55 50 B.
1099 879 65 51 im
1190 879 73 51 Et
1289 876 281 54 incarnatus
1598 880 81 61 est,

107 970 65 50 im
310 965 254 69 Crucifixus
565 964 36 52 und
629 964 63 50 im
1352 959 246 70 Confiteor)
996 959 274 69 anbringen.
1301 960 166 51 Wenn
1491 959 87 51 wir
1600 959 55 50 da-

108 1050 85 50 mit
215 1048 121 51 auch
358 1047 293 63 keineswegs
672 1042 93 50 den
786 1040 383 60 übertriebenen,
1198 1039 70 51 bis
1296 1040 70 50 ins
1396 1039 286 51 kleinlichste

108 1129 159 51 Detail
296 1118 248 77 gehenden
567 1122 706 66 Ausdrucks-Bezeichnungen,
1302 1119 178 51 welche
1509 1136 174 33 neuere

110 1205 341 68 Herausgeber
493 1203 84 51 der
605 1200 424 52 Kirchenmusiken
1072 1200 118 51 alter
1217 1197 342 53 Niederländer
1588 1197 95 50 und

110 1288 218 49 Italiäner
356 1284 84 50 mit
468 1283 203 51 Zeichen
700 1280 97 51 und
826 1280 206 52 Worten
1076 1278 276 68 angegeben
1383 1277 174 59 haben,
1600 1277 83 50 das

110 1367 149 52 Wort
286 1363 147 52 reden
470 1363 192 60 wollen,
704 1378 49 33 so
797 1360 177 51 scheint
1014 1377 87 33 uns
1145 1358 119 51 doch
1308 1358 74 49 die
1425 1357 259 68 durchweg

112 1447 180 68 gleiche
322 1443 317 67 Tonfärbung
668 1461 57 31 zu
753 1439 272 70 pedantisch
1056 1439 120 51 nach
1207 1438 84 49 der
1320 1435 208 52 anderen
1559 1437 123 50 Seite

111 1528 96 50 hin.
235 1527 87 51 Bei
351 1525 128 50 einer
493 1523 158 52 Musik
680 1539 85 35 aus
794 1520 107 51 dem
930 1520 192 66 vorigen
1137 1517 342 59 Jahrhundert,
1503 1518 180 49 welche

116 1605 122 53 doch
264 1607 172 49 immer
464 1604 93 51 den
586 1600 235 54 Verstand
849 1599 340 67 vorzugsweise
1218 1597 295 67 beschäftigt,
1552 1598 132 49 sollte

112 1703 128 42 man,
282 1702 140 34 wenn
464 1684 63 51 sie
565 1684 116 66 jetzt
722 1697 243 52 gesungen
1007 1678 136 60 wird,
1188 1677 105 50 dem
1326 1677 177 50 Gefühl
1533 1677 149 49 durch

110 1764 92 51 den
224 1763 253 52 Ausdruck
499 1763 135 49 mehr
654 1760 266 65 Rechnung
948 1765 186 60 tragen,
1165 1758 65 49 als
1260 1757 95 49 dies
1386 1755 297 68 gewöhnlich

116 1845 75 51 bei
223 1844 90 51 den
342 1842 325 53 betreffenden
696 1839 375 67 Aufführungen
1100 1837 86 50 der
1216 1837 103 50 Fall
1348 1837 68 49 ist.

468 2098 169 57 Aus
713 2094 607 61 Wiesbaden.

108 2225 125 49 [Oper
341 2223 243 48 Gastspiele:
613 2222 135 37 Fräul.
778 2220 253 38 Lehmann
1135 2219 134 39 Fräul.
1299 2217 302 38 Zirndorfer

139 2288 101 36 Herr
266 2284 337 38 Hahnemann
712 2284 102 37 Herr
839 2282 246 38 Hnmbser
1193 2281 165 37 Concert
1454 2279 207 49 Quartett.]

1108 2382 101 36 Den
1254 2382 61 38 25.
1356 2381 100 35 Mai
1495 2382 113 37 1858.

235 2472 100 49 Seit
362 2470 107 50 dem
502 2470 406 66 Wiederanfange
937 2468 84 51 der
1051 2469 363 66 Vorstellungen
1447 2469 119 48 nach
1598 2467 89 52 den

120 2553 175 50 kurzen
325 2550 290 51 Osterferien
644 2568 103 32 war
785 2549 146 51 schon
962 2549 72 50 ein
1063 2548 182 51 rechtes
1274 2548 164 49 Leben
1467 2547 94 49 und
1592 2549 63 48 Re-

117 2650 91 49 gen
238 2632 86 49 auf
343 2630 111 51 den
480 2632 220 49 Brettern
728 2647 57 32 zu
813 2628 276 58 bemerken,
1127 2628 178 49 welche
1334 2627 75 50 die
1437 2627 137 52 Welt
1602 2627 55 49 be-

113 2712 189 49 deuten.
330 2710 178 51 Nächst
536 2709 107 51 dem
666 2708 396 51 Raimund'schen
1574 2707 108 49 kam

113 2790 222 51 zunächst
767 2788 85 49 mit
873 2787 84 49 der
977 2789 261 65 Besetzung
1268 2803 194 33 unseres
1491 2787 195 66 eigenen

115 2870 248 51 Personals
395 2869 352 68 (Tannhäuser:
777 2868 129 48 Herr
932 2867 193 58 Peretti,
1157 2865 83 51 der
1269 2865 178 51 wieder
1476 2867 80 48 für
1585 2865 101 50 eine

121 2949 151 51 Reihe
300 2966 90 34 von
417 2949 179 50 Jahren
640 2948 80 48 für
763 2945 74 51 die
879 2947 177 66 hiesige
1094 2945 167 50 Bühne
1305 2962 262 51 gewonnen
1611 2944 81 57 ist;

120 3028 268 50 Elisabeth:
431 3028 158 50 Fräul.
619 3025 245 59 Uhrlaub;
913 3025 267 69 Landgraf:
1224 3027 127 48 Herr
1379 3023 312 67 Eichberger)

120 3108 162 50 daran.
313 3108 158 50 Fräul.
501 3108 318 57 Lehmann,
849 3105 102 50 eine
968 3105 156 50 Dänin
1144 3121 89 34 von
1251 3104 200 60 Geburt,
1482 3105 66 49 als
1571 3111 121 41 erste

121 3187 231 67 Sängerin
380 3184 85 52 der
493 3185 257 50 deutschen
779 3185 133 66 Oper
940 3185 48 49 in
1015 3184 301 51 Amsterdam
1349 3184 85 50 auf
1457 3183 107 49 dem
1585 3184 80 47 Zet-

118 3267 64 48 tel
211 3264 287 60 bezeichnet,
527 3264 192 66 gastirte
748 3263 46 49 in
817 3264 181 48 Norma
1020 3263 46 49 in
1090 3263 84 49 der
1190 3263 240 49 Titelrolle
1454 3262 84 49 mit
1560 3278 105 50 gros-

120 3362 97 33 sem
247 3344 207 51 Beifalle.
503 3344 90 48 Die
623 3343 196 49 Stimme
856 3342 85 49 der
970 3343 230 66 Sängerin
1232 3342 57 48 ist
1317 3342 74 49 ein
1420 3342 241 49 Mezzo-So-

120 3441 133 51 pran.
283 3423 108 49 Ihre
409 3422 252 50 Coloratur
687 3422 57 48 ist
772 3420 498 59 anerkennenswert!),
1301 3419 118 51 doch
1449 3420 127 49 nicht
1604 3420 58 49 im-

122 3521 102 33 mer
266 3503 100 49 rein
409 3502 95 50 und
546 3519 89 33 von
677 3499 236 52 forcirtem
944 3499 181 52 Wesen
1171 3500 107 58 frei;
1322 3500 73 49 ihr
1425 3500 169 49 Triller
1636 3499 56 50 ist

122 3583 120 51 auch
273 3582 109 49 kein
412 3580 185 51 rechter
620 3578 183 52 Triller.
831 3579 106 50 Von
968 3579 124 67 Spiel
1122 3578 97 51 und
1242 3578 163 51 Mimik
1435 3596 101 31 war
1565 3578 127 49 nicht

126 3664 86 50 viel
235 3662 146 51 Rede.
438 3662 129 49 Herr
593 3659 176 51 Peretti
799 3666 171 43 wusste
1012 3659 96 50 sich
1151 3659 89 50 alle
1271 3659 205 66 Geltung
1504 3676 53 31 zu
1588 3674 76 32 ver-

123 3742 226 54 schaffen,
380 3739 74 51 die
483 3740 95 50 ihm
607 3739 126 50 seine
763 3738 195 51 Stimme
987 3756 90 30 nur
1106 3744 233 60 gestattet.
1368 3739 99 47 Das
1495 3739 167 64 vorzüg-

123 3823 120 48 liche
273 3820 125 69 Spiel
441 3819 173 51 sichert
652 3818 98 49 ihm
779 3818 120 51 noch
929 3817 168 49 immer
1125 3815 444 68 durchdringenden
1597 3815 60 49 Er-

125 3902 110 66 folg.
264 3900 159 55 Fräul.
454 3897 216 53 Herbold
686 3895 258 70 (Adalgisa)
969 3898 57 48 ist
1054 3895 73 51 die
1157 3897 175 66 einzige
1355 3895 228 68 Sängerin
1614 3912 74 33 am

123 3979 328 52 Wiesbadener
466 3979 223 59 Theater,
718 3977 73 50 die
821 3978 129 49 rein
979 3977 138 67 singt,
1147 3975 121 51 ohne
1291 3974 398 67 Uebertreibung,

126 4058 86 49 mit
233 4059 172 51 Schule
435 4058 97 53 und
550 4057 304 54 Geschmack.
878 4057 80 49 Ihr
979 4057 126 67 Spiel
1133 4057 57 49 ist
1217 4054 230 52 natürlich
1477 4053 98 51 und
1608 4071 54 49 ge-

126 4137 234 50 winnend.

1885 239 55 50 In
1969 234 85 53 der
2082 233 190 53 Zauber
2277 234 111 52 flöte
2418 235 228 69 gastirten
2685 234 67 52 als
2782 234 223 51 Sarastro
3048 231 130 50 Herr
3207 230 112 52 Hah-

1764 336 250 35 nemann
2044 333 105 34 vom
2181 315 228 51 olmützer
2440 315 223 61 Theater,
2694 315 67 51 als
2784 314 203 52 Pamina
3009 310 161 54 Fräul.
3193 311 131 50 Zirn-

1763 399 201 51 dorfer
2004 414 108 33 vom
2157 395 467 69 grossherzoglichen
2653 395 289 52 Hoftheater
2978 393 47 52 in
3055 390 301 61 Darmstadt,

1762 480 66 50 als
1858 477 238 69 Sprecher
2138 475 73 50 ein
2242 475 128 50 Herr
2398 477 56 49 R.
2486 477 233 59 Müller,
2764 474 86 52 der
2888 474 165 52 besser
3095 491 90 50 gar
3227 470 129 52 nicht

1759 558 313 68 gesprochen,
2101 572 119 51 resp.
2253 572 244 51 gesungen
2529 557 141 49 hätte.

1876 638 159 51 Fräul.
2064 635 276 51 Zirndorfer
2379 653 102 34 war
2517 635 75 51 die
2623 635 359 70 erquicklichste
3011 634 339 69 Erscheinung

1758 718 79 51 des
1886 717 208 52 Abends.
2153 715 108 51 Ihre
2317 715 199 51 Stimme
2567 717 82 50 hat
2704 717 103 49 eine
2863 714 277 69 ausgiebige
3189 715 160 59 Kraft,

1758 798 212 51 Schmelz
1993 797 96 50 und
2106 798 132 66 jenes
2253 797 254 59 Seelische,
2538 814 97 33 was
2658 795 96 51 sich
2785 813 92 33 nur
2905 794 289 70 empfinden,
3218 794 129 51 nicht

1758 877 310 52 beschreiben
2110 878 120 48 lässt.
2286 875 155 51 Dabei
2484 877 59 49 ist
2585 877 101 49 ihre
2714 875 333 68 Erscheinung
3089 875 174 51 immer
3291 892 53 34 so

1757 957 139 59 ideal,
1926 974 49 33 so
2002 955 274 60 anziehend,
2307 955 104 51 dass
2436 974 109 33 man
2568 974 120 51 ganz
2714 957 107 49 Ohr
2845 955 97 51 und
2966 957 137 49 Seele
3132 955 83 50 für
3243 955 105 50 ihre

1758 1038 286 66 Leistungen
2067 1035 69 51 ist.
2168 1037 99 48 Für
2290 1034 89 51 den
2403 1054 193 50 grossen
2614 1037 193 50 Haufen
2830 1037 57 49 ist
2907 1037 65 48 sie
3004 1034 180 51 freilich
3207 1034 140 52 keine

1758 1117 245 67 Sängerin,
2047 1115 121 51 auch
2199 1114 133 51 keine
2362 1115 267 51 Schreierin
2740 1117 118 50 aber
2886 1117 104 49 eine
3020 1114 162 51 rechte
3212 1115 108 51 Prie-

1757 1195 142 51 sterin
1928 1195 85 50 der
2042 1195 160 50 reinen
2232 1194 259 52 Tonkunst.
2520 1197 128 48 Herr
2675 1195 322 51 Hahnemann
3025 1211 103 34 war
3156 1194 76 51 ein
3262 1212 57 51 ge-

1759 1275 282 50 müthlicher
2072 1275 215 50 Sarastro
2333 1275 123 50 ohne
2486 1277 224 48 Priester-
2741 1275 98 51 und
2869 1273 380 70 Königswürde;
3292 1293 53 33 er

1758 1357 58 49 ist
1843 1355 251 66 Anfänger
2122 1355 47 50 in
2200 1354 188 67 Gesang
2417 1354 95 50 und
2543 1357 124 66 Spiel
2712 1354 96 51 und
2850 1372 130 33 muss
3009 1354 123 51 noch
3164 1354 150 67 gründ-

1759 1435 136 59 liche,
1926 1433 281 52 anhaltende
2237 1433 195 51 Studien
2464 1435 215 59 machen,
2722 1435 87 50 ehe
2840 1452 53 33 er
2922 1434 87 51 auf
3033 1434 91 50 den
3155 1434 188 51 Namen

2061 1514 251 67 Anspruch
2356 1514 198 50 machen
2599 1514 139 51 kann.
2792 1514 115 52 Wie
2950 1514 112 50 sehr
3105 1512 238 53 bedauert

1759 1612 109 32 man
1906 1594 125 50 beim
2060 1593 233 51 Anblicke
2341 1593 184 49 solcher
2553 1595 198 66 Sänger,
2801 1593 76 51 die
2920 1593 131 51 nicht
3089 1593 253 68 sprechen,

1759 1674 127 51 nicht
1928 1674 151 67 gehen
2124 1673 204 58 können,
2371 1672 75 50 die
2477 1673 167 51 Hände
2688 1674 129 50 nicht
2859 1692 58 32 zu
2957 1674 152 50 lassen
3151 1674 189 56 wissen,

1760 1753 135 49 keine
1926 1753 227 67 passende
2182 1752 164 50 Mimik
2389 1752 117 50 oder
2535 1771 86 49 gar
2656 1753 137 49 keine
2823 1752 176 59 haben,
3044 1753 103 49 eine
3184 1752 123 52 wohl-

1760 1834 279 66 organisirte
2072 1832 367 50 Theaterschule
2469 1833 47 48 in
2544 1832 348 50 Deutschland!
2947 1833 100 49 Das
3075 1832 265 52 Aushalten

1760 1913 126 49 eines
1914 1912 84 50 der
2026 1913 195 49 Stimme
2252 1912 234 50 natürlich
2516 1912 198 68 eigenen
2743 1913 143 49 tiefen
2916 1913 154 49 Tones
3107 1913 160 49 macht
3295 1914 47 65 ja

1760 1992 121 49 noch
1912 1993 138 66 lange
2082 1992 165 49 keinen
2279 1992 209 66 Sänger;
2541 1990 82 51 das
2653 2008 162 51 grosse
2842 1990 251 51 Publicum
3122 2008 190 33 verwun-

1762 2072 132 49 derte
1922 2072 95 49 sich
2047 2072 224 57 darüber,
2303 2072 136 49 allein
2468 2072 195 49 solche
2693 2070 419 69 Anerkennungen
3135 2070 104 51 sind
3262 2072 80 49 für

1764 2150 135 50 einen
1928 2150 248 66 Anfänger
2211 2150 110 50 sehr
2350 2149 277 67 gefährlich.
2686 2152 126 49 Was
2840 2150 98 50 ihm
2968 2150 146 51 heute
3142 2149 198 52 Abends

1763 2230 413 68 unaussprechlich
2200 2229 145 60 blieb,
2374 2230 245 50 versuchte
2649 2247 54 33 er
2732 2248 60 33 an
2822 2232 153 49 einem
3005 2229 85 51 der
3117 2230 225 51 nächsten

1762 2309 202 51 Abende
1992 2310 45 49 in
2068 2310 152 50 einem
2252 2309 230 50 Concerte
2525 2310 86 50 auf
2648 2308 85 52 der
2769 2309 377 52 chromatischen
3183 2310 131 51 Stahl-

1762 2390 132 50 zitter
2030 2389 172 51 heraus
2230 2407 56 32 zu
2314 2389 193 50 zittern!

1881 2469 158 50 Fräul.
2063 2469 247 50 Lehmann
2334 2468 97 51 und
2455 2469 158 50 Fräul.
2637 2468 274 52 Zirndorfer
2933 2469 224 67 gastirten
3182 2470 158 50 ferner

1760 2548 66 49 als
1856 2549 171 48 Donna
2055 2549 140 48 Anna
2224 2548 97 49 und
2350 2549 172 48 Donna
2549 2548 161 49 Elvira
2738 2549 64 48 im
2831 2550 109 49 Don
2962 2550 141 49 Juan.
3132 2549 66 50 Es
3227 2550 110 50 lässt

1759 2627 95 49 sich
1886 2625 120 50 über
2035 2627 164 49 beider
2228 2627 324 66 Sängerinnen
2580 2627 289 67 Leistungen
2912 2646 93 30 nur
3046 2627 83 50 das
3169 2628 170 49 vorher

1762 2707 203 66 Gesagte
1995 2704 332 52 wiederholen.
2387 2707 127 48 Herr
2541 2705 474 68 Eichbergerist
3057 2707 74 48 ein
3174 2707 163 49 echter

1760 2787 271 66 Leporello;
2063 2803 50 32 er
2141 2787 58 48 ist
2227 2785 85 50 der
2340 2785 283 50 theoretisch
2653 2785 98 50 und
2780 2787 235 67 praktisch
3049 2785 260 68 meistgebil-

1763 2864 105 51 dete
1898 2865 180 68 Sänger
2107 2882 196 33 unserer
2332 2865 168 50 Bühne
2544 2864 97 51 und
2682 2865 100 50 sein
2826 2864 376 69 demnächstiger
3232 2865 68 52 Ab-

1768 2962 127 49 gang
1923 2944 121 51 nach
2074 2944 216 51 Dresden
2319 2945 108 50 sehr
2455 2963 55 32 zu
2543 2944 258 52 bedauern.

1889 3024 171 50 Gästen
2101 3042 56 30 zu
2199 3023 147 51 Liebe
2397 3024 169 50 hörten
2610 3024 86 48 wir
2740 3023 124 51 dann
2907 3023 74 49 die
3009 3024 324 66 Hugenotten.

1766 3103 157 49 Fräul.
1953 3104 248 50 Lehmann
2233 3103 300 67 (Valentine),
2581 3104 128 48 Herr
2737 3103 319 51 Hahnemann
3086 3102 248 68 (Marcellj,

1766 3183 127 48 Herr
1920 3182 190 49 Meffert
2135 3199 105 32 vom
2271 3183 204 48 mainzer
2506 3183 204 48 Theater
2741 3182 189 67 (Raoul)
2968 3199 164 35 waren
3161 3183 173 58 solche,

1766 3259 152 51 neben
1961 3260 150 50 denen
2154 3278 88 32 von
2286 3277 219 33 unserem
2548 3260 288 50 heimischen
2878 3262 254 52 Personale
3175 3263 156 49 Fräul.

1764 3340 268 50 Hartmann
2073 3339 320 67 (Margarethe
2421 3357 87 33 von
2539 3339 198 69 Valois),
2779 3342 160 49 Fräul.
2969 3340 215 51 Herbold
3227 3340 80 63 (Ur-

1766 3418 144 67 bain),
1942 3420 126 47 Herr
2092 3419 162 48 Simon
2286 3420 65 49 als
2383 3420 120 50 Graf
2526 3437 89 33 von
2646 3420 175 49 Nevers
2850 3438 55 31 zu
2935 3419 252 50 erwähnen
3217 3419 117 50 sind.

1764 3498 156 49 Fräul.
1955 3499 249 50 Lehmann
2242 3500 123 49 steht
2402 3517 192 32 unseres
2632 3499 261 50 Erachtens
2929 3498 89 49 den
3046 3499 289 67 Leistungen

1764 3575 80 50 des
1875 3577 156 49 Fräul.
2064 3578 159 58 Stork,
2268 3578 106 67 jetzt
2411 3579 47 48 in
2497 3578 384 66 Braunschweig,
2929 3578 46 48 in
3016 3575 154 51 dieser
3198 3578 139 51 Rolle

1764 3655 268 51 bedeutend
2061 3659 135 48 nach.
2253 3659 65 48 Es
2348 3659 112 48 fehlt
2488 3659 127 48 ihrer
2643 3658 213 57 Stimme,
2892 3657 151 49 ihrem
3074 3658 144 66 Spiel,
3249 3677 56 32 na-

1766 3737 220 49 mentlich
2016 3737 128 50 ihrer
2173 3738 163 48 Mimik
2367 3737 73 49 die
2469 3737 159 49 rechte
2656 3735 345 50 Innerlichkeit.
3043 3737 130 49 Herr
3202 3738 102 49 Hah-

1764 3832 206 33 nemann
2000 3815 174 52 konnte
2202 3817 127 49 nicht
2370 3819 217 62 genügen
2619 3815 79 49 für
2726 3813 125 51 diese
2881 3814 174 51 Partie.
3105 3817 69 48 Er
3203 3817 132 50 sollte

1764 3894 95 50 sich
1891 3904 95 42 erst
2013 3898 47 48 in
2089 3897 237 49 kleineren
2355 3894 217 50 Partieen
2614 3894 109 50 alles
2754 3893 238 68 dasjenige
3020 3895 320 52 vollkommen

1766 3974 250 67 aneignen,
2039 3993 97 32 was
2159 3975 93 49 ihm
2277 3975 113 65 jetzt
2409 3973 120 49 noch
2554 3973 126 49 fehlt.
2710 3974 159 48 Herrn
2892 3973 226 51 Meffert's
3141 3975 198 50 Stimme

1767 4054 82 50 hat
1876 4055 169 50 immer
2073 4055 119 50 noch
2223 4054 171 50 schöne
2425 4054 150 59 Töne,
2611 4053 193 51 obwohl
2832 4054 65 48 sie
2926 4054 121 51 auch
3076 4054 145 51 schon
3253 4073 55 33 an-

1767 4134 228 67 gegriffen
2026 4135 67 50 ist.
2135 4134 111 50 Sein
2276 4132 125 69 Spiel
2431 4133 57 51 ist
2517 4151 117 50 ganz
2662 4134 282 67 vorzüglich.
3000 4135 160 52 Fräul.
3190 4135 120 54 Hart-
