2702 4221
1053 844 352 70 VARIA

548 1043 439 62 Correspondance.
988 1043 6 62 —
1124 1045 146 45 Faits
1303 1043 204 62 divers.
1539 1043 33 62 —
1604 1043 307 62 Nouvelles.

922 1432 233 58 FAITS
1226 1433 304 57 DIVERS

782 1605 53 25 AR
853 1593 182 37 décision
1058 1593 55 37 du
1147 1593 187 37 ministre
1357 1594 48 36 de
1426 1593 279 38 l'instruction
1732 1593 197 50 publique
1962 1601 40 30 et
2035 1594 72 38 des

784 1656 251 47 beaux-arts,
1061 1668 69 24 sur
1150 1656 36 37 la
1208 1656 259 49 proposition
1501 1656 48 36 de
1579 1657 57 38 M.
1660 1656 448 48 Ambroise-Thomas,

784 1719 56 34 M.
864 1718 169 48 Eugène
1049 1718 215 48 Jancourt,
1285 1718 184 37 membre
1499 1718 54 35 du
1577 1717 150 38 comité
1749 1718 225 48 d'examen,
1999 1717 112 37 vient

782 1779 124 37 d'être
929 1780 166 36 nommé
1115 1779 231 50 professeur
1365 1779 21 37 à
1414 1779 38 37 la
1475 1780 125 36 classe
1621 1779 47 37 de
1691 1779 148 37 basson
1861 1792 51 24 au
1929 1779 153 38 Conser-

782 1840 171 49 vatoire,
977 1853 51 26 en
1050 1842 322 49 remplacement
1391 1841 48 37 de
1463 1842 56 36 M.
1542 1840 184 47 Cokken,
1747 1840 161 38 décédé.

899 1990 58 36 M.
984 1989 140 38 Potier
1150 1996 123 43 ayant
1301 1989 62 37 été
1397 1990 165 37 nommé
1586 1988 231 51 professeur
1837 1988 49 38 de
1910 1988 123 38 chant
2054 2000 51 27 en

332 2051 320 50 remplacement
671 2053 48 36 de
742 2053 56 36 M.
823 2053 138 48 Laget,
986 2052 54 37 M.
1066 2051 218 36 Croharéa
1305 2051 61 36 été
1385 2051 167 37 nommé
1572 2053 21 34 à
1615 2051 37 36 la
1672 2051 113 48 place
1804 2050 49 37 de
1874 2051 58 38 M.
1950 2049 153 40 Potier.

337 2113 107 38 D'un
466 2121 115 30 autre
602 2114 104 48 côté,
730 2114 56 36 M.
810 2102 133 47 Émile
967 2113 250 36 Descombes
1238 2113 169 36 succède
1425 2115 20 34 à
1469 2113 57 37 M.
1554 2112 197 47 Croharé,
1775 2119 40 30 et
1837 2112 57 36 M.
1915 2111 189 37 Antonin

338 2174 250 39 Marmontel
619 2174 129 51 prend
777 2174 39 37 la
837 2174 113 49 place
978 2173 48 38 de
1062 2174 57 38 M.
1158 2173 251 37 Descombes
1434 2185 161 26 comme
1615 2172 231 51 professeur
1865 2173 49 37 de
1936 2171 166 50 solfège.

451 2310 118 37 Nous
590 2309 130 38 lisons
743 2309 101 38 dans
859 2308 136 38 VEntr
998 2309 6 12 J
1011 2316 88 30 acte
1123 2321 8 27 :

381 2387 17 21 «
428 2372 66 37 Un
517 2373 122 48 opéra
661 2373 47 36 de
732 2371 257 38 Destouches
1011 2371 148 49 (1712),
1182 2371 93 49 joué
1289 2382 160 26 comme
1470 2372 22 36 à
1513 2370 38 38 la
1571 2383 99 25 cour
1689 2371 54 37 du
1759 2371 128 50 grand
1909 2369 74 44 roi,
2010 2381 95 27 avec

333 2434 179 47 chœurs,
532 2441 206 30 costumes
761 2441 39 30 et
821 2434 156 45 décors,
1000 2433 111 38 voilà
1138 2432 296 38 certainement
1452 2432 37 38 le
1509 2433 197 50 spectacle
1729 2432 37 38 le
1788 2433 91 49 plus
1901 2444 87 25 rare
2011 2439 39 31 et
2067 2432 38 38 le

331 2495 91 50 plus
441 2496 230 39 inattendu.
705 2496 52 36 Et
779 2495 167 49 lorsque
972 2507 106 25 nous
1098 2507 155 26 aurons
1274 2494 137 50 ajouté
1439 2507 80 36 que
1538 2494 170 38 l'œuvre
1735 2494 54 37 du
1820 2494 121 37 vieux
1961 2493 144 38 maître

329 2557 177 51 français
529 2564 61 30 est
621 2569 81 25 une
725 2557 209 37 merveille
956 2557 48 37 de
1026 2554 120 52 grâce
1167 2565 39 29 et
1243 2557 48 37 de
1317 2555 205 52 jeunesse,
1545 2555 180 38 l'intérêt
1753 2555 49 38 de
1825 2568 76 24 nos
1928 2555 177 38 lecteurs

332 2630 51 25 en
409 2630 87 25 sera
516 2618 91 50 plus
628 2618 205 37 vivement
856 2618 144 37 excité.
1036 2618 77 37 Tel
1150 2625 59 30 est
1230 2618 38 37 le
1301 2617 216 50 spectacle,
1538 2620 22 33 à
1598 2628 106 37 coup
1727 2616 70 37 sûr
1830 2616 153 49 unique
2006 2616 99 37 dans

331 2691 76 26 son
428 2692 136 36 genre,
588 2691 80 37 que
688 2691 106 25 nous
817 2680 159 36 réserve
999 2679 58 36 M.
1092 2679 143 37 Danbé
1261 2691 104 36 pour
1393 2691 75 25 son
1488 2686 168 29 concert
1677 2678 49 37 de
1755 2677 128 37 mardi
1905 2676 200 50 prochain

330 2754 51 24 au
403 2740 157 38 théâtre
581 2742 49 36 de
651 2741 37 37 la
712 2741 107 37 Salle
837 2741 213 39 Taitbout.
1078 2740 251 38 L'attention
1350 2741 71 36 des
1444 2740 154 37 érudits
1621 2739 98 37 était
1741 2738 167 38 éveillée
1925 2738 88 51 déjà
2036 2750 69 25 sur

332 2814 44 25 ce
397 2802 119 49 point
536 2815 71 36 par
625 2802 38 37 la
687 2802 106 37 belle
815 2802 243 37 découverte
1080 2814 80 37 que
1189 2803 57 36 M.
1270 2801 246 38 Vaucorbeil
1537 2813 22 24 a
1578 2802 93 37 faite
1702 2804 22 33 à
1744 2800 36 36 la
1804 2801 227 46 Sorbonne,
2055 2801 49 36 de

330 2863 39 37 la
389 2863 282 49 bibliothèque
694 2864 53 36 du
769 2863 179 49 marquis
968 2864 48 36 de
1042 2863 173 47 Lasalle,
1241 2865 53 35 où
1327 2862 129 50 figure
1477 2874 82 26 une
1588 2862 219 37 collection
1835 2861 201 49 complète
2054 2862 50 37 de

331 2933 115 29 notre
480 2924 136 38 vieille
656 2925 111 36 école
800 2924 211 52 française,
1045 2924 33 37 si
1110 2925 269 37 intéressante
1415 2932 40 29 et
1484 2924 31 37 si
1551 2923 228 39 inconnue.
1823 2923 56 37 M.
1913 2923 188 47 Lacome,

332 2994 146 29 auteur
497 2987 98 35 d'un
619 2985 284 49 remarquable
924 2985 143 37 travail
1091 2998 69 24 sur
1181 2997 44 25 ce
1247 2984 118 50 sujet,
1397 2985 140 49 publié
1553 2985 100 36 dans
1673 2985 38 37 la
1734 2983 228 50 Chronique
1981 2984 96 37 musi-

330 3047 86 38 cale
440 3050 68 44 (1),
539 3060 21 24 a
583 3047 144 37 rétabli
745 3047 38 37 la
802 3047 196 49 partition
1023 3048 156 48 d'après
1202 3048 58 36 les
1285 3047 246 37 indications
1555 3046 231 49 originales.
1809 3046 57 37 Le
1894 3046 211 38 ministère

330 3109 68 36 des
421 3109 258 36 Beaux-Arts
701 3121 21 24 a
743 3109 339 48 généreusement
1099 3110 159 47 appuyé
1291 3107 36 38 la
1355 3109 197 37 tentative
1586 3108 205 38 vraiment
1814 3107 211 38 nationale
2049 3107 54 36 du

330 3170 120 50 jeune
466 3178 39 30 et
525 3170 234 50 intelligent
782 3170 89 38 chef
893 3170 265 47 d'orchestre,
1184 3178 40 30 et
1237 3170 109 38 voilà
1367 3178 223 41 comment,
1611 3171 49 37 de
1682 3178 94 30 tous
1793 3182 65 26 ces
1880 3177 169 30 travaux
2065 3176 40 30 et

330 3232 48 37 de
397 3239 94 30 tous
515 3244 64 25 ces
599 3233 104 36 bons
724 3232 187 38 vouloirs
927 3232 139 37 réunis
1089 3232 211 46 résultera,
1323 3244 105 37 pour
1444 3232 36 37 le
1501 3231 129 38 mardi
1652 3246 20 23 2
1693 3244 122 36 mars,
1833 3244 55 24 un
1905 3230 198 50 spectacle

330 3294 183 36 d'autant
534 3293 92 49 plus
648 3293 154 49 unique
832 3305 79 37 que
946 3293 209 38 Callirhoé
1182 3294 112 48 (c'est
1325 3293 38 38 le
1383 3293 94 38 titre
1503 3294 49 38 de
1572 3294 181 49 l'œuvre)
1790 3293 140 37 n'aura
1951 3293 152 47 qu'une

331 3354 107 37 seule
461 3354 343 50 représentation.

377 3476 50 42 (1)
449 3475 155 34 Voiries
626 3477 174 32 numéros
819 3476 62 33 des
908 3487 12 24 l
928 3483 29 18 er
975 3478 132 42 juillet,
1138 3488 10 22 lel'1
1158 3484 24 18 e1
1182 3474 4 46 '
1202 3478 100 41 août,
1332 3488 11 22 i
1352 3483 26 14 er
1398 3476 209 44 septembre
1629 3481 34 27 et
1685 3484 34 25 ie
1722 3481 12 14 r
1752 3474 206 33 décembre.
