<?xml version="1.0" encoding="UTF-8"?>
<alto xmlns:xsi="http://www.w3.org/2001/XMLSchema-instance" xmlns="http://www.loc.gov/standards/alto/ns-v2#" xsi:schemaLocation="http://www.loc.gov/standards/alto/ns-v2# http://www.loc.gov/standards/alto/alto-v2.0.xsd" xmlns:xlink="http://www.w3.org/1999/xlink">
	<Description>
		<MeasurementUnit>mm10</MeasurementUnit>
		<sourceImageInformation>
			<fileName>//fileserver7/IN2/Princeton/Batch3/bmtnabc/1875/03/01_01/00000293.tif</fileName>
		</sourceImageInformation>
		<OCRProcessing ID="OCRPROCESSING_1">
			<preProcessingStep>
				<processingSoftware>
					<softwareCreator>CCS Content Conversion Specialists GmbH, Germany</softwareCreator>
					<softwareName>CCS docWORKS</softwareName>
					<softwareVersion>6.6-1.18</softwareVersion>
				</processingSoftware>
			</preProcessingStep>
			<ocrProcessingStep>
				<processingSoftware>
					<softwareCreator>ABBYY (BIT Software), Russia</softwareCreator>
					<softwareName>FineReader</softwareName>
					<softwareVersion>10.0</softwareVersion>
				</processingSoftware>
			</ocrProcessingStep>
		</OCRProcessing>
	</Description>
	<Styles>
		<TextStyle ID="TXT_0" FONTSIZE="16" FONTFAMILY="Times New Roman"/>
		<TextStyle ID="TXT_1" FONTSIZE="26" FONTFAMILY="Times New Roman"/>
		<TextStyle ID="TXT_2" FONTSIZE="14" FONTFAMILY="Times New Roman"/>
		<TextStyle ID="TXT_3" FONTSIZE="12" FONTFAMILY="Times New Roman"/>
		<TextStyle ID="TXT_4" FONTSIZE="14" FONTFAMILY="Times New Roman" FONTSTYLE="italics"/>
		<TextStyle ID="TXT_5" FONTSIZE="10" FONTFAMILY="Times New Roman" FONTSTYLE="bold"/>
		<ParagraphStyle ID="PAR_LEFT" ALIGN="Left"/>
		<ParagraphStyle ID="PAR_RIGHT" ALIGN="Right"/>
	</Styles>
	<Layout>
		<Page ID="P55" PHYSICAL_IMG_NR="55" HEIGHT="4221" WIDTH="2702" PRINTED_IMG_NR="239" PC="0.922">
			<TopMargin ID="P55_TM00001" HPOS="0" VPOS="0" WIDTH="2702" HEIGHT="535">
				<TextBlock ID="P55_TB00001" HPOS="1107" VPOS="465" WIDTH="198" HEIGHT="45" STYLEREFS="TXT_0 PAR_LEFT">
					<TextLine ID="P55_TL00001" HPOS="1109" VPOS="465" WIDTH="196" HEIGHT="45">
						<String ID="P55_ST00001" HPOS="1109" VPOS="465" WIDTH="196" HEIGHT="45" CONTENT="VARIA" WC="0.99" CC="30040"/>
					</TextLine>
				</TextBlock>
				<TextBlock ID="P55_TB00002" HPOS="1998" VPOS="475" WIDTH="88" HEIGHT="58" STYLEREFS="TXT_1 PAR_RIGHT">
					<TextLine ID="P55_TL00002" HPOS="1998" VPOS="475" WIDTH="88" HEIGHT="58">
						<String ID="P55_ST00002" HPOS="1998" VPOS="475" WIDTH="88" HEIGHT="58" CONTENT="239" WC="1.00" CC="000"/>
					</TextLine>
				</TextBlock>
			</TopMargin>
			<LeftMargin ID="P55_LM00001" HPOS="0" VPOS="535" WIDTH="315" HEIGHT="3023"/>
			<RightMargin ID="P55_RM00001" HPOS="2092" VPOS="535" WIDTH="610" HEIGHT="3023"/>
			<BottomMargin ID="P55_BM00001" HPOS="0" VPOS="3558" WIDTH="2702" HEIGHT="663"/>
			<PrintSpace ID="P55_PS00001" HPOS="315" VPOS="535" WIDTH="1777" HEIGHT="3023">
				<TextBlock ID="P55_TB00003" HPOS="315" VPOS="608" WIDTH="1777" HEIGHT="2950" STYLEREFS="TXT_2 PAR_LEFT">
					<TextLine ID="P55_TL00003" HPOS="539" VPOS="609" WIDTH="1548" HEIGHT="48">
						<String ID="P55_ST00003" HPOS="539" VPOS="617" WIDTH="167" HEIGHT="33" CONTENT="pauvres," WC="0.99" CC="23035004" STYLEREFS="TXT_3"/>
						<SP ID="P55_SP00001" HPOS="706" VPOS="650" WIDTH="31"/>
						<String ID="P55_ST00004" HPOS="737" VPOS="609" WIDTH="44" HEIGHT="33" CONTENT="de" WC="0.75" CC="05" STYLEREFS="TXT_3"/>
						<SP ID="P55_SP00002" HPOS="781" VPOS="650" WIDTH="19"/>
						<String ID="P55_ST00005" HPOS="800" VPOS="610" WIDTH="140" HEIGHT="43" CONTENT="l'autre," WC="0.98" CC="04385303" STYLEREFS="TXT_3"/>
						<SP ID="P55_SP00003" HPOS="940" VPOS="653" WIDTH="20"/>
						<String ID="P55_ST00006" HPOS="960" VPOS="611" WIDTH="288" HEIGHT="46" CONTENT="l'indisposition" WC="1.00" CC="145006340013421" STYLEREFS="TXT_3"/>
						<SP ID="P55_SP00004" HPOS="1248" VPOS="657" WIDTH="22"/>
						<String ID="P55_ST00007" HPOS="1270" VPOS="615" WIDTH="222" HEIGHT="35" CONTENT="simultanée" WC="0.99" CC="0708400960" STYLEREFS="TXT_3"/>
						<SP ID="P55_SP00005" HPOS="1492" VPOS="657" WIDTH="22"/>
						<String ID="P55_ST00008" HPOS="1514" VPOS="616" WIDTH="44" HEIGHT="34" CONTENT="de" WC="1.00" CC="00" STYLEREFS="TXT_3"/>
						<SP ID="P55_SP00006" HPOS="1558" VPOS="657" WIDTH="22"/>
						<String ID="P55_ST00009" HPOS="1580" VPOS="618" WIDTH="86" HEIGHT="33" CONTENT="MM." WC="1.00" CC="000" STYLEREFS="TXT_3"/>
						<SP ID="P55_SP00007" HPOS="1666" VPOS="657" WIDTH="24"/>
						<String ID="P55_ST00010" HPOS="1690" VPOS="618" WIDTH="151" HEIGHT="35" CONTENT="Villaret" WC="0.86" CC="00000604" STYLEREFS="TXT_3"/>
						<SP ID="P55_SP00008" HPOS="1841" VPOS="657" WIDTH="20"/>
						<String ID="P55_ST00011" HPOS="1861" VPOS="625" WIDTH="34" HEIGHT="28" CONTENT="et" WC="0.72" CC="05" STYLEREFS="TXT_3"/>
						<SP ID="P55_SP00009" HPOS="1895" VPOS="657" WIDTH="18"/>
						<String ID="P55_ST00012" HPOS="1913" VPOS="620" WIDTH="174" HEIGHT="34" CONTENT="Salomon" WC="1.00" CC="0004000" STYLEREFS="TXT_3"/>
					</TextLine>
					<TextLine ID="P55_TL00004" HPOS="538" VPOS="663" WIDTH="1278" HEIGHT="55">
						<String ID="P55_ST00013" HPOS="538" VPOS="668" WIDTH="64" HEIGHT="27" CONTENT="ont" WC="0.94" CC="095" STYLEREFS="TXT_3"/>
						<SP ID="P55_SP00010" HPOS="602" VPOS="695" WIDTH="21"/>
						<String ID="P55_ST00014" HPOS="623" VPOS="663" WIDTH="130" HEIGHT="44" CONTENT="déjoué" WC="0.99" CC="070205" STYLEREFS="TXT_3"/>
						<SP ID="P55_SP00011" HPOS="753" VPOS="707" WIDTH="22"/>
						<String ID="P55_ST00015" HPOS="775" VPOS="672" WIDTH="83" HEIGHT="27" CONTENT="tous" WC="0.99" CC="0005" STYLEREFS="TXT_3"/>
						<SP ID="P55_SP00012" HPOS="858" VPOS="707" WIDTH="21"/>
						<String ID="P55_ST00016" HPOS="879" VPOS="667" WIDTH="52" HEIGHT="33" CONTENT="les" WC="0.98" CC="310" STYLEREFS="TXT_3"/>
						<SP ID="P55_SP00013" HPOS="931" VPOS="707" WIDTH="22"/>
						<String ID="P55_ST00017" HPOS="953" VPOS="668" WIDTH="133" HEIGHT="32" CONTENT="calculs" WC="0.99" CC="0025450" STYLEREFS="TXT_3"/>
						<SP ID="P55_SP00014" HPOS="1086" VPOS="707" WIDTH="21"/>
						<String ID="P55_ST00018" HPOS="1107" VPOS="675" WIDTH="34" HEIGHT="27" CONTENT="et" WC="0.84" CC="03" STYLEREFS="TXT_3"/>
						<SP ID="P55_SP00015" HPOS="1141" VPOS="707" WIDTH="20"/>
						<String ID="P55_ST00019" HPOS="1161" VPOS="670" WIDTH="170" HEIGHT="33" CONTENT="renversé" WC="0.99" CC="53510500" STYLEREFS="TXT_3"/>
						<SP ID="P55_SP00016" HPOS="1331" VPOS="707" WIDTH="19"/>
						<String ID="P55_ST00020" HPOS="1350" VPOS="670" WIDTH="52" HEIGHT="33" CONTENT="les" WC="1.00" CC="000" STYLEREFS="TXT_3"/>
						<SP ID="P55_SP00017" HPOS="1402" VPOS="707" WIDTH="21"/>
						<String ID="P55_ST00021" HPOS="1423" VPOS="672" WIDTH="242" HEIGHT="43" CONTENT="dispositions" WC="1.00" CC="050620601000" STYLEREFS="TXT_3"/>
						<SP ID="P55_SP00018" HPOS="1665" VPOS="715" WIDTH="21"/>
						<String ID="P55_ST00022" HPOS="1686" VPOS="675" WIDTH="130" HEIGHT="43" CONTENT="prises." WC="0.99" CC="0140400" STYLEREFS="TXT_3"/>
					</TextLine>
					<TextLine ID="P55_TL00005" HPOS="591" VPOS="719" WIDTH="1497" HEIGHT="57">
						<String ID="P55_ST00023" HPOS="591" VPOS="719" WIDTH="41" HEIGHT="32" CONTENT="Je" WC="0.64" CC="07" STYLEREFS="TXT_3"/>
						<SP ID="P55_SP00019" HPOS="632" VPOS="751" WIDTH="19"/>
						<String ID="P55_ST00024" HPOS="651" VPOS="730" WIDTH="58" HEIGHT="23" CONTENT="me" WC="0.65" CC="06" STYLEREFS="TXT_3"/>
						<SP ID="P55_SP00020" HPOS="709" VPOS="753" WIDTH="20"/>
						<String ID="P55_ST00025" HPOS="729" VPOS="724" WIDTH="77" HEIGHT="30" CONTENT="vois" WC="0.99" CC="0150" STYLEREFS="TXT_3"/>
						<SP ID="P55_SP00021" HPOS="806" VPOS="754" WIDTH="22"/>
						<String ID="P55_ST00026" HPOS="828" VPOS="722" WIDTH="194" HEIGHT="44" CONTENT="contraint," WC="0.99" CC="9000404004" STYLEREFS="TXT_3"/>
						<SP ID="P55_SP00022" HPOS="1022" VPOS="766" WIDTH="16"/>
						<String ID="P55_ST00027" HPOS="1038" VPOS="724" WIDTH="253" HEIGHT="44" CONTENT="aujourd'hui," WC="0.99" CC="004064045544" STYLEREFS="TXT_3"/>
						<SP ID="P55_SP00023" HPOS="1291" VPOS="768" WIDTH="23"/>
						<String ID="P55_ST00028" HPOS="1314" VPOS="726" WIDTH="205" HEIGHT="42" CONTENT="d'ajourner" WC="0.99" CC="0404006306" STYLEREFS="TXT_3"/>
						<SP ID="P55_SP00024" HPOS="1519" VPOS="768" WIDTH="21"/>
						<String ID="P55_ST00029" HPOS="1540" VPOS="729" WIDTH="19" HEIGHT="33" CONTENT="à" WC="0.90" CC="0" STYLEREFS="TXT_3"/>
						<SP ID="P55_SP00025" HPOS="1559" VPOS="768" WIDTH="13"/>
						<String ID="P55_ST00030" HPOS="1572" VPOS="730" WIDTH="174" HEIGHT="33" CONTENT="vendredi" WC="0.99" CC="00403403" STYLEREFS="TXT_3"/>
						<SP ID="P55_SP00026" HPOS="1746" VPOS="768" WIDTH="25"/>
						<String ID="P55_ST00031" HPOS="1771" VPOS="737" WIDTH="91" HEIGHT="27" CONTENT="cette" WC="0.98" CC="50044" STYLEREFS="TXT_3"/>
						<SP ID="P55_SP00027" HPOS="1862" VPOS="768" WIDTH="21"/>
						<String ID="P55_ST00032" HPOS="1883" VPOS="731" WIDTH="139" HEIGHT="45" CONTENT="reprise" WC="0.99" CC="5006000" STYLEREFS="TXT_3"/>
						<SP ID="P55_SP00028" HPOS="2022" VPOS="776" WIDTH="21"/>
						<String ID="P55_ST00033" HPOS="2043" VPOS="732" WIDTH="45" HEIGHT="34" CONTENT="de" WC="0.50" CC="09" STYLEREFS="TXT_3"/>
					</TextLine>
					<TextLine ID="P55_TL00006" HPOS="539" VPOS="775" WIDTH="1550" HEIGHT="57">
						<String ID="P55_ST00034" HPOS="539" VPOS="775" WIDTH="210" HEIGHT="34" CONTENT="Guillaume" WC="1.00" CC="040006010" STYLEREFS="TXT_4"/>
						<SP ID="P55_SP00029" HPOS="749" VPOS="809" WIDTH="24"/>
						<String ID="P55_ST00035" HPOS="773" VPOS="778" WIDTH="83" HEIGHT="32" CONTENT="Tell" WC="0.98" CC="4200" STYLEREFS="TXT_4"/>
						<SP ID="P55_SP00030" HPOS="856" VPOS="810" WIDTH="13"/>
						<String ID="P55_ST00036" HPOS="869" VPOS="789" WIDTH="13" HEIGHT="31" CONTENT=";" WC="1.00" CC="0" STYLEREFS="TXT_4"/>
						<SP ID="P55_SP00031" HPOS="882" VPOS="820" WIDTH="21"/>
						<String ID="P55_ST00037" HPOS="903" VPOS="785" WIDTH="34" HEIGHT="26" CONTENT="et" WC="0.83" CC="03" STYLEREFS="TXT_3"/>
						<SP ID="P55_SP00032" HPOS="937" VPOS="820" WIDTH="23"/>
						<String ID="P55_ST00038" HPOS="960" VPOS="780" WIDTH="144" HEIGHT="43" CONTENT="n'ayant" WC="0.98" CC="3486040" STYLEREFS="TXT_3"/>
						<SP ID="P55_SP00033" HPOS="1104" VPOS="823" WIDTH="22"/>
						<String ID="P55_ST00039" HPOS="1126" VPOS="781" WIDTH="83" HEIGHT="42" CONTENT="plus" WC="0.99" CC="0300" STYLEREFS="TXT_3"/>
						<SP ID="P55_SP00034" HPOS="1209" VPOS="823" WIDTH="19"/>
						<String ID="P55_ST00040" HPOS="1228" VPOS="782" WIDTH="19" HEIGHT="31" CONTENT="à" WC="1.00" CC="0" STYLEREFS="TXT_3"/>
						<SP ID="P55_SP00035" HPOS="1247" VPOS="823" WIDTH="19"/>
						<String ID="P55_ST00041" HPOS="1266" VPOS="792" WIDTH="59" HEIGHT="23" CONTENT="ma" WC="1.00" CC="00" STYLEREFS="TXT_3"/>
						<SP ID="P55_SP00036" HPOS="1325" VPOS="823" WIDTH="21"/>
						<String ID="P55_ST00042" HPOS="1346" VPOS="782" WIDTH="222" HEIGHT="44" CONTENT="disposition" WC="1.00" CC="06000020000" STYLEREFS="TXT_3"/>
						<SP ID="P55_SP00037" HPOS="1568" VPOS="826" WIDTH="17"/>
						<String ID="P55_ST00043" HPOS="1585" VPOS="786" WIDTH="52" HEIGHT="32" CONTENT="les" WC="0.98" CC="300" STYLEREFS="TXT_3"/>
						<SP ID="P55_SP00038" HPOS="1637" VPOS="826" WIDTH="22"/>
						<String ID="P55_ST00044" HPOS="1659" VPOS="787" WIDTH="120" HEIGHT="42" CONTENT="places" WC="1.00" CC="020020" STYLEREFS="TXT_3"/>
						<SP ID="P55_SP00039" HPOS="1779" VPOS="829" WIDTH="22"/>
						<String ID="P55_ST00045" HPOS="1801" VPOS="788" WIDTH="234" HEIGHT="43" CONTENT="nécessaires," WC="1.00" CC="400000013104" STYLEREFS="TXT_3"/>
						<SP ID="P55_SP00040" HPOS="2035" VPOS="831" WIDTH="23"/>
						<String ID="P55_ST00046" HPOS="2058" VPOS="789" WIDTH="31" HEIGHT="43" CONTENT="je" WC="0.73" CC="05" STYLEREFS="TXT_3"/>
					</TextLine>
					<TextLine ID="P55_TL00007" HPOS="537" VPOS="829" WIDTH="1555" HEIGHT="53">
						<String ID="P55_ST00047" HPOS="537" VPOS="829" WIDTH="105" HEIGHT="34" CONTENT="viens" WC="1.00" CC="02000" STYLEREFS="TXT_3"/>
						<SP ID="P55_SP00041" HPOS="642" VPOS="863" WIDTH="21"/>
						<String ID="P55_ST00048" HPOS="663" VPOS="842" WIDTH="94" HEIGHT="22" CONTENT="vous" WC="1.00" CC="0000" STYLEREFS="TXT_3"/>
						<SP ID="P55_SP00042" HPOS="757" VPOS="864" WIDTH="22"/>
						<String ID="P55_ST00049" HPOS="779" VPOS="832" WIDTH="97" HEIGHT="43" CONTENT="prier" WC="0.98" CC="05226" STYLEREFS="TXT_3"/>
						<SP ID="P55_SP00043" HPOS="876" VPOS="875" WIDTH="21"/>
						<String ID="P55_ST00050" HPOS="897" VPOS="834" WIDTH="43" HEIGHT="31" CONTENT="de" WC="1.00" CC="00" STYLEREFS="TXT_3"/>
						<SP ID="P55_SP00044" HPOS="940" VPOS="875" WIDTH="18"/>
						<String ID="P55_ST00051" HPOS="958" VPOS="834" WIDTH="157" HEIGHT="43" CONTENT="prendre" WC="0.98" CC="0644061" STYLEREFS="TXT_3"/>
						<SP ID="P55_SP00045" HPOS="1115" VPOS="877" WIDTH="23"/>
						<String ID="P55_ST00052" HPOS="1138" VPOS="841" WIDTH="85" HEIGHT="26" CONTENT="note" WC="0.99" CC="0030" STYLEREFS="TXT_3"/>
						<SP ID="P55_SP00046" HPOS="1223" VPOS="877" WIDTH="31"/>
						<String ID="P55_ST00053" HPOS="1254" VPOS="836" WIDTH="136" HEIGHT="43" CONTENT="qu'une" WC="0.99" CC="054400" STYLEREFS="TXT_3"/>
						<SP ID="P55_SP00047" HPOS="1390" VPOS="879" WIDTH="23"/>
						<String ID="P55_ST00054" HPOS="1413" VPOS="840" WIDTH="290" HEIGHT="42" CONTENT="représentation" WC="0.99" CC="40040026266120" STYLEREFS="TXT_3"/>
						<SP ID="P55_SP00048" HPOS="1703" VPOS="882" WIDTH="29"/>
						<String ID="P55_ST00055" HPOS="1732" VPOS="843" WIDTH="286" HEIGHT="33" CONTENT="extraordinaire" WC="1.00" CC="00000300205010" STYLEREFS="TXT_3"/>
						<SP ID="P55_SP00049" HPOS="2018" VPOS="882" WIDTH="28"/>
						<String ID="P55_ST00056" HPOS="2046" VPOS="844" WIDTH="46" HEIGHT="33" CONTENT="de" WC="0.81" CC="03" STYLEREFS="TXT_3"/>
					</TextLine>
					<TextLine ID="P55_TL00008" HPOS="536" VPOS="886" WIDTH="1553" HEIGHT="57">
						<String ID="P55_ST00057" HPOS="536" VPOS="892" WIDTH="54" HEIGHT="25" CONTENT="cet" WC="0.99" CC="020" STYLEREFS="TXT_3"/>
						<SP ID="P55_SP00050" HPOS="590" VPOS="917" WIDTH="34"/>
						<String ID="P55_ST00058" HPOS="624" VPOS="886" WIDTH="110" HEIGHT="43" CONTENT="opéra" WC="0.99" CC="00042" STYLEREFS="TXT_3"/>
						<SP ID="P55_SP00051" HPOS="734" VPOS="929" WIDTH="29"/>
						<String ID="P55_ST00059" HPOS="763" VPOS="896" WIDTH="89" HEIGHT="24" CONTENT="aura" WC="1.00" CC="0000" STYLEREFS="TXT_3"/>
						<SP ID="P55_SP00052" HPOS="852" VPOS="929" WIDTH="34"/>
						<String ID="P55_ST00060" HPOS="886" VPOS="887" WIDTH="74" HEIGHT="34" CONTENT="lieu" WC="0.98" CC="5110" STYLEREFS="TXT_3"/>
						<SP ID="P55_SP00053" HPOS="960" VPOS="929" WIDTH="35"/>
						<String ID="P55_ST00061" HPOS="995" VPOS="889" WIDTH="199" HEIGHT="33" CONTENT="dimanche" WC="0.99" CC="02505020" STYLEREFS="TXT_3"/>
						<SP ID="P55_SP00054" HPOS="1194" VPOS="929" WIDTH="37"/>
						<String ID="P55_ST00062" HPOS="1231" VPOS="891" WIDTH="44" HEIGHT="33" CONTENT="28" WC="0.41" CC="47" STYLEREFS="TXT_3"/>
						<SP ID="P55_SP00055" HPOS="1275" VPOS="929" WIDTH="28"/>
						<String ID="P55_ST00063" HPOS="1303" VPOS="890" WIDTH="144" HEIGHT="45" CONTENT="février," WC="0.99" CC="09061004" STYLEREFS="TXT_3"/>
						<SP ID="P55_SP00056" HPOS="1447" VPOS="935" WIDTH="29"/>
						<String ID="P55_ST00064" HPOS="1476" VPOS="896" WIDTH="293" HEIGHT="42" CONTENT="représentation" WC="0.99" CC="31050003805505" STYLEREFS="TXT_3"/>
						<SP ID="P55_SP00057" HPOS="1769" VPOS="938" WIDTH="31"/>
						<String ID="P55_ST00065" HPOS="1800" VPOS="909" WIDTH="96" HEIGHT="33" CONTENT="pour" WC="0.99" CC="0005" STYLEREFS="TXT_3"/>
						<SP ID="P55_SP00058" HPOS="1896" VPOS="942" WIDTH="32"/>
						<String ID="P55_ST00066" HPOS="1928" VPOS="899" WIDTH="161" HEIGHT="44" CONTENT="laquelle" WC="0.99" CC="16000060" STYLEREFS="TXT_3"/>
					</TextLine>
					<TextLine ID="P55_TL00009" HPOS="536" VPOS="940" WIDTH="1304" HEIGHT="48">
						<String ID="P55_ST00067" HPOS="536" VPOS="940" WIDTH="128" HEIGHT="43" CONTENT="j'aurai" WC="0.99" CC="0402400" STYLEREFS="TXT_3"/>
						<SP ID="P55_SP00059" HPOS="664" VPOS="983" WIDTH="22"/>
						<String ID="P55_ST00068" HPOS="686" VPOS="941" WIDTH="199" HEIGHT="34" CONTENT="l'honneur" WC="0.99" CC="410160054" STYLEREFS="TXT_3"/>
						<SP ID="P55_SP00060" HPOS="885" VPOS="983" WIDTH="20"/>
						<String ID="P55_ST00069" HPOS="905" VPOS="943" WIDTH="43" HEIGHT="32" CONTENT="de" WC="1.00" CC="00" STYLEREFS="TXT_3"/>
						<SP ID="P55_SP00061" HPOS="948" VPOS="983" WIDTH="21"/>
						<String ID="P55_ST00070" HPOS="969" VPOS="954" WIDTH="92" HEIGHT="22" CONTENT="vous" WC="0.99" CC="0030" STYLEREFS="TXT_3"/>
						<SP ID="P55_SP00062" HPOS="1061" VPOS="983" WIDTH="16"/>
						<String ID="P55_ST00071" HPOS="1077" VPOS="943" WIDTH="90" HEIGHT="34" CONTENT="faire" WC="0.99" CC="00600" STYLEREFS="TXT_3"/>
						<SP ID="P55_SP00063" HPOS="1167" VPOS="983" WIDTH="22"/>
						<String ID="P55_ST00072" HPOS="1189" VPOS="946" WIDTH="171" HEIGHT="42" CONTENT="parvenir" WC="0.99" CC="01502242" STYLEREFS="TXT_3"/>
						<SP ID="P55_SP00064" HPOS="1360" VPOS="988" WIDTH="21"/>
						<String ID="P55_ST00073" HPOS="1381" VPOS="954" WIDTH="105" HEIGHT="28" CONTENT="votre" WC="1.00" CC="00300" STYLEREFS="TXT_3"/>
						<SP ID="P55_SP00065" HPOS="1486" VPOS="988" WIDTH="18"/>
						<String ID="P55_ST00074" HPOS="1504" VPOS="950" WIDTH="137" HEIGHT="33" CONTENT="service" WC="0.99" CC="0063200" STYLEREFS="TXT_3"/>
						<SP ID="P55_SP00066" HPOS="1641" VPOS="988" WIDTH="21"/>
						<String ID="P55_ST00075" HPOS="1662" VPOS="951" WIDTH="178" HEIGHT="34" CONTENT="habituel." WC="0.99" CC="005653000" STYLEREFS="TXT_3"/>
					</TextLine>
					<TextLine ID="P55_TL00010" HPOS="576" VPOS="995" WIDTH="1510" HEIGHT="48">
						<String ID="P55_ST00076" HPOS="576" VPOS="995" WIDTH="156" HEIGHT="44" CONTENT="J'espère" WC="0.99" CC="44000600" STYLEREFS="TXT_3"/>
						<SP ID="P55_SP00067" HPOS="732" VPOS="1039" WIDTH="18"/>
						<String ID="P55_ST00077" HPOS="750" VPOS="1007" WIDTH="71" HEIGHT="33" CONTENT="que" WC="0.98" CC="040" STYLEREFS="TXT_3"/>
						<SP ID="P55_SP00068" HPOS="821" VPOS="1040" WIDTH="16"/>
						<String ID="P55_ST00078" HPOS="837" VPOS="1008" WIDTH="94" HEIGHT="22" CONTENT="vous" WC="1.00" CC="0000" STYLEREFS="TXT_3"/>
						<SP ID="P55_SP00069" HPOS="931" VPOS="1040" WIDTH="24"/>
						<String ID="P55_ST00079" HPOS="955" VPOS="998" WIDTH="160" HEIGHT="34" CONTENT="voudrez" WC="0.99" CC="0400504" STYLEREFS="TXT_3"/>
						<SP ID="P55_SP00070" HPOS="1115" VPOS="1040" WIDTH="34"/>
						<String ID="P55_ST00080" HPOS="1149" VPOS="999" WIDTH="84" HEIGHT="33" CONTENT="bien" WC="0.99" CC="0400" STYLEREFS="TXT_3"/>
						<SP ID="P55_SP00071" HPOS="1233" VPOS="1040" WIDTH="26"/>
						<String ID="P55_ST00081" HPOS="1259" VPOS="1001" WIDTH="158" HEIGHT="42" CONTENT="prendre" WC="1.00" CC="0000050" STYLEREFS="TXT_3"/>
						<SP ID="P55_SP00072" HPOS="1417" VPOS="1043" WIDTH="23"/>
						<String ID="P55_ST00082" HPOS="1440" VPOS="1014" WIDTH="45" HEIGHT="23" CONTENT="en" WC="0.64" CC="07" STYLEREFS="TXT_3"/>
						<SP ID="P55_SP00073" HPOS="1485" VPOS="1043" WIDTH="21"/>
						<String ID="P55_ST00083" HPOS="1506" VPOS="1005" WIDTH="272" HEIGHT="34" CONTENT="considération" WC="1.00" CC="0301000500300" STYLEREFS="TXT_3"/>
						<SP ID="P55_SP00074" HPOS="1778" VPOS="1043" WIDTH="25"/>
						<String ID="P55_ST00084" HPOS="1803" VPOS="1008" WIDTH="211" HEIGHT="34" CONTENT="l'embarras" WC="1.00" CC="0410005002" STYLEREFS="TXT_3"/>
						<SP ID="P55_SP00075" HPOS="2014" VPOS="1043" WIDTH="25"/>
						<String ID="P55_ST00085" HPOS="2039" VPOS="1009" WIDTH="47" HEIGHT="34" CONTENT="où" WC="0.61" CC="07" STYLEREFS="TXT_3"/>
					</TextLine>
					<TextLine ID="P55_TL00011" HPOS="536" VPOS="1051" WIDTH="1552" HEIGHT="55">
						<String ID="P55_ST00086" HPOS="536" VPOS="1061" WIDTH="58" HEIGHT="22" CONTENT="me" WC="1.00" CC="00" STYLEREFS="TXT_3"/>
						<SP ID="P55_SP00076" HPOS="594" VPOS="1083" WIDTH="18"/>
						<String ID="P55_ST00087" HPOS="612" VPOS="1051" WIDTH="100" HEIGHT="44" CONTENT="place" WC="0.99" CC="01050" STYLEREFS="TXT_3"/>
						<SP ID="P55_SP00077" HPOS="712" VPOS="1095" WIDTH="18"/>
						<String ID="P55_ST00088" HPOS="730" VPOS="1062" WIDTH="37" HEIGHT="23" CONTENT="ce" WC="1.00" CC="00" STYLEREFS="TXT_3"/>
						<SP ID="P55_SP00078" HPOS="767" VPOS="1095" WIDTH="21"/>
						<String ID="P55_ST00089" HPOS="788" VPOS="1063" WIDTH="182" HEIGHT="23" CONTENT="concours" WC="0.99" CC="51303050" STYLEREFS="TXT_3"/>
						<SP ID="P55_SP00079" HPOS="970" VPOS="1095" WIDTH="21"/>
						<String ID="P55_ST00090" HPOS="991" VPOS="1055" WIDTH="46" HEIGHT="31" CONTENT="de" WC="0.89" CC="02" STYLEREFS="TXT_3"/>
						<SP ID="P55_SP00080" HPOS="1037" VPOS="1095" WIDTH="19"/>
						<String ID="P55_ST00091" HPOS="1056" VPOS="1054" WIDTH="268" HEIGHT="35" CONTENT="circonstances" WC="0.99" CC="6060062506560" STYLEREFS="TXT_3"/>
						<SP ID="P55_SP00081" HPOS="1324" VPOS="1095" WIDTH="23"/>
						<String ID="P55_ST00092" HPOS="1347" VPOS="1056" WIDTH="209" HEIGHT="46" CONTENT="imprévues" WC="0.99" CC="260600000" STYLEREFS="TXT_3"/>
						<SP ID="P55_SP00082" HPOS="1556" VPOS="1102" WIDTH="22"/>
						<String ID="P55_ST00093" HPOS="1578" VPOS="1067" WIDTH="34" HEIGHT="27" CONTENT="et" WC="1.00" CC="00" STYLEREFS="TXT_3"/>
						<SP ID="P55_SP00083" HPOS="1612" VPOS="1102" WIDTH="20"/>
						<String ID="P55_ST00094" HPOS="1632" VPOS="1068" WIDTH="165" HEIGHT="38" CONTENT="accepter" WC="0.99" CC="03500436" STYLEREFS="TXT_3"/>
						<SP ID="P55_SP00084" HPOS="1797" VPOS="1106" WIDTH="31"/>
						<String ID="P55_ST00095" HPOS="1828" VPOS="1070" WIDTH="92" HEIGHT="26" CONTENT="cette" WC="0.99" CC="50000" STYLEREFS="TXT_3"/>
						<SP ID="P55_SP00085" HPOS="1920" VPOS="1106" WIDTH="25"/>
						<String ID="P55_ST00096" HPOS="1945" VPOS="1063" WIDTH="123" HEIGHT="35" CONTENT="substi" SUBS_TYPE="HypPart1" SUBS_CONTENT="substitution" WC="0.99" CC="303200" STYLEREFS="TXT_3"/>
						<HYP HPOS="2068" VPOS="1063" WIDTH="20" CONTENT="-"/>
					</TextLine>
					<TextLine ID="P55_TL00012" HPOS="536" VPOS="1106" WIDTH="511" HEIGHT="36">
						<String ID="P55_ST00097" HPOS="536" VPOS="1106" WIDTH="121" HEIGHT="33" CONTENT="tution" SUBS_TYPE="HypPart2" SUBS_CONTENT="substitution" WC="0.98" CC="204624" STYLEREFS="TXT_3"/>
						<SP ID="P55_SP00086" HPOS="657" VPOS="1139" WIDTH="24"/>
						<String ID="P55_ST00098" HPOS="681" VPOS="1113" WIDTH="102" HEIGHT="27" CONTENT="toute" WC="1.00" CC="01002" STYLEREFS="TXT_3"/>
						<SP ID="P55_SP00087" HPOS="783" VPOS="1140" WIDTH="16"/>
						<String ID="P55_ST00099" HPOS="799" VPOS="1109" WIDTH="248" HEIGHT="33" CONTENT="accidentelle." WC="0.99" CC="7040007205033" STYLEREFS="TXT_3"/>
					</TextLine>
					<TextLine ID="P55_TL00013" HPOS="576" VPOS="1163" WIDTH="1510" HEIGHT="53">
						<String ID="P55_ST00100" HPOS="576" VPOS="1163" WIDTH="148" HEIGHT="43" CONTENT="Agréez," WC="0.99" CC="0600224" STYLEREFS="TXT_3"/>
						<SP ID="P55_SP00088" HPOS="724" VPOS="1206" WIDTH="23"/>
						<String ID="P55_ST00101" HPOS="747" VPOS="1164" WIDTH="34" HEIGHT="42" CONTENT="je" WC="1.00" CC="00" STYLEREFS="TXT_3"/>
						<SP ID="P55_SP00089" HPOS="781" VPOS="1206" WIDTH="14"/>
						<String ID="P55_ST00102" HPOS="795" VPOS="1175" WIDTH="93" HEIGHT="22" CONTENT="vous" WC="1.00" CC="0000" STYLEREFS="TXT_3"/>
						<SP ID="P55_SP00090" HPOS="888" VPOS="1206" WIDTH="22"/>
						<String ID="P55_ST00103" HPOS="910" VPOS="1164" WIDTH="90" HEIGHT="45" CONTENT="prie," WC="0.97" CC="16434" STYLEREFS="TXT_3"/>
						<SP ID="P55_SP00091" HPOS="1000" VPOS="1209" WIDTH="18"/>
						<String ID="P55_ST00104" HPOS="1018" VPOS="1166" WIDTH="202" HEIGHT="33" CONTENT="Monsieur," WC="1.00" CC="020000002" STYLEREFS="TXT_3"/>
						<SP ID="P55_SP00092" HPOS="1220" VPOS="1209" WIDTH="20"/>
						<String ID="P55_ST00105" HPOS="1240" VPOS="1178" WIDTH="86" HEIGHT="24" CONTENT="avec" WC="1.00" CC="0000" STYLEREFS="TXT_3"/>
						<SP ID="P55_SP00093" HPOS="1326" VPOS="1209" WIDTH="19"/>
						<String ID="P55_ST00106" HPOS="1345" VPOS="1180" WIDTH="78" HEIGHT="23" CONTENT="mes" WC="0.98" CC="040" STYLEREFS="TXT_3"/>
						<SP ID="P55_SP00094" HPOS="1423" VPOS="1209" WIDTH="17"/>
						<String ID="P55_ST00107" HPOS="1440" VPOS="1177" WIDTH="139" HEIGHT="38" CONTENT="regrets" WC="0.98" CC="6462050" STYLEREFS="TXT_3"/>
						<SP ID="P55_SP00095" HPOS="1579" VPOS="1215" WIDTH="18"/>
						<String ID="P55_ST00108" HPOS="1597" VPOS="1182" WIDTH="96" HEIGHT="34" CONTENT="pour" WC="0.99" CC="0202" STYLEREFS="TXT_3"/>
						<SP ID="P55_SP00096" HPOS="1693" VPOS="1216" WIDTH="13"/>
						<String ID="P55_ST00109" HPOS="1706" VPOS="1183" WIDTH="39" HEIGHT="23" CONTENT="ce" WC="0.33" CC="66" STYLEREFS="TXT_3"/>
						<SP ID="P55_SP00097" HPOS="1745" VPOS="1216" WIDTH="22"/>
						<String ID="P55_ST00110" HPOS="1767" VPOS="1173" WIDTH="150" HEIGHT="36" CONTENT="fâcheux" WC="0.98" CC="0565009" STYLEREFS="TXT_3"/>
						<SP ID="P55_SP00098" HPOS="1917" VPOS="1216" WIDTH="22"/>
						<String ID="P55_ST00111" HPOS="1939" VPOS="1182" WIDTH="126" HEIGHT="28" CONTENT="contre" SUBS_TYPE="HypPart1" SUBS_CONTENT="contretemps," WC="0.98" CC="440555" STYLEREFS="TXT_3"/>
						<HYP HPOS="2065" VPOS="1182" WIDTH="21" CONTENT="-"/>
					</TextLine>
					<TextLine ID="P55_TL00014" HPOS="533" VPOS="1219" WIDTH="1206" HEIGHT="53">
						<String ID="P55_ST00112" HPOS="533" VPOS="1223" WIDTH="135" HEIGHT="39" CONTENT="temps," SUBS_TYPE="HypPart2" SUBS_CONTENT="contretemps," WC="0.99" CC="070007" STYLEREFS="TXT_3"/>
						<SP ID="P55_SP00099" HPOS="668" VPOS="1262" WIDTH="22"/>
						<String ID="P55_ST00113" HPOS="690" VPOS="1219" WIDTH="11" HEIGHT="32" CONTENT="1" WC="0.73" CC="2" STYLEREFS="TXT_3"/>
						<SP ID="P55_SP00100" HPOS="701" VPOS="1262" WIDTH="14"/>
						<String ID="P55_ST00114" HPOS="715" VPOS="1229" WIDTH="193" HEIGHT="25" CONTENT="assurance" WC="0.99" CC="005070060" STYLEREFS="TXT_3"/>
						<SP ID="P55_SP00101" HPOS="908" VPOS="1262" WIDTH="24"/>
						<String ID="P55_ST00115" HPOS="932" VPOS="1220" WIDTH="44" HEIGHT="35" CONTENT="de" WC="0.50" CC="09" STYLEREFS="TXT_3"/>
						<SP ID="P55_SP00102" HPOS="976" VPOS="1262" WIDTH="24"/>
						<String ID="P55_ST00116" HPOS="1000" VPOS="1232" WIDTH="79" HEIGHT="24" CONTENT="mes" WC="0.96" CC="900" STYLEREFS="TXT_3"/>
						<SP ID="P55_SP00103" HPOS="1079" VPOS="1262" WIDTH="21"/>
						<String ID="P55_ST00117" HPOS="1100" VPOS="1223" WIDTH="222" HEIGHT="35" CONTENT="sentiments" WC="0.99" CC="0623006140" STYLEREFS="TXT_3"/>
						<SP ID="P55_SP00104" HPOS="1322" VPOS="1262" WIDTH="21"/>
						<String ID="P55_ST00118" HPOS="1343" VPOS="1225" WIDTH="52" HEIGHT="35" CONTENT="les" WC="1.00" CC="000" STYLEREFS="TXT_3"/>
						<SP ID="P55_SP00105" HPOS="1395" VPOS="1262" WIDTH="23"/>
						<String ID="P55_ST00119" HPOS="1418" VPOS="1227" WIDTH="83" HEIGHT="44" CONTENT="plus" WC="0.99" CC="0500" STYLEREFS="TXT_3"/>
						<SP ID="P55_SP00106" HPOS="1501" VPOS="1271" WIDTH="15"/>
						<String ID="P55_ST00120" HPOS="1516" VPOS="1226" WIDTH="223" HEIGHT="46" CONTENT="distingués." WC="0.99" CC="04026070004" STYLEREFS="TXT_3"/>
					</TextLine>
					<TextLine ID="P55_TL00015" HPOS="1435" VPOS="1316" WIDTH="520" HEIGHT="47">
						<String ID="P55_ST00121" HPOS="1435" VPOS="1316" WIDTH="52" HEIGHT="33" CONTENT="Le" WC="1.00" CC="00" STYLEREFS="TXT_4"/>
						<SP ID="P55_SP00107" HPOS="1487" VPOS="1349" WIDTH="22"/>
						<String ID="P55_ST00122" HPOS="1509" VPOS="1316" WIDTH="199" HEIGHT="34" CONTENT="Directeur" WC="0.99" CC="006033626" STYLEREFS="TXT_4"/>
						<SP ID="P55_SP00108" HPOS="1708" VPOS="1350" WIDTH="21"/>
						<String ID="P55_ST00123" HPOS="1729" VPOS="1317" WIDTH="43" HEIGHT="35" CONTENT="de" WC="1.00" CC="00" STYLEREFS="TXT_4"/>
						<SP ID="P55_SP00109" HPOS="1772" VPOS="1352" WIDTH="22"/>
						<String ID="P55_ST00124" HPOS="1794" VPOS="1317" WIDTH="161" HEIGHT="46" CONTENT="l'Opéra," WC="0.99" CC="03060074" STYLEREFS="TXT_4"/>
					</TextLine>
					<TextLine ID="P55_TL00016" HPOS="1574" VPOS="1390" WIDTH="252" HEIGHT="28">
						<String ID="P55_ST00125" HPOS="1574" VPOS="1390" WIDTH="252" HEIGHT="28" CONTENT="HALANZIER." WC="0.56" CC="6747610306" STYLEREFS="TXT_5"/>
					</TextLine>
					<TextLine ID="P55_TL00017" HPOS="367" VPOS="1512" WIDTH="1717" HEIGHT="66">
						<String ID="P55_ST00126" HPOS="367" VPOS="1512" WIDTH="35" HEIGHT="39" CONTENT="A" WC="0.94" CC="0"/>
						<SP ID="P55_SP00110" HPOS="402" VPOS="1551" WIDTH="21"/>
						<String ID="P55_ST00127" HPOS="423" VPOS="1514" WIDTH="37" HEIGHT="38" CONTENT="la" WC="0.50" CC="45"/>
						<SP ID="P55_SP00111" HPOS="460" VPOS="1552" WIDTH="21"/>
						<String ID="P55_ST00128" HPOS="481" VPOS="1516" WIDTH="322" HEIGHT="48" CONTENT="représentation" WC="1.00" CC="30024002022414"/>
						<SP ID="P55_SP00112" HPOS="803" VPOS="1564" WIDTH="12"/>
						<String ID="P55_ST00129" HPOS="815" VPOS="1517" WIDTH="55" HEIGHT="39" CONTENT="du" WC="0.69" CC="06"/>
						<SP ID="P55_SP00113" HPOS="870" VPOS="1564" WIDTH="16"/>
						<String ID="P55_ST00130" HPOS="886" VPOS="1519" WIDTH="64" HEIGHT="48" CONTENT="26," WC="0.68" CC="224"/>
						<SP ID="P55_SP00114" HPOS="950" VPOS="1567" WIDTH="26"/>
						<String ID="P55_ST00131" HPOS="976" VPOS="1521" WIDTH="54" HEIGHT="36" CONTENT="M." WC="1.00" CC="00"/>
						<SP ID="P55_SP00115" HPOS="1030" VPOS="1567" WIDTH="26"/>
						<String ID="P55_ST00132" HPOS="1056" VPOS="1521" WIDTH="212" HEIGHT="51" CONTENT="Salomon," WC="0.99" CC="00543004"/>
						<SP ID="P55_SP00116" HPOS="1268" VPOS="1572" WIDTH="14"/>
						<String ID="P55_ST00133" HPOS="1282" VPOS="1524" WIDTH="71" HEIGHT="49" CONTENT="qui" WC="0.97" CC="060"/>
						<SP ID="P55_SP00117" HPOS="1353" VPOS="1573" WIDTH="20"/>
						<String ID="P55_ST00134" HPOS="1373" VPOS="1523" WIDTH="182" HEIGHT="40" CONTENT="chantait" WC="0.99" CC="16000004"/>
						<SP ID="P55_SP00118" HPOS="1555" VPOS="1573" WIDTH="21"/>
						<String ID="P55_ST00135" HPOS="1576" VPOS="1526" WIDTH="37" HEIGHT="38" CONTENT="le" WC="0.94" CC="10"/>
						<SP ID="P55_SP00119" HPOS="1613" VPOS="1573" WIDTH="20"/>
						<String ID="P55_ST00136" HPOS="1633" VPOS="1528" WIDTH="86" HEIGHT="37" CONTENT="rôle" WC="0.98" CC="4400"/>
						<SP ID="P55_SP00120" HPOS="1719" VPOS="1573" WIDTH="21"/>
						<String ID="P55_ST00137" HPOS="1740" VPOS="1528" WIDTH="215" HEIGHT="50" CONTENT="d'Arnold," WC="0.99" CC="040304403"/>
						<SP ID="P55_SP00121" HPOS="1955" VPOS="1578" WIDTH="18"/>
						<String ID="P55_ST00138" HPOS="1973" VPOS="1530" WIDTH="89" HEIGHT="37" CONTENT="subi" SUBS_TYPE="HypPart1" SUBS_CONTENT="subiment" WC="0.98" CC="0603"/>
						<HYP HPOS="2062" VPOS="1530" WIDTH="22" CONTENT="-"/>
					</TextLine>
					<TextLine ID="P55_TL00018" HPOS="322" VPOS="1577" WIDTH="1761" HEIGHT="62">
						<String ID="P55_ST00139" HPOS="322" VPOS="1584" WIDTH="115" HEIGHT="29" CONTENT="ment" SUBS_TYPE="HypPart2" SUBS_CONTENT="subiment" WC="0.95" CC="7905"/>
						<SP ID="P55_SP00122" HPOS="437" VPOS="1613" WIDTH="22"/>
						<String ID="P55_ST00140" HPOS="459" VPOS="1577" WIDTH="214" HEIGHT="49" CONTENT="enrhumé," WC="0.99" CC="60260007"/>
						<SP ID="P55_SP00123" HPOS="673" VPOS="1626" WIDTH="23"/>
						<String ID="P55_ST00141" HPOS="696" VPOS="1591" WIDTH="21" HEIGHT="24" CONTENT="a" WC="1.00" CC="0"/>
						<SP ID="P55_SP00124" HPOS="717" VPOS="1626" WIDTH="22"/>
						<String ID="P55_ST00142" HPOS="739" VPOS="1577" WIDTH="71" HEIGHT="38" CONTENT="fait" WC="0.97" CC="6302"/>
						<SP ID="P55_SP00125" HPOS="810" VPOS="1626" WIDTH="21"/>
						<String ID="P55_ST00143" HPOS="831" VPOS="1580" WIDTH="198" HEIGHT="39" CONTENT="réclamer" WC="0.98" CC="67260056"/>
						<SP ID="P55_SP00126" HPOS="1029" VPOS="1626" WIDTH="24"/>
						<String ID="P55_ST00144" HPOS="1053" VPOS="1583" WIDTH="271" HEIGHT="50" CONTENT="l'indulgence" WC="0.99" CC="500000475007"/>
						<SP ID="P55_SP00127" HPOS="1324" VPOS="1633" WIDTH="30"/>
						<String ID="P55_ST00145" HPOS="1354" VPOS="1586" WIDTH="55" HEIGHT="37" CONTENT="du" WC="1.00" CC="00"/>
						<SP ID="P55_SP00128" HPOS="1409" VPOS="1633" WIDTH="21"/>
						<String ID="P55_ST00146" HPOS="1430" VPOS="1587" WIDTH="139" HEIGHT="49" CONTENT="public" WC="0.98" CC="520445"/>
						<SP ID="P55_SP00129" HPOS="1569" VPOS="1636" WIDTH="21"/>
						<String ID="P55_ST00147" HPOS="1590" VPOS="1592" WIDTH="116" HEIGHT="45" CONTENT="après" WC="0.99" CC="00540"/>
						<SP ID="P55_SP00130" HPOS="1706" VPOS="1637" WIDTH="27"/>
						<String ID="P55_ST00148" HPOS="1733" VPOS="1589" WIDTH="38" HEIGHT="38" CONTENT="le" WC="0.95" CC="00"/>
						<SP ID="P55_SP00131" HPOS="1771" VPOS="1637" WIDTH="21"/>
						<String ID="P55_ST00149" HPOS="1792" VPOS="1590" WIDTH="176" HEIGHT="49" CONTENT="premier" WC="0.98" CC="6600376"/>
						<SP ID="P55_SP00132" HPOS="1968" VPOS="1639" WIDTH="15"/>
						<String ID="P55_ST00150" HPOS="1983" VPOS="1599" WIDTH="100" HEIGHT="28" CONTENT="acte." WC="0.98" CC="00473"/>
					</TextLine>
					<TextLine ID="P55_TL00019" HPOS="323" VPOS="1637" WIDTH="1763" HEIGHT="62">
						<String ID="P55_ST00151" HPOS="323" VPOS="1637" WIDTH="56" HEIGHT="38" CONTENT="La" WC="0.70" CC="50"/>
						<SP ID="P55_SP00133" HPOS="379" VPOS="1675" WIDTH="27"/>
						<String ID="P55_ST00152" HPOS="406" VPOS="1639" WIDTH="191" HEIGHT="37" CONTENT="nouvelle" WC="1.00" CC="00070010"/>
						<SP ID="P55_SP00134" HPOS="597" VPOS="1676" WIDTH="23"/>
						<String ID="P55_ST00153" HPOS="620" VPOS="1639" WIDTH="134" HEIGHT="50" CONTENT="lettre," WC="0.98" CC="4063404"/>
						<SP ID="P55_SP00135" HPOS="754" VPOS="1689" WIDTH="39"/>
						<String ID="P55_ST00154" HPOS="793" VPOS="1653" WIDTH="79" HEIGHT="37" CONTENT="que" WC="0.98" CC="302"/>
						<SP ID="P55_SP00136" HPOS="872" VPOS="1690" WIDTH="22"/>
						<String ID="P55_ST00155" HPOS="894" VPOS="1654" WIDTH="105" HEIGHT="25" CONTENT="nous" WC="1.00" CC="0000"/>
						<SP ID="P55_SP00137" HPOS="999" VPOS="1690" WIDTH="29"/>
						<String ID="P55_ST00156" HPOS="1028" VPOS="1644" WIDTH="194" HEIGHT="49" CONTENT="publions" WC="0.99" CC="10550000"/>
						<SP ID="P55_SP00138" HPOS="1222" VPOS="1693" WIDTH="23"/>
						<String ID="P55_ST00157" HPOS="1245" VPOS="1646" WIDTH="187" HEIGHT="51" CONTENT="ci-après," WC="0.98" CC="025095707"/>
						<SP ID="P55_SP00139" HPOS="1432" VPOS="1697" WIDTH="36"/>
						<String ID="P55_ST00158" HPOS="1468" VPOS="1662" WIDTH="92" HEIGHT="24" CONTENT="sans" WC="1.00" CC="0000"/>
						<SP ID="P55_SP00140" HPOS="1560" VPOS="1697" WIDTH="27"/>
						<String ID="P55_ST00159" HPOS="1587" VPOS="1651" WIDTH="328" HEIGHT="48" CONTENT="commentaires," WC="1.00" CC="0100101003033"/>
						<SP ID="P55_SP00141" HPOS="1915" VPOS="1699" WIDTH="35"/>
						<String ID="P55_ST00160" HPOS="1950" VPOS="1651" WIDTH="85" HEIGHT="38" CONTENT="dira" WC="1.00" CC="0000"/>
						<SP ID="P55_SP00142" HPOS="2035" VPOS="1699" WIDTH="28"/>
						<String ID="P55_ST00161" HPOS="2063" VPOS="1655" WIDTH="23" HEIGHT="33" CONTENT="à" WC="0.81" CC="1"/>
					</TextLine>
					<TextLine ID="P55_TL00020" HPOS="318" VPOS="1701" WIDTH="1768" HEIGHT="62">
						<String ID="P55_ST00162" HPOS="318" VPOS="1712" WIDTH="77" HEIGHT="25" CONTENT="nos" WC="0.99" CC="030"/>
						<SP ID="P55_SP00143" HPOS="395" VPOS="1737" WIDTH="24"/>
						<String ID="P55_ST00163" HPOS="419" VPOS="1701" WIDTH="176" HEIGHT="37" CONTENT="lecteurs" WC="0.98" CC="45560090"/>
						<SP ID="P55_SP00144" HPOS="595" VPOS="1738" WIDTH="28"/>
						<String ID="P55_ST00164" HPOS="623" VPOS="1714" WIDTH="104" HEIGHT="37" CONTENT="pour" WC="0.98" CC="4004"/>
						<SP ID="P55_SP00145" HPOS="727" VPOS="1751" WIDTH="18"/>
						<String ID="P55_ST00165" HPOS="745" VPOS="1703" WIDTH="137" HEIGHT="48" CONTENT="quelle" WC="0.99" CC="000445"/>
						<SP ID="P55_SP00146" HPOS="882" VPOS="1751" WIDTH="33"/>
						<String ID="P55_ST00166" HPOS="915" VPOS="1716" WIDTH="118" HEIGHT="26" CONTENT="cause" WC="1.00" CC="00000"/>
						<SP ID="P55_SP00147" HPOS="1033" VPOS="1751" WIDTH="38"/>
						<String ID="P55_ST00167" HPOS="1071" VPOS="1706" WIDTH="39" HEIGHT="37" CONTENT="la" WC="0.53" CC="17" STYLEREFS="TXT_4"/>
						<SP ID="P55_SP00148" HPOS="1110" VPOS="1751" WIDTH="27"/>
						<String ID="P55_ST00168" HPOS="1137" VPOS="1707" WIDTH="231" HEIGHT="52" CONTENT="Chronique" WC="0.99" CC="406400640" STYLEREFS="TXT_4"/>
						<SP ID="P55_SP00149" HPOS="1368" VPOS="1759" WIDTH="22"/>
						<String ID="P55_ST00169" HPOS="1390" VPOS="1711" WIDTH="189" HEIGHT="38" CONTENT="musicale" WC="0.99" CC="72000904" STYLEREFS="TXT_4"/>
						<SP ID="P55_SP00150" HPOS="1579" VPOS="1759" WIDTH="32"/>
						<String ID="P55_ST00170" HPOS="1611" VPOS="1724" WIDTH="50" HEIGHT="26" CONTENT="ne" WC="0.64" CC="07"/>
						<SP ID="P55_SP00151" HPOS="1661" VPOS="1759" WIDTH="28"/>
						<String ID="P55_ST00171" HPOS="1689" VPOS="1714" WIDTH="101" HEIGHT="36" CONTENT="rend" WC="0.97" CC="6600"/>
						<SP ID="P55_SP00152" HPOS="1790" VPOS="1759" WIDTH="33"/>
						<String ID="P55_ST00172" HPOS="1823" VPOS="1724" WIDTH="71" HEIGHT="39" CONTENT="pas" WC="0.97" CC="900"/>
						<SP ID="P55_SP00153" HPOS="1894" VPOS="1763" WIDTH="31"/>
						<String ID="P55_ST00173" HPOS="1925" VPOS="1721" WIDTH="161" HEIGHT="42" CONTENT="compte" WC="0.99" CC="000047"/>
					</TextLine>
					<TextLine ID="P55_TL00021" HPOS="317" VPOS="1761" WIDTH="1432" HEIGHT="57">
						<String ID="P55_ST00174" HPOS="317" VPOS="1761" WIDTH="98" HEIGHT="38" CONTENT="dans" WC="0.97" CC="0770"/>
						<SP ID="P55_SP00154" HPOS="415" VPOS="1799" WIDTH="18"/>
						<String ID="P55_ST00175" HPOS="433" VPOS="1774" WIDTH="44" HEIGHT="25" CONTENT="ce" WC="0.38" CC="56"/>
						<SP ID="P55_SP00155" HPOS="477" VPOS="1799" WIDTH="22"/>
						<String ID="P55_ST00176" HPOS="499" VPOS="1763" WIDTH="174" HEIGHT="38" CONTENT="numéro" WC="0.99" CC="700022"/>
						<SP ID="P55_SP00156" HPOS="673" VPOS="1801" WIDTH="23"/>
						<String ID="P55_ST00177" HPOS="696" VPOS="1764" WIDTH="48" HEIGHT="38" CONTENT="de" WC="0.82" CC="03"/>
						<SP ID="P55_SP00157" HPOS="744" VPOS="1802" WIDTH="19"/>
						<String ID="P55_ST00178" HPOS="763" VPOS="1764" WIDTH="39" HEIGHT="38" CONTENT="la" WC="0.98" CC="00"/>
						<SP ID="P55_SP00158" HPOS="802" VPOS="1802" WIDTH="20"/>
						<String ID="P55_ST00179" HPOS="822" VPOS="1766" WIDTH="152" HEIGHT="49" CONTENT="reprise" WC="0.99" CC="0056400"/>
						<SP ID="P55_SP00159" HPOS="974" VPOS="1815" WIDTH="21"/>
						<String ID="P55_ST00180" HPOS="995" VPOS="1767" WIDTH="33" HEIGHT="37" CONTENT="si" WC="1.00" CC="00"/>
						<SP ID="P55_SP00160" HPOS="1028" VPOS="1815" WIDTH="16"/>
						<String ID="P55_ST00181" HPOS="1044" VPOS="1768" WIDTH="250" HEIGHT="50" CONTENT="importante" WC="0.99" CC="3062550010"/>
						<SP ID="P55_SP00161" HPOS="1294" VPOS="1818" WIDTH="21"/>
						<String ID="P55_ST00182" HPOS="1315" VPOS="1771" WIDTH="50" HEIGHT="37" CONTENT="de" WC="1.00" CC="00"/>
						<SP ID="P55_SP00162" HPOS="1365" VPOS="1818" WIDTH="25"/>
						<String ID="P55_ST00183" HPOS="1390" VPOS="1771" WIDTH="229" HEIGHT="40" CONTENT="Guillaume" WC="1.00" CC="000010002" STYLEREFS="TXT_4"/>
						<SP ID="P55_SP00163" HPOS="1619" VPOS="1818" WIDTH="27"/>
						<String ID="P55_ST00184" HPOS="1646" VPOS="1774" WIDTH="103" HEIGHT="40" CONTENT="Tell." WC="0.99" CC="30004" STYLEREFS="TXT_4"/>
					</TextLine>
					<TextLine ID="P55_TL00022" HPOS="1327" VPOS="1914" WIDTH="561" HEIGHT="49">
						<String ID="P55_ST00185" HPOS="1327" VPOS="1914" WIDTH="126" HEIGHT="43" CONTENT="Paris," WC="0.96" CC="496097" STYLEREFS="TXT_4"/>
						<SP ID="P55_SP00164" HPOS="1453" VPOS="1957" WIDTH="28"/>
						<String ID="P55_ST00186" HPOS="1481" VPOS="1916" WIDTH="32" HEIGHT="34" CONTENT="le" WC="0.63" CC="07" STYLEREFS="TXT_4"/>
						<SP ID="P55_SP00165" HPOS="1513" VPOS="1957" WIDTH="23"/>
						<String ID="P55_ST00187" HPOS="1536" VPOS="1927" WIDTH="48" HEIGHT="36" CONTENT="27" WC="0.29" CC="76" STYLEREFS="TXT_4"/>
						<SP ID="P55_SP00166" HPOS="1584" VPOS="1963" WIDTH="10"/>
						<String ID="P55_ST00188" HPOS="1594" VPOS="1917" WIDTH="146" HEIGHT="46" CONTENT="février" WC="0.99" CC="0460000" STYLEREFS="TXT_4"/>
						<SP ID="P55_SP00167" HPOS="1740" VPOS="1963" WIDTH="26"/>
						<String ID="P55_ST00189" HPOS="1766" VPOS="1918" WIDTH="122" HEIGHT="44" CONTENT="18y5." WC="0.79" CC="03907" STYLEREFS="TXT_4"/>
					</TextLine>
					<TextLine ID="P55_TL00023" HPOS="861" VPOS="1958" WIDTH="225" HEIGHT="50">
						<String ID="P55_ST00190" HPOS="861" VPOS="1958" WIDTH="225" HEIGHT="50" CONTENT="MONSIEUR," WC="1.00" CC="000050014" STYLEREFS="TXT_3"/>
					</TextLine>
					<TextLine ID="P55_TL00024" HPOS="591" VPOS="2050" WIDTH="1489" HEIGHT="62">
						<String ID="P55_ST00191" HPOS="591" VPOS="2050" WIDTH="91" HEIGHT="36" CONTENT="Une" WC="0.98" CC="500"/>
						<SP ID="P55_SP00168" HPOS="682" VPOS="2086" WIDTH="19"/>
						<String ID="P55_ST00192" HPOS="701" VPOS="2052" WIDTH="190" HEIGHT="36" CONTENT="nouvelle" WC="0.99" CC="01650360"/>
						<SP ID="P55_SP00169" HPOS="891" VPOS="2088" WIDTH="20"/>
						<String ID="P55_ST00193" HPOS="911" VPOS="2052" WIDTH="287" HEIGHT="50" CONTENT="indisposition" WC="1.00" CC="0003000030200"/>
						<SP ID="P55_SP00170" HPOS="1198" VPOS="2102" WIDTH="22"/>
						<String ID="P55_ST00194" HPOS="1220" VPOS="2055" WIDTH="48" HEIGHT="37" CONTENT="de" WC="1.00" CC="00"/>
						<SP ID="P55_SP00171" HPOS="1268" VPOS="2102" WIDTH="24"/>
						<String ID="P55_ST00195" HPOS="1292" VPOS="2057" WIDTH="57" HEIGHT="36" CONTENT="M." WC="0.98" CC="00"/>
						<SP ID="P55_SP00172" HPOS="1349" VPOS="2102" WIDTH="28"/>
						<String ID="P55_ST00196" HPOS="1377" VPOS="2057" WIDTH="197" HEIGHT="36" CONTENT="Salomon" WC="1.00" CC="0060000"/>
						<SP ID="P55_SP00173" HPOS="1574" VPOS="2102" WIDTH="29"/>
						<String ID="P55_ST00197" HPOS="1603" VPOS="2069" WIDTH="64" HEIGHT="26" CONTENT="me" WC="1.00" CC="00"/>
						<SP ID="P55_SP00174" HPOS="1667" VPOS="2102" WIDTH="22"/>
						<String ID="P55_ST00198" HPOS="1689" VPOS="2065" WIDTH="83" HEIGHT="31" CONTENT="met" WC="0.99" CC="003"/>
						<SP ID="P55_SP00175" HPOS="1772" VPOS="2102" WIDTH="18"/>
						<String ID="P55_ST00199" HPOS="1790" VPOS="2059" WIDTH="99" HEIGHT="38" CONTENT="dans" WC="1.00" CC="0000"/>
						<SP ID="P55_SP00176" HPOS="1889" VPOS="2102" WIDTH="16"/>
						<String ID="P55_ST00200" HPOS="1905" VPOS="2059" WIDTH="154" HEIGHT="53" CONTENT="l'impos" SUBS_TYPE="HypPart1" SUBS_CONTENT="l'impossibilité" WC="0.99" CC="0430600"/>
						<HYP HPOS="2059" VPOS="2059" WIDTH="21" CONTENT="-"/>
					</TextLine>
					<TextLine ID="P55_TL00025" HPOS="516" VPOS="2108" WIDTH="1206" HEIGHT="49">
						<String ID="P55_ST00201" HPOS="516" VPOS="2108" WIDTH="150" HEIGHT="39" CONTENT="sibilité" SUBS_TYPE="HypPart2" SUBS_CONTENT="l'impossibilité" WC="0.99" CC="04041005"/>
						<SP ID="P55_SP00177" HPOS="666" VPOS="2147" WIDTH="22"/>
						<String ID="P55_ST00202" HPOS="688" VPOS="2111" WIDTH="49" HEIGHT="37" CONTENT="de" WC="1.00" CC="00"/>
						<SP ID="P55_SP00178" HPOS="737" VPOS="2148" WIDTH="23"/>
						<String ID="P55_ST00203" HPOS="760" VPOS="2112" WIDTH="159" HEIGHT="39" CONTENT="donner" WC="0.99" CC="000036"/>
						<SP ID="P55_SP00179" HPOS="919" VPOS="2151" WIDTH="24"/>
						<String ID="P55_ST00204" HPOS="943" VPOS="2114" WIDTH="229" HEIGHT="39" CONTENT="Guillaume" WC="1.00" CC="000000300" STYLEREFS="TXT_4"/>
						<SP ID="P55_SP00180" HPOS="1172" VPOS="2153" WIDTH="28"/>
						<String ID="P55_ST00205" HPOS="1200" VPOS="2117" WIDTH="88" HEIGHT="37" CONTENT="Tell" WC="0.99" CC="1002" STYLEREFS="TXT_4"/>
						<SP ID="P55_SP00181" HPOS="1288" VPOS="2154" WIDTH="20"/>
						<String ID="P55_ST00206" HPOS="1308" VPOS="2118" WIDTH="163" HEIGHT="37" CONTENT="demain" WC="1.00" CC="000020"/>
						<SP ID="P55_SP00182" HPOS="1471" VPOS="2155" WIDTH="23"/>
						<String ID="P55_ST00207" HPOS="1494" VPOS="2117" WIDTH="228" HEIGHT="40" CONTENT="dimanche." WC="0.99" CC="038002004"/>
					</TextLine>
					<TextLine ID="P55_TL00026" HPOS="586" VPOS="2172" WIDTH="1496" HEIGHT="62">
						<String ID="P55_ST00208" HPOS="586" VPOS="2172" WIDTH="46" HEIGHT="36" CONTENT="Je" WC="1.00" CC="00"/>
						<SP ID="P55_SP00183" HPOS="632" VPOS="2208" WIDTH="22"/>
						<String ID="P55_ST00209" HPOS="654" VPOS="2172" WIDTH="261" HEIGHT="51" CONTENT="m'empresse" WC="1.00" CC="0700400000"/>
						<SP ID="P55_SP00184" HPOS="915" VPOS="2223" WIDTH="41"/>
						<String ID="P55_ST00210" HPOS="956" VPOS="2175" WIDTH="49" HEIGHT="37" CONTENT="de" WC="1.00" CC="00"/>
						<SP ID="P55_SP00185" HPOS="1005" VPOS="2223" WIDTH="27"/>
						<String ID="P55_ST00211" HPOS="1032" VPOS="2188" WIDTH="103" HEIGHT="26" CONTENT="vous" WC="0.97" CC="4070"/>
						<SP ID="P55_SP00186" HPOS="1135" VPOS="2223" WIDTH="33"/>
						<String ID="P55_ST00212" HPOS="1168" VPOS="2189" WIDTH="192" HEIGHT="40" CONTENT="envoyer," WC="0.99" CC="00906354"/>
						<SP ID="P55_SP00187" HPOS="1360" VPOS="2229" WIDTH="33"/>
						<String ID="P55_ST00213" HPOS="1393" VPOS="2179" WIDTH="259" HEIGHT="50" CONTENT="néanmoins," WC="1.00" CC="0000001004"/>
						<SP ID="P55_SP00188" HPOS="1652" VPOS="2229" WIDTH="35"/>
						<String ID="P55_ST00214" HPOS="1687" VPOS="2180" WIDTH="38" HEIGHT="38" CONTENT="le" WC="0.76" CC="40"/>
						<SP ID="P55_SP00189" HPOS="1725" VPOS="2229" WIDTH="34"/>
						<String ID="P55_ST00215" HPOS="1759" VPOS="2182" WIDTH="151" HEIGHT="38" CONTENT="service" WC="0.99" CC="0008300"/>
						<SP ID="P55_SP00190" HPOS="1910" VPOS="2229" WIDTH="31"/>
						<String ID="P55_ST00216" HPOS="1941" VPOS="2196" WIDTH="78" HEIGHT="37" CONTENT="que" WC="1.00" CC="000"/>
						<SP ID="P55_SP00191" HPOS="2019" VPOS="2233" WIDTH="27"/>
						<String ID="P55_ST00217" HPOS="2046" VPOS="2183" WIDTH="36" HEIGHT="51" CONTENT="je" WC="0.84" CC="30"/>
					</TextLine>
					<TextLine ID="P55_TL00027" HPOS="513" VPOS="2234" WIDTH="1569" HEIGHT="58">
						<String ID="P55_ST00218" HPOS="513" VPOS="2245" WIDTH="104" HEIGHT="26" CONTENT="vous" WC="0.97" CC="6260"/>
						<SP ID="P55_SP00192" HPOS="617" VPOS="2271" WIDTH="23"/>
						<String ID="P55_ST00219" HPOS="640" VPOS="2234" WIDTH="36" HEIGHT="37" CONTENT="ai" WC="0.79" CC="04"/>
						<SP ID="P55_SP00193" HPOS="676" VPOS="2271" WIDTH="21"/>
						<String ID="P55_ST00220" HPOS="697" VPOS="2236" WIDTH="211" HEIGHT="49" CONTENT="annoncé;" WC="0.99" CC="29000257"/>
						<SP ID="P55_SP00194" HPOS="908" VPOS="2285" WIDTH="19"/>
						<String ID="P55_ST00221" HPOS="927" VPOS="2235" WIDTH="137" HEIGHT="48" CONTENT="j'aurai" WC="0.99" CC="3410203"/>
						<SP ID="P55_SP00195" HPOS="1064" VPOS="2285" WIDTH="22"/>
						<String ID="P55_ST00222" HPOS="1086" VPOS="2238" WIDTH="221" HEIGHT="40" CONTENT="l'honneur" WC="1.00" CC="020000062"/>
						<SP ID="P55_SP00196" HPOS="1307" VPOS="2285" WIDTH="22"/>
						<String ID="P55_ST00223" HPOS="1329" VPOS="2241" WIDTH="50" HEIGHT="37" CONTENT="de" WC="1.00" CC="00"/>
						<SP ID="P55_SP00197" HPOS="1379" VPOS="2285" WIDTH="26"/>
						<String ID="P55_ST00224" HPOS="1405" VPOS="2253" WIDTH="102" HEIGHT="25" CONTENT="vous" WC="0.97" CC="7060"/>
						<SP ID="P55_SP00198" HPOS="1507" VPOS="2285" WIDTH="25"/>
						<String ID="P55_ST00225" HPOS="1532" VPOS="2241" WIDTH="96" HEIGHT="38" CONTENT="faire" WC="0.98" CC="20470"/>
						<SP ID="P55_SP00199" HPOS="1628" VPOS="2285" WIDTH="19"/>
						<String ID="P55_ST00226" HPOS="1647" VPOS="2243" WIDTH="190" HEIGHT="49" CONTENT="parvenir" WC="0.99" CC="00390024"/>
						<SP ID="P55_SP00200" HPOS="1837" VPOS="2292" WIDTH="15"/>
						<String ID="P55_ST00227" HPOS="1852" VPOS="2257" WIDTH="56" HEIGHT="24" CONTENT="un" WC="1.00" CC="00"/>
						<SP ID="P55_SP00201" HPOS="1908" VPOS="2292" WIDTH="23"/>
						<String ID="P55_ST00228" HPOS="1931" VPOS="2246" WIDTH="151" HEIGHT="37" CONTENT="second" WC="1.00" CC="005000"/>
					</TextLine>
					<TextLine ID="P55_TL00028" HPOS="515" VPOS="2294" WIDTH="1567" HEIGHT="59">
						<String ID="P55_ST00229" HPOS="515" VPOS="2294" WIDTH="153" HEIGHT="38" CONTENT="service" WC="0.98" CC="0470306"/>
						<SP ID="P55_SP00202" HPOS="668" VPOS="2332" WIDTH="21"/>
						<String ID="P55_ST00230" HPOS="689" VPOS="2307" WIDTH="106" HEIGHT="39" CONTENT="pour" WC="0.96" CC="6067"/>
						<SP ID="P55_SP00203" HPOS="795" VPOS="2346" WIDTH="22"/>
						<String ID="P55_ST00231" HPOS="817" VPOS="2297" WIDTH="38" HEIGHT="37" CONTENT="la" WC="0.65" CC="07"/>
						<SP ID="P55_SP00204" HPOS="855" VPOS="2346" WIDTH="23"/>
						<String ID="P55_ST00232" HPOS="878" VPOS="2299" WIDTH="151" HEIGHT="48" CONTENT="reprise" WC="0.99" CC="6072400"/>
						<SP ID="P55_SP00205" HPOS="1029" VPOS="2347" WIDTH="21"/>
						<String ID="P55_ST00233" HPOS="1050" VPOS="2299" WIDTH="49" HEIGHT="36" CONTENT="de" WC="0.56" CC="08"/>
						<SP ID="P55_SP00206" HPOS="1099" VPOS="2347" WIDTH="26"/>
						<String ID="P55_ST00234" HPOS="1125" VPOS="2300" WIDTH="228" HEIGHT="39" CONTENT="Guillaume" WC="1.00" CC="000000000" STYLEREFS="TXT_4"/>
						<SP ID="P55_SP00207" HPOS="1353" VPOS="2347" WIDTH="154"/>
						<String ID="P55_ST00235" HPOS="1507" VPOS="2303" WIDTH="69" HEIGHT="37" CONTENT="dès" WC="1.00" CC="000"/>
						<SP ID="P55_SP00208" HPOS="1576" VPOS="2347" WIDTH="30"/>
						<String ID="P55_ST00236" HPOS="1606" VPOS="2315" WIDTH="79" HEIGHT="38" CONTENT="que" WC="0.96" CC="900"/>
						<SP ID="P55_SP00209" HPOS="1685" VPOS="2353" WIDTH="18"/>
						<String ID="P55_ST00237" HPOS="1703" VPOS="2304" WIDTH="59" HEIGHT="38" CONTENT="les" WC="0.96" CC="460"/>
						<SP ID="P55_SP00210" HPOS="1762" VPOS="2353" WIDTH="18"/>
						<String ID="P55_ST00238" HPOS="1780" VPOS="2304" WIDTH="302" HEIGHT="41" CONTENT="circonstances" WC="0.99" CC="8366000000570"/>
					</TextLine>
					<TextLine ID="P55_TL00029" HPOS="507" VPOS="2359" WIDTH="616" HEIGHT="47">
						<String ID="P55_ST00239" HPOS="507" VPOS="2367" WIDTH="67" HEIGHT="26" CONTENT="me" WC="0.69" CC="60"/>
						<SP ID="P55_SP00211" HPOS="574" VPOS="2393" WIDTH="17"/>
						<String ID="P55_ST00240" HPOS="591" VPOS="2365" WIDTH="274" HEIGHT="41" CONTENT="permettront" WC="0.99" CC="40200453300"/>
						<SP ID="P55_SP00212" HPOS="865" VPOS="2406" WIDTH="16"/>
						<String ID="P55_ST00241" HPOS="881" VPOS="2359" WIDTH="48" HEIGHT="37" CONTENT="de" WC="1.00" CC="00"/>
						<SP ID="P55_SP00213" HPOS="929" VPOS="2406" WIDTH="23"/>
						<String ID="P55_ST00242" HPOS="952" VPOS="2359" WIDTH="38" HEIGHT="38" CONTENT="le" WC="0.83" CC="30"/>
						<SP ID="P55_SP00214" HPOS="990" VPOS="2406" WIDTH="19"/>
						<String ID="P55_ST00243" HPOS="1009" VPOS="2359" WIDTH="114" HEIGHT="41" CONTENT="faire." WC="0.99" CC="001604"/>
					</TextLine>
					<TextLine ID="P55_TL00030" HPOS="556" VPOS="2417" WIDTH="1524" HEIGHT="63">
						<String ID="P55_ST00244" HPOS="556" VPOS="2417" WIDTH="182" HEIGHT="39" CONTENT="Veuillez" WC="0.99" CC="00033102"/>
						<SP ID="P55_SP00215" HPOS="738" VPOS="2456" WIDTH="20"/>
						<String ID="P55_ST00245" HPOS="758" VPOS="2420" WIDTH="154" HEIGHT="51" CONTENT="agréer," WC="0.97" CC="7678654"/>
						<SP ID="P55_SP00216" HPOS="912" VPOS="2471" WIDTH="25"/>
						<String ID="P55_ST00246" HPOS="937" VPOS="2422" WIDTH="225" HEIGHT="51" CONTENT="monsieur," WC="0.99" CC="060025063"/>
						<SP ID="P55_SP00217" HPOS="1162" VPOS="2473" WIDTH="22"/>
						<String ID="P55_ST00247" HPOS="1184" VPOS="2424" WIDTH="265" HEIGHT="50" CONTENT="l'expression" WC="0.99" CC="540033500400"/>
						<SP ID="P55_SP00218" HPOS="1449" VPOS="2474" WIDTH="20"/>
						<String ID="P55_ST00248" HPOS="1469" VPOS="2427" WIDTH="48" HEIGHT="37" CONTENT="de" WC="0.83" CC="03"/>
						<SP ID="P55_SP00219" HPOS="1517" VPOS="2474" WIDTH="22"/>
						<String ID="P55_ST00249" HPOS="1539" VPOS="2438" WIDTH="86" HEIGHT="26" CONTENT="mes" WC="1.00" CC="000"/>
						<SP ID="P55_SP00220" HPOS="1625" VPOS="2474" WIDTH="20"/>
						<String ID="P55_ST00250" HPOS="1645" VPOS="2427" WIDTH="242" HEIGHT="40" CONTENT="sentiments" WC="0.99" CC="0004470029"/>
						<SP ID="P55_SP00221" HPOS="1887" VPOS="2474" WIDTH="22"/>
						<String ID="P55_ST00251" HPOS="1909" VPOS="2430" WIDTH="58" HEIGHT="37" CONTENT="les" WC="0.97" CC="240"/>
						<SP ID="P55_SP00222" HPOS="1967" VPOS="2474" WIDTH="22"/>
						<String ID="P55_ST00252" HPOS="1989" VPOS="2429" WIDTH="91" HEIGHT="51" CONTENT="plus" WC="0.96" CC="8306"/>
					</TextLine>
					<TextLine ID="P55_TL00031" HPOS="512" VPOS="2478" WIDTH="238" HEIGHT="50">
						<String ID="P55_ST00253" HPOS="512" VPOS="2478" WIDTH="238" HEIGHT="50" CONTENT="distingués." WC="0.99" CC="00002076902"/>
					</TextLine>
					<TextLine ID="P55_TL00032" HPOS="1294" VPOS="2535" WIDTH="543" HEIGHT="55">
						<String ID="P55_ST00254" HPOS="1294" VPOS="2535" WIDTH="60" HEIGHT="39" CONTENT="Le" WC="1.00" CC="00" STYLEREFS="TXT_4"/>
						<SP ID="P55_SP00223" HPOS="1354" VPOS="2574" WIDTH="17"/>
						<String ID="P55_ST00255" HPOS="1371" VPOS="2536" WIDTH="200" HEIGHT="39" CONTENT="directeur" WC="0.99" CC="045000006" STYLEREFS="TXT_4"/>
						<SP ID="P55_SP00224" HPOS="1571" VPOS="2575" WIDTH="20"/>
						<String ID="P55_ST00256" HPOS="1591" VPOS="2537" WIDTH="48" HEIGHT="38" CONTENT="de" WC="0.98" CC="00" STYLEREFS="TXT_4"/>
						<SP ID="P55_SP00225" HPOS="1639" VPOS="2575" WIDTH="22"/>
						<String ID="P55_ST00257" HPOS="1661" VPOS="2538" WIDTH="176" HEIGHT="52" CONTENT="VOpéra," WC="0.40" CC="6264794" STYLEREFS="TXT_4"/>
					</TextLine>
					<TextLine ID="P55_TL00033" HPOS="1469" VPOS="2607" WIDTH="243" HEIGHT="45">
						<String ID="P55_ST00258" HPOS="1469" VPOS="2607" WIDTH="243" HEIGHT="45" CONTENT="HALANZIER," WC="0.75" CC="5006430004" STYLEREFS="TXT_3"/>
					</TextLine>
					<TextLine ID="P55_TL00034" HPOS="428" VPOS="2725" WIDTH="1650" HEIGHT="64">
						<String ID="P55_ST00259" HPOS="428" VPOS="2725" WIDTH="153" HEIGHT="39" CONTENT="Robert" WC="0.99" CC="060043" STYLEREFS="TXT_4"/>
						<SP ID="P55_SP00226" HPOS="581" VPOS="2764" WIDTH="28"/>
						<String ID="P55_ST00260" HPOS="609" VPOS="2728" WIDTH="36" HEIGHT="37" CONTENT="le" WC="1.00" CC="00" STYLEREFS="TXT_4"/>
						<SP ID="P55_SP00227" HPOS="645" VPOS="2765" WIDTH="31"/>
						<String ID="P55_ST00261" HPOS="676" VPOS="2727" WIDTH="149" HEIGHT="40" CONTENT="Diable" WC="1.00" CC="000000" STYLEREFS="TXT_4"/>
						<String ID="P55_ST00262" HPOS="830" VPOS="2760" WIDTH="8" HEIGHT="19" CONTENT="," WC="0.58" CC="4"/>
						<SP ID="P55_SP00228" HPOS="838" VPOS="2779" WIDTH="21"/>
						<String ID="P55_ST00263" HPOS="859" VPOS="2741" WIDTH="96" HEIGHT="27" CONTENT="avec" WC="0.96" CC="5608"/>
						<SP ID="P55_SP00229" HPOS="955" VPOS="2779" WIDTH="17"/>
						<String ID="P55_ST00264" HPOS="972" VPOS="2730" WIDTH="40" HEIGHT="39" CONTENT="le" WC="0.97" CC="00"/>
						<SP ID="P55_SP00230" HPOS="1012" VPOS="2779" WIDTH="15"/>
						<String ID="P55_ST00265" HPOS="1027" VPOS="2732" WIDTH="118" HEIGHT="38" CONTENT="ténor" WC="0.98" CC="08025"/>
						<SP ID="P55_SP00231" HPOS="1145" VPOS="2779" WIDTH="16"/>
						<String ID="P55_ST00266" HPOS="1161" VPOS="2732" WIDTH="133" HEIGHT="52" CONTENT="Sylva," WC="0.98" CC="000564"/>
						<SP ID="P55_SP00232" HPOS="1294" VPOS="2784" WIDTH="26"/>
						<String ID="P55_ST00267" HPOS="1320" VPOS="2746" WIDTH="88" HEIGHT="27" CONTENT="sera" WC="0.98" CC="0046"/>
						<SP ID="P55_SP00233" HPOS="1408" VPOS="2784" WIDTH="18"/>
						<String ID="P55_ST00268" HPOS="1426" VPOS="2734" WIDTH="128" HEIGHT="51" CONTENT="repris" WC="0.99" CC="310040"/>
						<SP ID="P55_SP00234" HPOS="1554" VPOS="2785" WIDTH="27"/>
						<String ID="P55_ST00269" HPOS="1581" VPOS="2736" WIDTH="38" HEIGHT="37" CONTENT="la" WC="1.00" CC="00"/>
						<SP ID="P55_SP00235" HPOS="1619" VPOS="2785" WIDTH="23"/>
						<String ID="P55_ST00270" HPOS="1642" VPOS="2738" WIDTH="177" HEIGHT="38" CONTENT="semaine" WC="1.00" CC="0000200"/>
						<SP ID="P55_SP00236" HPOS="1819" VPOS="2785" WIDTH="21"/>
						<String ID="P55_ST00271" HPOS="1840" VPOS="2739" WIDTH="238" HEIGHT="50" CONTENT="prochaine." WC="0.99" CC="5205000036"/>
					</TextLine>
					<TextLine ID="P55_TL00035" HPOS="444" VPOS="2873" WIDTH="1636" HEIGHT="63">
						<String ID="P55_ST00272" HPOS="444" VPOS="2873" WIDTH="56" HEIGHT="38" CONTENT="M." WC="0.93" CC="01"/>
						<SP ID="P55_SP00237" HPOS="500" VPOS="2911" WIDTH="36"/>
						<String ID="P55_ST00273" HPOS="536" VPOS="2874" WIDTH="207" HEIGHT="53" CONTENT="Giraudet," WC="0.77" CC="121060053"/>
						<SP ID="P55_SP00238" HPOS="743" VPOS="2927" WIDTH="47"/>
						<String ID="P55_ST00274" HPOS="790" VPOS="2877" WIDTH="115" HEIGHT="39" CONTENT="basse" WC="0.99" CC="04001"/>
						<SP ID="P55_SP00239" HPOS="905" VPOS="2927" WIDTH="32"/>
						<String ID="P55_ST00275" HPOS="937" VPOS="2878" WIDTH="50" HEIGHT="39" CONTENT="de" WC="0.81" CC="03"/>
						<SP ID="P55_SP00240" HPOS="987" VPOS="2927" WIDTH="33"/>
						<String ID="P55_ST00276" HPOS="1020" VPOS="2880" WIDTH="104" HEIGHT="38" CONTENT="Pex-" WC="0.55" CC="8206"/>
						<SP ID="P55_SP00241" HPOS="1124" VPOS="2927" WIDTH="13"/>
						<String ID="P55_ST00277" HPOS="1137" VPOS="2880" WIDTH="350" HEIGHT="52" CONTENT="Théâtre-Italien," WC="1.00" CC="1080410503002007"/>
						<SP ID="P55_SP00242" HPOS="1487" VPOS="2932" WIDTH="45"/>
						<String ID="P55_ST00278" HPOS="1532" VPOS="2883" WIDTH="113" HEIGHT="39" CONTENT="vient" WC="0.98" CC="82401"/>
						<SP ID="P55_SP00243" HPOS="1645" VPOS="2932" WIDTH="27"/>
						<String ID="P55_ST00279" HPOS="1672" VPOS="2885" WIDTH="122" HEIGHT="38" CONTENT="d'être" WC="0.97" CC="046646"/>
						<SP ID="P55_SP00244" HPOS="1794" VPOS="2932" WIDTH="35"/>
						<String ID="P55_ST00280" HPOS="1829" VPOS="2888" WIDTH="150" HEIGHT="48" CONTENT="engagé" WC="0.97" CC="080495"/>
						<SP ID="P55_SP00245" HPOS="1979" VPOS="2936" WIDTH="30"/>
						<String ID="P55_ST00281" HPOS="2009" VPOS="2901" WIDTH="71" HEIGHT="35" CONTENT="par" WC="0.98" CC="005"/>
					</TextLine>
					<TextLine ID="P55_TL00036" HPOS="320" VPOS="2934" WIDTH="312" HEIGHT="41">
						<String ID="P55_ST00282" HPOS="320" VPOS="2934" WIDTH="57" HEIGHT="37" CONTENT="M." WC="0.78" CC="04"/>
						<SP ID="P55_SP00246" HPOS="377" VPOS="2971" WIDTH="33"/>
						<String ID="P55_ST00283" HPOS="410" VPOS="2935" WIDTH="65" HEIGHT="37" CONTENT="Du" WC="0.34" CC="48"/>
						<SP ID="P55_SP00247" HPOS="475" VPOS="2972" WIDTH="21"/>
						<String ID="P55_ST00284" HPOS="496" VPOS="2936" WIDTH="136" HEIGHT="39" CONTENT="Locle." WC="0.67" CC="146304"/>
					</TextLine>
					<TextLine ID="P55_TL00037" HPOS="439" VPOS="3084" WIDTH="1641" HEIGHT="64">
						<String ID="P55_ST00285" HPOS="439" VPOS="3084" WIDTH="131" HEIGHT="51" CONTENT="Après" WC="0.99" CC="00250"/>
						<SP ID="P55_SP00248" HPOS="570" VPOS="3135" WIDTH="28"/>
						<String ID="P55_ST00286" HPOS="598" VPOS="3099" WIDTH="57" HEIGHT="25" CONTENT="un" WC="0.71" CC="50"/>
						<SP ID="P55_SP00249" HPOS="655" VPOS="3135" WIDTH="30"/>
						<String ID="P55_ST00287" HPOS="685" VPOS="3086" WIDTH="160" HEIGHT="41" CONTENT="relâche" WC="0.99" CC="3043500"/>
						<SP ID="P55_SP00250" HPOS="845" VPOS="3135" WIDTH="28"/>
						<String ID="P55_ST00288" HPOS="873" VPOS="3103" WIDTH="104" HEIGHT="37" CONTENT="pour" WC="0.98" CC="0064"/>
						<SP ID="P55_SP00251" HPOS="977" VPOS="3140" WIDTH="22"/>
						<String ID="P55_ST00289" HPOS="999" VPOS="3091" WIDTH="38" HEIGHT="37" CONTENT="la" WC="0.36" CC="48"/>
						<SP ID="P55_SP00252" HPOS="1037" VPOS="3140" WIDTH="21"/>
						<String ID="P55_ST00290" HPOS="1058" VPOS="3092" WIDTH="184" HEIGHT="39" CONTENT="dernière" WC="1.00" CC="00303100"/>
						<SP ID="P55_SP00253" HPOS="1242" VPOS="3140" WIDTH="24"/>
						<String ID="P55_ST00291" HPOS="1266" VPOS="3095" WIDTH="218" HEIGHT="50" CONTENT="répétition" WC="0.99" CC="4795606200"/>
						<SP ID="P55_SP00254" HPOS="1484" VPOS="3145" WIDTH="19"/>
						<String ID="P55_ST00292" HPOS="1503" VPOS="3095" WIDTH="49" HEIGHT="39" CONTENT="de" WC="1.00" CC="00"/>
						<SP ID="P55_SP00255" HPOS="1552" VPOS="3145" WIDTH="34"/>
						<String ID="P55_ST00293" HPOS="1586" VPOS="3095" WIDTH="188" HEIGHT="46" CONTENT="Carmen," WC="0.98" CC="0063676" STYLEREFS="TXT_4"/>
						<SP ID="P55_SP00256" HPOS="1774" VPOS="3145" WIDTH="36"/>
						<String ID="P55_ST00294" HPOS="1810" VPOS="3099" WIDTH="37" HEIGHT="36" CONTENT="la" WC="1.00" CC="00"/>
						<SP ID="P55_SP00257" HPOS="1847" VPOS="3145" WIDTH="35"/>
						<String ID="P55_ST00295" HPOS="1882" VPOS="3097" WIDTH="198" HEIGHT="51" CONTENT="première" WC="0.99" CC="93206004"/>
					</TextLine>
					<TextLine ID="P55_TL00038" HPOS="317" VPOS="3151" WIDTH="1019" HEIGHT="51">
						<String ID="P55_ST00296" HPOS="317" VPOS="3151" WIDTH="323" HEIGHT="48" CONTENT="représentation" WC="0.99" CC="62055000306230"/>
						<SP ID="P55_SP00258" HPOS="640" VPOS="3199" WIDTH="21"/>
						<String ID="P55_ST00297" HPOS="661" VPOS="3164" WIDTH="60" HEIGHT="29" CONTENT="est" WC="0.98" CC="004"/>
						<SP ID="P55_SP00259" HPOS="721" VPOS="3199" WIDTH="27"/>
						<String ID="P55_ST00298" HPOS="748" VPOS="3156" WIDTH="102" HEIGHT="39" CONTENT="fixée" WC="0.98" CC="26042"/>
						<SP ID="P55_SP00260" HPOS="850" VPOS="3199" WIDTH="21"/>
						<String ID="P55_ST00299" HPOS="871" VPOS="3169" WIDTH="51" HEIGHT="26" CONTENT="au" WC="0.55" CC="44"/>
						<SP ID="P55_SP00261" HPOS="922" VPOS="3199" WIDTH="17"/>
						<String ID="P55_ST00300" HPOS="939" VPOS="3160" WIDTH="198" HEIGHT="37" CONTENT="mercredi" WC="0.99" CC="00942101"/>
						<SP ID="P55_SP00262" HPOS="1137" VPOS="3199" WIDTH="31"/>
						<String ID="P55_ST00301" HPOS="1168" VPOS="3161" WIDTH="18" HEIGHT="37" CONTENT="3" WC="0.67" CC="3"/>
						<SP ID="P55_SP00263" HPOS="1186" VPOS="3199" WIDTH="25"/>
						<String ID="P55_ST00302" HPOS="1211" VPOS="3174" WIDTH="125" HEIGHT="28" CONTENT="mars." WC="0.97" CC="09604"/>
					</TextLine>
					<TextLine ID="P55_TL00039" HPOS="360" VPOS="3301" WIDTH="1719" HEIGHT="62">
						<String ID="P55_ST00303" HPOS="360" VPOS="3301" WIDTH="464" HEIGHT="54" CONTENT="Folies-Dramatiques." WC="1.00" CC="3001157800301080407" STYLEREFS="TXT_4"/>
						<SP ID="P55_SP00264" HPOS="824" VPOS="3355" WIDTH="89"/>
						<String ID="P55_ST00304" HPOS="913" VPOS="3307" WIDTH="118" HEIGHT="39" CONTENT="Voici" WC="0.97" CC="44550"/>
						<SP ID="P55_SP00265" HPOS="1031" VPOS="3355" WIDTH="15"/>
						<String ID="P55_ST00305" HPOS="1046" VPOS="3308" WIDTH="38" HEIGHT="38" CONTENT="la" WC="0.77" CC="40"/>
						<SP ID="P55_SP00266" HPOS="1084" VPOS="3355" WIDTH="15"/>
						<String ID="P55_ST00306" HPOS="1099" VPOS="3309" WIDTH="265" HEIGHT="40" CONTENT="distribution" WC="0.99" CC="030060375350"/>
						<SP ID="P55_SP00267" HPOS="1364" VPOS="3355" WIDTH="19"/>
						<String ID="P55_ST00307" HPOS="1383" VPOS="3311" WIDTH="48" HEIGHT="37" CONTENT="de" WC="0.72" CC="05"/>
						<SP ID="P55_SP00268" HPOS="1431" VPOS="3355" WIDTH="22"/>
						<String ID="P55_ST00308" HPOS="1453" VPOS="3311" WIDTH="321" HEIGHT="41" CONTENT="Clair-de-Lune" WC="0.84" CC="0000030540320" STYLEREFS="TXT_4"/>
						<String ID="P55_ST00309" HPOS="1779" VPOS="3344" WIDTH="7" HEIGHT="19" CONTENT="," WC="0.57" CC="4"/>
						<SP ID="P55_SP00269" HPOS="1786" VPOS="3363" WIDTH="18"/>
						<String ID="P55_ST00310" HPOS="1804" VPOS="3314" WIDTH="210" HEIGHT="49" CONTENT="l'opérette" WC="1.00" CC="0400015000"/>
						<SP ID="P55_SP00270" HPOS="2014" VPOS="3363" WIDTH="17"/>
						<String ID="P55_ST00311" HPOS="2031" VPOS="3315" WIDTH="48" HEIGHT="38" CONTENT="de" WC="0.67" CC="06"/>
					</TextLine>
					<TextLine ID="P55_TL00040" HPOS="316" VPOS="3361" WIDTH="246" HEIGHT="41">
						<String ID="P55_ST00312" HPOS="316" VPOS="3361" WIDTH="56" HEIGHT="37" CONTENT="M." WC="0.86" CC="20"/>
						<SP ID="P55_SP00271" HPOS="372" VPOS="3398" WIDTH="28"/>
						<String ID="P55_ST00313" HPOS="400" VPOS="3363" WIDTH="162" HEIGHT="39" CONTENT="Cœdès." WC="0.70" CC="550401"/>
					</TextLine>
					<TextLine ID="P55_TL00041" HPOS="661" VPOS="3451" WIDTH="969" HEIGHT="47">
						<String ID="P55_ST00314" HPOS="661" VPOS="3451" WIDTH="55" HEIGHT="38" CONTENT="Le" WC="0.92" CC="10"/>
						<SP ID="P55_SP00272" HPOS="716" VPOS="3489" WIDTH="23"/>
						<String ID="P55_ST00315" HPOS="739" VPOS="3452" WIDTH="61" HEIGHT="38" CONTENT="roi" WC="0.98" CC="004"/>
						<SP ID="P55_SP00273" HPOS="800" VPOS="3490" WIDTH="24"/>
						<String ID="P55_ST00316" HPOS="824" VPOS="3454" WIDTH="146" HEIGHT="38" CONTENT="Misère" WC="1.00" CC="000200"/>
						<SP ID="P55_SP00274" HPOS="970" VPOS="3492" WIDTH="372"/>
						<String ID="P55_ST00317" HPOS="1342" VPOS="3457" WIDTH="105" HEIGHT="41" CONTENT="MM." WC="0.99" CC="003"/>
						<SP ID="P55_SP00275" HPOS="1447" VPOS="3498" WIDTH="33"/>
						<String ID="P55_ST00318" HPOS="1480" VPOS="3459" WIDTH="150" HEIGHT="37" CONTENT="Milher" WC="0.69" CC="035404"/>
					</TextLine>
					<TextLine ID="P55_TL00042" HPOS="657" VPOS="3514" WIDTH="1077" HEIGHT="44">
						<String ID="P55_ST00319" HPOS="657" VPOS="3514" WIDTH="317" HEIGHT="40" CONTENT="Clair-de-Lune" WC="0.68" CC="6503440540007"/>
						<SP ID="P55_SP00276" HPOS="974" VPOS="3554" WIDTH="515"/>
						<String ID="P55_ST00320" HPOS="1489" VPOS="3522" WIDTH="245" HEIGHT="36" CONTENT="Emmanuel" WC="1.00" CC="00000051"/>
					</TextLine>
				</TextBlock>
			</PrintSpace>
		</Page>
	</Layout>
</alto>
