2702 4221
890 423 219 54 ANDRÉ
1145 436 314 45 PHILIDOR

1966 446 84 41 223

700 583 90 37 Moi
811 596 94 26 vous
920 584 192 40 chanter!
1132 586 128 51 quelle
1265 588 108 49 folie
1383 589 16 37 !

707 652 86 37 Car
804 664 107 39 pour
932 653 180 38 célébrer
1136 654 56 38 les
1219 656 194 39 Concerts

701 719 88 46 Que
808 720 161 38 modula
985 729 111 31 votre
1115 723 132 51 génie,

701 786 38 37 Il
751 788 192 49 faudroit
964 796 145 30 mettre
1138 790 99 38 dans
1259 804 82 26 mes
1366 805 88 26 vers

699 854 155 37 Autant
875 855 48 37 de
946 855 127 51 grâce
1093 863 38 30 et
1152 857 208 51 d'énergie

701 922 85 46 Qiie
808 934 95 26 vous
924 936 47 24 en
997 931 144 46 mette%
1162 925 99 38 dans
1283 938 66 27 vos
1371 927 83 38 airs
1474 929 70 48 (1).

1289 1051 308 42 ARTHUR
1648 1053 287 47 POUGIN.

494 1138 69 41 (La
586 1137 94 34 suite
705 1138 330 44 prochainement.)

325 1287 49 41 (i)
396 1297 14 21 ((
430 1285 89 34 Vers
540 1286 166 34 adressés
727 1287 19 33 à
769 1289 52 31 M.
845 1287 170 35 Philidor
1035 1299 45 23 en
1103 1296 143 27 sortant
1268 1290 49 34 du
1339 1291 155 35 Carmen
1515 1295 166 34 seculare
1684 1322 7 17 ,
1708 1306 64 34 par
1790 1298 48 33 M.
1854 1298 199 45 Duchosal,

282 1347 127 28 avocat
431 1352 44 22 en
494 1342 223 43 parlement.
745 1354 14 22 »
785 1345 18 40 (.
803 1343 171 34 Mercure
995 1345 44 33 de
1063 1345 148 34 France
1230 1346 48 33 du
1301 1358 46 22 20
1367 1347 192 35 décembre
1583 1350 120 45 1783.)

325 1397 49 31 Le
397 1397 121 33 même
538 1397 145 43 journal
706 1398 131 42 parlait
865 1399 95 33 ainsi
982 1400 44 32 de
1051 1407 92 26 cette
1173 1402 248 43 réapparition
1445 1405 43 32 de
1509 1405 149 34 l'œuvre
1679 1407 44 33 de
1745 1408 169 35 Philidor
1936 1421 8 23 :
1969 1423 18 19 «
2006 1412 49 33 Le

283 1451 176 33 mercredi
484 1451 17 35 3
522 1452 205 42 décembre,
751 1464 49 22 on
829 1465 20 22 a
870 1456 160 37 exécuté,
1055 1456 90 33 dans
1166 1456 33 33 la
1224 1458 87 32 salle
1334 1458 49 33 du
1404 1459 156 34 Concert
1590 1461 181 44 spirituel,
1799 1475 65 32 par
1890 1473 143 27 extraor-

282 1506 156 44 dinaire,
462 1514 34 27 et
519 1519 94 33 pour
634 1519 73 23 une
728 1508 71 35 fois
821 1510 217 43 seulement,
1065 1511 32 32 le
1119 1511 158 35 Carmen
1303 1514 166 34 seculare
1498 1515 188 45 d'Horace,
1711 1519 72 33 mis
1812 1531 45 22 en
1881 1522 174 44 musique

280 1572 66 34 par
364 1563 52 34 M.
438 1563 181 34 Philidor.
650 1564 244 34 L'assemblée
914 1576 20 23 a
955 1566 57 33 été
1033 1566 73 33 très
1137 1567 238 44 nombreuse,
1394 1576 35 26 et
1449 1569 33 33 le
1503 1571 124 33 succès
1650 1573 188 35 conforme
1855 1576 19 33 à
1892 1576 34 33 la
1943 1578 112 33 haute

280 1618 153 44 opinion
457 1620 113 43 qu'on
589 1619 98 35 avoit
706 1621 77 42 déjà
806 1622 44 32 de
871 1626 54 28 cet
947 1632 178 34 ouvrage.
1156 1623 172 33 L'auteur
1344 1635 24 33 y
1388 1635 20 23 a
1430 1625 64 33 fait
1515 1628 180 43 quelques
1717 1629 250 45 changemens
1989 1633 64 44 qui

280 1680 66 26 ont
367 1685 91 33 paru
477 1681 241 39 avantageux,
743 1682 34 27 et
798 1677 65 43 qui
881 1676 52 33 lui
962 1684 65 26 ont
1048 1678 55 32 été
1121 1677 114 34 dictés
1256 1689 65 33 par
1339 1679 230 36 l'exactitude
1585 1684 251 44 d'expression
1857 1687 20 33 à
1897 1687 158 44 laquelle

279 1729 25 32 il
342 1731 84 31 s'est
459 1731 157 33 attaché.
650 1731 58 33 On
742 1742 19 22 a
795 1731 341 45 particulièrement
1169 1733 188 45 distingué
1395 1736 90 33 dans
1521 1744 55 27 cet
1606 1750 162 34 ouvrage
1800 1742 34 33 la
1867 1744 152 43 strophe
2044 1757 9 21 :

277 1785 122 33 Deliœ
434 1786 113 33 tutela
587 1786 86 34 dece
676 1813 9 17 ,
712 1786 92 34 dans
828 1787 157 44 laquelle
1024 1788 155 33 l'auteur
1204 1800 20 23 a
1245 1790 65 34 fait
1334 1791 115 34 sentir
1478 1803 85 23 avec
1594 1794 188 46 beaucoup
1804 1797 192 45 d'adresse,
2021 1807 34 26 et

282 1852 65 23 sur
375 1852 49 21 un
458 1842 73 32 très
563 1842 62 44 joli
659 1842 122 43 chant,
804 1844 34 31 la
860 1854 147 22 mesure
1028 1844 48 33 du
1100 1856 81 23 vers
1207 1845 195 45 saphique.
1431 1848 48 32 Le
1498 1860 170 24 morceau
1689 1852 214 45 pathétique
1927 1865 7 22 :
1956 1856 97 33 Hœc

280 1896 132 34 bellum
438 1897 247 43 lacrimosum,
706 1898 23 33 Y
732 1898 95 34 aime
847 1899 56 32 sol
906 1925 8 16 ,
941 1909 173 23 morceau
1137 1900 85 33 d'un
1245 1902 157 43 superbe
1424 1902 91 42 effet,
1538 1911 35 26 et
1590 1906 31 32 le
1642 1906 157 35 Fertilis
1811 1908 169 45 frugum,
2005 1911 49 33 où

278 1952 171 41 l'auteur,
472 1964 66 32 par
568 1964 51 21 un
657 1953 113 34 chant
792 1953 190 44 villageois
1009 1960 33 27 et
1063 1955 70 44 gai,
1153 1966 20 22 a
1195 1957 123 32 donné
1351 1969 72 22 une
1447 1959 97 43 juste
1573 1960 80 34 idée
1687 1962 44 33 de
1752 1974 37 22 ce
1808 1964 90 43 qu'il
1919 1966 97 33 avait
2034 1966 20 33 à

280 2007 169 45 peindre.
473 2009 56 32 En
550 2009 161 44 général,
735 2020 38 22 ce
798 2014 143 40 poëme,
965 2011 164 43 quoique
1151 2012 73 33 très
1251 2013 100 44 long,
1373 2021 53 26 est
1451 2016 116 33 rendu
1590 2028 85 23 avec
1698 2018 33 33 la
1753 2021 136 32 variété
1915 2022 92 32 dont
2027 2021 28 34 il

281 2070 55 26 est
357 2063 234 45 susceptible.
616 2065 28 32 Il
665 2072 52 26 est
745 2065 132 33 inutile
901 2065 80 33 d'en
1012 2076 216 34 remarquer
1258 2068 35 33 la
1317 2068 136 35 facture
1470 2082 10 32 ;
1517 2071 52 34 les
1591 2074 116 32 talens
1736 2075 44 32 de
1813 2076 48 32 M.
1885 2075 169 35 Philidor

280 2120 20 34 à
322 2126 55 27 cet
405 2120 108 44 égard
550 2126 85 28 sont
665 2120 326 34 universellement
1021 2132 201 26 reconnus.
1251 2123 27 32 Il
1300 2125 119 42 paroît
1439 2136 46 23 en
1508 2127 120 34 même
1649 2134 94 28 tems
1764 2141 50 21 un
1837 2138 218 37 prospectus

280 2174 65 44 qui
368 2185 168 23 annonce
565 2182 55 26 cet
640 2186 159 33 ouvrage
821 2187 66 33 par
920 2176 251 44 souscription
1195 2188 7 21 :
1226 2189 96 22 nous
1345 2190 44 23 ne
1411 2181 162 34 doutons
1599 2194 64 33 pas
1691 2195 71 33 que
1789 2186 51 32 les
1867 2195 186 26 amateurs

279 2230 65 44 qui
374 2230 102 33 n'ont
503 2241 65 34 pas
600 2230 56 34 été
678 2231 20 34 à
722 2232 126 43 portée
869 2231 46 33 de
938 2232 215 44 l'entendre,
1177 2244 46 22 ne
1250 2234 262 45 s'empressent
1538 2239 43 33 de
1606 2249 38 23 se
1664 2240 32 33 le
1717 2251 185 33 procurer,
1926 2249 34 26 et
1980 2254 73 33 que

279 2296 90 23 ceux
392 2286 45 33 de
471 2286 103 34 Paris
604 2287 123 33 même
763 2297 46 22 ne
849 2287 32 33 le
921 2288 193 44 regardent
1153 2298 146 24 comme
1328 2301 51 23 un
1414 2303 173 25 morceau
1621 2294 44 34 de
1698 2294 256 47 bibliothèque
1987 2298 64 44 qui

279 2351 21 23 a
332 2341 132 33 mérité
496 2343 113 33 d'être
641 2353 46 23 au
724 2352 92 34 rang
846 2343 64 33 des
938 2354 177 33 ouvrages
1148 2343 213 46 classiques,
1394 2354 36 27 et
1459 2350 112 43 qu'on
1602 2361 45 23 ne
1677 2358 87 37 peut
1793 2363 37 23 se
1860 2353 193 44 dispenser

280 2396 154 36 d'avoir.
464 2409 14 22 »

323 2453 101 34 Ceux
445 2454 66 44 qui
532 2454 220 34 voudraient
772 2455 75 33 être
874 2455 214 44 renseignés
1109 2456 84 44 plus
1214 2458 242 43 longuement
1477 2469 131 26 encore
1630 2472 63 24 sur
1721 2463 33 34 le
1771 2463 158 36 Carmen
1949 2476 83 24 secu-

280 2507 78 36 lare
363 2535 8 17 1
398 2517 181 37 pourront
600 2511 186 32 consulter
800 2512 32 33 la
854 2512 327 44 Correspondance
1202 2514 44 33 de
1276 2513 142 35 Grimm
1423 2540 8 15 ,
1455 2515 20 33 à
1496 2515 34 34 la
1552 2517 82 34 date
1655 2519 44 33 de
1721 2519 133 35 février
1872 2521 104 45 1780,
2000 2522 52 33 les

279 2564 205 35 Mémoires
517 2571 137 28 secrets
657 2590 9 18 ,
684 2572 81 37 etc.,
788 2576 71 23 aux
893 2567 101 33 dates
1027 2566 188 35 suivantes
1237 2578 8 23 :
1265 2580 24 33 4
1310 2570 201 36 novembre
1541 2583 104 35 1770,
1663 2586 22 33 9
1707 2582 34 27 et
1771 2587 44 23 20
1842 2576 153 45 janvier,
2018 2583 34 28 et

280 2618 42 36 3i
343 2620 120 43 juillet
489 2622 105 45 1780,
614 2627 35 29 et
669 2620 98 36 enfin
792 2622 236 35 YAlmanach
1051 2623 156 35 musical
1227 2625 44 33 de
1293 2624 105 44 1781*
