<?xml version="1.0" encoding="UTF-8"?>
<alto xmlns:xsi="http://www.w3.org/2001/XMLSchema-instance" xmlns="http://www.loc.gov/standards/alto/ns-v2#" xsi:schemaLocation="http://www.loc.gov/standards/alto/ns-v2# http://www.loc.gov/standards/alto/alto-v2.0.xsd" xmlns:xlink="http://www.w3.org/1999/xlink">
	<Description>
		<MeasurementUnit>mm10</MeasurementUnit>
		<sourceImageInformation>
			<fileName>//fileserver7/IN2/Princeton/Batch3/bmtnabc/1875/03/01_01/00000255.tif</fileName>
		</sourceImageInformation>
		<OCRProcessing ID="OCRPROCESSING_1">
			<preProcessingStep>
				<processingSoftware>
					<softwareCreator>CCS Content Conversion Specialists GmbH, Germany</softwareCreator>
					<softwareName>CCS docWORKS</softwareName>
					<softwareVersion>6.6-1.18</softwareVersion>
				</processingSoftware>
			</preProcessingStep>
			<ocrProcessingStep>
				<processingSoftware>
					<softwareCreator>ABBYY (BIT Software), Russia</softwareCreator>
					<softwareName>FineReader</softwareName>
					<softwareVersion>10.0</softwareVersion>
				</processingSoftware>
			</ocrProcessingStep>
		</OCRProcessing>
	</Description>
	<Styles>
		<TextStyle ID="TXT_0" FONTSIZE="15" FONTFAMILY="Times New Roman"/>
		<TextStyle ID="TXT_1" FONTSIZE="26" FONTFAMILY="Times New Roman"/>
		<TextStyle ID="TXT_2" FONTSIZE="16" FONTFAMILY="Times New Roman" FONTSTYLE="italics"/>
		<TextStyle ID="TXT_3" FONTSIZE="13" FONTFAMILY="Times New Roman"/>
		<TextStyle ID="TXT_4" FONTSIZE="11" FONTFAMILY="Times New Roman"/>
		<ParagraphStyle ID="PAR_LEFT" ALIGN="Left"/>
		<ParagraphStyle ID="PAR_RIGHT" ALIGN="Right"/>
	</Styles>
	<Layout>
		<Page ID="P18" PHYSICAL_IMG_NR="18" HEIGHT="4221" WIDTH="2702" PRINTED_IMG_NR="209" PC="0.902">
			<TopMargin ID="P18_TM00001" HPOS="0" VPOS="0" WIDTH="2702" HEIGHT="528">
				<TextBlock ID="P18_TB00001" HPOS="523" VPOS="453" WIDTH="1182" HEIGHT="56" STYLEREFS="TXT_0 PAR_LEFT">
					<TextLine ID="P18_TL00001" HPOS="524" VPOS="454" WIDTH="1181" HEIGHT="55">
						<String ID="P18_ST00001" HPOS="524" VPOS="463" WIDTH="106" HEIGHT="41" CONTENT="LES" WC="0.98" CC="500"/>
						<SP ID="P18_SP00001" HPOS="630" VPOS="504" WIDTH="29"/>
						<String ID="P18_ST00002" HPOS="659" VPOS="463" WIDTH="447" HEIGHT="42" CONTENT="SPECTATEURS" WC="1.00" CC="00000010020"/>
						<SP ID="P18_SP00002" HPOS="1106" VPOS="505" WIDTH="29"/>
						<String ID="P18_ST00003" HPOS="1135" VPOS="463" WIDTH="123" HEIGHT="43" CONTENT="SUR" WC="1.00" CC="000"/>
						<SP ID="P18_SP00003" HPOS="1258" VPOS="506" WIDTH="35"/>
						<String ID="P18_ST00004" HPOS="1293" VPOS="466" WIDTH="76" HEIGHT="40" CONTENT="LE" WC="0.91" CC="10"/>
						<SP ID="P18_SP00004" HPOS="1369" VPOS="506" WIDTH="30"/>
						<String ID="P18_ST00005" HPOS="1399" VPOS="454" WIDTH="306" HEIGHT="55" CONTENT="THÉÂTRE" WC="1.00" CC="0320010"/>
					</TextLine>
				</TextBlock>
				<TextBlock ID="P18_TB00002" HPOS="1912" VPOS="484" WIDTH="81" HEIGHT="41" STYLEREFS="TXT_1 PAR_RIGHT">
					<TextLine ID="P18_TL00002" HPOS="1912" VPOS="484" WIDTH="81" HEIGHT="41">
						<String ID="P18_ST00006" HPOS="1912" VPOS="484" WIDTH="81" HEIGHT="41" CONTENT="209" WC="1.00" CC="000"/>
					</TextLine>
				</TextBlock>
			</TopMargin>
			<LeftMargin ID="P18_LM00001" HPOS="0" VPOS="528" WIDTH="236" HEIGHT="3125"/>
			<RightMargin ID="P18_RM00001" HPOS="2036" VPOS="528" WIDTH="666" HEIGHT="3125"/>
			<BottomMargin ID="P18_BM00001" HPOS="0" VPOS="3653" WIDTH="2702" HEIGHT="568"/>
			<PrintSpace ID="P18_PS00001" HPOS="236" VPOS="528" WIDTH="1800" HEIGHT="3125">
				<TextBlock ID="P18_TB00003" HPOS="236" VPOS="608" WIDTH="1800" HEIGHT="2931" STYLEREFS="TXT_0 PAR_LEFT">
					<TextLine ID="P18_TL00003" HPOS="237" VPOS="609" WIDTH="1762" HEIGHT="61">
						<String ID="P18_ST00007" HPOS="237" VPOS="610" WIDTH="170" HEIGHT="40" CONTENT="endroit" WC="0.98" CC="5501046"/>
						<SP ID="P18_SP00005" HPOS="407" VPOS="650" WIDTH="21"/>
						<String ID="P18_ST00008" HPOS="428" VPOS="609" WIDTH="110" HEIGHT="42" CONTENT="ainsi" WC="0.99" CC="10301"/>
						<SP ID="P18_SP00006" HPOS="538" VPOS="651" WIDTH="23"/>
						<String ID="P18_ST00009" HPOS="561" VPOS="612" WIDTH="233" HEIGHT="39" CONTENT="encombré" WC="0.99" CC="00037553"/>
						<SP ID="P18_SP00007" HPOS="794" VPOS="651" WIDTH="20"/>
						<String ID="P18_ST00010" HPOS="814" VPOS="611" WIDTH="51" HEIGHT="41" CONTENT="de" WC="0.61" CC="34"/>
						<SP ID="P18_SP00008" HPOS="865" VPOS="652" WIDTH="22"/>
						<String ID="P18_ST00011" HPOS="887" VPOS="621" WIDTH="266" HEIGHT="46" CONTENT="spectateurs" WC="0.99" CC="01000340490"/>
						<SP ID="P18_SP00009" HPOS="1153" VPOS="667" WIDTH="17"/>
						<String ID="P18_ST00012" HPOS="1170" VPOS="626" WIDTH="10" HEIGHT="41" CONTENT=";" WC="0.29" CC="7"/>
						<SP ID="P18_SP00010" HPOS="1180" VPOS="667" WIDTH="31"/>
						<String ID="P18_ST00013" HPOS="1211" VPOS="613" WIDTH="53" HEIGHT="41" CONTENT="de" WC="0.93" CC="01"/>
						<SP ID="P18_SP00011" HPOS="1264" VPOS="667" WIDTH="32"/>
						<String ID="P18_ST00014" HPOS="1296" VPOS="614" WIDTH="40" HEIGHT="40" CONTENT="là" WC="0.60" CC="52"/>
						<SP ID="P18_SP00012" HPOS="1336" VPOS="667" WIDTH="28"/>
						<String ID="P18_ST00015" HPOS="1364" VPOS="628" WIDTH="169" HEIGHT="39" CONTENT="encore," WC="0.99" CC="0003907"/>
						<SP ID="P18_SP00013" HPOS="1533" VPOS="667" WIDTH="23"/>
						<String ID="P18_ST00016" HPOS="1556" VPOS="630" WIDTH="74" HEIGHT="40" CONTENT="par" WC="0.96" CC="082"/>
						<SP ID="P18_SP00014" HPOS="1630" VPOS="670" WIDTH="23"/>
						<String ID="P18_ST00017" HPOS="1653" VPOS="616" WIDTH="127" HEIGHT="54" CONTENT="suite," WC="0.99" CC="300604"/>
						<SP ID="P18_SP00015" HPOS="1780" VPOS="670" WIDTH="22"/>
						<String ID="P18_ST00018" HPOS="1802" VPOS="616" WIDTH="176" HEIGHT="45" CONTENT="l'invrai" SUBS_TYPE="HypPart1" SUBS_CONTENT="l'invraisemblance" WC="0.98" CC="73584864"/>
						<HYP HPOS="1978" VPOS="616" WIDTH="21" CONTENT="-"/>
					</TextLine>
					<TextLine ID="P18_TL00004" HPOS="239" VPOS="683" WIDTH="1530" HEIGHT="59">
						<String ID="P18_ST00019" HPOS="239" VPOS="683" WIDTH="245" HEIGHT="43" CONTENT="semblance" SUBS_TYPE="HypPart2" SUBS_CONTENT="l'invraisemblance" WC="1.00" CC="000025000"/>
						<SP ID="P18_SP00016" HPOS="484" VPOS="726" WIDTH="20"/>
						<String ID="P18_ST00020" HPOS="504" VPOS="684" WIDTH="72" HEIGHT="40" CONTENT="des" WC="1.00" CC="000"/>
						<SP ID="P18_SP00017" HPOS="576" VPOS="726" WIDTH="19"/>
						<String ID="P18_ST00021" HPOS="595" VPOS="686" WIDTH="180" HEIGHT="53" CONTENT="entrées," WC="0.98" CC="08366004"/>
						<SP ID="P18_SP00018" HPOS="775" VPOS="739" WIDTH="25"/>
						<String ID="P18_ST00022" HPOS="800" VPOS="685" WIDTH="72" HEIGHT="41" CONTENT="des" WC="1.00" CC="000"/>
						<SP ID="P18_SP00019" HPOS="872" VPOS="739" WIDTH="22"/>
						<String ID="P18_ST00023" HPOS="894" VPOS="687" WIDTH="167" HEIGHT="51" CONTENT="sorties," WC="0.99" CC="00603004"/>
						<SP ID="P18_SP00020" HPOS="1061" VPOS="739" WIDTH="23"/>
						<String ID="P18_ST00024" HPOS="1084" VPOS="687" WIDTH="72" HEIGHT="40" CONTENT="des" WC="1.00" CC="000"/>
						<SP ID="P18_SP00021" HPOS="1156" VPOS="739" WIDTH="22"/>
						<String ID="P18_ST00025" HPOS="1178" VPOS="696" WIDTH="247" HEIGHT="33" CONTENT="rencontres" WC="0.99" CC="5090500000"/>
						<SP ID="P18_SP00022" HPOS="1425" VPOS="739" WIDTH="23"/>
						<String ID="P18_ST00026" HPOS="1448" VPOS="689" WIDTH="217" HEIGHT="53" CONTENT="fortuites," WC="0.99" CC="0304400604"/>
						<SP ID="P18_SP00023" HPOS="1665" VPOS="742" WIDTH="21"/>
						<String ID="P18_ST00027" HPOS="1686" VPOS="699" WIDTH="83" HEIGHT="36" CONTENT="etc." WC="0.97" CC="0084"/>
					</TextLine>
					<TextLine ID="P18_TL00005" HPOS="294" VPOS="757" WIDTH="1707" HEIGHT="61">
						<String ID="P18_ST00028" HPOS="294" VPOS="757" WIDTH="194" HEIGHT="42" CONTENT="Voltaire" WC="1.00" CC="41000111"/>
						<SP ID="P18_SP00024" HPOS="488" VPOS="799" WIDTH="22"/>
						<String ID="P18_ST00029" HPOS="510" VPOS="757" WIDTH="65" HEIGHT="42" CONTENT="dit" WC="0.97" CC="017"/>
						<SP ID="P18_SP00025" HPOS="575" VPOS="799" WIDTH="23"/>
						<String ID="P18_ST00030" HPOS="598" VPOS="758" WIDTH="116" HEIGHT="55" CONTENT="bien," WC="0.99" CC="02004"/>
						<SP ID="P18_SP00026" HPOS="714" VPOS="813" WIDTH="24"/>
						<String ID="P18_ST00031" HPOS="738" VPOS="759" WIDTH="108" HEIGHT="41" CONTENT="dans" WC="1.00" CC="0000"/>
						<SP ID="P18_SP00027" HPOS="846" VPOS="813" WIDTH="33"/>
						<String ID="P18_ST00032" HPOS="879" VPOS="773" WIDTH="76" HEIGHT="28" CONTENT="son" WC="0.97" CC="006"/>
						<SP ID="P18_SP00028" HPOS="955" VPOS="813" WIDTH="24"/>
						<String ID="P18_ST00033" HPOS="979" VPOS="762" WIDTH="317" HEIGHT="40" CONTENT="commentaire" WC="1.00" CC="33010000452"/>
						<SP ID="P18_SP00029" HPOS="1296" VPOS="813" WIDTH="21"/>
						<String ID="P18_ST00034" HPOS="1317" VPOS="776" WIDTH="74" HEIGHT="27" CONTENT="sur" WC="0.96" CC="046"/>
						<SP ID="P18_SP00030" HPOS="1391" VPOS="813" WIDTH="23"/>
						<String ID="P18_ST00035" HPOS="1414" VPOS="762" WIDTH="214" HEIGHT="56" CONTENT="l'Œdipe," WC="0.62" CC="09000667"/>
						<SP ID="P18_SP00031" HPOS="1628" VPOS="818" WIDTH="34"/>
						<String ID="P18_ST00036" HPOS="1662" VPOS="766" WIDTH="52" HEIGHT="41" CONTENT="de" WC="0.84" CC="03"/>
						<SP ID="P18_SP00032" HPOS="1714" VPOS="818" WIDTH="27"/>
						<String ID="P18_ST00037" HPOS="1741" VPOS="767" WIDTH="218" HEIGHT="42" CONTENT="Corneille" WC="0.99" CC="003402103"/>
						<SP ID="P18_SP00033" HPOS="1959" VPOS="818" WIDTH="32"/>
						<String ID="P18_ST00038" HPOS="1991" VPOS="782" WIDTH="10" HEIGHT="26" CONTENT=":" WC="1.00" CC="0"/>
					</TextLine>
					<TextLine ID="P18_TL00006" HPOS="242" VPOS="832" WIDTH="1762" HEIGHT="64">
						<String ID="P18_ST00039" HPOS="242" VPOS="848" WIDTH="19" HEIGHT="22" CONTENT="«" WC="0.58" CC="4"/>
						<SP ID="P18_SP00034" HPOS="261" VPOS="870" WIDTH="27"/>
						<String ID="P18_ST00040" HPOS="288" VPOS="863" WIDTH="45" HEIGHT="11" CONTENT="..." WC="0.97" CC="034"/>
						<SP ID="P18_SP00035" HPOS="333" VPOS="874" WIDTH="34"/>
						<String ID="P18_ST00041" HPOS="367" VPOS="832" WIDTH="83" HEIGHT="41" CONTENT="Les" WC="1.00" CC="010"/>
						<SP ID="P18_SP00036" HPOS="450" VPOS="874" WIDTH="28"/>
						<String ID="P18_ST00042" HPOS="478" VPOS="832" WIDTH="291" HEIGHT="56" CONTENT="magnifiques" WC="1.00" CC="05600111000"/>
						<SP ID="P18_SP00037" HPOS="769" VPOS="888" WIDTH="36"/>
						<String ID="P18_ST00043" HPOS="805" VPOS="834" WIDTH="204" HEIGHT="40" CONTENT="tableaux" WC="0.99" CC="50010410"/>
						<SP ID="P18_SP00038" HPOS="1009" VPOS="888" WIDTH="33"/>
						<String ID="P18_ST00044" HPOS="1042" VPOS="834" WIDTH="108" HEIGHT="41" CONTENT="dont" WC="0.97" CC="0308"/>
						<SP ID="P18_SP00039" HPOS="1150" VPOS="888" WIDTH="32"/>
						<String ID="P18_ST00045" HPOS="1182" VPOS="834" WIDTH="211" HEIGHT="55" CONTENT="Sophocle" WC="0.99" CC="04061012"/>
						<SP ID="P18_SP00040" HPOS="1393" VPOS="889" WIDTH="30"/>
						<String ID="P18_ST00046" HPOS="1423" VPOS="850" WIDTH="24" HEIGHT="27" CONTENT="a" WC="0.60" CC="3"/>
						<SP ID="P18_SP00041" HPOS="1447" VPOS="889" WIDTH="40"/>
						<String ID="P18_ST00047" HPOS="1487" VPOS="840" WIDTH="105" HEIGHT="39" CONTENT="orné" WC="0.96" CC="1674"/>
						<SP ID="P18_SP00042" HPOS="1592" VPOS="889" WIDTH="39"/>
						<String ID="P18_ST00048" HPOS="1631" VPOS="852" WIDTH="77" HEIGHT="29" CONTENT="son" WC="0.98" CC="040"/>
						<SP ID="P18_SP00043" HPOS="1708" VPOS="889" WIDTH="39"/>
						<String ID="P18_ST00049" HPOS="1747" VPOS="841" WIDTH="167" HEIGHT="55" CONTENT="Œdipe" WC="0.98" CC="00094" STYLEREFS="TXT_2"/>
						<SP ID="P18_SP00044" HPOS="1914" VPOS="896" WIDTH="29"/>
						<String ID="P18_ST00050" HPOS="1943" VPOS="842" WIDTH="41" HEIGHT="40" CONTENT="fe" SUBS_TYPE="HypPart1" SUBS_CONTENT="feraient" WC="0.98" CC="00"/>
						<HYP HPOS="1984" VPOS="842" WIDTH="20" CONTENT="-"/>
					</TextLine>
					<TextLine ID="P18_TL00007" HPOS="240" VPOS="906" WIDTH="1766" HEIGHT="63">
						<String ID="P18_ST00051" HPOS="240" VPOS="906" WIDTH="140" HEIGHT="42" CONTENT="raient" SUBS_TYPE="HypPart2" SUBS_CONTENT="feraient" WC="0.99" CC="304005"/>
						<SP ID="P18_SP00045" HPOS="380" VPOS="948" WIDTH="24"/>
						<String ID="P18_ST00052" HPOS="404" VPOS="920" WIDTH="98" HEIGHT="27" CONTENT="sans" WC="1.00" CC="0100"/>
						<SP ID="P18_SP00046" HPOS="502" VPOS="948" WIDTH="22"/>
						<String ID="P18_ST00053" HPOS="524" VPOS="908" WIDTH="133" HEIGHT="40" CONTENT="doute" WC="0.99" CC="00051"/>
						<SP ID="P18_SP00047" HPOS="657" VPOS="948" WIDTH="32"/>
						<String ID="P18_ST00054" HPOS="689" VPOS="907" WIDTH="38" HEIGHT="40" CONTENT="le" WC="0.96" CC="00"/>
						<SP ID="P18_SP00048" HPOS="727" VPOS="948" WIDTH="33"/>
						<String ID="P18_ST00055" HPOS="760" VPOS="907" WIDTH="141" HEIGHT="41" CONTENT="même" WC="0.98" CC="1600"/>
						<SP ID="P18_SP00049" HPOS="901" VPOS="948" WIDTH="31"/>
						<String ID="P18_ST00056" HPOS="932" VPOS="907" WIDTH="97" HEIGHT="42" CONTENT="effet" WC="0.98" CC="07600"/>
						<SP ID="P18_SP00050" HPOS="1029" VPOS="949" WIDTH="20"/>
						<String ID="P18_ST00057" HPOS="1049" VPOS="922" WIDTH="87" HEIGHT="41" CONTENT="que" WC="1.00" CC="000"/>
						<SP ID="P18_SP00051" HPOS="1136" VPOS="963" WIDTH="33"/>
						<String ID="P18_ST00058" HPOS="1169" VPOS="909" WIDTH="59" HEIGHT="40" CONTENT="les" WC="1.00" CC="000"/>
						<SP ID="P18_SP00052" HPOS="1228" VPOS="963" WIDTH="28"/>
						<String ID="P18_ST00059" HPOS="1256" VPOS="920" WIDTH="144" HEIGHT="32" CONTENT="autres" WC="0.99" CC="550000"/>
						<SP ID="P18_SP00053" HPOS="1400" VPOS="963" WIDTH="27"/>
						<String ID="P18_ST00060" HPOS="1427" VPOS="912" WIDTH="158" HEIGHT="54" CONTENT="parties" WC="0.99" CC="4730200"/>
						<SP ID="P18_SP00054" HPOS="1585" VPOS="966" WIDTH="24"/>
						<String ID="P18_ST00061" HPOS="1609" VPOS="915" WIDTH="59" HEIGHT="41" CONTENT="du" WC="0.73" CC="05"/>
						<SP ID="P18_SP00055" HPOS="1668" VPOS="966" WIDTH="30"/>
						<String ID="P18_ST00062" HPOS="1698" VPOS="921" WIDTH="150" HEIGHT="48" CONTENT="poëme" WC="0.87" CC="00600"/>
						<SP ID="P18_SP00056" HPOS="1848" VPOS="969" WIDTH="30"/>
						<String ID="P18_ST00063" HPOS="1878" VPOS="916" WIDTH="128" HEIGHT="42" CONTENT="firent" WC="0.98" CC="065005"/>
					</TextLine>
					<TextLine ID="P18_TL00008" HPOS="240" VPOS="980" WIDTH="1764" HEIGHT="63">
						<String ID="P18_ST00064" HPOS="240" VPOS="980" WIDTH="108" HEIGHT="40" CONTENT="dans" WC="1.00" CC="0100"/>
						<SP ID="P18_SP00057" HPOS="348" VPOS="1020" WIDTH="23"/>
						<String ID="P18_ST00065" HPOS="371" VPOS="980" WIDTH="195" HEIGHT="41" CONTENT="Athènes" WC="1.00" CC="0060000"/>
						<SP ID="P18_SP00058" HPOS="566" VPOS="1021" WIDTH="21"/>
						<String ID="P18_ST00066" HPOS="587" VPOS="994" WIDTH="10" HEIGHT="40" CONTENT=";" WC="0.38" CC="6"/>
						<SP ID="P18_SP00059" HPOS="597" VPOS="1034" WIDTH="36"/>
						<String ID="P18_ST00067" HPOS="633" VPOS="980" WIDTH="127" HEIGHT="49" CONTENT="mais," WC="1.00" CC="00003"/>
						<SP ID="P18_SP00060" HPOS="760" VPOS="1034" WIDTH="17"/>
						<String ID="P18_ST00068" HPOS="777" VPOS="980" WIDTH="60" HEIGHT="41" CONTENT="du" WC="0.50" CC="09"/>
						<SP ID="P18_SP00061" HPOS="837" VPOS="1034" WIDTH="24"/>
						<String ID="P18_ST00069" HPOS="861" VPOS="990" WIDTH="140" HEIGHT="46" CONTENT="temps" WC="0.99" CC="00600"/>
						<SP ID="P18_SP00062" HPOS="1001" VPOS="1036" WIDTH="28"/>
						<String ID="P18_ST00070" HPOS="1029" VPOS="982" WIDTH="51" HEIGHT="40" CONTENT="de" WC="1.00" CC="00"/>
						<SP ID="P18_SP00063" HPOS="1080" VPOS="1036" WIDTH="23"/>
						<String ID="P18_ST00071" HPOS="1103" VPOS="982" WIDTH="238" HEIGHT="55" CONTENT="Corneille," WC="1.00" CC="2020000104"/>
						<SP ID="P18_SP00064" HPOS="1341" VPOS="1037" WIDTH="23"/>
						<String ID="P18_ST00072" HPOS="1364" VPOS="999" WIDTH="78" HEIGHT="27" CONTENT="nos" WC="0.99" CC="020"/>
						<SP ID="P18_SP00065" HPOS="1442" VPOS="1037" WIDTH="22"/>
						<String ID="P18_ST00073" HPOS="1464" VPOS="985" WIDTH="100" HEIGHT="54" CONTENT="jeux" WC="0.99" CC="0102"/>
						<SP ID="P18_SP00066" HPOS="1564" VPOS="1039" WIDTH="19"/>
						<String ID="P18_ST00074" HPOS="1583" VPOS="987" WIDTH="51" HEIGHT="41" CONTENT="de" WC="0.78" CC="04"/>
						<SP ID="P18_SP00067" HPOS="1634" VPOS="1039" WIDTH="26"/>
						<String ID="P18_ST00075" HPOS="1660" VPOS="1002" WIDTH="160" HEIGHT="41" CONTENT="paume" WC="0.99" CC="00500"/>
						<SP ID="P18_SP00068" HPOS="1820" VPOS="1043" WIDTH="21"/>
						<String ID="P18_ST00076" HPOS="1841" VPOS="990" WIDTH="163" HEIGHT="52" CONTENT="étroits," WC="1.00" CC="20050010"/>
					</TextLine>
					<TextLine ID="P18_TL00009" HPOS="242" VPOS="1054" WIDTH="1766" HEIGHT="58">
						<String ID="P18_ST00077" HPOS="242" VPOS="1055" WIDTH="106" HEIGHT="38" CONTENT="dans" WC="1.00" CC="0020"/>
						<SP ID="P18_SP00069" HPOS="348" VPOS="1093" WIDTH="38"/>
						<String ID="P18_ST00078" HPOS="386" VPOS="1054" WIDTH="188" HEIGHT="53" CONTENT="lesquels" WC="0.99" CC="51005150"/>
						<SP ID="P18_SP00070" HPOS="574" VPOS="1107" WIDTH="40"/>
						<String ID="P18_ST00079" HPOS="614" VPOS="1067" WIDTH="58" HEIGHT="27" CONTENT="on" WC="0.44" CC="37"/>
						<SP ID="P18_SP00071" HPOS="672" VPOS="1107" WIDTH="40"/>
						<String ID="P18_ST00080" HPOS="712" VPOS="1055" WIDTH="281" HEIGHT="54" CONTENT="représentait" WC="1.00" CC="400000000024"/>
						<SP ID="P18_SP00072" HPOS="993" VPOS="1109" WIDTH="34"/>
						<String ID="P18_ST00081" HPOS="1027" VPOS="1069" WIDTH="64" HEIGHT="27" CONTENT="ses" WC="1.00" CC="000"/>
						<SP ID="P18_SP00073" HPOS="1091" VPOS="1109" WIDTH="39"/>
						<String ID="P18_ST00082" HPOS="1130" VPOS="1057" WIDTH="157" HEIGHT="55" CONTENT="pièces," WC="0.99" CC="0340003"/>
						<SP ID="P18_SP00074" HPOS="1287" VPOS="1112" WIDTH="33"/>
						<String ID="P18_ST00083" HPOS="1320" VPOS="1058" WIDTH="60" HEIGHT="41" CONTENT="les" WC="1.00" CC="000"/>
						<SP ID="P18_SP00075" HPOS="1380" VPOS="1112" WIDTH="36"/>
						<String ID="P18_ST00084" HPOS="1416" VPOS="1061" WIDTH="240" HEIGHT="41" CONTENT="vêtements" WC="0.99" CC="766000060"/>
						<SP ID="P18_SP00076" HPOS="1656" VPOS="1112" WIDTH="36"/>
						<String ID="P18_ST00085" HPOS="1692" VPOS="1062" WIDTH="204" HEIGHT="43" CONTENT="ridicules" WC="1.00" CC="500100100"/>
						<SP ID="P18_SP00077" HPOS="1896" VPOS="1112" WIDTH="39"/>
						<String ID="P18_ST00086" HPOS="1935" VPOS="1063" WIDTH="73" HEIGHT="42" CONTENT="des" WC="0.99" CC="001"/>
					</TextLine>
					<TextLine ID="P18_TL00010" HPOS="243" VPOS="1128" WIDTH="1768" HEIGHT="59">
						<String ID="P18_ST00087" HPOS="243" VPOS="1137" WIDTH="187" HEIGHT="43" CONTENT="acteurs," WC="0.99" CC="00004504"/>
						<SP ID="P18_SP00078" HPOS="430" VPOS="1180" WIDTH="22"/>
						<String ID="P18_ST00088" HPOS="452" VPOS="1128" WIDTH="41" HEIGHT="40" CONTENT="la" WC="1.00" CC="00"/>
						<SP ID="P18_SP00079" HPOS="493" VPOS="1180" WIDTH="22"/>
						<String ID="P18_ST00089" HPOS="515" VPOS="1128" WIDTH="250" HEIGHT="42" CONTENT="décoration" WC="1.00" CC="0700400200"/>
						<SP ID="P18_SP00080" HPOS="765" VPOS="1180" WIDTH="22"/>
						<String ID="P18_ST00090" HPOS="787" VPOS="1129" WIDTH="119" HEIGHT="42" CONTENT="aussi" WC="0.99" CC="04001"/>
						<SP ID="P18_SP00081" HPOS="906" VPOS="1180" WIDTH="23"/>
						<String ID="P18_ST00091" HPOS="929" VPOS="1129" WIDTH="88" HEIGHT="42" CONTENT="mal" WC="0.99" CC="001"/>
						<SP ID="P18_SP00082" HPOS="1017" VPOS="1180" WIDTH="25"/>
						<String ID="P18_ST00092" HPOS="1042" VPOS="1131" WIDTH="219" HEIGHT="42" CONTENT="entendue" WC="0.99" CC="00600005"/>
						<SP ID="P18_SP00083" HPOS="1261" VPOS="1180" WIDTH="29"/>
						<String ID="P18_ST00093" HPOS="1290" VPOS="1147" WIDTH="85" HEIGHT="40" CONTENT="que" WC="0.98" CC="050"/>
						<SP ID="P18_SP00084" HPOS="1375" VPOS="1187" WIDTH="21"/>
						<String ID="P18_ST00094" HPOS="1396" VPOS="1147" WIDTH="67" HEIGHT="27" CONTENT="ces" WC="0.98" CC="400"/>
						<SP ID="P18_SP00085" HPOS="1463" VPOS="1187" WIDTH="22"/>
						<String ID="P18_ST00095" HPOS="1485" VPOS="1136" WIDTH="255" HEIGHT="49" CONTENT="vêtements," WC="0.99" CC="0600007504"/>
						<SP ID="P18_SP00086" HPOS="1740" VPOS="1187" WIDTH="24"/>
						<String ID="P18_ST00096" HPOS="1764" VPOS="1136" WIDTH="247" HEIGHT="44" CONTENT="excluaient" WC="1.00" CC="0000500004"/>
					</TextLine>
					<TextLine ID="P18_TL00011" HPOS="243" VPOS="1200" WIDTH="1770" HEIGHT="64">
						<String ID="P18_ST00097" HPOS="243" VPOS="1201" WIDTH="40" HEIGHT="42" CONTENT="la" WC="1.00" CC="00"/>
						<SP ID="P18_SP00087" HPOS="283" VPOS="1243" WIDTH="31"/>
						<String ID="P18_ST00098" HPOS="314" VPOS="1200" WIDTH="314" HEIGHT="55" CONTENT="magnificence" WC="0.99" CC="000526600045"/>
						<SP ID="P18_SP00088" HPOS="628" VPOS="1255" WIDTH="33"/>
						<String ID="P18_ST00099" HPOS="661" VPOS="1203" WIDTH="107" HEIGHT="40" CONTENT="d'un" WC="0.98" CC="0240"/>
						<SP ID="P18_SP00089" HPOS="768" VPOS="1255" WIDTH="34"/>
						<String ID="P18_ST00100" HPOS="802" VPOS="1204" WIDTH="211" HEIGHT="54" CONTENT="spectacle" WC="1.00" CC="003000000"/>
						<SP ID="P18_SP00090" HPOS="1013" VPOS="1258" WIDTH="28"/>
						<String ID="P18_ST00101" HPOS="1041" VPOS="1204" WIDTH="210" HEIGHT="42" CONTENT="véritable" WC="0.99" CC="951340000"/>
						<SP ID="P18_SP00091" HPOS="1251" VPOS="1258" WIDTH="33"/>
						<String ID="P18_ST00102" HPOS="1284" VPOS="1213" WIDTH="41" HEIGHT="35" CONTENT="et" WC="1.00" CC="00"/>
						<SP ID="P18_SP00092" HPOS="1325" VPOS="1258" WIDTH="24"/>
						<String ID="P18_ST00103" HPOS="1349" VPOS="1206" WIDTH="264" HEIGHT="43" CONTENT="réduisaient" WC="0.99" CC="56043003004"/>
						<SP ID="P18_SP00093" HPOS="1613" VPOS="1258" WIDTH="22"/>
						<String ID="P18_ST00104" HPOS="1635" VPOS="1210" WIDTH="41" HEIGHT="40" CONTENT="la" WC="1.00" CC="00"/>
						<SP ID="P18_SP00094" HPOS="1676" VPOS="1258" WIDTH="26"/>
						<String ID="P18_ST00105" HPOS="1702" VPOS="1210" WIDTH="193" HEIGHT="54" CONTENT="tragédie" WC="0.99" CC="53005000"/>
						<SP ID="P18_SP00095" HPOS="1895" VPOS="1264" WIDTH="20"/>
						<String ID="P18_ST00106" HPOS="1915" VPOS="1216" WIDTH="24" HEIGHT="35" CONTENT="à" WC="0.57" CC="4"/>
						<SP ID="P18_SP00096" HPOS="1939" VPOS="1264" WIDTH="23"/>
						<String ID="P18_ST00107" HPOS="1962" VPOS="1211" WIDTH="51" HEIGHT="41" CONTENT="de" WC="0.82" CC="03"/>
					</TextLine>
					<TextLine ID="P18_TL00012" HPOS="244" VPOS="1274" WIDTH="1767" HEIGHT="64">
						<String ID="P18_ST00108" HPOS="244" VPOS="1274" WIDTH="180" HEIGHT="56" CONTENT="simples" WC="1.00" CC="0100400"/>
						<SP ID="P18_SP00097" HPOS="424" VPOS="1330" WIDTH="20"/>
						<String ID="P18_ST00109" HPOS="444" VPOS="1276" WIDTH="344" HEIGHT="55" CONTENT="conversations," WC="1.00" CC="04000000603004"/>
						<SP ID="P18_SP00098" HPOS="788" VPOS="1331" WIDTH="23"/>
						<String ID="P18_ST00110" HPOS="811" VPOS="1291" WIDTH="87" HEIGHT="41" CONTENT="que" WC="0.98" CC="050"/>
						<SP ID="P18_SP00099" HPOS="898" VPOS="1332" WIDTH="22"/>
						<String ID="P18_ST00111" HPOS="920" VPOS="1277" WIDTH="218" HEIGHT="43" CONTENT="Corneille" WC="0.99" CC="350004330"/>
						<SP ID="P18_SP00100" HPOS="1138" VPOS="1332" WIDTH="22"/>
						<String ID="P18_ST00112" HPOS="1160" VPOS="1280" WIDTH="150" HEIGHT="41" CONTENT="anima" WC="0.97" CC="55061" STYLEREFS="TXT_2"/>
						<SP ID="P18_SP00101" HPOS="1310" VPOS="1332" WIDTH="20"/>
						<String ID="P18_ST00113" HPOS="1330" VPOS="1281" WIDTH="272" HEIGHT="56" CONTENT="quelquefois" WC="0.99" CC="04004600600"/>
						<SP ID="P18_SP00102" HPOS="1602" VPOS="1337" WIDTH="17"/>
						<String ID="P18_ST00114" HPOS="1619" VPOS="1297" WIDTH="75" HEIGHT="41" CONTENT="par" WC="1.00" CC="000"/>
						<SP ID="P18_SP00103" HPOS="1694" VPOS="1338" WIDTH="20"/>
						<String ID="P18_ST00115" HPOS="1714" VPOS="1284" WIDTH="39" HEIGHT="41" CONTENT="le" WC="1.00" CC="00"/>
						<SP ID="P18_SP00104" HPOS="1753" VPOS="1338" WIDTH="21"/>
						<String ID="P18_ST00116" HPOS="1774" VPOS="1284" WIDTH="71" HEIGHT="42" CONTENT="feu" WC="0.97" CC="026"/>
						<SP ID="P18_SP00105" HPOS="1845" VPOS="1338" WIDTH="15"/>
						<String ID="P18_ST00117" HPOS="1860" VPOS="1284" WIDTH="51" HEIGHT="42" CONTENT="de" WC="1.00" CC="00"/>
						<SP ID="P18_SP00106" HPOS="1911" VPOS="1338" WIDTH="21"/>
						<String ID="P18_ST00118" HPOS="1932" VPOS="1298" WIDTH="79" HEIGHT="29" CONTENT="son" WC="0.95" CC="057"/>
					</TextLine>
					<TextLine ID="P18_TL00013" HPOS="245" VPOS="1349" WIDTH="196" HEIGHT="54">
						<String ID="P18_ST00119" HPOS="245" VPOS="1349" WIDTH="146" HEIGHT="54" CONTENT="génie." WC="0.99" CC="800104"/>
						<SP ID="P18_SP00107" HPOS="391" VPOS="1403" WIDTH="32"/>
						<String ID="P18_ST00120" HPOS="423" VPOS="1366" WIDTH="18" HEIGHT="22" CONTENT="»" WC="0.57" CC="4"/>
					</TextLine>
					<TextLine ID="P18_TL00014" HPOS="301" VPOS="1424" WIDTH="1714" HEIGHT="62">
						<String ID="P18_ST00121" HPOS="301" VPOS="1424" WIDTH="82" HEIGHT="41" CONTENT="Cet" WC="0.95" CC="083"/>
						<SP ID="P18_SP00108" HPOS="383" VPOS="1465" WIDTH="35"/>
						<String ID="P18_ST00122" HPOS="418" VPOS="1425" WIDTH="220" HEIGHT="41" CONTENT="embarras" WC="0.99" CC="00096900"/>
						<SP ID="P18_SP00109" HPOS="638" VPOS="1466" WIDTH="41"/>
						<String ID="P18_ST00123" HPOS="679" VPOS="1425" WIDTH="224" HEIGHT="55" CONTENT="perpétuel" WC="0.99" CC="700036401"/>
						<SP ID="P18_SP00110" HPOS="903" VPOS="1480" WIDTH="40"/>
						<String ID="P18_ST00124" HPOS="943" VPOS="1435" WIDTH="106" HEIGHT="46" CONTENT="peut" WC="0.98" CC="0045"/>
						<SP ID="P18_SP00111" HPOS="1049" VPOS="1481" WIDTH="40"/>
						<String ID="P18_ST00125" HPOS="1089" VPOS="1428" WIDTH="240" HEIGHT="55" CONTENT="expliquer," WC="1.00" CC="0000206024"/>
						<SP ID="P18_SP00112" HPOS="1329" VPOS="1483" WIDTH="30"/>
						<String ID="P18_ST00126" HPOS="1359" VPOS="1443" WIDTH="54" HEIGHT="27" CONTENT="en" WC="1.00" CC="00"/>
						<SP ID="P18_SP00113" HPOS="1413" VPOS="1483" WIDTH="36"/>
						<String ID="P18_ST00127" HPOS="1449" VPOS="1430" WIDTH="153" HEIGHT="56" CONTENT="partie," WC="1.00" CC="0000004"/>
						<SP ID="P18_SP00114" HPOS="1602" VPOS="1486" WIDTH="45"/>
						<String ID="P18_ST00128" HPOS="1647" VPOS="1439" WIDTH="108" HEIGHT="35" CONTENT="cette" WC="0.99" CC="40200"/>
						<SP ID="P18_SP00115" HPOS="1755" VPOS="1486" WIDTH="38"/>
						<String ID="P18_ST00129" HPOS="1793" VPOS="1434" WIDTH="143" HEIGHT="42" CONTENT="sévère" WC="0.98" CC="060207"/>
						<SP ID="P18_SP00116" HPOS="1936" VPOS="1486" WIDTH="39"/>
						<String ID="P18_ST00130" HPOS="1975" VPOS="1444" WIDTH="40" HEIGHT="32" CONTENT="et" WC="0.63" CC="34"/>
					</TextLine>
					<TextLine ID="P18_TL00015" HPOS="249" VPOS="1497" WIDTH="1767" HEIGHT="63">
						<String ID="P18_ST00131" HPOS="249" VPOS="1497" WIDTH="221" HEIGHT="42" CONTENT="inflexible" WC="0.99" CC="2866020040"/>
						<SP ID="P18_SP00117" HPOS="470" VPOS="1539" WIDTH="22"/>
						<String ID="P18_ST00132" HPOS="492" VPOS="1499" WIDTH="125" HEIGHT="41" CONTENT="unité" WC="0.98" CC="40150"/>
						<SP ID="P18_SP00118" HPOS="617" VPOS="1540" WIDTH="21"/>
						<String ID="P18_ST00133" HPOS="638" VPOS="1499" WIDTH="52" HEIGHT="41" CONTENT="de" WC="1.00" CC="00"/>
						<SP ID="P18_SP00119" HPOS="690" VPOS="1540" WIDTH="23"/>
						<String ID="P18_ST00134" HPOS="713" VPOS="1499" WIDTH="90" HEIGHT="41" CONTENT="lieu" WC="1.00" CC="2000"/>
						<SP ID="P18_SP00120" HPOS="803" VPOS="1540" WIDTH="21"/>
						<String ID="P18_ST00135" HPOS="824" VPOS="1500" WIDTH="51" HEIGHT="40" CONTENT="de" WC="1.00" CC="00"/>
						<SP ID="P18_SP00121" HPOS="875" VPOS="1540" WIDTH="24"/>
						<String ID="P18_ST00136" HPOS="899" VPOS="1514" WIDTH="78" HEIGHT="28" CONTENT="nos" WC="1.00" CC="000"/>
						<SP ID="P18_SP00122" HPOS="977" VPOS="1542" WIDTH="22"/>
						<String ID="P18_ST00137" HPOS="999" VPOS="1500" WIDTH="179" HEIGHT="42" CONTENT="anciens" WC="1.00" CC="0023000"/>
						<SP ID="P18_SP00123" HPOS="1178" VPOS="1542" WIDTH="26"/>
						<String ID="P18_ST00138" HPOS="1204" VPOS="1516" WIDTH="210" HEIGHT="42" CONTENT="ouvrages" WC="0.99" CC="00073000"/>
						<SP ID="P18_SP00124" HPOS="1414" VPOS="1558" WIDTH="21"/>
						<String ID="P18_ST00139" HPOS="1435" VPOS="1504" WIDTH="318" HEIGHT="56" CONTENT="dramatiques." WC="1.00" CC="000007315004"/>
						<SP ID="P18_SP00125" HPOS="1753" VPOS="1560" WIDTH="39"/>
						<String ID="P18_ST00140" HPOS="1792" VPOS="1507" WIDTH="37" HEIGHT="41" CONTENT="Il" WC="0.75" CC="50"/>
						<SP ID="P18_SP00126" HPOS="1829" VPOS="1560" WIDTH="21"/>
						<String ID="P18_ST00141" HPOS="1850" VPOS="1510" WIDTH="75" HEIGHT="39" CONTENT="eût" WC="1.00" CC="000"/>
						<SP ID="P18_SP00127" HPOS="1925" VPOS="1560" WIDTH="25"/>
						<String ID="P18_ST00142" HPOS="1950" VPOS="1509" WIDTH="66" HEIGHT="40" CONTENT="été" WC="0.97" CC="430"/>
					</TextLine>
					<TextLine ID="P18_TL00016" HPOS="248" VPOS="1571" WIDTH="1765" HEIGHT="65">
						<String ID="P18_ST00143" HPOS="248" VPOS="1571" WIDTH="83" HEIGHT="42" CONTENT="fort" WC="0.99" CC="0050"/>
						<SP ID="P18_SP00128" HPOS="331" VPOS="1613" WIDTH="34"/>
						<String ID="P18_ST00144" HPOS="365" VPOS="1572" WIDTH="192" HEIGHT="51" CONTENT="difficile," WC="1.00" CC="0310000503"/>
						<SP ID="P18_SP00129" HPOS="557" VPOS="1623" WIDTH="24"/>
						<String ID="P18_ST00145" HPOS="581" VPOS="1573" WIDTH="107" HEIGHT="41" CONTENT="dans" WC="0.99" CC="0050"/>
						<SP ID="P18_SP00130" HPOS="688" VPOS="1623" WIDTH="35"/>
						<String ID="P18_ST00146" HPOS="723" VPOS="1573" WIDTH="51" HEIGHT="41" CONTENT="de" WC="1.00" CC="00"/>
						<SP ID="P18_SP00131" HPOS="774" VPOS="1623" WIDTH="30"/>
						<String ID="P18_ST00147" HPOS="804" VPOS="1574" WIDTH="116" HEIGHT="41" CONTENT="telles" WC="1.00" CC="000100"/>
						<SP ID="P18_SP00132" HPOS="920" VPOS="1623" WIDTH="32"/>
						<String ID="P18_ST00148" HPOS="952" VPOS="1576" WIDTH="264" HEIGHT="48" CONTENT="conditions," WC="1.00" CC="00000600004"/>
						<SP ID="P18_SP00133" HPOS="1216" VPOS="1624" WIDTH="24"/>
						<String ID="P18_ST00149" HPOS="1240" VPOS="1577" WIDTH="52" HEIGHT="40" CONTENT="de" WC="1.00" CC="00"/>
						<SP ID="P18_SP00134" HPOS="1292" VPOS="1624" WIDTH="28"/>
						<String ID="P18_ST00150" HPOS="1320" VPOS="1578" WIDTH="190" HEIGHT="54" CONTENT="changer" WC="0.99" CC="0085005"/>
						<SP ID="P18_SP00135" HPOS="1510" VPOS="1632" WIDTH="29"/>
						<String ID="P18_ST00151" HPOS="1539" VPOS="1593" WIDTH="53" HEIGHT="27" CONTENT="en" WC="1.00" CC="00"/>
						<SP ID="P18_SP00136" HPOS="1592" VPOS="1632" WIDTH="35"/>
						<String ID="P18_ST00152" HPOS="1627" VPOS="1580" WIDTH="120" HEIGHT="54" CONTENT="place" WC="1.00" CC="00000"/>
						<SP ID="P18_SP00137" HPOS="1747" VPOS="1634" WIDTH="35"/>
						<String ID="P18_ST00153" HPOS="1782" VPOS="1582" WIDTH="231" HEIGHT="54" CONTENT="publique," WC="0.99" CC="040340604"/>
					</TextLine>
					<TextLine ID="P18_TL00017" HPOS="249" VPOS="1646" WIDTH="1769" HEIGHT="59">
						<String ID="P18_ST00154" HPOS="249" VPOS="1646" WIDTH="130" HEIGHT="41" CONTENT="d'une" WC="0.98" CC="04170"/>
						<SP ID="P18_SP00138" HPOS="379" VPOS="1687" WIDTH="21"/>
						<String ID="P18_ST00155" HPOS="400" VPOS="1650" WIDTH="127" HEIGHT="38" CONTENT="scène" WC="1.00" CC="00000"/>
						<SP ID="P18_SP00139" HPOS="527" VPOS="1688" WIDTH="21"/>
						<String ID="P18_ST00156" HPOS="548" VPOS="1651" WIDTH="24" HEIGHT="37" CONTENT="à" WC="1.00" CC="0"/>
						<SP ID="P18_SP00140" HPOS="572" VPOS="1688" WIDTH="21"/>
						<String ID="P18_ST00157" HPOS="593" VPOS="1646" WIDTH="170" HEIGHT="54" CONTENT="l'autre," WC="0.99" CC="34913004"/>
						<SP ID="P18_SP00141" HPOS="763" VPOS="1700" WIDTH="23"/>
						<String ID="P18_ST00158" HPOS="786" VPOS="1648" WIDTH="39" HEIGHT="40" CONTENT="le" WC="0.76" CC="40"/>
						<SP ID="P18_SP00142" HPOS="825" VPOS="1700" WIDTH="22"/>
						<String ID="P18_ST00159" HPOS="847" VPOS="1648" WIDTH="139" HEIGHT="55" CONTENT="palais" WC="0.99" CC="001920"/>
						<SP ID="P18_SP00143" HPOS="986" VPOS="1703" WIDTH="32"/>
						<String ID="P18_ST00160" HPOS="1018" VPOS="1651" WIDTH="204" HEIGHT="39" CONTENT="consacré" WC="0.99" CC="00000092"/>
						<SP ID="P18_SP00144" HPOS="1222" VPOS="1703" WIDTH="22"/>
						<String ID="P18_ST00161" HPOS="1244" VPOS="1655" WIDTH="23" HEIGHT="36" CONTENT="à" WC="1.00" CC="0"/>
						<SP ID="P18_SP00145" HPOS="1267" VPOS="1703" WIDTH="22"/>
						<String ID="P18_ST00162" HPOS="1289" VPOS="1651" WIDTH="40" HEIGHT="40" CONTENT="la" WC="0.88" CC="20"/>
						<SP ID="P18_SP00146" HPOS="1329" VPOS="1703" WIDTH="23"/>
						<String ID="P18_ST00163" HPOS="1352" VPOS="1652" WIDTH="229" HEIGHT="53" CONTENT="Tragédie," WC="0.99" CC="079070504"/>
						<SP ID="P18_SP00147" HPOS="1581" VPOS="1705" WIDTH="25"/>
						<String ID="P18_ST00164" HPOS="1606" VPOS="1654" WIDTH="41" HEIGHT="40" CONTENT="la" WC="0.60" CC="07"/>
						<SP ID="P18_SP00148" HPOS="1647" VPOS="1705" WIDTH="23"/>
						<String ID="P18_ST00165" HPOS="1670" VPOS="1654" WIDTH="207" HEIGHT="41" CONTENT="chambre" WC="1.00" CC="0000080"/>
						<SP ID="P18_SP00149" HPOS="1877" VPOS="1705" WIDTH="20"/>
						<String ID="P18_ST00166" HPOS="1897" VPOS="1669" WIDTH="58" HEIGHT="26" CONTENT="ou" WC="0.55" CC="35"/>
						<SP ID="P18_SP00150" HPOS="1955" VPOS="1705" WIDTH="22"/>
						<String ID="P18_ST00167" HPOS="1977" VPOS="1657" WIDTH="41" HEIGHT="40" CONTENT="la" WC="0.76" CC="04"/>
					</TextLine>
					<TextLine ID="P18_TL00018" HPOS="252" VPOS="1722" WIDTH="1767" HEIGHT="62">
						<String ID="P18_ST00168" HPOS="252" VPOS="1722" WIDTH="263" HEIGHT="55" CONTENT="promenade" WC="0.99" CC="040000604"/>
						<SP ID="P18_SP00151" HPOS="515" VPOS="1777" WIDTH="30"/>
						<String ID="P18_ST00169" HPOS="545" VPOS="1722" WIDTH="213" HEIGHT="55" CONTENT="publique" WC="1.00" CC="00020041"/>
						<SP ID="P18_SP00152" HPOS="758" VPOS="1777" WIDTH="32"/>
						<String ID="P18_ST00170" HPOS="790" VPOS="1723" WIDTH="216" HEIGHT="41" CONTENT="attribuée" WC="0.99" CC="015520550"/>
						<SP ID="P18_SP00153" HPOS="1006" VPOS="1777" WIDTH="28"/>
						<String ID="P18_ST00171" HPOS="1034" VPOS="1728" WIDTH="24" HEIGHT="36" CONTENT="à" WC="0.72" CC="2"/>
						<SP ID="P18_SP00154" HPOS="1058" VPOS="1777" WIDTH="29"/>
						<String ID="P18_ST00172" HPOS="1087" VPOS="1724" WIDTH="40" HEIGHT="41" CONTENT="la" WC="0.81" CC="30"/>
						<SP ID="P18_SP00155" HPOS="1127" VPOS="1777" WIDTH="23"/>
						<String ID="P18_ST00173" HPOS="1150" VPOS="1724" WIDTH="221" HEIGHT="43" CONTENT="Comédie." WC="0.99" CC="10026002"/>
						<SP ID="P18_SP00156" HPOS="1371" VPOS="1777" WIDTH="36"/>
						<String ID="P18_ST00174" HPOS="1407" VPOS="1727" WIDTH="119" HEIGHT="41" CONTENT="Pour" WC="1.00" CC="0000"/>
						<SP ID="P18_SP00157" HPOS="1526" VPOS="1777" WIDTH="21"/>
						<String ID="P18_ST00175" HPOS="1547" VPOS="1727" WIDTH="60" HEIGHT="41" CONTENT="les" WC="0.99" CC="100"/>
						<SP ID="P18_SP00158" HPOS="1607" VPOS="1777" WIDTH="23"/>
						<String ID="P18_ST00176" HPOS="1630" VPOS="1729" WIDTH="183" HEIGHT="53" CONTENT="grandes" WC="1.00" CC="0005000"/>
						<SP ID="P18_SP00159" HPOS="1813" VPOS="1782" WIDTH="20"/>
						<String ID="P18_ST00177" HPOS="1833" VPOS="1729" WIDTH="140" HEIGHT="55" CONTENT="pièces" WC="1.00" CC="013000"/>
						<SP ID="P18_SP00160" HPOS="1973" VPOS="1784" WIDTH="22"/>
						<String ID="P18_ST00178" HPOS="1995" VPOS="1736" WIDTH="24" HEIGHT="35" CONTENT="à" WC="0.50" CC="4"/>
					</TextLine>
					<TextLine ID="P18_TL00019" HPOS="254" VPOS="1798" WIDTH="1766" HEIGHT="60">
						<String ID="P18_ST00179" HPOS="254" VPOS="1798" WIDTH="242" HEIGHT="53" CONTENT="machines," WC="1.00" CC="000070004"/>
						<SP ID="P18_SP00161" HPOS="496" VPOS="1851" WIDTH="22"/>
						<String ID="P18_ST00180" HPOS="518" VPOS="1798" WIDTH="112" HEIGHT="40" CONTENT="force" WC="0.99" CC="14000"/>
						<SP ID="P18_SP00162" HPOS="630" VPOS="1851" WIDTH="32"/>
						<String ID="P18_ST00181" HPOS="662" VPOS="1798" WIDTH="105" HEIGHT="40" CONTENT="était" WC="0.99" CC="20030"/>
						<SP ID="P18_SP00163" HPOS="767" VPOS="1851" WIDTH="32"/>
						<String ID="P18_ST00182" HPOS="799" VPOS="1798" WIDTH="160" HEIGHT="55" CONTENT="parfois" WC="0.99" CC="0552020"/>
						<SP ID="P18_SP00164" HPOS="959" VPOS="1853" WIDTH="31"/>
						<String ID="P18_ST00183" HPOS="990" VPOS="1799" WIDTH="218" HEIGHT="41" CONTENT="d'enlever" WC="0.99" CC="043030900"/>
						<SP ID="P18_SP00165" HPOS="1208" VPOS="1853" WIDTH="33"/>
						<String ID="P18_ST00184" HPOS="1241" VPOS="1801" WIDTH="50" HEIGHT="40" CONTENT="de" WC="1.00" CC="00"/>
						<SP ID="P18_SP00166" HPOS="1291" VPOS="1853" WIDTH="22"/>
						<String ID="P18_ST00185" HPOS="1313" VPOS="1801" WIDTH="40" HEIGHT="40" CONTENT="la" WC="0.59" CC="43"/>
						<SP ID="P18_SP00167" HPOS="1353" VPOS="1853" WIDTH="34"/>
						<String ID="P18_ST00186" HPOS="1387" VPOS="1804" WIDTH="123" HEIGHT="38" CONTENT="scène" WC="1.00" CC="00020"/>
						<SP ID="P18_SP00168" HPOS="1510" VPOS="1853" WIDTH="40"/>
						<String ID="P18_ST00187" HPOS="1550" VPOS="1801" WIDTH="59" HEIGHT="41" CONTENT="les" WC="1.00" CC="000"/>
						<SP ID="P18_SP00169" HPOS="1609" VPOS="1853" WIDTH="42"/>
						<String ID="P18_ST00188" HPOS="1651" VPOS="1803" WIDTH="258" HEIGHT="54" CONTENT="banquettes" WC="1.00" CC="2000404200"/>
						<SP ID="P18_SP00170" HPOS="1909" VPOS="1857" WIDTH="33"/>
						<String ID="P18_ST00189" HPOS="1942" VPOS="1805" WIDTH="78" HEIGHT="53" CONTENT="qui" WC="0.98" CC="022"/>
					</TextLine>
					<TextLine ID="P18_TL00020" HPOS="254" VPOS="1869" WIDTH="1768" HEIGHT="59">
						<String ID="P18_ST00190" HPOS="254" VPOS="1871" WIDTH="202" HEIGHT="41" CONTENT="auraient" WC="0.99" CC="10092003"/>
						<SP ID="P18_SP00171" HPOS="456" VPOS="1912" WIDTH="42"/>
						<String ID="P18_ST00191" HPOS="498" VPOS="1869" WIDTH="140" HEIGHT="42" CONTENT="rendu" WC="0.98" CC="60003"/>
						<SP ID="P18_SP00172" HPOS="638" VPOS="1912" WIDTH="39"/>
						<String ID="P18_ST00192" HPOS="677" VPOS="1878" WIDTH="95" HEIGHT="34" CONTENT="tout" WC="0.99" CC="1020"/>
						<SP ID="P18_SP00173" HPOS="772" VPOS="1912" WIDTH="43"/>
						<String ID="P18_ST00193" HPOS="815" VPOS="1871" WIDTH="291" HEIGHT="55" CONTENT="changement" WC="1.00" CC="0000000430"/>
						<SP ID="P18_SP00174" HPOS="1106" VPOS="1926" WIDTH="27"/>
						<String ID="P18_ST00194" HPOS="1133" VPOS="1877" WIDTH="24" HEIGHT="36" CONTENT="à" WC="1.00" CC="0"/>
						<SP ID="P18_SP00175" HPOS="1157" VPOS="1926" WIDTH="34"/>
						<String ID="P18_ST00195" HPOS="1191" VPOS="1887" WIDTH="82" HEIGHT="27" CONTENT="vue" WC="0.94" CC="950"/>
						<SP ID="P18_SP00176" HPOS="1273" VPOS="1926" WIDTH="35"/>
						<String ID="P18_ST00196" HPOS="1308" VPOS="1873" WIDTH="318" HEIGHT="55" CONTENT="impraticable." WC="1.00" CC="0000005000014"/>
						<SP ID="P18_SP00177" HPOS="1626" VPOS="1928" WIDTH="37"/>
						<String ID="P18_ST00197" HPOS="1663" VPOS="1875" WIDTH="103" HEIGHT="42" CONTENT="Cela" WC="0.97" CC="3028"/>
						<SP ID="P18_SP00178" HPOS="1766" VPOS="1928" WIDTH="39"/>
						<String ID="P18_ST00198" HPOS="1805" VPOS="1878" WIDTH="140" HEIGHT="40" CONTENT="arriva" WC="0.98" CC="090008"/>
						<SP ID="P18_SP00179" HPOS="1945" VPOS="1928" WIDTH="38"/>
						<String ID="P18_ST00199" HPOS="1983" VPOS="1878" WIDTH="39" HEIGHT="41" CONTENT="le" WC="0.28" CC="76"/>
					</TextLine>
					<TextLine ID="P18_TL00021" HPOS="259" VPOS="1944" WIDTH="1761" HEIGHT="62">
						<String ID="P18_ST00200" HPOS="259" VPOS="1959" WIDTH="50" HEIGHT="40" CONTENT="17" WC="0.68" CC="23"/>
						<SP ID="P18_SP00180" HPOS="309" VPOS="1999" WIDTH="23"/>
						<String ID="P18_ST00201" HPOS="332" VPOS="1958" WIDTH="115" HEIGHT="27" CONTENT="mars" WC="0.99" CC="0050"/>
						<SP ID="P18_SP00181" HPOS="447" VPOS="1999" WIDTH="29"/>
						<String ID="P18_ST00202" HPOS="476" VPOS="1945" WIDTH="126" HEIGHT="54" CONTENT="1675," WC="0.63" CC="55214"/>
						<SP ID="P18_SP00182" HPOS="602" VPOS="1999" WIDTH="29"/>
						<String ID="P18_ST00203" HPOS="631" VPOS="1944" WIDTH="107" HEIGHT="41" CONTENT="dans" WC="1.00" CC="0000"/>
						<SP ID="P18_SP00183" HPOS="738" VPOS="1999" WIDTH="35"/>
						<String ID="P18_ST00204" HPOS="773" VPOS="1945" WIDTH="41" HEIGHT="40" CONTENT="la" WC="1.00" CC="00"/>
						<SP ID="P18_SP00184" HPOS="814" VPOS="1999" WIDTH="28"/>
						<String ID="P18_ST00205" HPOS="842" VPOS="1945" WIDTH="102" HEIGHT="40" CONTENT="salle" WC="0.98" CC="07440"/>
						<SP ID="P18_SP00185" HPOS="944" VPOS="1999" WIDTH="30"/>
						<String ID="P18_ST00206" HPOS="974" VPOS="1947" WIDTH="52" HEIGHT="39" CONTENT="de" WC="1.00" CC="00"/>
						<SP ID="P18_SP00186" HPOS="1026" VPOS="1999" WIDTH="20"/>
						<String ID="P18_ST00207" HPOS="1046" VPOS="1946" WIDTH="41" HEIGHT="41" CONTENT="la" WC="0.83" CC="30"/>
						<SP ID="P18_SP00187" HPOS="1087" VPOS="1999" WIDTH="30"/>
						<String ID="P18_ST00208" HPOS="1117" VPOS="1961" WIDTH="78" HEIGHT="26" CONTENT="rue" WC="0.95" CC="552"/>
						<SP ID="P18_SP00188" HPOS="1195" VPOS="1999" WIDTH="32"/>
						<String ID="P18_ST00209" HPOS="1227" VPOS="1947" WIDTH="288" HEIGHT="55" CONTENT="Guénégaud," WC="0.69" CC="0750390004"/>
						<SP ID="P18_SP00189" HPOS="1515" VPOS="2002" WIDTH="23"/>
						<String ID="P18_ST00210" HPOS="1538" VPOS="1953" WIDTH="24" HEIGHT="37" CONTENT="à" WC="0.29" CC="7"/>
						<SP ID="P18_SP00190" HPOS="1562" VPOS="2002" WIDTH="21"/>
						<String ID="P18_ST00211" HPOS="1583" VPOS="1949" WIDTH="40" HEIGHT="40" CONTENT="la" WC="1.00" CC="00"/>
						<SP ID="P18_SP00191" HPOS="1623" VPOS="2002" WIDTH="19"/>
						<String ID="P18_ST00212" HPOS="1642" VPOS="1950" WIDTH="210" HEIGHT="55" CONTENT="première" WC="1.00" CC="00003040"/>
						<SP ID="P18_SP00192" HPOS="1852" VPOS="2005" WIDTH="23"/>
						<String ID="P18_ST00213" HPOS="1875" VPOS="1952" WIDTH="121" HEIGHT="54" CONTENT="repré" SUBS_TYPE="HypPart1" SUBS_CONTENT="représentation" WC="0.98" CC="70404"/>
						<HYP HPOS="1996" VPOS="1952" WIDTH="24" CONTENT="-"/>
					</TextLine>
					<TextLine ID="P18_TL00022" HPOS="254" VPOS="2018" WIDTH="1769" HEIGHT="60">
						<String ID="P18_ST00214" HPOS="254" VPOS="2018" WIDTH="218" HEIGHT="42" CONTENT="sentation" SUBS_TYPE="HypPart2" SUBS_CONTENT="représentation" WC="1.00" CC="000000040"/>
						<SP ID="P18_SP00193" HPOS="472" VPOS="2060" WIDTH="21"/>
						<String ID="P18_ST00215" HPOS="493" VPOS="2018" WIDTH="52" HEIGHT="41" CONTENT="de" WC="1.00" CC="00"/>
						<SP ID="P18_SP00194" HPOS="545" VPOS="2060" WIDTH="22"/>
						<String ID="P18_ST00216" HPOS="567" VPOS="2018" WIDTH="40" HEIGHT="41" CONTENT="la" WC="1.00" CC="00"/>
						<SP ID="P18_SP00195" HPOS="607" VPOS="2060" WIDTH="28"/>
						<String ID="P18_ST00217" HPOS="635" VPOS="2018" WIDTH="148" HEIGHT="50" CONTENT="Circé," WC="0.79" CC="005212" STYLEREFS="TXT_2"/>
						<SP ID="P18_SP00196" HPOS="783" VPOS="2068" WIDTH="25"/>
						<String ID="P18_ST00218" HPOS="808" VPOS="2019" WIDTH="52" HEIGHT="40" CONTENT="de" WC="1.00" CC="00"/>
						<SP ID="P18_SP00197" HPOS="860" VPOS="2068" WIDTH="23"/>
						<String ID="P18_ST00219" HPOS="883" VPOS="2018" WIDTH="85" HEIGHT="45" CONTENT="Th," WC="0.66" CC="027"/>
						<SP ID="P18_SP00198" HPOS="968" VPOS="2068" WIDTH="26"/>
						<String ID="P18_ST00220" HPOS="994" VPOS="2020" WIDTH="237" HEIGHT="56" CONTENT="Corneille," WC="0.99" CC="3004035564"/>
						<SP ID="P18_SP00199" HPOS="1231" VPOS="2076" WIDTH="23"/>
						<String ID="P18_ST00221" HPOS="1254" VPOS="2035" WIDTH="170" HEIGHT="29" CONTENT="comme" WC="1.00" CC="00000"/>
						<SP ID="P18_SP00200" HPOS="1424" VPOS="2076" WIDTH="32"/>
						<String ID="P18_ST00222" HPOS="1456" VPOS="2023" WIDTH="38" HEIGHT="41" CONTENT="le" WC="1.00" CC="00"/>
						<SP ID="P18_SP00201" HPOS="1494" VPOS="2076" WIDTH="28"/>
						<String ID="P18_ST00223" HPOS="1522" VPOS="2037" WIDTH="166" HEIGHT="41" CONTENT="prouve" WC="0.98" CC="004507"/>
						<SP ID="P18_SP00202" HPOS="1688" VPOS="2078" WIDTH="30"/>
						<String ID="P18_ST00224" HPOS="1718" VPOS="2024" WIDTH="187" HEIGHT="43" CONTENT="l'extrait" WC="0.99" CC="040916030"/>
						<SP ID="P18_SP00203" HPOS="1905" VPOS="2078" WIDTH="28"/>
						<String ID="P18_ST00225" HPOS="1933" VPOS="2025" WIDTH="68" HEIGHT="41" CONTENT="sui" SUBS_TYPE="HypPart1" SUBS_CONTENT="suivant" WC="0.97" CC="303"/>
						<HYP HPOS="2001" VPOS="2025" WIDTH="22" CONTENT="-"/>
					</TextLine>
					<TextLine ID="P18_TL00023" HPOS="253" VPOS="2092" WIDTH="803" HEIGHT="56">
						<String ID="P18_ST00226" HPOS="253" VPOS="2102" WIDTH="105" HEIGHT="32" CONTENT="vant" SUBS_TYPE="HypPart2" SUBS_CONTENT="suivant" WC="0.98" CC="9000"/>
						<SP ID="P18_SP00204" HPOS="358" VPOS="2134" WIDTH="17"/>
						<String ID="P18_ST00227" HPOS="375" VPOS="2093" WIDTH="61" HEIGHT="40" CONTENT="du" WC="0.73" CC="05"/>
						<SP ID="P18_SP00205" HPOS="436" VPOS="2134" WIDTH="22"/>
						<String ID="P18_ST00228" HPOS="458" VPOS="2092" WIDTH="215" HEIGHT="55" CONTENT="Registre" WC="0.99" CC="00002037" STYLEREFS="TXT_2"/>
						<SP ID="P18_SP00206" HPOS="673" VPOS="2147" WIDTH="21"/>
						<String ID="P18_ST00229" HPOS="694" VPOS="2093" WIDTH="54" HEIGHT="40" CONTENT="de" WC="1.00" CC="00" STYLEREFS="TXT_2"/>
						<SP ID="P18_SP00207" HPOS="748" VPOS="2147" WIDTH="21"/>
						<String ID="P18_ST00230" HPOS="769" VPOS="2093" WIDTH="252" HEIGHT="55" CONTENT="Lagrange" WC="0.91" CC="00060000" STYLEREFS="TXT_2"/>
						<SP ID="P18_SP00208" HPOS="1021" VPOS="2148" WIDTH="22"/>
						<String ID="P18_ST00231" HPOS="1043" VPOS="2107" WIDTH="13" HEIGHT="28" CONTENT=":" WC="1.00" CC="0" STYLEREFS="TXT_2"/>
					</TextLine>
					<TextLine ID="P18_TL00024" HPOS="1032" VPOS="2187" WIDTH="211" HEIGHT="56">
						<String ID="P18_ST00232" HPOS="1032" VPOS="2187" WIDTH="211" HEIGHT="56" CONTENT="CIRCÉ" WC="0.90" CC="50000"/>
					</TextLine>
					<TextLine ID="P18_TL00025" HPOS="936" VPOS="2288" WIDTH="410" HEIGHT="54">
						<String ID="P18_ST00233" HPOS="936" VPOS="2300" WIDTH="56" HEIGHT="40" CONTENT="17" WC="0.48" CC="18" STYLEREFS="TXT_3"/>
						<SP ID="P18_SP00209" HPOS="992" VPOS="2340" WIDTH="44"/>
						<String ID="P18_ST00234" HPOS="1036" VPOS="2299" WIDTH="140" HEIGHT="29" CONTENT="mars" WC="0.96" CC="5850" STYLEREFS="TXT_2"/>
						<SP ID="P18_SP00210" HPOS="1176" VPOS="2340" WIDTH="47"/>
						<String ID="P18_ST00235" HPOS="1223" VPOS="2288" WIDTH="123" HEIGHT="54" CONTENT="i6yS" WC="0.44" CC="2576" STYLEREFS="TXT_2"/>
						<SP ID="P18_SP00211" HPOS="1346" VPOS="2342" WIDTH="0"/>
					</TextLine>
					<TextLine ID="P18_TL00026" HPOS="1011" VPOS="2387" WIDTH="261" HEIGHT="28">
						<String ID="P18_ST00236" HPOS="1011" VPOS="2387" WIDTH="261" HEIGHT="28" CONTENT="RECETTE" WC="0.99" CC="4540000"/>
					</TextLine>
					<TextLine ID="P18_TL00027" HPOS="1588" VPOS="2428" WIDTH="256" HEIGHT="38">
						<String ID="P18_ST00237" HPOS="1588" VPOS="2428" WIDTH="117" HEIGHT="36" CONTENT="livres," WC="0.99" CC="5141401" STYLEREFS="TXT_3"/>
						<SP ID="P18_SP00212" HPOS="1705" VPOS="2464" WIDTH="52"/>
						<String ID="P18_ST00238" HPOS="1757" VPOS="2432" WIDTH="87" HEIGHT="34" CONTENT="sols." WC="0.97" CC="43354" STYLEREFS="TXT_3"/>
					</TextLine>
					<TextLine ID="P18_TL00028" HPOS="480" VPOS="2468" WIDTH="1046" HEIGHT="55">
						<String ID="P18_ST00239" HPOS="480" VPOS="2468" WIDTH="178" HEIGHT="39" CONTENT="Théâtre" WC="0.99" CC="4325000" STYLEREFS="TXT_3"/>
						<SP ID="P18_SP00213" HPOS="658" VPOS="2507" WIDTH="15"/>
						<String ID="P18_ST00240" HPOS="673" VPOS="2469" WIDTH="166" HEIGHT="50" CONTENT="(néant)." WC="0.98" CC="26650173" STYLEREFS="TXT_3"/>
						<SP ID="P18_SP00214" HPOS="839" VPOS="2519" WIDTH="15"/>
						<String ID="P18_ST00241" HPOS="854" VPOS="2470" WIDTH="54" HEIGHT="37" CONTENT="Le" WC="1.00" CC="00" STYLEREFS="TXT_3"/>
						<SP ID="P18_SP00215" HPOS="908" VPOS="2519" WIDTH="15"/>
						<String ID="P18_ST00242" HPOS="923" VPOS="2469" WIDTH="67" HEIGHT="51" CONTENT="jeu" WC="0.97" CC="106" STYLEREFS="TXT_3"/>
						<SP ID="P18_SP00216" HPOS="990" VPOS="2520" WIDTH="13"/>
						<String ID="P18_ST00243" HPOS="1003" VPOS="2471" WIDTH="69" HEIGHT="37" CONTENT="des" WC="1.00" CC="000" STYLEREFS="TXT_3"/>
						<SP ID="P18_SP00217" HPOS="1072" VPOS="2520" WIDTH="10"/>
						<String ID="P18_ST00244" HPOS="1082" VPOS="2470" WIDTH="207" HEIGHT="39" CONTENT="machines" WC="0.99" CC="05070000" STYLEREFS="TXT_3"/>
						<SP ID="P18_SP00218" HPOS="1289" VPOS="2520" WIDTH="11"/>
						<String ID="P18_ST00245" HPOS="1300" VPOS="2483" WIDTH="22" HEIGHT="26" CONTENT="a" WC="1.00" CC="0" STYLEREFS="TXT_3"/>
						<SP ID="P18_SP00219" HPOS="1322" VPOS="2520" WIDTH="11"/>
						<String ID="P18_ST00246" HPOS="1333" VPOS="2471" WIDTH="193" HEIGHT="52" CONTENT="empêché" WC="0.98" CC="0065667" STYLEREFS="TXT_3"/>
					</TextLine>
					<TextLine ID="P18_TL00029" HPOS="529" VPOS="2532" WIDTH="1277" HEIGHT="52">
						<String ID="P18_ST00247" HPOS="529" VPOS="2533" WIDTH="50" HEIGHT="36" CONTENT="de" WC="0.98" CC="00" STYLEREFS="TXT_3"/>
						<SP ID="P18_SP00220" HPOS="579" VPOS="2569" WIDTH="27"/>
						<String ID="P18_ST00248" HPOS="606" VPOS="2532" WIDTH="174" HEIGHT="38" CONTENT="délivrer" WC="0.98" CC="05436506" STYLEREFS="TXT_3"/>
						<SP ID="P18_SP00221" HPOS="780" VPOS="2570" WIDTH="27"/>
						<String ID="P18_ST00249" HPOS="807" VPOS="2533" WIDTH="70" HEIGHT="37" CONTENT="des" WC="1.00" CC="000" STYLEREFS="TXT_3"/>
						<SP ID="P18_SP00222" HPOS="877" VPOS="2570" WIDTH="19"/>
						<String ID="P18_ST00250" HPOS="896" VPOS="2533" WIDTH="134" HEIGHT="37" CONTENT="billets" WC="0.99" CC="0050020" STYLEREFS="TXT_3"/>
						<SP ID="P18_SP00223" HPOS="1030" VPOS="2570" WIDTH="19"/>
						<String ID="P18_ST00251" HPOS="1049" VPOS="2546" WIDTH="106" HEIGHT="38" CONTENT="pour" WC="0.95" CC="6358" STYLEREFS="TXT_3"/>
						<SP ID="P18_SP00224" HPOS="1155" VPOS="2584" WIDTH="19"/>
						<String ID="P18_ST00252" HPOS="1174" VPOS="2542" WIDTH="105" HEIGHT="31" CONTENT="cette" WC="0.97" CC="50960" STYLEREFS="TXT_3"/>
						<SP ID="P18_SP00225" HPOS="1279" VPOS="2584" WIDTH="21"/>
						<String ID="P18_ST00253" HPOS="1300" VPOS="2534" WIDTH="112" HEIGHT="50" CONTENT="place" WC="0.96" CC="76551" STYLEREFS="TXT_3"/>
						<SP ID="P18_SP00226" HPOS="1412" VPOS="2584" WIDTH="278"/>
						<String ID="P18_ST00254" HPOS="1690" VPOS="2550" WIDTH="17" HEIGHT="21" CONTENT="»" WC="0.69" CC="3" STYLEREFS="TXT_3"/>
						<SP ID="P18_SP00227" HPOS="1707" VPOS="2584" WIDTH="77"/>
						<String ID="P18_ST00255" HPOS="1784" VPOS="2550" WIDTH="22" HEIGHT="23" CONTENT="»" WC="0.37" CC="6" STYLEREFS="TXT_3"/>
					</TextLine>
					<TextLine ID="P18_TL00030" HPOS="484" VPOS="2593" WIDTH="1324" HEIGHT="53">
						<String ID="P18_ST00256" HPOS="484" VPOS="2594" WIDTH="130" HEIGHT="49" CONTENT="Loges" WC="0.99" CC="00500" STYLEREFS="TXT_3"/>
						<SP ID="P18_SP00228" HPOS="614" VPOS="2643" WIDTH="24"/>
						<String ID="P18_ST00257" HPOS="638" VPOS="2605" WIDTH="8" HEIGHT="26" CONTENT=":" WC="0.82" CC="1" STYLEREFS="TXT_3"/>
						<SP ID="P18_SP00229" HPOS="646" VPOS="2643" WIDTH="24"/>
						<String ID="P18_ST00258" HPOS="670" VPOS="2607" WIDTH="81" HEIGHT="24" CONTENT="une" WC="0.96" CC="603" STYLEREFS="TXT_3"/>
						<SP ID="P18_SP00230" HPOS="751" VPOS="2643" WIDTH="21"/>
						<String ID="P18_ST00259" HPOS="772" VPOS="2596" WIDTH="23" HEIGHT="35" CONTENT="à" WC="0.68" CC="3" STYLEREFS="TXT_3"/>
						<SP ID="P18_SP00231" HPOS="795" VPOS="2643" WIDTH="26"/>
						<String ID="P18_ST00260" HPOS="821" VPOS="2594" WIDTH="24" HEIGHT="37" CONTENT="6" WC="0.86" CC="1" STYLEREFS="TXT_3"/>
						<SP ID="P18_SP00232" HPOS="845" VPOS="2643" WIDTH="20"/>
						<String ID="P18_ST00261" HPOS="865" VPOS="2593" WIDTH="107" HEIGHT="40" CONTENT="louis" WC="0.97" CC="64610" STYLEREFS="TXT_3"/>
						<SP ID="P18_SP00233" HPOS="972" VPOS="2643" WIDTH="23"/>
						<String ID="P18_ST00262" HPOS="995" VPOS="2603" WIDTH="40" HEIGHT="29" CONTENT="et" WC="1.00" CC="00" STYLEREFS="TXT_3"/>
						<SP ID="P18_SP00234" HPOS="1035" VPOS="2643" WIDTH="21"/>
						<String ID="P18_ST00263" HPOS="1056" VPOS="2603" WIDTH="87" HEIGHT="41" CONTENT="sept" WC="0.97" CC="1066" STYLEREFS="TXT_3"/>
						<SP ID="P18_SP00235" HPOS="1143" VPOS="2644" WIDTH="19"/>
						<String ID="P18_ST00264" HPOS="1162" VPOS="2598" WIDTH="23" HEIGHT="37" CONTENT="à" WC="0.33" CC="6" STYLEREFS="TXT_3"/>
						<SP ID="P18_SP00236" HPOS="1185" VPOS="2644" WIDTH="21"/>
						<String ID="P18_ST00265" HPOS="1206" VPOS="2608" WIDTH="26" HEIGHT="35" CONTENT="4" WC="1.00" CC="0" STYLEREFS="TXT_3"/>
						<SP ID="P18_SP00237" HPOS="1232" VPOS="2644" WIDTH="403"/>
						<String ID="P18_ST00266" HPOS="1635" VPOS="2596" WIDTH="77" HEIGHT="50" CONTENT="374" WC="0.50" CC="454" STYLEREFS="TXT_3"/>
						<SP ID="P18_SP00238" HPOS="1712" VPOS="2646" WIDTH="75"/>
						<String ID="P18_ST00267" HPOS="1787" VPOS="2612" WIDTH="21" HEIGHT="22" CONTENT="»" WC="0.37" CC="6" STYLEREFS="TXT_3"/>
					</TextLine>
					<TextLine ID="P18_TL00031" HPOS="482" VPOS="2656" WIDTH="1324" HEIGHT="51">
						<String ID="P18_ST00268" HPOS="482" VPOS="2656" WIDTH="311" HEIGHT="50" CONTENT="Amphithéâtre" WC="0.99" CC="006600622040" STYLEREFS="TXT_3"/>
						<SP ID="P18_SP00239" HPOS="793" VPOS="2706" WIDTH="23"/>
						<String ID="P18_ST00269" HPOS="816" VPOS="2664" WIDTH="39" HEIGHT="30" CONTENT="et" WC="0.84" CC="03" STYLEREFS="TXT_3"/>
						<SP ID="P18_SP00240" HPOS="855" VPOS="2706" WIDTH="18"/>
						<String ID="P18_ST00270" HPOS="873" VPOS="2657" WIDTH="113" HEIGHT="49" CONTENT="loges" WC="0.97" CC="45770" STYLEREFS="TXT_3"/>
						<SP ID="P18_SP00241" HPOS="986" VPOS="2706" WIDTH="21"/>
						<String ID="P18_ST00271" HPOS="1007" VPOS="2657" WIDTH="134" HEIGHT="37" CONTENT="basses" WC="1.00" CC="300010" STYLEREFS="TXT_3"/>
						<SP ID="P18_SP00242" HPOS="1141" VPOS="2706" WIDTH="20"/>
						<String ID="P18_ST00272" HPOS="1161" VPOS="2667" WIDTH="8" HEIGHT="27" CONTENT=":" WC="0.61" CC="3" STYLEREFS="TXT_3"/>
						<SP ID="P18_SP00243" HPOS="1169" VPOS="2706" WIDTH="28"/>
						<String ID="P18_ST00273" HPOS="1197" VPOS="2657" WIDTH="75" HEIGHT="37" CONTENT="226" WC="0.61" CC="452" STYLEREFS="TXT_4"/>
						<SP ID="P18_SP00244" HPOS="1272" VPOS="2706" WIDTH="24"/>
						<String ID="P18_ST00274" HPOS="1296" VPOS="2658" WIDTH="225" HEIGHT="49" CONTENT="places...." WC="0.99" CC="8370002642" STYLEREFS="TXT_3"/>
						<SP ID="P18_SP00245" HPOS="1521" VPOS="2707" WIDTH="76"/>
						<String ID="P18_ST00275" HPOS="1597" VPOS="2659" WIDTH="111" HEIGHT="47" CONTENT="1,243" WC="0.68" CC="44006" STYLEREFS="TXT_3"/>
						<SP ID="P18_SP00246" HPOS="1708" VPOS="2707" WIDTH="82"/>
						<String ID="P18_ST00276" HPOS="1790" VPOS="2674" WIDTH="16" HEIGHT="21" CONTENT="»" WC="0.39" CC="6" STYLEREFS="TXT_4"/>
					</TextLine>
					<TextLine ID="P18_TL00032" HPOS="485" VPOS="2718" WIDTH="1320" HEIGHT="50">
						<String ID="P18_ST00277" HPOS="485" VPOS="2718" WIDTH="132" HEIGHT="49" CONTENT="Loges" WC="0.98" CC="03730" STYLEREFS="TXT_3"/>
						<SP ID="P18_SP00247" HPOS="617" VPOS="2767" WIDTH="21"/>
						<String ID="P18_ST00278" HPOS="638" VPOS="2718" WIDTH="143" HEIGHT="38" CONTENT="hautes" WC="1.00" CC="000030" STYLEREFS="TXT_3"/>
						<SP ID="P18_SP00248" HPOS="781" VPOS="2767" WIDTH="25"/>
						<String ID="P18_ST00279" HPOS="806" VPOS="2719" WIDTH="83" HEIGHT="37" CONTENT=":60" WC="0.97" CC="360" STYLEREFS="TXT_3"/>
						<SP ID="P18_SP00249" HPOS="889" VPOS="2767" WIDTH="19"/>
						<String ID="P18_ST00280" HPOS="908" VPOS="2718" WIDTH="87" HEIGHT="48" CONTENT="(sic)" WC="0.98" CC="80006" STYLEREFS="TXT_2"/>
						<SP ID="P18_SP00250" HPOS="995" VPOS="2767" WIDTH="21"/>
						<String ID="P18_ST00281" HPOS="1016" VPOS="2721" WIDTH="22" HEIGHT="33" CONTENT="à" WC="0.84" CC="1" STYLEREFS="TXT_3"/>
						<SP ID="P18_SP00251" HPOS="1038" VPOS="2767" WIDTH="24"/>
						<String ID="P18_ST00282" HPOS="1062" VPOS="2718" WIDTH="18" HEIGHT="37" CONTENT="3" WC="1.00" CC="0" STYLEREFS="TXT_3"/>
						<SP ID="P18_SP00252" HPOS="1080" VPOS="2767" WIDTH="23"/>
						<String ID="P18_ST00283" HPOS="1103" VPOS="2718" WIDTH="122" HEIGHT="38" CONTENT="livres" WC="0.98" CC="039700" STYLEREFS="TXT_3"/>
						<SP ID="P18_SP00253" HPOS="1225" VPOS="2767" WIDTH="415"/>
						<String ID="P18_ST00284" HPOS="1640" VPOS="2720" WIDTH="67" HEIGHT="48" CONTENT="195" WC="0.69" CC="125" STYLEREFS="TXT_3"/>
						<SP ID="P18_SP00254" HPOS="1707" VPOS="2768" WIDTH="82"/>
						<String ID="P18_ST00285" HPOS="1789" VPOS="2734" WIDTH="16" HEIGHT="22" CONTENT="»" WC="0.52" CC="4" STYLEREFS="TXT_3"/>
					</TextLine>
					<TextLine ID="P18_TL00033" HPOS="486" VPOS="2779" WIDTH="1323" HEIGHT="50">
						<String ID="P18_ST00286" HPOS="486" VPOS="2779" WIDTH="132" HEIGHT="48" CONTENT="Loges" WC="0.98" CC="03930" STYLEREFS="TXT_3"/>
						<SP ID="P18_SP00255" HPOS="618" VPOS="2827" WIDTH="19"/>
						<String ID="P18_ST00287" HPOS="637" VPOS="2780" WIDTH="54" HEIGHT="36" CONTENT="du" WC="0.67" CC="06" STYLEREFS="TXT_3"/>
						<SP ID="P18_SP00256" HPOS="691" VPOS="2827" WIDTH="23"/>
						<String ID="P18_ST00288" HPOS="714" VPOS="2779" WIDTH="209" HEIGHT="38" CONTENT="troisième" WC="0.99" CC="335111310" STYLEREFS="TXT_3"/>
						<SP ID="P18_SP00257" HPOS="923" VPOS="2827" WIDTH="22"/>
						<String ID="P18_ST00289" HPOS="945" VPOS="2793" WIDTH="101" HEIGHT="36" CONTENT="rang" WC="0.95" CC="4079" STYLEREFS="TXT_3"/>
						<SP ID="P18_SP00258" HPOS="1046" VPOS="2829" WIDTH="23"/>
						<String ID="P18_ST00290" HPOS="1069" VPOS="2780" WIDTH="81" HEIGHT="38" CONTENT=":80" WC="0.97" CC="212" STYLEREFS="TXT_3"/>
						<SP ID="P18_SP00259" HPOS="1150" VPOS="2829" WIDTH="19"/>
						<String ID="P18_ST00291" HPOS="1169" VPOS="2783" WIDTH="22" HEIGHT="34" CONTENT="à" WC="0.72" CC="2" STYLEREFS="TXT_3"/>
						<SP ID="P18_SP00260" HPOS="1191" VPOS="2829" WIDTH="22"/>
						<String ID="P18_ST00292" HPOS="1213" VPOS="2793" WIDTH="20" HEIGHT="24" CONTENT="2" WC="0.12" CC="8" STYLEREFS="TXT_3"/>
						<SP ID="P18_SP00261" HPOS="1233" VPOS="2829" WIDTH="23"/>
						<String ID="P18_ST00293" HPOS="1256" VPOS="2780" WIDTH="54" HEIGHT="39" CONTENT="liv" WC="0.67" CC="054" STYLEREFS="TXT_3"/>
						<SP ID="P18_SP00262" HPOS="1310" VPOS="2829" WIDTH="331"/>
						<String ID="P18_ST00294" HPOS="1641" VPOS="2781" WIDTH="71" HEIGHT="37" CONTENT="160" WC="0.57" CC="057" STYLEREFS="TXT_3"/>
						<SP ID="P18_SP00263" HPOS="1712" VPOS="2829" WIDTH="76"/>
						<String ID="P18_ST00295" HPOS="1788" VPOS="2795" WIDTH="21" HEIGHT="22" CONTENT="»" WC="0.65" CC="3" STYLEREFS="TXT_3"/>
					</TextLine>
					<TextLine ID="P18_TL00034" HPOS="486" VPOS="2840" WIDTH="1332" HEIGHT="52">
						<String ID="P18_ST00296" HPOS="486" VPOS="2840" WIDTH="184" HEIGHT="39" CONTENT="Parterre" WC="0.98" CC="00268606" STYLEREFS="TXT_3"/>
						<SP ID="P18_SP00264" HPOS="670" VPOS="2879" WIDTH="25"/>
						<String ID="P18_ST00297" HPOS="695" VPOS="2852" WIDTH="8" HEIGHT="27" CONTENT=":" WC="0.92" CC="0" STYLEREFS="TXT_3"/>
						<SP ID="P18_SP00265" HPOS="703" VPOS="2879" WIDTH="22"/>
						<String ID="P18_ST00298" HPOS="725" VPOS="2854" WIDTH="78" HEIGHT="38" CONTENT="419" WC="0.85" CC="003" STYLEREFS="TXT_3"/>
						<SP ID="P18_SP00266" HPOS="803" VPOS="2892" WIDTH="22"/>
						<String ID="P18_ST00299" HPOS="825" VPOS="2841" WIDTH="134" HEIGHT="51" CONTENT="places" WC="0.98" CC="800540" STYLEREFS="TXT_3"/>
						<SP ID="P18_SP00267" HPOS="959" VPOS="2892" WIDTH="21"/>
						<String ID="P18_ST00300" HPOS="980" VPOS="2840" WIDTH="93" HEIGHT="39" CONTENT="à3o" WC="0.97" CC="206" STYLEREFS="TXT_3"/>
						<SP ID="P18_SP00268" HPOS="1073" VPOS="2892" WIDTH="18"/>
						<String ID="P18_ST00301" HPOS="1091" VPOS="2841" WIDTH="78" HEIGHT="38" CONTENT="sols" WC="0.98" CC="0241" STYLEREFS="TXT_3"/>
						<SP ID="P18_SP00269" HPOS="1169" VPOS="2892" WIDTH="468"/>
						<String ID="P18_ST00302" HPOS="1637" VPOS="2842" WIDTH="77" HEIGHT="37" CONTENT="628" WC="0.45" CC="357" STYLEREFS="TXT_3"/>
						<SP ID="P18_SP00270" HPOS="1714" VPOS="2892" WIDTH="59"/>
						<String ID="P18_ST00303" HPOS="1773" VPOS="2855" WIDTH="45" HEIGHT="25" CONTENT="10" WC="0.42" CC="46" STYLEREFS="TXT_3"/>
					</TextLine>
					<TextLine ID="P18_TL00035" HPOS="833" VPOS="2935" WIDTH="978" HEIGHT="53">
						<String ID="P18_ST00304" HPOS="833" VPOS="2935" WIDTH="112" HEIGHT="53" CONTENT="Reçu" WC="0.98" CC="0260" STYLEREFS="TXT_3"/>
						<SP ID="P18_SP00271" HPOS="945" VPOS="2988" WIDTH="21"/>
						<String ID="P18_ST00305" HPOS="966" VPOS="2946" WIDTH="50" HEIGHT="26" CONTENT="en" WC="0.41" CC="56" STYLEREFS="TXT_3"/>
						<SP ID="P18_SP00272" HPOS="1016" VPOS="2988" WIDTH="23"/>
						<String ID="P18_ST00306" HPOS="1039" VPOS="2942" WIDTH="91" HEIGHT="29" CONTENT="tout" WC="0.97" CC="5206" STYLEREFS="TXT_3"/>
						<SP ID="P18_SP00273" HPOS="1130" VPOS="2988" WIDTH="460"/>
						<String ID="P18_ST00307" HPOS="1590" VPOS="2935" WIDTH="118" HEIGHT="49" CONTENT="2,600" WC="0.58" CC="04636" STYLEREFS="TXT_3"/>
						<SP ID="P18_SP00274" HPOS="1708" VPOS="2988" WIDTH="58"/>
						<String ID="P18_ST00308" HPOS="1766" VPOS="2947" WIDTH="45" HEIGHT="26" CONTENT="10" WC="0.30" CC="67" STYLEREFS="TXT_3"/>
					</TextLine>
					<TextLine ID="P18_TL00036" HPOS="324" VPOS="3049" WIDTH="1710" HEIGHT="59">
						<String ID="P18_ST00309" HPOS="324" VPOS="3049" WIDTH="82" HEIGHT="43" CONTENT="Les" WC="0.97" CC="250"/>
						<SP ID="P18_SP00275" HPOS="406" VPOS="3092" WIDTH="23"/>
						<String ID="P18_ST00310" HPOS="429" VPOS="3050" WIDTH="229" HEIGHT="43" CONTENT="anecdotes" WC="0.99" CC="400505000"/>
						<SP ID="P18_SP00276" HPOS="658" VPOS="3093" WIDTH="27"/>
						<String ID="P18_ST00311" HPOS="685" VPOS="3051" WIDTH="222" HEIGHT="43" CONTENT="abondent" WC="0.99" CC="52400400"/>
						<SP ID="P18_SP00277" HPOS="907" VPOS="3094" WIDTH="28"/>
						<String ID="P18_ST00312" HPOS="935" VPOS="3053" WIDTH="79" HEIGHT="55" CONTENT="qui" WC="0.98" CC="050"/>
						<SP ID="P18_SP00278" HPOS="1014" VPOS="3108" WIDTH="26"/>
						<String ID="P18_ST00313" HPOS="1040" VPOS="3052" WIDTH="279" HEIGHT="42" CONTENT="démontrent" WC="0.99" CC="0613000006"/>
						<SP ID="P18_SP00279" HPOS="1319" VPOS="3108" WIDTH="26"/>
						<String ID="P18_ST00314" HPOS="1345" VPOS="3054" WIDTH="59" HEIGHT="41" CONTENT="les" WC="0.98" CC="330"/>
						<SP ID="P18_SP00280" HPOS="1404" VPOS="3108" WIDTH="27"/>
						<String ID="P18_ST00315" HPOS="1431" VPOS="3053" WIDTH="334" HEIGHT="44" CONTENT="inconvénients" WC="0.99" CC="0643207032523"/>
						<SP ID="P18_SP00281" HPOS="1765" VPOS="3108" WIDTH="20"/>
						<String ID="P18_ST00316" HPOS="1785" VPOS="3054" WIDTH="52" HEIGHT="41" CONTENT="de" WC="0.78" CC="04"/>
						<SP ID="P18_SP00282" HPOS="1837" VPOS="3108" WIDTH="20"/>
						<String ID="P18_ST00317" HPOS="1857" VPOS="3062" WIDTH="68" HEIGHT="36" CONTENT="cet" WC="0.98" CC="500"/>
						<SP ID="P18_SP00283" HPOS="1925" VPOS="3108" WIDTH="22"/>
						<String ID="P18_ST00318" HPOS="1947" VPOS="3056" WIDTH="87" HEIGHT="43" CONTENT="état" WC="0.94" CC="9576"/>
					</TextLine>
					<TextLine ID="P18_TL00037" HPOS="268" VPOS="3124" WIDTH="235" HEIGHT="42">
						<String ID="P18_ST00319" HPOS="268" VPOS="3124" WIDTH="51" HEIGHT="41" CONTENT="de" WC="0.84" CC="03"/>
						<SP ID="P18_SP00284" HPOS="319" VPOS="3165" WIDTH="20"/>
						<String ID="P18_ST00320" HPOS="339" VPOS="3124" WIDTH="164" HEIGHT="42" CONTENT="choses." WC="0.99" CC="3050204"/>
					</TextLine>
					<TextLine ID="P18_TL00038" HPOS="322" VPOS="3198" WIDTH="1712" HEIGHT="61">
						<String ID="P18_ST00321" HPOS="322" VPOS="3198" WIDTH="73" HEIGHT="42" CONTENT="On" WC="1.00" CC="00"/>
						<SP ID="P18_SP00285" HPOS="395" VPOS="3240" WIDTH="24"/>
						<String ID="P18_ST00322" HPOS="419" VPOS="3199" WIDTH="244" HEIGHT="55" CONTENT="reprochait" WC="0.99" CC="5005065020"/>
						<SP ID="P18_SP00286" HPOS="663" VPOS="3254" WIDTH="22"/>
						<String ID="P18_ST00323" HPOS="685" VPOS="3205" WIDTH="23" HEIGHT="37" CONTENT="à" WC="0.72" CC="2"/>
						<SP ID="P18_SP00287" HPOS="708" VPOS="3254" WIDTH="23"/>
						<String ID="P18_ST00324" HPOS="731" VPOS="3198" WIDTH="147" HEIGHT="44" CONTENT="Baron" WC="0.99" CC="16000"/>
						<SP ID="P18_SP00288" HPOS="878" VPOS="3254" WIDTH="16"/>
						<String ID="P18_ST00325" HPOS="894" VPOS="3199" WIDTH="51" HEIGHT="43" CONTENT="de" WC="1.00" CC="00"/>
						<SP ID="P18_SP00289" HPOS="945" VPOS="3254" WIDTH="22"/>
						<String ID="P18_ST00326" HPOS="967" VPOS="3208" WIDTH="181" HEIGHT="34" CONTENT="tourner" WC="0.99" CC="0035000"/>
						<SP ID="P18_SP00290" HPOS="1148" VPOS="3254" WIDTH="19"/>
						<String ID="P18_ST00327" HPOS="1167" VPOS="3202" WIDTH="161" HEIGHT="55" CONTENT="parfois" WC="0.99" CC="0054040"/>
						<SP ID="P18_SP00291" HPOS="1328" VPOS="3257" WIDTH="23"/>
						<String ID="P18_ST00328" HPOS="1351" VPOS="3215" WIDTH="53" HEIGHT="27" CONTENT="en" WC="1.00" CC="00"/>
						<SP ID="P18_SP00292" HPOS="1404" VPOS="3257" WIDTH="24"/>
						<String ID="P18_ST00329" HPOS="1428" VPOS="3205" WIDTH="124" HEIGHT="38" CONTENT="scène" WC="1.00" CC="00000"/>
						<SP ID="P18_SP00293" HPOS="1552" VPOS="3257" WIDTH="19"/>
						<String ID="P18_ST00330" HPOS="1571" VPOS="3203" WIDTH="38" HEIGHT="40" CONTENT="le" WC="1.00" CC="00"/>
						<SP ID="P18_SP00294" HPOS="1609" VPOS="3257" WIDTH="21"/>
						<String ID="P18_ST00331" HPOS="1630" VPOS="3203" WIDTH="75" HEIGHT="42" CONTENT="dos" WC="1.00" CC="000"/>
						<SP ID="P18_SP00295" HPOS="1705" VPOS="3257" WIDTH="19"/>
						<String ID="P18_ST00332" HPOS="1724" VPOS="3217" WIDTH="56" HEIGHT="28" CONTENT="au" WC="0.77" CC="04"/>
						<SP ID="P18_SP00296" HPOS="1780" VPOS="3257" WIDTH="24"/>
						<String ID="P18_ST00333" HPOS="1804" VPOS="3203" WIDTH="165" HEIGHT="56" CONTENT="public." WC="0.98" CC="0522391"/>
						<SP ID="P18_SP00297" HPOS="1969" VPOS="3259" WIDTH="31"/>
						<String ID="P18_ST00334" HPOS="2000" VPOS="3203" WIDTH="34" HEIGHT="42" CONTENT="11" WC="0.31" CC="67"/>
					</TextLine>
					<TextLine ID="P18_TL00039" HPOS="268" VPOS="3271" WIDTH="1765" HEIGHT="61">
						<String ID="P18_ST00335" HPOS="268" VPOS="3284" WIDTH="53" HEIGHT="29" CONTENT="ne" WC="0.84" CC="03"/>
						<SP ID="P18_SP00298" HPOS="321" VPOS="3313" WIDTH="16"/>
						<String ID="P18_ST00336" HPOS="337" VPOS="3271" WIDTH="38" HEIGHT="41" CONTENT="le" WC="0.89" CC="20"/>
						<SP ID="P18_SP00299" HPOS="375" VPOS="3313" WIDTH="22"/>
						<String ID="P18_ST00337" HPOS="397" VPOS="3271" WIDTH="144" HEIGHT="43" CONTENT="faisait" WC="1.00" CC="0010060"/>
						<SP ID="P18_SP00300" HPOS="541" VPOS="3314" WIDTH="21"/>
						<String ID="P18_ST00338" HPOS="562" VPOS="3287" WIDTH="85" HEIGHT="41" CONTENT="que" WC="0.98" CC="060"/>
						<SP ID="P18_SP00301" HPOS="647" VPOS="3328" WIDTH="23"/>
						<String ID="P18_ST00339" HPOS="670" VPOS="3275" WIDTH="201" HEIGHT="54" CONTENT="lorsqu'il" WC="0.99" CC="146004443"/>
						<SP ID="P18_SP00302" HPOS="871" VPOS="3329" WIDTH="21"/>
						<String ID="P18_ST00340" HPOS="892" VPOS="3288" WIDTH="28" HEIGHT="41" CONTENT="y" WC="0.37" CC="6"/>
						<SP ID="P18_SP00303" HPOS="920" VPOS="3329" WIDTH="18"/>
						<String ID="P18_ST00341" HPOS="938" VPOS="3275" WIDTH="105" HEIGHT="41" CONTENT="était" WC="0.99" CC="50030"/>
						<SP ID="P18_SP00304" HPOS="1043" VPOS="3329" WIDTH="21"/>
						<String ID="P18_ST00342" HPOS="1064" VPOS="3275" WIDTH="218" HEIGHT="41" CONTENT="contraint" WC="1.00" CC="000050500"/>
						<SP ID="P18_SP00305" HPOS="1282" VPOS="3329" WIDTH="22"/>
						<String ID="P18_ST00343" HPOS="1304" VPOS="3289" WIDTH="52" HEIGHT="27" CONTENT="en" WC="0.46" CC="37"/>
						<SP ID="P18_SP00306" HPOS="1356" VPOS="3329" WIDTH="30"/>
						<String ID="P18_ST00344" HPOS="1386" VPOS="3276" WIDTH="190" HEIGHT="54" CONTENT="quelque" WC="0.99" CC="0300040"/>
						<SP ID="P18_SP00307" HPOS="1576" VPOS="3330" WIDTH="30"/>
						<String ID="P18_ST00345" HPOS="1606" VPOS="3287" WIDTH="110" HEIGHT="31" CONTENT="sorte" WC="0.99" CC="00610"/>
						<SP ID="P18_SP00308" HPOS="1716" VPOS="3330" WIDTH="21"/>
						<String ID="P18_ST00346" HPOS="1737" VPOS="3290" WIDTH="76" HEIGHT="42" CONTENT="par" WC="0.97" CC="090"/>
						<SP ID="P18_SP00309" HPOS="1813" VPOS="3332" WIDTH="19"/>
						<String ID="P18_ST00347" HPOS="1832" VPOS="3277" WIDTH="59" HEIGHT="39" CONTENT="les" WC="0.99" CC="030"/>
						<SP ID="P18_SP00310" HPOS="1891" VPOS="3332" WIDTH="21"/>
						<String ID="P18_ST00348" HPOS="1912" VPOS="3289" WIDTH="97" HEIGHT="41" CONTENT="spec" SUBS_TYPE="HypPart1" SUBS_CONTENT="spectateurs" WC="0.98" CC="0033"/>
						<HYP HPOS="2009" VPOS="3289" WIDTH="24" CONTENT="-"/>
					</TextLine>
					<TextLine ID="P18_TL00040" HPOS="270" VPOS="3347" WIDTH="1765" HEIGHT="56">
						<String ID="P18_ST00349" HPOS="270" VPOS="3353" WIDTH="163" HEIGHT="35" CONTENT="tateurs" SUBS_TYPE="HypPart2" SUBS_CONTENT="spectateurs" WC="0.99" CC="0030150"/>
						<SP ID="P18_SP00311" HPOS="433" VPOS="3388" WIDTH="20"/>
						<String ID="P18_ST00350" HPOS="453" VPOS="3347" WIDTH="71" HEIGHT="41" CONTENT="des" WC="1.00" CC="000"/>
						<SP ID="P18_SP00312" HPOS="524" VPOS="3388" WIDTH="22"/>
						<String ID="P18_ST00351" HPOS="546" VPOS="3348" WIDTH="275" HEIGHT="55" CONTENT="banquettes," WC="0.99" CC="00504035004"/>
						<SP ID="P18_SP00313" HPOS="821" VPOS="3403" WIDTH="24"/>
						<String ID="P18_ST00352" HPOS="845" VPOS="3349" WIDTH="111" HEIGHT="54" CONTENT="qu'il" WC="1.00" CC="00200"/>
						<SP ID="P18_SP00314" HPOS="956" VPOS="3403" WIDTH="20"/>
						<String ID="P18_ST00353" HPOS="976" VPOS="3350" WIDTH="228" HEIGHT="41" CONTENT="entendait" WC="1.00" CC="200060005"/>
						<SP ID="P18_SP00315" HPOS="1204" VPOS="3403" WIDTH="18"/>
						<String ID="P18_ST00354" HPOS="1222" VPOS="3350" WIDTH="84" HEIGHT="41" CONTENT="rire" WC="0.98" CC="3300"/>
						<SP ID="P18_SP00316" HPOS="1306" VPOS="3403" WIDTH="25"/>
						<String ID="P18_ST00355" HPOS="1331" VPOS="3365" WIDTH="57" HEIGHT="26" CONTENT="ou" WC="0.56" CC="52"/>
						<SP ID="P18_SP00317" HPOS="1388" VPOS="3403" WIDTH="23"/>
						<String ID="P18_ST00356" HPOS="1411" VPOS="3365" WIDTH="151" HEIGHT="27" CONTENT="causer" WC="0.99" CC="003500"/>
						<SP ID="P18_SP00318" HPOS="1562" VPOS="3403" WIDTH="27"/>
						<String ID="P18_ST00357" HPOS="1589" VPOS="3360" WIDTH="97" HEIGHT="33" CONTENT="tout" WC="0.97" CC="0454"/>
						<SP ID="P18_SP00319" HPOS="1686" VPOS="3403" WIDTH="28"/>
						<String ID="P18_ST00358" HPOS="1714" VPOS="3351" WIDTH="111" HEIGHT="40" CONTENT="haut" WC="0.99" CC="0030"/>
						<SP ID="P18_SP00320" HPOS="1825" VPOS="3403" WIDTH="28"/>
						<String ID="P18_ST00359" HPOS="1853" VPOS="3349" WIDTH="182" HEIGHT="41" CONTENT="derrière" WC="0.98" CC="00920668"/>
					</TextLine>
					<TextLine ID="P18_TL00041" HPOS="270" VPOS="3419" WIDTH="1766" HEIGHT="60">
						<String ID="P18_ST00360" HPOS="270" VPOS="3419" WIDTH="64" HEIGHT="41" CONTENT="lui" WC="0.98" CC="500"/>
						<SP ID="P18_SP00321" HPOS="334" VPOS="3460" WIDTH="23"/>
						<String ID="P18_ST00361" HPOS="357" VPOS="3433" WIDTH="8" HEIGHT="27" CONTENT=":" WC="0.45" CC="5"/>
						<SP ID="P18_SP00322" HPOS="365" VPOS="3460" WIDTH="26"/>
						<String ID="P18_ST00362" HPOS="391" VPOS="3420" WIDTH="31" HEIGHT="40" CONTENT="il" WC="0.81" CC="03"/>
						<SP ID="P18_SP00323" HPOS="422" VPOS="3460" WIDTH="28"/>
						<String ID="P18_ST00363" HPOS="450" VPOS="3435" WIDTH="42" HEIGHT="26" CONTENT="se" WC="0.57" CC="34"/>
						<SP ID="P18_SP00324" HPOS="492" VPOS="3461" WIDTH="32"/>
						<String ID="P18_ST00364" HPOS="524" VPOS="3422" WIDTH="243" HEIGHT="42" CONTENT="retournait" WC="0.99" CC="5405240003"/>
						<SP ID="P18_SP00325" HPOS="767" VPOS="3464" WIDTH="21"/>
						<String ID="P18_ST00365" HPOS="788" VPOS="3436" WIDTH="96" HEIGHT="29" CONTENT="vers" WC="0.98" CC="0700"/>
						<SP ID="P18_SP00326" HPOS="884" VPOS="3465" WIDTH="31"/>
						<String ID="P18_ST00366" HPOS="915" VPOS="3437" WIDTH="83" HEIGHT="29" CONTENT="eux" WC="0.92" CC="568"/>
						<SP ID="P18_SP00327" HPOS="998" VPOS="3466" WIDTH="35"/>
						<String ID="P18_ST00367" HPOS="1033" VPOS="3433" WIDTH="42" HEIGHT="32" CONTENT="et" WC="0.47" CC="36"/>
						<SP ID="P18_SP00328" HPOS="1075" VPOS="3466" WIDTH="26"/>
						<String ID="P18_ST00368" HPOS="1101" VPOS="3424" WIDTH="206" HEIGHT="55" CONTENT="imposait" WC="1.00" CC="04060000"/>
						<SP ID="P18_SP00329" HPOS="1307" VPOS="3479" WIDTH="27"/>
						<String ID="P18_ST00369" HPOS="1334" VPOS="3424" WIDTH="156" HEIGHT="42" CONTENT="silence" WC="0.99" CC="0060704"/>
						<SP ID="P18_SP00330" HPOS="1490" VPOS="3479" WIDTH="28"/>
						<String ID="P18_ST00370" HPOS="1518" VPOS="3438" WIDTH="54" HEIGHT="28" CONTENT="en" WC="0.41" CC="56"/>
						<SP ID="P18_SP00331" HPOS="1572" VPOS="3479" WIDTH="30"/>
						<String ID="P18_ST00371" HPOS="1602" VPOS="3424" WIDTH="96" HEIGHT="42" CONTENT="leur" WC="0.99" CC="0005"/>
						<SP ID="P18_SP00332" HPOS="1698" VPOS="3479" WIDTH="27"/>
						<String ID="P18_ST00372" HPOS="1725" VPOS="3424" WIDTH="221" HEIGHT="41" CONTENT="adressant" WC="0.99" CC="103460060"/>
						<SP ID="P18_SP00333" HPOS="1946" VPOS="3479" WIDTH="31"/>
						<String ID="P18_ST00373" HPOS="1977" VPOS="3423" WIDTH="59" HEIGHT="40" CONTENT="les" WC="0.94" CC="366"/>
					</TextLine>
					<TextLine ID="P18_TL00042" HPOS="271" VPOS="3494" WIDTH="399" HEIGHT="44">
						<String ID="P18_ST00374" HPOS="271" VPOS="3506" WIDTH="95" HEIGHT="29" CONTENT="vers" WC="0.97" CC="9050"/>
						<SP ID="P18_SP00334" HPOS="366" VPOS="3535" WIDTH="25"/>
						<String ID="P18_ST00375" HPOS="391" VPOS="3494" WIDTH="53" HEIGHT="42" CONTENT="de" WC="0.82" CC="03"/>
						<SP ID="P18_SP00335" HPOS="444" VPOS="3536" WIDTH="20"/>
						<String ID="P18_ST00376" HPOS="464" VPOS="3509" WIDTH="81" HEIGHT="29" CONTENT="son" WC="0.98" CC="060"/>
						<SP ID="P18_SP00336" HPOS="545" VPOS="3538" WIDTH="21"/>
						<String ID="P18_ST00377" HPOS="566" VPOS="3495" WIDTH="104" HEIGHT="43" CONTENT="rôle." WC="0.98" CC="25004"/>
					</TextLine>
				</TextBlock>
				<TextBlock ID="P18_TB00004" HPOS="490" VPOS="3564" WIDTH="113" HEIGHT="49" STYLEREFS="TXT_0 PAR_LEFT">
					<TextLine ID="P18_TL00043" HPOS="492" VPOS="3566" WIDTH="108" HEIGHT="46">
						<String ID="P18_ST00378" HPOS="492" VPOS="3566" WIDTH="108" HEIGHT="46" CONTENT="VII." WC="0.54" CC="0854"/>
					</TextLine>
				</TextBlock>
				<TextBlock ID="P18_TB00005" HPOS="1791" VPOS="3583" WIDTH="109" HEIGHT="70" STYLEREFS="TXT_0 PAR_RIGHT">
					<TextLine ID="P18_TL00044" HPOS="1795" VPOS="3586" WIDTH="50" HEIGHT="40">
						<String ID="P18_ST00379" HPOS="1795" VPOS="3586" WIDTH="50" HEIGHT="40" CONTENT="14" WC="0.57" CC="80"/>
					</TextLine>
				</TextBlock>
			</PrintSpace>
		</Page>
	</Layout>
</alto>
