2702 4221
1117 474 77 41 LA
1225 470 391 51 CHRONIQUE
1649 471 320 42 MUSICALE

631 476 87 53 234

633 622 273 38 contrebasse.
1027 621 233 36 MARSEILLE
1289 619 162 48 (Cercle
1479 619 242 49 artistique).
1755 619 207 38 Première
2002 619 188 39 audition
2214 631 8 27 :
2264 622 140 40 Gloria

639 689 111 40 victis
756 720 8 16 ,
788 688 153 49 grande
959 687 158 38 ballade
1144 699 107 37 pour
1271 686 90 49 soli,
1380 686 167 38 chœurs
1564 694 40 30 et
1622 686 226 49 orchestre,
1871 689 147 46 poème
2048 687 48 37 de
2132 689 58 36 M,
2232 690 167 48 Eugène

644 755 197 49 Rostand,
864 755 190 49 musique
1072 755 48 38 de
1143 755 57 37 M.
1221 753 141 39 Alexis
1383 755 212 48 Rostand;
1628 754 177 50 premier
1835 762 134 42 temps
2006 755 120 37 d'une
2159 756 244 49 symphonie

642 823 166 49 inédite,
832 834 51 26 en
905 823 48 38 ré
971 823 169 52 majeur,
1162 822 49 38 de
1232 823 57 37 M.
1311 823 186 49 Auguste
1521 823 147 47 Morel;
1689 822 230 39 Invocation
1942 825 26 36 à
1990 821 161 40 l'Océan
2155 852 9 19 ,
2188 825 60 35 air
2269 826 144 38 extrait

645 891 96 38 d'un
762 891 128 49 grand
909 891 122 50 opéra
1053 890 128 38 inédit
1199 891 48 38 de
1265 891 57 38 M.
1347 891 149 37 Ernest
1519 890 198 38 Guiraud.

693 1007 64 26 20.
849 996 171 38 SOCIÉTÉ
1047 1008 223 27 NATIONALE
1297 1009 50 24 DE
1381 1008 186 31 MUSIQUE.
1599 994 228 39 Premières
1855 993 210 40 auditions
2084 1006 7 26 :
2126 995 153 38 Sonate
2307 1008 106 38 pour

646 1070 138 36 orgue,
812 1057 48 38 de
888 1058 57 37 M.
964 1058 230 38 Alexandre
1218 1058 212 37 Guilmant
1446 1073 8 32 ;
1481 1057 101 37 trois
1602 1057 133 49 pièces
1750 1068 105 38 pour
1872 1068 139 38 orgue,
2037 1058 55 35 du
2117 1057 133 37 même
2270 1068 10 38 ;
2302 1058 86 50 frag-

647 1134 115 30 ment
783 1126 49 38 de
849 1126 37 38 la
907 1126 213 38 deuxième
1139 1126 129 50 partie
1289 1126 49 37 de
1374 1126 40 36 la
1447 1124 185 38 Nativité
1633 1157 9 16 ,
1677 1124 194 50 oratorio,
1903 1124 162 50 paroles
2099 1125 49 37 de
2184 1126 57 36 M.
2282 1126 131 39 Emile

649 1193 141 49 Cicile,
816 1193 188 50 musique
1025 1194 49 38 de
1097 1194 57 36 M.
1179 1193 132 38 Henri
1333 1192 220 38 Maréchal.

699 1298 63 37 23.
846 1297 191 38 CONCERT
1058 1297 149 39 DANBÉ.
1228 1296 230 38 Premières
1477 1295 208 39 auditions
1703 1307 8 27 :
1729 1296 208 38 Entr'acte
1951 1296 130 38 inédit
2098 1298 49 36 de
2164 1298 58 37 M.
2250 1298 166 50 Eugène

651 1364 99 38 Diaz
768 1376 9 37 ;
801 1366 39 36 la
860 1364 175 39 Fiancée
1065 1365 52 37 du
1149 1364 228 39 Timbalier
1381 1397 9 16 ,
1426 1364 159 38 ballade
1610 1365 50 37 de
1691 1364 144 39 Victor
1868 1366 140 50 Hugo,
2040 1366 191 50 musique
2270 1367 50 38 de
2357 1368 60 38 M.

651 1435 127 38 Louis
799 1434 218 40 Lacombe.

701 1540 68 40 25.
855 1540 143 38 GAITÉ.
1020 1539 207 39 Première
1243 1538 346 50 représentation:
1618 1538 219 38 Geneviève
1859 1538 48 38 de
1927 1538 185 38 Brabant
2117 1569 8 19 ,
2143 1538 122 50 opéra
2285 1539 134 38 bouffe

651 1621 51 26 en
725 1609 100 37 trois
847 1616 110 30 actes
979 1608 225 50 (troisième
1225 1607 158 39 édition
1402 1619 137 37 revue,
1573 1607 182 50 corrigée
1791 1614 39 31 et
1860 1609 275 49 augmentée),
2170 1607 162 51 paroles
2370 1609 49 37 de

653 1677 104 40 MM.
778 1677 76 38 Ad.
871 1677 131 38 Jaime
1020 1684 39 31 et
1078 1677 163 48 Tréfeu,
1265 1675 191 50 musique
1470 1677 49 37 de
1536 1677 58 38 M.
1610 1677 174 48 Jacques
1808 1675 226 39 Offenbach
2049 1676 67 49 (i).

1998 1774 49 36 A.
2080 1775 44 35 P.

695 1957 51 43 (i)
767 1956 58 33 Au
849 1962 322 28 commencement
1195 1956 43 32 de
1263 1955 143 44 février,
1428 1955 34 33 le
1486 1955 142 34 théâtre
1651 1954 148 44 d'Alger
1820 1954 122 34 donne
1964 1954 35 33 la
2019 1954 183 43 première
2229 1953 173 44 représen-

650 2011 116 34 tation
786 2012 46 34 de
855 2013 37 33 la
908 2012 242 44 Marguerite
1152 2037 10 18 ,
1190 2011 110 45 opéra
1322 2011 185 45 comique,
1532 2011 145 45 paroles
1700 2010 45 34 de
1766 2010 50 35 M.
1839 2010 131 40 Aurès,
1996 2009 175 45 musique
2194 2009 45 34 de
2262 2010 50 34 M.
2329 2009 71 33 Der-

652 2067 161 35 mineur.
