2702 4221
640 454 76 41 LE
751 454 278 42 BRINDISI
1067 455 80 40 DE
1181 456 77 40 LA
1291 454 325 42 TRAVIATA

1933 469 79 41 197

378 600 94 42 Elle
492 614 110 27 vous
624 600 167 42 revient
812 600 51 43 de
884 600 143 51 droit;
1052 602 100 41 c'est
1165 606 25 37 à
1216 610 119 34 votre
1357 602 221 44 intention
1601 616 85 42 que
1706 602 39 56 je
1766 602 72 42 l'ai
1867 602 145 42 écrite.

256 676 144 55 Voyez
423 675 159 56 plutôt.

307 749 55 41 Et
394 749 200 42 Gontran
615 750 177 41 déroule
822 764 61 26 un
918 750 112 55 petit
1063 749 142 41 cahier
1225 750 51 41 de
1305 750 220 55 musique.
1556 751 189 41 Carmen
1769 766 28 40 y
1820 750 101 56 jette
1956 752 60 40 les

248 838 114 42 yeux
390 838 101 27 avec
519 838 86 27 une
641 823 207 42 curiosité
882 823 241 54 enfantine,
1164 832 40 33 et
1237 824 79 41 elle
1348 839 29 40 y
1397 825 53 40 lit
1473 839 46 27 ce
1549 826 128 41 titre:
1705 842 19 21 «
1760 825 61 42 LA
1850 826 165 53 VISION,

249 911 209 29 romance
471 913 11 36 ;
521 913 22 24 »
580 907 41 32 et
645 898 100 55 plus
778 897 124 51 haut,
943 910 171 28 comme
1159 898 204 40 dédicace
1387 912 10 27 :
1438 914 17 23 «
1494 902 27 38 à
1554 900 332 41 mademoiselle
1926 901 60 40 Su-

249 985 139 42 zanne
409 972 72 41 **\
505 987 17 23 »

378 1045 200 41 N'est-ce
605 1058 74 42 pas
715 1054 119 32 votre
855 1045 108 55 petit
992 1058 121 39 nom,
1145 1058 87 43 que
1253 1058 110 28 vous
1391 1059 104 27 avez
1526 1046 163 55 préféré
1721 1046 163 55 quitter
1905 1061 111 41 pour

248 1119 110 42 celui
390 1120 53 39 de
474 1119 208 48 Carmen,
717 1133 62 27 un
802 1133 82 41 peu
918 1119 98 55 plus
1042 1122 315 52 romanesque?
1392 1119 145 54 j'aime
1570 1127 96 34 tant
1700 1134 109 27 vous
1845 1121 170 54 appeler

248 1193 203 42 Suzanne
466 1197 8 37 !

376 1267 94 50 Qui
489 1280 110 27 vous
621 1279 53 28 en
693 1265 232 56 empêche?

383 1340 122 41 Tout
527 1341 37 40 le
587 1340 159 40 monde
769 1353 110 28 vous
900 1342 179 39 connaît
1100 1354 101 27 sous
1223 1341 112 41 celui
1356 1342 52 40 de
1427 1341 207 42 Carmen.

368 1415 40 39 A
430 1421 121 34 votre
573 1413 136 55 place,
730 1412 38 55 je
791 1427 53 27 ne
866 1413 206 42 voudrais
1091 1427 75 41 pas
1189 1414 106 41 faire
1312 1428 169 28 comme
1502 1421 97 35 tout
1617 1416 40 39 le
1672 1415 174 40 monde.

376 1486 108 53 Oui,
509 1486 34 41 si
565 1499 111 29 vous
699 1486 115 41 m'en
834 1486 187 41 donniez
1043 1486 40 40 le
1103 1487 128 53 droit,
1258 1488 162 41 mais...

380 1559 172 42 Encore
569 1563 9 38 !
608 1559 179 55 Voyons
809 1559 143 55 plutôt
984 1567 119 34 votre
1137 1573 219 30 romance.
1383 1560 117 42 C'est
1522 1573 88 28 une
1631 1573 215 39 romance,
1881 1561 110 41 n'est-

248 1648 47 27 ce
316 1637 102 52 pas?

367 1707 115 43 C'est
497 1716 96 33 tout
614 1721 46 28 ce
679 1721 87 41 que
783 1721 110 28 vous
912 1709 190 40 voudrez
1119 1722 9 39 ;
1150 1721 61 28 un
1225 1709 96 53 fait
1336 1709 150 41 divers
1501 1708 35 42 si
1556 1722 110 28 vous
1689 1709 139 41 aimez
1846 1710 164 43 mieux.

373 1781 121 41 Vous
517 1793 102 29 avez
641 1781 156 41 trouvé
835 1780 89 41 cela
956 1781 107 40 dans
1090 1781 60 41 les
1178 1780 242 56 journaux;
1459 1782 53 40 ils
1544 1790 200 35 mentent
1768 1796 116 27 assez
1906 1797 79 27 sou-

249 1865 119 32 vent.

383 1929 81 42 J'ai
488 1931 156 40 trouvé
665 1930 89 42 cela
775 1930 107 41 dans
905 1944 105 28 mon
1027 1943 144 39 cœur;
1193 1929 31 43 il
1246 1943 54 28 ne
1324 1938 119 34 ment
1463 1930 169 55 jamais.

375 2004 151 41 Est-ce
543 2018 113 42 pour
674 2005 90 41 dire
786 2018 86 41 que
894 2005 39 40 le
952 2004 120 41 mien
1097 2006 109 40 n'est
1226 2018 75 42 pas
1317 2005 119 41 aussi
1460 2005 180 42 sincère.

371 2078 51 41 Je
444 2079 192 41 n'aurais
653 2079 145 54 garde.
823 2078 115 41 Mais
961 2092 57 27 on
1035 2079 178 54 prétend
1236 2092 87 41 que
1344 2079 38 41 le
1397 2092 120 28 cœur
1536 2080 72 39 des
1624 2079 196 52 femmes,
1845 2093 169 28 comme

244 2152 189 42 certains
456 2152 219 50 bonbons,
698 2161 62 33 est
781 2153 238 54 enveloppé
1040 2152 256 54 d'énigmes.

295 2246 53 11 ■—
367 2225 120 42 Bon!
507 2226 113 41 voilà
635 2240 86 41 que
734 2225 70 56 j'ai
827 2227 39 40 le
887 2240 121 27 cœur
1029 2239 54 28 en
1106 2226 241 55 papillotes.
1373 2226 178 55 Voyons
1572 2227 39 41 le
1634 2234 92 34 mot
1745 2227 52 41 de
1815 2227 40 42 la
1876 2229 136 41 vôtre.

247 2298 302 43 Voulez-vous
575 2313 84 41 que
679 2300 38 54 je
738 2300 234 41 déchiffre?
993 2300 49 41 Je
1064 2302 93 39 vois
1180 2314 85 40 que
1286 2301 103 41 c'est
1410 2314 113 42 pour
1543 2302 124 40 ténor
1690 2314 57 28 ou
1770 2314 242 42 soprano..»

242 2373 47 40 Je
311 2373 91 40 vais
420 2387 110 28 vous
553 2387 239 28 massacrer
813 2385 118 30 votre
954 2373 200 44 mélodie.

369 2446 203 42 L'œuvre
594 2461 54 27 ne
669 2448 90 40 s'en
780 2447 197 55 plaindra
1002 2462 75 41 pas
1098 2449 98 55 plus
1218 2462 84 42 que
1320 2448 203 43 l'auteur.

371 2521 122 41 Vous
516 2521 212 55 aurais-je
750 2523 231 52 massacré,
1005 2535 76 42 par
1100 2521 183 42 hasard?

375 2594 233 50 Massacré,
630 2608 113 40 non;
764 2596 185 52 torturé,
973 2595 94 41 oui.

370 2667 172 53 Allons,
567 2668 163 41 allons!
756 2681 52 27 ne
825 2681 128 42 posez
983 2681 75 42 pas
1080 2681 110 41 pour
1212 2667 61 41 les
1297 2666 228 53 Werther;
1551 2676 293 35 mettez-vous
1865 2669 146 56 plutôt

242 2755 54 26 au
317 2741 188 55 piano...
533 2740 83 42 Là!
641 2756 26 40 y
691 2744 252 38 êtes-vous?

296 2815 202 42 Gontran
521 2817 177 39 exécute
729 2829 62 27 un
823 2816 108 55 petit
964 2816 193 55 prélude.
1196 2815 205 52 Carmen,,
1436 2817 165 41 debout
1623 2820 23 37 à
1674 2818 91 39 côté
1792 2817 51 40 de
1863 2817 79 52 lui,
1968 2831 42 27 se

243 2889 166 53 penche
432 2902 73 27 sur
520 2888 41 41 la
583 2888 210 54 musique
809 2898 40 32 et
869 2888 66 42 lui
954 2890 215 40 demande
1192 2905 7 25 :

369 2962 241 41 Sont-elles
632 2962 52 41 de
707 2976 126 40 vous,
858 2963 59 40 les
942 2963 166 54 paroles
1126 2966 16 38 ?

365 3036 121 41 Vous
506 3036 39 41 le
568 3049 151 27 saurez
740 3036 151 54 quand
913 3050 108 28 vous
1042 3036 59 42 les
1123 3052 131 27 aurez
1275 3038 213 41 chantées.

366 3110 101 41 Non
484 3109 8 42 !
519 3123 43 27 se
583 3110 66 41 dit
670 3109 206 52 Carmen,
900 3110 37 54 je
959 3111 273 54 comprends,
1257 3112 100 40 c'est
1375 3126 61 26 un
1458 3112 225 54 reproche;
1709 3112 71 54 j'ai
1805 3126 120 41 peur.
1954 3112 55 41 Et

241 3183 78 41 elle
340 3191 176 47 attaque
537 3182 41 42 ld.
602 3196 217 29 romance.
843 3183 93 41 Elle
956 3184 157 41 chante
1131 3198 7 26 :

1041 3325 155 25 VISION

584 3417 83 36 Sur
695 3429 50 24 un
776 3417 138 38 navire
935 3420 23 34 à
982 3417 38 37 la
1041 3418 163 37 marche
1234 3419 141 50 rapide

586 3483 78 44 Qui
681 3487 94 45 près
798 3485 50 35 du
876 3485 97 47 sien,
1003 3493 81 29 tout
1099 3489 98 46 près
1216 3487 105 36 vient
1344 3490 22 33 à
1387 3498 160 38 passer,
