2702 4221
659 459 76 41 LE
768 460 277 42 BRINDISI
1084 460 80 41 DE
1199 461 77 41 LA
1309 460 325 42 TRAVIATA

1945 476 78 28 201

266 614 57 37 où
345 609 38 40 le
405 607 216 42 musicien
643 621 23 27 a
689 621 51 28 su
764 607 133 41 mêler
917 611 24 37 à
962 608 42 41 la
1038 609 140 40 fausse
1213 607 83 55 joie
1329 609 52 40 de
1416 609 41 40 la
1488 609 252 55 pécheresse
1773 622 261 29 amoureuse

268 691 94 33 tant
397 682 51 41 de
486 683 237 54 poignante
763 690 244 32 amertume
1029 691 40 32 et
1105 689 95 33 tant
1220 682 51 40 de
1297 682 178 41 cruelles
1513 684 340 54 désespérances,
1883 698 85 40 que
1993 685 41 40 la

266 757 101 41 voix
388 757 52 40 de
479 756 189 41 Carmen
700 764 154 33 trouve
881 756 73 39 des
991 764 172 31 accents
1201 756 220 55 superbes.
1460 757 96 40 Elle
1583 757 186 41 termine
1790 765 108 34 cette
1923 757 110 42 belle

268 830 184 43 mélodie
473 844 76 42 par
570 844 59 27 un
652 829 127 55 point
799 829 179 53 d'orgue
999 834 24 35 à
1043 828 107 41 faire
1171 828 169 42 crouler
1360 829 40 40 la
1423 830 101 40 salle
1540 830 35 40 si
1588 830 79 41 elle
1688 830 148 42 l'avait
1856 832 180 41 chantée

269 919 56 28 au
348 905 166 42 théâtre
534 904 160 41 devant
715 917 63 28 un
801 903 218 41 auditoire
1040 902 161 41 d'élite.

395 978 279 42 Admirable!
708 976 268 42 admirable!
1014 975 347 57 incomparable!
1388 977 145 41 s'écrie
1562 977 63 42 M.
1652 978 244 43 Corbellini
1926 980 108 41 dans

268 1053 378 43 l'enthousiasme.

395 1126 125 52 Qu'il
540 1126 99 42 aille
660 1140 57 27 au
740 1125 147 41 diable
905 1124 8 42 !
933 1138 43 28 se
999 1124 66 42 dit
1096 1124 202 44 Gontran
1321 1140 75 26 sur
1420 1126 41 41 la
1483 1127 143 40 même
1648 1126 125 42 rime.

397 1201 55 41 Et
470 1200 292 51 maintenant,
786 1198 129 41 chère
930 1198 166 51 enfant,
1121 1199 66 41 dit
1209 1199 33 41 il
1263 1200 160 54 signor
1443 1199 245 42 Corbellini
1710 1201 107 41 d'un
1836 1208 78 34 ton
1938 1203 99 54 plus

267 1275 182 54 sérieux,
471 1288 170 29 comme
662 1274 31 41 il
712 1274 153 41 faudra
888 1286 152 28 causer
1058 1272 186 54 affaires,
1262 1273 38 55 je
1324 1288 110 27 vous
1461 1274 213 41 demande
1695 1275 113 43 deux
1840 1276 196 41 minutes

268 1348 275 43 d'entretien.

395 1422 195 42 Accordé
608 1426 8 38 !
638 1422 65 41 dit
725 1420 192 43 Carmen
950 1435 52 28 en
1022 1420 182 61 lançant
1220 1425 22 37 à
1270 1420 203 43 Gontran
1508 1435 61 27 un
1602 1422 149 55 regard
1783 1423 78 54 qui
1884 1424 91 55 prie
1996 1432 42 33 et

267 1497 78 56 qui
369 1496 214 42 demande
616 1499 136 52 qu'on
776 1495 241 55 pardonne.

397 1569 121 43 Vous
554 1582 261 43 comprenez
846 1568 117 55 bien,
988 1566 343 53 mademoiselle,
1356 1567 78 41 fait
1467 1568 172 41 celui-ci
1670 1582 61 27 un
1768 1583 83 41 peu
1887 1570 150 55 piqué,

268 1643 165 54 malgré
454 1642 38 42 le
511 1642 150 54 regard
683 1641 53 41 de
757 1641 205 54 Carmen,
985 1641 231 41 monsieur
1236 1655 24 26 a
1280 1640 150 42 besoin
1453 1641 51 41 de
1521 1650 133 33 rester
1672 1642 92 42 seul
1786 1656 103 28 avec
1910 1657 127 29 vous.

266 1719 49 42 Je
338 1724 199 35 remonte
559 1716 102 41 chez
683 1714 106 42 moi.

388 1790 82 41 J'ai
495 1789 200 55 toujours
717 1788 168 42 admiré
907 1796 120 35 votre
1049 1788 298 56 perspicacité,
1374 1788 63 41 dit
1458 1789 194 42 l'ltalien
1669 1790 109 42 d'un
1801 1792 64 41 air
1888 1792 33 41 si
1946 1793 91 55 poli

270 1865 109 56 qu'il
400 1877 54 28 en
479 1872 64 33 est
570 1863 300 54 impertinent»

323 1938 201 43 Gontran
541 1937 73 56 n'y
627 1937 109 41 tient
749 1938 116 54 plus;
884 1936 30 42 il
931 1936 143 56 quitte
1086 1937 39 41 le
1141 1936 123 42 salon
1277 1950 53 28 en
1347 1945 286 35 murmurant
1642 1952 66 28 ces
1725 1947 115 35 mots
1855 1956 7 26 :
1875 1940 165 42 «Vieux

270 2013 136 54 singe,
432 2026 54 27 va
508 2015 9 38 !
543 2028 18 21 »
587 2010 113 42 mais
721 2025 76 42 pas
819 2024 118 27 assez
962 2012 75 40 bas
1061 2024 113 43 pour
1201 2024 87 41 que
1320 2011 241 42 Corbellini
1591 2025 54 28 ne
1667 2013 109 41 crois
1799 2015 59 40 les
1881 2014 123 41 saisir
2029 2030 7 24 :

274 2105 18 21 ce
317 2088 154 52 Tiens,
491 2086 134 54 dit-il,
650 2085 228 42 monsieur
900 2084 203 43 Gontran
1126 2099 42 28 se
1187 2085 114 55 parle
1322 2088 23 38 à
1364 2085 249 43 lui-même.
1635 2103 13 21 »
1674 2088 59 40 Le
1752 2087 129 55 jeune
1904 2088 110 41 musi-

270 2163 94 41 cien
398 2161 65 42 lui
487 2161 123 41 lance
635 2174 62 28 un
735 2160 151 55 regard
926 2159 266 56 foudroyant
1232 2168 42 33 et
1312 2168 199 33 remonte
1548 2161 102 40 chez
1672 2161 80 53 lui,
1783 2175 54 28 en
1860 2175 43 28 se
1936 2176 77 41 pro-

272 2243 189 35 mettant
482 2235 52 41 de
557 2248 53 28 ne
628 2234 158 55 jamais
806 2233 100 57 plus
927 2241 201 35 remettre
1149 2234 39 41 le
1213 2233 98 56 pied
1329 2233 102 41 chez
1453 2233 207 43 Carmen.
1686 2234 70 42 On
1778 2235 82 42 sait
1886 2249 46 28 ce
1954 2250 84 41 que

272 2311 147 41 valent
440 2309 51 42 de
510 2309 157 56 pareils
682 2316 229 35 serments.

1030 2403 54 39 A.
1123 2399 81 43 DE
1233 2389 721 56 LAUZIÈRES-THÉMINES.

467 2514 13 43 (
498 2513 47 34 La
567 2511 48 35 fin
635 2512 350 45 prochainement.)
