2702 4221
705 446 84 40 216

1165 451 78 41 LA
1275 452 386 57 CHRONIQUE
1694 461 319 46 MUSICALE

699 593 115 36 traits
835 607 19 22 a
877 594 103 36 celui
1004 596 69 48 qui
1098 609 38 24 se
1160 599 282 52 présenterait,
1465 605 100 37 mais
1586 618 147 28 encore
1762 611 47 35 de
1831 610 114 49 jouer
1973 612 35 37 la
2033 625 157 27 somme
2211 616 126 47 qu'on
2359 630 76 25 vou-

698 654 116 35 drait.
839 655 56 36 Le
923 656 78 36 défi
1023 657 60 36 fut
1106 659 147 49 relevé,
1277 661 58 38 les
1368 665 107 47 paris
1505 668 291 52 s'engagèrent,
1821 680 37 29 et
1877 673 58 37 les
1959 675 167 49 Anglais
2153 677 173 38 allèrent
2353 679 86 38 cher-

700 713 95 37 cher
830 715 99 37 dans
964 729 42 24 sa
1041 721 164 37 retraite
1243 723 60 39 M.
1338 725 145 48 Lewis,
1522 727 147 50 joueur
1697 732 169 39 émérite
1900 743 38 28 et
1971 744 145 30 auteur
2149 739 48 35 de
2232 740 229 39 nombreux

701 787 197 38 ouvrages
927 791 69 24 sur
1030 779 56 38 les
1115 781 153 51 échecs,
1290 797 105 36 pour
1428 789 85 37 être
1538 791 90 37 leur
1666 793 231 51 champion.
1921 798 57 36 M.
2002 799 128 37 Lewis
2163 809 177 40 accepta,
2364 803 98 38 mais

702 845 121 28 avant
847 839 47 36 de
922 839 126 50 partir
1065 855 106 36 pour
1195 846 127 50 Paris,
1347 851 53 35 où
1423 849 37 38 le
1481 851 79 38 défi
1582 853 134 39 devait
1733 857 115 37 avoir
1880 858 98 49 lieu,
2000 858 27 38 il
2056 859 199 39 demanda
2276 863 70 48 qui
2368 863 96 38 était

703 909 73 25 son
799 899 242 40 adversaire.
1064 903 64 38 On
1147 906 37 37 le
1202 907 58 37 lui
1281 920 184 32 nomma.
1498 926 15 22 «
1535 913 31 37 Il
1589 923 59 29 est
1665 916 144 39 inutile
1826 931 79 36 que
1926 919 37 48 je
1979 929 126 40 parte,
2123 922 59 36 dit
2204 923 260 48 simplement

706 974 15 21 «
754 961 57 36 M.
836 962 128 37 Lewis
983 980 8 31 ;
1017 966 55 35 M.
1101 967 287 53 Deschapelles
1411 974 76 37 m'a
1509 976 185 49 toujours
1726 980 130 36 rendu
1883 981 97 49 pion
2004 990 38 29 et
2064 983 106 37 deux
2191 985 129 46 traits,
2342 985 27 36 il
2389 987 75 36 m'a

699 1034 21 24 «
750 1023 185 49 toujours
956 1026 126 39 battu.
1112 1043 16 21 »
1169 1031 56 36 Le
1246 1032 78 37 défi
1348 1046 49 24 en
1420 1044 104 29 resta
1543 1037 50 46 là,
1620 1047 38 28 et
1688 1051 78 26 une
1790 1042 240 48 députation
2062 1044 177 49 anglaise
2260 1046 89 38 vint
2377 1047 68 38 féli-

693 1083 100 37 citer
823 1085 35 36 le
884 1100 123 24 vieux
1042 1090 79 38 lion
1129 1120 8 19 ,
1176 1104 160 28 comme
1371 1096 263 49 l'appelèrent
1670 1101 142 50 depuis
1847 1111 105 32 cette
1984 1105 159 50 époque
2170 1107 57 38 les
2262 1107 202 49 journaux

695 1146 170 48 anglais.

750 1220 14 20 «
792 1209 63 35 Eh
879 1209 91 37 bien
987 1214 7 35 !
1018 1224 43 25 ce
1080 1211 147 50 joueur
1254 1218 70 47 qui
1350 1220 135 37 offrait
1507 1221 36 37 le
1565 1222 98 49 pion
1687 1231 39 30 et
1747 1226 106 37 deux
1875 1227 115 37 traits
2011 1231 21 34 à
2060 1237 115 30 toute
2197 1230 267 50 l'Angleterre

700 1275 38 28 et
755 1281 70 35 qui
848 1282 50 25 ne
919 1274 179 37 trouvait
1119 1288 71 35 pas
1206 1279 24 35 d
1246 1280 242 51 adversaire,
1510 1285 175 37 recevait
1703 1298 44 25 ce
1771 1288 131 38 même
1920 1298 196 42 avantage
2135 1291 48 39 de
2208 1292 199 49 Philidor,
2427 1303 38 33 et

701 1329 187 39 Philidor
915 1333 98 38 était
1039 1336 228 51 vainqueur
1289 1343 68 45 (i).
1389 1356 15 22 »

758 1449 196 44 Philidor
974 1468 53 26 ne
1049 1458 196 41 trouvait
1265 1473 75 41 pas
1362 1460 100 55 plus
1490 1463 52 40 de
1573 1464 158 42 rivaux
1766 1481 52 27 en
1846 1469 257 54 Angleterre
2125 1473 131 54 qu'en
2281 1474 181 54 France,

699 1524 110 40 mais
832 1526 29 40 il
885 1529 210 51 trouvait,
1119 1531 40 42 là
1194 1547 170 28 comme
1392 1536 73 54 ici,
1490 1537 73 41 des
1590 1538 176 56 joueurs
1798 1542 83 41 fort
1916 1543 163 43 habiles
2101 1560 103 29 avec
2226 1548 187 56 lesquels
2436 1550 30 42 il

699 1612 42 26 se
760 1602 211 41 mesuiait
991 1616 53 28 en
1068 1604 95 42 leur
1187 1606 160 44 faisant
1366 1609 74 42 des
1474 1621 234 47 avantages
1731 1617 339 53 proportionnés
2089 1625 23 35 à
2137 1620 95 42 leur
2255 1622 152 56 talent,
2426 1633 40 32 et

698 1686 60 40 qu
780 1674 29 40 il
832 1689 53 26 ne
904 1678 153 41 cessait
1079 1680 50 40 de
1150 1688 271 49 transporter
1442 1686 326 46 d'admiration.
1793 1691 49 40 Je
1864 1705 132 42 pense
2012 1694 109 55 qu'il
2139 1704 109 32 resta
2268 1710 154 28 encore
2443 1702 21 36 à

701 1747 195 42 Londres
920 1764 60 27 un
1001 1766 84 40 peu
1108 1756 145 41 moins
1274 1759 51 40 de
1348 1760 114 42 deux
1484 1764 159 40 années
1665 1768 122 51 après
1808 1766 39 40 la
1865 1767 274 54 publication
2159 1769 105 42 delà
2286 1772 179 41 seconde

700 1820 164 43 édition
883 1823 51 41 de
957 1839 78 28 son
1056 1828 207 55 Analyse
1286 1833 76 41 des
1382 1828 186 49 Échecs.
1595 1837 69 41 En
1686 1838 113 54 effet,
1822 1853 58 28 on
1902 1856 22 26 a
1949 1856 58 26 vu
2029 1856 87 40 que
2133 1843 40 41 la
2194 1844 198 42 dédicace
2413 1846 51 41 de

701 1902 108 33 cette
844 1899 184 40 seconde
1065 1902 168 42 édition
1269 1914 121 46 porte
1428 1909 40 41 la
1500 1910 95 41 date
1624 1911 52 41 de
1696 1912 97 56 juin
1834 1928 136 42 1777;
1995 1930 62 36 or,
2085 1917 30 41 il
2137 1917 144 44 devait
2308 1922 85 39 être
2415 1921 50 40 de

698 1977 148 34 îetour
869 1985 51 27 en
945 1973 171 43 France
1138 1976 108 44 dans
1267 1979 60 41 les
1357 1983 209 53 premiers
1598 1986 112 41 mois
1743 1987 52 41 de
1823 2002 129 42 1779,
1975 1990 214 57 puisqu'il
2209 1992 202 57 donnait,
2427 1994 38 43 le

706 2212 7 15 ?
735 2156 13 42 (
757 2168 10 21 x
774 2158 11 39 )
802 2158 17 32 J
824 2156 7 16 '
834 2168 32 23 ai
891 2158 53 33 dlt
965 2170 22 33 P
992 2160 55 34 lus
1066 2162 91 34 haut
1178 2175 21 33 q
1204 2175 45 24 ue
1272 2167 169 35 Philidor
1458 2170 134 35 n'avait
1612 2173 131 42 jamais
1765 2175 55 33 été
1839 2175 114 35 battu.
1964 2178 31 32 A
2008 2179 161 34 dix-huit
2188 2191 77 33 ans,
2281 2182 24 33 il
2324 2183 40 33 lit
2382 2194 84 23 avec

692 2211 117 34 labbe
831 2214 183 44 Chenard,
1038 2228 46 22 au
1106 2221 77 32 café
1211 2223 43 32 de
1280 2224 33 33 la
1343 2225 181 44 Régence,
1548 2238 37 22 sa
1618 2229 183 43 première
1824 2233 119 43 partie
1968 2245 84 22 sans
2073 2235 81 33 voir
2181 2236 235 46 l'échiquier;
2441 2241 23 33 il

693 2267 32 32 la
762 2279 129 33 gagna.
928 2270 53 34 En
1010 2284 104 34 1747,
1132 2275 20 32 à
1172 2277 108 43 peine
1304 2280 65 43 âgé
1390 2281 43 32 de
1460 2281 104 46 vingt
1585 2294 78 31 ans,
1686 2285 74 33 lors
1785 2287 43 32 de
1860 2298 66 22 son
1950 2290 160 43 premier
2143 2303 138 34 voyage
2302 2294 88 33 hors
2408 2267 58 62 'de

692 2322 155 45 France,
874 2326 24 32 il
920 2327 92 33 défia
1034 2329 175 46 Stamma,
1230 2334 64 43 qui
1317 2336 88 33 était
1437 2338 97 33 alors
1567 2340 189 34 considéré
1782 2354 146 23 comme
1961 2346 33 31 le
2025 2347 85 42 plus
2143 2347 73 34 fort
2246 2350 129 41 joueur
2399 2349 65 46 qui

863 2387 34 25 et
932 2382 52 31 lui
1012 2395 119 34 gagna
1167 2387 83 33 huit
1282 2390 134 42 parties
1450 2403 63 21 sur
1540 2393 74 34 dix.
1639 2396 26 31 Il
1701 2396 88 33 était
1809 2398 99 33 élève
1942 2400 88 33 d'un
2064 2402 135 43 joueur
2226 2403 74 34 fort
2330 2405 135 43 habile,

692 2435 153 31 nommé
868 2435 150 46 Kermy.
1044 2450 14 21 «
1080 2440 99 34 Dans
1202 2453 65 23 son
1290 2446 172 45 Analyse
1489 2448 47 33 du
1559 2450 69 32 Jeu
1650 2451 63 33 des
1741 2441 146 45 Échecs
1915 2455 66 40 (dit
2015 2457 48 32 M.
2086 2458 87 32 Jean
2208 2460 80 44 Gay
2314 2460 92 33 dans
2427 2473 38 23 sa

689 2488 285 45 Bibliographie
994 2496 240 45 anecdotique
1250 2500 48 33 du
1320 2501 69 33 Jeu
1411 2503 62 33 des
1496 2493 172 56 Échecs),
1693 2509 195 42 composée
1910 2520 44 22 en
1978 2511 182 35 Hollande
2176 2525 42 21 en
2246 2516 106 44 1748,
2375 2517 72 34 l'au-

690 2549 82 27 teur
794 2556 37 22 se
852 2547 188 46 distingue
1058 2563 65 31 par
1144 2553 32 34 la
1198 2556 150 33 marche
1370 2565 150 27 savante
1538 2561 43 32 de
1603 2572 57 22 ses
1681 2563 108 41 pions
1805 2575 9 32 ;
1854 2565 25 32 il
1914 2572 53 26 est
2001 2568 33 32 le
2064 2570 162 42 premier
2251 2572 64 41 qui
2340 2573 126 33 établit

688 2608 44 23 en
755 2600 168 45 piincipe
944 2615 51 32 qu
1011 2617 47 21 on
1082 2618 44 22 ne
1151 2610 152 42 pouvait
1320 2614 174 42 parvenir
1515 2615 18 33 à
1557 2617 75 33 être
1667 2617 71 33 bon
1765 2620 133 41 joueur
1915 2632 86 23 sans
2035 2624 121 33 savoir
2178 2624 84 33 bien
2288 2627 105 43 jouer
2415 2628 50 33 les

689 2664 122 33 pions,
833 2659 89 41 qu'il
942 2661 140 42 appelle
1106 2663 23 32 Y
1131 2660 80 38 âme
1244 2667 63 33 des
1331 2668 126 34 échecs
1459 2697 9 16 ,
1492 2678 34 26 et
1548 2683 72 33 que
1642 2673 43 33 de
1707 2674 81 33 leur
1820 2676 73 33 bon
1916 2688 48 21 ou
1999 2680 170 33 mauvais
2203 2691 262 35 arrangement

687 2711 143 42 dépend
850 2714 169 43 toujours
1041 2717 32 32 le
1093 2719 87 43 gain
1199 2732 47 21 ou
1262 2723 32 32 la
1317 2731 100 36 perte
1435 2726 43 32 de
1500 2727 33 33 la
1550 2727 129 44 partie.
1704 2730 31 31 A
1757 2737 90 26 cette
1869 2732 158 44 époque,
2053 2734 158 34 l'auteur
2224 2737 99 33 avait
2344 2739 100 44 vingt-

687 2770 94 27 trois
807 2777 66 23 ans
908 2776 36 26 et
958 2771 89 34 était
1068 2776 151 41 regardé
1238 2788 147 24 comme
1406 2780 33 33 le
1459 2782 86 42 plus
1569 2784 115 42 grand
1707 2785 132 42 joueur
1860 2788 44 32 de
1926 2798 67 22 son
2009 2795 135 38 temps.
2170 2802 15 21 »
2210 2792 140 44 Depuis
2373 2796 87 39 lors,

687 2832 38 21 sa
750 2825 210 32 renommée
981 2838 55 21 11a
1061 2829 84 32 subi
1162 2841 144 24 aucune
1328 2835 154 34 atteinte
1497 2848 9 32 ;
1531 2848 48 22 on
1597 2848 45 23 en
1663 2850 19 21 a
1705 2840 62 32 des
1790 2852 155 32 preuves
1969 2854 85 22 sans
2079 2845 169 35 nombre.
2274 2848 26 32 Il
2317 2849 146 34 existait

690 2891 17 20 d
734 2880 177 44 Londies,
939 2892 44 21 en
1014 2882 92 45 1864
1127 2885 20 41 (i
1153 2896 18 22 e
1195 2897 44 22 ne
1261 2888 72 33 sais
1359 2901 29 27 s;
1411 2891 68 32 elle
1510 2892 114 33 existe
1655 2897 158 42 encore),
1843 2907 72 23 une
1954 2909 110 23 revue
2092 2902 157 42 spéciale
2274 2904 63 42 qui
2367 2905 96 33 avait

690 2946 95 32 pour
820 2942 83 27 titre
927 2947 7 22 :
958 2937 59 33 the
1049 2939 252 38 Philidorian.
1326 2944 60 33 On
1411 2957 18 22 a
1452 2946 110 35 fondé
1588 2949 19 32 à
1639 2949 102 33 Paris
1771 2952 60 41 (M.
1857 2953 170 44 Sanson),
2051 2966 45 22 en
2126 2956 104 44 1868,
2254 2970 74 21 une
2354 2970 109 23 revue

686 2990 170 34 intitulée
877 2993 98 32 aussi
999 2994 32 33 le
1054 2995 248 37 Pliihdorien.
1326 3001 48 34 M.
1399 3001 163 45 Georges
1586 3005 119 42 Allen,
1727 3007 129 41 joueur
1877 3008 166 43 émérite,
2068 3012 211 43 professeur
2300 3015 20 32 à
2342 3015 100 33 l'Uni-

686 3047 135 32 versité
842 3048 43 32 de
909 3049 253 45 Pensylvanie,
1186 3064 19 22 a
1224 3055 126 42 publié
1385 3068 45 22 en
1458 3058 105 44 iB5B,
1585 3060 20 33 à
1627 3061 271 47 Philadelphie,
1925 3076 74 22 une
2035 3068 64 32 Vie
2121 3068 43 33 de
2188 3069 177 34 Philidor
2387 3072 76 37 fthe

684 3102 146 44 Lifeof
846 3104 203 45 PhilidorJ,
1073 3109 64 42 qui
1160 3114 95 30 avait
1277 3123 92 32 paru
1388 3113 164 45 d'abord,
1578 3127 44 22 en
1648 3116 102 46 1857,
1778 3120 90 33 dans
1891 3132 49 21 un
1964 3122 146 43 journal
2126 3125 137 43 spécial
2284 3127 44 32 de
2350 3127 112 34 New-

685 3157 117 44 York,
824 3158 32 33 le
878 3160 114 34 Chess
1011 3162 191 48 Monthly.
1221 3167 57 33 Un
1301 3169 62 32 des
1385 3169 83 43 plus
1493 3170 91 34 forts
1606 3172 149 43 joueurs
1783 3175 44 32 de
1847 3175 34 33 la
1908 3176 145 43 Russie,
2071 3180 48 32 M.
2136 3181 44 32 A.
2208 3181 43 33 de
2274 3181 144 44 PetrofF,
2442 3195 18 21 a

685 3223 86 32 reçu
792 3215 86 32 d'un
901 3216 44 32 de
969 3228 56 22 ses
1051 3219 184 35 confrères
1268 3229 35 26 et
1324 3226 278 44 compatriotes,
1627 3229 31 32 le
1680 3229 121 44 major
1822 3231 116 34 G.-F.
1964 3233 44 32 de
2029 3235 187 43 Jaenisch,
2239 3237 34 32 le
2306 3248 154 23 surnom

685 3269 44 32 de
752 3269 175 34 Philidor
949 3272 43 33 de
1013 3273 36 33 la
1075 3275 153 43 Russie;
1252 3278 155 45 celui-ci,
1430 3281 172 42 publiant
1623 3294 68 22 son
1713 3285 172 45 Analyse
1908 3289 164 34 nouvelle
2094 3290 63 33 des
2181 3297 213 30 ouvertures
2413 3295 47 32 du

685 3325 70 32 Jeu
781 3325 62 33 des
873 3327 144 35 Echecs
1049 3330 379 49 (Saint-Pétersbourg
1458 3344 34 25 et
1519 3337 160 46 Leipzig,
1709 3340 204 45 1842-43,2
1937 3344 72 33 vol.
2036 3344 75 35 in-8
2129 3348 28 40 ),
2190 3348 52 32 lui
2265 3359 19 22 a
2319 3360 41 22 en
2380 3349 80 33 effet

687 3381 106 33 dédié
824 3393 37 22 ce
888 3382 91 35 livre
1007 3396 44 21 en
1079 3397 57 22 ces
1164 3394 135 28 termes
1324 3402 7 20 :
1358 3402 15 21 «
1395 3393 58 31 Au
1479 3392 172 35 Philidor
1678 3396 43 32 de
1748 3397 33 32 la
1807 3398 146 42 Russie,
1978 3402 47 31 M.
2049 3402 42 31 A.
2116 3402 45 34 de
2188 3404 146 34 Petroff.
2358 3418 17 18 »
2399 3405 58 33 On

685 3436 77 32 voit
794 3449 72 32 que
901 3440 31 33 la
955 3441 115 42 gloire
1108 3443 44 32 de
1190 3444 178 46 Philidor,
1391 3457 45 25 au
1477 3448 105 44 point
1619 3450 44 33 de
1695 3462 69 23 vue
1800 3453 63 32 des
1898 3454 141 45 échecs,
2075 3457 91 33 n'est
2199 3470 64 32 pas
2297 3461 83 41 près
2413 3461 43 34 de

684 3491 207 36 s'éteindre.
