2702 4221
895 484 220 50 ANDRÉ
1149 492 312 43 PHILIDOR

1976 507 86 44 217

308 653 13 26 i
332 643 32 18 er
383 638 89 41 mai
506 638 52 41 de
591 647 110 34 cette
735 642 188 53 annnée,
948 656 76 27 sur
1057 655 62 27 un
1151 642 105 55 petit
1296 643 180 51 théâtre,,
1502 656 60 28 un
1597 642 106 56 petit
1733 656 189 41 ouvrage
1956 642 109 41 ddnt

301 726 148 27 aucun
479 713 52 40 de
559 727 64 27 ses
656 713 260 58 biographes
951 716 68 41 n'a
1053 730 53 27 eu
1141 717 328 48 connaissance,
1494 725 41 33 et
1566 717 104 41 dont
1692 717 30 41 il
1745 730 89 27 sera
1857 715 202 55 question

301 784 99 56 plus
420 785 93 41 loin
544 800 9 28 :
589 787 41 41 le
661 788 134 41 Puits
829 788 215 52 d'amour,
1086 803 57 27 ou
1166 791 62 40 les
1247 790 195 42 Amours
1472 791 54 40 de
1558 791 163 42 Pierre
1743 791 40 41 le
1798 792 131 54 Long
1951 797 40 35 et
2011 791 55 41 de

299 859 201 42 Blanche
520 861 125 56 Ba\u
659 880 14 31 ;
696 871 56 43 et,
776 862 165 41 d'autre
965 870 110 48 part,
1094 863 32 41 il
1147 877 53 27 ne
1220 863 93 41 doit
1333 878 73 39 pas
1429 866 87 39 être
1540 878 162 27 revenu
1724 865 98 55 plus
1842 867 79 52 tôt,
1939 865 100 55 puis-

301 933 110 54 qu'il
433 934 146 42 faisait
600 936 199 41 exécuter
820 938 24 38 à
868 936 211 54 Londres,
1096 936 38 42 le
1159 938 52 40 26
1236 936 152 42 février
1409 938 51 40 de
1481 945 109 34 cette
1613 939 142 40 même
1777 939 136 40 année
1935 953 127 42 1779,

302 1021 89 27 une
425 1009 299 54 composition
759 1009 312 42 extrêmement
1105 1009 283 56 importante,
1412 1010 110 56 qu'il
1552 1011 120 41 avait
1712 1011 130 42 écrite
1877 1025 52 27 en
1957 1018 108 34 cette

300 1080 102 42 ville
425 1095 73 27 sur
518 1082 38 41 le
583 1083 195 41 Carmen
799 1084 203 41 seculare
1023 1084 237 41 d'Horace.

359 1155 203 42 L'oeuvre
603 1170 85 42 que
727 1156 39 56 je
802 1157 124 42 viens
965 1158 53 41 de
1068 1158 189 55 signaler
1298 1170 61 31 est
1391 1160 271 42 assurément
1701 1159 121 42 l'une
1855 1160 73 40 des
1969 1159 97 55 plus

301 1230 211 55 oubliées,
530 1238 121 35 entre
677 1240 145 33 toutes
844 1232 124 41 celles
988 1234 102 54 qu'a
1111 1233 170 42 laissées
1307 1234 214 42 Philidor.
1559 1235 96 41 Elle
1681 1233 220 57 produisit
1936 1247 105 41 pour-

301 1312 110 43 tant,
435 1304 86 42 lors
543 1305 51 41 de
613 1319 78 27 son
711 1307 265 55 apparition,
996 1321 86 27 une
1104 1308 261 55 impression
1389 1309 224 56 profonde,
1628 1317 41 33 et
1683 1308 137 42 excita
1841 1308 73 41 des
1928 1315 116 33 trans-

299 1386 120 48 ports
452 1379 371 44 d'enthousiasme
844 1384 23 38 à
891 1382 210 53 Londres,
1126 1388 22 36 à
1175 1383 121 41 Paris
1327 1392 42 33 et
1401 1387 22 36 à
1444 1383 461 54 Saint-Pétersbourg.
1948 1381 118 42 Fétis

301 1465 54 28 en
390 1453 159 41 touche
571 1457 23 37 à
625 1453 128 55 peine
787 1455 211 55 quelques
1033 1463 130 45 mots,
1188 1464 42 34 et
1251 1456 66 42 dit
1339 1457 260 52 seulement,
1632 1461 23 37 à
1678 1470 79 27 son
1781 1455 113 55 sujet
1916 1470 8 28 :
1951 1470 22 24 «
1996 1454 69 41 En

738 1512 19 12 «s*

306 1539 130 44 1779,
464 1527 199 42 Philidor
684 1528 83 42 mit
787 1542 53 27 en
858 1529 206 56 musique
1086 1533 22 38 à
1126 1530 197 41 Londres
1344 1531 112 42 l'ode
1478 1531 211 41 séculaire
1706 1530 237 54 d'Horace,
1963 1542 77 42 pro-

299 1600 185 42 duction
508 1602 77 54 qui
608 1616 24 27 a
654 1603 65 41 été
742 1604 224 55 beaucoup
988 1605 172 53 vantée,
1186 1605 110 41 mais
1330 1606 78 54 qui
1443 1614 62 33 est
1538 1604 238 42 inférieure
1803 1607 24 38 à
1859 1617 64 27 ses
1955 1603 110 41 bons

300 1675 168 54 opéras.
495 1691 18 22 »
551 1675 183 43 Comme
759 1677 31 42 il
813 1679 128 52 s'agit
962 1679 105 40 d'un
1101 1692 192 41 ouvrage
1326 1681 316 41 extrêmement
1676 1679 258 54 important,
1957 1676 110 41 dont

300 1747 58 40 les
395 1748 259 56 biographes
685 1758 78 34 ont
794 1755 24 37 à
845 1752 128 54 peine
995 1753 152 40 attesté
1167 1752 263 54 l'existence,
1453 1767 57 27 on
1535 1767 69 26 me
1627 1759 235 49 permettra
1882 1751 185 41 d'entrer

301 1820 111 41 dans
435 1822 214 55 quelques
670 1825 152 41 détails
844 1840 113 40 pour
978 1840 52 27 en
1052 1834 187 34 retracer
1260 1827 231 43 l'histoire.

358 1895 117 43 C'est
495 1896 108 42 dans
627 1900 39 39 le
695 1900 218 41 Mercure
943 1900 56 41 de
1037 1901 184 41 France
1256 1901 156 55 (juillet
1441 1902 128 56 1779)
1593 1915 86 40 que
1712 1914 111 27 nous
1858 1913 54 27 en
1945 1907 98 34 trou-

303 1982 111 28 vons
436 1970 39 41 la
498 1971 210 55 première
730 1983 128 33 trace.
882 1973 140 43 Suard
1045 1988 205 28 consacra
1273 1990 61 27 un
1357 1975 145 41 article
1522 1975 161 55 spécial
1706 1978 22 38 à
1750 1974 181 40 l'œuvre
1953 1986 86 27 nou-

302 2044 110 41 velle
434 2046 51 40 de
510 2046 212 54 Philidor,
746 2047 110 43 dont
877 2061 57 28 on
957 2049 295 42 s'entretenait
1287 2050 228 55 beaucoup
1536 2063 54 27 en
1613 2049 271 54 Angleterre,
1909 2051 57 36 où
1989 2045 78 41 elle

303 2118 120 41 avait
452 2119 167 42 obtenu
642 2134 62 27 un
728 2121 85 40 très
835 2122 137 52 grand
995 2124 159 42 succès.
1180 2124 137 54 Après
1339 2123 124 41 avoir
1483 2124 196 41 constaté
1710 2135 85 41 que
1818 2121 103 41 chez
1954 2133 112 27 nous

300 2191 97 43 l'art
419 2193 187 42 musical
628 2197 199 39 tournait
850 2209 53 27 en
927 2195 192 56 quelque
1140 2205 111 33 sorte
1287 2211 74 28 sur
1381 2197 243 52 lui-même,
1648 2206 41 33 et
1710 2210 85 41 que
1815 2194 252 43 l'ensemble

301 2267 51 40 de
386 2281 64 26 ses
484 2267 349 43 manifestations
872 2271 231 54 manquait
1141 2271 52 41 de
1229 2273 264 50 nouveauté,
1528 2271 260 55 d'imprévu,
1811 2269 52 41 de
1886 2268 177 49 variété;

301 2343 122 52 après
447 2340 122 43 s'être
591 2343 157 40 étonné
767 2343 133 55 qu'en
921 2346 205 53 présence
1143 2346 73 41 des
1238 2347 171 54 progrès
1432 2346 99 41 faits
1554 2359 76 42 par
1648 2345 175 54 l'opéra,
1849 2343 58 40 les
1927 2342 112 40 musi-

300 2414 117 41 ciens
450 2428 53 27 ne
531 2415 302 43 cherchassent
866 2418 126 54 point
1014 2423 22 36 à
1059 2419 140 55 frayer
1220 2422 22 37 à
1265 2420 97 40 leur
1396 2428 64 34 art
1489 2419 72 41 des
1593 2427 147 32 routes
1771 2415 223 43 nouvelles
2026 2423 40 32 et

303 2488 287 55 inexplorées;
616 2493 123 52 après
762 2491 122 41 avoir
906 2494 185 52 regretté
1107 2507 85 40 que
1213 2494 41 40 la
1276 2493 206 55 musique
1506 2493 229 54 religieuse
1757 2491 119 40 n'eût
1898 2503 92 41 pas,
2013 2502 52 26 en

306 2560 166 41 France
493 2576 170 27 comme
684 2577 52 27 en
765 2564 139 54 Italie,
922 2568 118 38 tenté
1061 2566 58 41 les
1142 2566 168 42 artistes
1327 2575 40 33 et
1381 2567 173 40 enfanté
1573 2566 73 40 des
1686 2564 379 52 chefs-d'œuvres,

301 2634 225 43 l'écrivain
549 2637 144 43 faisait
724 2641 228 39 connaître
974 2650 99 31 tous
1094 2641 61 40 les
1176 2641 153 41 détails
1352 2641 160 41 relatifs
1535 2645 22 36 à
1580 2639 40 42 la
1644 2639 224 40 naissance
1886 2637 57 40 du
1966 2636 75 40 der-

305 2709 94 41 nier
417 2724 189 41 ouvrage
627 2712 51 40 de
704 2712 214 42 Philidor.
938 2713 80 42 Ces
1039 2714 153 42 détails
1209 2724 96 32 sont
1324 2728 117 28 assez
1461 2714 282 41 intéressants
1759 2724 111 42 pour
1893 2707 174 43 mériter

303 2783 132 41 d'être
457 2785 245 54 reproduits
721 2800 53 27 en
796 2787 139 42 entier
958 2801 9 30 :

352 2978 77 27 «...
464 2966 67 36 Un
567 2965 167 38 homme
773 2966 49 38 de
853 2967 139 38 lettres
1026 2968 154 48 italien,
1217 2968 123 37 établi
1371 2968 143 49 depuis
1548 2967 232 49 longtemps
1826 2968 21 35 à
1881 2966 185 37 Londres

305 3028 73 44 (M.
401 3026 183 48 Baretti),
608 3027 223 38 s'étonnoit
847 3030 205 46 qu'aucun
1073 3030 280 49 compositeur
1374 3029 113 37 n'eût
1509 3029 75 36 mis
1606 3041 49 24 en
1678 3029 188 48 musique
1889 3029 57 35 les
1969 3027 97 37 odes

303 3088 217 48 d'Horace,
545 3089 102 36 dont
665 3089 36 37 la
719 3090 135 48 poésie
877 3090 286 38 harmonieuse
1186 3100 38 28 et
1245 3091 133 38 variée
1399 3090 88 38 doit
1514 3092 83 36 être
1619 3102 146 26 encore
1789 3090 90 48 plus
1902 3101 140 36 suscep-

303 3149 99 37 tible
424 3150 48 36 de
501 3150 129 37 beaux
652 3151 140 36 chants
811 3164 78 36 que
912 3152 36 37 le
974 3154 172 36 Tantum
1165 3165 100 39 ergo
1285 3161 39 29 et
1351 3152 37 38 le
1414 3154 66 36 De
1509 3152 212 50 profundis
1834 3152 55 37 M.
1912 3150 155 37 Baretti

305 3210 292 50 communiqua
619 3224 75 24 son
713 3212 89 38 idée
823 3215 21 34 à
882 3214 57 38 M.
966 3213 199 49 Philidor,
1192 3215 102 36 dont
1322 3213 27 37 il
1380 3213 252 38 connaissoit
1653 3214 35 37 la
1715 3212 206 48 célébrité,
1945 3219 40 29 et
2009 3210 58 38 lui

304 3271 155 50 inspira
477 3272 36 36 le
534 3272 158 37 dessein
720 3274 90 36 d'en
830 3281 134 30 tenter
987 3275 246 38 l'exécution
1258 3288 68 24 sur
1347 3276 36 36 le
1406 3276 177 37 Carmen
1604 3274 195 48 secnlare,
1829 3274 85 47 qui,
1937 3284 72 37 par
2030 3272 37 36 la

306 3333 203 37 solennité
529 3333 55 36 du
614 3333 115 50 sujet,
761 3348 72 36 par
860 3337 264 37 l'abondance
1150 3338 70 37 des
1249 3337 164 49 images,
1451 3350 70 37 par
1554 3337 36 36 la
1613 3336 152 37 variété
1792 3335 70 35 des
1894 3344 145 26 mouve-

306 3406 131 36 mens,
462 3394 96 37 était
595 3394 94 37 bien
717 3397 120 47 digne
861 3410 49 24 en
952 3398 93 38 effet
1069 3400 203 36 d'exercer
1293 3399 57 37 les
1371 3399 130 37 talens
1527 3399 48 37 de
1601 3399 174 36 l'auteur
1802 3396 24 35 d
1831 3393 236 39 'Ernelinde

307 3463 39 29 et
367 3456 49 36 de
446 3456 99 36 Tom
564 3457 135 36 Jones.
1287 3478 14 19 •

359 3533 17 18 «
401 3517 60 38 M.
491 3516 184 38 Philidor
692 3529 40 27 se
754 3518 124 37 sentit
900 3519 217 39 enflammé
1139 3525 21 33 à
1179 3520 35 38 la
1237 3522 154 37 lecture
1411 3522 48 36 de
1479 3533 43 25 ce
1545 3522 144 46 poème
1717 3518 225 45 d'Horace,
1966 3514 101 38 mais
