3556 4389
368 181 1412 203 \iwlerrhcinische
1933 186 1148 264 Musik-Zeitung

990 486 117 116 für
1196 486 559 119 Iraistfrranöe
1808 493 145 114 mti)
2009 491 396 119 liinatlrr.

162 720 391 73 Herausgegeben
603 746 88 32 von
743 728 238 48 Professor
1035 723 67 57 L.
1149 722 265 80 Bischoff.
1613 729 175 69 Verlag
1842 732 82 49 der
1976 728 84 56 M.
2108 727 763 84 DuMunt-Schauberg'sehen
2913 738 377 69 Buchhandlung.

231 873 81 53 Nr.
355 873 80 53 45.

1402 868 174 78 KÖLN,
1619 880 44 54 5.
1705 879 282 57 November
2028 883 140 55 1864.

2808 891 96 52 MI.
2946 891 272 56 Jahrgang:.

257 1052 226 37 Inhalt.

539 1055 75 34 Zur
645 1053 230 37 Geschichte
903 1056 66 36 der
995 1057 143 38 Musik.
1244 1059 170 34 Pierre
1444 1059 155 35 Scudo
1629 1057 240 50 (Nekrolog).
1898 1061 85 36 Von
2011 1062 42 35 L.
2084 1062 44 36 B.
2235 1064 93 35 Aus
2366 1065 202 35 Breslau
2609 1065 181 47 (Concert
2818 1079 75 23 von
2921 1069 179 35 Fräulein
3128 1070 170 36 Carlotta

151 1113 129 46 Patti).
388 1114 179 46 Tages-
605 1116 96 34 und
731 1116 542 47 Unterhaltungsblatt
1315 1117 130 46 (Köln,
1477 1123 97 31 erste
1604 1118 242 49 Aufführung
1875 1121 66 35 der
1972 1121 100 47 Oper
2277 1135 76 24 von
2519 1125 168 36 Maillart
2715 1127 51 34 im
2796 1127 254 37 Stadttheater
3139 1131 136 36 Düssel-

153 1173 96 44 dorf,
278 1178 118 30 erstes
424 1174 480 38 Abonnements-Concert
1008 1177 144 44 Berlin,
1185 1178 210 46 „Lucrezia
1421 1179 153 47 Borgia,
1604 1180 99 35 Herr
1731 1182 199 45 Niemann,
1964 1183 132 48 „Stern
2126 1196 75 24 von
2428 1188 134 34 Desire
2589 1188 112 36 Artöt
2808 1189 209 37 Frankfurt
3044 1202 32 25 a.
3106 1192 64 43 M.,
3200 1192 74 37 Con-

153 1237 81 31 cert
261 1233 64 34 des
354 1233 234 36 Rührschen
619 1234 306 47 Gesangvereins
1034 1238 129 43 Wien,
1193 1237 101 34 Herr
1323 1238 176 35 Wachtel
1526 1240 78 34 und
1632 1240 60 35 die
1721 1241 127 46 Oper).

513 1387 100 55 Zur
655 1387 303 58 Geschichte
1003 1389 94 56 der
1138 1389 182 56 Musik.

263 1527 86 47 Die
378 1528 436 48 schriftstellerische
837 1531 265 63 Thätigkeit
1132 1550 190 32 unserer
1343 1536 98 47 Zeit
1470 1536 82 47 auf
1576 1535 101 49 dem

146 1603 193 48 Gebiete
368 1604 81 47 der
473 1606 271 48 Geschichte
769 1607 82 47 der
873 1608 152 48 Musik
1054 1611 56 47 ist
1138 1627 48 31 so
1216 1629 129 45 gross
1375 1613 90 47 und
1498 1621 187 57 erzeugt

144 1682 101 48 eine
274 1683 152 46 solche
452 1683 165 64 Menge
647 1700 84 31 von
764 1686 130 47 theils
924 1687 241 63 allgemein
1191 1689 297 49 historischen
1512 1692 148 47 Schrif-

142 1767 94 47 ten,
268 1759 130 49 theils
415 1759 366 66 Schilderungen
811 1763 226 48 einzelner
1055 1766 418 57 Kunst-Perioden,
1505 1768 177 48 endlich

144 1853 85 32 von
261 1838 395 65 Monographieen
703 1839 90 47 und
837 1842 351 65 Biographieen,
1233 1844 103 49 dass
1372 1862 64 38 es,
1480 1863 75 31 um
1601 1863 84 32 von

146 1917 117 47 allen
294 1917 101 47 eine
424 1933 89 31 nur
542 1918 174 62 einiger
745 1919 211 49 Maassen
995 1937 233 47 genauere
1257 1923 206 48 Einsicht
1491 1942 50 29 zu
1574 1926 84 45 neh-

144 2010 124 36 men,
312 1993 126 47 einer
478 1994 97 47 Zeit
621 1994 90 47 und
757 1997 152 47 Müsse
953 1997 177 54 bedarf,
1188 2001 173 47 welche
1407 2008 132 41 unter
1581 2002 104 47 dem

144 2072 192 62 Drange
367 2070 77 47 des
476 2072 215 63 heutigen
724 2073 180 48 Lebens
939 2092 88 31 nur
1061 2077 231 65 Wenigen
1334 2082 225 61 vergönnt
1592 2081 95 47 sein

144 2148 167 48 dürfte.
351 2148 158 48 Wenn
543 2149 83 48 wir
655 2149 86 48 den
773 2152 141 47 Leser
943 2168 79 32 vor
1052 2170 195 33 unseren
1281 2157 378 63 musikgeschicht-

148 2227 146 47 lichen
320 2227 298 48 Büchertisch
649 2229 158 47 stellen
842 2232 219 56 könnten,
1089 2248 50 32 so
1171 2233 160 48 würde
1362 2252 50 31 er
1441 2243 245 40 erstaunen

144 2303 120 47 über
292 2302 98 56 das,
433 2319 92 32 was
555 2321 87 30 nur
682 2304 71 48 die
791 2305 160 49 letzten
983 2308 110 47 zwei
1122 2309 144 49 Jahre
1295 2311 83 48 auf
1402 2312 90 47 ihm
1527 2312 131 63 aufge-

142 2382 165 64 stapelt
337 2382 167 48 haben.
565 2383 100 48 Und
697 2384 85 47 wie
812 2384 219 50 Manches
1061 2387 56 47 ist
1146 2388 115 48 noch
1292 2391 282 52 vorhanden,
1606 2391 79 48 das

144 2476 84 30 uns
257 2459 125 47 nicht
410 2477 52 30 zu
496 2460 184 49 Gesicht
710 2462 275 63 gekommen
1018 2464 81 47 ist!

260 2538 74 48 Da
364 2538 147 63 liegen
541 2538 150 48 neben
721 2539 102 48 dem
862 2542 95 48 VII.
988 2543 157 48 Bande
1176 2542 189 66 (1864)
1402 2562 85 32 von
1517 2547 169 47 Fetis'

152 2612 290 71 Biographie
781 2615 80 50 des
993 2614 256 52 Musiciens
848 2617 86 66 (bis
1243 2622 71 48 die

261 2694 363 64 Allgemeine
649 2695 344 51 Geschichte
1016 2699 96 48 der
1136 2700 184 47 Musik
1352 2717 83 32 von
1461 2703 225 62 August

144 2772 356 49 Reissmann.
532 2773 247 56 München,
806 2775 70 47 bei
896 2775 176 50 Friedr.
1091 2778 307 49 Bruckmann.
1430 2779 56 48 11.
1510 2779 174 50 Band.

149 2848 161 51 1864.
354 2848 112 51 310
496 2850 45 47 S.
585 2868 67 47 Gr.
685 2850 45 50 8.
777 2853 132 47 nebst
957 2853 104 49 118
1103 2855 45 47 S.
1188 2855 397 65 Noten-Beilagen

142 2928 174 48 enthält
358 2929 80 47 das
482 2926 179 50 dritte
707 2930 124 47 Buch
876 2930 43 49 in
960 2932 108 48 fünf
1094 2933 232 65 Capiteln:
1366 2935 123 56 „Das
1520 2934 135 48 Volks-

362 3006 125 55 „Der
826 3010 125 54 „Das
1375 3014 163 56 „Erste
1567 3013 87 48 Ver-

139 3084 140 47 suche
310 3083 81 49 der
420 3084 338 49 dramatischen
1083 3089 114 55 „Die
1226 3090 308 64 selbständige
1563 3093 90 46 Aus-

141 3161 191 64 bildung
362 3161 81 49 der
1044 3166 92 47 und
1173 3168 111 63 geht
1314 3166 66 49 bis
1409 3169 83 47 auf
1517 3169 167 48 Corelli

141 3258 76 30 um
247 3240 212 65 1700*).
473 3243 148 47 —111.
649 3243 161 48 Band.
842 3244 202 66 Leipzig,
1066 3245 42 47 in
1136 3247 155 46 Fuess'
1318 3247 170 64 Verlag
1512 3247 70 64 (L.
1602 3248 80 49 W.

243 3400 39 49 *)
311 3403 186 35 Daneben
526 3403 165 48 kündigt
720 3404 171 36 derselbe
920 3406 183 46 Verleger
1131 3419 73 22 von
1238 3408 220 35 demselben
1486 3408 198 37 Verfasser

137 3476 47 23 an
214 3463 56 34 als
300 3469 111 29 unter
442 3464 62 35 der
532 3466 157 34 Presse:
723 3466 288 46 „Grundriss
1041 3467 79 35 der
1150 3469 297 36 Geschichte
1477 3471 79 34 der
1585 3472 66 33 Mu-

297 3520 47 38 10
374 3524 130 45 Bogen
615 3525 77 34 und
734 3526 132 34 Ferd.
911 3526 266 36 Schneider
1216 3529 38 33 in
1298 3528 150 35 Berlin:
1496 3530 161 46 „Allge-

136 3586 157 34 meine
704 3585 45 37 21
781 3589 144 46 Bogen,
960 3586 16 36 1
1011 3589 104 37 Thlr.
1147 3588 48 36 20
1226 3591 81 46 Sgr.
1363 3593 126 34 Lieber
1517 3592 69 34 den
1621 3595 41 32 In-

136 3646 80 36 halt
244 3646 94 36 lässt
366 3647 82 34 sich
478 3648 99 34 Herr
607 3648 225 35 Reissmann
863 3650 79 34 also
972 3650 253 35 vernehmen:

244 3708 89 47 „Ich
635 3709 118 35 heisst
783 3722 38 22 es
848 3711 41 33 in
919 3712 64 34 der
1012 3712 181 44 Vorrede,
1252 3714 188 34 zunächst
1469 3715 86 33 eine
1585 3714 72 34 Dar-

135 3769 166 46 stellung
345 3769 64 35 des
441 3769 282 37 Verhältnisses
765 3771 65 34 der
859 3772 204 34 Tonkunst
1108 3786 47 21 zu
1203 3774 71 34 den
1314 3774 161 46 übrigen
1506 3775 174 34 Künsten

134 3829 78 34 und
240 3829 102 35 ihrer
371 3829 175 47 Stellung
577 3843 85 22 zum
693 3831 128 35 Leben
851 3833 200 35 innerhalb
1083 3833 65 35 der
1179 3835 270 34 Gesellschaft.
1479 3835 69 34 Als
1578 3835 73 34 dem-

132 3892 201 45 nächstige
355 3892 177 45 Aufgabe
560 3894 80 45 galt
669 3894 91 35 mir:
791 3894 65 35 das
876 3901 209 40 gesammte
1105 3896 271 35 musicalische
1397 3896 282 46 Darstellungs-

132 3953 176 34 Material
339 3958 110 29 unter
477 3953 207 47 möglichst
721 3955 254 47 allgemeinen
1006 3956 365 47 Gesichtspunkten,
1413 3958 71 33 wie
1514 3958 54 32 sie
1596 3958 81 33 sich

134 4025 69 23 aus
235 4016 126 33 seiner
390 4016 158 45 eigenen
579 4017 120 33 Natur
731 4017 175 46 ergeben,
951 4029 47 22 zu
1028 4017 235 44 betrachten,
1311 4029 65 23 um
1414 4018 80 34 ihm
1534 4029 41 23 so
1618 4018 59 34 die

133 4075 160 45 eigenen
325 4076 172 44 Gesetze,
528 4076 99 34 nach
657 4078 120 33 denen
809 4089 38 23 es
877 4078 81 34 sich
988 4079 146 33 formen
1164 4078 77 35 und
1269 4078 130 35 bilden
1426 4078 107 47 lässt,
1563 4079 90 34 abzu-

129 4134 202 37 lauschen.
388 4137 73 34 Die
491 4137 301 47 Untersuchung
823 4139 63 34 des
917 4139 151 35 Tones
1110 4139 78 34 und
1225 4139 63 35 der
1324 4140 350 46 Ton-Systeme

1776 1401 254 64 Reisland),
2060 1401 161 59 1864,
2246 1402 108 51 373
2387 1405 43 47 S.
2456 1422 66 47 Gr.
2550 1404 29 49 8
2611 1405 87 47 und
2733 1404 68 51 63
2828 1408 42 47 S.
2896 1408 408 66 Noten-Beilagen.

1780 1479 153 48 Ueber
1957 1479 85 48 den
2070 1480 217 48 Wechsel
2311 1480 76 49 des
2413 1481 241 65 Verlegers
2678 1482 212 50 erfahren
2916 1485 80 47 wir
3018 1486 157 47 nichts.
3214 1489 95 46 Der

1779 1556 129 47 Band
1940 1556 173 48 enthält
2141 1556 79 50 das
2258 1557 175 50 vierte
2477 1560 91 46 und
2599 1560 129 48 letzte
2758 1561 127 47 Buch
2916 1561 41 47 in
2988 1561 154 48 sieben
3175 1562 106 67 Capi-

1778 1635 115 47 teln:
1948 1635 113 56 „Die
2103 1634 306 49 dramatische
2771 1640 112 53 „Die
2926 1641 146 46 Musik
3128 1642 92 46 tritt
3264 1642 43 47 in

1780 1711 184 48 nächste
1988 1712 261 64 Beziehung
2268 1730 103 43 |um
2390 1714 175 55 Leben,
2590 1730 93 32 was
2710 1716 377 48 entscheidenden
3110 1717 198 49 Einfluss

1780 1790 81 46 auf
1886 1789 96 47 ihre
2010 1791 320 64 Entwicklung
2687 1794 122 54 „Das
2834 1792 244 66 subjective
3101 1796 178 64 Empfin-

1780 1866 85 47 den
1897 1867 98 64 gibt
2023 1867 101 47 dem
2159 1869 306 48 Kunstwerke
2491 1871 134 46 Form
2660 1870 89 47 und
3059 1872 113 55 „Die
3196 1889 116 33 neue

1783 1945 230 65 Bichtung
2051 1947 179 46 verliert
2269 1947 90 47 sich
2405 1947 41 46 in
2480 1947 268 65 subjectiver

1870 2023 115 56 „Die
2014 2023 216 49 sinnliche
2260 2025 369 65 Klangwirkung
2658 2026 96 47 tritt
2789 2027 41 46 in
2862 2027 84 47 den
2979 2027 330 65 Vordergrund

1781 2100 91 47 und
1906 2100 79 48 das
2010 2100 263 48 Bedürfniss
2296 2101 80 47 der
2408 2102 355 48 künstlerischen
2790 2104 269 66 Gestaltung
3082 2105 108 63 geht
3213 2123 72 31 ver-

1978 2176 165 66 (Oho!)
2159 2180 202 54 —„Das
2387 2178 376 50 Virtuosenthum
2797 2181 88 47 und
2918 2181 80 48 der
3032 2184 254 47 Dilettantis-

2016 2256 113 56 „Die
2159 2257 221 47 Reaction
2783 2258 155 49 Damit
2966 2260 55 47 ist
3050 2260 79 48 das
3162 2261 147 48 Werk

1780 2332 366 65 abgeschlossen.
2217 2335 109 47 Wir
2368 2333 236 65 gedenken
2649 2335 167 49 darauf
2852 2337 459 50 zurückzukommen.

1780 2411 155 63 Vergl.
1967 2411 242 49 Niederrh.
2240 2413 292 64 Musik-Ztg.,
2569 2412 164 55 1863,
2762 2415 79 47 Nr.
2874 2415 71 49 40
2978 2416 89 47 und
3100 2415 87 50 43.

1897 2490 344 48 Geschichte
2284 2491 99 47 der
2425 2492 176 47 Musik
2655 2509 83 30 von
2783 2492 135 65 Aug.
2968 2493 165 47 Wilh.
3180 2496 88 46 Am-

1781 2565 145 49 bros.
1957 2567 54 47 11.
2044 2567 140 48 Band.
2217 2568 188 49 Breslau
2435 2566 172 67 (Const.
2632 2568 211 65 Sander),
2880 2570 157 49 1864.
3069 2571 169 48 XXVI.
3265 2572 44 47 S.

1779 2645 207 49 Vorrede
2018 2646 89 47 und
2141 2645 108 50 538
2282 2647 44 47 S.
2358 2664 67 47 Gr.
2461 2648 110 52 Fol.,
2601 2648 344 49 einschliesslich
2975 2650 127 47 sechs
3134 2650 170 47 Musik-

1779 2723 306 65 Beilagen.—
2098 2726 91 46 Der
2211 2725 33 47 I.
2269 2725 130 48 Band
2429 2725 203 54 enthielt,
2658 2726 85 48 wie
2773 2726 83 48 wir
2886 2726 157 48 früher
3072 2727 236 65 angezeigt

1779 2799 259 64 (Niederrh.
2070 2801 292 65 Musik-Ztg.,
2404 2801 160 57 1861,
2608 2803 80 47 Nr.
2721 2803 107 64 51),
2872 2803 42 47 in
2959 2803 95 49 drei
3097 2805 211 47 Büchern

1779 2879 81 49 auf
1886 2878 110 51 530
2027 2881 45 47 S.
2101 2879 73 49 die
2204 2881 271 47 Geschichte
2517 2879 80 50 der
2636 2882 146 47 Musik
2827 2881 81 48 der
2951 2882 180 48 antiken
3166 2883 142 47 Welt.

1776 2958 98 47 Der
1903 2958 343 65 gegenwärtige
2274 2959 196 47 zweite
2512 2958 127 48 Band
2682 2959 151 64 bringt
2874 2959 58 47 im
2975 2967 146 41 ersten
3153 2961 155 47 Buche

1776 3033 73 50 die
1880 3036 296 64 Darstellung
2216 3034 81 50 der
2336 3043 177 49 „ersten
2542 3036 154 48 Zeiten
2742 3037 80 47 der
2862 3037 285 48 christlichen
3181 3038 130 47 Welt

1776 3217 120 36 bildet
1924 3229 40 23 so
1995 3217 70 34 den
2095 3222 122 30 ersten
2248 3217 215 43 Abschnitt,
2509 3217 82 35 dem
2632 3218 80 34 sieb
2757 3218 98 34 dann
2898 3217 59 35 die
2987 3219 122 34 Lehre
3138 3231 73 22 von
3242 3220 66 35 der

1778 3277 284 44 Harmonik,
2107 3277 63 34 der
2211 3277 278 46 Rhythmik,
2533 3278 64 34 der
2639 3278 213 35 Melodik
2893 3279 77 34 und
3001 3290 86 23 vom
3117 3280 189 47 Klange

1778 3337 237 35 anschliesst.

1884 3401 103 42 „Der
2022 3401 133 33 zweite
2185 3399 357 46 Haupt-Abschnitt
2583 3400 159 33 umfasst
2788 3398 98 35 dann
2928 3400 58 34 die
3028 3400 147 35 Lehre
3218 3413 90 23 von

1778 3460 87 34 den
1895 3461 360 34 Kunstformen.
2291 3461 51 33 Er
2369 3459 65 35 hat
2462 3460 303 43 nachzuweisen,
2796 3461 69 33 wie
2895 3460 80 35 sich
2997 3462 91 44 jene
3116 3460 172 48 allgemei-

1776 3532 73 22 nen
1880 3521 310 46 Anschauungen
2221 3521 67 33 mit
2318 3520 64 34 der
2410 3520 86 34 Idee
2526 3520 64 35 des
2620 3520 272 34 Kunstwerkes
2921 3523 230 44 vereinigen.

1885 3581 92 47 „Als
2006 3582 130 33 dritter
2164 3582 77 33 und
2270 3582 132 34 letzter
2430 3582 112 34 Theil
2585 3582 122 46 ergibt
2747 3581 81 34 sich
2872 3582 96 33 dann
3000 3594 72 22 von
3103 3582 115 35 selbst
3246 3583 60 34 die

1776 3642 257 48 Dynamik:
2078 3643 76 33 die
2183 3642 156 34 Lehre
2369 3653 100 23 vom
2499 3643 250 45 Vortrage,
2792 3642 78 34 und
2898 3642 54 35 als
2983 3645 83 32 eine
3095 3643 191 36 übersicht-

1774 3704 100 34 liche
1903 3703 309 47 Recapitulation
2255 3704 64 33 des
2355 3714 146 35 ganzen
2533 3703 152 46 Ganges
2715 3704 121 34 dieser
2865 3704 247 46 Darstellung
3141 3704 58 35 die
3229 3706 52 33 An-

1774 3766 173 44 weisung
1992 3776 65 22 zur
2087 3764 256 46 Kunstübung
2385 3764 77 34 und
2491 3763 285 48 Kunstbildung
2820 3765 75 33 und
2936 3766 83 33 eine
3049 3765 258 47 Abhandlung

1773 3825 94 34 über
1894 3824 202 35 Aesthetik
2121 3824 78 35 und

1878 3896 79 33 Das
1986 3895 84 35 sind
2098 3907 130 34 grosse
2259 3895 307 46 Verheissungen
2596 3896 59 33 für
2684 3891 45 38 21
2761 3894 148 46 Rogen!
2952 3896 80 33 Wir
3058 3894 136 34 wollen
3225 3894 60 36 hof-

1771 3963 75 38 fen,
1877 3957 85 34 dass
1992 3956 58 34 die
2070 3956 103 46 Allg»
2192 3956 318 35 Musik-Lehre
2540 3956 209 35 deutlicher
2770 3957 80 33 sein
2874 3956 133 42 werde,
3037 3956 54 34 als
3112 3956 59 33 die
3194 3956 110 47 obige

1772 4016 130 47 Stelle,
1947 4017 59 34 die
2036 4017 121 35 davon
2187 4016 155 47 spricht,
2387 4016 85 35 dass
2519 4017 80 33 sich
2634 4016 85 46 „das
2747 4028 120 35 ganze
2908 4015 267 35 musicalische
3204 4016 73 34 Dar-

1771 4078 187 46 stellungs
1971 4097 12 6 -
1995 4079 39 33 M
2048 4084 71 29 ate
2132 4078 86 34 rial
2235 4076 47 47 (?)
2300 4078 97 34 nach
2420 4078 184 35 Gesetzen
2627 4078 176 33 formen
2826 4078 75 33 und
2921 4076 163 35 bilden
3108 4076 96 35 lasse
3211 4075 16 19 u
3241 4076 63 46 (?)>

1769 4141 60 33 die
1859 4140 99 34 Herr
1984 4139 224 35 Reissmann
2239 4139 76 36 ihm
2345 4139 100 46 (dem
2474 4139 188 46 Material)
2693 4146 72 29 erst
3187 4137 90 35 will.

2996 4207 71 48 45
