2926 4320
297 4136 94 65 68

304 343 201 59 neben
551 341 109 56 der
706 333 264 71 völligen
1016 318 528 66 Unschädlichkeit
1590 313 111 58 des
1745 308 246 61 Mittels
2034 305 152 59 auch
2230 308 218 53 seinen
2494 300 238 74 großen

306 423 290 60 Heilwert
643 418 310 57 erkennen
996 407 130 60 und
1172 404 122 59 sich
1339 420 122 38 von
1506 397 122 57 den
1671 393 246 57 reichen
1963 388 297 70 Erfolgen
2308 387 195 54 selbst
2550 387 182 53 über-

304 527 32 37 Z
448 585 145 58 Was
651 581 109 57 das
816 573 207 62 Mittel
1082 578 83 51 im
1221 561 325 63 Einzelfall
1602 577 76 39 zu
1739 555 226 58 leisten
2020 561 268 58 vermag,
2345 553 217 65 zeigen
2623 545 102 59 die

304 662 492 64 nachstehenden
852 652 598 63 bemerkenswerten
1506 638 171 62 Fälle
1737 656 113 39 aus
1907 634 290 59 früherer
2251 629 135 57 und
2444 633 282 66 jüngster

304 750 155 58 Zeit*

337 828 44 47 1.
431 822 148 52 Kind
623 821 97 56 St.,
760 821 29 48 3
824 816 167 65 Jahre
1033 811 96 52 alt.
1205 808 117 50 Seit
1364 807 217 58 einigen
1623 799 271 50 Monaten
1940 794 131 51 sehr
2117 789 372 53 schmerzhaft
2534 788 159 49 tuber-

430 889 197 50 kulöse
669 881 416 59 Anschwellung
1130 875 100 50 des
1272 875 160 47 einen
1475 868 165 49 Knie-
1678 864 120 50 und
1841 858 511 64 ochultergelenks.
2410 855 65 48 In
2519 855 207 48 beiden

431 952 285 52 Gelenken
783 944 272 52 deutliche
1120 939 374 51 Fluktuation.
1574 931 80 50 Im
1720 928 160 62 April
1948 928 128 48 1928
2141 920 368 63 F.-Impfung.
2575 920 151 48 Nach

433 1022 214 45 einigen
706 1013 236 50 Wochen
1000 1004 350 54 wesentliche
1409 1001 314 56 Besserung
1783 992 119 51 und
1963 989 429 59 Äbschwellung
2457 989 99 45 der
2618 989 73 45 Ge-

429 1085 181 53 lenke,
662 1079 133 52 auch
848 1077 101 49 das
999 1074 197 50 Fieber
1247 1074 125 59 ging
1424 1063 215 53 zurück.
1705 1060 153 50 Nach
1908 1061 224 58 einigen
2185 1055 275 49 Monaten
2513 1052 214 48 konnte

428 1151 100 47 mit
568 1149 257 55 passiven
868 1142 380 59 Bewegungen
1291 1135 100 48 der
1433 1128 252 54 Gelenke
1727 1126 297 61 begonnen
2066 1121 244 50 werden.
2386 1121 152 45 Nach
2584 1122 143 44 etwa

428 1217 179 47 einem
655 1209 134 64 Jahr
836 1223 111 35 war
995 1204 201 61 völlige
1245 1198 239 61 Heilung
1532 1197 370 58 eingetreten,
1952 1206 64 31 so
2067 1188 111 48 daß
2231 1187 135 47 Arm
2416 1184 118 48 und
2587 1184 137 47 Bein

429 1279 204 50 wieder
678 1272 297 65 gebraucht
1019 1269 221 51 werden
1285 1266 265 48 konnten*
1612 1260 186 49 Heute
1842 1260 76 45 ist
1967 1255 104 48 das
2118 1255 61 47 17
2448 1251 279 47 Mädchen

429 1343 204 61 kräftig
692 1339 114 51 und
867 1335 231 65 gesund.
2555 1378 47 11 „
2642 1378 56 26 1t

334 1411 41 49 2.
429 1409 105 49 Frl.
580 1408 81 53 N.,
706 1408 62 47 20
810 1404 169 62 Jahre
1024 1401 94 55 alt,
1160 1396 190 52 wurde
1395 1410 87 33 am
1527 1394 79 48 18.
1652 1391 80 50 12.
1779 1390 59 48 13
1884 1394 192 56 wegen
2122 1382 387 64 beginnender
2555 1382 136 47 Kehl-

428 1473 137 61 köpf
1017 1469 101 47 mit
1757 1453 254 64 geimpft#
2072 1451 88 49 An
2210 1450 102 48 der
2359 1446 367 51 Hinterwand

430 1540 100 48 des
581 1535 346 62 Kehlkopfes
979 1530 209 52 befand
1239 1527 112 51 sich
1404 1530 89 45 ein
1544 1522 169 51 tiefes
1765 1519 320 55 Geschwür,
2137 1516 104 49 das
2294 1513 171 50 schon
2517 1513 207 48 einmal

426 1607 56 46 in
549 1597 688 60 Schwebelaryngoskopie
1303 1590 269 63 erfolglos
1639 1588 353 49 canterisiert
2058 1598 131 34 war.
2286 1580 144 49 Vom
2499 1577 227 50 fünften

426 1669 146 62 Tage
618 1669 99 47 der
760 1665 258 63 Impfung
1064 1660 334 51 verkleinert
1442 1655 111 50 sich
1600 1654 101 48 das
1747 1653 193 48 Ulcus.
2016 1649 106 48 Am
2166 1649 81 47 23.
2292 1646 48 49 1.
2385 1645 62 48 14
2494 1643 198 49 Schluß-

428 1733 288 64 gutachten
795 1730 101 48 des
970 1725 442 64 Laryngologen:
1471 1721 150 56 „Das
1682 1716 176 51 Ulcus
1915 1717 76 46 ist
2049 1714 90 48 bis
2203 1710 99 51 auf
2363 1712 90 47 ein
2517 1709 205 48 Drittel

428 1799 346 53 verkleinert,
819 1811 63 32 so
925 1794 108 48 daß
1075 1792 122 49 hier
1240 1789 98 50 auf
1379 1787 405 50 vollkommene
1827 1780 370 61 Vernarbung
2241 1792 69 35 zu
2354 1775 203 49 hoffen

425 1861 558 61 Nachuntersuchung
1042 1875 85 33 am
1184 1858 80 47 27.
1319 1856 50 48 2.
1426 1853 150 50 1917:
1652 1851 117 49 Seit
1826 1850 212 62 Januar
2096 1846 127 49 1914
2282 1841 443 52 Wohlbefinden

424 1930 115 50 und
602 1926 516 53 ununterbrochene
1183 1918 523 64 Arbeitsfähigkeit,
1772 1916 84 49 als
1925 1911 598 64 Zigarrenarbeiterin.
2623 1908 104 48 Die

426 1997 66 49 N.
539 1996 121 62 gibt
708 2010 85 40 an,
843 1996 106 45 seit
1000 1991 101 49 der
1146 1987 248 51 F.-schen
1445 1985 388 60 Einspritzung
1887 1978 254 51 dauernd
2194 1975 221 64 gesund
2466 1991 68 33 zu
2585 1975 140 47 sein.

553 2060 113 50 Vor
727 2065 142 44 etwa
937 2060 176 46 einem
1178 2054 168 64 Jahre
1414 2050 102 51 sah
1581 2049 83 49 ich
1733 2048 92 49 die
1891 2046 69 49 N.
2028 2043 232 62 zufällig
2327 2041 214 50 wieder
2606 2039 118 49 und

426 2126 188 50 stellte
650 2124 129 57 fest,
815 2123 109 49 daß
960 2124 81 47 sie
1078 2118 216 64 gesund
1325 2116 117 51 und
1477 2115 217 51 Mutter
1729 2111 282 65 gesunder
2048 2109 217 49 Kinder
2299 2124 133 33 war.

325 2195 52 48 3.
425 2191 132 50 Karl
593 2191 76 56 L.,
702 2186 468 56 Landwirtssohn,
1207 2186 60 47 19
1303 2182 170 65 Jahre
1508 2181 96 56 alt,
1639 2180 127 49 kam
1804 2194 87 34 am
1929 2178 81 47 28.
2047 2176 48 49 5.
2132 2175 128 49 1919
2293 2176 103 46 mit
2429 2170 296 50 mehreren

425 2259 236 48 hühner-
706 2256 87 49 bis
839 2251 494 63 enteneiergroßen
1379 2247 404 52 tuberkulösen
1827 2242 431 65 Lymphdrüsen
2305 2256 87 33 am
2435 2238 179 48 Halse
2660 2253 67 33 zu

422 2326 120 53 mir,
588 2321 90 49 die
720 2323 57 46 in
822 2323 176 46 einem
1043 2316 441 50 Krankenhause
1526 2314 320 59 exstirpiert
1891 2308 227 51 werden
2165 2305 226 50 sollten.
2472 2303 136 49 Eine
2656 2318 70 33 an

425 2388 323 50 demselben
797 2386 145 62 Tage
991 2383 322 62 vollzogene
1358 2378 347 63 F.-Impfung
1756 2375 375 52 verkleinerte
2180 2373 93 49 die
2321 2372 225 49 Drüsen
2597 2368 130 51 sehr

424 2453 222 51 schnell.
725 2452 132 50 Eine
905 2467 85 33 am
1036 2450 79 49 14.
1158 2450 48 47 2.
1249 2449 62 48 20
1358 2454 461 55 vorgenommene
1866 2444 193 47 zweite
2109 2438 264 63 Impfung
2421 2436 304 61 beseitigte

424 2519 91 49 die
567 2518 136 49 noch
758 2515 566 64 zurückgebliebenen
1377 2510 500 61 Anschwellungen
1932 2505 280 56 vollends,
2266 2520 64 33 so
2387 2502 111 50 daß
2555 2501 171 50 heute

421 2585 136 49 nach
596 2585 60 48 13
695 2584 205 63 Jahren
937 2582 176 50 nichts
1153 2580 157 49 mehr
1350 2579 180 49 davon
1569 2594 69 32 zu
1677 2576 175 50 sehen
1892 2576 94 47 ist.
2042 2572 59 50 L.
2138 2575 78 45 ist
2256 2568 258 51 dauernd
2553 2567 173 62 völlig

424 2650 230 63 gesund.

327 2718 47 49 4.
425 2717 63 48 A.
533 2716 82 56 V.,
660 2713 236 57 Friseur,
941 2712 189 51 wurde
1176 2718 190 56 wegen
1413 2707 300 52 fistelnder
1757 2704 134 52 Tbc.
1939 2704 101 51 des
2091 2703 212 50 dritten
2350 2699 340 52 Mittelhand-

422 2780 275 50 knochens
741 2780 101 50 der
881 2779 222 50 rechten
1144 2777 185 56 Hand,
1372 2775 91 50 die
1504 2774 143 50 viele
1687 2773 171 63 Jahre
1901 2772 129 62 lang
2076 2769 203 50 vorher
2324 2784 106 33 von
2475 2767 249 48 anderen

425 2848 187 48 Seiten
643 2849 99 47 mit
777 2845 146 51 allen
955 2844 304 63 möglichen
1292 2841 313 51 Methoden
1638 2838 314 64 vergeblich
1986 2836 311 51 behandelt
2330 2834 231 49 worden
2595 2848 131 39 war,

422 2915 72 46 im
538 2911 165 65 Jahre
746 2913 125 48 1927
911 2909 136 51 nach
1090 2909 332 49 Friedmann
1465 2905 252 65 geimpft.
1775 2905 105 48 Am
1924 2905 81 48 23.
2051 2904 78 48 12.
2175 2902 127 49 1929
2348 2899 242 50 schreibt
2635 2896 89 50 V.:

424 2977 122 56 „Ich
602 2976 153 50 fühle
809 2976 137 50 mich
1000 2976 88 48 bis
1143 2975 170 49 heute
1369 2972 130 51 sehr
1836 2970 72 51 Er
1963 2985 116 33 war
2134 2966 267 65 glücklich
2460 2963 261 55 darüber,

425 3043 108 49 daß
588 3059 59 33 er
698 3045 191 47 seinen
942 3040 170 50 Beruf
1165 3043 108 47 seit
1325 3038 102 51 der
1477 3036 387 63 Heilimpfung
1917 3034 210 51 wieder
2183 3032 256 51 ausüben
2493 3031 231 48 konnte.

330 3109 44 49 5.
425 3109 140 49 Herr
605 3108 80 56 V.,
725 3107 293 57 Landwirt,
1056 3108 62 47 20
1160 3107 168 62 Jahre
1367 3104 96 57 alt,
1501 3104 128 50 kam
1671 3120 86 33 am
1802 3103 80 48 17.
1922 3103 49 48 3.
2010 3102 63 47 27
2113 3107 193 56 wegen
2348 3097 132 51 sehr
2520 3095 204 63 großer

424 3174 388 50 tuberkulöser
866 3173 557 61 Halsdrüsenpakete
1477 3174 55 46 in
1586 3173 183 47 meine
1825 3168 389 61 Behandlung.
2301 3164 118 51 Auf
2471 3165 128 49 eine
2658 3175 66 35 an

426 3239 319 49 demselben
814 3239 146 62 Tage
1027 3238 348 63 verabfolgte
1441 3235 347 64 F.-Impfung
1863 3234 104 62 (0,5
2038 3230 269 62 schwach)
2380 3245 186 35 waren
2639 3241 85 35 am

424 3306 78 49 28.
555 3306 45 49 1.
651 3308 61 47 28
765 3305 91 50 die
908 3305 378 51 Geschwülste
1339 3304 168 62 völlig
1560 3300 452 56 verschwunden,
2065 3300 92 48 bei
2209 3301 158 47 einer
2421 3294 270 53 Gewichts-

424 3370 265 49 zunahme
741 3386 106 33 von
899 3371 61 48 10
1010 3368 209 50 Pfund.

328 3438 46 47 6.
425 3437 66 50 G.
530 3436 83 56 K.,
652 3438 61 47 40
753 3436 167 63 Jahre
962 3436 95 57 alt,
1096 3436 125 49 kam
1263 3451 87 34 am
1391 3436 79 48 11.
1511 3437 49 47 9.
1601 3436 127 48 1929
1769 3440 193 55 wegen
2005 3429 446 64 doppelseitiger
2490 3424 192 51 Hoden-

424 3501 359 50 tuberkulose
814 3504 57 46 in
901 3504 181 47 meine
1112 3501 382 62 Behandlung,
1527 3501 174 49 weil
1733 3516 78 33 er
1842 3497 170 51 sich
2045 3499 224 47 einer
2302 3511 142 33 von
2477 3495 247 46 einem

417 3567 696 62 hervorragenden
1209 3567 382 49 Facharzt
1682 3563 638 62 beabsichtigten
2416 3558 265 52 beider-

419 3635 349 60 seitigen
824 3633 470 48 Kastration
1347 3631 221 50 nicht
1619 3628 512 53 unterziehen
2186 3626 271 51 wollte.
2537 3622 188 51 Ueber

417 3699 130 49 dem
585 3699 221 50 rechten
844 3699 199 49 Hoden
1082 3699 240 49 bestand
1362 3701 122 47 eine
1522 3697 153 51 stark
1714 3696 257 51 eiternde
2007 3694 195 57 Fistel,
2241 3694 93 49 die
2373 3690 351 65 Epididymis

424 3763 128 63 (der
609 3765 409 61 Nebenhoden)
1080 3781 112 33 war
1249 3765 211 62 knollig
1522 3763 263 59 verdickt,
1846 3763 102 50 der
2009 3761 402 60 Samenstrang
2475 3753 217 65 spindel-

421 3831 198 62 förmig
679 3829 433 64 angeschwollen
1168 3831 88 48 bis
1311 3846 122 33 zum
1491 3828 241 64 Umfang
1788 3831 158 48 eines
2002 3827 267 48 Daumes.
2357 3823 153 50 Nach
2567 3823 157 47 einer

421 3897 341 62 F.-Impfung
809 3896 133 60 (0,25
984 3896 179 62 stark)
1205 3913 112 33 war
1358 3896 92 49 die
1488 3896 175 50 Fistel
1701 3896 139 49 nach
1883 3894 121 51 drei
2044 3893 273 50 Monaten
2362 3888 359 66 geschlossen

422 3962 116 50 und
584 3962 89 49 die
716 3962 534 62 Hodenschwellung
1294 3962 317 49 wesentlich
1657 3960 509 63 zurückgegangen.
