2926 4320
303 4034 96 67 90

264 237 209 55 dieser
513 251 102 36 am
656 225 219 60 selben
913 219 225 61 Abend
1178 237 124 39 von
1339 216 227 56 Porzia
1600 230 110 38 11m
1748 209 118 57 das
1908 205 241 58 Fleisch
2188 209 209 50 seines
2439 197 268 59 Feindes

264 311 267 74 geprellt
581 306 237 61 wurde:

484 391 247 67 „Nimm
770 388 166 57 denn
976 383 123 58 den
1134 380 239 65 Schein,
1410 376 133 57 und
1576 381 193 50 nimm
1810 371 83 57 du
1932 370 151 56 dein
2120 366 213 57 Pfund
2371 366 239 53 Fleisch
2619 366 19 50 1

485 471 209 59 Allein
744 465 354 73 vergießest
1150 463 102 64 du,
1305 459 213 57 indem
1566 456 140 57 du's
1755 449 417 64 abschneidst,

482 554 135 57 Nur
662 557 184 50 einen
888 545 277 71 Tropfen
1206 538 453 66 Christenblut,
1702 555 74 38 so
1818 531 141 60 fällt

484 635 161 57 Dein
691 632 142 57 Hab
879 628 133 58 und
1058 625 146 66 Gut,
1250 623 154 57 nach
1451 621 146 57 dem
1642 619 229 57 Gesetz
1918 611 337 70 Venedigs,

483 715 161 59 Dem
676 714 176 58 Staat
884 709 319 70 Venedigs

270 833 69 9 —
391 807 83 65 ja,
529 799 81 57 da
661 795 208 59 wußte
922 793 93 58 ich
1065 803 219 60 genau,
1336 807 126 38 was
1514 784 150 58 dem
1719 779 293 72 Kluglack
2069 774 221 59 vorhin
2345 771 188 57 durch
2585 771 129 54 den

268 882 169 72 Kopf
470 879 368 74 geschossen
869 894 126 38 war
1028 915 118 16 ...

414 959 375 61 Tatsächlich
830 958 175 57 hatte
1042 974 72 37 er
1150 950 350 60 Reinhardt
1541 943 494 73 vorgeschlagen,
2074 945 87 52 im
2200 938 315 55 Interesse
2554 935 168 53 nicht

267 1067 118 38 nur
440 1047 111 56 der
601 1039 372 71 tinblutigen
1024 1028 703 80 Operationsmethode,
1780 1024 279 58 sondern
2111 1032 180 59 sogar
2342 1016 117 57 der
2512 1013 210 58 lieben

270 1128 354 74 Judenheit,
681 1123 113 57 das
850 1120 180 59 Stück
1089 1119 195 56 damit
1341 1114 268 69 endigen
1663 1129 77 38 zu
1794 1106 228 67 lassen,
2077 1103 127 58 daß
2260 1098 265 72 Shylock
2578 1114 145 39 zum

270 1213 228 56 bassen
554 1207 337 57 Entsetzen
946 1202 115 57 der
1114 1197 295 59 schlauen
1463 1194 225 56 Porzia
1744 1189 130 57 sich
1932 1186 113 58 das
2102 1181 239 60 Fleisch
2395 1198 117 38 aus
2573 1176 149 57 dem

270 1292 151 60 Leib
459 1291 113 57 des
605 1286 272 58 Feindes
907 1288 149 53 mit
1089 1282 181 56 dem
1299 1272 495 63 elektrisch
1827 1265 490 76 glühenden
2350 1261 324 58 Messer-

273 1373 249 60 draht
568 1366 568 69 heraussage!
1197 1357 350 62 Reinhardt
1594 1355 212 59 lehnte
1853 1353 102 66 ab,
1999 1348 144 59 weil
2186 1354 65 66 ja
2299 1344 156 60 doch.
2500 1343 226 57 Porzia

271 1456 156 58 noch
480 1453 108 57 die
644 1449 233 60 andere
934 1446 360 69 Bedingung
1354 1438 231 67 stellte,
1639 1437 166 57 nicht
1860 1433 180 58 mehr
2093 1430 155 57 noch
2307 1430 268 65 weniger
2633 1421 91 59 als

275 1545 128 66 just
465 1542 139 52 ein
666 1531 214 59 Pfund
945 1528 240 59 Fleisch
1246 1543 81 40 zu
1392 1521 396 59 entnehmen.
1889 1513 480 72 Infolgedessen
2432 1504 294 61 bewohnt

273 1618 295 73 Kluglack
614 1621 119 52 seit
776 1618 236 66 einiger
1053 1609 136 59 Zeit
1231 1612 142 53 eine
1416 1609 257 68 gewisse
1716 1599 191 66 Zelle,
1947 1617 98 38 wo
2086 1614 71 39 er
2202 1594 112 56 der
2357 1592 174 56 fixen
2573 1587 154 57 Idee

273 1697 418 75 nachgrübelt,
744 1701 148 52 wie
948 1693 115 57 das
1114 1710 79 39 zu
1245 1687 258 60 machen
1556 1691 111 52 sei.
1721 1715 74 6 —
1846 1681 209 57 lieber
2112 1675 115 59 das
2279 1670 289 61 Resultat
2625 1674 104 52 ein

275 1778 344 64 andermal.

279 2035 761 90 Rampenrummel

410 2153 343 53 Gerhart
803 2150 533 60 Hauptmann»
1386 2138 387 66 jugendlicher
1823 2134 335 62 Bergreiter,
2211 2126 220 52 schrieb
2481 2128 255 47 einstens

282 2223 149 56 „Vor
1820 2266 15 13 „
1891 2269 14 8 .
1946 2263 14 16 „
2021 2263 21 16 „
2222 2260 49 19 TT
2413 2257 31 22 c

412 2286 245 52 Gerhart
694 2284 381 61 Hauptmann,
1115 2275 252 52 ältlicher
1405 2270 321 56 Seefahrer,
1767 2265 218 52 schrieb
2022 2263 128 50 1932
2187 2260 183 58 „Vor
2409 2258 281 49 Sonnen-

856 2346 165 51 Ohne
1068 2343 242 50 Stürme.
1371 2337 367 60 Schilderung
1786 2335 156 48 eines
1987 2324 518 56 Einzelschicksals:
2566 2324 172 47 Liebe

285 2420 103 49 des
441 2416 296 52 alternden
788 2412 260 51 Mannes.
2255 2456 63 13 ~
2450 2454 15 18 ,
2633 2454 14 11 .
2679 2450 15 15 «

413 2478 630 61 Menschengestaltung
1085 2477 76 47 ist
1204 2476 127 47 eine
1374 2469 204 51 Stärke
1621 2467 414 59 Hauptmanns.
2108 2459 107 48 Die
2255 2456 451 50 Menschenzeich-

286 2557 149 51 nung
475 2552 78 45 ist
595 2545 134 51 auch
769 2548 75 46 im
888 2547 265 58 jüngsten
1193 2537 170 50 Werk
1406 2535 103 50 des
1552 2533 153 50 alten
1749 2529 257 51 Dichters
2049 2525 124 51 echt
2213 2523 119 50 und
2375 2520 175 51 stark.
2624 2519 114 52 Der

283 2614 232 51 Aufbau
555 2613 102 49 des
696 2610 238 50 Dramas
973 2603 384 53 ökonomisch:
1395 2603 103 47 mit
1534 2597 230 51 starken
1801 2594 329 50 Momenten
2167 2589 121 50 und
2329 2589 412 47 dramatischen

418 2744 320 50 Trotzdem:
795 2745 162 46 matt.
1047 2738 225 61 Papier.
1362 2732 143 51 Kein
1565 2730 209 49 Leben.
1865 2724 144 51 Kein
2068 2713 675 58 Menschheitsschicksal.

418 2812 150 50 Gute
628 2806 392 63 Schauspieler
1075 2806 75 47 im
1208 2796 460 54 Deutschen
1727 2792 343 51 Theater
2129 2787 250 49 hauchen
2437 2785 192 47 Leben
2686 2796 56 33 in

287 2879 97 49 die
428 2874 449 65 Papierfiguren.

422 3006 149 52 Zwei
626 3003 337 55 Engländer,
1016 2999 283 51 Nealle
1352 2995 120 51 und
1529 2992 524 51 Chesterton,
2107 2985 186 49 haben
2349 2984 92 48 ein
2495 2978 216 51 Konver-

291 3071 375 54 sationsstück
708 3069 241 50 verfaßt.
1020 3065 172 51 Titel:
1230 3064 116 58 „In
1387 3060 229 65 jeder
1654 3057 151 51 Ehe
1844 3089 117 16 ...
2034 3050 410 61 Feststellung.
2484 3048 59 46 in
2585 3045 164 62 jeder

294 3140 115 49 Ehe
455 3138 119 63 gibt
616 3152 65 35 es
725 3133 223 51 Krisen.
2581 3175 15 16 «

426 3206 62 48 In
529 3205 99 48 der
664 3201 399 51 vorhandenen
1099 3196 118 50 Ehe
1251 3193 140 52 wird
1429 3193 91 48 die
1556 3187 366 53 vorhandene
1956 3184 166 50 Krise
2162 3184 202 61 gelost.
2435 3184 184 43 Durcu
2657 3184 93 40 die

295 3271 232 50 Kinder.
600 3265 317 53 Belehrend
957 3263 118 51 und
1114 3259 321 52 moralisch:
1477 3257 216 49 Kinder
1731 3254 234 61 kriegen
2006 3249 165 50 Krise
2211 3248 173 48 klein.

426 3334 362 64 Hauptrolle:
827 3328 349 64 Leopoldine
1214 3325 362 51 Konstantin.
1630 3321 382 61 Begeisterter
2053 3312 205 53 Beifall
2294 3315 76 47 im
2411 3312 341 47 Theater

295 3406 74 46 in
421 3401 134 50 der
605 3391 827 57 Stresemannstraße.

1505 3451 35 35 *

428 3531 283 52 Zwischen
752 3527 175 53 Glück
963 3525 119 52 und
1122 3523 155 64 Spiel
1313 3521 121 52 und
1471 3517 253 66 Unglück
1759 3519 57 46 in
1858 3514 101 51 der
1997 3512 171 51 Liebe
2209 3512 170 48 sowie
2416 3503 339 67 umgekehrt

301 3598 181 51 sollen
529 3597 122 49 laut
698 3592 471 62 Ueberlieferung
1217 3589 356 63 Gegensätze
1620 3580 297 54 bestehen.
2211 3640 16 18 „
2279 3641 15 17 112
2554 3635 15 23 112
2620 3634 16 9 .

432 3663 257 50 Darüber
753 3658 292 52 unterhält
1114 3654 113 51 sich
1293 3657 59 47 in
1940 3644 101 51 der
2093 3641 289 51 furchtbar
2434 3638 325 49 fruchtbare

298 3726 601 55 Molnär-Nachahmer
956 3722 432 51 Ladislaus
1445 3717 272 50 Fodor»
1808 3712 123 51 Sich
1988 3711 120 50 und
2168 3709 92 50 die
2317 3705 279 52 Besucher
2656 3705 104 46 des

304 3794 454 52 Deutschen
812 3786 796 55 Kunstlertheaters.

2540 3834 66 51 Ä.
2625 3850 51 34 V.
2695 3832 66 51 K.
