2926 4320
360 4012 88 69 72

371 248 130 57 Zeit
555 265 76 36 an
681 242 130 57 und
863 245 100 51 ein
1014 237 148 72 Jahr
1214 233 232 65 früher,
1500 237 118 50 seit
1673 228 145 58 dem
1870 226 188 72 Jahre
2114 226 162 65 1919,
2332 225 160 57 habe
2548 225 94 57 ich
2695 228 103 59 die

371 327 295 57 schwache
711 320 317 60 Emulsion
1075 317 113 57 des
1232 309 647 62 Friedmann-Mittels
1924 309 139 56 bei
2103 306 449 59 mehreren
2597 306 155 60 hun-

370 409 183 57 dert
597 423 150 40 von
792 400 294 59 Fällen
1128 394 527 62 verschiedenster
1698 389 676 58 Tuberkuloseformen
2415 392 388 68 angewandt»

511 487 80 57 Es
643 482 255 59 handelt
949 479 127 59 sich
1131 475 438 70 durchweg
1620 492 125 38 um
1800 472 274 66 Fälle,
2128 470 137 57 bei
2318 469 277 58 denen
2651 470 100 59 Tu-

369 563 687 65 berkelbazillen
1132 566 101 52 im
1308 558 346 70 Sputum
1729 554 656 71 nachgewiesen
2462 553 341 62 wurden

365 651 199 57 oder
623 666 120 38 um
805 644 365 59 schwere
1231 638 295 70 häufig
1588 633 768 61 wiederkehrende
2418 634 330 71 Lungen-

365 731 479 68 blutungen.

508 811 141 57 Und
687 809 183 58 dabei
905 808 106 57 bin
1048 806 89 58 ich
1173 823 77 38 zu
1284 800 339 73 folgenden
1659 799 418 73 Ergebnissen
2112 799 397 73 gekommen:

507 893 128 56 Aus
667 891 166 57 allen
866 887 450 70 Mitteilungen,
1352 883 101 57 die
1489 902 146 41 man
1667 882 156 57 über
1858 882 116 57 das
2008 879 619 60 Friedmann-Mittel
2666 901 102 38 ver-

364 976 200 65 nahm,
621 992 122 40 war
795 971 97 58 als
948 976 197 65 einzig
1199 967 160 57 nicht
1413 971 359 52 umstritten
1830 964 103 57 die
1992 963 292 58 Tatsache
2341 962 455 71 festzustellen,

365 1057 123 57 daß
530 1057 112 56 das
680 1053 207 59 Mittel
925 1051 415 58 vollkommen
1377 1046 394 58 unschädlich
1809 1052 99 52 ist.
1980 1046 203 57 Durch
2223 1046 101 57 die
2366 1044 117 59 Art
2525 1046 112 57 der
2679 1046 77 59 Ge-

365 1143 279 64 winnung
689 1166 68 8 —
800 1136 103 56 die
943 1131 273 59 Bazillen
1259 1136 303 52 stammen
1604 1147 113 38 aus
1759 1127 297 72 Organen
2100 1126 311 73 (Lungen)
2462 1146 123 38 von
2628 1127 140 60 Kalt-

364 1218 243 59 blütern
654 1212 484 76 (Schildkröten)
1189 1244 70 7 —
1301 1231 124 38 war
1473 1211 101 57 die
1621 1209 267 59 Gewähr
1929 1211 296 71 gegeben,
2274 1208 125 59 daß
2446 1216 143 51 eine
2637 1209 130 60 Stei-

361 1312 223 60 gerung
651 1300 109 55 der
819 1296 295 58 Virulenz
1176 1301 84 52 im
1322 1292 418 60 Warmblüter
1802 1292 258 60 Mensch
2120 1312 104 38 nie
2286 1311 78 39 zu
2430 1292 366 60 befürchten

364 1388 107 51 sei.
544 1381 113 57 Die
700 1380 340 57 Gutachten
1079 1376 274 59 Ehrlichs
1393 1395 111 38 aus
1546 1373 146 59 dem
1730 1373 188 73 Jahre
1961 1375 146 57 1913
2148 1373 133 59 und
2323 1375 146 57 1914
2514 1375 129 57 und
2681 1376 117 58 des

364 1462 367 60 Staatlichen
779 1460 702 72 Prüfungsausschusses
1527 1476 117 38 aus
1692 1457 126 57 den
1865 1457 236 71 Jahren
2148 1458 147 56 1920
2299 1458 142 56 —23
2489 1457 158 58 über
2699 1458 102 59 die

364 1543 223 72 völlige
616 1542 529 59 Unschädlichkeit
1175 1541 109 57 des
1316 1538 653 59 Friedmann-Mittels
1998 1540 204 71 gaben
2232 1545 118 52 mir
2383 1538 103 59 die
2519 1538 285 71 Gewähr,

364 1626 121 58 daß
526 1626 88 57 ich
647 1631 114 52 mit
793 1631 208 65 gutem
1038 1623 317 58 Gewissen
1391 1622 114 57 das
1541 1621 212 58 Mittel
1787 1642 84 37 an
1907 1622 516 57 hilfesuchenden
2462 1621 337 61 Menschen

361 1709 335 57 anwenden
734 1706 226 67 durfte,
999 1706 100 57 die
1137 1711 65 51 in
1239 1705 165 57 ihrer
1439 1705 195 71 Angst
1672 1724 111 38 vor
1819 1703 314 59 Siechtum
2168 1705 132 57 und
2341 1705 249 57 frühem
2627 1705 170 59 Tode

360 1809 104 38 um
507 1789 173 58 Hilfe
724 1789 253 57 flehten.

504 1870 110 57 Als
662 1870 102 57 die
809 1870 244 57 Stürme
1101 1869 453 58 erdrückender
1600 1869 288 57 Proteste
1933 1869 193 57 durch
2173 1870 126 57 den
2345 1870 421 58 wissenschaft-

364 1951 191 59 lichen
610 1951 394 59 Blätterwald
1057 1964 194 58 gegen
1308 1951 115 57 das
1477 1951 706 60 Schildkröten-Vaccin
2241 1970 123 38 von
2421 1951 380 60 Friedmann

361 2035 306 67 brausten,
715 2032 178 73 lagen
936 2040 205 52 meine
1184 2040 128 51 erst
1360 2034 421 58 behandelten
1827 2034 171 58 Fälle
2045 2035 188 56 schon
2276 2055 84 37 an
2406 2041 153 52 zwei
2605 2035 191 72 Jahre

358 2117 235 58 zurück.
690 2116 108 57 Bei
864 2123 154 50 etwa
1084 2115 68 58 15
1219 2116 282 57 Kindern
1567 2116 130 57 und
1761 2116 448 71 Jugendlichen
2274 2123 115 52 mit
2458 2124 338 66 positivem

361 2195 538 60 Tuberkelbefund
941 2217 124 38 war
1109 2199 100 57 die
1253 2197 657 73 Friedmannimpfung
1956 2218 123 38 von
2120 2199 479 58 verblüffender
2642 2200 120 58 Wir-

358 2279 180 71 kung.
609 2280 99 56 Ich
745 2280 232 57 konnte
1014 2280 260 72 anfangs
1310 2280 163 58 nicht
1510 2279 286 73 glauben,
1835 2280 126 58 daß
2002 2281 132 68 das,
2175 2302 127 38 was
2342 2283 92 57 ich
2470 2283 135 66 sah,
2643 2284 151 56 auch

361 2361 418 59 Wirklichkeit
842 2383 141 37 war.
1082 2363 99 57 Ich
1247 2363 233 58 konnte
1547 2370 206 52 meine
1819 2364 193 72 große
2081 2364 245 60 Freude
2393 2366 401 58 niemandem

360 2443 320 67 schildern,
715 2444 101 57 die
850 2444 298 71 Kollegen
1181 2465 102 36 am
1317 2445 120 57 Ort
1470 2445 344 59 verhielten
1846 2446 129 58 sich
2004 2459 200 59 gegen
2239 2448 113 57 das
2390 2448 409 59 Friedmann-

360 2524 205 58 Mittel
615 2525 118 59 alle
784 2526 367 59 ablehnend.
1230 2528 134 57 Nur
1414 2526 112 60 der
1574 2528 212 58 Stadt-
1830 2529 134 58 und
2011 2530 561 60 Kommunal-Arzt
2623 2531 173 59 hatte

361 2606 302 59 Interesse
727 2628 80 37 an
868 2608 222 67 dieser,
1148 2615 238 52 meiner
1448 2609 234 60 Arbeit.
1777 2610 166 59 Auch
2009 2611 103 59 die
2173 2611 377 74 Nachfolger
2615 2619 178 65 jenes

358 2688 202 58 Herrn
593 2695 64 51 in
686 2689 263 72 gleicher
981 2690 274 73 Stellung
1292 2698 469 53 interessierten
1790 2695 129 56 sich
1947 2694 104 60 für
2086 2694 398 70 Friedmann,
2519 2697 280 59 konnten

361 2770 122 57 sich
521 2772 173 55 indes
734 2772 162 57 nicht
932 2773 435 68 entschließen,
1409 2774 110 58 das
1557 2774 210 60 Mittel
1806 2796 111 39 zur
1955 2777 406 73 Anwendung
2399 2797 80 39 zu
2517 2779 279 71 bringen.

502 2852 309 58 Während
846 2859 64 52 in
943 2854 122 58 den
1098 2862 207 52 ersten
1336 2857 234 71 Jahren
1599 2858 101 58 bis
1731 2859 144 57 1923
1909 2859 459 73 hauptsächlich
2403 2862 396 71 beginnende

360 2930 566 64 Tuberkulosefälle
983 2937 428 72 Jugendlicher
1468 2940 342 59 behandelt
1863 2942 276 68 wurden,
2195 2943 131 57 und
2385 2944 94 57 ich
2536 2965 82 38 an
2675 2944 122 59 den

357 3015 302 70 geradezu
687 3018 446 58 wunderbaren
1164 3020 533 75 Umstimmungen
1727 3023 112 58 des
1875 3024 653 74 Gesamtorganismus
2562 3026 239 59 solcher

360 3102 224 66 jungen
625 3099 327 59 Patienten
995 3107 218 52 immer
1253 3103 228 58 wieder
1524 3125 122 38 von
1684 3126 228 39 neuem
1957 3107 106 59 die
2105 3109 303 57 sichtbare
2455 3109 301 59 Wirksam-

360 3178 125 57 keit
544 3179 109 59 des
711 3182 242 58 Mittels
1010 3203 121 38 von
1188 3186 373 59 Friedmann
1617 3189 400 69 bewundern,
2073 3211 110 37 um
2238 3192 168 58 nicht
2463 3212 79 40 zu
2603 3206 189 58 sagen

360 3259 338 60 bestaunen
742 3264 232 68 mußte,
1021 3272 136 65 ging
1207 3268 90 56 ich
1344 3274 63 51 in
1454 3269 124 59 den
1621 3271 343 72 folgenden
2008 3273 235 71 Jahren
2293 3281 221 52 immer
2561 3282 229 51 weiter.

361 3340 91 58 Ich
503 3349 339 54 erweiterte
888 3347 112 57 das
1044 3348 597 75 Indikationsgebiet
1686 3360 219 52 immer
1946 3356 197 58 mehr.
2222 3357 100 56 Ich
2365 3363 232 52 tastete
2642 3357 156 57 mich

358 3422 345 59 allmählich
741 3447 82 37 an
864 3429 259 58 schwere
1161 3433 130 55 und
1334 3442 378 64 sogenannte
1750 3438 441 59 aussichtslose
2234 3440 173 58 Fälle
2450 3441 213 57 heran.
2724 3440 74 57 In

361 3507 108 54 der
517 3508 304 57 Literatur
869 3512 154 57 über
1070 3513 373 60 Friedmann
1491 3517 93 58 las
1634 3539 144 38 man
1825 3526 224 53 immer
2096 3528 287 66 weniger,
2434 3523 97 59 bis
2585 3530 90 52 sie
2727 3530 69 49 in

362 3586 120 58 den
518 3587 228 60 letzten
781 3591 230 71 Jahren
1044 3606 151 60 ganz
1235 3605 319 64 versiegte.
1623 3600 125 59 Das
1788 3608 93 53 sei
1915 3622 112 39 zur
2065 3603 280 60 Schande
2387 3605 115 59 der
2538 3606 224 58 Schrift-

362 3667 176 60 leiter
578 3671 111 57 der
731 3683 419 61 sogenannten
1186 3682 620 61 wissenschaftlichen
1843 3687 485 59 medizinischen
2366 3687 432 62 Zeitschriften

360 3758 224 64 gesagt.
663 3752 125 58 Der
833 3754 267 73 Boykott
1143 3760 157 58 über
1348 3762 101 59 die
1496 3763 251 74 Erfolge
1792 3774 118 52 mit
1959 3768 144 59 dem
2153 3768 644 68 Friedmann-Mittel,

364 3832 118 57 den
544 3833 100 60 die
705 3840 616 62 wissenschaftlichen
1381 3845 430 63 Zeitschriften
1870 3852 155 57 auch
2083 3852 189 60 heute
2335 3854 165 59 noch
2563 3854 230 58 durch-
