2926 4320
230 4061 91 66 74

228 274 226 52 weisen
489 268 258 64 Frauen,
783 272 317 64 sonstigen
1133 265 352 57 Berufenen
1521 266 128 55 und
1684 265 444 57 Unberufenen
2163 265 356 57 behandelt.
2587 266 88 58 Er

225 348 198 58 blutet
481 346 307 59 trotzdem
841 353 231 59 weiter,
1128 346 163 65 1922,
1348 346 164 65 1923,
1568 346 162 66 1924,
1786 345 161 57 1925.
2034 345 170 56 Auch
2260 346 145 56 1926
2460 353 209 51 treten

227 429 228 57 wieder
496 426 345 59 erhebliche
882 426 349 72 Blutungen
1268 426 127 58 auf.
1469 426 157 58 Sehr
1665 428 173 57 stark
1876 426 201 59 blutet
2118 447 66 38 er
2225 428 163 66 1927,
2430 447 74 38 so
2542 426 131 59 daß

225 531 85 47 er,
357 512 111 55 der
514 509 392 66 Kinderlose,
948 515 115 51 mit
1110 510 145 56 dem
1298 509 348 57 Gedanken
1688 510 271 71 umgeht,
2005 515 171 51 seine
2223 509 323 57 Schmiede
2590 529 84 38 zu

227 592 355 57 verkaufen.
679 592 167 55 Auch
907 597 137 50 sein
1104 590 655 71 Allgemeinbefinden
1820 592 157 57 wird
2038 598 219 51 immer
2321 590 348 59 schlechter.

225 674 148 56 Sein
408 673 271 57 Gewicht
713 674 104 56 bei
851 678 172 52 einer
1060 672 212 57 Größe
1307 692 122 38 von
1463 673 108 57 178
1608 693 98 37 cm
1743 679 80 52 ist
1857 693 120 37 nur
2010 692 119 38 nur
2162 673 109 56 120
2303 672 230 57 Pfund.
2585 673 84 57 Er

227 760 78 51 ist
347 759 219 51 immer
604 754 208 66 müde,
854 754 401 70 abgespannt,
1297 753 169 57 kann
1503 773 118 37 nur
1663 754 260 57 schlecht
1965 774 201 46 essen,
2206 753 111 57 hat
2358 753 153 57 Ekel
2556 773 110 37 vor

227 835 251 68 Fleisch,
531 835 136 59 Fett
717 837 132 56 und
898 837 231 57 Butter.
1215 837 95 56 Im
1359 837 427 70 Spätsommer
1837 838 143 56 1929
2030 843 142 51 eine
2223 854 179 47 neue,
2457 835 212 58 starke

224 917 282 71 Blutung,
540 917 437 58 wiederholtes
1010 917 513 58 Herausbrechen
1556 938 122 37 von
1711 924 154 51 zwei
1894 918 100 58 bis
2029 919 136 56 drei
2198 917 477 71 Tassenköpfen

225 997 126 58 voll
401 998 227 67 hellen,
679 999 392 71 schäumigen
1118 998 231 58 Blutes.
1433 998 97 58 Da
1575 999 207 57 werde
1836 1000 109 65 ich,
1997 999 81 59 da
2130 999 89 56 ich
2269 998 256 71 zufällig
2580 1004 87 51 im

223 1079 157 57 Dorf
444 1081 127 66 bin,
633 1081 277 69 gerufen.
1008 1079 82 59 Es
1155 1079 260 59 schließt
1480 1081 123 57 sich
1669 1086 103 52 ein
1833 1082 466 70 neunwöchiges
2364 1081 301 57 schweres

223 1161 466 72 Krankenlager
733 1182 98 46 an,
874 1168 115 51 mit
1032 1162 449 58 wechselndem
1522 1162 209 57 hohen
1775 1162 222 58 Fieber
2039 1163 132 57 und
2212 1163 153 57 noch
2411 1162 226 58 wieder-

221 1243 216 57 holten
477 1243 364 71 Blutungen.
915 1244 119 57 Am
1072 1243 88 58 25.
1203 1244 287 57 Oktober
1528 1246 144 54 1929
1712 1244 323 59 bekommt
2074 1265 68 38 er
2184 1251 139 50 eine
2368 1244 307 57 schwache

221 1324 323 57 Emulsion
577 1326 113 55 des
722 1323 650 60 Friedmann-Mittels
1404 1326 329 57 subkutan.
1785 1324 84 59 Es
1898 1326 159 71 folgt
2086 1327 213 57 rasche
2333 1326 334 71 Erholung,

221 1406 347 72 Blutungen
613 1413 205 51 traten
860 1408 167 56 nicht
1069 1407 231 57 wieder
1343 1407 129 67 auf,
1519 1407 101 57 die
1665 1407 408 71 Temperatur
2114 1415 141 64 ging
2304 1408 144 59 sehr
2493 1409 174 56 rasch

223 1487 108 57 auf
371 1488 103 57 die
510 1487 198 58 Norm
742 1488 241 66 zurück,
1024 1488 102 57 die
1165 1487 265 71 lästigen
1467 1488 619 59 Schweißausbrüche
2125 1489 225 58 hörten
2389 1491 127 64 auf,
2558 1489 112 58 der

223 1569 287 58 Auswurf
559 1569 212 59 wurde
817 1577 288 65 weniger,
1155 1569 113 59 der
1315 1571 246 57 Husten
1611 1569 128 59 ließ
1789 1572 170 66 nach,
2008 1571 172 67 kurz,
2232 1592 66 37 es
2349 1578 124 51 trat
2525 1578 142 51 eine

223 1651 415 72 vollständige
688 1652 453 71 Umstimmung
1196 1652 111 57 des
1359 1652 409 72 Organismus
1823 1660 121 52 ein.
2027 1653 127 71 Juli
2205 1655 169 55 1930:
2429 1653 80 57 Es
2563 1655 74 55 be-

223 1733 164 61 steht
428 1732 146 58 kein
615 1732 247 58 Husten
900 1735 195 66 mehr,
1137 1732 351 72 Blutungen
1527 1735 206 57 haben
1775 1736 122 56 sich
1941 1736 149 57 auch
2135 1736 163 56 nicht
2340 1735 175 57 mehr
2556 1756 74 37 an-

224 1816 490 70 deutungsweise
776 1822 257 65 gezeigt.
1128 1816 308 67 Auswurf,
1499 1817 112 57 der
1674 1823 87 51 im
1822 1817 428 71 Spätsommer
2312 1817 145 57 1929
2519 1817 151 57 sehr

220 1895 281 59 reichlich
566 1916 142 47 war,
771 1897 108 57 hat
943 1896 421 58 vollkommen
1425 1897 459 73 nachgelassen,
1949 1900 250 56 Patient
2262 1897 169 59 kann
2497 1898 173 58 stark

220 1997 182 39 essen
455 1977 132 59 und
641 1985 180 66 wiegt
873 1985 89 52 im
1016 1978 127 73 Juli
1197 1980 146 57 1930
1396 1980 74 57 72
1508 1980 161 58 Kilo.
1762 1981 95 56 Im
1913 1980 288 58 Oktober
2257 1981 169 56 1930:
2483 1981 184 57 Kann

221 2060 158 58 alles
428 2067 117 51 mit
596 2061 258 71 großem
907 2061 224 58 Genuß
1184 2083 202 36 essen.
1472 2062 195 73 Fängt
1719 2062 278 71 langsam
2052 2069 64 52 in
2172 2062 113 59 der
2337 2065 333 70 rauchigen

223 2142 320 57 Schmiede
574 2161 78 40 zu
685 2143 284 58 arbeiten
1001 2163 95 38 an.
1165 2143 102 58 Ich
1295 2150 122 51 riet
1450 2143 129 58 ihm
1612 2145 307 71 dringend
1954 2145 205 57 davon
2194 2145 98 66 ab,
2323 2145 154 57 aber
2505 2145 170 57 ohne

223 2224 231 72 Erfolg.
533 2224 233 71 Januar
815 2225 168 57 1931:
1033 2225 282 59 Arbeitet
1364 2227 234 57 wieder
1646 2226 125 58 den
1814 2239 239 59 ganzen
2100 2226 120 72 Tag
2272 2227 103 57 bei
2424 2227 246 57 bestem

223 2305 503 58 Wohlbefinden.
798 2307 146 71 Juni
982 2307 169 57 1931:
1190 2307 272 59 Gewicht
1502 2310 71 56 89
1610 2309 162 57 Kilo.
1844 2309 83 57 Er
1964 2309 107 58 hat
2114 2315 218 52 seinen
2373 2309 298 58 Gesellen

223 2387 334 68 entlassen,
609 2390 200 57 macht
865 2390 103 57 die
1023 2390 220 58 Arbeit
1296 2396 67 52 in
1418 2390 112 58 der
1582 2392 329 72 rauchigen
1963 2391 323 59 Schmiede
2345 2411 122 39 von
2520 2391 149 60 früh

223 2469 33 55 5
300 2470 130 57 Uhr
472 2471 101 57 bis
615 2471 238 59 abends
900 2472 33 56 7
969 2472 130 56 Uhr
1143 2471 209 60 allein.
1430 2472 227 69 Heute,
1702 2480 87 51 im
1833 2474 175 58 März
2055 2475 164 65 1932,
2266 2480 80 52 ist
2393 2474 113 57 das
2552 2474 90 57 Bei-

220 2551 224 59 finden
481 2552 424 59 unverändert
944 2560 123 65 gut.

367 2650 145 57 Nun
552 2650 236 59 könnte
826 2672 147 37 man
1015 2653 384 66 einwenden,
1442 2651 203 59 solche
1687 2653 535 58 Krankheitsfälle
2265 2654 207 57 heilen
2518 2653 155 58 doch

223 2733 150 59 auch
417 2739 284 65 spontan.
779 2734 258 71 Jawohl,
1081 2754 66 38 es
1192 2735 132 71 gibt
1368 2735 203 57 solche
1617 2735 191 68 Fälle,
1856 2737 103 55 die
2008 2737 163 57 ohne
2219 2735 447 73 irgendwelche

223 2813 402 73 Behandlung
682 2815 228 57 heilen.
1000 2815 168 59 Aber
1221 2837 149 38 man
1424 2817 150 58 muß
1632 2817 202 58 solche
1891 2817 341 58 Menschen
2285 2818 188 71 Jahre
2532 2818 104 57 hin-

224 2895 188 59 durch
470 2897 96 58 als
620 2898 442 71 unbeteiligter
1121 2898 345 60 Zuschauer
1524 2899 367 59 beobachtet
1947 2900 134 56 und
2137 2907 115 51 mit
2308 2900 359 72 angesehen

223 2977 222 68 haben,
477 2986 113 50 wie
624 2986 91 52 sie
750 2986 221 52 immer
1004 2987 266 65 weniger
1300 2983 274 66 wurden,
1607 2988 114 52 wie
1753 2988 93 51 sie
1883 2988 221 52 immer
2137 2982 175 58 mehr
2346 2982 329 68 verfielen,

224 3067 114 51 wie
393 3060 103 59 die
552 3062 216 71 Augen
821 3068 221 52 immer
1095 3063 228 71 größer
1373 3064 134 57 und
1560 3063 398 72 glänzender,
2013 3064 102 59 die
2172 3064 220 59 Ohren
2448 3071 221 52 immer

225 3142 490 72 durchsichtiger,
765 3143 103 58 die
915 3146 242 69 Lippen
1203 3151 221 52 immer
1470 3144 261 69 blasser,
1776 3146 107 58 die
1930 3146 170 58 Nase
2148 3152 218 52 immer
2416 3153 257 65 spitzer,

227 3224 102 57 die
369 3224 207 59 Haare
619 3232 220 52 immer
878 3233 268 65 weniger
1183 3227 133 57 und
1352 3227 371 72 glanzloser,
1763 3228 103 57 die
1907 3228 423 72 Bewegungen
2373 3250 120 38 von
2537 3229 134 57 Mal

225 3325 75 39 zu
356 3304 136 60 Mal
549 3306 366 72 langsamer,
973 3308 104 57 die
1136 3308 268 72 Sprache
1462 3316 221 52 immer
1739 3316 484 66 temperament-
2278 3311 133 57 und
2468 3311 170 58 kraft-

227 3387 165 60 loser
435 3389 228 68 wurde,
704 3389 133 58 und
878 3396 114 52 wie
1039 3389 113 60 das
1197 3392 311 57 Interesse
1551 3391 241 59 solcher
1834 3392 338 58 Menschen
2214 3412 84 41 an
2341 3394 126 58 den
2507 3393 125 59 Vor-

225 3473 236 69 gängen
500 3491 108 37 um
648 3477 92 52 sie
780 3472 220 58 herum
1041 3478 219 54 immer
1300 3481 284 65 geringer
1622 3474 229 58 wurde.
1926 3474 145 58 Und
2111 3495 179 39 wenn
2328 3496 131 37 nun
2499 3474 172 60 solch

227 3557 102 52 ein
384 3548 531 73 Schwerkranker,
972 3553 114 59 der
1141 3556 187 56 schon
1381 3556 286 58 mehrere
1723 3556 188 71 Jahre
1969 3557 354 67 hinsiechte,
2380 3557 294 72 plötzlich

225 3633 153 57 nach
408 3654 73 36 so
511 3640 174 53 einer
715 3636 321 70 Injektion
1065 3642 117 52 wie
1209 3637 458 71 umgewandelt
1697 3638 174 68 wird,
1903 3638 231 59 wieder
2165 3659 207 39 neuen
2402 3640 234 59 Lebens-

228 3721 131 51 mut
418 3716 337 68 bekommt,
813 3737 76 38 zu
949 3737 187 40 essen
1194 3720 278 71 anfängt,
1533 3740 83 38 an
1677 3720 274 61 Gewicht
2008 3727 320 62 zunimmt,
2393 3722 277 66 frischer,

230 3797 306 60 lebhafter
599 3801 171 66 wird,
831 3806 114 52 mit
1009 3808 204 51 einem
1277 3802 194 66 Wort,
1535 3802 420 60 vollkommen
2015 3811 423 65 umgestimmt
2499 3805 176 67 wird,

230 3910 70 6 —
342 3878 149 59 aber
530 3886 113 52 wie
685 3882 185 57 schon
911 3882 168 59 oben
1117 3890 230 65 gesagt,
1386 3883 85 60 all
1518 3885 113 58 das
1676 3892 129 52 erst
1844 3886 154 57 nach
2043 3892 174 52 einer
2259 3886 411 62 Friedmaitrt-
