3497 4371
1801 182 66 48 70

273 329 79 48 der
390 332 203 61 grössten
632 327 402 64 Schwierigkeiten
1073 326 140 47 durch
1252 323 399 66 Unabhängigkeit
1693 322 89 48 und

273 406 311 62 Gelenkigkeit
612 405 79 47 der
722 405 167 62 Finger
919 403 89 47 und
1039 402 141 48 durch
1211 402 98 47 eine
1341 403 213 46 mitunter
1584 417 82 31 von
1699 400 79 47 der

272 481 340 65 gewöhnlichen
654 481 104 46 sehr
800 478 323 50 abweichende
1158 480 281 62 Applicatur.
1497 478 125 47 Aber
1664 476 115 48 auch

270 560 63 47 als
358 558 262 63 Componist
648 557 52 47 ist
724 556 167 48 Derffel
917 574 110 47 ganz
1051 556 150 48 seinen
1232 557 188 61 eigenen
1446 556 131 62 Gang
1608 570 141 47 gegan-

269 651 103 48 gen,
420 635 146 47 indem
608 650 48 30 er
700 633 68 47 bei
811 633 84 47 den
940 635 183 45 ältesten
1163 632 262 47 bewährten
1457 632 212 47 Meistern
1702 630 50 48 be-

269 727 178 49 gonnen
480 712 91 55 hat,
599 711 92 47 sich
720 711 151 47 seinen
903 711 80 47 Stil
1013 727 50 31 zu
1096 710 166 53 bilden,
1303 725 91 32 was
1431 710 111 52 ihm,
1585 708 82 46 wie
1698 723 82 31 uns

269 788 207 47 mehrere
508 787 331 48 Ciavierstücke
922 787 82 47 alle
1034 802 82 31 von
1147 786 198 47 ziemlich
1378 801 178 47 grosser
1578 783 169 48 Schwie-

269 864 161 64 rigkeit
443 892 57 7 —
513 863 221 48 bewiesen
767 864 164 53 haben,
960 880 48 30 so
1040 863 102 46 weit
1171 863 226 62 gelungen
1429 863 67 52 ist,
1528 862 99 47 dass
1658 861 120 47 diese

267 942 166 48 Stücke
463 958 82 31 uns
573 942 122 46 nicht
720 958 86 30 nur
836 941 140 47 durch
1008 941 95 47 ihre
1125 939 249 65 gediegene
1401 941 153 52 Form,
1582 938 195 48 sondern

268 1018 68 47 bei
376 1018 106 47 aller
521 1018 285 64 polyphonen
849 1017 89 47 und
980 1016 459 64 contrapunktischen
1471 1014 161 49 Arbeit
1660 1014 115 49 auch

265 1096 140 47 durch
430 1094 96 49 ihre
550 1094 301 47 melodischen
875 1094 164 47 Motive
1063 1093 409 48 ausserordentlich
1496 1093 278 64 ansprechen

264 1173 90 47 und
386 1173 98 46 eine
514 1172 201 63 Gattung
744 1187 83 32 von
857 1171 393 48 Bravourstücken
1283 1171 166 52 bilden,
1487 1171 84 47 wie
1604 1171 80 45 wir
1713 1169 62 47 sie

267 1248 67 48 bei
366 1248 83 47 den
481 1248 212 63 heutigen
728 1248 237 47 Virtuosen
999 1248 82 47 fast
1109 1247 210 63 nirgends
1352 1245 163 49 finden.

376 1327 66 47 Im
474 1342 316 47 vergangenen
820 1325 198 47 Herbste
1049 1325 52 47 ist
1125 1325 121 47 Herr
1271 1324 168 48 Derffel
1469 1323 164 48 einmal
1666 1323 78 47 wie-

263 1402 78 48 der
371 1403 113 47 nach
514 1404 148 46 seiner
691 1403 185 47 Heimat
904 1403 363 63 zurückgekehrt
1304 1402 89 47 und
1426 1400 78 49 hat
1533 1402 40 45 in
1609 1400 160 47 Wien

259 1480 109 47 zwei
400 1479 221 48 Concerte
650 1479 89 64 (am
772 1478 85 49 24.
889 1479 258 48 November
1177 1479 89 47 und
1298 1494 70 32 am
1401 1477 85 49 29.
1514 1477 255 48 December

256 1557 182 63 vorigen
460 1555 177 65 Jahres)
662 1557 58 48 im
744 1557 133 48 Saale
899 1557 80 47 der
1002 1555 293 49 Gesellschaft
1324 1555 80 47 der
1427 1553 343 49 Musikfreunde

255 1634 80 47 mit
364 1634 144 47 einem
538 1634 132 64 lange
710 1634 122 47 nicht
866 1634 69 48 bei
966 1633 507 48 Pianisten-Concerten
1505 1633 232 63 dagewese-

253 1727 86 32 nen
368 1712 188 63 Erfolge
585 1712 221 63 gegeben.

367 1789 65 47 Im
463 1797 146 39 ersten
642 1789 220 48 Concerte
890 1789 156 64 spielte
1077 1804 68 32 er:
1182 1788 42 48 1.
1256 1788 107 47 Trio
1394 1788 40 47 in
1464 1785 87 61 Es,
1581 1785 88 64 Op.
1695 1784 70 49 70

250 1865 78 50 Nr.
361 1865 49 56 2,
439 1882 83 31 von
554 1866 279 54 Beethoven;
886 1865 47 48 2.
965 1864 189 51 Grande
1182 1863 170 52 Sonate
1379 1865 43 47 in
1451 1861 190 61 A-moll,
1672 1863 89 63 Op.

250 1941 69 49 42
350 1958 83 32 von
466 1944 48 47 F.
543 1943 251 54 Schubert;
838 1941 47 51 3.
918 1944 107 47 Drei
1055 1943 200 53 Etüden,
1284 1943 77 47 Nr.
1389 1940 50 56 3,
1469 1940 65 48 21
1573 1940 88 47 und
1699 1940 60 47 11

250 2019 218 67 (.Arpeges
470 2020 33 64 ),
531 2037 84 31 von
648 2021 196 64 Chopin;
876 2021 47 49 4.
954 2037 38 33 a.
1023 2018 238 62 Fantasie,
1293 2020 87 65 Op.
1408 2018 87 57 77,
1526 2035 83 31 von
1634 2018 105 47 Beet-

250 2098 160 56 hoven,
452 2096 36 50 b.
517 2098 165 49 Rondo
716 2096 187 51 brillant
937 2099 42 47 in
1015 2098 87 59 Es,
1145 2099 88 63 Op.
1266 2098 88 54 62,
1398 2113 81 32 von
1512 2096 49 49 C.
1590 2096 61 47 M.
1681 2112 83 31 von

250 2174 202 54 Weber;
504 2174 46 48 5.
580 2190 38 32 a.
651 2173 220 50 Andante
895 2176 242 58 sostenuto,
1173 2174 37 48 b.
1237 2174 166 49 Rondo
1427 2170 214 67 grazioso
1671 2170 98 65 (auf

246 2251 277 65 Verlangen)
555 2269 82 32 von
667 2254 39 47 J.
736 2253 173 48 Derffel
1043 2269 77 31 vor
1149 2254 123 47 einer
1302 2250 283 50 zahlreichen
1609 2250 122 47 Zuhö-

249 2329 236 56 rerschaft,
517 2329 169 48 welche
710 2329 77 48 des
815 2329 404 49 enthusiastischen
1243 2327 207 50 Beifalles
1474 2344 82 32 von
1582 2326 182 64 Anfang

246 2405 68 48 bis
340 2406 132 48 Ende
502 2408 123 46 nicht
654 2406 135 48 müde
818 2406 172 48 wurde.

364 2484 153 48 Ueber
543 2484 78 48 das
649 2485 156 48 zweite
836 2485 193 48 Concert
1064 2485 220 65 sprechen
1323 2482 92 49 sich
1446 2482 72 47 die
1558 2481 173 56 „Recen-

470 2561 233 64 folgender
740 2562 210 49 Maassen
993 2579 102 32 aus:
1147 2561 138 57 „Wie
1322 2561 138 47 selten
1509 2559 108 64 geht
1657 2574 104 32 man

244 2654 111 48 gern
386 2639 42 47 in
458 2639 79 48 das
568 2639 195 49 Concert
791 2640 119 47 eines
941 2640 243 53 Pianisten,
1227 2639 85 47 wie
1347 2639 117 47 noch
1497 2637 106 47 weit
1631 2636 107 47 selte-

244 2731 81 33 ner
353 2716 182 48 verlässt
573 2734 103 30 man
717 2734 45 32 es
799 2716 252 66 befriedigt.
1107 2716 77 50 Ob
1229 2716 85 48 alle
1346 2716 123 64 jene,
1509 2714 170 48 welche
1717 2714 43 48 in

242 2794 154 47 Herrn
427 2794 207 48 Derffel's
673 2795 204 48 zweitem
910 2794 223 49 Concerte
1176 2811 70 31 am
1277 2794 87 48 29.
1396 2792 257 49 December
1683 2808 52 31 an-

246 2871 181 48 wesend
456 2889 170 39 waren,
656 2874 78 48 mit
766 2874 209 48 Freuden
1007 2874 394 63 hineingegangen
1439 2870 114 57 sind,
1596 2870 164 48 wissen

245 2949 83 47 wir
358 2949 142 48 nicht:
543 2949 101 49 dass
684 2950 111 48 aber
832 2951 101 56 alle,
978 2950 70 48 bei
1088 2950 201 48 welchen
1330 2947 77 50 das
1449 2946 311 50 musicalische

242 3026 317 48 Verständniss
588 3045 85 31 nur
703 3027 234 65 halbwegs
966 3026 285 65 ausgebildet
1279 3029 70 50 ist,
1379 3043 46 31 es
1454 3025 305 48 vollkommen

242 3103 244 65 befriedigt
522 3106 253 56 verliessen,
816 3106 79 48 das
936 3106 242 64 unterliegt
1208 3105 175 48 keinem
1424 3103 201 55 Zweifel,
1669 3102 91 48 und

244 3182 236 56 wahrlich,
509 3182 168 50 darauf
714 3183 116 49 kann
865 3185 118 47 Herr
1011 3183 171 49 Derffel
1224 3183 43 49 in
1312 3182 79 48 der
1427 3182 195 65 jetzigen
1662 3180 99 48 Zeit

242 3260 107 47 stolz
378 3261 108 47 sein.
545 3260 106 48 Wir
679 3261 163 47 wollen
871 3277 100 31 zum
1003 3261 202 47 Beweise
1237 3275 188 33 unserer
1453 3258 307 65 Behauptung

244 3354 85 31 nur
358 3337 69 48 ein
458 3338 192 49 Factum
679 3338 253 50 anführen:
970 3340 122 47 Herr
1123 3338 170 49 Derffel
1323 3337 158 48 wurde
1510 3336 114 48 nach
1655 3335 103 49 dem

245 3415 225 64 Vortrage
499 3416 80 48 der
608 3417 158 47 letzten
796 3417 412 48 Beethoven'schen
1237 3417 169 47 Sonate
1436 3415 108 64 (Op.
1581 3413 99 49 111
1717 3415 42 47 in

246 3491 182 66 C-moll)
458 3495 92 47 vier
579 3495 107 56 Mal,
715 3511 109 48 sage
852 3495 91 48 vier
971 3495 111 57 Mal,
1119 3493 238 49 stürmisch
1389 3492 203 66 gerufen.
1653 3491 106 48 Wir

245 3570 197 64 glauben
472 3570 154 59 kaum,
655 3571 99 49 dass
785 3571 92 49 dies
902 3572 45 65 je
978 3572 155 47 früher
1162 3572 146 47 einem
1340 3568 223 50 Pianisten
1595 3568 136 47 wider-

245 3647 157 50 fahren
433 3648 69 56 ist,
532 3650 89 48 und
649 3651 200 47 zweifeln
880 3651 121 54 sehr,
1037 3650 101 49 dass
1168 3666 46 32 es
1242 3650 142 48 vielen
1413 3648 116 49 nach
1558 3647 93 47 ihm
1681 3664 52 47 ge-

244 3726 150 65 lingen
427 3726 127 49 wird.
609 3728 84 49 Um
725 3727 119 50 diese
874 3728 185 56 Sonate,
1102 3727 198 48 welcher
1337 3744 103 31 man
1472 3724 287 67 gewöhnlich

241 3820 89 31 nur
353 3805 71 46 ein
453 3803 410 66 pflichtschuldiges
890 3820 150 34 succes
1065 3802 202 52 d'estime
1294 3808 160 61 gönnt,
1477 3803 146 48 einem
1648 3817 83 48 gan-

242 3897 79 32 zen
361 3882 240 48 Publicum
644 3883 43 47 in
730 3882 178 50 solcher
947 3883 158 47 Weise
1148 3882 267 66 zugänglich
1457 3898 54 31 zu
1551 3881 208 54 machen,

245 3958 109 48 dazu
378 3961 164 63 gehört
564 3961 99 48 eine
686 3961 326 48 künstlerische
1034 3961 255 64 Begabung
1318 3959 90 50 und
1434 3959 99 49 eine
1553 3958 206 62 richtige,

245 4037 264 65 gründliche
546 4038 90 48 und
667 4038 326 66 erschöpfende
1023 4039 242 47 Kenntniss
1294 4038 77 48 des
1401 4041 204 62 grössten
1636 4037 90 47 Ton-

244 4113 195 51 dichters
468 4116 110 49 aller
603 4117 173 57 Zeiten,
815 4117 85 48 wie
938 4116 83 48 wir
1062 4116 61 48 sie
1154 4116 41 48 in
1225 4114 221 66 gleichem
1478 4114 177 50 Maasse
1685 4113 71 50 bei

1882 322 226 48 Pianisten
2146 325 112 47 noch
2304 325 87 53 nie,
2442 325 70 48 bei
2556 326 200 48 anderen
2796 325 230 49 Musikern
3068 344 85 30 nur
3203 331 195 42 äusserst

1879 400 140 45 selten
2051 400 283 63 angetroffen
2366 401 164 48 haben.
2565 403 92 47 Der
2681 403 198 63 Vortrag
2903 402 146 48 dieser
3071 403 185 54 Sonate,
3282 403 113 46 nach

1881 491 186 32 unserer
2107 477 185 47 Ansicht
2332 477 76 47 des
2450 480 76 45 für
2564 480 69 47 die
2676 478 311 64 Wiedergabe
3028 480 369 63 Schwierigsten,

1879 569 93 30 was
2004 555 255 47 Beethoven
2302 555 74 47 für
2415 555 79 48 das
2532 556 174 48 Ciavier
2749 556 295 65 geschrieben
3087 558 93 52 hat,
3223 557 173 47 sowohl

1878 645 93 31 was
2001 630 70 46 die
2103 631 277 65 Auffassung
2422 633 63 47 als
2527 650 90 30 was
2648 632 70 48 die
2748 633 200 47 Technik
2992 633 264 64 anbelangt,
3301 650 96 32 war

1877 721 84 32 von
1999 707 123 47 einer
2151 707 209 48 Klarheit
2398 708 89 49 und
2528 710 322 53 Deutlichkeit,
2887 710 71 47 die
2992 711 143 47 nichts
3174 727 52 30 zu
3266 713 96 44 wün-

1876 783 133 47 schen
2051 783 132 64 übrig
2213 784 116 58 iiess,
2372 787 89 44 und
2506 787 141 62 zeigte
2690 786 132 48 dabei
2865 787 99 47 eine
3006 787 254 47 Sicherheit
3303 787 90 47 und

1879 859 345 49 Gründlichkeit
2254 862 80 47 der
2363 863 278 65 Auffassung
2672 864 89 47 und
2794 864 98 47 eine
2926 864 192 47 Wärme
3149 864 89 47 und
3270 864 125 49 Tiefe

1876 936 76 47 des
1977 937 210 56 Gefühls,
2216 937 100 48 dass
2347 938 80 47 der
2450 939 141 49 damit
2612 957 257 47 errungene
2893 941 105 63 Sieg
3029 942 68 47 ein
3129 941 266 64 vollständig

1874 1014 394 64 gerechtfertigter
2299 1032 108 32 war.
2452 1018 130 47 Auch
2614 1019 41 46 in
2687 1019 101 46 dem
2823 1019 225 64 Vortrage
3077 1018 78 47 des
3184 1019 208 47 Mozart'-

1873 1089 135 49 schen
2034 1091 162 48 Rondo
2229 1092 89 47 und
2348 1092 80 48 der
2452 1093 148 64 Gigue
2631 1094 258 49 bekundete
2916 1094 169 49 Derffel
3116 1096 86 47 den
3233 1096 159 47 echten

1872 1168 231 47 Künstler.
2139 1169 55 46 Es
2225 1171 52 45 ist
2300 1169 109 65 jetzt
2437 1171 113 48 Sitte
2588 1173 111 46 oder
2728 1173 237 62 eigentlich
3002 1173 172 48 Unsitte
3205 1173 69 47 bei
3306 1173 85 47 den

1872 1244 225 47 Pianisten
2127 1247 266 61 geworden,
2422 1247 71 48 die
2522 1249 324 47 Mozart'schen
2874 1248 386 65 Compositionen,
3292 1251 99 45 weil

1868 1322 62 47 sie
1962 1322 128 48 keine
2119 1339 186 47 grossen
2335 1325 287 49 technischen
2653 1327 402 63 Schwierigkeiten
3096 1327 166 56 bieten,
3306 1345 86 29 nur

1868 1414 48 32 so
1948 1399 147 56 leicht,
2127 1400 216 56 obenhin,
2386 1403 62 46 als
2488 1403 145 48 einem
2666 1404 373 48 überwundenen
3071 1404 318 65 Standpunkte

1868 1477 312 62 angehörend,
2217 1496 52 29 zu
2301 1478 271 49 behandeln.
2629 1480 122 49 Herr
2794 1482 173 48 Derffel
3011 1482 226 63 hingegen
3280 1482 109 64 ging

1867 1553 117 48 auch
2014 1569 55 31 an
2100 1554 122 47 diese
2245 1555 212 64 Aufgabe
2489 1558 78 46 mit
2591 1557 138 47 Liebe
2753 1559 90 46 und
2868 1558 298 65 Hingebung,
3198 1558 90 47 und
3318 1559 71 47 die

1869 1632 233 63 Wirkung
2133 1630 120 50 blieb
2286 1634 121 46 nicht
2437 1651 94 30 aus.
2570 1635 275 47 Ausserdem
2876 1637 158 64 spielte
3063 1637 80 47 der
3171 1637 218 47 Künstler

1865 1709 115 47 noch
2026 1709 69 47 die
2136 1709 168 48 schöne
2348 1710 241 49 Phantasie
2630 1713 42 47 in
2702 1712 174 49 F-moll
2912 1713 108 65 (Op.
3052 1713 90 65 49)
3188 1714 90 47 und
3317 1714 71 47 die

1865 1785 261 48 Tarantella
2155 1803 83 30 von
2272 1786 174 65 Chopin
2493 1788 89 48 und
2620 1790 108 46 zwei
2758 1790 183 47 Etüden
2974 1790 183 64 eigener
3189 1789 165 66 Compo-

1863 1861 150 58 sition,
2042 1864 121 46 Alles
2193 1865 41 46 in
2264 1864 318 65 gediegenster
2611 1866 89 47 und
2735 1868 303 47 brillantester

1981 1940 47 47 In
2060 1939 150 49 diesen
2243 1943 155 63 Tagen
2442 1943 53 48 ist
2534 1960 91 31 nun
2667 1945 80 47 der
2786 1945 94 48 Ruf
2913 1962 56 30 an
3011 1945 171 65 Joseph
3214 1944 173 48 Derffel

1864 2033 249 48 ergangen,
2144 2020 63 46 als
2239 2019 460 51 Kammer-Virtuose
2729 2023 130 48 Ihrer
2881 2021 312 50 Kaiserlichen
3216 2023 175 47 Hoheit

1863 2094 81 48 der
1973 2096 121 47 Frau
2128 2096 308 50 Grossfürstin
2478 2099 175 48 Helene
2696 2100 114 47 nach
2842 2100 281 65 Petersburg
3165 2118 49 29 zu
3260 2100 96 48 kom-

1863 2189 117 31 men.
2014 2174 61 46 Er
2099 2173 76 48 hat
2198 2174 120 48 diese
2343 2175 257 48 ehrenvolle
2621 2178 283 63 Ernennung
2935 2194 336 47 angenommen
3296 2178 92 47 und

1864 2249 165 47 bereits
2062 2250 139 48 Wien
2231 2251 242 57 verlassen,
2517 2269 74 31 um
2627 2254 124 47 seine
2788 2270 116 32 neue
2934 2255 207 61 Stellung
3180 2261 182 41 anzutre-

1863 2334 93 47 ten,
2000 2327 192 47 welches
2235 2327 198 49 dieselbe
2475 2329 70 56 ist,
2588 2329 71 48 die
2690 2333 153 45 Anton
2874 2331 269 50 Rubinstein
3176 2331 211 47 mehrere

1860 2404 141 48 Jahre
2046 2404 221 49 hindurch
2313 2405 66 48 bis
2420 2423 53 30 zu
2516 2408 148 46 seiner
2708 2409 287 63 Ernennung
3034 2425 100 32 zum
3180 2409 211 47 Director

1862 2481 76 48 des
1970 2481 325 65 petersburger
2325 2484 424 48 Conservatoriums
2780 2486 267 49 bekleidete.

1982 2560 104 47 Wir
2116 2560 96 48 sind
2243 2561 179 65 gewiss,
2462 2561 101 48 dass
2602 2579 50 32 er
2687 2565 116 47 auch
2841 2581 56 32 an
2926 2566 168 47 seinem
3124 2580 146 32 neuen
3303 2565 56 47 Be-

1860 2636 374 65 stimmungsorte
2271 2639 153 48 seinen
2469 2640 312 49 Grundsätzen
2826 2642 90 47 und
2958 2644 147 47 seiner
3148 2641 213 48 künstleri-

1859 2714 136 48 schen
2039 2715 368 66 Ueberzeugung
2455 2724 101 42 treu
2602 2719 179 48 bleiben
2823 2719 90 48 und
2955 2720 116 48 eben
3114 2735 48 32 so
3210 2719 84 48 wie
3343 2719 43 48 in

1859 2791 193 48 London
2085 2792 90 49 und
2212 2794 136 48 Wien
2387 2795 63 48 als
2481 2796 318 48 Dolmetscher
2835 2814 86 32 nur
2949 2806 133 56 guter
3114 2797 90 47 und
3235 2796 152 65 gedie-

1862 2885 141 48 gener
2032 2870 147 48 Musik
2210 2870 341 67 durchdringen
2581 2874 128 48 wird.

3141 2875 49 49 L.
3221 2875 52 49 B.

2179 3121 224 56 Richard
2445 3123 213 73 Wagner
2697 3127 52 52 in
2791 3125 263 56 München.

1980 3254 105 49 Wir
2119 3256 98 48 sind
2262 3258 132 49 keine
2423 3261 213 49 Freunde
2666 3262 82 50 der
2777 3263 314 67 Verbreitung
3132 3271 254 59 sogenannt

1858 3331 324 52 interessanter
2208 3336 271 51 Scandalien
2511 3340 116 49 über
2657 3342 284 65 persönliche
2967 3343 307 49 Verhältnisse
3306 3343 51 47 be-

1859 3408 253 50 deutender
2141 3412 207 58 Männer,
2398 3417 223 50 wesshalb
2652 3418 83 49 wir
2763 3418 87 50 den
2888 3436 171 48 ganzen
3105 3421 281 48 münchener

1859 3487 187 50 Klatsch
2079 3488 114 50 über
2224 3491 196 49 Richard
2452 3495 212 66 Wagner
2695 3496 152 49 bisher
2876 3497 193 65 ignorirt
3099 3498 165 50 haben.
3316 3500 70 47 Da

1859 3564 112 50 aber
2012 3567 212 65 Wagner
2269 3570 138 49 selbst
2452 3572 76 50 ihn
2573 3575 109 64 jetzt
2730 3576 163 49 officiel
2935 3577 216 65 gemacht
3191 3577 96 57 hat,
3334 3594 49 31 so

1858 3643 173 48 scheint
2069 3661 81 32 uns
2186 3646 113 49 doch
2342 3648 122 50 seine
2494 3651 263 66 Erklärung
2799 3670 147 47 gegen
2989 3653 72 50 die
3091 3653 208 66 Angriffe
3343 3655 41 47 in

1858 3721 81 49 der
1967 3723 316 65 Allgemeinen
2311 3727 196 67 Zeitung
2546 3730 81 49 der
2654 3732 290 66 Mittheilung
2984 3733 164 55 werth,
3194 3733 100 49 weil
3323 3732 63 48 sie

1859 3798 160 50 höchst
2047 3801 396 52 charakteristisch
2474 3807 66 47 ist.
3284 3807 46 50 Est
3331 3817 55 57 sagt

1859 3877 160 49 Cicero
2048 3895 83 33 von
2163 3879 144 51 einem
2340 3885 257 49 römischen
2627 3888 180 56 Prätor,
2846 3888 160 50 dessen
3038 3888 194 65 Tugend
3262 3890 124 47 nicht

1857 3954 115 50 eben
2003 3957 376 52 Bescheidenheit
2409 3977 109 33 war.

1984 4034 264 56 „Nachdem
2296 4037 72 51 die
2413 4039 272 51 Grossmuth
2725 4043 69 49 Sr.
2835 4045 209 64 Majestät
3091 4045 78 48 des
3210 4043 176 65 Königs

1857 4109 101 66 (von
2343 4121 174 45 äussert
2547 4119 213 65 Wagner
2892 4122 114 58 „mir
3049 4122 71 51 die
3166 4122 218 63 nöthigen
