3294 4300
173 4230 54 28 364

137 83 112 32 haben;
275 80 43 28 sie
345 80 207 27 bewunderten
580 77 47 28 ihn
656 75 77 29 nicht
759 73 93 34 allein,
878 73 42 28 sie
948 72 84 28 lasen
1060 70 47 28 ihn

137 127 84 28 auch.
271 126 86 27 Denn
383 131 85 21 wenn
494 131 68 19 man
597 120 120 35 dreissig
743 120 88 33 Jahre
865 117 43 34 ist,
943 116 64 28 liest
1040 123 68 20 man

140 171 58 34 viel,
232 178 48 20 um
313 169 61 28 sich
407 176 37 20 zu
470 169 113 28 trösten
616 167 59 26 und
699 173 37 19 zu
762 169 158 29 vergessen
953 162 74 27 oder
1059 167 48 20 um

136 216 61 28 sich
224 223 36 20 zu
287 214 134 28 erinnern
448 214 59 26 und
532 211 61 29 sich
619 220 37 18 zu
681 210 112 28 freuen.

210 270 98 28 Durch
346 267 63 29 sein
447 267 97 27 Glück
582 266 168 31 ermuntert,
793 261 67 36 ging
901 261 51 27 der
990 258 119 29 Dichter

136 314 108 34 weiter,
270 315 59 26 und
355 313 99 34 länger
480 312 59 27 und
564 310 101 35 länger
691 309 108 27 dehnte
821 314 32 20 er
873 305 45 28 die
939 303 171 30 Herrschaft

138 361 52 26 der
226 359 75 28 Frau
339 366 62 19 aus.
458 357 37 28 Er
531 355 85 28 schuf
654 353 67 28 bald
755 352 114 28 Frauen
906 357 59 21 von
1003 347 107 36 vierzig

138 405 118 34 Jahren,
294 404 124 32 Frauen,
456 401 45 28 die
538 400 44 28 die
617 405 93 29 ganze
746 395 166 37 prickelnde
948 392 162 30 Schönheit

138 451 52 26 des
217 449 141 28 Herbstes
384 447 96 28 haben
508 446 58 27 und
586 453 37 19 an
648 443 68 36 jene
736 442 80 34 Tage
842 440 38 28 im
902 439 137 29 Oktober
1065 446 29 20 er-

138 494 112 34 innern,
287 501 37 20 an
364 493 95 28 denen
499 490 44 28 die
580 489 65 28 Luft
682 487 95 28 klarer
814 487 59 26 und
911 484 45 28 die
994 484 114 27 Farben

137 539 114 28 reicher
275 537 73 34 sind,
374 536 42 28 als
443 535 100 28 mitten
571 533 36 28 im
628 532 143 34 Frühling,
799 531 58 27 und
878 529 46 28 die
952 536 52 20 nur
1025 529 85 27 desto

139 583 221 28 bezaubernder
397 581 73 34 sind,
508 579 63 29 weil
609 578 49 28 wir
694 576 115 33 wissen,
850 576 69 27 dass
957 574 54 27 alle
1049 573 61 28 ihre

138 627 161 29 Schönheit
324 634 57 21 von
418 625 95 28 einem
540 623 131 35 einzigen
699 620 226 36 Regenschauer
950 618 162 29 vernichtet

138 674 117 27 werden
287 673 87 27 kann.
426 670 66 29 Und
528 668 105 28 Balzac
667 667 136 28 eroberte
837 665 78 28 nicht
947 664 84 28 allein
1065 662 45 29 die

138 719 133 28 schönen
322 717 113 28 Frauen
485 715 46 27 für
579 712 71 35 sich,
708 712 78 28 nicht
836 710 84 28 allein
971 709 139 29 Madame

139 764 35 26 de
214 762 168 28 Beauseant
424 761 55 34 gab
525 767 31 20 er
600 758 46 28 ein
686 757 85 33 Herz,
816 755 75 28 auch
931 755 56 28 den
1025 753 69 29 Miss-

136 808 183 37 gestalteten,
341 808 56 26 den
411 804 203 33 Verbitterten,
636 804 56 27 den
713 801 235 29 Unterdrückten
967 799 144 28 schenkte

138 860 32 21 er
195 852 65 29 eine
287 849 189 31 Geschichte.
527 849 37 28 Er
590 849 80 27 hatte
706 848 27 27 in
760 847 82 28 ihren
868 846 169 28 Gedanken
1063 850 33 29 ge-

137 898 91 33 lesen,
255 905 31 20 er
304 896 137 28 verstand
462 895 60 27 ihre
545 893 116 35 Leiden,
689 901 31 20 er
745 891 104 36 begriff
873 891 62 28 ihre
955 889 156 37 geheimen

138 943 132 35 Kämpfe.
334 940 77 35 „Wie
449 940 47 28 ein
534 945 171 30 sorgsamer
877 938 83 34 sagte
999 935 113 29 Sainte-

139 988 109 34 Beuve,
276 987 84 35 „geht
386 994 32 19 er
444 984 46 29 bei
517 986 56 27 den
599 984 115 28 Frauen
741 990 54 21 aus
822 983 59 27 und
908 982 54 33 ein,
996 982 60 26 und
1082 987 31 21 er

139 1034 91 27 kennt
268 1032 60 28 ihre
367 1030 84 29 Seele
491 1030 166 35 ebensogut
694 1029 53 28 wie
785 1027 83 28 ihren
904 1027 121 35 Körper.
1076 1025 37 29 Er

139 1077 94 35 weiss,
268 1077 53 28 wie
346 1076 42 28 sie
415 1076 154 35 sprechen,
603 1074 54 29 wie
691 1073 44 29 sie
762 1074 117 27 denken
906 1073 59 27 und
990 1070 54 30 wie
1070 1070 42 28 sie

139 1122 105 29 lieben.
291 1122 59 28 Alle
378 1121 80 28 diese
486 1119 134 30 ältlichen
647 1119 123 33 Frauen,
798 1118 45 28 die
868 1123 159 30 vergessen
1054 1116 60 27 und

140 1167 184 36 verkrüppelt
359 1166 27 28 in
426 1168 56 26 den
514 1165 133 29 Winkeln
686 1166 51 26 der
770 1163 162 29 Provinzen
969 1168 144 29 gesessen

141 1213 106 34 haben,
272 1212 78 29 zieht
375 1220 31 19 er
432 1218 53 21 aus
512 1211 52 28 der
588 1209 230 36 Vergessenheit
844 1209 59 27 und
929 1209 66 27 dem
1022 1206 91 29 Staub

141 1259 113 27 hervor.
317 1257 37 29 Er
392 1256 111 28 erzählt
545 1263 59 21 von
644 1255 97 35 ihnen,
785 1262 31 20 er
854 1253 99 28 macht
996 1252 43 28 sie
1077 1259 37 20 zu

142 1303 172 28 Heldinnen.
365 1302 66 29 Und
465 1310 85 20 wenn
585 1300 42 29 sie
653 1299 141 29 zuweilen
821 1300 127 33 erröten,
982 1296 64 30 weil
1071 1296 43 28 sie

141 1356 36 21 so
212 1356 54 21 ans
299 1347 81 30 Licht
413 1353 134 29 gezogen
582 1347 126 33 werden,
740 1352 36 21 so
807 1350 159 30 vergessen
1002 1342 44 29 sie
1082 1349 33 21 es

141 1394 68 28 bald
241 1394 58 28 und
338 1393 116 28 danken
488 1392 67 33 ihm,
595 1392 51 27 der
678 1390 76 29 wohl
779 1392 119 31 wusste,
937 1390 69 27 dass
1039 1388 75 28 auch

141 1439 84 28 frühe
253 1439 128 29 Runzeln
414 1439 59 26 und
505 1439 150 33 ergrautes
683 1437 79 28 Haar
795 1436 45 27 die
868 1435 90 28 Hülse
992 1442 48 20 um
1069 1433 46 29 ein

143 1484 76 28 Herz
244 1484 64 28 sein

215 1538 65 29 Und
306 1538 91 28 selbst
421 1537 77 36 jene,
526 1537 45 28 die
599 1537 71 27 über
697 1536 80 28 diese
802 1535 164 29 Heldinnen
993 1533 122 35 lächeln,

142 1584 103 35 zwingt
272 1592 38 26 er,
346 1592 36 19 an
409 1583 42 28 sie
478 1591 36 19 zu
540 1583 134 35 glauben.
726 1580 87 30 Seine
841 1580 214 35 Beobachtung
1081 1578 36 29 ist

143 1630 73 27 allzu
254 1629 67 34 fein,
360 1629 74 28 allzu
474 1627 226 36 überwältigend
739 1628 60 27 und
837 1626 74 28 allzu
950 1625 70 28 klar.
1080 1624 37 29 Er

142 1674 156 35 imponiert
318 1674 51 28 mit
388 1673 103 29 seinen
512 1672 194 29 unendlichen
721 1671 120 34 Details,
854 1679 31 21 er
900 1671 155 28 überredet
1067 1669 51 28 mit

141 1719 113 29 seinem
272 1718 257 36 eindringlichem;
529 1718 104 36 Wissen
644 1734 33 3 —
691 1726 31 19 er
739 1718 92 28 kennt
841 1718 59 27 und
915 1714 203 30 anatomisiert

144 1766 56 27 den
221 1766 120 34 Körper,
363 1773 30 19 er
413 1764 144 28 erforscht
578 1764 58 27 und
656 1763 106 28 seziert
783 1763 45 28 die
849 1763 93 28 Seele.
981 1760 136 30 Wieviele

144 1810 96 29 Bilder
266 1811 117 27 danken
409 1810 50 28 wir
485 1809 58 29 ihm
572 1808 77 29 nicht
675 1831 7 6 .
708 1829 8 8 .
742 1829 8 7 .

216 1865 60 28 Vor
301 1864 84 28 allem
412 1863 129 36 Eugenie
562 1864 134 28 Grandet
722 1864 59 26 und
807 1862 61 28 ihre
889 1862 117 28 Mutter.
1049 1860 70 28 Hier

143 1910 36 28 ist
205 1909 93 29 nichts
323 1917 58 21 von
401 1909 90 29 Zolas
517 1909 57 28 fast
600 1909 148 35 planloser
769 1907 138 35 Häufung
934 1908 51 27 der
1007 1905 96 30 Einzel-

143 1955 109 29 heiten.
303 1955 76 29 Alles
406 1954 36 28 ist
468 1956 166 34 notwendig
660 1954 27 28 in
715 1955 66 27 dem
802 1952 91 35 Bilde,
918 1952 84 36 jedes
1023 1950 96 30 Detail

143 2000 73 29 wirft
251 2000 45 28 ein
325 2008 91 21 neues
444 1999 80 30 Licht
559 2000 72 28 über
663 1999 45 28 die
742 1998 163 34 Gestalten,
938 1998 62 34 fügt
1032 1997 87 28 einen

144 2053 96 21 neuen
267 2047 60 27 und
352 2046 199 35 schlagenden
578 2045 64 35 Zug
673 2052 68 20 zum
768 2045 171 27 Charakter.
990 2041 129 37 Eugenie

143 2091 36 28 ist
211 2090 65 29 eine
310 2092 51 27 der
392 2091 163 28 schönsten
582 2090 155 29 Gestalten
765 2090 27 28 in
820 2091 50 27 der
895 2088 225 29 französischen

144 2136 150 34 Literatur,
325 2135 201 37 jungfräulich,
563 2136 64 27 edel
663 2137 59 26 und
755 2135 70 28 rein.
877 2134 70 29 Rein
973 2133 54 28 wie
1054 2132 66 29 eine

144 2182 155 28 denkende
326 2182 75 27 Frau
428 2181 44 34 ist,
499 2180 45 29 die
564 2180 95 35 weiss,
684 2188 62 20 was
765 2180 42 28 sie
835 2179 105 36 opfert,
966 2187 85 20 wenn
1077 2177 43 29 sie

145 2227 182 28 unvermählt
358 2228 59 27 und
443 2227 76 28 ihrer
545 2226 88 29 Liebe
658 2229 66 25 treu
750 2225 89 28 bleibt
872 2226 59 27 und
964 2224 46 29 die
1044 2224 76 28 eben

145 2272 50 28 auf
221 2272 102 28 Grund
351 2272 96 28 dieses
475 2271 224 35 Bewusstseins,
735 2272 69 27 dass
837 2272 52 27 das
916 2270 94 36 Opfer
1035 2276 86 29 gross

146 2318 58 28 und
231 2317 46 29 die
305 2318 187 35 Resignation
520 2318 119 34 doppelt
665 2317 131 28 erhaben
823 2316 106 34 macht,
955 2316 81 28 wahr
1063 2316 59 26 und

144 2369 86 29 gross
256 2362 97 29 bleibt.
398 2363 86 28 Denn
512 2371 52 20 nur
589 2363 52 34 sie,
668 2362 46 29 die
740 2362 95 35 weiss,
860 2370 61 21 was
947 2361 43 28 sie
1017 2361 104 35 opfert,

146 2408 94 35 bringt
266 2408 27 28 in
320 2408 149 29 Wahrheit
501 2408 46 28 ein
575 2408 94 35 Opfer
694 2424 35 3 —
762 2409 59 27 und
854 2408 45 28 die
927 2405 196 30 Bewusstheit

147 2453 36 28 ist
202 2454 75 28 auch
298 2453 46 29 bei
365 2455 51 27 der
435 2454 75 28 Frau
532 2454 83 28 mehr
634 2456 79 32 wert,
740 2453 43 28 als
809 2453 46 28 die
876 2451 246 32 Unbewusstheit.

219 2509 77 28 Aber
332 2517 86 20 wenn
458 2509 121 28 Balzacs
618 2508 115 29 Frauen
776 2507 61 29 ihre
877 2507 88 29 Liebe
1011 2507 113 35 opfern,

148 2554 104 35 opfern
278 2553 42 29 sie
348 2554 85 28 alles:
466 2554 42 28 sie
535 2553 65 29 sind
630 2562 37 19 zu
693 2554 70 28 sehr
788 2553 174 34 Menschen,
996 2560 48 20 um
1072 2553 52 27 das

150 2598 77 29 nicht
252 2608 37 19 zu
315 2599 115 28 wissen.
482 2599 66 28 Und
574 2599 124 34 Coralie,
734 2599 45 28 die
806 2598 113 36 freudig
944 2597 91 35 stirbt,
1061 2597 64 29 weil

149 2645 51 28 der
225 2645 65 28 Tod
315 2644 43 29 sie
386 2646 91 27 davor
502 2645 138 34 bewahrt,
673 2644 61 29 ihre
762 2644 88 29 Liebe
882 2652 37 19 zu
952 2643 174 34 entweihen,

148 2690 134 28 Fräulein
310 2690 211 36 d'Espregnon,
555 2690 45 28 die
626 2690 63 28 sich
715 2690 45 28 für
787 2690 61 28 ihre
875 2689 119 29 Familie
1021 2689 105 35 opfert,

150 2735 80 35 Lady
251 2735 147 35 Brandon,
426 2737 51 27 der
504 2736 45 28 die
569 2735 186 30 Mutterliebe
784 2736 56 27 den
861 2735 65 28 Tod
952 2742 35 21 so
1014 2735 113 27 schwer

151 2781 105 34 macht,
284 2781 45 28 die
356 2781 103 29 Gräfin
481 2780 144 35 Pirmiani,
652 2780 46 29 die
725 2780 82 29 ihren
830 2780 158 29 Geliebten
1014 2779 113 36 zwingt,

150 2826 47 28 ein
223 2827 92 28 Mann
341 2835 37 19 zu
403 2828 127 33 werden,
557 2826 74 35 Julie
658 2826 203 36 d'Aiglemont,
895 2826 45 28 die
967 2826 76 28 Frau
1068 2833 59 21 von

152 2871 121 36 dreissig
300 2872 108 34 Jahren
434 2888 34 4 —
495 2874 60 27 und
579 2872 83 34 viele,
687 2872 73 28 viele
788 2872 90 29 mehr.
924 2871 145 30 Wahrlich
1093 2887 35 3 —

152 2916 46 28 die
225 2917 114 29 Frauen
372 2918 173 28 schuldeten
573 2918 107 28 Balzac
713 2918 86 28 einen
829 2918 94 33 Altar;
954 2917 43 29 sie
1030 2918 98 27 haben

153 2961 47 29 ihn
228 2962 59 28 ihm
313 2962 28 28 in
368 2962 90 29 ihren.
477 2963 116 28 Herzen
620 2963 144 28 errichtet.

226 3017 65 28 Und
330 3018 136 28 dennoch
498 3033 34 4 —
571 3017 45 29 die
656 3017 230 36 Schilderungen
926 3019 50 26 der
1014 3017 115 28 Frauen

153 3062 98 28 haben
270 3062 143 29 vielleicht
432 3062 102 29 seinen
555 3064 94 29 Ruhm
670 3064 171 35 begründet,
861 3062 82 29 seine
958 3062 173 36 Zeichnung

154 3108 52 27 des
244 3108 127 29 Mannes
408 3110 117 27 werden
565 3109 47 28 ihn
652 3109 167 28 bewahren.
887 3109 67 34 Wir,
997 3108 45 29 die
1080 3108 51 29 wir

153 3152 136 36 glauben,
316 3155 68 26 dass
405 3154 213 35 Beobachtung
645 3154 45 28 die
712 3154 212 36 notwendigste
945 3154 188 35 Eigenschaft

154 3198 53 28 des
247 3198 332 30 Romanschriftstellers
618 3200 45 34 ist,
700 3201 118 27 werden
858 3200 123 28 Balzacs
1017 3200 115 28 Frauen

155 3243 104 28 immer
293 3245 187 34 bewundern,
520 3246 77 27 denn
636 3245 67 28 kein
729 3246 92 29 Mann
861 3246 50 28 hat
948 3245 43 28 sie
1030 3246 104 27 besser

157 3290 73 26 oder
264 3297 35 20 so
325 3292 51 33 gut
400 3290 131 35 gekannt
562 3290 54 29 wie
649 3299 38 20 er.
737 3291 79 29 Aber
845 3291 51 29 wir
926 3292 119 28 werden
1078 3298 55 20 uns

157 3334 137 29 dennoch
320 3341 100 29 sagen,
448 3337 69 26 dass
543 3337 52 28 der
619 3337 101 33 Mann,
753 3336 92 28 selbst
871 3336 46 29 ein
945 3337 116 34 Balzac,
1088 3335 46 30 die

157 3379 115 29 Frauen
299 3379 103 30 immer
428 3388 35 21 so
489 3381 144 29 zeichnen
658 3381 79 34 wird,
769 3381 54 29 wie
850 3390 32 20 er
906 3382 63 34 will,
1003 3383 69 27 dass
1091 3382 43 28 sie

156 3432 64 20 sein
245 3425 105 34 sollen,
382 3426 128 35 weniger
534 3435 45 26 so,
611 3427 54 28 wie
698 3426 43 29 sie
774 3426 74 29 sind.
901 3428 112 27 Darum
1040 3428 95 27 dürfte

159 3470 142 28 mancher
340 3471 90 28 Leser
462 3471 121 36 George
623 3472 95 28 Sands
757 3472 116 29 Frauen
914 3474 60 27 und
1013 3473 124 28 Balzacs

158 3516 127 28 Männer
310 3516 169 28 vorziehen.

233 3570 54 34 „Es
313 3570 49 35 gilt
388 3571 52 27 das
619 3574 66 33 sagt
712 3572 114 34 Balzac,
855 3574 69 32 „das
952 3573 99 28 Leben
1079 3574 59 27 und

160 3616 83 27 mehr
268 3616 44 27 als
338 3617 53 26 das
418 3616 108 34 Leben,
560 3617 77 28 denn
672 3624 31 21 es
736 3617 49 35 gilt
818 3619 53 26 das
1072 3618 67 29 Und

161 3661 90 28 damit
276 3662 92 27 stürzt
394 3661 81 29 diese
496 3662 92 28 Schar
614 3662 28 28 in
661 3662 188 28 wirbelndem
870 3663 98 29 Strom
988 3664 150 34 vorwärts,

162 3706 218 28 unaufhaltsam
400 3707 51 28 auf
470 3708 51 28 der
541 3708 73 35 Jagd
636 3708 73 28 nach
733 3709 65 27 dem
821 3708 105 35 Glück,
953 3708 28 29 in
1001 3709 137 36 hitzigem

162 3750 132 36 Kampfe,
329 3752 53 28 wie
419 3753 164 28 Infusorien
619 3752 28 29 in
680 3752 97 29 einem
804 3754 246 36 Wassertropfen,
1085 3755 55 28 wie

161 3796 219 29 Weizenkeime
416 3798 38 28 im
494 3798 113 35 Boden,
647 3798 46 30 die
733 3807 48 19 um
821 3799 101 29 Sonne
962 3801 59 27 und
1060 3800 81 29 Licht

161 3841 150 35 kämpfen.

239 3887 93 34 „Aber
358 3896 33 20 es
527 3890 63 35 fügt
616 3890 50 28 der
687 3889 120 29 Dichter
833 3889 96 36 hinzu,
958 3899 71 26 „nur
1054 3891 87 29 einen

164 3932 79 35 Weg,
269 3932 63 28 sein
354 3933 95 29 Glück
475 3942 37 20 zu
539 3935 141 28 machen:
707 3944 68 19 man
803 3935 124 28 erreicht
953 3937 70 27 alles
1051 3938 90 27 durch

165 3976 45 29 die
246 3978 84 27 Frau.
381 3979 66 28 Und
486 3988 53 19 nur
578 3981 88 28 durch
837 3982 111 28 Darum
987 3981 69 29 wird
1095 3983 46 27 bei

165 4022 106 28 Balzac
305 4024 75 27 auch
414 4024 45 28 die
491 4025 76 28 Frau
601 4026 26 27 in
661 4028 56 26 den
753 4027 106 35 Kampf
893 4026 250 37 hineingezogen;

164 4069 146 27 trotzdem
343 4070 78 27 steht
447 4070 42 27 sie
516 4071 171 28 ausserhalb
722 4073 52 27 des
800 4073 152 28 Gefechts.
1005 4073 66 28 Und
1098 4074 43 28 ich

166 4113 118 28 möchte
305 4122 32 19 es
357 4114 212 30 wiederholen:
595 4116 83 35 jener
693 4118 271 28 unbeschreibliche
980 4118 164 29 Schimmer

165 4165 58 20 von
250 4159 157 36 Wahrheit,
435 4162 56 26 den
518 4162 51 27 der
595 4162 238 34 Existenzkampf
860 4164 50 27 auf
934 4164 122 28 Balzacs
1084 4165 59 28 Ge-

1190 69 107 28 stalten
1328 68 82 34 wirft,
1443 67 35 28 ist
1511 66 43 28 ihr
1583 66 132 35 grösster
1747 65 126 34 Vorzug.
1925 64 106 28 Dieser
2063 63 108 28 Schein

1191 115 66 27 ruht
1283 122 47 19 am
1357 113 148 28 stärksten
1531 111 51 28 auf
1602 112 56 27 den
1678 111 155 32 Männern,
1861 110 59 27 und
1944 108 121 29 deshalb
2086 108 85 28 ziehe

1192 158 45 29 ich
1263 158 43 28 sie
1336 165 62 21 vor.
1454 157 180 28 Ausserdem
1669 155 66 28 sind
1773 154 45 29 die
1849 154 217 35 Männertypen
2094 153 77 28 noch

1192 202 242 36 mannigfaltiger,
1470 202 45 28 die
1551 202 143 27 Nuancen
1731 199 101 34 feiner,
1866 198 46 28 die
1945 198 113 29 Details
2094 198 77 28 noch

1191 248 122 29 reicher.

1263 292 79 29 Aber
1372 292 114 28 wählen
1518 290 51 28 wir
1601 290 46 28 ein
1675 290 149 28 einzelnes
1851 289 136 36 Beispiel,
2014 290 78 27 denn
2120 295 54 19 nur

1193 337 91 28 durch
1317 338 55 27 den
1400 335 129 29 Hinweis
1561 336 50 28 auf
1644 335 47 29 ein
1725 334 149 30 einzelnes
1901 335 64 28 Bild
1997 335 80 27 kann
2104 340 69 20 man

1192 383 87 28 einen
1299 381 178 29 schwachen
1497 380 110 36 Begriff
1626 388 58 21 von
1705 381 107 28 Balzac
1833 381 60 27 und
1912 379 98 29 seiner
2030 377 143 30 Methode

1191 428 96 35 geben
1313 442 35 5 —
1375 426 46 28 ein
1442 427 107 27 kurzer
1570 426 136 35 Hinweis,
1735 427 51 27 der
1811 426 59 27 fast
1897 433 54 20 nur
1978 423 46 29 ein
2046 423 127 29 Resume

1191 473 119 28 werden
1341 479 97 21 muss:
1471 471 72 28 aber
1570 471 127 29 Resume
1731 472 60 27 und
1823 470 72 28 freie
1923 467 159 31 Phantasie
2108 466 66 29 sind

1193 517 96 35 Scylla
1310 518 59 26 und
1389 516 143 35 Charydis
1553 517 52 27 der
1625 515 99 30 Kritik.
1776 516 113 34 Jedoch
1893 531 34 3 —
1947 515 65 27 eine
2040 512 133 29 einzelne

1193 562 117 29 Gestalt
1341 569 54 21 aus
1430 562 96 28 dieser
1562 561 118 29 Galerie
1706 570 38 19 zu
1769 561 115 29 wählen
1912 560 36 28 ist
1975 558 78 29 nicht
2079 557 96 29 leicht.

1195 608 45 28 Ihr
1267 607 151 30 Reichtum
1445 606 37 29 ist
1506 615 37 19 zu
1571 606 199 37 mannigfaltig
1804 607 59 27 und
1888 611 95 29 gross.
2033 603 59 29 Wir
2125 603 33 28 be-

1195 659 115 29 gegnen
1348 652 104 35 Blond,
1486 651 135 35 Brideau,
1656 652 127 34 Nathan,
1818 651 85 36 jener
1936 656 110 29 ganzer
2080 648 96 29 Schar

1194 698 115 28 Pariser
1344 697 199 34 Journalisten
1585 698 51 28 mit
1670 697 168 29 käuflichen
1875 696 114 28 Federn
2030 695 61 27 und
2124 696 52 33 gut

1193 743 197 29 verstecktem
1427 743 194 28 Gewissen—
1656 743 82 28 einer
1772 741 201 30 Gesellschaft
2009 739 102 29 mitten
2148 739 28 28 in

1195 790 52 27 der
1266 788 207 33 Gesellschaft,
1494 788 82 28 einer
1595 788 150 37 klebrigen
1765 786 208 34 Gesellschaft,
2001 786 46 28 die
2068 785 108 28 Balzac

1195 833 51 28 mit
1278 833 138 28 Vorliebe
1454 833 166 35 behandelt,
1652 832 242 30 wahrscheinlich
1926 831 64 28 weil
2028 830 43 29 sie
2105 830 71 29 alles

1193 878 228 36 widerspiegelt:
1471 879 92 29 Elend
1608 880 59 27 und
1713 879 106 33 Luxus,
1863 877 205 35 Aufopferung
2116 876 60 27 und

1195 924 198 35 Verbrechen,
1426 926 61 27 und
1517 925 64 28 weil
1608 925 52 28 der
1685 923 174 35 beständige
1887 922 106 35 Kampf
2019 921 63 29 hier
2107 928 69 20 zum

1197 969 231 37 Handgemenge
1473 969 79 35 wird,
1597 978 67 20 zum
1703 968 202 35 Faustkampf,
1950 967 127 28 beinahe
2125 974 53 19 zur

1196 1014 186 35 Schlägerei:
1426 1016 58 28 Wir
1521 1015 107 28 treffen
1673 1015 152 33 Gobseck,
1880 1012 143 35 Grandet,
2082 1012 96 34 Claes,

1196 1060 168 35 Wucherer,
1396 1060 190 29 Alchimisten
1620 1061 60 28 und
1712 1059 169 34 Geizhälse,
1920 1059 99 33 Leute,
2052 1058 47 28 für
2133 1056 45 30 die

1197 1106 53 27 das
1277 1105 80 29 Gold
1383 1106 106 28 Zweck
1524 1107 59 27 und
1617 1106 77 28 nicht
1725 1105 94 29 Mittel
1849 1105 159 35 geworden
2041 1103 44 34 ist,
2119 1103 60 28 und

1198 1150 45 29 die
1270 1152 141 27 sterbend
1445 1152 74 27 nach
1553 1153 67 26 dem
1647 1151 127 29 Kruzifix
1799 1153 106 31 tasten,
1933 1150 53 28 das
2012 1148 89 29 ihnen
2129 1148 51 28 mit

1198 1197 67 28 dem
1292 1197 115 28 Glänze
1444 1199 52 26 des
1522 1196 109 29 Silbers
1665 1196 284 36 entgegenleuchtet
2000 1194 59 29 Wir
2084 1194 95 28 sehen

1199 1242 35 28 de
1273 1242 127 35 Marsav,
1440 1242 164 36 Rastignac,
1651 1244 35 26 de
1724 1242 121 35 Trailes,
1884 1241 210 32 Modeherren,
2134 1239 45 29 die

1197 1286 89 36 jeden
1306 1287 62 36 Tag
1394 1288 71 28 alles
1492 1294 112 30 wagen,
1626 1296 49 19 um
1696 1287 43 28 ihr
1765 1287 77 29 Ziel:
1869 1288 100 29 Leben
1996 1287 61 27 und
2082 1285 99 28 Glück

1197 1341 37 19 zu
1275 1333 160 28 erreichen.
1486 1333 59 28 Wir
1582 1333 102 28 lernen
1724 1334 92 28 Cesar
1860 1332 152 29 Birotteau
2052 1332 128 32 kennen,

1199 1378 136 34 Chesnel,
1389 1378 94 29 David
1531 1378 140 35 Sechard,
1723 1379 224 28 Ehrenmänner
1992 1376 101 29 mitten
2142 1375 38 29 im

1200 1423 99 29 Elend.
1351 1424 90 28 Diese
1478 1424 175 29 unendliche
1689 1424 94 28 Schar
1817 1432 58 20 von
1912 1423 156 29 Gestalten
2103 1421 80 29 zieht

1200 1477 37 20 an
1276 1477 139 21 unserem
1442 1469 81 29 Blick
1561 1469 110 35 vorbei,
1711 1470 60 28 und
1809 1477 86 21 wenn
1934 1468 49 30 wir
2023 1470 85 26 unter
2146 1467 37 28 all

1201 1514 102 29 diesen
1352 1515 103 35 Typen
1501 1514 108 29 Lucien
1662 1515 156 35 Rubenpre
1863 1514 231 36 herausgreifen,
2146 1520 36 21 so

1199 1560 154 35 geschieht
1390 1567 33 21 es
1459 1560 127 28 beinahe
1622 1560 65 28 aufs
1723 1560 199 28 Geratewohl.
1974 1560 94 28 Unter
2103 1558 81 29 einer

1200 1606 124 28 solchen
1356 1606 108 35 Menge
1501 1607 78 27 kann
1616 1614 68 20 man
1722 1606 79 28 nicht
1834 1606 125 34 wählen,
1995 1613 69 20 man
2099 1604 86 36 greift

1200 1651 68 28 halb
1290 1651 44 28 ins
1355 1651 125 28 Dunkle.
1532 1651 109 28 Lucien
1662 1651 36 28 ist
1719 1653 51 26 der
1790 1651 83 28 Sohn
1894 1651 82 28 eines
1995 1651 189 35 Apothekers

1202 1697 59 27 und
1287 1696 82 28 einer
1395 1696 115 35 adligen
1537 1697 105 28 Dame.
1694 1696 37 29 Er
1757 1696 82 28 erbte
1865 1704 59 21 von
1950 1696 99 28 seiner
2075 1696 110 28 Mutter

1202 1741 65 28 eine
1305 1741 253 36 verhängnisvolle
1598 1741 163 30 Schönheit
1800 1743 60 27 und
1908 1741 66 28 eine
2014 1741 171 36 Begabung,

1203 1786 46 28 die
1283 1787 58 27 ihm
1376 1796 36 18 zu
1449 1787 92 28 ihrem
1567 1787 110 35 Abgott
1710 1788 105 27 macht.
1868 1787 37 29 Er
1929 1787 70 28 wird
2025 1795 59 20 von
2111 1787 75 27 allen

1202 1832 79 28 blind
1306 1834 169 34 vergöttert.
1526 1833 70 28 Sein
1616 1833 105 28 Talent
1741 1833 128 35 gewinnt
1896 1833 59 28 ihm
1983 1832 45 29 die
2050 1832 135 35 Männer,

1202 1877 83 29 seine
1318 1877 164 30 Schönheit
1515 1879 46 28 die
1597 1879 125 28 Frauen.
1786 1879 92 28 Unter
1911 1878 101 29 diesen
2046 1878 140 29 Madame

1203 1923 159 36 Bargeton,
1396 1924 46 28 die
1474 1924 63 28 sich
1571 1923 27 29 in
1632 1925 59 27 den
1718 1924 84 28 Sohn
1831 1925 53 27 des
1910 1924 188 35 Apothekers
2124 1932 48 20 ver-

1203 1969 69 28 liebt
1298 1970 60 27 und
1386 1969 47 28 ihn
1461 1978 37 19 zu
1523 1969 63 28 sich
1614 1969 135 29 einladet.
1789 1969 58 30 Wir
1866 1969 152 36 verfolgen
2046 1978 59 19 nun
2125 1969 63 35 Tag

1202 2015 47 27 für
1273 2015 63 35 Tag
1362 2014 82 29 seine
1472 2015 97 34 Liebe,
1596 2015 95 28 sehen
1718 2015 48 28 ihn
1794 2016 133 35 langsam
1960 2023 54 20 aus
2042 2015 146 29 Louisens

1204 2060 106 28 Sklave
1338 2060 43 28 ihr
1414 2061 75 28 Herr
1520 2062 127 33 werden,
1686 2061 95 28 sehen
1818 2062 48 27 ihn
1903 2060 165 29 allmählich
2104 2060 83 28 seine

1204 2105 120 28 Familie
1350 2106 179 34 verleugnen
1557 2107 59 26 und
1642 2106 43 27 ihr
1711 2107 133 34 langsam
1872 2107 71 26 alles
1963 2107 112 26 rauben
2110 2106 79 28 Aber

1205 2150 97 28 dieser
1328 2150 157 35 Egoismus
1513 2152 128 27 erwacht
1666 2157 77 29 ganz
1771 2150 174 29 allmählich.
1993 2150 196 28 Schleichend

1205 2195 180 37 bemächtigt
1411 2204 31 20 er
1468 2195 62 29 sich
1557 2197 99 28 seines
1682 2202 117 30 ganzen
1826 2197 134 33 Wesens,
1987 2195 44 29 bis
2053 2195 46 29 die
2120 2195 53 28 Zer-

1204 2242 125 35 störung
1354 2241 149 29 vollendet
1529 2241 36 29 ist
1591 2243 60 27 und
1678 2242 110 29 Lucien
1814 2242 63 34 reif,
1906 2242 100 28 seiner
2032 2241 158 29 Geliebten

1207 2287 74 27 nach
1310 2287 80 29 Paris
1416 2296 37 20 zu
1479 2288 108 35 folgen.
1628 2288 107 28 Balzac
1761 2288 79 28 führt
1866 2287 82 29 seine
1976 2288 216 34 Umwandlung

1207 2332 78 28 nicht
1311 2333 91 28 durch
1428 2333 70 36 jähe
1525 2333 196 36 Uebergänge
1742 2333 109 35 herbei,
1879 2342 31 19 er
1937 2333 179 29 manövriert
2142 2334 34 27 be-

1205 2378 117 35 ständig
1360 2378 51 28 mit
1451 2378 222 37 Kleinigkeiten,
1713 2379 51 28 mit
1804 2378 297 37 Belanglosigkeiten,
2141 2378 52 28 mit

1207 2423 90 36 jenen
1475 2432 54 20 aus
1556 2425 97 28 denen
1680 2426 54 27 das
1755 2424 184 29 Unendliche
1965 2431 207 29 zusammenge-

1207 2471 77 26 setzt
1310 2469 44 29 ist.
1394 2469 108 29 Lucien
1529 2470 116 28 kommt
1673 2470 73 28 nach
1776 2470 89 35 Paris,
1892 2479 31 19 er
1948 2470 170 28 schlendert
2143 2470 50 28 auf

1209 2516 57 27 den
1295 2515 182 28 Boulevards
1504 2516 113 34 herum,
1641 2517 60 27 und
1729 2516 75 29 nach
1832 2517 59 27 und
1919 2516 74 28 nach
2020 2517 116 27 kommt
2163 2524 31 19 er

1209 2560 97 35 dahin,
1332 2561 63 28 sich
1421 2561 99 28 seiner
1541 2561 143 36 Kleidung
1710 2570 36 19 zu
1766 2562 153 34 schämen,
1939 2561 99 29 seiner
2058 2562 135 34 Wäsche,

1210 2605 45 29 die
1288 2606 83 28 seine
1408 2606 168 30 Schwester
1607 2607 28 28 in
1667 2607 81 29 einer
1790 2608 182 28 schlaflosen
2011 2608 96 28 Nacht
2145 2614 33 29 ge-

1211 2651 102 35 plättet
1339 2652 59 34 hat,
1424 2652 99 29 seiner
1549 2653 110 34 Stiefel,
1687 2652 45 29 die
1760 2653 86 28 keine
1874 2653 122 35 Stulpen
2024 2653 106 28 haben.
2159 2653 36 29 Er

1209 2697 70 35 geht
1304 2706 37 19 zu
1369 2698 96 28 einem
1493 2698 163 29 Schneider
1682 2700 59 26 und
1768 2698 69 29 wird
1989 2715 34 3 —
2051 2699 71 27 aber
2149 2698 45 29 die

1212 2750 97 21 neuen
1336 2743 117 29 Kleider
1488 2743 66 29 sind
1586 2752 37 19 zu
1657 2752 66 26 neu,
1757 2745 60 27 und
1851 2752 68 20 man
1945 2745 107 27 lächelt
2078 2744 27 28 in
2132 2745 42 28 Ma-

1212 2789 86 28 dame
1334 2789 158 35 d'Espards
1519 2790 79 35 Loge
1626 2790 73 28 über
1725 2790 58 28 ihn.
1851 2790 37 28 Er
1921 2790 79 28 hatte
2037 2790 50 28 auf
2114 2789 81 29 diese

1212 2834 117 28 Kleider
1348 2834 122 35 gehofft,
1482 2843 31 20 er
1532 2835 97 29 wollte
1650 2835 27 28 in
1699 2835 102 29 diesen
1819 2835 136 29 Kleidern
1975 2836 221 35 triumphieren,

1212 2880 84 28 seine
1341 2879 163 30 Schönheit
1543 2881 44 28 ins
1627 2880 82 29 Licht
1746 2883 103 26 setzen
1888 2883 60 26 und
1987 2890 68 19 man
2082 2882 115 28 lächelt.

1212 2926 180 35 Ausgelacht
1417 2927 60 27 und
1503 2927 148 29 verhöhnt
1677 2927 69 27 ballt
1772 2935 32 19 er
1830 2926 45 29 die
1903 2927 106 28 Hände
2035 2933 95 30 gegen
2151 2928 46 28 die

1213 2971 208 28 Gesellschaft.
1469 2973 61 27 Aus
1564 2973 129 28 tausend
1720 2972 124 36 Dingen,
1881 2972 36 29 ist
1951 2972 65 29 sein
2050 2973 77 28 Hass
2155 2982 29 20 er-

1214 3017 148 34 wachsen,
1378 3017 45 28 die
1445 3025 68 20 man
1538 3017 271 29 Lächerlichkeiten
1831 3027 118 19 nennen
1969 3019 122 34 könnte,
2111 3027 87 21 wenn

1216 3070 68 20 man
1310 3062 62 28 sich
1395 3062 78 29 nicht
1495 3064 93 27 selbst
1612 3066 74 33 sagt,
1720 3065 69 27 dass
1815 3065 109 34 gerade
1950 3065 103 28 solche
2080 3065 119 28 kleinen

1215 3107 95 36 Dinge
1344 3108 46 28 die
1424 3115 126 29 grossen
1589 3109 150 29 Faktoren
1774 3109 37 29 im
1846 3110 114 29 Roman
1995 3111 53 27 des
2082 3111 117 28 Lebens

1214 3154 127 28 werden.

1288 3200 67 27 Nun
1375 3199 70 29 wird
1473 3200 108 29 Lucien
1602 3201 28 28 in
1651 3203 53 26 das
1727 3201 127 28 Gewühl
1875 3203 52 26 des
1948 3201 115 28 Pariser
2084 3202 116 28 Lebens

1214 3251 146 30 gezogen.
1424 3246 47 28 Ich
1508 3247 80 27 kann
1622 3246 58 28 ihm
1715 3247 79 28 nicht
1826 3248 91 27 durch
1952 3246 102 29 diesen
2094 3247 107 36 Kampf

1215 3291 109 35 folgen,
1353 3293 51 26 der
1428 3292 104 28 seinen
1559 3292 158 36 Egoismus
1743 3293 173 35 verdoppelt
1942 3294 60 27 und
2027 3293 83 28 seine
2131 3293 53 28 Zer-

1216 3337 125 35 störung
1360 3337 157 28 vollendet.
1543 3338 79 28 Aber
1642 3338 110 28 überall
1772 3337 101 29 finden
1886 3337 52 29 wir
1957 3338 28 28 in
2006 3340 52 26 der
2072 3338 114 29 Schilde-

1217 3389 75 29 rung
1314 3382 130 29 dieselbe
1471 3383 138 35 Klarheit,
1637 3385 59 27 und
1723 3384 71 28 alles
1819 3384 77 35 trägt
1917 3385 52 27 das
1990 3384 139 36 Gepräge
2152 3385 51 28 der

1221 3427 224 30 unerbittlichen
1471 3429 239 35 Notwendigkeit
1736 3431 51 27 der
1812 3429 207 29 Wirklichkeit.

1292 3482 115 29 Zuletzt
1433 3483 81 28 diese
1542 3483 183 36 ergreifende
1752 3484 97 28 Szene
1876 3492 37 20 an
1940 3484 134 28 Coralies
2093 3485 92 28 Toten-

1219 3528 70 28 bett.
1339 3528 108 29 Lucien
1484 3529 50 28 hat
1566 3529 68 29 kein
1668 3530 85 35 Geld,
1785 3530 71 28 alles
1883 3530 36 28 ist
1944 3530 175 35 verpfändet
2144 3532 60 27 und

1219 3573 145 28 verkauft.
1422 3575 67 28 Und
1516 3575 37 28 da
1581 3575 96 28 neben
1705 3575 67 35 ihm,
1800 3575 51 29 auf
1877 3577 67 27 dem
1972 3576 67 28 Bett
2064 3576 69 36 liegt
2159 3576 45 29 die

1221 3619 85 34 Frau,
1335 3619 46 29 die
1408 3628 32 20 er
1464 3628 36 20 so
1526 3621 71 27 sehr
1628 3620 108 36 geliebt
1767 3621 59 35 hat,
1859 3621 43 28 als
1935 3629 32 21 er
1992 3622 97 28 lieben
2115 3622 89 35 kann,

1223 3666 59 27 und
1310 3665 44 28 die
1381 3665 59 29 ihm
1467 3666 72 29 alles
1557 3667 137 35 geopfert
1713 3667 51 28 hat
1790 3668 60 27 und
1875 3666 73 36 jetzt
1965 3667 47 28 für
2038 3667 49 28 ihn
2113 3667 92 29 stirbt.

1225 3709 62 30 Wie
1314 3711 55 28 soll
1395 3711 43 29 sie
1466 3714 85 26 unter
1578 3711 46 29 die
1651 3712 76 30 Erde
1753 3713 152 34 kommen,
1937 3713 55 29 wie
2024 3713 55 29 soll
2106 3721 32 20 er
2162 3713 44 29 sie

1224 3756 154 35 begraben
1404 3757 125 29 lassen?
1574 3758 149 28 Während
1758 3758 44 28 ihr
1837 3759 185 28 brechendes
2047 3759 83 35 Auge
2157 3758 50 29 ihn

1223 3801 96 35 sucht,
1358 3802 68 29 sitzt
1465 3811 32 20 er
1536 3812 47 19 am
1623 3803 68 29 Bett
1729 3805 59 27 und
1821 3804 130 29 schreibt
1977 3820 32 4 —
2037 3804 47 29 ein
2112 3805 76 28 Buch-

1224 3848 123 28 händler
1383 3848 50 28 hat
1459 3848 47 29 bei
1533 3848 59 29 ihm
1620 3850 46 28 ein
1694 3857 71 28 paar
1792 3850 135 30 obszöne
1954 3851 104 29 Lieder
2084 3850 123 30 bestellt

1225 3893 45 28 An
1297 3892 89 29 ihnen
1414 3893 124 30 arbeitet
1565 3903 39 20 er.
1644 3895 67 28 Und
1736 3904 59 21 von
1823 3895 65 29 Zeit
1912 3905 38 20 zu
1976 3896 66 29 Zeit
2068 3905 82 20 muss
2178 3904 31 21 er

1226 3938 45 28 die
1308 3939 129 28 Melodie
1473 3947 147 28 summen,
1657 3949 49 19 um
1742 3950 37 19 zu
1816 3942 104 35 prüfen
1953 3942 39 28 ob
2029 3942 46 29 die
2107 3943 101 29 Worte

1226 3991 117 28 passen.
1365 4001 32 3 —
1412 3985 49 28 Bis
1476 3986 88 27 dahin
1579 3986 36 28 ist
1628 3986 71 29 alles
1720 3987 148 28 vollendet
1888 3989 74 27 oder
1981 3987 127 30 beinahe
2129 3989 79 28 alles.

1227 4030 65 28 Von
1329 4029 63 30 hier
1425 4039 37 20 an
1493 4031 100 36 gleitet
1619 4032 108 28 Lucien
1764 4033 26 27 in
1812 4034 54 27 das
1891 4033 179 35 Abenteuer,
2107 4033 27 29 in
2162 4034 46 28 die

1228 4075 168 35 Phantasie,
1431 4076 126 29 beinahe
1584 4077 28 28 in
1645 4078 204 29 Phantasterei
1875 4095 37 3 —
1936 4079 54 28 wie
2018 4080 54 27 alle
2099 4080 92 35 Haupt-

1228 4129 149 27 personen
1398 4122 130 29 Balzacs.
1570 4123 105 28 Dieser
1693 4130 105 29 grosse
1820 4124 189 29 Beobachter
2026 4125 71 28 wird
2113 4131 96 29 gegen

1228 4167 82 28 Ende
1336 4168 99 28 seiner
1456 4168 116 28 Bücher
1596 4168 103 29 immer
1720 4177 68 20 zum
1810 4170 188 27 Phantasten.
2040 4170 54 27 Die
2115 4171 76 26 Phan-

2256 61 84 34 tasie,
2368 61 45 28 die
2441 70 31 19 er
2496 61 124 35 solange
2646 60 135 36 gezügelt
2807 60 58 34 hat,
2891 60 71 35 geht
2988 59 50 28 mit
3058 59 59 28 ihm
3138 60 89 28 durch

2258 108 59 26 und
2343 114 32 20 er
2399 105 72 29 wird
2497 105 93 29 selbst
2616 104 185 36 mitgerissen
2828 105 60 27 und
2919 105 70 34 geht
3022 104 28 28 in
3083 106 68 26 dem
3178 105 45 27 wir-

2258 151 127 28 belnden
2413 151 115 28 Strudel
2549 153 92 32 unter,
2662 151 57 27 den
2740 157 32 20 er
2791 149 216 36 aufgepeitscht
3027 150 58 28 hat.
3123 150 69 28 Was
3212 150 26 30 in

2256 195 115 29 seinem
2409 195 100 29 Leben
2546 193 281 31 Geisteskrankheit
2861 202 68 27 war,
2964 194 71 29 wird
3071 195 27 28 in
3137 196 102 30 seinen

2259 241 137 28 Büchern
2422 240 151 36 zügellose
2600 240 135 28 Ekstase.
2782 239 38 28 Er
2858 239 159 29 übertreibt
3051 240 45 28 die
3121 242 118 30 wahren

2258 285 92 35 Züge,
2376 294 32 19 er
2433 285 109 28 schafft
2567 285 47 28 für
2641 286 53 27 das
2713 284 170 35 Alltägliche
2903 284 181 36 gigantische
3105 286 136 31 Formen.

2258 331 154 28 Nachdem
2441 338 33 21 er
2503 338 77 29 ganz
2606 330 62 29 real
2693 336 140 28 gewesen
2859 338 68 26 war,
2954 331 70 28 wird
3050 339 33 20 er
3107 332 120 29 schliess-

2258 375 56 29 lich
2346 382 76 29 ganz
2456 374 296 30 unwahrscheinlich.
2801 374 66 28 Und
2896 383 60 20 von
2989 375 97 29 einem
3121 376 121 37 Roman,

2260 422 52 27 der
2355 429 56 20 uns
2450 423 91 26 durch
2582 420 83 29 seine
2705 419 152 29 Wahrheit
2893 419 146 35 verblüfft,
3076 421 100 36 gleitet
3213 432 30 19 er

2259 465 125 29 hinüber
2422 474 56 20 uns
2513 466 47 28 ein
2587 465 172 29 Abenteuer
2794 473 36 19 zu
2858 465 148 34 erzählen,
3039 468 53 26 das
3122 467 60 29 fast
3207 476 36 21 an

2260 511 30 28 E.
2317 511 54 28 Th.
2397 512 32 28 A.
2457 512 165 28 Hoffmann
2649 510 136 28 erinnert.

2351 566 79 28 Aber
2474 566 120 28 Vautrin
2644 564 36 29 ist
2726 564 76 29 noch
2850 565 317 29 unwahrscheinlicher
3204 568 42 27 als

2263 610 117 30 Lucien.

2358 665 130 35 Vautrin,
2528 666 52 28 der
2618 665 247 34 ausgebrochene
2905 665 261 35 Galeerensklave,
3197 668 50 28 der

2260 710 137 35 gemeine
2423 710 195 33 Verbrecher,
2646 710 52 28 der
2724 710 175 34 „Napoleon
2927 711 51 27 der

2354 774 106 28 Balzac
2486 774 61 28 'hat
2583 773 66 29 eine
2685 773 163 28 Schwäche
2883 774 47 27 für
2954 774 103 28 solche
3084 775 156 29 Gestalte«

2262 817 48 30 Sie
2336 819 66 28 sind
2430 820 207 34 Ausgeburten
2663 818 100 28 seiner
2787 818 158 28 Phantasie
2971 821 61 26 und
3059 820 129 29 nehmen
3214 822 36 28 all

2262 865 53 27 das
2344 864 225 29 Phantastische
2597 864 27 28 in
2651 863 60 29 ihm
2737 864 159 35 gefangen.
2941 864 89 28 Seine
3057 867 176 35 unerschöpf-

2262 908 74 28 liche
2358 909 255 36 Erfindungsgabe
2641 909 99 29 macht
2767 908 81 28 diese
2869 909 185 29 Verbrecher
3079 919 37 19 zu
3137 911 113 29 Helden

2264 952 29 29 in
2321 954 172 29 Hunderten
2519 963 58 20 von
2605 955 155 35 Kämpfen,
2789 962 31 19 er
2845 954 72 28 lässt
2943 954 43 29 sie
3012 955 112 36 siegen,
3153 957 82 28 trium-

2265 998 122 36 phieren
2415 1001 60 27 und
2500 1001 155 28 zerstören
2665 1011 6 23 ;
2700 1007 31 21 er
2756 999 122 29 verliebt
2897 999 62 29 sich
2980 1001 28 27 in
3030 1000 61 29 ihre
3112 1007 123 30 grenzen-

2263 1044 65 28 lose
2364 1044 244 36 Verworfenheit,
2641 1054 31 20 er
2703 1046 73 27 lässt
2808 1044 43 29 sie
2885 1054 37 19 zu
2955 1046 125 29 Titanen
3113 1048 139 29 wachsen

2265 1091 59 27 und
2361 1090 99 28 macht
2494 1090 43 29 sie
2574 1091 128 28 beinahe
2740 1100 37 19 zu
2808 1091 128 28 Göttern
2963 1107 34 4 —
3024 1100 33 20 er
3083 1093 99 28 macht
3208 1094 44 28 die

2265 1134 231 36 Schlechtigkeit
2530 1136 199 35 bezaubernd,
2764 1136 99 28 indem
2898 1144 32 20 er
2961 1136 43 28 sie
3032 1138 221 30 unmenschlich

2263 1187 87 29 gross
2385 1180 106 29 macht
2538 1181 91 33 Jener
2656 1181 100 29 Baron
2783 1181 100 35 Hulot,
2916 1183 56 26 den
2998 1181 93 29 Taine
3117 1183 47 28 für
3190 1183 63 30 eine

2266 1228 52 27 der
2350 1227 141 35 grössten
2524 1227 157 28 Gestalten
2715 1229 52 27 des
2801 1228 137 28 Dichters
2965 1227 78 35 hielt,
3074 1228 52 28 hat
3151 1229 104 36 gewiss

2264 1271 55 29 viel
2353 1280 37 20 zu
2427 1274 68 26 dem
2530 1272 55 29 Ruf
2611 1274 52 26 der
2689 1273 191 28 Immoralität
2907 1274 124 27 Balzacs
3058 1274 196 36 beigetragen.

2266 1317 37 29 Er
2343 1318 175 28 bewundert
2554 1317 45 28 die
2636 1317 114 35 Stärke,
2786 1326 46 21 wo
2869 1328 32 19 er
2926 1319 43 28 sie
2996 1319 94 29 findet
3110 1321 60 27 und
3194 1329 46 20 ver-

2265 1362 138 30 herrlicht
2441 1363 45 29 die
2529 1363 89 34 Kraft,
2658 1364 76 28 auch
2773 1372 87 20 wenn
2898 1364 43 28 sie
2973 1364 38 28 im
3052 1365 123 29 Dienste
3203 1368 52 27 des

2267 1408 207 29 Verbrechens
2500 1409 89 29 steht.

2342 1463 87 29 Seine
2469 1463 185 29 Verbrecher
2699 1463 184 35 imponieren
2929 1465 54 28 wie
3024 1465 232 37 Michelangelos

2269 1508 134 30 Statuen.

2343 1564 61 28 Der
2442 1564 136 28 Vorwurf
2618 1565 52 27 des
2710 1563 249 29 Unmoralischen
2998 1564 73 28 lässt
3108 1565 63 29 sich
3211 1574 46 21 am

2269 1601 176 36 dichtesten
2490 1615 95 29 gegen
2631 1609 86 28 einen
2763 1609 208 28 Schriftsteller
3015 1610 140 34 erheben,
3196 1615 63 33 sagt

2270 1655 141 27 Madame
2448 1654 130 28 Surville.
2630 1655 48 27 Sie
2715 1655 50 27 hat
2801 1655 100 29 Recht.
2952 1655 80 29 Aber
3067 1664 85 20 wenn
3192 1665 66 21 man

2272 1700 48 28 ihn
2347 1708 37 19 zu
2411 1699 98 29 einem
2535 1699 146 36 gewissen
2709 1700 159 36 Zeitpunkt
2894 1700 52 28 mit
2971 1701 130 28 seltener
3126 1702 117 29 Einstim-

2272 1745 120 35 migkeit
2418 1751 95 29 gegen
2540 1745 83 28 ihren
2651 1745 113 28 Bruder
2790 1745 131 35 richtete,
2947 1754 37 21 so
3010 1755 61 20 war
3097 1747 63 28 dies
3180 1749 80 28 recht

2274 1790 151 34 natürlich,
2463 1792 61 26 und
2560 1790 46 29 die
2642 1790 110 28 Schuld
2787 1791 46 36 lag
2869 1791 79 29 nicht
2980 1792 86 28 allein
3093 1801 39 20 an
3157 1794 101 28 seinen

2272 1836 141 34 Feinden,
2450 1836 46 28 die
2529 1836 60 28 ihm
2616 1837 230 27 missverstehen
2872 1838 127 34 wollten,
3026 1839 133 28 sondern
3185 1841 73 28 auch

2273 1890 38 20 an
2345 1881 68 35 ihm,
2448 1883 52 27 der
2533 1881 251 29 missverstanden
2817 1884 118 27 werden
2963 1884 124 28 konnte.
3137 1884 30 28 In
3194 1886 64 28 dem

2274 1929 148 27 rasenden
2462 1928 114 35 Kampf,
2616 1929 53 27 der
2707 1927 26 29 in
2770 1927 104 29 seinen
2911 1928 137 29 Büchern
3084 1930 73 34 tobt,
3189 1930 71 36 siegt

2273 1976 75 26 stets
2385 1973 45 28 die
2467 1973 115 29 Stärke.
2634 1974 94 27 Wenn
2764 1974 78 27 auch
2870 1974 108 29 Balzac
3006 1973 27 29 in
3060 1975 104 28 seinen
3190 1976 52 28 Vor-

2274 2020 92 28 reden
2399 2018 96 29 Christ
2534 2018 43 35 ist,
2618 2018 27 28 in
2684 2018 104 28 seinen
2829 2020 155 28 Romanen
3025 2020 89 29 bleibt
3150 2029 31 21 er
3217 2021 42 29 ein

2274 2065 123 28 Schüler
2436 2065 154 28 Voltaires.
2643 2064 55 29 Die
2738 2064 131 36 Religion
2910 2065 36 28 ist
2984 2066 46 28 für
3065 2067 109 28 Balzac
3211 2076 49 20 nur

2275 2110 67 28 eine
2369 2110 245 34 Notwendigkeit,
2643 2109 45 28 die
2714 2110 112 28 Völker
2852 2119 37 18 zu
2916 2112 114 32 zügeln,
3051 2112 55 26 wie-

2275 2155 189 29 solutismus.
2526 2155 56 28 Die
2618 2154 158 28 Polizisten
2813 2154 128 28 zähmen
2978 2154 46 29 die
3051 2155 123 35 Körper,
3211 2157 48 27 das

2277 2200 200 29 Christentum
2515 2199 45 29 die
2596 2199 128 35 Geister,
2761 2201 61 27 und
2856 2207 61 21 was
2951 2200 107 29 Balzac
3091 2201 168 36 Sympathie

2277 2246 46 28 für
2358 2246 81 28 diese
2476 2245 107 29 beiden
2603 2246 120 31 Mächte
2751 2245 142 34 einflösst,
2922 2245 35 28 ist
2984 2245 61 29 ihre
3072 2246 106 29 Stärke
3206 2249 54 27 und

2279 2300 54 20 nur
2364 2291 52 29 sie.
2469 2291 36 29 Er
2540 2292 50 27 hat
2616 2291 39 28 im
2683 2291 123 29 Grunde
2832 2297 76 29 ganz
2936 2291 130 29 dieselbe
3093 2292 167 36 Sympathie

2277 2338 47 28 für
2350 2339 58 27 den
2434 2337 185 28 Verbrecher
2645 2337 121 28 Vautrin
2791 2353 37 3 —
2860 2337 43 28 sie
2932 2337 112 36 siegen,
3079 2338 84 28 beide
3191 2339 71 28 kraft

2280 2384 76 28 ihrer
2382 2384 116 28 Stärke.

2354 2439 124 28 Balzacs
2508 2438 117 28 Bücher
2652 2437 137 28 erinnern
2816 2445 37 20 an
2875 2437 86 28 einen
2988 2438 168 29 verwirrten
3182 2440 65 27 brau-

2279 2485 115 28 senden
2426 2484 183 33 Hexentanz,
2642 2484 59 27 und
2727 2483 64 28 sein
2818 2483 52 28 Stil
2897 2486 83 33 passt
3005 2490 98 29 genau
3130 2493 68 20 zum
3225 2486 26 27 In-

2281 2530 59 28 halt
2399 2530 71 28 Man
2497 2530 79 27 kann
2612 2530 115 27 schwer
2753 2531 91 26 etwas
2872 2529 262 36 Ungeordneteres
3159 2530 105 35 finden,

2280 2576 43 28 als
2359 2575 47 28 ein
2443 2575 82 28 Buch
2562 2582 58 21 von
2657 2575 118 28 Balzac.
2827 2575 42 28 So
2905 2575 54 28 wie
2992 2575 84 29 seine
3104 2577 143 28 Personen-

2279 2621 109 36 galerie
2415 2621 67 28 bald
2509 2621 47 28 ein
2582 2620 361 35 Wachsfigurenkabinett
2978 2620 36 29 ist
3041 2623 58 27 und
3126 2622 68 28 bald
3220 2622 43 28 ein

2281 2667 163 35 mächtiges
2480 2667 149 33 Museum,
2665 2666 129 28 erinnert
2829 2666 84 29 seine
2949 2667 132 35 Sprache
3117 2669 61 27 und
3206 2667 59 29 sein

2281 2713 131 29 Satzbau
2448 2720 38 20 an
2522 2712 47 28 ein
2605 2711 116 29 reiches
2757 2712 195 28 Warenhaus.
3013 2713 62 28 Nur
3110 2713 74 29 Zola
3221 2714 45 28 hat

2283 2759 77 28 noch
2401 2758 83 29 mehr
2523 2758 255 27 unübersetzbare
2814 2758 100 28 Worte
2954 2758 43 28 als
3033 2766 39 26 er,
3111 2767 53 20 nur
3198 2759 68 29 Zola

2282 2806 79 26 kann
2390 2804 45 28 die
2462 2804 88 28 Sätze
2577 2812 36 20 so
2640 2803 179 29 auftürmen.
2869 2804 79 28 Aber
2974 2804 47 28 bei
3049 2806 67 26 dem
3141 2805 108 35 Begrün-

2283 2852 52 27 der
2350 2852 52 26 des
2418 2849 217 29 Naturalismus
2650 2849 37 28 ist
2708 2850 52 27 der
2780 2848 52 30 Stil
2851 2849 179 36 gleichartig,
3052 2850 46 28 die
3117 2851 149 34 Methode,

2284 2896 45 29 die
2356 2896 51 29 Art
2432 2904 38 20 zu
2496 2895 155 36 sprechen,
2678 2897 74 26 stets
2780 2895 139 28 dieselbe.
2971 2896 108 28 Balzac
3106 2895 37 29 ist
3169 2896 98 30 immer

2285 2951 65 19 neu.
2413 2942 42 28 So
2498 2940 54 29 wie
2599 2949 32 20 er
2669 2942 101 28 Worte
2810 2949 54 20 aus
2903 2941 76 28 allen
3018 2941 249 30 Wissenschaften

2284 2986 353 34 durcheinandermischt,
2664 2987 83 28 ahmt
2773 2994 32 21 er
2831 2987 81 28 kühn
2940 2989 57 26 den
3024 2987 53 28 Stil
3100 2987 70 30 aller
3196 2987 57 29 Peri-

2284 3034 80 28 oden
2399 3033 83 34 nach,
2516 3033 60 27 und
2603 3033 52 27 der
2681 3032 179 36 originellste
2887 3032 220 35 Schriftsteller*
3130 3034 52 29 der
3206 3033 49 29 viel-

2284 3079 88 28 leicht
2397 3078 28 36 je
2452 3078 98 36 gelebt
2576 3078 59 33 hat,
2670 3078 35 28 ist
2737 3078 108 36 infolge
2873 3078 98 28 dieser
2996 3079 155 35 gewollten
3178 3079 72 30 Nach-

2284 3126 131 34 ahmung
2442 3125 52 28 der
2520 3123 226 37 Unoriginalität
2771 3123 158 36 bezichtigt
2954 3125 132 29 worden.

2359 3189 99 28 Selbst
2491 3188 45 29 die
2569 3189 110 27 letzten
2711 3189 107 27 Werke
2851 3188 84 35 legen
2968 3188 130 36 Zeugnis
3131 3196 59 21 von
3224 3190 43 27 der

2286 3234 101 30 Arbeit
2419 3235 47 34 ab,
2491 3234 54 28 -die
2580 3241 32 21 es
2646 3234 58 28 ihm
2738 3234 139 35 gekostet
2908 3234 59 34 hat,
2993 3234 105 28 seinen
3126 3234 79 28 Platz
3231 3234 36 28 als

2286 3281 140 35 grössten
2460 3280 122 29 Dichter
2613 3279 197 28 Frankreichs
2840 3288 37 19 zu
2916 3280 181 35 behaupten,
3134 3281 57 27 den
3227 3279 40 28 ihn

2287 3327 93 28 Taine
2426 3326 38 28 im
2521 3325 102 29 selben
2674 3325 87 28 Atem
2813 3327 52 26 mit
2916 3325 208 36 Shakespeare
3177 3327 90 27 nennt

2288 3373 95 28 Wenn
2420 3379 69 21 man
2521 3370 49 29 ihn
2606 3371 109 35 gerade
2750 3376 77 30 ganz
2863 3370 98 29 sicher
2997 3371 101 36 glaubt
3124 3372 60 28 und
3211 3370 56 30 eine

2288 3418 136 29 Feinheit
2462 3417 28 28 in
2525 3418 51 27 der
2609 3416 227 36 Beobachtung,
2868 3416 66 29 eine
2968 3417 150 35 anmutige
3152 3417 115 29 Periode

2290 3466 52 27 der
2381 3463 131 36 Sprache
2549 3462 180 34 bewundert,
2869 3471 68 20 man
2964 3471 59 20 von
3050 3463 81 28 einer
3156 3464 112 27 starken

2290 3507 237 36 Uebertreibung
2553 3508 60 27 und
2639 3507 98 29 einem
2764 3508 153 36 holprigen
2938 3508 130 29 Satzbau
3093 3508 110 29 wieder
3227 3509 27 28 ab-

2289 3558 167 33 gestossen.
2518 3553 109 28 Balzac
2664 3561 61 21 war
2766 3553 46 29 nie
2853 3554 176 28 einheitlich.
3086 3554 67 29 Und
3192 3561 75 22 wenn

2292 3601 79 28 nicht
2406 3600 47 27 ein
2485 3599 92 35 Engel
2613 3600 61 27 und
2710 3599 46 28 ein
2792 3600 104 28 Teufel
2932 3600 28 28 in
2996 3600 59 29 ihm
3081 3600 129 35 wohnte,
3242 3606 25 21 so

2293 3654 99 22 waren
2420 3645 76 29 doch
2523 3653 69 20 zum
2619 3644 167 29 mindesten
2812 3646 78 28 zehn
2916 3646 167 28 Menschen
3109 3646 29 28 in
3164 3646 68 28 ihm.

2363 3701 72 29 Man
2462 3702 73 33 sagt,
2564 3701 69 27 dass
2660 3708 33 20 es
2721 3701 52 27 das
2800 3700 153 29 Schicksal
2980 3702 51 28 der
3055 3702 138 35 grössten
3220 3699 46 30 und

2292 3748 121 29 wahren
2440 3746 121 29 Dichter
2587 3746 43 35 ist,
2659 3748 60 26 erst
2743 3747 75 28 nach
2838 3746 93 29 ihrem
2952 3746 84 29 Tode
3057 3748 167 28 anerkannt
3242 3752 23 22 zu

2291 3794 127 28 werden.

2367 3849 71 29 Man
2471 3848 86 28 sollte
2589 3847 146 29 vielleicht
2768 3848 71 29 eher
2870 3855 101 30 sagen,
3003 3850 68 27 dass
3098 3857 68 19 man
3194 3848 71 28 einen

2295 3894 123 30 Dichter
2450 3894 75 28 nach
2559 3895 68 27 dem
2653 3894 129 29 Einfluss
2807 3897 111 26 werten
2945 3895 89 34 kann,
3062 3895 57 28 den
3147 3902 32 20 er
3206 3892 59 30 nach

2293 3941 115 28 seinem
2429 3939 84 29 Tode
2536 3939 119 36 erlangt.
2695 3939 210 36 Shakespeare
2930 3941 50 27 hat
2999 3941 45 27 für
3064 3939 201 35 Jahrhunderte

2295 3986 203 36 geschrieben.
2552 3985 116 35 Balzac,
2695 3986 52 27 der
2773 3985 27 28 in
2828 3985 82 29 einer
2936 3986 65 28 Zeit
3026 3986 87 33 lebte,
3140 3993 47 21 wo
3211 3984 53 29 alles

2295 4040 37 20 so
2368 4030 156 29 unendlich
2552 4031 86 28 rasch
2664 4031 169 34 wechselte,
2862 4032 50 27 hat
2947 4032 49 27 auf
3030 4031 90 36 jeden
3152 4031 59 28 Fall
3236 4028 28 29 für

2295 4077 73 29 viele
2401 4076 226 30 Generationen
2661 4077 206 35 geschrieben.
2905 4078 61 28 Der
2998 4076 135 35 Einfluss,
3168 4078 56 27 den
3247 4078 17 23 ef

2296 4123 51 28 auf
2381 4123 45 28 die
2463 4122 145 29 Literatur
2639 4122 100 29 seines
2773 4123 116 28 Landes
2916 4123 59 28 und
3003 4123 130 28 dadurch
3159 4122 51 29 auf
3235 4118 28 30 die

2296 4170 52 27 der
2373 4176 115 27 ganzen
2515 4169 75 28 Welt
2615 4169 135 34 ausübte,
2778 4168 36 28 ist
2840 4169 252 27 unberechenbar.
