3624 4440
1801 132 92 54 202

207 281 148 61 sucht,
387 276 224 55 während
641 277 248 52 derselben
919 279 103 52 Zeit
1053 277 144 54 durch
1229 277 71 51 die
1329 275 149 52 Kehle
1510 273 165 70 gehen.
1714 275 80 52 Ich

205 365 218 53 erwähne
454 381 104 42 nur,
588 364 105 50 dass
724 364 71 52 ich
828 364 145 52 selbst
1003 365 71 49 für
1094 364 148 50 meine
1266 364 178 48 Person
1475 379 37 33 z.
1538 361 52 51 B.
1615 360 45 51 in
1691 360 103 51 der

207 450 273 67 einzigen
525 450 229 52 Woche
800 468 104 33 vom
953 450 51 51 8.
1045 449 67 49 bis
1163 445 85 52 13.
1280 446 90 50 Mai
1411 445 114 70 (also
1574 445 44 51 in
1663 445 132 52 sechs

205 536 173 65 Tagen,
425 533 122 50 denn
579 535 235 60 Sonntags
862 534 144 49 findet
1051 533 45 49 in
1135 529 213 68 England
1389 529 295 52 bekanntlich
1726 531 71 50 nie

208 619 99 51 eine
338 618 267 52 öffentliche
636 619 298 66 Aufführung
965 616 140 68 Statt)
1152 616 218 50 Mozart's
1401 616 107 50 Don
1539 618 122 49 Juan
1701 615 96 52 und

207 703 310 50 Beethoven's
541 703 171 50 Fidelio
746 701 265 59 italiänisch,
1045 699 220 51 Weber's
1289 700 269 50 Freischütz
1588 699 209 60 deutsch,

208 807 89 32 von
336 788 269 52 Beethoven
652 787 152 49 ferner
843 784 114 52 zwei
1003 784 432 52 Clavier-Concerte
1482 785 61 68 (in
1582 787 89 49 Es-
1703 784 94 51 und

228 873 177 68 G-dur)
406 869 1 72 ,
439 873 70 51 die
528 873 268 49 Ouvertüre
828 889 57 32 zu
906 870 230 60 Coriolan,
1169 870 71 51 die
1266 878 174 43 neunte
1470 870 202 51 Sinfonie
1703 869 92 51 und

209 959 73 50 die
313 973 159 52 grosse
498 957 153 49 Messe
680 955 44 50 in
755 958 165 48 D-dur
953 955 169 68 gehört
1150 955 96 51 und
1280 954 209 52 daneben
1520 955 123 50 vier
1675 953 92 52 Con-

209 1048 156 45 certen
397 1039 80 51 des
509 1039 164 52 kölner
705 1041 594 67 Männergesang-Vereins
1333 1038 300 67 beigewohnt
1663 1038 134 52 habe.

204 1126 88 49 Die
321 1124 316 69 Möglichkeit,
680 1143 58 32 an
785 1143 50 32 so
877 1126 125 50 reich
1041 1124 238 51 besetzten
1312 1124 158 49 Tafeln
1501 1123 175 51 überall
1717 1123 81 50 mit

208 1230 57 31 zu
296 1211 198 68 speisen,
539 1211 117 50 wird
701 1211 131 49 allein
867 1209 145 51 durch
1045 1209 70 51 die
1148 1209 227 50 londoner
1408 1208 120 50 Sitte
1558 1207 83 51 der
1668 1208 96 50 Mor-

207 1314 111 50 gen-
350 1296 97 51 und
473 1295 423 50 Abend-Concerte
928 1293 226 68 gewährt,
1193 1292 108 67 jene
1331 1292 315 66 Nachmittags
1689 1291 80 51 zwi-

209 1381 140 51 schen
388 1380 96 50 drei
524 1380 95 50 und
664 1380 147 54 sechs,
854 1378 124 50 diese
1016 1377 193 51 Abends
1252 1395 91 32 von
1384 1376 105 49 acht
1530 1376 113 51 oder
1689 1375 105 50 halb

207 1481 124 33 neun
362 1463 67 51 bis
461 1463 78 50 eilf
564 1463 120 59 Uhr;
731 1480 81 32 zur
843 1461 249 51 Ausdauer
1134 1460 113 50 aber
1277 1461 61 49 im
1371 1460 182 50 Genuss
1586 1458 94 52 und
1713 1477 82 32 zur

207 1549 287 67 Verdauung
532 1547 112 51 aller
674 1547 183 68 Haupt-
895 1546 97 52 und
1021 1545 371 68 Nebengerichte
1425 1545 170 67 gehört
1625 1545 170 51 freilich

205 1634 73 49 ein
310 1632 106 51 sehr
445 1631 206 69 rüstiger
679 1632 189 69 Körper
909 1631 95 51 und
1046 1631 73 51 ein
1159 1631 273 67 englischer,
1477 1630 42 51 d.
1553 1630 43 49 h.
1628 1648 141 33 unver-

208 1716 264 52 wüstlicher
503 1717 185 66 Magen.
743 1716 136 50 Denn
908 1715 70 51 die
1006 1715 374 67 Nebengerichte
1412 1714 270 52 erscheinen
1714 1731 83 51 gar

208 1803 164 66 häufig
401 1801 117 51 auch
548 1801 121 51 noch
699 1800 44 51 in
777 1818 113 51 ganz
923 1800 248 67 gehöriger
1200 1799 315 68 Mächtigkeit,
1558 1799 86 51 wie
1676 1818 37 32 z.
1743 1800 54 50 B.

209 1905 74 32 am
322 1885 88 52 10.
443 1886 90 50 Mai
562 1885 153 51 neben
746 1885 83 50 der
858 1893 205 42 neunten
1088 1884 202 51 Sinfonie
1320 1884 120 49 noch
1472 1884 110 49 zwei
1615 1884 152 49 Ouver-

208 1979 155 52 türen,
410 1971 100 50 eine
553 1988 162 51 grosse
746 1971 342 65 Gesangscene,
1134 1970 72 50 ein
1244 1969 417 53 Beethoven'sches
1695 1969 77 49 Cla-

211 2054 325 51 vier-Concert
574 2055 95 50 und
721 2054 116 50 zehn
879 2053 67 51 bis
989 2053 142 51 zwölf
1163 2053 257 52 Nummern
1463 2070 114 34 aus.
1592 2053 206 58 Leslie's,

208 2139 123 51 eines
364 2139 267 67 englischen
661 2138 347 68 Componisten,
1042 2137 272 50 Oratorium
1731 2138 67 48 Ist

208 2242 104 32 man
343 2242 96 33 nun
470 2241 82 50 gar
584 2223 240 51 entweder
866 2222 143 52 durch
1044 2222 71 49 die
1147 2220 316 60 Gesellschaft,
1511 2222 43 48 in
1596 2220 199 51 welcher

209 2327 106 32 man
345 2308 94 51 sich
471 2308 169 69 gerade
670 2307 223 59 befindet,
937 2307 114 51 oder
1092 2305 146 51 durch
1267 2305 499 51 Recensenten-Gewis-

211 2392 320 67 senhaftigkeit
562 2408 305 50 gezwungen,
919 2391 116 49 auch
1068 2388 120 51 beim
1218 2389 245 50 Nachtisch
1496 2389 301 52 auszuhalten

211 2477 95 51 und
339 2477 89 51 den
458 2477 202 49 Schaum
691 2476 94 50 und
816 2476 71 49 die
912 2474 316 68 Süssigkeiten
1260 2474 82 51 der
1369 2474 166 50 Ballets
1568 2474 114 50 nach
1715 2474 82 50 der

212 2562 132 67 Oper
386 2559 94 51 und
527 2561 81 49 der
640 2559 269 51 Intermezzi
942 2559 83 50 der
1056 2558 200 51 Solisten
1287 2558 61 50 im
1380 2558 202 50 Concert
1613 2557 69 52 bis
1717 2575 81 33 zur

211 2646 144 67 Neige
390 2645 81 50 mit
503 2645 327 59 auszukosten,
856 2645 61 66 ja,
948 2643 120 51 dann
1093 2645 57 48 ist
1178 2643 148 50 einem
1357 2660 82 49 gar
1463 2643 65 51 oft
1554 2643 83 50 der
1658 2643 141 50 letzte

212 2730 152 50 Strich
396 2730 80 49 des
509 2728 281 51 Orchesters
821 2728 70 51 ein
929 2727 155 67 Signal
1127 2727 83 50 der
1239 2727 202 50 Freiheit
1473 2727 94 50 und
1599 2726 81 51 der
1712 2727 58 48 Er-

212 2815 183 67 lösung,
440 2832 106 32 man
592 2813 196 50 erkennt
833 2812 71 51 die
933 2812 348 66 Berechtigung
1326 2811 78 51 des
1436 2811 170 51 Stoffes
1648 2811 150 51 neben

214 2899 104 49 dem
350 2899 156 50 Geiste
534 2897 277 69 vollständig
842 2915 57 32 an
929 2896 97 52 und
1056 2896 93 61 eilt,
1182 2896 94 50 sich
1308 2896 146 50 davon
1486 2914 55 32 zu
1573 2895 198 51 überzeu-

216 3000 104 50 gen,
351 2984 102 49 dass
486 2982 80 51 der
594 2982 146 51 Name
769 2984 285 48 Restaurant
1091 2981 102 50 kein
1225 2980 149 49 leerer
1407 2980 160 52 Wahn
1599 2980 72 52 ist.

344 3066 105 51 Und
477 3085 97 32 nun
619 3066 70 51 die
720 3066 155 52 Masse
920 3084 87 33 von
1037 3066 212 59 Kräften,
1294 3065 175 49 welche
1515 3065 166 49 herauf
1719 3062 54 52 be-

217 3151 244 52 schworen
509 3153 187 49 werden
743 3170 81 32 zur
868 3150 332 67 Ausführung!
1256 3150 87 50 Die
1374 3150 300 51 Directionen
1721 3149 81 49 der

218 3236 164 68 Opern
428 3235 92 50 und
571 3234 80 51 der
697 3253 192 49 grossen
919 3234 379 51 Musik-Vereine
1340 3233 323 50 verschreiben
1708 3233 94 50 sich

218 3321 86 50 alle
334 3319 261 68 möglichen
627 3320 377 51 Berühmtheiten
1035 3337 81 33 aus
1147 3319 118 51 allen
1294 3319 217 49 Ländern
1541 3318 83 50 der
1656 3318 147 59 Welt,

216 3405 97 50 ihre
357 3404 221 67 Agenten
622 3403 149 51 reisen
815 3405 80 49 auf
934 3404 105 51 dem
1080 3403 247 52 Festlande
1374 3403 180 57 umher,
1600 3420 77 32 um
1732 3401 70 51 die

214 3488 333 68 glänzendsten
579 3487 347 50 musicalischen
948 3488 224 49 Portraits
1204 3488 70 48 lür
1305 3487 71 50 die
1407 3503 162 51 grosse
1591 3485 186 51 Ausstel-

213 3574 113 67 lung
357 3591 90 33 von
477 3572 352 66 Tongemälden
870 3572 45 49 in
957 3572 80 49 der
1066 3572 225 49 londoner
1318 3573 176 48 Season
1538 3589 54 32 zu
1637 3570 165 50 kaufen

219 3658 113 51 oder
363 3677 53 32 zu
451 3658 228 58 miethen;
711 3673 96 33 was
840 3655 133 50 einen
994 3655 177 51 Namen
1201 3655 92 60 hat,
1324 3661 186 45 müssen
1543 3655 62 51 sie
1637 3654 166 61 haben,

218 3756 48 37 es
298 3742 147 59 koste,
498 3760 94 33 was
635 3758 48 33 es
727 3741 152 58 wolle,
932 3738 94 52 und
1073 3756 94 33 was
1213 3756 114 49 gern
1355 3739 128 51 einen
1514 3739 177 51 Namen
1721 3738 54 51 be-

222 3828 216 50 kommen
477 3827 200 58 möchte,
721 3828 172 48 strömt
936 3824 136 51 ihnen
1105 3841 88 33 von
1225 3823 142 51 selbst
1397 3842 70 41 zu,
1517 3824 149 50 schifft
1709 3823 93 51 sich

223 3912 80 50 mit
331 3912 137 50 ihnen
500 3911 86 58 ein,
621 3911 133 49 kehrt
785 3909 111 51 aber
927 3908 117 51 auch
1086 3906 171 50 freilich
1295 3907 106 49 sehr
1441 3908 224 50 seekrank
1707 3908 95 51 und

223 3996 79 48 auf
327 3995 272 50 mancherlei
633 3995 164 50 Weise
828 3993 266 51 enttäuscht
1126 3991 188 52 zurück.

349 4080 84 49 Die
449 4080 313 66 Verkehrung
792 4078 81 50 der
895 4077 318 52 Jahreszeiten
1246 4075 144 52 durch
1423 4075 71 50 die
1522 4075 281 67 Engländer,

222 4161 175 52 welche
442 4163 71 49 die
556 4163 599 66 Winter-Vergnügungen
1201 4161 45 51 in
1303 4160 78 50 das
1428 4157 229 69 Frühjahr
1709 4158 93 51 und

1892 275 145 52 selbst
2067 276 43 51 in
2143 275 88 52 den
2262 275 214 51 Sommer
2495 272 153 51 hinein
2671 273 149 68 legen,
2852 273 269 70 begünstigt
3142 273 155 51 diesen
3321 275 160 51 Strom

1892 360 83 51 der
2005 359 366 52 künstlerischen
2400 357 504 52 Continental-Mächte
2946 360 117 49 nach
3095 359 103 50 dem
3232 357 249 54 britischen

1892 445 284 60 Insellande;
2227 445 83 51 der
2339 446 103 65 Zug
2488 442 82 51 der
2601 442 250 68 Singvögel
2883 444 331 50 insbesondere
3246 442 115 51 wird
3393 461 89 33 von

1892 529 113 52 Jahr
2048 549 56 32 zu
2145 530 114 52 Jahr
2298 527 367 69 regelmässiger,
2716 526 56 51 da
2814 526 94 50 sich
2951 527 132 51 keine
3114 529 227 67 Sängerin
3386 527 95 51 und

1893 615 104 48 kein
2029 616 183 65 Sänger
2256 633 87 32 von
2375 614 96 51 Ruf
2509 613 81 50 auf
2626 613 103 49 dem
2762 611 246 52 Festlande
3039 613 166 49 anders
3237 613 132 49 mehr
3398 629 54 33 an-

1892 699 161 49 stellen
2079 699 127 58 lässt,
2236 699 65 49 als
2333 700 82 48 mit
2446 698 134 50 zwei-
2611 698 68 50 bis
2702 696 421 52 dreimonatlichem
3149 696 188 61 Urlaub,
3369 698 83 50 wel-

1892 783 109 49 cher
2032 781 120 51 dann
2185 799 113 50 ganz
2330 783 285 51 vortrefflich
2646 783 45 49 in
2720 781 197 51 London
2949 780 310 69 ausgebeutet
3289 781 190 51 werden

1892 868 136 49 kann.
2089 867 101 50 Und
2234 867 175 49 welche
2441 867 551 50 Iloftheater-Intendanz
3039 867 120 50 kann
3206 883 150 51 gegen
3399 867 80 50 das

1893 950 116 51 Geld
2051 950 82 50 der
2174 950 263 68 englischen
2469 952 519 49 Privat-Unternehmer
3029 950 94 52 und
3162 949 83 51 der
3286 967 193 49 grossen

1891 1037 198 51 Vereine
2121 1035 334 51 aufkommen?
2593 1035 258 68 Uebrigens
2891 1054 126 32 muss
3059 1037 69 49 ich
3161 1035 98 51 hier
3289 1035 70 53 die
3391 1037 58 51 Be-

1892 1121 230 66 merkung
2151 1119 276 69 anknüpfen,
2475 1119 103 50 dass
2613 1119 71 50 die
2712 1119 134 59 Sitte,
2895 1119 71 51 die
2997 1121 100 49 Zeit
3129 1121 81 49 der
3239 1122 210 66 Kunstge-

1892 1209 138 47 nüsse
2061 1206 43 49 in
2136 1206 81 49 der
2250 1204 221 51 Residenz
2503 1203 44 51 in
2578 1203 80 53 das
2681 1203 230 67 Frühjahr
2932 1223 56 31 zu
3012 1206 149 67 legen,
3194 1204 285 70 keineswegs

1892 1289 81 50 auf
1999 1288 179 51 blosser
2207 1289 161 50 Laune
2400 1288 113 51 oder
2544 1306 82 49 gar
2657 1288 80 50 auf
2763 1288 104 50 dem
2898 1289 166 66 Hange
3097 1307 103 32 zum
3220 1289 261 53 Seltsamen

1892 1373 184 60 beruht,
2119 1373 202 51 sondern
2362 1373 43 50 in
2450 1373 144 50 vielen
2625 1373 183 68 Dingen
2838 1390 84 49 gar
2961 1373 122 50 wohl
3116 1372 263 69 begründet
3406 1376 72 58 ist,

1892 1458 345 69 hauptsächlich
2279 1458 45 50 in
2366 1458 82 50 der
2491 1457 370 51 Beschaffenheit
2909 1457 82 51 der
3035 1457 315 69 Atmosphäre
3391 1476 90 33 von

1892 1543 211 50 London.
2133 1542 140 50 Diese
2303 1542 58 51 ist
2391 1542 59 50 im
2481 1542 206 51 Herbste
2720 1542 94 50 und
2848 1542 190 51 Winter
3068 1560 51 33 so
3151 1542 118 59 dick,
3300 1560 51 33 so
3378 1561 67 32 um-

1893 1627 220 50 räuchert
2145 1627 91 50 und
2269 1626 252 61 umnebelt,
2563 1626 104 52 dass
2697 1626 71 50 ihr
2799 1626 71 51 ein
2898 1626 147 67 jeder,
3093 1626 89 51 den
3213 1627 147 50 Beruf
3386 1627 93 51 und

1895 1711 246 51 Geschäfte
2171 1711 124 51 nicht
2326 1729 56 32 an
2413 1711 71 51 die
2516 1711 184 51 Scholle
2730 1710 187 59 binden,
2965 1729 56 33 zu
3053 1711 245 51 entfliehen
3331 1711 150 58 sucht,

1895 1815 137 33 wenn
2072 1814 50 33 er
2163 1814 88 33 nur
2297 1796 172 67 einiger
2498 1797 213 51 Maassen
2756 1797 71 50 die
2857 1796 149 51 Mittel
3038 1796 114 51 dazu
3186 1797 92 51 hat.
3340 1797 139 50 Diese

1892 1881 150 51 Mittel
2074 1880 166 51 besitzt
2269 1880 111 51 aber
2410 1880 71 51 die
2504 1881 122 50 hohe
2648 1880 323 61 Aristokratie,
3003 1880 174 52 welche
3201 1881 71 50 die
3297 1881 152 69 Haupt-

1896 1970 150 46 stütze
2077 1966 82 50 der
2188 1966 170 60 Kunst,
2399 1966 95 50 und
2526 1984 123 32 zwar
2678 1966 43 50 in
2753 1965 202 51 London
2983 1965 132 51 mehr
3147 1966 65 50 als
3243 1966 42 50 in
3318 1966 161 68 irgend

1895 2050 125 51 einer
2049 2050 286 67 Hauptstadt
2381 2050 80 50 des
2493 2050 270 50 Festlandes
2795 2051 71 56 ist,
2913 2050 290 50 bekanntlich
3246 2050 44 50 in
3333 2050 122 51 reich-

1893 2135 184 50 lichster
2108 2134 157 60 Fülle;
2312 2135 273 66 desswegen
2616 2135 194 50 verlässt
2842 2135 62 50 sie
2936 2134 71 51 die
3039 2134 185 51 düstere
3255 2135 134 50 Stadt
3420 2134 61 51 im

1893 2220 322 66 Spätsommer
2246 2219 94 50 und
2371 2218 112 67 geht
2513 2219 98 50 aufs
2643 2219 144 57 Land,
2828 2237 77 32 wo
2952 2219 64 50 sie
3059 2219 88 50 den
3177 2218 179 51 Herbst
3387 2219 94 50 und

1892 2303 281 66 wenigstens
2216 2303 117 49 auch
2381 2303 89 49 den
2521 2303 166 49 halben
2719 2303 190 51 Winter
2949 2303 80 49 auf
3064 2303 130 49 ihren
3237 2304 79 48 mit
3347 2303 132 49 allem

1893 2387 203 51 Vorrath
2140 2387 71 48 für
2251 2387 191 67 geistige
2474 2387 94 51 und
2612 2387 206 49 leibliche
2851 2387 226 67 Nahrung
3126 2387 94 49 und
3252 2388 81 48 mit
3364 2387 117 51 allen

1893 2469 452 71 Bequemlichkeiten
2400 2471 80 50 des
2527 2469 326 69 wohlhäbigen
2898 2469 183 52 Lebens
3126 2471 200 49 trefflich
3379 2487 75 33 ver-

1896 2557 200 49 sehenen
2127 2556 91 49 und
2254 2556 286 67 keineswegs
2578 2556 334 49 vereinsamten
2944 2556 273 50 Schlössern
3248 2554 231 69 zubringt.

1898 2641 159 51 Wenn
2090 2638 111 51 aber
2232 2639 69 50 die
2334 2639 399 68 Frühlingswinde
2764 2639 72 50 die
2865 2638 110 51 Luft
3006 2639 43 50 in
3078 2639 198 50 London
3308 2639 173 50 wieder

1896 2725 98 49 rein
2025 2725 132 66 fegen
2189 2725 94 49 und
2315 2725 89 49 den
2434 2725 240 67 nebeligen
2704 2726 157 48 Dunst
2893 2725 363 67 durchsichtiger
3288 2725 193 49 machen

1905 2839 67 7 -
2016 2808 121 51 denn
2178 2826 114 50 ganz
2326 2810 342 49 verscheuchen
2716 2808 113 51 lässt
2867 2826 51 33 er
2959 2808 95 51 sich
3100 2808 72 51 nie
3210 2839 90 29 —,
3344 2826 137 33 wenn

1898 2892 121 51 dann
2051 2910 54 32 zu
2138 2892 200 66 gleicher
2370 2892 99 50 Zeit
2513 2893 80 51 das
2626 2893 262 50 Parlament
2928 2892 124 51 seine
3085 2892 254 67 Sitzungen
3369 2892 112 59 hält,

1898 2977 122 51 dann
2051 2976 120 51 zieht
2203 2976 116 51 auch
2350 2976 70 51 die
2451 2977 152 51 reiche
2635 2977 307 50 Aristokratie
2973 2976 172 51 wieder
3176 2977 44 50 in
3251 2976 71 51 die
3345 2976 136 51 Stadt

1896 3062 95 51 und
2022 3062 264 66 verlängert
2317 3062 65 50 oft
2411 3062 130 50 ihren
2573 3062 271 50 Aufenthalt
2874 3062 44 50 in
2950 3061 242 52 derselben
3225 3061 70 51 bis
3327 3061 86 51 tief
3435 3061 43 51 in

1897 3146 89 50 den
2041 3147 214 50 Sommer
2306 3145 165 60 hinein,
2518 3146 102 50 weil
2663 3145 254 51 wiederum
2965 3145 79 51 das
3097 3145 384 68 eigentümliche

1896 3231 151 50 Klima
2075 3249 88 32 von
2193 3230 197 51 London
2432 3230 43 51 in
2518 3230 81 51 der
2630 3248 203 33 warmen
2865 3230 256 51 Jahreszeit
3153 3229 118 52 eben
3303 3248 51 33 so
3386 3248 62 32 we-

1897 3315 78 66 nig
2004 3315 99 50 eine
2135 3314 261 51 drückende
2425 3315 153 57 Hitze,
2622 3315 64 50 als
2719 3315 58 50 im
2813 3314 188 52 Winter
3031 3314 101 49 eine
3162 3313 315 68 übermässige

1897 3399 137 51 Kälte
2066 3399 298 51 aufkommen
2395 3399 124 51 lässt.
2552 3400 52 50 In
2629 3399 279 51 natürlicher
2925 3399 146 68 Folge
3088 3399 134 67 jener
3248 3398 200 50 Gewohn-

1900 3484 92 51 heit
2038 3484 95 50 fällt
2176 3484 96 50 also
2315 3484 70 50 die
2415 3484 269 50 Aerntezeit
2725 3484 81 50 der
2842 3485 156 50 Kunst
3043 3484 114 50 oder
3200 3483 281 66 wenigstens

1900 3568 82 51 der
2011 3568 224 49 Künstler
2267 3567 216 50 ebenfalls
2527 3568 44 49 in
2613 3567 70 52 die
2714 3568 188 51 Monate
2933 3567 212 52 Februar
3176 3567 69 49 bis
3275 3565 108 60 Juli,
3420 3564 61 67 ja,

1900 3654 182 66 gemäss
2114 3652 88 50 den
2230 3652 325 67 Erfahrungen
2587 3652 82 50 der
2698 3652 169 50 letzten
2898 3652 141 49 Jahre
3082 3649 178 51 schiebt
3290 3649 64 50 sie
3386 3649 93 50 sich

1898 3737 164 49 immer
2107 3735 132 51 mehr
2282 3755 96 39 vor,
2424 3755 51 33 so
2522 3737 103 51 dass
2665 3737 116 67 jetzt
2827 3737 146 68 April,
3018 3734 91 52 Mai
3142 3734 92 50 und
3265 3734 108 50 Juni
3408 3733 71 51 die

1900 3821 373 67 Haupt-Monate
2302 3819 113 60 sind,
2446 3821 95 49 und
2571 3821 73 50 die
2676 3818 530 71 Opern-Unternehmer
3236 3817 143 51 selbst
3410 3817 69 51 bis

1900 3906 44 50 in
1975 3904 88 51 den
2094 3906 188 67 August
2312 3906 151 50 hinein
2493 3907 97 49 ihre
2622 3906 191 68 Tempel
2846 3904 119 51 offen
2996 3903 167 50 halten.

2025 3989 120 50 Dass
2196 3988 129 67 jenes
2377 3991 489 49 Zusammenströmen
2919 4005 89 33 von
3067 3987 415 67 ausgezeichneten

1898 4072 256 52 Künstlern
2185 4073 70 50 die
2284 4075 155 49 Kunst
2469 4073 198 59 fördere,
2719 4072 184 51 möchte
2933 4071 70 51 ich
3034 4071 124 51 nicht
3189 4071 292 68 behaupten;

1900 4157 72 51 ich
2004 4156 75 51 bin
2110 4158 197 68 geneigt,
2352 4158 80 51 das
2466 4156 271 70 Gegentheil
2768 4156 332 61 anzunehmen,
3143 4156 150 51 zumal
3323 4156 57 51 da
3408 4155 73 50 ich
