2533 3756
1300 307 120 61 214

369 439 104 61 Ou
504 439 193 61 telles
730 441 226 59 autres
989 442 352 75 questions
1375 442 335 79 étranges,
1734 444 365 64 véritables
2129 448 305 79 énigmes

287 537 128 60 que
466 522 185 59 seuls
697 523 235 58 savent
976 522 376 76 déchiffrer,
1383 524 190 78 grâce
1606 526 38 59 à
1674 526 81 61 de
1806 527 318 77 spéciaux
2156 531 245 61 diction-

283 601 249 74 naires,
558 602 98 59 les
689 601 205 60 vieux
933 603 471 76 pharmaciens
1455 621 86 43 ou
1590 604 101 61 les
1738 609 412 60 ex-notaires
2195 611 79 61 de
2307 612 96 61 vil-

284 681 208 77 lages,
555 683 162 59 dont
773 682 100 60 les
914 684 312 77 gracieux
1272 684 509 79 pseudonymes
1826 688 343 62 illustrent
2193 692 62 60 la
2292 693 107 61 der-

279 762 184 62 nière
490 781 166 60 page
689 764 80 60 cle
802 766 289 58 certains
1111 766 368 75 journaux.

358 843 100 61 De
490 861 108 43 ces
646 843 358 79 questions
1046 846 66 59 la
1148 846 287 62 formule
1469 848 102 60 est
1616 848 258 62 donnée
1922 869 122 60 par
2084 853 278 75 celle-ci,
2394 856 36 59 à

278 923 296 80 laquelle
604 943 93 41 un
722 924 158 79 jour
906 943 294 60 manqua
1232 928 382 61 s'évanouir
1654 947 93 42 un
1775 931 404 65 rhétoricien
2201 935 224 63 effaré:

482 1006 372 75 Monsieur,
881 1007 118 77 qui
1033 1025 37 40 a
1102 1008 99 59 dit
1234 1009 159 77 quoi
1416 1009 30 60 ?

362 1310 57 60 Il
484 1328 174 43 nous
701 1310 256 61 semble
1014 1312 350 62 d'ailleurs
1417 1332 128 60 que
1596 1316 98 60 les
1737 1319 425 75 promoteurs
2206 1321 80 61 de
2326 1338 107 44 ces

279 1392 359 59 exercices
697 1394 115 57 ont
872 1393 299 61 l'entière
1215 1396 387 60 conscience
1653 1415 130 59 que
1831 1398 100 61 les
1982 1417 319 45 examens
2350 1420 83 43 ne

278 1473 151 58 sont
463 1473 248 76 qu'une
745 1474 189 59 autre
967 1473 141 62 face
1153 1476 91 58 du
1275 1474 119 78 jeu
1422 1493 13 41 :
1472 1493 157 45 sans
1676 1495 211 57 cesse,
1921 1497 121 59 par
2090 1482 335 80 exemple,

277 1553 229 75 quand
536 1552 87 61 ils
668 1553 263 76 parlent
964 1554 161 60 d'un
1166 1556 449 62 malheureux
1657 1559 118 77 qui
1820 1558 282 62 sollicite
2132 1562 292 79 quelque

278 1633 326 77 diplôme.,
635 1633 85 61 ils
753 1634 222 60 disent
1003 1653 13 40 :

461 1713 54 60 Il
548 1731 289 62 gagnera
871 1714 63 60 la
978 1716 243 77 partie,

360 1793 104 62 Ou
494 1813 12 41 :

431 1876 55 59 Il
520 1892 36 43 a
584 1876 155 59 tous
769 1874 99 61 les
901 1876 224 59 atouts
1154 1877 168 61 dans
1355 1896 120 43 son
1500 1879 119 78 jeu

350 1954 109 75 Et,
490 1975 133 42 aux
642 1956 215 61 tables
890 1958 411 74 d'examens,
1326 1959 85 61 ils
1440 1962 114 60 ont
1572 1962 199 76 gardé
1799 1962 62 61 le
1896 1963 188 78 signe
2114 1963 305 64 matériel

273 2034 119 61 des
435 2037 219 60 tables
687 2038 78 59 de
788 2037 143 77 jeu,
964 2037 62 60 le
1052 2038 177 76 tapis
1259 2042 169 58 vert.

350 2117 198 72 Mais,
578 2118 105 60 s'il
731 2136 80 42 en
844 2121 101 57 est
995 2118 200 75 ainsi,
1228 2123 335 75 pourquoi
1602 2140 83 43 ne
1723 2125 527 76 permettent-ils
2291 2144 122 61 pas

269 2197 220 77 plutôt
518 2198 61 59 le
605 2198 119 78 jeu
771 2215 160 43 sous
980 2215 74 42 sa
1086 2198 213 62 forme
1343 2201 332 75 évidente,
1709 2205 118 77 qui
1869 2203 301 80 déprime
2211 2206 166 61 beau-

271 2293 167 63 coup
463 2278 225 60 moins
710 2277 544 79 l'intelligenceet
1277 2282 116 77 qui
1420 2282 204 61 laisse
1657 2285 310 77 toujours
1997 2286 276 77 l'espoir
2330 2287 83 61 de

270 2359 368 61 revanches
669 2358 385 77 possibles?

1353 2626 80 61 A.
1464 2628 392 63 FERDINAND
1901 2628 307 63 HEROLD.
