<?xml version="1.0" encoding="UTF-8"?>
<alto xmlns:xsi="http://www.w3.org/2001/XMLSchema-instance" xmlns="http://www.loc.gov/standards/alto/ns-v2#" xsi:schemaLocation="http://www.loc.gov/standards/alto/ns-v2# http://www.loc.gov/standards/alto/alto-v2.0.xsd" xmlns:xlink="http://www.w3.org/1999/xlink">
	<Description>
		<MeasurementUnit>mm10</MeasurementUnit>
		<sourceImageInformation>
			<fileName>//fileserver7/IN2-2/Princeton/Batch7/bmtnaas/1891/06_01/00000233.tif</fileName>
		</sourceImageInformation>
		<OCRProcessing ID="OCRPROCESSING_1">
			<preProcessingStep>
				<processingSoftware>
					<softwareCreator>CCS Content Conversion Specialists GmbH, Germany</softwareCreator>
					<softwareName>CCS docWorks</softwareName>
					<softwareVersion>6.7-1.24</softwareVersion>
				</processingSoftware>
			</preProcessingStep>
			<ocrProcessingStep>
				<processingSoftware>
					<softwareCreator>ABBYY (BIT Software), Russia</softwareCreator>
					<softwareName>FineReader</softwareName>
					<softwareVersion>10.0</softwareVersion>
				</processingSoftware>
			</ocrProcessingStep>
		</OCRProcessing>
	</Description>
	<Styles>
		<TextStyle ID="TXT_0" FONTSIZE="4" FONTFAMILY="Courier New"/>
		<TextStyle ID="TXT_1" FONTSIZE="24" FONTFAMILY="Times New Roman"/>
		<TextStyle ID="TXT_2" FONTSIZE="24" FONTFAMILY="Times New Roman" FONTSTYLE="italics"/>
		<TextStyle ID="TXT_3" FONTSIZE="19" FONTFAMILY="Times New Roman"/>
		<ParagraphStyle ID="PAR_CENTER" ALIGN="Center"/>
		<ParagraphStyle ID="PAR_LEFT" ALIGN="Left"/>
	</Styles>
	<Layout>
		<Page ID="P9" PHYSICAL_IMG_NR="9" HEIGHT="3756" WIDTH="2533" PRINTED_IMG_NR="199" PC="0.845">
			<TopMargin ID="P9_TM00001" HPOS="0" VPOS="0" WIDTH="2533" HEIGHT="253">
				<TextBlock ID="P9_TB00001" HPOS="1220" VPOS="187" WIDTH="121" HEIGHT="63" STYLEREFS="TXT_0 PAR_CENTER">
					<TextLine ID="P9_TL00001" HPOS="1220" VPOS="187" WIDTH="121" HEIGHT="63">
						<String ID="P9_ST00001" HPOS="1220" VPOS="187" WIDTH="121" HEIGHT="63" CONTENT="199" WC="1.00" CC="000"/>
					</TextLine>
				</TextBlock>
			</TopMargin>
			<LeftMargin ID="P9_LM00001" HPOS="0" VPOS="253" WIDTH="208" HEIGHT="3316"/>
			<RightMargin ID="P9_RM00001" HPOS="2325" VPOS="253" WIDTH="208" HEIGHT="3316"/>
			<BottomMargin ID="P9_BM00001" HPOS="0" VPOS="3569" WIDTH="2533" HEIGHT="187"/>
			<PrintSpace ID="P9_PS00001" HPOS="208" VPOS="253" WIDTH="2117" HEIGHT="3316">
				<TextBlock ID="P9_TB00002" HPOS="208" VPOS="328" WIDTH="2117" HEIGHT="3241" STYLEREFS="TXT_1 PAR_LEFT">
					<TextLine ID="P9_TL00002" HPOS="407" VPOS="330" WIDTH="183" HEIGHT="59">
						<String ID="P9_ST00002" HPOS="407" VPOS="330" WIDTH="143" HEIGHT="59" CONTENT="Bah" WC="0.95" CC="517"/>
						<SP ID="P9_SP00001" HPOS="550" VPOS="389" WIDTH="29"/>
						<String ID="P9_ST00003" HPOS="579" VPOS="330" WIDTH="11" HEIGHT="58" CONTENT="!" WC="0.40" CC="5"/>
					</TextLine>
					<TextLine ID="P9_TL00003" HPOS="415" VPOS="395" WIDTH="1910" HEIGHT="74">
						<String ID="P9_ST00004" HPOS="415" VPOS="409" WIDTH="206" HEIGHT="60" CONTENT="Oui..." WC="0.98" CC="075047"/>
						<SP ID="P9_SP00002" HPOS="621" VPOS="469" WIDTH="50"/>
						<String ID="P9_ST00005" HPOS="671" VPOS="405" WIDTH="168" HEIGHT="60" CONTENT="Mais" WC="0.98" CC="0333"/>
						<SP ID="P9_SP00003" HPOS="839" VPOS="469" WIDTH="53"/>
						<String ID="P9_ST00006" HPOS="892" VPOS="421" WIDTH="322" HEIGHT="43" CONTENT="revenons" WC="0.98" CC="76308373"/>
						<SP ID="P9_SP00004" HPOS="1214" VPOS="469" WIDTH="51"/>
						<String ID="P9_ST00007" HPOS="1265" VPOS="403" WIDTH="36" HEIGHT="58" CONTENT="à" WC="0.19" CC="8"/>
						<SP ID="P9_SP00005" HPOS="1301" VPOS="469" WIDTH="59"/>
						<String ID="P9_ST00008" HPOS="1360" VPOS="418" WIDTH="117" HEIGHT="42" CONTENT="nos" WC="0.99" CC="002"/>
						<SP ID="P9_SP00006" HPOS="1477" VPOS="469" WIDTH="53"/>
						<String ID="P9_ST00009" HPOS="1530" VPOS="398" WIDTH="306" HEIGHT="61" CONTENT="brebis..." WC="0.98" CC="886746334"/>
						<SP ID="P9_SP00007" HPOS="1836" VPOS="469" WIDTH="50"/>
						<String ID="P9_ST00010" HPOS="1886" VPOS="395" WIDTH="101" HEIGHT="61" CONTENT="On" WC="0.74" CC="50"/>
						<SP ID="P9_SP00008" HPOS="1987" VPOS="469" WIDTH="59"/>
						<String ID="P9_ST00011" HPOS="2046" VPOS="395" WIDTH="175" HEIGHT="60" CONTENT="vend" WC="0.95" CC="6087"/>
						<SP ID="P9_SP00009" HPOS="2221" VPOS="469" WIDTH="44"/>
						<String ID="P9_ST00012" HPOS="2265" VPOS="395" WIDTH="60" HEIGHT="59" CONTENT="le" WC="0.32" CC="75"/>
					</TextLine>
					<TextLine ID="P9_TL00004" HPOS="214" VPOS="484" WIDTH="957" HEIGHT="78">
						<String ID="P9_ST00013" HPOS="214" VPOS="488" WIDTH="311" HEIGHT="61" CONTENT="mobilier" WC="0.99" CC="05741040"/>
						<SP ID="P9_SP00010" HPOS="525" VPOS="549" WIDTH="30"/>
						<String ID="P9_ST00014" HPOS="555" VPOS="488" WIDTH="80" HEIGHT="60" CONTENT="de" WC="0.49" CC="46"/>
						<SP ID="P9_SP00011" HPOS="635" VPOS="549" WIDTH="28"/>
						<String ID="P9_ST00015" HPOS="663" VPOS="487" WIDTH="64" HEIGHT="58" CONTENT="la" WC="0.65" CC="60"/>
						<SP ID="P9_SP00012" HPOS="727" VPOS="549" WIDTH="32"/>
						<String ID="P9_ST00016" HPOS="759" VPOS="484" WIDTH="412" HEIGHT="78" CONTENT="princesse..." WC="0.99" CC="460630620444"/>
					</TextLine>
					<TextLine ID="P9_TL00005" HPOS="397" VPOS="553" WIDTH="1928" HEIGHT="86">
						<String ID="P9_ST00017" HPOS="397" VPOS="567" WIDTH="107" HEIGHT="59" CONTENT="Ah" WC="0.20" CC="87"/>
						<SP ID="P9_SP00013" HPOS="504" VPOS="626" WIDTH="47"/>
						<String ID="P9_ST00018" HPOS="551" VPOS="586" WIDTH="94" HEIGHT="53" CONTENT="ça," WC="0.96" CC="306"/>
						<SP ID="P9_SP00014" HPOS="645" VPOS="639" WIDTH="51"/>
						<String ID="P9_ST00019" HPOS="696" VPOS="582" WIDTH="156" HEIGHT="42" CONTENT="mon" WC="0.97" CC="330"/>
						<SP ID="P9_SP00015" HPOS="852" VPOS="639" WIDTH="56"/>
						<String ID="P9_ST00020" HPOS="908" VPOS="565" WIDTH="172" HEIGHT="69" CONTENT="cher," WC="0.98" CC="40404"/>
						<SP ID="P9_SP00016" HPOS="1080" VPOS="639" WIDTH="41"/>
						<String ID="P9_ST00021" HPOS="1121" VPOS="579" WIDTH="165" HEIGHT="42" CONTENT="vous" WC="0.94" CC="9484"/>
						<SP ID="P9_SP00017" HPOS="1286" VPOS="639" WIDTH="56"/>
						<String ID="P9_ST00022" HPOS="1342" VPOS="558" WIDTH="315" HEIGHT="79" CONTENT="possédez" WC="0.98" CC="74208953"/>
						<SP ID="P9_SP00018" HPOS="1657" VPOS="639" WIDTH="56"/>
						<String ID="P9_ST00023" HPOS="1713" VPOS="574" WIDTH="94" HEIGHT="41" CONTENT="un" WC="0.27" CC="77"/>
						<SP ID="P9_SP00019" HPOS="1807" VPOS="639" WIDTH="57"/>
						<String ID="P9_ST00024" HPOS="1864" VPOS="555" WIDTH="175" HEIGHT="60" CONTENT="hôtel" WC="0.97" CC="06722"/>
						<SP ID="P9_SP00020" HPOS="2039" VPOS="639" WIDTH="50"/>
						<String ID="P9_ST00025" HPOS="2089" VPOS="553" WIDTH="236" HEIGHT="77" CONTENT="depuis" WC="0.97" CC="958814"/>
					</TextLine>
					<TextLine ID="P9_TL00006" HPOS="217" VPOS="637" WIDTH="1627" HEIGHT="88">
						<String ID="P9_ST00026" HPOS="217" VPOS="648" WIDTH="239" HEIGHT="77" CONTENT="quinze" WC="0.98" CC="500825"/>
						<SP ID="P9_SP00021" HPOS="456" VPOS="725" WIDTH="31"/>
						<String ID="P9_ST00027" HPOS="487" VPOS="663" WIDTH="144" HEIGHT="54" CONTENT="ans," WC="0.99" CC="0004"/>
						<SP ID="P9_SP00022" HPOS="631" VPOS="725" WIDTH="32"/>
						<String ID="P9_ST00028" HPOS="663" VPOS="643" WIDTH="458" HEIGHT="60" CONTENT="l'installation" WC="0.99" CC="74001704408430"/>
						<SP ID="P9_SP00023" HPOS="1121" VPOS="725" WIDTH="32"/>
						<String ID="P9_ST00029" HPOS="1153" VPOS="640" WIDTH="165" HEIGHT="59" CONTENT="n'est" WC="0.98" CC="62450"/>
						<SP ID="P9_SP00024" HPOS="1318" VPOS="725" WIDTH="29"/>
						<String ID="P9_ST00030" HPOS="1347" VPOS="639" WIDTH="152" HEIGHT="76" CONTENT="plus" WC="0.96" CC="0576"/>
						<SP ID="P9_SP00025" HPOS="1499" VPOS="725" WIDTH="32"/>
						<String ID="P9_ST00031" HPOS="1531" VPOS="638" WIDTH="36" HEIGHT="57" CONTENT="à" WC="0.22" CC="7"/>
						<SP ID="P9_SP00026" HPOS="1567" VPOS="725" WIDTH="38"/>
						<String ID="P9_ST00032" HPOS="1605" VPOS="637" WIDTH="239" HEIGHT="58" CONTENT="taire..." WC="0.99" CC="70005444"/>
					</TextLine>
					<TextLine ID="P9_TL00007" HPOS="400" VPOS="713" WIDTH="1921" HEIGHT="84">
						<String ID="P9_ST00033" HPOS="400" VPOS="733" WIDTH="179" HEIGHT="53" CONTENT="Avec" WC="0.97" CC="7005"/>
						<SP ID="P9_SP00027" HPOS="579" VPOS="786" WIDTH="43"/>
						<String ID="P9_ST00034" HPOS="622" VPOS="743" WIDTH="146" HEIGHT="54" CONTENT="ça..." WC="0.97" CC="90443"/>
						<SP ID="P9_SP00028" HPOS="768" VPOS="797" WIDTH="44"/>
						<String ID="P9_ST00035" HPOS="812" VPOS="723" WIDTH="347" HEIGHT="60" CONTENT="Plusieurs" WC="0.99" CC="750305076"/>
						<SP ID="P9_SP00029" HPOS="1159" VPOS="797" WIDTH="45"/>
						<String ID="P9_ST00036" HPOS="1204" VPOS="718" WIDTH="344" HEIGHT="77" CONTENT="tapissiers" WC="0.99" CC="0000690002"/>
						<SP ID="P9_SP00030" HPOS="1548" VPOS="797" WIDTH="44"/>
						<String ID="P9_ST00037" HPOS="1592" VPOS="717" WIDTH="61" HEIGHT="58" CONTENT="le" WC="0.34" CC="66"/>
						<SP ID="P9_SP00031" HPOS="1653" VPOS="797" WIDTH="52"/>
						<String ID="P9_ST00038" HPOS="1705" VPOS="714" WIDTH="418" HEIGHT="61" CONTENT="meublèrent" WC="0.98" CC="0607459674"/>
						<SP ID="P9_SP00032" HPOS="2123" VPOS="797" WIDTH="46"/>
						<String ID="P9_ST00039" HPOS="2169" VPOS="713" WIDTH="152" HEIGHT="76" CONTENT="cinq" WC="0.96" CC="0376"/>
					</TextLine>
					<TextLine ID="P9_TL00008" HPOS="217" VPOS="791" WIDTH="2107" HEIGHT="83">
						<String ID="P9_ST00040" HPOS="217" VPOS="823" WIDTH="84" HEIGHT="42" CONTENT="ou" WC="0.50" CC="18"/>
						<SP ID="P9_SP00033" HPOS="301" VPOS="865" WIDTH="48"/>
						<String ID="P9_ST00041" HPOS="349" VPOS="807" WIDTH="107" HEIGHT="58" CONTENT="six" WC="0.95" CC="606"/>
						<SP ID="P9_SP00034" HPOS="456" VPOS="865" WIDTH="50"/>
						<String ID="P9_ST00042" HPOS="506" VPOS="805" WIDTH="151" HEIGHT="69" CONTENT="fois," WC="0.97" CC="81434"/>
						<SP ID="P9_SP00035" HPOS="657" VPOS="874" WIDTH="50"/>
						<String ID="P9_ST00043" HPOS="707" VPOS="802" WIDTH="237" HEIGHT="69" CONTENT="Tétrel," WC="0.69" CC="0400664"/>
						<SP ID="P9_SP00036" HPOS="944" VPOS="874" WIDTH="53"/>
						<String ID="P9_ST00044" HPOS="997" VPOS="802" WIDTH="180" HEIGHT="58" CONTENT="entre" WC="0.96" CC="68506"/>
						<SP ID="P9_SP00037" HPOS="1177" VPOS="874" WIDTH="51"/>
						<String ID="P9_ST00045" HPOS="1228" VPOS="799" WIDTH="293" HEIGHT="58" CONTENT="autres..." WC="0.99" CC="063071424"/>
						<SP ID="P9_SP00038" HPOS="1521" VPOS="874" WIDTH="57"/>
						<String ID="P9_ST00046" HPOS="1578" VPOS="794" WIDTH="128" HEIGHT="77" CONTENT="[Un" WC="0.94" CC="646"/>
						<SP ID="P9_SP00039" HPOS="1706" VPOS="874" WIDTH="50"/>
						<String ID="P9_ST00047" HPOS="1756" VPOS="794" WIDTH="188" HEIGHT="58" CONTENT="salon" WC="0.97" CC="50748"/>
						<SP ID="P9_SP00040" HPOS="1944" VPOS="874" WIDTH="51"/>
						<String ID="P9_ST00048" HPOS="1995" VPOS="794" WIDTH="79" HEIGHT="57" CONTENT="de" WC="0.17" CC="96"/>
						<SP ID="P9_SP00041" HPOS="2074" VPOS="874" WIDTH="53"/>
						<String ID="P9_ST00049" HPOS="2127" VPOS="791" WIDTH="197" HEIGHT="77" CONTENT="laque" WC="0.97" CC="34066"/>
					</TextLine>
					<TextLine ID="P9_TL00009" HPOS="216" VPOS="871" WIDTH="2106" HEIGHT="87">
						<String ID="P9_ST00050" HPOS="216" VPOS="885" WIDTH="302" HEIGHT="70" CONTENT="blanche," WC="0.98" CC="05075654"/>
						<SP ID="P9_SP00042" HPOS="518" VPOS="955" WIDTH="33"/>
						<String ID="P9_ST00051" HPOS="551" VPOS="884" WIDTH="35" HEIGHT="57" CONTENT="à" WC="0.26" CC="7"/>
						<SP ID="P9_SP00043" HPOS="586" VPOS="955" WIDTH="30"/>
						<String ID="P9_ST00052" HPOS="616" VPOS="883" WIDTH="176" HEIGHT="58" CONTENT="filets" WC="0.97" CC="545564"/>
						<SP ID="P9_SP00044" HPOS="792" VPOS="955" WIDTH="27"/>
						<String ID="P9_ST00053" HPOS="819" VPOS="898" WIDTH="225" HEIGHT="60" CONTENT="pers..." WC="0.75" CC="0004444"/>
						<SP ID="P9_SP00045" HPOS="1044" VPOS="958" WIDTH="26"/>
						<String ID="P9_ST00054" HPOS="1070" VPOS="878" WIDTH="167" HEIGHT="70" CONTENT="Quel" WC="0.97" CC="5720"/>
						<SP ID="P9_SP00046" HPOS="1237" VPOS="958" WIDTH="33"/>
						<String ID="P9_ST00055" HPOS="1270" VPOS="875" WIDTH="265" HEIGHT="60" CONTENT="miracle" WC="0.99" CC="0600253"/>
						<SP ID="P9_SP00047" HPOS="1535" VPOS="958" WIDTH="25"/>
						<String ID="P9_ST00056" HPOS="1560" VPOS="877" WIDTH="11" HEIGHT="55" CONTENT="i" WC="0.16" CC="8"/>
						<SP ID="P9_SP00048" HPOS="1571" VPOS="958" WIDTH="36"/>
						<String ID="P9_ST00057" HPOS="1607" VPOS="875" WIDTH="61" HEIGHT="59" CONTENT="le" WC="0.42" CC="55"/>
						<SP ID="P9_SP00049" HPOS="1668" VPOS="958" WIDTH="31"/>
						<String ID="P9_ST00058" HPOS="1699" VPOS="873" WIDTH="225" HEIGHT="76" CONTENT="prince" WC="0.97" CC="090846"/>
						<SP ID="P9_SP00050" HPOS="1924" VPOS="958" WIDTH="30"/>
						<String ID="P9_ST00059" HPOS="1954" VPOS="873" WIDTH="79" HEIGHT="58" CONTENT="de" WC="0.69" CC="06"/>
						<SP ID="P9_SP00051" HPOS="2033" VPOS="958" WIDTH="18"/>
						<String ID="P9_ST00060" HPOS="2051" VPOS="871" WIDTH="271" HEIGHT="59" CONTENT="Monaco" WC="0.97" CC="238915"/>
					</TextLine>
					<TextLine ID="P9_TL00010" HPOS="216" VPOS="951" WIDTH="2106" HEIGHT="84">
						<String ID="P9_ST00061" HPOS="216" VPOS="965" WIDTH="276" HEIGHT="60" CONTENT="l'acheta" WC="0.99" CC="14020020"/>
						<SP ID="P9_SP00052" HPOS="492" VPOS="1025" WIDTH="40"/>
						<String ID="P9_ST00062" HPOS="532" VPOS="964" WIDTH="165" HEIGHT="59" CONTENT="dans" WC="0.98" CC="6005"/>
						<SP ID="P9_SP00053" HPOS="697" VPOS="1025" WIDTH="48"/>
						<String ID="P9_ST00063" HPOS="745" VPOS="962" WIDTH="65" HEIGHT="58" CONTENT="la" WC="0.69" CC="60"/>
						<SP ID="P9_SP00054" HPOS="810" VPOS="1025" WIDTH="39"/>
						<String ID="P9_ST00064" HPOS="849" VPOS="958" WIDTH="272" HEIGHT="77" CONTENT="suite...]" WC="0.99" CC="372030440"/>
						<SP ID="P9_SP00055" HPOS="1121" VPOS="1035" WIDTH="34"/>
						<String ID="P9_ST00065" HPOS="1155" VPOS="957" WIDTH="193" HEIGHT="71" CONTENT="Mais," WC="0.99" CC="25001"/>
						<SP ID="P9_SP00056" HPOS="1348" VPOS="1035" WIDTH="31"/>
						<String ID="P9_ST00066" HPOS="1379" VPOS="972" WIDTH="167" HEIGHT="42" CONTENT="vous" WC="0.96" CC="7409"/>
						<SP ID="P9_SP00057" HPOS="1546" VPOS="1035" WIDTH="51"/>
						<String ID="P9_ST00067" HPOS="1597" VPOS="971" WIDTH="217" HEIGHT="53" CONTENT="savez," WC="0.98" CC="200544"/>
						<SP ID="P9_SP00058" HPOS="1814" VPOS="1035" WIDTH="25"/>
						<String ID="P9_ST00068" HPOS="1839" VPOS="953" WIDTH="68" HEIGHT="76" CONTENT="je" WC="0.47" CC="82"/>
						<SP ID="P9_SP00059" HPOS="1907" VPOS="1035" WIDTH="50"/>
						<String ID="P9_ST00069" HPOS="1957" VPOS="951" WIDTH="365" HEIGHT="75" CONTENT="m'arrange" WC="0.99" CC="040000762"/>
					</TextLine>
					<TextLine ID="P9_TL00011" HPOS="218" VPOS="1030" WIDTH="2106" HEIGHT="89">
						<String ID="P9_ST00070" HPOS="218" VPOS="1045" WIDTH="57" HEIGHT="59" CONTENT="si" WC="0.68" CC="60"/>
						<SP ID="P9_SP00060" HPOS="275" VPOS="1104" WIDTH="40"/>
						<String ID="P9_ST00071" HPOS="315" VPOS="1044" WIDTH="66" HEIGHT="71" CONTENT="ma" WC="0.70" CC="00"/>
						<SP ID="P9_SP00061" HPOS="381" VPOS="1115" WIDTH="0"/>
						<String ID="P9_ST00072" HPOS="381" VPOS="1044" WIDTH="167" HEIGHT="71" CONTENT="1,..." WC="0.98" CC="44430"/>
						<SP ID="P9_SP00062" HPOS="548" VPOS="1115" WIDTH="29"/>
						<String ID="P9_ST00073" HPOS="577" VPOS="1040" WIDTH="244" HEIGHT="79" CONTENT="jamais" WC="0.99" CC="600011"/>
						<SP ID="P9_SP00063" HPOS="821" VPOS="1119" WIDTH="42"/>
						<String ID="P9_ST00074" HPOS="863" VPOS="1039" WIDTH="68" HEIGHT="76" CONTENT="je" WC="0.55" CC="26"/>
						<SP ID="P9_SP00064" HPOS="931" VPOS="1119" WIDTH="48"/>
						<String ID="P9_ST00075" HPOS="979" VPOS="1056" WIDTH="80" HEIGHT="40" CONTENT="ne" WC="0.88" CC="02"/>
						<SP ID="P9_SP00065" HPOS="1059" VPOS="1119" WIDTH="43"/>
						<String ID="P9_ST00076" HPOS="1102" VPOS="1038" WIDTH="151" HEIGHT="75" CONTENT="puis" WC="0.97" CC="0606"/>
						<SP ID="P9_SP00066" HPOS="1253" VPOS="1119" WIDTH="41"/>
						<String ID="P9_ST00077" HPOS="1294" VPOS="1034" WIDTH="218" HEIGHT="60" CONTENT="solder" WC="0.97" CC="636850"/>
						<SP ID="P9_SP00067" HPOS="1512" VPOS="1119" WIDTH="41"/>
						<String ID="P9_ST00078" HPOS="1553" VPOS="1033" WIDTH="100" HEIGHT="58" CONTENT="les" WC="0.94" CC="662"/>
						<SP ID="P9_SP00068" HPOS="1653" VPOS="1119" WIDTH="40"/>
						<String ID="P9_ST00079" HPOS="1693" VPOS="1030" WIDTH="392" HEIGHT="71" CONTENT="mémoires;" WC="0.98" CC="080139358"/>
						<SP ID="P9_SP00069" HPOS="2085" VPOS="1119" WIDTH="33"/>
						<String ID="P9_ST00080" HPOS="2118" VPOS="1030" WIDTH="62" HEIGHT="59" CONTENT="et" WC="0.78" CC="40"/>
						<SP ID="P9_SP00070" HPOS="2180" VPOS="1119" WIDTH="38"/>
						<String ID="P9_ST00081" HPOS="2218" VPOS="1045" WIDTH="106" HEIGHT="42" CONTENT="ces" WC="0.97" CC="015"/>
					</TextLine>
					<TextLine ID="P9_TL00012" HPOS="216" VPOS="1108" WIDTH="2109" HEIGHT="87">
						<String ID="P9_ST00082" HPOS="216" VPOS="1122" WIDTH="392" HEIGHT="61" CONTENT="industriels" WC="1.00" CC="06003000404"/>
						<SP ID="P9_SP00071" HPOS="608" VPOS="1183" WIDTH="30"/>
						<String ID="P9_ST00083" HPOS="638" VPOS="1119" WIDTH="323" HEIGHT="76" CONTENT="reprirent" WC="0.99" CC="050030670"/>
						<SP ID="P9_SP00072" HPOS="961" VPOS="1195" WIDTH="28"/>
						<String ID="P9_ST00084" HPOS="989" VPOS="1119" WIDTH="250" HEIGHT="72" CONTENT="chaque" WC="0.99" CC="000071"/>
						<SP ID="P9_SP00073" HPOS="1239" VPOS="1195" WIDTH="32"/>
						<String ID="P9_ST00085" HPOS="1271" VPOS="1114" WIDTH="128" HEIGHT="60" CONTENT="fois" WC="0.95" CC="7544"/>
						<SP ID="P9_SP00074" HPOS="1399" VPOS="1195" WIDTH="29"/>
						<String ID="P9_ST00086" HPOS="1428" VPOS="1114" WIDTH="145" HEIGHT="58" CONTENT="leur" WC="0.96" CC="7507"/>
						<SP ID="P9_SP00075" HPOS="1573" VPOS="1195" WIDTH="32"/>
						<String ID="P9_ST00087" HPOS="1605" VPOS="1110" WIDTH="533" HEIGHT="61" CONTENT="marchandise..." WC="0.99" CC="00040066365444"/>
						<SP ID="P9_SP00076" HPOS="2138" VPOS="1195" WIDTH="31"/>
						<String ID="P9_ST00088" HPOS="2169" VPOS="1108" WIDTH="156" HEIGHT="59" CONTENT="Mon" WC="0.96" CC="037"/>
					</TextLine>
					<TextLine ID="P9_TL00013" HPOS="216" VPOS="1189" WIDTH="2109" HEIGHT="86">
						<String ID="P9_ST00089" HPOS="216" VPOS="1203" WIDTH="209" HEIGHT="60" CONTENT="hôtel:" WC="0.98" CC="036135"/>
						<SP ID="P9_SP00077" HPOS="425" VPOS="1263" WIDTH="33"/>
						<String ID="P9_ST00090" HPOS="458" VPOS="1203" WIDTH="98" HEIGHT="57" CONTENT="les" WC="0.96" CC="550"/>
						<SP ID="P9_SP00078" HPOS="556" VPOS="1263" WIDTH="29"/>
						<String ID="P9_ST00091" HPOS="585" VPOS="1200" WIDTH="229" HEIGHT="75" CONTENT="quatre" WC="0.99" CC="070000"/>
						<SP ID="P9_SP00079" HPOS="814" VPOS="1275" WIDTH="33"/>
						<String ID="P9_ST00092" HPOS="847" VPOS="1213" WIDTH="185" HEIGHT="42" CONTENT="murs" WC="1.00" CC="0000"/>
						<SP ID="P9_SP00080" HPOS="1032" VPOS="1275" WIDTH="27"/>
						<String ID="P9_ST00093" HPOS="1059" VPOS="1197" WIDTH="11" HEIGHT="58" CONTENT="!" WC="0.34" CC="6"/>
						<SP ID="P9_SP00081" HPOS="1070" VPOS="1275" WIDTH="31"/>
						<String ID="P9_ST00094" HPOS="1101" VPOS="1195" WIDTH="184" HEIGHT="60" CONTENT="Nous" WC="0.98" CC="3502"/>
						<SP ID="P9_SP00082" HPOS="1285" VPOS="1275" WIDTH="33"/>
						<String ID="P9_ST00095" HPOS="1318" VPOS="1191" WIDTH="329" HEIGHT="61" CONTENT="couchons" WC="0.99" CC="24020570"/>
						<SP ID="P9_SP00083" HPOS="1647" VPOS="1275" WIDTH="33"/>
						<String ID="P9_ST00096" HPOS="1680" VPOS="1191" WIDTH="165" HEIGHT="58" CONTENT="dans" WC="0.96" CC="9071"/>
						<SP ID="P9_SP00084" HPOS="1845" VPOS="1275" WIDTH="32"/>
						<String ID="P9_ST00097" HPOS="1877" VPOS="1190" WIDTH="117" HEIGHT="57" CONTENT="des" WC="0.96" CC="054"/>
						<SP ID="P9_SP00085" HPOS="1994" VPOS="1275" WIDTH="30"/>
						<String ID="P9_ST00098" HPOS="2024" VPOS="1189" WIDTH="301" HEIGHT="74" CONTENT="lits-cage" WC="0.99" CC="730446041"/>
					</TextLine>
					<TextLine ID="P9_TL00014" HPOS="218" VPOS="1266" WIDTH="2106" HEIGHT="92">
						<String ID="P9_ST00099" HPOS="218" VPOS="1283" WIDTH="79" HEIGHT="58" CONTENT="de" WC="0.67" CC="06"/>
						<SP ID="P9_SP00086" HPOS="297" VPOS="1341" WIDTH="48"/>
						<String ID="P9_ST00100" HPOS="345" VPOS="1282" WIDTH="366" HEIGHT="76" CONTENT="vingt-cinq" WC="0.99" CC="9365004500"/>
						<SP ID="P9_SP00087" HPOS="711" VPOS="1358" WIDTH="43"/>
						<String ID="P9_ST00101" HPOS="754" VPOS="1277" WIDTH="320" HEIGHT="71" CONTENT="francs,..." WC="0.99" CC="4000034344"/>
						<SP ID="P9_SP00088" HPOS="1074" VPOS="1358" WIDTH="47"/>
						<String ID="P9_ST00102" HPOS="1121" VPOS="1291" WIDTH="81" HEIGHT="41" CONTENT="en" WC="0.72" CC="50"/>
						<SP ID="P9_SP00089" HPOS="1202" VPOS="1358" WIDTH="49"/>
						<String ID="P9_ST00103" HPOS="1251" VPOS="1272" WIDTH="416" HEIGHT="59" CONTENT="attendant..." WC="0.99" CC="027500003433"/>
						<SP ID="P9_SP00090" HPOS="1667" VPOS="1358" WIDTH="43"/>
						<String ID="P9_ST00104" HPOS="1710" VPOS="1270" WIDTH="90" HEIGHT="57" CONTENT="Le" WC="0.56" CC="35"/>
						<SP ID="P9_SP00091" HPOS="1800" VPOS="1358" WIDTH="46"/>
						<String ID="P9_ST00105" HPOS="1846" VPOS="1266" WIDTH="140" HEIGHT="61" CONTENT="hall" WC="0.99" CC="0050"/>
						<SP ID="P9_SP00092" HPOS="1986" VPOS="1358" WIDTH="48"/>
						<String ID="P9_ST00106" HPOS="2034" VPOS="1266" WIDTH="290" HEIGHT="60" CONTENT="contient" WC="0.98" CC="65784560"/>
					</TextLine>
					<TextLine ID="P9_TL00015" HPOS="216" VPOS="1346" WIDTH="2108" HEIGHT="86">
						<String ID="P9_ST00107" HPOS="216" VPOS="1379" WIDTH="92" HEIGHT="42" CONTENT="un" WC="0.51" CC="62"/>
						<SP ID="P9_SP00093" HPOS="308" VPOS="1421" WIDTH="32"/>
						<String ID="P9_ST00108" HPOS="340" VPOS="1362" WIDTH="222" HEIGHT="66" CONTENT="divan," WC="0.99" CC="730001"/>
						<SP ID="P9_SP00094" HPOS="562" VPOS="1428" WIDTH="33"/>
						<String ID="P9_ST00109" HPOS="595" VPOS="1376" WIDTH="93" HEIGHT="42" CONTENT="un" WC="0.63" CC="70"/>
						<SP ID="P9_SP00095" HPOS="688" VPOS="1428" WIDTH="29"/>
						<String ID="P9_ST00110" HPOS="717" VPOS="1358" WIDTH="167" HEIGHT="58" CONTENT="banc" WC="0.96" CC="6065"/>
						<SP ID="P9_SP00096" HPOS="884" VPOS="1428" WIDTH="26"/>
						<String ID="P9_ST00111" HPOS="910" VPOS="1355" WIDTH="78" HEIGHT="59" CONTENT="de" WC="0.69" CC="06"/>
						<SP ID="P9_SP00097" HPOS="988" VPOS="1428" WIDTH="24"/>
						<String ID="P9_ST00112" HPOS="1012" VPOS="1354" WIDTH="247" HEIGHT="78" CONTENT="jardin," WC="0.99" CC="0000404"/>
						<SP ID="P9_SP00098" HPOS="1259" VPOS="1432" WIDTH="32"/>
						<String ID="P9_ST00113" HPOS="1291" VPOS="1353" WIDTH="61" HEIGHT="58" CONTENT="le" WC="0.52" CC="35"/>
						<SP ID="P9_SP00099" HPOS="1352" VPOS="1432" WIDTH="43"/>
						<String ID="P9_ST00114" HPOS="1395" VPOS="1350" WIDTH="243" HEIGHT="78" CONTENT="pleyel," WC="0.65" CC="0446404"/>
						<SP ID="P9_SP00100" HPOS="1638" VPOS="1432" WIDTH="33"/>
						<String ID="P9_ST00115" HPOS="1671" VPOS="1350" WIDTH="63" HEIGHT="57" CONTENT="et" WC="0.92" CC="10"/>
						<SP ID="P9_SP00101" HPOS="1734" VPOS="1432" WIDTH="27"/>
						<String ID="P9_ST00116" HPOS="1761" VPOS="1348" WIDTH="153" HEIGHT="76" CONTENT="cinq" WC="0.96" CC="4560"/>
						<SP ID="P9_SP00102" HPOS="1914" VPOS="1432" WIDTH="26"/>
						<String ID="P9_ST00117" HPOS="1940" VPOS="1346" WIDTH="259" HEIGHT="60" CONTENT="chaises" WC="0.98" CC="2790034"/>
						<SP ID="P9_SP00103" HPOS="2199" VPOS="1432" WIDTH="46"/>
						<String ID="P9_ST00118" HPOS="2245" VPOS="1362" WIDTH="79" HEIGHT="42" CONTENT="en" WC="0.64" CC="07"/>
					</TextLine>
					<TextLine ID="P9_TL00016" HPOS="214" VPOS="1424" WIDTH="2111" HEIGHT="89">
						<String ID="P9_ST00119" HPOS="214" VPOS="1440" WIDTH="292" HEIGHT="60" CONTENT="bambou" WC="0.98" CC="700717"/>
						<SP ID="P9_SP00104" HPOS="506" VPOS="1500" WIDTH="27"/>
						<String ID="P9_ST00120" HPOS="533" VPOS="1457" WIDTH="13" HEIGHT="52" CONTENT=";" WC="0.46" CC="5"/>
						<SP ID="P9_SP00105" HPOS="546" VPOS="1509" WIDTH="72"/>
						<String ID="P9_ST00121" HPOS="618" VPOS="1437" WIDTH="205" HEIGHT="76" CONTENT="quant" WC="0.99" CC="00060"/>
						<SP ID="P9_SP00106" HPOS="823" VPOS="1513" WIDTH="47"/>
						<String ID="P9_ST00122" HPOS="870" VPOS="1435" WIDTH="36" HEIGHT="59" CONTENT="à" WC="0.41" CC="5"/>
						<SP ID="P9_SP00107" HPOS="906" VPOS="1513" WIDTH="36"/>
						<String ID="P9_ST00123" HPOS="942" VPOS="1434" WIDTH="63" HEIGHT="58" CONTENT="la" WC="1.00" CC="00"/>
						<SP ID="P9_SP00108" HPOS="1005" VPOS="1513" WIDTH="44"/>
						<String ID="P9_ST00124" HPOS="1049" VPOS="1432" WIDTH="160" HEIGHT="59" CONTENT="salle" WC="0.98" CC="40035"/>
						<SP ID="P9_SP00109" HPOS="1209" VPOS="1513" WIDTH="35"/>
						<String ID="P9_ST00125" HPOS="1244" VPOS="1432" WIDTH="36" HEIGHT="58" CONTENT="à" WC="0.42" CC="5"/>
						<SP ID="P9_SP00110" HPOS="1280" VPOS="1513" WIDTH="38"/>
						<String ID="P9_ST00126" HPOS="1318" VPOS="1445" WIDTH="269" HEIGHT="59" CONTENT="manger" WC="0.98" CC="007650"/>
						<SP ID="P9_SP00111" HPOS="1587" VPOS="1513" WIDTH="48"/>
						<String ID="P9_ST00127" HPOS="1635" VPOS="1426" WIDTH="124" HEIGHT="60" CONTENT="elle" WC="0.96" CC="4725"/>
						<SP ID="P9_SP00112" HPOS="1759" VPOS="1513" WIDTH="47"/>
						<String ID="P9_ST00128" HPOS="1806" VPOS="1429" WIDTH="100" HEIGHT="57" CONTENT="est" WC="0.98" CC="040"/>
						<SP ID="P9_SP00113" HPOS="1906" VPOS="1513" WIDTH="57"/>
						<String ID="P9_ST00129" HPOS="1963" VPOS="1425" WIDTH="155" HEIGHT="59" CONTENT="d'un" WC="0.94" CC="9385"/>
						<SP ID="P9_SP00114" HPOS="2118" VPOS="1513" WIDTH="44"/>
						<String ID="P9_ST00130" HPOS="2162" VPOS="1424" WIDTH="163" HEIGHT="58" CONTENT="faux" WC="0.94" CC="5579"/>
					</TextLine>
					<TextLine ID="P9_TL00017" HPOS="214" VPOS="1503" WIDTH="2108" HEIGHT="90">
						<String ID="P9_ST00131" HPOS="214" VPOS="1522" WIDTH="203" HEIGHT="58" CONTENT="vieux" WC="0.97" CC="05409"/>
						<SP ID="P9_SP00115" HPOS="417" VPOS="1580" WIDTH="31"/>
						<String ID="P9_ST00132" HPOS="448" VPOS="1519" WIDTH="201" HEIGHT="59" CONTENT="chêne" WC="0.96" CC="27556"/>
						<SP ID="P9_SP00116" HPOS="649" VPOS="1580" WIDTH="31"/>
						<String ID="P9_ST00133" HPOS="680" VPOS="1515" WIDTH="116" HEIGHT="78" CONTENT="qui" WC="0.97" CC="060"/>
						<SP ID="P9_SP00117" HPOS="796" VPOS="1593" WIDTH="37"/>
						<String ID="P9_ST00134" HPOS="833" VPOS="1532" WIDTH="105" HEIGHT="42" CONTENT="me" WC="0.71" CC="05"/>
						<SP ID="P9_SP00118" HPOS="938" VPOS="1593" WIDTH="41"/>
						<String ID="P9_ST00135" HPOS="979" VPOS="1510" WIDTH="418" HEIGHT="78" CONTENT="désespère..." WC="0.99" CC="856330700444"/>
						<SP ID="P9_SP00119" HPOS="1397" VPOS="1593" WIDTH="34"/>
						<String ID="P9_ST00136" HPOS="1431" VPOS="1506" WIDTH="533" HEIGHT="61" CONTENT="Heureusement" WC="0.99" CC="650040150060"/>
						<SP ID="P9_SP00120" HPOS="1964" VPOS="1593" WIDTH="24"/>
						<String ID="P9_ST00137" HPOS="1988" VPOS="1504" WIDTH="68" HEIGHT="77" CONTENT="je" WC="0.56" CC="25"/>
						<SP ID="P9_SP00121" HPOS="2056" VPOS="1593" WIDTH="40"/>
						<String ID="P9_ST00138" HPOS="2096" VPOS="1503" WIDTH="226" HEIGHT="78" CONTENT="gardai" WC="0.98" CC="600612"/>
					</TextLine>
					<TextLine ID="P9_TL00018" HPOS="216" VPOS="1581" WIDTH="2105" HEIGHT="87">
						<String ID="P9_ST00139" HPOS="216" VPOS="1617" WIDTH="109" HEIGHT="41" CONTENT="ma" WC="1.00" CC="00"/>
						<SP ID="P9_SP00122" HPOS="325" VPOS="1658" WIDTH="30"/>
						<String ID="P9_ST00140" HPOS="355" VPOS="1598" WIDTH="160" HEIGHT="60" CONTENT="salle" WC="0.98" CC="00741"/>
						<SP ID="P9_SP00123" HPOS="515" VPOS="1658" WIDTH="31"/>
						<String ID="P9_ST00141" HPOS="546" VPOS="1598" WIDTH="77" HEIGHT="57" CONTENT="de" WC="0.77" CC="04"/>
						<SP ID="P9_SP00124" HPOS="623" VPOS="1658" WIDTH="31"/>
						<String ID="P9_ST00142" HPOS="654" VPOS="1595" WIDTH="268" HEIGHT="59" CONTENT="bains..." WC="0.98" CC="70404444"/>
						<SP ID="P9_SP00125" HPOS="922" VPOS="1658" WIDTH="31"/>
						<String ID="P9_ST00143" HPOS="953" VPOS="1592" WIDTH="110" HEIGHT="74" CONTENT="Ça," WC="0.93" CC="684"/>
						<SP ID="P9_SP00126" HPOS="1063" VPOS="1666" WIDTH="28"/>
						<String ID="P9_ST00144" HPOS="1091" VPOS="1592" WIDTH="66" HEIGHT="76" CONTENT="je" WC="0.60" CC="25"/>
						<SP ID="P9_SP00127" HPOS="1157" VPOS="1668" WIDTH="25"/>
						<String ID="P9_ST00145" HPOS="1182" VPOS="1590" WIDTH="284" HEIGHT="59" CONTENT="l'avoue:" WC="0.99" CC="23002722"/>
						<SP ID="P9_SP00128" HPOS="1466" VPOS="1668" WIDTH="30"/>
						<String ID="P9_ST00146" HPOS="1496" VPOS="1586" WIDTH="66" HEIGHT="77" CONTENT="je" WC="0.81" CC="30"/>
						<SP ID="P9_SP00129" HPOS="1562" VPOS="1668" WIDTH="30"/>
						<String ID="P9_ST00147" HPOS="1592" VPOS="1602" WIDTH="106" HEIGHT="42" CONTENT="me" WC="0.71" CC="05"/>
						<SP ID="P9_SP00130" HPOS="1698" VPOS="1668" WIDTH="25"/>
						<String ID="P9_ST00148" HPOS="1723" VPOS="1585" WIDTH="144" HEIGHT="59" CONTENT="lave" WC="0.98" CC="3006"/>
						<SP ID="P9_SP00131" HPOS="1867" VPOS="1668" WIDTH="27"/>
						<String ID="P9_ST00149" HPOS="1894" VPOS="1584" WIDTH="166" HEIGHT="58" CONTENT="dans" WC="0.94" CC="9865"/>
						<SP ID="P9_SP00132" HPOS="2060" VPOS="1668" WIDTH="25"/>
						<String ID="P9_ST00150" HPOS="2085" VPOS="1583" WIDTH="61" HEIGHT="59" CONTENT="le" WC="0.68" CC="06"/>
						<SP ID="P9_SP00133" HPOS="2146" VPOS="1668" WIDTH="22"/>
						<String ID="P9_ST00151" HPOS="2168" VPOS="1581" WIDTH="153" HEIGHT="77" CONTENT="plus" WC="0.96" CC="0676"/>
					</TextLine>
					<TextLine ID="P9_TL00019" HPOS="216" VPOS="1670" WIDTH="891" HEIGHT="68">
						<String ID="P9_ST00152" HPOS="216" VPOS="1679" WIDTH="171" HEIGHT="59" CONTENT="beau" WC="1.00" CC="0000"/>
						<SP ID="P9_SP00134" HPOS="387" VPOS="1738" WIDTH="29"/>
						<String ID="P9_ST00153" HPOS="416" VPOS="1677" WIDTH="337" HEIGHT="59" CONTENT="tub-room" WC="0.87" CC="00010630"/>
						<SP ID="P9_SP00135" HPOS="753" VPOS="1738" WIDTH="31"/>
						<String ID="P9_ST00154" HPOS="784" VPOS="1674" WIDTH="79" HEIGHT="57" CONTENT="de" WC="0.91" CC="01"/>
						<SP ID="P9_SP00136" HPOS="863" VPOS="1738" WIDTH="32"/>
						<String ID="P9_ST00155" HPOS="895" VPOS="1670" WIDTH="212" HEIGHT="61" CONTENT="Paris." WC="0.98" CC="506063"/>
					</TextLine>
					<TextLine ID="P9_TL00020" HPOS="294" VPOS="1739" WIDTH="2026" HEIGHT="91">
						<String ID="P9_ST00156" HPOS="294" VPOS="1758" WIDTH="170" HEIGHT="60" CONTENT="Mais" WC="0.99" CC="0003"/>
						<SP ID="P9_SP00137" HPOS="464" VPOS="1818" WIDTH="45"/>
						<String ID="P9_ST00157" HPOS="509" VPOS="1750" WIDTH="576" HEIGHT="80" CONTENT="comprenez-moi," WC="1.00" CC="04000052230704"/>
						<SP ID="P9_SP00138" HPOS="1085" VPOS="1830" WIDTH="30"/>
						<String ID="P9_ST00158" HPOS="1115" VPOS="1767" WIDTH="73" HEIGHT="53" CONTENT="ça" WC="1.00" CC="00"/>
						<SP ID="P9_SP00139" HPOS="1188" VPOS="1830" WIDTH="46"/>
						<String ID="P9_ST00159" HPOS="1234" VPOS="1763" WIDTH="80" HEIGHT="43" CONTENT="ne" WC="0.41" CC="74"/>
						<SP ID="P9_SP00140" HPOS="1314" VPOS="1830" WIDTH="56"/>
						<String ID="P9_ST00160" HPOS="1370" VPOS="1745" WIDTH="189" HEIGHT="60" CONTENT="suffit" WC="0.97" CC="375770"/>
						<SP ID="P9_SP00141" HPOS="1559" VPOS="1830" WIDTH="41"/>
						<String ID="P9_ST00161" HPOS="1600" VPOS="1760" WIDTH="118" HEIGHT="61" CONTENT="pas" WC="0.98" CC="005"/>
						<SP ID="P9_SP00142" HPOS="1718" VPOS="1830" WIDTH="44"/>
						<String ID="P9_ST00162" HPOS="1762" VPOS="1743" WIDTH="37" HEIGHT="57" CONTENT="à" WC="0.34" CC="6"/>
						<SP ID="P9_SP00143" HPOS="1799" VPOS="1830" WIDTH="40"/>
						<String ID="P9_ST00163" HPOS="1839" VPOS="1758" WIDTH="109" HEIGHT="42" CONTENT="ma" WC="1.00" CC="00"/>
						<SP ID="P9_SP00144" HPOS="1948" VPOS="1830" WIDTH="48"/>
						<String ID="P9_ST00164" HPOS="1996" VPOS="1740" WIDTH="212" HEIGHT="60" CONTENT="tille..." WC="0.98" CC="86650442"/>
						<SP ID="P9_SP00145" HPOS="2208" VPOS="1830" WIDTH="36"/>
						<String ID="P9_ST00165" HPOS="2244" VPOS="1739" WIDTH="76" HEIGHT="60" CONTENT="Je" WC="0.35" CC="66"/>
					</TextLine>
					<TextLine ID="P9_TL00021" HPOS="216" VPOS="1818" WIDTH="2108" HEIGHT="92">
						<String ID="P9_ST00166" HPOS="216" VPOS="1854" WIDTH="168" HEIGHT="42" CONTENT="vous" WC="0.98" CC="0506"/>
						<SP ID="P9_SP00146" HPOS="384" VPOS="1896" WIDTH="51"/>
						<String ID="P9_ST00167" HPOS="435" VPOS="1853" WIDTH="78" HEIGHT="42" CONTENT="en" WC="0.24" CC="77"/>
						<SP ID="P9_SP00147" HPOS="513" VPOS="1896" WIDTH="45"/>
						<String ID="P9_ST00168" HPOS="558" VPOS="1834" WIDTH="164" HEIGHT="76" CONTENT="prie," WC="0.97" CC="07474"/>
						<SP ID="P9_SP00148" HPOS="722" VPOS="1910" WIDTH="35"/>
						<String ID="P9_ST00169" HPOS="757" VPOS="1848" WIDTH="149" HEIGHT="42" CONTENT="mon" WC="0.96" CC="037"/>
						<SP ID="P9_SP00149" HPOS="906" VPOS="1910" WIDTH="47"/>
						<String ID="P9_ST00170" HPOS="953" VPOS="1829" WIDTH="165" HEIGHT="78" CONTENT="petit" WC="0.98" CC="07620"/>
						<SP ID="P9_SP00150" HPOS="1118" VPOS="1910" WIDTH="31"/>
						<String ID="P9_ST00171" HPOS="1149" VPOS="1829" WIDTH="397" HEIGHT="66" CONTENT="Trousseau," WC="0.98" CC="4057967073"/>
						<SP ID="P9_SP00151" HPOS="1546" VPOS="1910" WIDTH="35"/>
						<String ID="P9_ST00172" HPOS="1581" VPOS="1820" WIDTH="444" HEIGHT="62" CONTENT="avancez-moi" WC="0.99" CC="00070710754"/>
						<SP ID="P9_SP00152" HPOS="2025" VPOS="1910" WIDTH="28"/>
						<String ID="P9_ST00173" HPOS="2053" VPOS="1819" WIDTH="99" HEIGHT="60" CONTENT="les" WC="0.94" CC="671"/>
						<SP ID="P9_SP00153" HPOS="2152" VPOS="1910" WIDTH="21"/>
						<String ID="P9_ST00174" HPOS="2173" VPOS="1818" WIDTH="151" HEIGHT="76" CONTENT="cinq" WC="0.96" CC="1079"/>
					</TextLine>
					<TextLine ID="P9_TL00022" HPOS="221" VPOS="1917" WIDTH="205" HEIGHT="58">
						<String ID="P9_ST00175" HPOS="221" VPOS="1917" WIDTH="205" HEIGHT="58" CONTENT="mille." WC="0.98" CC="044664"/>
					</TextLine>
					<TextLine ID="P9_TL00023" HPOS="396" VPOS="1994" WIDTH="1754" HEIGHT="80">
						<String ID="P9_ST00176" HPOS="396" VPOS="1994" WIDTH="170" HEIGHT="59" CONTENT="Non." WC="0.98" CC="4204"/>
						<SP ID="P9_SP00154" HPOS="566" VPOS="2053" WIDTH="527"/>
						<String ID="P9_ST00177" HPOS="1093" VPOS="2065" WIDTH="10" HEIGHT="9" CONTENT="_" WC="0.55" CC="4"/>
						<SP ID="P9_SP00155" HPOS="1103" VPOS="2074" WIDTH="391"/>
						<String ID="P9_ST00178" HPOS="1494" VPOS="1994" WIDTH="4" HEIGHT="80" CONTENT="■" WC="0.57" CC="4"/>
						<SP ID="P9_SP00156" HPOS="1498" VPOS="2074" WIDTH="343"/>
						<String ID="P9_ST00179" HPOS="1841" VPOS="1994" WIDTH="4" HEIGHT="80" CONTENT="■" WC="0.28" CC="7"/>
						<SP ID="P9_SP00157" HPOS="1845" VPOS="2074" WIDTH="298"/>
						<String ID="P9_ST00180" HPOS="2143" VPOS="2032" WIDTH="7" HEIGHT="9" CONTENT="•" WC="0.59" CC="4"/>
					</TextLine>
					<TextLine ID="P9_TL00024" HPOS="403" VPOS="2060" WIDTH="1919" HEIGHT="84">
						<String ID="P9_ST00181" HPOS="403" VPOS="2073" WIDTH="268" HEIGHT="60" CONTENT="Gomme" WC="0.98" CC="62007"/>
						<SP ID="P9_SP00158" HPOS="671" VPOS="2133" WIDTH="31"/>
						<String ID="P9_ST00182" HPOS="702" VPOS="2069" WIDTH="49" HEIGHT="58" CONTENT="il" WC="0.64" CC="16"/>
						<SP ID="P9_SP00159" HPOS="751" VPOS="2133" WIDTH="30"/>
						<String ID="P9_ST00183" HPOS="781" VPOS="2086" WIDTH="166" HEIGHT="44" CONTENT="vous" WC="0.97" CC="0076"/>
						<SP ID="P9_SP00160" HPOS="947" VPOS="2133" WIDTH="28"/>
						<String ID="P9_ST00184" HPOS="975" VPOS="2067" WIDTH="284" HEIGHT="77" CONTENT="plaira..." WC="1.00" CC="000000231"/>
						<SP ID="P9_SP00161" HPOS="1259" VPOS="2144" WIDTH="35"/>
						<String ID="P9_ST00185" HPOS="1294" VPOS="2063" WIDTH="184" HEIGHT="59" CONTENT="Vous" WC="0.98" CC="7001"/>
						<SP ID="P9_SP00162" HPOS="1478" VPOS="2144" WIDTH="47"/>
						<String ID="P9_ST00186" HPOS="1525" VPOS="2060" WIDTH="262" HEIGHT="60" CONTENT="n'aurez" WC="0.99" CC="1008072"/>
						<SP ID="P9_SP00163" HPOS="1787" VPOS="2144" WIDTH="39"/>
						<String ID="P9_ST00187" HPOS="1826" VPOS="2074" WIDTH="127" HEIGHT="61" CONTENT="pas" WC="0.98" CC="060"/>
						<SP ID="P9_SP00164" HPOS="1953" VPOS="2144" WIDTH="46"/>
						<String ID="P9_ST00188" HPOS="1999" VPOS="2060" WIDTH="323" HEIGHT="56" CONTENT="Madame" WC="0.97" CC="074786" STYLEREFS="TXT_2"/>
					</TextLine>
					<TextLine ID="P9_TL00025" HPOS="219" VPOS="2158" WIDTH="517" HEIGHT="67">
						<String ID="P9_ST00189" HPOS="219" VPOS="2161" WIDTH="65" HEIGHT="54" CONTENT="la" WC="0.47" CC="55" STYLEREFS="TXT_2"/>
						<SP ID="P9_SP00165" HPOS="284" VPOS="2215" WIDTH="48"/>
						<String ID="P9_ST00190" HPOS="332" VPOS="2158" WIDTH="404" HEIGHT="67" CONTENT="Margrave." WC="0.98" CC="056055854" STYLEREFS="TXT_2"/>
					</TextLine>
					<TextLine ID="P9_TL00026" HPOS="403" VPOS="2232" WIDTH="171" HEIGHT="59">
						<String ID="P9_ST00191" HPOS="403" VPOS="2232" WIDTH="138" HEIGHT="59" CONTENT="Soit" WC="0.97" CC="6500"/>
						<SP ID="P9_SP00166" HPOS="541" VPOS="2291" WIDTH="22"/>
						<String ID="P9_ST00192" HPOS="563" VPOS="2233" WIDTH="11" HEIGHT="56" CONTENT="!" WC="0.60" CC="3"/>
					</TextLine>
					<TextLine ID="P9_TL00027" HPOS="398" VPOS="2291" WIDTH="1926" HEIGHT="94">
						<String ID="P9_ST00193" HPOS="398" VPOS="2312" WIDTH="75" HEIGHT="58" CONTENT="Je" WC="0.67" CC="14"/>
						<SP ID="P9_SP00167" HPOS="473" VPOS="2370" WIDTH="36"/>
						<String ID="P9_ST00194" HPOS="509" VPOS="2310" WIDTH="63" HEIGHT="59" CONTENT="la" WC="0.80" CC="40"/>
						<SP ID="P9_SP00168" HPOS="572" VPOS="2370" WIDTH="36"/>
						<String ID="P9_ST00195" HPOS="608" VPOS="2309" WIDTH="183" HEIGHT="76" CONTENT="porte" WC="0.98" CC="04025"/>
						<SP ID="P9_SP00169" HPOS="791" VPOS="2385" WIDTH="35"/>
						<String ID="P9_ST00196" HPOS="826" VPOS="2308" WIDTH="36" HEIGHT="57" CONTENT="à" WC="0.55" CC="4"/>
						<SP ID="P9_SP00170" HPOS="862" VPOS="2385" WIDTH="29"/>
						<String ID="P9_ST00197" HPOS="891" VPOS="2304" WIDTH="339" HEIGHT="60" CONTENT="Samuel..." WC="0.99" CC="505051344"/>
						<SP ID="P9_SP00171" HPOS="1230" VPOS="2385" WIDTH="35"/>
						<String ID="P9_ST00198" HPOS="1265" VPOS="2300" WIDTH="58" HEIGHT="60" CONTENT="A" WC="1.00" CC="0"/>
						<SP ID="P9_SP00172" HPOS="1323" VPOS="2385" WIDTH="27"/>
						<String ID="P9_ST00199" HPOS="1350" VPOS="2301" WIDTH="62" HEIGHT="58" CONTENT="la" WC="1.00" CC="00"/>
						<SP ID="P9_SP00173" HPOS="1412" VPOS="2385" WIDTH="513"/>
						<String ID="P9_ST00200" HPOS="1925" VPOS="2341" WIDTH="14" HEIGHT="25" CONTENT="," WC="0.25" CC="7"/>
						<SP ID="P9_SP00174" HPOS="1939" VPOS="2385" WIDTH="35"/>
						<String ID="P9_ST00201" HPOS="1974" VPOS="2310" WIDTH="74" HEIGHT="55" CONTENT="ça" WC="1.00" CC="00"/>
						<SP ID="P9_SP00175" HPOS="2048" VPOS="2385" WIDTH="32"/>
						<String ID="P9_ST00202" HPOS="2080" VPOS="2291" WIDTH="136" HEIGHT="61" CONTENT="fera" WC="0.96" CC="4590"/>
						<SP ID="P9_SP00176" HPOS="2216" VPOS="2385" WIDTH="33"/>
						<String ID="P9_ST00203" HPOS="2249" VPOS="2293" WIDTH="75" HEIGHT="58" CONTENT="de" WC="0.46" CC="73"/>
					</TextLine>
					<TextLine ID="P9_TL00028" HPOS="217" VPOS="2390" WIDTH="346" HEIGHT="77">
						<String ID="P9_ST00204" HPOS="217" VPOS="2390" WIDTH="346" HEIGHT="77" CONTENT="l'argent..." WC="0.99" CC="00056575444"/>
					</TextLine>
					<TextLine ID="P9_TL00029" HPOS="405" VPOS="2467" WIDTH="414" HEIGHT="61">
						<String ID="P9_ST00205" HPOS="405" VPOS="2467" WIDTH="414" HEIGHT="61" CONTENT="Portez-1a..." WC="1.00" CC="050000030204"/>
					</TextLine>
					<TextLine ID="P9_TL00030" HPOS="407" VPOS="2548" WIDTH="291" HEIGHT="58">
						<String ID="P9_ST00206" HPOS="407" VPOS="2548" WIDTH="291" HEIGHT="58" CONTENT="Adieu..." WC="0.99" CC="00007403"/>
					</TextLine>
					<TextLine ID="P9_TL00031" HPOS="407" VPOS="2628" WIDTH="1672" HEIGHT="80">
						<String ID="P9_ST00207" HPOS="407" VPOS="2628" WIDTH="291" HEIGHT="57" CONTENT="Adieu..." WC="0.99" CC="00050443"/>
						<SP ID="P9_SP00177" HPOS="698" VPOS="2685" WIDTH="511"/>
						<String ID="P9_ST00208" HPOS="1209" VPOS="2698" WIDTH="10" HEIGHT="10" CONTENT="_" WC="0.54" CC="4"/>
						<SP ID="P9_SP00178" HPOS="1219" VPOS="2708" WIDTH="809"/>
						<String ID="P9_ST00209" HPOS="2028" VPOS="2689" WIDTH="51" HEIGHT="19" CONTENT="m" STYLE="subscript" WC="0.24" CC="7"/>
					</TextLine>
					<TextLine ID="P9_TL00032" HPOS="397" VPOS="2689" WIDTH="1918" HEIGHT="76">
						<String ID="P9_ST00210" HPOS="397" VPOS="2707" WIDTH="184" HEIGHT="58" CONTENT="Vous" WC="0.96" CC="7605"/>
						<SP ID="P9_SP00179" HPOS="581" VPOS="2765" WIDTH="28"/>
						<String ID="P9_ST00211" HPOS="609" VPOS="2722" WIDTH="78" HEIGHT="40" CONTENT="en" WC="0.63" CC="07"/>
						<SP ID="P9_SP00180" HPOS="687" VPOS="2765" WIDTH="33"/>
						<String ID="P9_ST00212" HPOS="720" VPOS="2719" WIDTH="265" HEIGHT="43" CONTENT="mourez" WC="0.98" CC="017070"/>
						<SP ID="P9_SP00181" HPOS="985" VPOS="2765" WIDTH="24"/>
						<String ID="P9_ST00213" HPOS="1009" VPOS="2698" WIDTH="254" HEIGHT="61" CONTENT="d'envie" WC="0.98" CC="9367007"/>
						<SP ID="P9_SP00182" HPOS="1263" VPOS="2765" WIDTH="31"/>
						<String ID="P9_ST00214" HPOS="1294" VPOS="2696" WIDTH="80" HEIGHT="60" CONTENT="de" WC="0.63" CC="07"/>
						<SP ID="P9_SP00183" HPOS="1374" VPOS="2765" WIDTH="28"/>
						<String ID="P9_ST00215" HPOS="1402" VPOS="2712" WIDTH="108" HEIGHT="42" CONTENT="ma" WC="0.50" CC="09"/>
						<SP ID="P9_SP00184" HPOS="1510" VPOS="2765" WIDTH="25"/>
						<String ID="P9_ST00216" HPOS="1535" VPOS="2698" WIDTH="461" HEIGHT="67" CONTENT="Margrave..." WC="0.98" CC="77859957323" STYLEREFS="TXT_2"/>
						<SP ID="P9_SP00185" HPOS="1996" VPOS="2765" WIDTH="32"/>
						<String ID="P9_ST00217" HPOS="2028" VPOS="2689" WIDTH="287" HEIGHT="58" CONTENT="Tenez..." WC="0.98" CC="07779044"/>
					</TextLine>
					<TextLine ID="P9_TL00033" HPOS="217" VPOS="2771" WIDTH="1547" HEIGHT="73">
						<String ID="P9_ST00218" HPOS="217" VPOS="2787" WIDTH="57" HEIGHT="57" CONTENT="le" WC="0.84" CC="30"/>
						<SP ID="P9_SP00186" HPOS="274" VPOS="2844" WIDTH="34"/>
						<String ID="P9_ST00219" HPOS="308" VPOS="2785" WIDTH="128" HEIGHT="59" CONTENT="duo" WC="0.91" CC="886"/>
						<SP ID="P9_SP00187" HPOS="436" VPOS="2844" WIDTH="44"/>
						<String ID="P9_ST00220" HPOS="480" VPOS="2785" WIDTH="86" HEIGHT="59" CONTENT="du" WC="1.00" CC="00"/>
						<SP ID="P9_SP00188" HPOS="566" VPOS="2844" WIDTH="32"/>
						<String ID="P9_ST00221" HPOS="598" VPOS="2784" WIDTH="165" HEIGHT="58" CONTENT="trois" WC="0.98" CC="06203"/>
						<SP ID="P9_SP00189" HPOS="763" VPOS="2844" WIDTH="35"/>
						<String ID="P9_ST00222" HPOS="798" VPOS="2801" WIDTH="12" HEIGHT="39" CONTENT=":" WC="0.54" CC="4"/>
						<SP ID="P9_SP00190" HPOS="810" VPOS="2844" WIDTH="37"/>
						<String ID="P9_ST00223" HPOS="847" VPOS="2782" WIDTH="67" HEIGHT="58" CONTENT="Si" WC="0.84" CC="30"/>
						<SP ID="P9_SP00191" HPOS="914" VPOS="2844" WIDTH="33"/>
						<String ID="P9_ST00224" HPOS="947" VPOS="2779" WIDTH="99" HEIGHT="58" CONTENT="sol" WC="0.95" CC="452"/>
						<SP ID="P9_SP00192" HPOS="1046" VPOS="2844" WIDTH="43"/>
						<String ID="P9_ST00225" HPOS="1089" VPOS="2778" WIDTH="68" HEIGHT="58" CONTENT="fa" WC="0.67" CC="60"/>
						<SP ID="P9_SP00193" HPOS="1157" VPOS="2844" WIDTH="30"/>
						<String ID="P9_ST00226" HPOS="1187" VPOS="2778" WIDTH="31" HEIGHT="56" CONTENT="d" WC="0.59" CC="9"/>
						<SP ID="P9_SP00194" HPOS="1218" VPOS="2844" WIDTH="0"/>
						<String ID="P9_ST00227" HPOS="1218" VPOS="2778" WIDTH="124" HEIGHT="56" CONTENT="0..." WC="0.97" CC="3330"/>
						<SP ID="P9_SP00195" HPOS="1342" VPOS="2844" WIDTH="36"/>
						<String ID="P9_ST00228" HPOS="1378" VPOS="2774" WIDTH="64" HEIGHT="58" CONTENT="la" WC="1.00" CC="00"/>
						<SP ID="P9_SP00196" HPOS="1442" VPOS="2844" WIDTH="31"/>
						<String ID="P9_ST00229" HPOS="1473" VPOS="2774" WIDTH="85" HEIGHT="70" CONTENT="la," WC="0.96" CC="604"/>
						<SP ID="P9_SP00197" HPOS="1558" VPOS="2844" WIDTH="32"/>
						<String ID="P9_ST00230" HPOS="1590" VPOS="2773" WIDTH="63" HEIGHT="57" CONTENT="la" WC="0.92" CC="10"/>
						<SP ID="P9_SP00198" HPOS="1653" VPOS="2844" WIDTH="23"/>
						<String ID="P9_ST00231" HPOS="1676" VPOS="2771" WIDTH="88" HEIGHT="71" CONTENT="la," WC="0.96" CC="074"/>
					</TextLine>
					<TextLine ID="P9_TL00034" HPOS="737" VPOS="2888" WIDTH="693" HEIGHT="61">
						<String ID="P9_ST00232" HPOS="737" VPOS="2896" WIDTH="147" HEIGHT="53" CONTENT="Bète," WC="0.73" CC="64002" STYLEREFS="TXT_3"/>
						<SP ID="P9_SP00199" HPOS="884" VPOS="2949" WIDTH="26"/>
						<String ID="P9_ST00233" HPOS="910" VPOS="2897" WIDTH="59" HEIGHT="43" CONTENT="tu" WC="0.58" CC="08" STYLEREFS="TXT_3"/>
						<SP ID="P9_SP00200" HPOS="969" VPOS="2949" WIDTH="29"/>
						<String ID="P9_ST00234" HPOS="998" VPOS="2906" WIDTH="84" HEIGHT="33" CONTENT="me" WC="0.36" CC="56" STYLEREFS="TXT_3"/>
						<SP ID="P9_SP00201" HPOS="1082" VPOS="2949" WIDTH="30"/>
						<String ID="P9_ST00235" HPOS="1112" VPOS="2888" WIDTH="318" HEIGHT="50" CONTENT="chatouilles" WC="0.98" CC="47655735406" STYLEREFS="TXT_3"/>
					</TextLine>
					<TextLine ID="P9_TL00035" HPOS="861" VPOS="2952" WIDTH="341" HEIGHT="57">
						<String ID="P9_ST00236" HPOS="861" VPOS="2956" WIDTH="152" HEIGHT="47" CONTENT="Dans" WC="0.95" CC="7382" STYLEREFS="TXT_3"/>
						<SP ID="P9_SP00202" HPOS="1013" VPOS="3003" WIDTH="33"/>
						<String ID="P9_ST00237" HPOS="1046" VPOS="2952" WIDTH="156" HEIGHT="57" CONTENT="l'dos," WC="0.81" CC="001440" STYLEREFS="TXT_3"/>
					</TextLine>
					<TextLine ID="P9_TL00036" HPOS="734" VPOS="3010" WIDTH="692" HEIGHT="56">
						<String ID="P9_ST00238" HPOS="734" VPOS="3018" WIDTH="146" HEIGHT="48" CONTENT="Bête," WC="0.98" CC="60007" STYLEREFS="TXT_3"/>
						<SP ID="P9_SP00203" HPOS="880" VPOS="3066" WIDTH="31"/>
						<String ID="P9_ST00239" HPOS="911" VPOS="3022" WIDTH="59" HEIGHT="40" CONTENT="tu" WC="0.61" CC="07" STYLEREFS="TXT_3"/>
						<SP ID="P9_SP00204" HPOS="970" VPOS="3066" WIDTH="29"/>
						<String ID="P9_ST00240" HPOS="999" VPOS="3028" WIDTH="83" HEIGHT="34" CONTENT="me" WC="0.72" CC="05" STYLEREFS="TXT_3"/>
						<SP ID="P9_SP00205" HPOS="1082" VPOS="3066" WIDTH="31"/>
						<String ID="P9_ST00241" HPOS="1113" VPOS="3010" WIDTH="313" HEIGHT="51" CONTENT="chatouilles" WC="0.99" CC="27266722006" STYLEREFS="TXT_3"/>
					</TextLine>
					<TextLine ID="P9_TL00037" HPOS="859" VPOS="3076" WIDTH="385" HEIGHT="50">
						<String ID="P9_ST00242" HPOS="859" VPOS="3080" WIDTH="153" HEIGHT="46" CONTENT="Dans" WC="0.96" CC="7173" STYLEREFS="TXT_3"/>
						<SP ID="P9_SP00206" HPOS="1012" VPOS="3126" WIDTH="39"/>
						<String ID="P9_ST00243" HPOS="1051" VPOS="3076" WIDTH="193" HEIGHT="47" CONTENT="l'dos..." WC="0.70" CC="50645001" STYLEREFS="TXT_3"/>
					</TextLine>
					<TextLine ID="P9_TL00038" HPOS="288" VPOS="3163" WIDTH="2031" HEIGHT="94">
						<String ID="P9_ST00244" HPOS="288" VPOS="3182" WIDTH="442" HEIGHT="75" CONTENT="Voyez-vous," WC="0.99" CC="75673304064"/>
						<SP ID="P9_SP00207" HPOS="730" VPOS="3257" WIDTH="32"/>
						<String ID="P9_ST00245" HPOS="762" VPOS="3194" WIDTH="129" HEIGHT="41" CONTENT="une" WC="0.92" CC="875"/>
						<SP ID="P9_SP00208" HPOS="891" VPOS="3257" WIDTH="33"/>
						<String ID="P9_ST00246" HPOS="924" VPOS="3190" WIDTH="156" HEIGHT="63" CONTENT="grue" WC="0.97" CC="0076"/>
						<SP ID="P9_SP00209" HPOS="1080" VPOS="3257" WIDTH="32"/>
						<String ID="P9_ST00247" HPOS="1112" VPOS="3170" WIDTH="321" HEIGHT="78" CONTENT="épatante," WC="0.98" CC="500668064"/>
						<SP ID="P9_SP00210" HPOS="1433" VPOS="3257" WIDTH="23"/>
						<String ID="P9_ST00248" HPOS="1456" VPOS="3183" WIDTH="168" HEIGHT="43" CONTENT="vous" WC="0.97" CC="0282"/>
						<SP ID="P9_SP00211" HPOS="1624" VPOS="3257" WIDTH="32"/>
						<String ID="P9_ST00249" HPOS="1656" VPOS="3163" WIDTH="354" HEIGHT="78" CONTENT="dégoisant" WC="0.53" CC="746502780"/>
						<SP ID="P9_SP00212" HPOS="2010" VPOS="3257" WIDTH="32"/>
						<String ID="P9_ST00250" HPOS="2042" VPOS="3178" WIDTH="92" HEIGHT="53" CONTENT="ça," WC="0.95" CC="094"/>
						<SP ID="P9_SP00213" HPOS="2134" VPOS="3257" WIDTH="31"/>
						<String ID="P9_ST00251" HPOS="2165" VPOS="3175" WIDTH="154" HEIGHT="43" CONTENT="avec" WC="0.98" CC="0046"/>
					</TextLine>
					<TextLine ID="P9_TL00039" HPOS="210" VPOS="3240" WIDTH="2110" HEIGHT="97">
						<String ID="P9_ST00252" HPOS="210" VPOS="3277" WIDTH="130" HEIGHT="43" CONTENT="une" WC="0.95" CC="751"/>
						<SP ID="P9_SP00214" HPOS="340" VPOS="3320" WIDTH="48"/>
						<String ID="P9_ST00253" HPOS="388" VPOS="3259" WIDTH="162" HEIGHT="78" CONTENT="jolie" WC="0.98" CC="36700"/>
						<SP ID="P9_SP00215" HPOS="550" VPOS="3337" WIDTH="49"/>
						<String ID="P9_ST00254" HPOS="599" VPOS="3255" WIDTH="370" HEIGHT="71" CONTENT="cambrure," WC="0.99" CC="000067014"/>
						<SP ID="P9_SP00216" HPOS="969" VPOS="3337" WIDTH="48"/>
						<String ID="P9_ST00255" HPOS="1017" VPOS="3269" WIDTH="127" HEIGHT="42" CONTENT="une" WC="0.95" CC="076"/>
						<SP ID="P9_SP00217" HPOS="1144" VPOS="3337" WIDTH="48"/>
						<String ID="P9_ST00256" HPOS="1192" VPOS="3250" WIDTH="175" HEIGHT="76" CONTENT="ligne" WC="0.97" CC="20870"/>
						<SP ID="P9_SP00218" HPOS="1367" VPOS="3337" WIDTH="55"/>
						<String ID="P9_ST00257" HPOS="1422" VPOS="3246" WIDTH="157" HEIGHT="70" CONTENT="d'or," WC="0.98" CC="04403"/>
						<SP ID="P9_SP00219" HPOS="1579" VPOS="3337" WIDTH="47"/>
						<String ID="P9_ST00258" HPOS="1626" VPOS="3245" WIDTH="64" HEIGHT="59" CONTENT="la" WC="0.66" CC="60"/>
						<SP ID="P9_SP00220" HPOS="1690" VPOS="3337" WIDTH="48"/>
						<String ID="P9_ST00259" HPOS="1738" VPOS="3259" WIDTH="191" HEIGHT="61" CONTENT="gorge" WC="0.95" CC="95986"/>
						<SP ID="P9_SP00221" HPOS="1929" VPOS="3337" WIDTH="53"/>
						<String ID="P9_ST00260" HPOS="1982" VPOS="3257" WIDTH="79" HEIGHT="43" CONTENT="en" WC="1.00" CC="00"/>
						<SP ID="P9_SP00222" HPOS="2061" VPOS="3337" WIDTH="37"/>
						<String ID="P9_ST00261" HPOS="2098" VPOS="3240" WIDTH="222" HEIGHT="75" CONTENT="pointe" WC="0.99" CC="030071"/>
					</TextLine>
					<TextLine ID="P9_TL00040" HPOS="214" VPOS="3317" WIDTH="2106" HEIGHT="84">
						<String ID="P9_ST00262" HPOS="214" VPOS="3343" WIDTH="164" HEIGHT="56" CONTENT="dans" WC="0.97" CC="8004"/>
						<SP ID="P9_SP00223" HPOS="378" VPOS="3399" WIDTH="47"/>
						<String ID="P9_ST00263" HPOS="425" VPOS="3338" WIDTH="443" HEIGHT="58" CONTENT="l'échancrure" WC="0.74" CC="033170030703"/>
						<SP ID="P9_SP00224" HPOS="868" VPOS="3399" WIDTH="42"/>
						<String ID="P9_ST00264" HPOS="910" VPOS="3334" WIDTH="76" HEIGHT="57" CONTENT="de" WC="0.56" CC="53"/>
						<SP ID="P9_SP00225" HPOS="986" VPOS="3399" WIDTH="45"/>
						<String ID="P9_ST00265" HPOS="1031" VPOS="3331" WIDTH="63" HEIGHT="59" CONTENT="la" WC="1.00" CC="00"/>
						<SP ID="P9_SP00226" HPOS="1094" VPOS="3399" WIDTH="38"/>
						<String ID="P9_ST00266" HPOS="1132" VPOS="3328" WIDTH="291" HEIGHT="61" CONTENT="chemise" WC="0.98" CC="4650305"/>
						<SP ID="P9_SP00227" HPOS="1423" VPOS="3399" WIDTH="43"/>
						<String ID="P9_ST00267" HPOS="1466" VPOS="3339" WIDTH="365" HEIGHT="62" CONTENT="paysanne." WC="0.99" CC="000286063"/>
						<SP ID="P9_SP00228" HPOS="1831" VPOS="3401" WIDTH="34"/>
						<String ID="P9_ST00268" HPOS="1865" VPOS="3321" WIDTH="82" HEIGHT="57" CONTENT="Et" WC="0.63" CC="70"/>
						<SP ID="P9_SP00229" HPOS="1947" VPOS="3401" WIDTH="45"/>
						<String ID="P9_ST00269" HPOS="1992" VPOS="3319" WIDTH="221" HEIGHT="76" CONTENT="quand" WC="0.98" CC="07007"/>
						<SP ID="P9_SP00230" HPOS="2213" VPOS="3401" WIDTH="42"/>
						<String ID="P9_ST00270" HPOS="2255" VPOS="3317" WIDTH="65" HEIGHT="56" CONTENT="la" WC="0.37" CC="56"/>
					</TextLine>
					<TextLine ID="P9_TL00041" HPOS="209" VPOS="3413" WIDTH="758" HEIGHT="85">
						<String ID="P9_ST00271" HPOS="209" VPOS="3420" WIDTH="202" HEIGHT="78" CONTENT="petite" WC="0.98" CC="064414"/>
						<SP ID="P9_SP00231" HPOS="411" VPOS="3498" WIDTH="31"/>
						<String ID="P9_ST00272" HPOS="442" VPOS="3418" WIDTH="161" HEIGHT="58" CONTENT="flûte" WC="0.98" CC="22605"/>
						<SP ID="P9_SP00232" HPOS="603" VPOS="3498" WIDTH="38"/>
						<String ID="P9_ST00273" HPOS="641" VPOS="3413" WIDTH="279" HEIGHT="78" CONTENT="reprend" WC="0.99" CC="0300304"/>
						<SP ID="P9_SP00233" HPOS="920" VPOS="3498" WIDTH="36"/>
						<String ID="P9_ST00274" HPOS="956" VPOS="3431" WIDTH="11" HEIGHT="38" CONTENT=":" WC="0.55" CC="4"/>
					</TextLine>
					<TextLine ID="P9_TL00042" HPOS="701" VPOS="3502" WIDTH="821" HEIGHT="67">
						<String ID="P9_ST00275" HPOS="701" VPOS="3511" WIDTH="100" HEIGHT="47" CONTENT="Tes" WC="0.99" CC="011" STYLEREFS="TXT_3"/>
						<SP ID="P9_SP00234" HPOS="801" VPOS="3558" WIDTH="29"/>
						<String ID="P9_ST00276" HPOS="830" VPOS="3522" WIDTH="140" HEIGHT="47" CONTENT="yeux" WC="0.96" CC="4039" STYLEREFS="TXT_3"/>
						<SP ID="P9_SP00235" HPOS="970" VPOS="3569" WIDTH="32"/>
						<String ID="P9_ST00277" HPOS="1002" VPOS="3508" WIDTH="120" HEIGHT="46" CONTENT="sont" WC="0.95" CC="6484" STYLEREFS="TXT_3"/>
						<SP ID="P9_SP00236" HPOS="1122" VPOS="3569" WIDTH="32"/>
						<String ID="P9_ST00278" HPOS="1154" VPOS="3504" WIDTH="93" HEIGHT="48" CONTENT="des" WC="0.98" CC="014" STYLEREFS="TXT_3"/>
						<SP ID="P9_SP00237" HPOS="1247" VPOS="3569" WIDTH="30"/>
						<String ID="P9_ST00279" HPOS="1277" VPOS="3502" WIDTH="245" HEIGHT="61" CONTENT="pastilles" WC="0.99" CC="025661506" STYLEREFS="TXT_3"/>
					</TextLine>
				</TextBlock>
			</PrintSpace>
		</Page>
	</Layout>
</alto>
