2533 3756
1213 196 121 64 213

220 328 64 60 le
313 328 243 60 hasard,
585 346 42 58 y
659 329 97 59 est
789 328 58 58 le
878 329 205 75 grand
1106 332 254 58 maître.
1397 332 95 59 Ne
1525 332 251 58 sont-ce
1807 348 118 59 pas
1958 347 228 43 encore
2217 332 114 58 des

219 407 160 75 .jeux
430 424 127 59 que
603 424 108 41 ces
755 407 301 76 étranges
1107 424 316 44 concours
1469 408 190 77 après
1708 409 315 76 lesquels,
2075 409 255 76 chaque

224 487 230 71 année,
485 488 77 58 de
603 487 239 76 jeunes
875 488 287 72 artistes,
1207 488 317 76 peintres,
1564 488 374 77 sculpteurs
1987 506 84 42 ou
2120 489 168 59 musi-

226 565 176 59 ciens
431 569 145 56 sont
605 565 289 75 envoyés
924 565 36 59 à
998 565 233 72 Rome,
1266 571 62 55 et
1353 568 306 76 désignés
1692 569 36 56 à
1770 568 63 58 la
1868 567 224 59 future
2133 568 149 58 bien-

220 644 319 60 veillance
568 645 116 59 des
702 644 303 76 publics?
1026 645 302 60 Pendant
1353 665 90 40 un
1478 648 190 71 mois,
1699 663 82 42 on
1805 648 171 58 reste
2010 647 315 71 enfermé,

220 723 140 58 loin
393 724 116 59 des
541 725 221 56 autres
793 724 324 70 hommes,
1151 742 252 42 comme
1436 725 57 59 si
1520 725 129 59 l'on
1681 725 300 60 souffrait
2011 727 78 57 de
2122 727 160 57 mala-

223 802 142 58 dies
396 802 476 76 contagieuses,
897 803 61 57 et
990 802 47 58 il
1061 800 142 61 faut
1229 805 190 73 qu'en
1451 821 69 43 ce
1546 807 216 72 temps
1795 821 82 40 on
1908 804 234 59 devine
2170 804 154 75 quel

222 882 181 71 geste
452 882 86 58 M.
585 882 437 73 Bouguereau
1074 898 84 41 ou
1207 883 85 57 M.
1328 883 258 58 Bonnat
1638 883 213 58 aurait
1893 883 230 58 trouvé
2155 901 170 58 pour

218 959 223 60 Didon
473 960 367 70 mourante,
876 976 85 42 ou
994 960 151 75 quel
1179 962 218 58 thème
1428 960 454 60 M.Ambroise
1915 962 288 58 Thomas
2236 978 86 42 ou

218 1038 89 60 M.
344 1037 282 61 Gounod
657 1038 215 58 aurait
902 1037 120 59 fait
1052 1039 210 75 gémir
1292 1040 36 58 à
1361 1040 338 77 Cléopâtre
1731 1040 274 59 mordue
2053 1040 78 60 de
2174 1040 119 59 l'as-

219 1118 126 74 pic.
381 1117 82 58 Et
509 1134 189 59 parce
744 1133 151 60 que,
928 1133 80 42 en
1047 1134 129 42 une
1228 1119 256 59 minute
1530 1119 350 71 heureuse,
1913 1136 167 42 vous
2124 1136 198 42 aurez

222 1195 232 60 deviné
476 1197 207 75 juste,
709 1213 166 42 vous
902 1213 347 59 acquerrez
1275 1199 58 57 le
1367 1198 173 58 droit
1564 1198 391 76 d'appendre
1977 1216 132 40 aux
2141 1216 183 40 murs

222 1274 87 59 du
342 1275 221 59 Palais
596 1275 79 58 de
702 1274 378 60 l'lndustrie
1106 1310 73 6 —
1219 1275 57 59 si
1311 1275 155 60 bien
1497 1277 261 58 nommé
1894 1277 430 58 d'immenses

218 1353 196 58 toiles
444 1353 255 76 peintes
745 1371 84 40 au
869 1353 280 72 bitume,
1184 1372 84 41 ou
1311 1355 78 58 de
1436 1355 301 59 charmer
1764 1355 116 59 des
1912 1354 213 60 foules
2166 1372 155 42 avec

220 1434 243 59 Patrie
510 1449 84 42 ou
628 1438 92 55 les
749 1437 223 56 Folies
1005 1448 473 45 amoureuses.

292 1634 53 59 Il
401 1635 100 58 est
551 1634 182 76 juste
782 1634 310 59 d'avouer
1130 1652 149 58 que.
1332 1652 118 60 par
1498 1653 130 42 une
1686 1635 224 59 sévère
1967 1635 349 75 discipline

213 1713 503 71 intellectuelle,
771 1731 166 42 vous
993 1731 249 57 pouvez
1302 1714 369 76 multiplier
1727 1732 118 41 vos
1902 1714 280 60 chances
2238 1714 78 59 de

218 1809 245 59 gagner
490 1793 65 57 la
583 1793 207 75 partie
830 1809 83 41 au
934 1790 116 77 jeu
1086 1793 113 58 des
1228 1809 334 44 examens.

294 1872 92 70 Si,
420 1872 287 75 pendant
745 1870 151 77 cinq
940 1887 83 41 ou
1065 1872 104 57 six
1213 1888 142 54 ans,
1388 1872 37 57 à
1454 1872 162 76 l'âge
1650 1872 83 58 où
1766 1888 70 42 se
1886 1870 208 60 forme
2133 1872 182 58 votre

216 1950 227 75 esprit,
473 1967 166 42 vous
687 1967 167 42 vous
903 1948 259 76 gardez,
1215 1967 154 41 avec
1413 1967 92 42 un
1566 1950 144 58 soin
1760 1950 428 77 scrupuleux,
2238 1950 78 58 de

211 2028 243 76 jamais
486 2028 258 58 étudier
799 2042 214 44 aucun
1064 2028 116 58 des
1224 2030 269 58 auteurs
1535 2028 159 58 dont
1723 2044 168 44 vous
1915 2028 255 76 parlent
2198 2044 118 42 vos

213 2109 306 69 maîtres;
550 2107 57 58 si
660 2123 165 42 vous
874 2108 293 74 acceptez
1215 2123 253 42 comme
1514 2105 251 60 révélés
1807 2107 99 58 les
1930 2107 384 76 jugements

214 2190 192 70 qu'on
440 2202 167 40 vous
650 2185 338 73 enseigne;
1026 2185 57 57 si
1117 2202 167 42 vous
1332 2202 166 42 vous
1543 2184 307 60 abstenez
1897 2187 79 55 de
2011 2184 303 58 réfléchir

212 2279 115 42 sur
368 2281 92 40 un
505 2265 200 74 sujet,
741 2263 58 58 si
839 2263 192 63 futile
1061 2264 159 74 qu'il
1256 2264 129 59 soit
1409 2283 14 53 ;
1453 2264 83 70 si,
1578 2263 135 60 très
1757 2264 362 75 sagement,
2150 2279 165 42 vous

209 2342 242 59 bornez
487 2359 119 42 vos
649 2342 283 61 lectures
976 2347 37 57 à
1063 2344 115 57 des
1225 2343 202 58 livres
1472 2342 197 76 qu'on
1700 2359 263 42 nomme
1995 2348 319 55 manuels

211 2423 62 56 et
303 2424 412 72 mémentos;
748 2420 57 59 si
851 2438 166 43 vous
1060 2438 167 42 vous
1275 2422 366 76 persuadez
1683 2420 165 76 qu'/Z
1876 2439 85 40 ne
1991 2423 158 68 faut
2179 2436 133 57 pas

204 2499 142 58 être
382 2503 344 72 original;
759 2499 80 71 si,
865 2518 78 42 en
966 2500 442 60 arrivez-vous
1432 2500 36 57 à
1500 2499 320 76 mépriser
1840 2516 166 43 ceux
2033 2499 137 75 qui,
2199 2517 74 58 pa-

207 2578 156 58 reils
395 2596 82 40 au
510 2596 333 58 voyageur
875 2580 79 59 de
988 2579 420 71 Baudelaire,
1441 2578 267 59 veulent
1735 2578 294 76 plonger.

505 2682 85 47 Au
626 2681 131 48 fond
790 2682 63 47 de
885 2682 284 48 l'lnconnu
1200 2696 140 47 pour
1374 2683 218 46 trouver
1619 2681 71 47 du
1724 2695 299 47 nouveau;

291 2770 68 58 Si
410 2786 168 42 vous
634 2770 270 61 estimez
961 2789 159 58 que,
1180 2787 119 60 par
1357 2770 379 72 l'intellect,
1794 2770 314 58 l'homme
2173 2770 142 58 doit

208 2847 392 61 s'identifier
637 2866 157 43 avec
841 2850 60 59 le
952 2851 209 76 singe,
1197 2851 185 70 dont,
1416 2867 118 57 par
1569 2848 61 60 le
1667 2865 214 59 corps,
1910 2848 48 57 il
1991 2847 229 60 diffère
2254 2848 58 57 si

206 2942 149 59 peu,
495 2944 166 43 vous
686 2946 273 57 pourrez
990 2927 318 61 trembler
1333 2928 219 57 moins
1577 2928 239 57 devant
1845 2944 107 41 ces
1981 2926 213 58 tables
2226 2926 86 58 où

207 3008 148 56 sont
380 3007 172 57 assis
595 3007 115 58 des
740 3024 445 59 personnages
1225 3024 257 59 graves,
1505 3007 180 75 prêts
1716 3007 36 57 à
1798 3022 166 42 vous
1997 3022 320 59 proposer

208 3083 117 59 des
357 3085 245 74 parties
635 3102 155 42 sans
814 3086 382 59 revanches.

283 3162 84 58 Et
402 3166 334 72 pourtant,
773 3180 156 43 avec
979 3181 110 42 ces
1142 3163 435 70 adversaires,
1610 3180 168 42 vous
1820 3178 81 44 ne
1925 3161 267 77 jouerez
2213 3161 66 73 ja-

199 3242 172 57 mais
416 3243 37 56 à
501 3258 168 60 coup
720 3243 114 57 sûr
863 3260 13 39 :
922 3260 80 42 ne
1046 3245 478 57 resterez-vous
1564 3258 117 58 pas
1730 3258 154 42 sans
1930 3241 276 76 réponse
2248 3239 57 58 si

203 3318 133 60 l'on
363 3337 166 41 vous
562 3321 324 58 demande
909 3339 14 38 :

378 3398 233 70 Quelle
642 3402 102 56 est
773 3401 64 57 la
858 3398 338 61 belle-fille
1228 3399 115 77 qui
1368 3399 266 59 mourut
1665 3399 146 58 cent
1835 3398 316 76 quarante
2183 3413 121 42 ans

203 3478 193 74 après
429 3495 119 42 son
579 3477 400 76 beau-père?
