3497 4417
418 211 1397 203 Niederrlicinisehe
1963 221 1122 259 Musik-Zeitung

881 597 12 8 •
1046 516 114 114 für
1244 516 546 117 Ihmstfmtrtüe
1843 519 163 121 itnil.
2036 521 389 119 Hiraatlfr.

233 745 386 73 Herausgegeben
665 769 89 34 von
803 753 234 50 Professor
1950 750 67 57 L.
2173 748 261 80 Bischoff.
1654 756 171 66 Verlag
1879 757 80 49 der
2008 753 83 56 M.
2923 761 368 67 Buchhandlung.

291 907 83 56 Nr.
409 908 77 55 33.

1447 901 168 85 KÖLN,
1651 915 65 57 11.
1752 915 190 71 Anglist
1979 913 140 59 1860.

2807 919 121 58 VIII.
2962 920 268 73 Jahrgang.

326 1083 220 36 Inhalt.

603 1085 79 34 Das
708 1086 117 34 vierte
852 1086 333 36 mittelrheinische
1213 1087 204 36 Musikfest
1444 1089 63 45 (V.
1534 1089 165 36 Sinfonie
1726 1101 73 23 von
1825 1090 215 35 Beethoven
2144 1090 299 36 Mendelssohn's
2471 1091 360 45 Walpurgisnacht).
2869 1093 165 37 Sehluss.
3073 1094 84 35 Von
3184 1094 42 37 L.
3253 1095 44 34 B.

300 1144 76 34 Zur
411 1143 292 35 musicalischen
740 1147 258 44 Temperatur.
1042 1147 84 34 Von
1166 1148 44 33 V.
1336 1148 204 35 Musikfest
1566 1151 38 33 in
1630 1150 224 36 Worcester.
1958 1149 156 35 Curiosa
2141 1161 69 24 aus
2238 1150 181 35 Handelns
2446 1150 169 36 Partitur
2652 1162 73 23 von
2753 1152 134 45 „Israel
2913 1154 38 33 in
2978 1154 194 45 Aegypten
3177 1154 15 17 14
3198 1180 8 9 .

221 1203 270 35 Musicalische
520 1204 267 36 Freibeuterei.
892 1207 185 45 Tages-
1124 1207 95 35 und
1263 1207 187 36 Unterh
1465 1208 339 46 altungsblatt
1843 1210 152 46 (Berlin,
2036 1210 227 46 Königliche
2290 1211 216 35 Bibliothek
2610 1211 155 46 Leipzig
2869 1212 117 44 Wien,
3014 1214 194 46 Warnung
3232 1215 60 34 für

221 1262 282 46 Lithographen
611 1264 298 46 Merkwürdiges
938 1266 319 46 Ehrengeschenk
1360 1267 168 44 Florenz,
1557 1267 410 36 Cherubini-Denkmal
2069 1270 167 44 London,
2265 1270 168 36 Weber's

429 1417 84 53 Das
541 1417 168 53 vierte
737 1417 448 53 mittelrheinische
1213 1417 280 53 Musikfest.

279 1548 58 46 [V.
366 1547 169 36 Sinfonie
564 1560 71 23 von
662 1548 217 36 Beethoven
983 1550 300 35 Mendelssohn's
1311 1548 363 50 Walpurgisnacht.]

738 1634 184 47 (Sehluss.
977 1635 34 37 S.
1041 1635 67 38 Nr.
1136 1635 81 46 32.)

338 1724 127 48 Nach
491 1724 78 48 der
590 1725 179 47 Alceste
794 1725 165 65 folgten
982 1725 70 50 die
1077 1726 272 50 kirchlichen
1375 1728 360 63 Gesangstücke:

224 1801 71 50 ein
432 1800 126 66 Kyrie
559 1819 38 30 von
642 1804 192 47 Palest
846 1804 121 47 rina
1005 1802 47 55 (a
1311 1805 90 48 und
1430 1804 78 49 das

224 1894 104 33 rum
355 1895 84 32 von
469 1880 238 56 Mozart,
752 1879 113 49 über
906 1879 137 49 deren
1084 1882 216 56 schönen,
1343 1881 394 50 ausdrucksvollen

225 1955 201 65 Vortrag
454 1956 84 47 wir
566 1971 82 32 uns
676 1956 139 48 schon
854 1956 118 50 oben
1004 1955 59 66 (S.
1095 1957 127 65 251)
1262 1959 364 64 ausgesprochen
1654 1960 54 48 ha-

225 2032 102 49 ben.
378 2032 86 49 Die
493 2032 236 64 Wirkung
757 2050 98 32 war
883 2050 75 32 um
987 2050 49 32 so
1066 2034 405 58 überraschender,
1514 2036 63 48 als
1607 2035 131 49 beide

225 2109 184 55 Stücke,
445 2125 85 32 von
573 2110 145 46 einem
750 2110 175 48 kleinen
961 2111 123 47 Chor
1112 2128 249 48 gesungen,
1403 2112 41 47 in
1486 2111 82 48 der
1596 2114 142 63 Regel

225 2186 131 48 mehr
376 2185 233 48 Eindruck
641 2186 204 48 machen.
874 2187 62 46 Es
967 2186 176 48 machte
1165 2187 102 49 dem
1291 2187 237 49 Publicum
1552 2187 115 49 eben
1688 2205 49 31 so

225 2262 85 47 wie
332 2261 86 48 den
440 2262 206 62 Sängern
668 2262 140 56 Ehre,
837 2261 101 49 dass
968 2279 45 31 es
1042 2262 121 48 diese
1187 2265 205 63 Gesänge
1424 2263 59 49 da
1504 2280 111 48 capo
1639 2280 72 32 ver-

224 2338 175 64 langte;
430 2337 82 47 wir
540 2336 200 66 glauben
770 2338 92 47 und
891 2338 158 49 hörten
1079 2355 84 32 von
1193 2340 173 56 Vielen,
1395 2338 99 50 dass
1522 2356 105 32 man
1657 2340 52 48 da-

227 2416 80 47 mit
343 2413 131 49 beide
502 2413 168 49 Stücke
708 2415 180 55 meinte,
930 2431 46 32 es
1018 2415 157 48 wurde
1215 2416 146 48 indess
1401 2434 87 30 nur
1528 2416 79 49 das

225 2491 281 57 wiederholt,
547 2491 184 48 obwohl
770 2491 80 48 der
879 2492 201 65 Vortrag
1119 2492 78 48 des
1226 2491 151 66 Kyrie
1404 2493 44 49 in
1479 2495 150 63 Bezug
1658 2493 81 50 auf

223 2576 120 41 zarte
371 2567 299 66 Nuancirung
699 2568 91 47 und
818 2568 141 49 Piano
990 2568 85 49 den
1104 2570 123 47 Preis
1255 2570 243 48 verdiente.

337 2644 199 49 Hierauf
572 2644 159 49 wurde
769 2646 368 48 Beethoven's
1179 2646 180 48 fünfte
1400 2646 249 48 Sinfonie
1690 2646 44 48 in

227 2719 161 51 C-moll
412 2722 81 47 mit
514 2721 85 48 den
623 2722 336 48 vortrefflichen
981 2722 423 49 Orchesterkräften
1424 2723 43 47 in
1490 2723 127 48 ihren
1640 2722 93 48 drei

224 2799 159 49 letzten
412 2801 159 45 Sätzen
613 2801 158 62 präcis,
813 2801 249 63 grossartig
1103 2799 89 49 und
1230 2801 306 64 schwungvoll
1574 2817 134 47 ausge-

228 2876 142 56 führt,
401 2874 91 49 und
521 2883 178 57 erregte
728 2892 71 32 am
830 2877 209 47 Schlüsse
1069 2876 128 48 einen
1226 2892 48 33 so
1303 2876 301 49 anhaltenden
1634 2878 75 46 Bei-

227 2953 260 56 fallssturm,
530 2953 84 48 wie
656 2953 99 48 kein
795 2953 191 48 anderes
1014 2953 278 50 Musikstück
1330 2971 56 32 an
1419 2954 158 49 beiden
1607 2954 100 47 Fest-

227 3038 148 57 tagen.
425 3031 132 47 Auch
595 3031 81 47 wir
713 3031 227 47 stimmten
969 3031 79 47 mit
1076 3031 211 48 Freuden
1316 3032 42 46 in
1389 3031 83 48 den
1503 3031 203 63 allgemei-

224 3123 88 32 nen
334 3108 205 64 Applaus
562 3108 87 55 ein,
679 3107 57 48 da
765 3123 81 32 uns
875 3107 70 48 die
975 3107 217 65 richtigen
1216 3108 156 64 Tempi
1405 3107 90 48 und
1518 3107 70 48 die
1611 3107 102 48 treff-

224 3183 113 47 liche
360 3184 307 62 Ausführung
695 3183 78 48 des
795 3183 227 57 Andante,
1052 3184 192 47 Scherzo
1274 3183 90 47 und
1387 3184 173 54 Finale,
1588 3183 42 47 in
1654 3183 51 47 de-

221 3276 89 31 nen
340 3259 146 67 einige
515 3262 166 45 Stellen
712 3259 49 65 (z.
787 3262 49 45 B.
867 3260 78 49 das
968 3260 106 47 Trio
1104 3259 75 48 des
1202 3260 193 47 Scherzo
1425 3260 79 47 mit
1531 3259 85 48 den
1640 3259 68 48 die-

223 3352 68 32 ses
319 3337 92 47 Mal
440 3337 122 47 nicht
590 3337 172 66 dumpf,
803 3337 196 49 sondern
1039 3337 104 48 sehr
1183 3337 212 57 deutlich,
1437 3337 160 48 barsch
1640 3337 91 47 und

223 3413 303 48 vernehmlich
567 3414 263 62 grollenden
869 3414 92 48 und
990 3413 230 49 rollenden
1248 3414 182 56 Bässen,
1472 3414 70 47 die
1571 3414 136 47 einzel-

221 3506 89 34 nen
357 3490 411 64 Trioien-Figuren
816 3490 81 49 der
943 3490 477 49 Saiten-Instrumente
1467 3490 60 47 im
1578 3490 153 47 Finale

221 3584 42 31 u.
293 3583 33 32 s.
357 3567 74 66 w.)
473 3583 48 32 so
563 3568 254 63 vorzüglich
860 3568 348 53 herauskamen,
1254 3567 84 48 wie
1382 3567 83 46 wir
1502 3567 62 48 sie
1593 3567 135 48 kaum

221 3643 117 48 noch
369 3644 162 63 gehört
559 3643 153 48 hatten
818 3644 126 48 Paris
986 3644 121 48 nicht
1147 3659 370 48 ausgenommen,
1559 3659 70 31 wo
1659 3641 69 49 bei

221 3719 200 65 gleicher
449 3720 307 48 Deutlichkeit
795 3720 80 47 der
906 3723 133 45 Bässe
1076 3720 196 48 dieselbe
1306 3719 132 48 Kraft
1477 3719 124 48 nicht
1626 3735 78 32 vor-

221 3795 181 48 handen
430 3796 71 56 ist,
540 3796 70 49 die
648 3796 97 49 hier
773 3798 256 48 entwickelt
1056 3796 157 49 wurde
1231 3826 83 26 —,
1354 3795 57 48 da
1452 3812 98 39 uns,
1590 3812 140 48 sagen

221 3874 99 54 wir,
350 3871 120 50 diese
498 3874 308 63 Ausführung
832 3874 80 48 der
940 3874 94 48 drei
1065 3875 157 47 letzten
1245 3874 126 47 Sätze
1395 3873 75 47 für
1493 3871 77 49 das
1593 3871 138 49 leider

221 3950 215 48 maasslos
477 3950 264 48 überhetzte
783 3951 329 65 Herabspielen
1154 3950 76 48 des
1272 3958 145 40 ersten
1446 3951 167 55 Satzes,
1654 3949 77 48 des

220 4028 305 64 originellsten
567 4026 90 49 und
688 4028 246 64 genialsten
978 4029 80 48 der
1086 4044 169 50 ganzen
1286 4026 213 60 Sinfonie,
1528 4026 177 50 entschä-

220 4104 137 65 digte.

1917 1425 62 47 Es
2007 1425 53 47 ist
2090 1442 80 30 uns
2198 1425 94 47 rein
2321 1425 339 65 unbegreiflich,
2690 1425 99 50 dass
2819 1443 44 32 es
2892 1428 193 65 möglich
3113 1429 70 57 ist,
3219 1429 78 48 das

1804 1501 173 64 Tempo
2016 1500 142 48 dieses
2192 1501 150 47 Satzes
2383 1518 47 32 so
2482 1503 418 47 unverantwortlich
2938 1521 52 29 zu
3033 1505 266 64 vergreifen,

1804 1578 85 47 wie
1917 1593 46 32 es
1992 1576 140 49 leider
2159 1578 116 47 noch
2304 1578 64 47 oft
2393 1579 250 62 geschieht!
2683 1579 85 47 Ein
2798 1579 168 47 solches
2995 1581 155 47 Presto
3179 1581 118 56 lässt,

1803 1653 256 64 abgesehen
2090 1670 82 31 von
2205 1654 80 47 der
2313 1653 131 49 dabei
2474 1670 82 49 gar
2582 1654 121 48 nicht
2731 1672 51 30 zu
2808 1655 340 50 vermeidenden
3175 1658 98 48 tech-

1803 1730 182 48 nischen
2013 1730 421 65 Mangelhaftigkeit
2462 1730 80 48 der
2568 1731 318 65 Ausführung,
2915 1731 127 49 keine
3069 1734 119 63 Spur
3215 1750 82 32 von

1803 1806 80 49 der
1911 1808 148 55 tiefen,
2088 1806 539 66 dämonisch-tragischen
2656 1809 218 47 Intention
2904 1808 75 48 drs
3008 1809 292 49 Tondichters

1803 1882 326 50 aufkommen.'
2158 1884 106 48 Wir
2292 1881 97 50 sind
2417 1884 121 48 nicht
2565 1900 243 47 gesonnen,
2845 1884 96 48 hier
2968 1902 53 30 zu
3048 1885 224 50 wiederho-

1803 1960 87 56 len,
1935 1976 92 32 was
2064 1960 83 47 wir
2181 1960 137 48 schon
2355 1976 48 32 so
2441 1960 63 48 oft
2530 1960 115 48 über
2680 1960 84 48 den
2789 1960 197 65 Vortrag
3013 1960 79 49 der
3121 1961 178 50 C-tnoll-

1804 2036 214 56 Sinfonie,
2059 2036 90 48 und
2191 2036 271 48 namentlich
2504 2035 76 49 des
2622 2044 143 40 ersten
2796 2036 200 64 Allegro,
3036 2045 159 57 gesagt
3221 2039 53 48 ha-

1805 2112 103 55 ben,
1932 2129 71 32 am
2027 2112 380 49 ausführlichsten
2435 2114 44 45 in
2501 2114 90 47 Nr.
2615 2111 68 50 43
2716 2112 180 47 dieser
2916 2114 240 64 Zeitung
3184 2131 115 32 vom

1801 2190 177 47 Jahre
2025 2189 138 48 1857
2190 2206 82 31 —:
2314 2205 45 32 es
2408 2192 120 44 wäre
2575 2187 112 49 doch
2737 2205 85 31 nur
2862 2189 438 49 Danaiden-Arbeit!

1801 2266 134 46 Denn
1958 2265 82 45 wir
2059 2263 150 49 haben
2233 2263 70 49 die
2328 2263 317 49 bedauerliche
2666 2263 262 65 Erfahrung
2948 2266 224 62 gemacht,
3201 2266 99 48 dass

1801 2341 103 47 sehr
1931 2340 109 48 viele
2069 2356 83 32 von
2181 2338 283 66 denjenigen,
2492 2340 70 47 die
2590 2340 138 47 durch
2759 2340 95 48 ihre
2871 2341 202 63 Stellung
3094 2357 71 32 am
3192 2343 81 47 mei-

1800 2424 97 41 sten
1926 2416 321 65 aufgefordert,
2272 2417 65 64 ja,
2365 2416 278 65 verpflichtet
2669 2420 165 53 wären,
2863 2416 282 65 dergleichen
3175 2420 92 47 Ana-

1800 2495 122 63 lysen
1952 2493 113 47 über
2092 2493 286 49 technischen
2407 2492 92 48 und
2534 2493 216 64 geistigen
2779 2493 197 64 Vortrag
3004 2510 187 33 unserer
3220 2495 51 48 be-

1800 2571 277 47 rühmtesten
2102 2570 254 48 Tonwerke
2384 2587 51 31 zu
2467 2570 233 55 beachten,
2730 2570 78 47 mit
2835 2568 79 49 der
2935 2571 197 47 Partitur
3154 2572 42 47 in
3219 2571 80 49 der

1801 2647 136 48 Hand
1964 2665 53 29 zu
2045 2646 200 48 studiren
2275 2646 90 48 und
2393 2646 60 48 sie
2483 2644 229 50 entweder
2732 2664 52 29 zu
2807 2646 269 65 widerlegen
3106 2647 109 48 oder
3241 2666 53 29 zu

1803 2723 222 65 befolgen,
2068 2722 99 48 dass
2201 2722 120 48 diese
2358 2722 284 65 dergleichen
2671 2722 206 47 Aufsätze
2906 2723 165 64 gerade
3101 2740 71 31 am
3202 2740 60 31 we-

1801 2802 173 63 nigsten
2003 2801 134 47 lesen.

1914 2878 96 46 Der
2036 2877 240 63 Egoismus
2312 2874 90 47 und
2433 2873 80 50 der
2538 2874 331 65 Eigendünkel,
2911 2891 90 32 was
3032 2874 164 49 freilich
3225 2876 69 47 ein

1799 2953 114 48 noch
1950 2971 52 29 zu
2034 2952 315 48 bescheidenes
2377 2951 141 49 Wort
2558 2952 75 47 für
2954 2951 67 55 ist,
3064 2951 144 48 haben
3249 2952 43 47 in

1800 3046 192 32 neuerer
2017 3029 97 47 Zeit
2152 3028 68 48 bei
2257 3028 84 48 den
2372 3028 330 47 Tonkünstlern
2742 3027 282 48 dermaassen
3055 3027 235 47 überhand

1799 3122 287 48 genommen,
2128 3105 99 49 dass
2267 3104 122 48 nicht
2425 3121 85 30 nur
2543 3121 83 30 von
2655 3103 223 47 Autorität
2919 3102 89 48 und
3038 3102 135 48 deren
3202 3104 57 46 Be-

1799 3183 198 63 achtung
2039 3182 127 48 keine
2195 3180 123 49 Rede
2363 3179 128 48 mehr
2529 3180 66 55 ist,
2640 3179 190 47 sondern
2867 3178 98 48 dass
2995 3179 168 47 Keiner
3200 3179 88 47 sich

1799 3259 128 48 mehr
1958 3259 210 47 belehren
2198 3257 109 48 oder
2335 3272 81 32 von
2441 3255 210 49 Anderen
2681 3257 120 45 eines
2829 3257 216 45 Besseren
3075 3254 187 48 überzeu-

1798 3352 86 48 gen
1913 3337 142 45 lassen
2085 3334 109 55 will;
2233 3333 78 47 das
2347 3333 121 47 hält
2504 3349 54 31 er
2596 3332 88 47 für
2718 3332 121 48 eine
2880 3330 279 49 Schande!
3201 3330 87 49 und

1801 3412 85 48 den
1911 3412 115 47 alten
2049 3409 316 65 Philosophen,
2387 3408 79 48 der
2492 3408 59 48 da
2577 3414 141 57 sagte,
2746 3408 120 56 „sein
2895 3410 190 61 grösstes
3109 3406 179 49 Wissen

1801 3488 60 48 sei
1884 3486 94 58 das,
1994 3486 99 49 dass
2115 3502 50 31 er
2185 3485 141 47 nichts
2552 3484 166 47 erklärt
2737 3500 50 31 er
2808 3484 74 47 für
2904 3483 124 47 einen
3051 3483 208 47 Schwach-

1801 3565 111 65 kopf
1935 3565 115 47 ohne
2081 3563 264 48 Charakter.
2375 3563 59 54 0,
2463 3560 71 48 die
2563 3561 262 49 Geschichte
2854 3575 182 32 unserer
3064 3560 122 62 Tage
3215 3559 75 48 hat

1800 3641 142 49 davon
1973 3640 68 48 bei
2065 3640 238 47 Virtuosen
2331 3638 94 48 und
2446 3638 262 64 Dirigenten
2732 3635 327 64 merkwürdige
3075 3635 215 65 Beispiele

1800 3715 318 52 aufzuweisen!
2166 3716 99 46 Nur
2306 3715 83 47 ein
2433 3714 250 48 Pröbchen.
2731 3714 83 46 Ein
2843 3711 227 55 Künstler,
3108 3710 80 48 der
3217 3711 80 49 auf

1800 3794 100 48 dem
1931 3794 150 63 Wege
2107 3809 79 31 zur
2213 3790 315 50 Berühmtheit
2553 3790 69 56 ist,
2651 3790 119 46 hatte
2798 3787 83 47 den
2911 3786 351 65 wohlbegründe-

1800 3880 74 40 ten
1903 3870 115 48 Bath
2048 3870 119 47 eines
2195 3869 169 47 älteren
2393 3869 203 47 Kenners
2638 3865 112 48 über
2786 3864 83 48 den
2899 3864 198 63 Vortrag
3136 3864 155 64 irgend

1801 3948 120 48 eines
1944 3945 341 56 Musikstückes,
2313 3944 69 48 ich
2411 3942 179 66 glaube,
2613 3958 43 31 es
2680 3956 93 32 war
2796 3940 70 48 ein
2890 3940 401 57 Violin-Quartett,

1803 4025 184 63 befolgt,
2016 4021 88 48 und
2135 4022 63 49 als
2225 4022 92 47 ihm
2346 4020 79 48 der
2452 4021 176 47 letztere
2656 4016 198 51 darüber
2877 4017 94 47 sein
2994 4017 296 64 Compliment

1804 4101 192 56 machte,
2018 4097 238 50 erwiderte
2284 4114 71 32 er:
2422 4095 593 58 „Glauben
2655 4094 73 49 Sie
2751 4094 50 64 ja
2826 4092 137 55 nicht,
2993 4092 97 49 dass
3118 4092 65 47 ich
3215 4090 76 49 das

2925 4168 66 50 33
