3497 4417
1727 196 106 50 260

249 336 214 49 welchem
503 336 64 47 eis
605 334 91 48 und
723 334 93 58 des,
856 331 63 51 eis
948 336 89 47 und
1054 338 44 62 f
1129 338 61 48 als
1228 335 216 50 identisch
1486 336 251 50 betrachtet

249 409 192 56 werden,
473 410 52 47 ist
554 411 67 46 ein
649 410 171 63 irriges.
869 411 84 46 Ein
983 414 172 62 System
1185 412 102 47 lässt
1320 412 91 47 sich
1439 429 87 30 nur
1555 414 81 45 auf
1658 412 78 47 das

248 487 150 46 innere
428 485 169 49 Wesen
626 486 124 47 einer
776 487 144 47 Sache
948 487 221 63 gründen,
1211 487 78 47 das
1329 489 54 47 ist
1423 487 110 49 aber
1573 489 44 47 in
1658 487 79 49 der

244 561 148 48 Musik
431 561 322 48 nimmermehr
793 562 70 49 die
905 564 387 64 Temperatur,
1328 565 170 47 welche
1537 581 88 31 nur
1665 565 70 47 ein

244 642 202 42 äusserer
465 637 283 50 Nothbehelf
769 646 197 55 genannt
987 640 182 47 werden
1197 640 134 56 kann,
1359 658 76 30 um
1465 640 71 48 die
1556 641 155 47 Unvoll-

244 713 305 47 kommenheit
590 713 80 49 der
706 713 472 50 Musik-Instrumente
1218 716 198 62 weniger
1458 716 187 47 fühlbar
1684 732 52 31 zu

244 787 205 57 machen,
489 790 70 47 ein
600 788 288 58 Nothbehelf,
934 790 156 48 dessen
1127 791 291 65 Möglichkeit
1463 791 274 65 glücklicher

243 865 108 48 oder
367 866 336 63 unglücklicher
720 866 154 48 Weise
889 866 140 48 durch
1049 867 70 48 die
1136 868 278 64 Stumpfheit
1434 868 76 49 des
1533 868 174 47 mensch-

244 941 144 48 lichen
412 941 300 48 Gehörsinnes
733 942 203 64 gegeben
967 942 66 48 ist.
1063 943 85 49 Die
1176 945 157 47 wahre
1361 943 91 49 und
1479 945 143 47 ideale
1650 945 56 45 Be-

240 1016 293 48 schaffenheit
585 1017 78 46 der
717 1017 147 47 Musik
919 1017 137 49 kennt
1096 1018 129 50 keine
1267 1021 315 63 Temperatur,
1637 1020 97 45 hier

240 1091 202 48 herrscht
469 1092 220 48 Reinheit.
701 1093 334 48 —Unreinheit
1062 1096 55 47 ist
1145 1112 85 31 nur
1256 1094 102 49 dort
1385 1096 158 62 gültig,
1573 1111 71 30 wo
1672 1096 62 45 sie

240 1167 256 65 hingehört,
524 1185 71 30 wo
618 1168 71 48 die
708 1169 145 47 Natur
873 1171 61 45 sie
957 1171 207 53 hinstellt,
1192 1171 136 57 nicht,
1358 1187 69 32 wo
1451 1171 80 47 der
1550 1171 181 48 Mensch

238 1244 62 47 sie
695 1247 141 53 „Dass
863 1247 110 47 aber
1006 1246 70 47 die
1104 1247 193 48 Theorie
1339 1247 70 48 die
1437 1248 297 48 Unwahrheit

239 1319 109 48 oder
369 1320 463 47 Unvollkommenheit
858 1338 77 29 zur
955 1322 124 47 Basis
1108 1323 194 47 nehmen
1331 1327 163 53 müsse,
1524 1323 134 48 heisst
1684 1341 47 30 so

238 1397 95 54 viel,
362 1395 63 46 als
454 1394 68 47 die
549 1395 152 47 Sünde
728 1413 78 29 zur
835 1397 261 64 Grundlage
1131 1398 78 48 der
1239 1401 143 46 Moral

233 1474 71 45 An
343 1470 144 47 einem
521 1470 196 49 anderen
747 1472 112 48 Orte
900 1474 167 64 spricht
1108 1474 80 48 der
1216 1475 199 47 Kritiker
1455 1475 276 64 Folgendes:

243 1547 159 55 „Kann
431 1562 103 32 man
564 1548 113 46 auch
710 1548 98 47 kein
840 1549 300 66 unbedingter
1164 1553 181 62 Gegner
1373 1552 79 47 der
1476 1553 223 47 Enharmo-

232 1623 74 47 nik
332 1623 109 56 sein,
470 1623 113 48 eben
615 1625 99 46 weil
743 1624 70 48 die
842 1627 181 49 Meister
1053 1628 80 47 auf
1156 1628 262 63 Grundlage
1447 1628 76 48 des
1551 1630 60 46 im
1642 1630 59 47 Ge-

233 1699 167 48 brauch
433 1699 315 63 festgestellten
778 1704 288 64 temperirten
1096 1705 195 64 Systems
1330 1705 104 49 sehr
1472 1707 83 47 viel
1585 1707 121 47 Geist-

232 1774 167 48 reiches
421 1790 80 32 aus
525 1775 70 48 ihr
618 1776 363 65 herausgebildet
1001 1779 165 58 haben,
1195 1797 47 31 so
1272 1780 53 48 ist
1347 1780 78 48 der
1447 1782 283 48 Missbrauch

232 1850 113 48 doch
720 1870 41 31 u.
790 1870 32 32 s.
854 1872 53 30 w.

345 1928 152 48 Wenn
526 1929 83 47 wir
637 1930 124 47 recht
788 1933 247 57 verstehen,
1074 1949 48 32 so
1154 1933 181 48 handelt
1369 1950 46 31 es
1443 1934 92 47 sich
1564 1934 43 47 in
1637 1934 70 48 die-

229 2019 93 32 sem
350 2004 162 47 Streite
538 2005 122 47 nicht
686 2008 170 47 sowohl
887 2024 73 32 um
991 2008 79 48 das
1098 2008 158 66 leidige
1272 2008 111 50 Fait
1409 2008 218 68 accompli
1651 2009 80 48 der

230 2082 299 61 Temperatur
563 2081 91 48 und
693 2082 137 49 deren
859 2085 297 48 theoretische
1183 2086 310 65 Zulässigkeit,
1536 2089 62 46 als
1627 2088 83 47 viel-

233 2156 128 47 mehr
388 2173 76 29 um
494 2156 136 48 deren
656 2157 294 51 Missbraueh.
997 2163 63 45 Es
1096 2161 55 47 ist
1185 2163 70 45 ein
1284 2163 136 46 Streit
1448 2163 80 46 der
1555 2163 174 57 Praxis,

230 2232 80 47 der
336 2231 91 47 sich
458 2232 321 65 hinüberspielt
806 2236 82 47 auf
908 2236 78 48 das
1011 2237 107 47 Feld
1141 2237 81 47 der
1244 2239 207 47 Theorie.
1481 2240 131 46 Denn
1637 2255 92 32 was

228 2309 122 47 Herr
376 2309 43 45 S.
450 2309 49 47 B.
529 2317 120 40 sonst
676 2317 114 58 sagt,
832 2314 369 47 unterschreiben
1231 2315 83 46 wir
1341 2331 129 47 gern,
1510 2315 218 48 nämlich:

238 2385 121 54 „Der
379 2383 279 50 Missbrauch
680 2387 61 46 sei
764 2389 275 48 verwerflich
1071 2389 89 48 und
1190 2406 71 31 am
1292 2390 434 48 allerschädlichsten

226 2460 84 48 den
328 2460 251 48 Producten
597 2462 160 48 selber.
788 2465 117 48 Was
929 2465 303 48 fortwährend
1261 2467 145 47 reizen
1434 2466 92 48 und
1556 2467 172 64 packen

226 2537 103 56 will,
357 2536 107 48 reizt
484 2537 90 47 und
599 2538 132 65 packt
751 2556 82 47 gar
854 2541 133 48 nicht.
1020 2544 116 46 Was
1165 2542 303 48 fortwährend
1491 2545 237 62 geistreich

225 2615 93 47 sein
339 2615 105 54 will,
474 2615 111 47 wird
606 2617 156 47 zuletzt
785 2618 212 64 läppisch,
1028 2620 91 47 und
1142 2636 92 32 was
1264 2620 224 64 überklug
1515 2621 69 57 ist,
1615 2621 111 47 wird

229 2690 118 47 nicht
374 2692 263 47 verstanden
666 2692 89 48 und
784 2695 108 64 geht
920 2712 79 31 aus
1025 2697 182 64 Mangel
1236 2714 56 30 an
1316 2697 296 48 Theilnahme
1641 2697 85 48 den

229 2766 124 63 Weg
383 2766 104 47 alles

342 2843 60 46 So
445 2844 126 46 wahr
611 2844 92 49 dies
743 2847 104 47 alles
889 2848 89 49 und
1018 2865 48 32 so
1107 2850 146 64 wenig
1289 2866 87 32 neu
1418 2851 219 65 zugleich,
1677 2867 48 32 so

225 2918 127 47 sollte
381 2919 118 46 Herr
527 2921 44 47 S.
601 2921 48 47 B.
680 2921 113 49 doch
830 2922 85 48 den
950 2926 116 45 alten
1098 2927 174 62 Spruch
1310 2926 198 48 kennen:

224 3010 88 33 non
339 2994 111 50 tolht
473 2997 193 65 usum*).
722 3001 82 47 Ein
832 3002 203 63 Raphael
1079 3002 89 47 und
1207 3003 68 47 ein
1306 3005 215 63 Stümper
1560 3005 43 47 in
1645 3005 80 47 der

225 3072 184 46 Malerei
439 3072 218 48 bedienen
684 3074 90 49 sich
804 3076 115 48 doch
948 3077 76 47 des
1052 3079 249 47 nämlichen
1331 3079 249 56 Materials;
1609 3081 115 47 noch

228 3147 293 49 Niemandem
553 3149 112 49 aber
691 3152 55 47 ist
774 3168 44 31 es
847 3153 282 65 eingefallen,
1173 3154 80 47 der
1279 3156 184 48 Malerei
1494 3156 85 48 den
1612 3158 84 47 Vor-

228 3223 122 47 wurf
371 3241 52 29 zu
454 3227 200 56 machen,
690 3228 99 48 dass
817 3231 61 47 sie
906 3231 128 48 ihren
1063 3233 145 48 Pwnsel
1237 3233 121 47 nicht
1394 3233 155 48 taucht
1583 3234 42 46 in
1655 3233 70 48 die

229 3299 455 51 tarben-llarmonie
724 3304 75 48 des
828 3307 207 57 Urlichts,
1075 3308 99 47 dass
1207 3309 61 47 sie
1297 3309 91 49 sich
1420 3311 78 47 mit
1526 3312 175 46 armseli-

228 3392 86 48 gen
343 3377 278 63 Surrogaten
660 3379 203 50 behelfen
902 3399 132 31 muss.
1086 3384 59 47 So
1185 3384 140 49 bleibt
1362 3386 91 48 sich
1496 3386 78 48 das
1604 3388 91 46 Ton-

228 3453 203 47 material
463 3454 113 47 auch
606 3457 159 61 gleich,
807 3474 91 32 wer
925 3460 160 47 immer
1114 3478 45 31 es
1189 3462 207 57 braucht,
1439 3462 59 48 ob
1527 3463 70 47 ein
1626 3464 66 47 Mo-

226 3538 93 39 zart
359 3529 110 47 oder
507 3530 79 47 der
625 3535 148 60 ärgste
802 3535 233 64 Stümper;
1085 3553 173 32 warum
1297 3539 91 47 also
1429 3540 296 63 gelegentlich

228 3606 118 46 eines
374 3605 183 48 Streites
587 3606 112 49 über
728 3608 85 48 den
853 3612 242 64 „richtigen
1434 3615 141 47 dieses
1606 3618 90 46 Ton-

229 3681 222 47 materials
478 3684 150 47 Steine
658 3687 167 46 werfen
863 3688 80 45 auf
976 3688 68 47 die
1072 3690 193 50 Theorie
1301 3690 80 49 der
1409 3693 313 47 Enharmonik

291 3786 36 45 *)
353 3789 91 35 Hier
469 3789 85 36 thut
588 3791 65 34 der
680 3792 96 34 Herr
802 3792 192 37 Verfasser
1019 3794 121 36 Herrn
1168 3796 35 37 S.
1231 3797 42 37 B.
1301 3798 183 47 Unrecht,
1528 3798 95 35 denn
1651 3800 57 35 die-

357 3859 60 24 ser
442 3854 84 41 sagt
545 3852 42 43 ja
614 3852 35 35 S.
679 3849 73 39 243
780 3852 292 36 ausdrücklich:
1101 3857 108 44 „Wer
1235 3857 57 35 die
1317 3858 195 36 wirkliche
1538 3859 168 36 Berechti-

356 3919 103 34 gung
486 3909 62 35 der
574 3911 253 36 Enharmonik
858 3911 144 37 kennen
1029 3914 126 35 lernen
1184 3916 88 45 will,
1312 3916 65 36 der
1402 3918 145 34 studire
1574 3918 60 35 die
1660 3919 44 34 im-

357 3976 75 23 mer
460 3967 132 34 wieder
613 3968 222 46 jugendlich
864 3972 213 36 wirkenden
1107 3974 137 35 Werke
1270 3975 64 35 der
1359 3976 174 43 Meister;
1562 3987 39 25 er
1627 3977 99 45 sehe,

360 4033 108 26 wann
493 4027 76 33 und
595 4040 57 22 wo
679 4029 53 36 sie
769 4042 71 24 von
873 4031 137 37 diesem
1047 4036 214 33 äussersten
1287 4034 124 36 Mittel
1438 4036 199 35 Gebrauch
1663 4048 63 36 ge.

357 4081 126 36 macht
510 4083 132 37 haben.
647 4087 6 15 1
653 4087 8 16 *
1236 4093 89 34 Die
1361 4094 285 35 Bedaction.

1808 335 287 65 überhaupt?
2138 353 174 32 warum
2349 339 91 47 also
2483 338 70 48 die
2584 339 147 62 Frage
2769 338 246 48 aufwerfen
3056 355 80 31 aus
3166 339 145 48 einem

1819 411 306 56 „Missbrauch
2486 415 57 46 ob
2586 415 61 46 sie
2688 414 258 63 überhaupt
2979 431 53 30 zu
3061 415 144 47 Recht
3233 416 54 47 be-

1808 486 171 56 stehen,
2010 486 109 47 oder
2152 486 58 48 ob
2239 487 61 47 sie
2331 489 117 47 bloss
2477 489 215 63 geduldet
2725 489 182 47 werden
2937 489 160 48 dürfe?

1922 564 94 45 Hat
2044 579 161 32 unsere
2234 565 146 46 Musik
2417 583 252 45 gewonnen
2698 565 110 47 oder
2836 566 206 46 verloren
3071 565 141 48 durch
3243 566 70 48 die

1808 637 345 48 Enharmonik?
2201 640 61 47 Ist
2289 640 119 48 diese
2435 641 390 64 Errungenschaft
2862 658 86 29 nur
2986 642 97 46 eine
3112 642 201 49 Pseudo-

1808 713 402 63 Errungenschaft,
2252 731 47 31 so
2341 716 168 47 schaffe
2552 732 104 31 man
2693 717 62 46 sie
2797 715 81 54 ab;
2929 716 53 47 ist
3010 717 61 47 sie
3100 716 112 48 aber
3241 719 70 47 ein

1809 790 207 54 Gewinn,
2058 801 174 36 Warum
2272 791 271 48 undankbar
2576 800 105 39 stets
2711 791 166 48 darauf
2900 792 275 48 schmähen?
3206 795 107 47 Wir

1806 863 155 57 sehen,
1990 865 84 48 wie
2102 866 103 47 weit
2236 867 81 46 wir
2346 867 211 47 kommen
2586 867 141 47 durch
2758 882 161 32 unsere
2956 868 204 47 absolute
3189 868 124 49 reine

1806 939 216 56 Akustik;
2049 941 62 47 sie
2139 942 55 47 ist
2222 943 315 64 unpraktisch;
2567 943 222 47 wesshalb
2812 943 92 47 also
2926 943 281 49 schwärmen
3238 946 75 46 für

1806 1016 78 47 das
1922 1016 179 48 absolut
2131 1018 393 48 Unerreichbare?
2577 1021 87 45 Die
2705 1020 205 46 absolute
2938 1021 203 48 Idealität
3172 1021 142 48 bleibt

1805 1098 138 41 etwas
1965 1093 384 48 Unerreichbares
2371 1096 44 45 in
2440 1111 187 30 unserer
2646 1094 303 55 Zeillichkeit;
2980 1097 84 46 wie
3093 1097 57 46 all
3179 1113 135 32 unser

1808 1168 181 48 Wissen
2032 1186 85 29 nur
2144 1169 283 58 Stückwerk,
2468 1187 48 31 so
2559 1171 124 47 klebt
2718 1172 114 47 auch
2877 1187 209 32 unserem
3117 1173 194 48 Können

1804 1243 146 48 dieser
1978 1244 148 49 Makel
2157 1246 80 47 der
2266 1247 467 48 Unvollkommenheit
2760 1263 70 31 an.

1921 1320 116 49 Wer
2077 1322 119 47 hätte
2236 1322 64 47 bis
2331 1323 108 62 jetzt
2478 1324 69 46 ein
2577 1323 178 48 absolut
2784 1322 144 48 reines
2957 1323 245 47 Orchester
3231 1341 52 47 ge-

1805 1394 130 48 hört?
1959 1397 189 47 welches
2166 1399 226 46 Tonstück
2412 1399 52 47 ist
2479 1399 46 64 je
2549 1399 347 47 metronomisch
2920 1399 161 64 richtig
3103 1416 52 30 zu
3179 1401 130 48 Ende

1804 1472 185 63 gespielt
2012 1473 215 48 worden?
2255 1475 85 46 Ein
2363 1491 160 48 ganzes
2547 1475 240 64 Regiment
2806 1492 183 47 vermag
3012 1475 123 49 nicht
3155 1477 130 64 rhyth-

1805 1548 137 47 misch
1983 1550 142 63 präcis
2167 1550 58 47 im
2257 1553 137 46 Tacte
2434 1569 53 30 zu
2525 1552 291 56 marschiren,
2859 1568 48 31 so
2952 1553 82 47 wie
3078 1553 77 47 das
3183 1554 127 48 Echo

1804 1624 128 47 einen
1961 1625 98 47 Ton
2096 1625 145 49 sicher
2285 1644 75 31 um
2397 1628 98 47 eine
2533 1628 291 65 Schwebung
2853 1628 128 48 tiefer
3008 1629 305 48 zurückwirft.

1803 1700 101 47 Alle
1932 1700 121 48 diese
2081 1703 265 48 olfenbaren
2377 1705 180 63 Mängel
2586 1705 182 47 streiten
2811 1704 114 48 eben
2962 1721 48 31 so
3053 1713 80 56 gut
3169 1723 146 47 gegen

1803 1775 69 48 die
1900 1775 205 50 Idealität
2135 1794 186 33 unserer
2342 1780 167 55 Musik,
2539 1780 90 47 und
2660 1797 44 30 es
2733 1782 54 45 ist
2816 1780 70 47 die
2912 1782 164 63 Frage,
3106 1780 59 48 ob
3193 1782 122 48 nicht

1803 1851 69 49 die
1894 1853 312 49 Enharmonik
2232 1872 44 30 es
2300 1855 69 56 ist,
2401 1856 70 47 die
2495 1856 139 47 durch
2665 1856 122 49 ihre
2815 1858 374 64 Begränzung
3220 1858 95 48 der

1804 1930 355 48 musicalisch
2200 1933 373 48 unfassbaren
2601 1933 259 49 Idealität
2902 1950 229 32 unseres
3173 1936 141 47 Ton-

1801 2006 245 64 Systems
2077 2024 161 32 unsere
2266 2009 149 47 Musik
2445 2018 90 39 erst
2563 2010 225 64 praktisch
2819 2010 212 64 gemacht
3059 2011 88 47 hat.

1916 2084 146 48 Unser
2091 2085 100 47 Ohr
2230 2085 78 48 hat
2349 2086 77 49 das
2471 2086 261 57 Bestreben,
2765 2088 137 63 jeden
2930 2089 207 47 Leiteton
3177 2095 138 42 etwas

1801 2157 198 50 schärfer
2026 2178 53 30 zu
2110 2160 251 57 markiren;
2406 2180 91 29 nun
2529 2164 110 48 aber
2669 2164 119 47 kann
2812 2164 130 63 jeder
2970 2180 188 32 unserer
3184 2166 137 47 zwölf

1803 2234 125 47 Töne
1965 2235 43 47 in
2050 2235 150 48 diesen
2236 2237 96 49 Fall
2375 2237 229 49 kommen.
2655 2239 193 63 Beispiel
2886 2239 71 47 die
2992 2239 163 48 beiden
3187 2241 127 47 Töne

1797 2309 31 49 h
1855 2310 91 48 und
1964 2312 47 63 f.

1797 2927 66 47 Im
1891 2926 193 65 Beispiel
2114 2941 38 32 a.
2189 2925 138 49 bildet
2439 2926 536 48 hdiesen
2628 2927 229 56 Leiteton;
2902 2928 60 47 im
3006 2936 148 39 ersten
3184 2930 126 47 Falle

1799 3002 150 48 bilden
1978 3002 70 47 die
2077 3001 161 49 beiden
2269 3003 127 47 Töne
2425 3002 86 48 den
2539 3002 213 48 Tritonus
2972 3005 94 66 $4,
3095 3005 59 47 im
3177 3006 104 47 zwei-

1796 3087 74 41 ten
1899 3079 127 49 Falle
2055 3078 70 48 die
2154 3078 162 50 beiden
2346 3081 127 47 Töne
2501 3078 71 48 die
2600 3095 48 33 so
2678 3088 226 56 genannte
2934 3081 164 48 falsche
3121 3076 63 63 T,
3196 3083 111 46 —in

1799 3156 161 49 beiden
1988 3157 155 47 Fallen
2172 3156 53 48 ist
2251 3156 30 48 h
2309 3156 82 48 der
2416 3157 222 48 Leiteton.

1912 3234 142 47 Unter
2086 3233 124 47 b.ist
2232 3232 108 65 jetzt
2356 3234 45 61 /
2425 3232 146 48 dieser
2599 3233 223 57 Leiteton,
2869 3234 84 49 wie
2992 3242 130 41 unter
3151 3251 37 32 c.
3219 3234 91 49 und

1797 3308 66 57 d.;
1894 3317 131 41 unter
2055 3308 112 48 b.ist
2182 3309 80 47 der
2284 3309 341 65 Orthographie
2653 3311 122 48 nicht
2797 3311 253 64 Rechnung
3074 3318 236 59 getragen,

1799 3386 85 47 wie
1912 3393 132 41 unter
2072 3402 35 32 c.
2139 3384 90 49 und
2260 3384 40 49 d.
2402 3387 93 47 Das
2524 3386 174 48 Ciavier
2726 3387 152 56 kennt,
2909 3388 83 47 wie
3023 3389 83 46 wir
3133 3388 176 55 wissen,

1799 3469 111 41 trotz
1941 3463 79 47 der
2048 3462 348 48 verschiedenen
2425 3462 341 64 Orthographie
2797 3463 151 48 diesen
2977 3466 139 47 leisen
3145 3466 137 47 Unter-

1797 3538 153 48 schied
1978 3538 134 48 nicht.
2143 3539 146 47 Unser
2319 3538 172 48 Gefühl
2519 3538 253 49 substituirt
2798 3547 114 40 trotz
2940 3539 82 48 der
3048 3540 227 49 Enharmo-

1799 3615 73 47 nik
1903 3615 145 49 dieser
2077 3615 161 49 beiden
2267 3617 127 45 Töne
2424 3615 119 49 diese
2573 3617 268 63 mangelnde
2871 3617 315 64 Schwebung;
3230 3617 80 49 der

1799 3692 294 48 Unterschied
2121 3693 55 47 ist
2203 3692 43 47 in
2271 3692 80 47 der
2368 3692 118 48 Thal
2507 3692 70 47 ein
2603 3694 326 56 wesentlicher,
2959 3711 46 30 es
3033 3694 53 48 ist
3114 3694 193 48 nämlich

1801 3768 104 48 bald
2004 3769 68 62 f,
2073 3768 36 48 bald
2478 3768 29 48 h
2191 3768 224 57 Leiteton,
2460 3769 83 46 wir
2570 3769 138 48 sehen
2737 3787 87 30 nur
2850 3770 220 49 zweierlei
3099 3770 208 49 Schritte.

1796 3844 294 65 Zugegeben,
2119 3844 71 47 die
2211 3844 106 47 leise
2338 3844 293 65 Schwebung
2652 3845 43 47 in
2719 3844 160 50 beiden
2905 3847 154 48 Fällen
3089 3848 126 47 liesse
3238 3847 71 48 die

1799 3920 161 48 beiden
1989 3923 126 45 Töne
2197 3919 324 63 fund
2373 3920 496 48 hals
2464 3920 288 50 verschieden
2780 3923 280 58 erscheinen,
3093 3924 85 47 wie
3206 3924 76 47 wis-

1796 4014 78 32 sen
1904 3999 81 47 wir
2012 3998 86 48 den
2126 3996 298 50 Unterschied
2453 3998 288 49 hinzustellen
2772 4000 218 48 zwischen
3095 4000 91 48 und

1801 4075 104 50 Wir
1933 4074 97 48 sind
2060 4089 31 33 a
2117 4075 144 65 tempo
2289 4074 43 48 in
2350 4074 70 63 fis
2446 4074 131 49 oder
2596 4090 90 51 ges.
2722 4078 137 47 Hätte
2887 4078 71 47 ein
2987 4078 207 47 Violinist
3222 4076 85 49 den
