<?xml version="1.0" encoding="UTF-8"?>
<alto xmlns:xsi="http://www.w3.org/2001/XMLSchema-instance" xmlns="http://www.loc.gov/standards/alto/ns-v2#" xsi:schemaLocation="http://www.loc.gov/standards/alto/ns-v2# http://www.loc.gov/standards/alto/alto-v2.0.xsd" xmlns:xlink="http://www.w3.org/1999/xlink">
	<Description>
		<MeasurementUnit>mm10</MeasurementUnit>
		<sourceImageInformation>
			<fileName>//fileserver7/IN2/Princeton/Batch2/bmtnaap/1922/08_01/00000014.tif</fileName>
		</sourceImageInformation>
		<OCRProcessing ID="OCRPROCESSING_1">
			<preProcessingStep>
				<processingSoftware>
					<softwareCreator>CCS Content Conversion Specialists GmbH, Germany</softwareCreator>
					<softwareName>CCS docWORKS</softwareName>
					<softwareVersion>6.6-0.29</softwareVersion>
				</processingSoftware>
			</preProcessingStep>
			<ocrProcessingStep>
				<processingSoftware>
					<softwareCreator>ABBYY (BIT Software), Russia</softwareCreator>
					<softwareName>FineReader</softwareName>
					<softwareVersion>10.0</softwareVersion>
				</processingSoftware>
			</ocrProcessingStep>
		</OCRProcessing>
	</Description>
	<Styles>
		<TextStyle ID="TXT_0" FONTSIZE="10" FONTFAMILY="Times New Roman"/>
		<ParagraphStyle ID="PAR_LEFT" ALIGN="Left"/>
		<ParagraphStyle ID="PAR_BLOCK" ALIGN="Block"/>
	</Styles>
	<Layout>
		<Page ID="P14" PHYSICAL_IMG_NR="14" HEIGHT="5730" WIDTH="3800" PRINTED_IMG_NR="12" PC="0.948">
			<TopMargin ID="P14_TM00001" HPOS="0" VPOS="0" WIDTH="3800" HEIGHT="5"/>
			<LeftMargin ID="P14_LM00001" HPOS="0" VPOS="5" WIDTH="6" HEIGHT="4315"/>
			<RightMargin ID="P14_RM00001" HPOS="3794" VPOS="5" WIDTH="6" HEIGHT="4315"/>
			<BottomMargin ID="P14_BM00001" HPOS="0" VPOS="4320" WIDTH="3800" HEIGHT="1410">
				<TextBlock ID="P14_TB00001" HPOS="942" VPOS="4323" WIDTH="58" HEIGHT="40" STYLEREFS="TXT_0 PAR_LEFT">
					<TextLine ID="P14_TL00001" HPOS="942" VPOS="4323" WIDTH="58" HEIGHT="40">
						<String ID="P14_ST00001" HPOS="942" VPOS="4323" WIDTH="58" HEIGHT="40" CONTENT="12" WC="1.00" CC="00"/>
					</TextLine>
				</TextBlock>
			</BottomMargin>
			<PrintSpace ID="P14_PS00001" HPOS="6" VPOS="5" WIDTH="3788" HEIGHT="4315">
				<TextBlock ID="P14_TB00002" HPOS="845" VPOS="759" WIDTH="2505" HEIGHT="681" STYLEREFS="TXT_0 PAR_LEFT">
					<TextLine ID="P14_TL00002" HPOS="847" VPOS="760" WIDTH="2503" HEIGHT="78">
						<String ID="P14_ST00002" HPOS="847" VPOS="765" WIDTH="95" HEIGHT="56" CONTENT="Its" WC="0.97" CC="403"/>
						<SP ID="P14_SP00001" HPOS="942" VPOS="821" WIDTH="35"/>
						<String ID="P14_ST00003" HPOS="977" VPOS="760" WIDTH="155" HEIGHT="76" CONTENT="jaws" WC="0.98" CC="3006"/>
						<SP ID="P14_SP00002" HPOS="1132" VPOS="836" WIDTH="39"/>
						<String ID="P14_ST00004" HPOS="1171" VPOS="782" WIDTH="101" HEIGHT="39" CONTENT="are" WC="1.00" CC="000"/>
						<SP ID="P14_SP00003" HPOS="1272" VPOS="836" WIDTH="42"/>
						<String ID="P14_ST00005" HPOS="1314" VPOS="761" WIDTH="304" HEIGHT="77" CONTENT="frightful." WC="1.00" CC="0024000043"/>
						<SP ID="P14_SP00004" HPOS="1618" VPOS="838" WIDTH="88"/>
						<String ID="P14_ST00006" HPOS="1706" VPOS="768" WIDTH="64" HEIGHT="55" CONTENT="It" WC="0.67" CC="60"/>
						<SP ID="P14_SP00005" HPOS="1770" VPOS="838" WIDTH="45"/>
						<String ID="P14_ST00007" HPOS="1815" VPOS="772" WIDTH="170" HEIGHT="53" CONTENT="must" WC="0.97" CC="3090"/>
						<SP ID="P14_SP00006" HPOS="1985" VPOS="838" WIDTH="36"/>
						<String ID="P14_ST00008" HPOS="2021" VPOS="766" WIDTH="78" HEIGHT="59" CONTENT="be" WC="0.85" CC="02"/>
						<SP ID="P14_SP00007" HPOS="2099" VPOS="838" WIDTH="38"/>
						<String ID="P14_ST00009" HPOS="2137" VPOS="787" WIDTH="331" HEIGHT="40" CONTENT="enormous" WC="1.00" CC="00000070"/>
						<SP ID="P14_SP00008" HPOS="2468" VPOS="838" WIDTH="38"/>
						<String ID="P14_ST00010" HPOS="2506" VPOS="771" WIDTH="241" HEIGHT="57" CONTENT="toward" WC="1.00" CC="000000"/>
						<SP ID="P14_SP00009" HPOS="2747" VPOS="838" WIDTH="37"/>
						<String ID="P14_ST00011" HPOS="2784" VPOS="771" WIDTH="108" HEIGHT="59" CONTENT="the" WC="1.00" CC="000"/>
						<SP ID="P14_SP00010" HPOS="2892" VPOS="838" WIDTH="36"/>
						<String ID="P14_ST00012" HPOS="2928" VPOS="771" WIDTH="164" HEIGHT="59" CONTENT="back" WC="0.99" CC="0004"/>
						<SP ID="P14_SP00011" HPOS="3092" VPOS="838" WIDTH="34"/>
						<String ID="P14_ST00013" HPOS="3126" VPOS="771" WIDTH="65" HEIGHT="60" CONTENT="in" WC="0.37" CC="47"/>
						<SP ID="P14_SP00012" HPOS="3191" VPOS="838" WIDTH="51"/>
						<String ID="P14_ST00014" HPOS="3242" VPOS="773" WIDTH="108" HEIGHT="60" CONTENT="the" WC="0.98" CC="004"/>
					</TextLine>
					<TextLine ID="P14_TL00003" HPOS="847" VPOS="863" WIDTH="2503" HEIGHT="85">
						<String ID="P14_ST00015" HPOS="847" VPOS="863" WIDTH="302" HEIGHT="58" CONTENT="direction" WC="0.99" CC="060050006"/>
						<SP ID="P14_SP00013" HPOS="1149" VPOS="921" WIDTH="43"/>
						<String ID="P14_ST00016" HPOS="1192" VPOS="864" WIDTH="65" HEIGHT="57" CONTENT="of" WC="1.00" CC="00"/>
						<SP ID="P14_SP00014" HPOS="1257" VPOS="921" WIDTH="62"/>
						<String ID="P14_ST00017" HPOS="1319" VPOS="865" WIDTH="109" HEIGHT="57" CONTENT="the" WC="1.00" CC="000"/>
						<SP ID="P14_SP00015" HPOS="1428" VPOS="922" WIDTH="41"/>
						<String ID="P14_ST00018" HPOS="1469" VPOS="865" WIDTH="337" HEIGHT="60" CONTENT="unknown." WC="0.99" CC="05070054"/>
						<SP ID="P14_SP00016" HPOS="1806" VPOS="925" WIDTH="88"/>
						<String ID="P14_ST00019" HPOS="1894" VPOS="865" WIDTH="248" HEIGHT="76" CONTENT="Finally" WC="0.99" CC="7050400"/>
						<SP ID="P14_SP00017" HPOS="2142" VPOS="941" WIDTH="62"/>
						<String ID="P14_ST00020" HPOS="2204" VPOS="876" WIDTH="68" HEIGHT="51" CONTENT="to" WC="1.00" CC="00"/>
						<SP ID="P14_SP00018" HPOS="2272" VPOS="941" WIDTH="65"/>
						<String ID="P14_ST00021" HPOS="2337" VPOS="889" WIDTH="206" HEIGHT="38" CONTENT="crown" WC="0.96" CC="56807"/>
						<SP ID="P14_SP00019" HPOS="2543" VPOS="941" WIDTH="63"/>
						<String ID="P14_ST00022" HPOS="2606" VPOS="871" WIDTH="110" HEIGHT="59" CONTENT="the" WC="1.00" CC="000"/>
						<SP ID="P14_SP00020" HPOS="2716" VPOS="941" WIDTH="61"/>
						<String ID="P14_ST00023" HPOS="2777" VPOS="872" WIDTH="217" HEIGHT="76" CONTENT="stupid" WC="0.99" CC="006050"/>
						<SP ID="P14_SP00021" HPOS="2994" VPOS="948" WIDTH="68"/>
						<String ID="P14_ST00024" HPOS="3062" VPOS="875" WIDTH="126" HEIGHT="56" CONTENT="and" WC="0.97" CC="070"/>
						<SP ID="P14_SP00022" HPOS="3188" VPOS="948" WIDTH="49"/>
						<String ID="P14_ST00025" HPOS="3237" VPOS="883" WIDTH="113" HEIGHT="50" CONTENT="not" WC="0.97" CC="700"/>
					</TextLine>
					<TextLine ID="P14_TL00004" HPOS="847" VPOS="964" WIDTH="2503" HEIGHT="83">
						<String ID="P14_ST00026" HPOS="847" VPOS="984" WIDTH="158" HEIGHT="39" CONTENT="even" WC="0.98" CC="0027"/>
						<SP ID="P14_SP00023" HPOS="1005" VPOS="1023" WIDTH="28"/>
						<String ID="P14_ST00027" HPOS="1033" VPOS="964" WIDTH="370" HEIGHT="75" CONTENT="interesting" WC="1.00" CC="27000200080"/>
						<SP ID="P14_SP00024" HPOS="1403" VPOS="1039" WIDTH="27"/>
						<String ID="P14_ST00028" HPOS="1430" VPOS="967" WIDTH="282" HEIGHT="72" CONTENT="comedy," WC="0.99" CC="6000002"/>
						<SP ID="P14_SP00025" HPOS="1712" VPOS="1039" WIDTH="36"/>
						<String ID="P14_ST00029" HPOS="1748" VPOS="988" WIDTH="117" HEIGHT="38" CONTENT="one" WC="0.95" CC="472"/>
						<SP ID="P14_SP00026" HPOS="1865" VPOS="1039" WIDTH="28"/>
						<String ID="P14_ST00030" HPOS="1893" VPOS="987" WIDTH="148" HEIGHT="50" CONTENT="sees," WC="0.98" CC="02073"/>
						<SP ID="P14_SP00027" HPOS="2041" VPOS="1039" WIDTH="32"/>
						<String ID="P14_ST00031" HPOS="2073" VPOS="989" WIDTH="173" HEIGHT="40" CONTENT="some" WC="1.00" CC="0000"/>
						<SP ID="P14_SP00028" HPOS="2246" VPOS="1039" WIDTH="29"/>
						<String ID="P14_ST00032" HPOS="2275" VPOS="991" WIDTH="182" HEIGHT="39" CONTENT="crane" WC="0.99" CC="50000"/>
						<SP ID="P14_SP00029" HPOS="2457" VPOS="1039" WIDTH="29"/>
						<String ID="P14_ST00033" HPOS="2486" VPOS="972" WIDTH="172" HEIGHT="75" CONTENT="hung" WC="0.95" CC="0778"/>
						<SP ID="P14_SP00030" HPOS="2658" VPOS="1047" WIDTH="28"/>
						<String ID="P14_ST00034" HPOS="2686" VPOS="972" WIDTH="64" HEIGHT="58" CONTENT="in" WC="0.68" CC="06"/>
						<SP ID="P14_SP00031" HPOS="2750" VPOS="1047" WIDTH="30"/>
						<String ID="P14_ST00035" HPOS="2780" VPOS="974" WIDTH="108" HEIGHT="57" CONTENT="the" WC="0.99" CC="001"/>
						<SP ID="P14_SP00032" HPOS="2888" VPOS="1047" WIDTH="44"/>
						<String ID="P14_ST00036" HPOS="2932" VPOS="973" WIDTH="133" HEIGHT="74" CONTENT="sky," WC="0.99" CC="0004"/>
						<SP ID="P14_SP00033" HPOS="3065" VPOS="1047" WIDTH="34"/>
						<String ID="P14_ST00037" HPOS="3099" VPOS="975" WIDTH="251" HEIGHT="59" CONTENT="belated" WC="1.00" CC="0000000"/>
					</TextLine>
					<TextLine ID="P14_TL00005" HPOS="846" VPOS="1064" WIDTH="2504" HEIGHT="87">
						<String ID="P14_ST00038" HPOS="846" VPOS="1064" WIDTH="89" HEIGHT="72" CONTENT="by" WC="1.00" CC="00"/>
						<SP ID="P14_SP00034" HPOS="935" VPOS="1136" WIDTH="47"/>
						<String ID="P14_ST00039" HPOS="982" VPOS="1064" WIDTH="320" HEIGHT="69" CONTENT="tiredness," WC="1.00" CC="0003000004"/>
						<SP ID="P14_SP00035" HPOS="1302" VPOS="1136" WIDTH="52"/>
						<String ID="P14_ST00040" HPOS="1354" VPOS="1065" WIDTH="203" HEIGHT="59" CONTENT="which" WC="1.00" CC="00030"/>
						<SP ID="P14_SP00036" HPOS="1557" VPOS="1136" WIDTH="46"/>
						<String ID="P14_ST00041" HPOS="1603" VPOS="1067" WIDTH="215" HEIGHT="75" CONTENT="begins" WC="1.00" CC="000500"/>
						<SP ID="P14_SP00037" HPOS="1818" VPOS="1142" WIDTH="48"/>
						<String ID="P14_ST00042" HPOS="1866" VPOS="1069" WIDTH="232" HEIGHT="76" CONTENT="crying," WC="0.99" CC="5000603"/>
						<SP ID="P14_SP00038" HPOS="2098" VPOS="1145" WIDTH="51"/>
						<String ID="P14_ST00043" HPOS="2149" VPOS="1069" WIDTH="269" HEIGHT="61" CONTENT="without" WC="1.00" CC="0000070"/>
						<SP ID="P14_SP00039" HPOS="2418" VPOS="1145" WIDTH="31"/>
						<String ID="P14_ST00044" HPOS="2449" VPOS="1072" WIDTH="422" HEIGHT="77" CONTENT="interrupting" WC="1.00" CC="060000600080"/>
						<SP ID="P14_SP00040" HPOS="2871" VPOS="1149" WIDTH="32"/>
						<String ID="P14_ST00045" HPOS="2903" VPOS="1075" WIDTH="112" HEIGHT="58" CONTENT="the" WC="1.00" CC="000"/>
						<SP ID="P14_SP00041" HPOS="3015" VPOS="1149" WIDTH="30"/>
						<String ID="P14_ST00046" HPOS="3045" VPOS="1093" WIDTH="202" HEIGHT="58" CONTENT="sweep" WC="0.98" CC="80400"/>
						<SP ID="P14_SP00042" HPOS="3247" VPOS="1151" WIDTH="40"/>
						<String ID="P14_ST00047" HPOS="3287" VPOS="1075" WIDTH="63" HEIGHT="59" CONTENT="of" WC="0.86" CC="10"/>
					</TextLine>
					<TextLine ID="P14_TL00006" HPOS="846" VPOS="1163" WIDTH="2504" HEIGHT="84">
						<String ID="P14_ST00048" HPOS="846" VPOS="1163" WIDTH="83" HEIGHT="60" CONTENT="its" WC="1.00" CC="000"/>
						<SP ID="P14_SP00043" HPOS="929" VPOS="1223" WIDTH="69"/>
						<String ID="P14_ST00049" HPOS="998" VPOS="1165" WIDTH="219" HEIGHT="75" CONTENT="flight:" WC="1.00" CC="0010001"/>
						<SP ID="P14_SP00044" HPOS="1217" VPOS="1240" WIDTH="79"/>
						<String ID="P14_ST00050" HPOS="1296" VPOS="1166" WIDTH="35" HEIGHT="22" CONTENT='"' WC="0.57" CC="4"/>
						<SP ID="P14_SP00045" HPOS="1331" VPOS="1240" WIDTH="26"/>
						<String ID="P14_ST00051" HPOS="1357" VPOS="1167" WIDTH="171" HEIGHT="58" CONTENT="Hold" WC="0.98" CC="6050"/>
						<SP ID="P14_SP00046" HPOS="1528" VPOS="1240" WIDTH="27"/>
						<String ID="P14_ST00052" HPOS="1555" VPOS="1168" WIDTH="54" HEIGHT="59" CONTENT="!." WC="0.37" CC="64"/>
						<SP ID="P14_SP00047" HPOS="1609" VPOS="1240" WIDTH="34"/>
						<String ID="P14_ST00053" HPOS="1643" VPOS="1218" WIDTH="9" HEIGHT="9" CONTENT="." WC="0.66" CC="3"/>
						<SP ID="P14_SP00048" HPOS="1652" VPOS="1240" WIDTH="35"/>
						<String ID="P14_ST00054" HPOS="1687" VPOS="1218" WIDTH="9" HEIGHT="9" CONTENT="." WC="0.59" CC="4"/>
						<SP ID="P14_SP00049" HPOS="1696" VPOS="1240" WIDTH="94"/>
						<String ID="P14_ST00055" HPOS="1790" VPOS="1173" WIDTH="27" HEIGHT="53" CONTENT="I" WC="1.00" CC="0"/>
						<SP ID="P14_SP00050" HPOS="1817" VPOS="1240" WIDTH="44"/>
						<String ID="P14_ST00056" HPOS="1861" VPOS="1168" WIDTH="132" HEIGHT="60" CONTENT="find" WC="0.98" CC="0050"/>
						<SP ID="P14_SP00051" HPOS="1993" VPOS="1240" WIDTH="68"/>
						<String ID="P14_ST00057" HPOS="2061" VPOS="1171" WIDTH="146" HEIGHT="58" CONTENT="that" WC="1.00" CC="0000"/>
						<SP ID="P14_SP00052" HPOS="2207" VPOS="1240" WIDTH="54"/>
						<String ID="P14_ST00058" HPOS="2261" VPOS="1171" WIDTH="435" HEIGHT="76" CONTENT="disagreeable." WC="1.00" CC="0500040600513"/>
						<SP ID="P14_SP00053" HPOS="2696" VPOS="1247" WIDTH="89"/>
						<String ID="P14_ST00059" HPOS="2785" VPOS="1178" WIDTH="77" HEIGHT="53" CONTENT="In" WC="0.52" CC="36"/>
						<SP ID="P14_SP00054" HPOS="2862" VPOS="1247" WIDTH="48"/>
						<String ID="P14_ST00060" HPOS="2910" VPOS="1174" WIDTH="110" HEIGHT="59" CONTENT="the" WC="0.98" CC="004"/>
						<SP ID="P14_SP00055" HPOS="3020" VPOS="1247" WIDTH="48"/>
						<String ID="P14_ST00061" HPOS="3068" VPOS="1174" WIDTH="282" HEIGHT="61" CONTENT="distance" WC="0.99" CC="00100770"/>
					</TextLine>
					<TextLine ID="P14_TL00007" HPOS="848" VPOS="1266" WIDTH="2405" HEIGHT="85">
						<String ID="P14_ST00062" HPOS="848" VPOS="1266" WIDTH="175" HEIGHT="58" CONTENT="there" WC="0.99" CC="10601"/>
						<SP ID="P14_SP00056" HPOS="1023" VPOS="1324" WIDTH="45"/>
						<String ID="P14_ST00063" HPOS="1068" VPOS="1286" WIDTH="103" HEIGHT="39" CONTENT="are" WC="0.98" CC="040"/>
						<SP ID="P14_SP00057" HPOS="1171" VPOS="1325" WIDTH="43"/>
						<String ID="P14_ST00064" HPOS="1214" VPOS="1267" WIDTH="183" HEIGHT="58" CONTENT="black" WC="0.99" CC="05050"/>
						<SP ID="P14_SP00058" HPOS="1397" VPOS="1325" WIDTH="41"/>
						<String ID="P14_ST00065" HPOS="1438" VPOS="1269" WIDTH="220" HEIGHT="76" CONTENT="specks" WC="1.00" CC="003000"/>
						<SP ID="P14_SP00059" HPOS="1658" VPOS="1345" WIDTH="28"/>
						<String ID="P14_ST00066" HPOS="1686" VPOS="1289" WIDTH="14" HEIGHT="50" CONTENT=";" WC="0.21" CC="7"/>
						<SP ID="P14_SP00060" HPOS="1700" VPOS="1345" WIDTH="47"/>
						<String ID="P14_ST00067" HPOS="1747" VPOS="1273" WIDTH="31" HEIGHT="55" CONTENT="I" WC="0.82" CC="1"/>
						<SP ID="P14_SP00061" HPOS="1778" VPOS="1345" WIDTH="45"/>
						<String ID="P14_ST00068" HPOS="1823" VPOS="1271" WIDTH="162" HEIGHT="58" CONTENT="have" WC="1.00" CC="0000"/>
						<SP ID="P14_SP00062" HPOS="1985" VPOS="1345" WIDTH="44"/>
						<String ID="P14_ST00069" HPOS="2029" VPOS="1272" WIDTH="207" HEIGHT="59" CONTENT="closed" WC="0.99" CC="607000"/>
						<SP ID="P14_SP00063" HPOS="2236" VPOS="1345" WIDTH="45"/>
						<String ID="P14_ST00070" HPOS="2281" VPOS="1294" WIDTH="110" HEIGHT="52" CONTENT="my" WC="1.00" CC="00"/>
						<SP ID="P14_SP00064" HPOS="2391" VPOS="1346" WIDTH="43"/>
						<String ID="P14_ST00071" HPOS="2434" VPOS="1294" WIDTH="142" HEIGHT="53" CONTENT="eyes" WC="1.00" CC="1000"/>
						<SP ID="P14_SP00065" HPOS="2576" VPOS="1347" WIDTH="29"/>
						<String ID="P14_ST00072" HPOS="2605" VPOS="1292" WIDTH="12" HEIGHT="52" CONTENT=";" WC="0.41" CC="5"/>
						<SP ID="P14_SP00066" HPOS="2617" VPOS="1347" WIDTH="48"/>
						<String ID="P14_ST00073" HPOS="2665" VPOS="1275" WIDTH="156" HEIGHT="72" CONTENT="they" WC="1.00" CC="0000"/>
						<SP ID="P14_SP00067" HPOS="2821" VPOS="1347" WIDTH="42"/>
						<String ID="P14_ST00074" HPOS="2863" VPOS="1295" WIDTH="102" HEIGHT="39" CONTENT="are" WC="1.00" CC="000"/>
						<SP ID="P14_SP00068" HPOS="2965" VPOS="1347" WIDTH="47"/>
						<String ID="P14_ST00075" HPOS="3012" VPOS="1295" WIDTH="174" HEIGHT="56" CONTENT="gone." WC="0.98" CC="00524"/>
						<SP ID="P14_SP00069" HPOS="3186" VPOS="1351" WIDTH="33"/>
						<String ID="P14_ST00076" HPOS="3219" VPOS="1276" WIDTH="34" HEIGHT="19" CONTENT='"' WC="0.24" CC="7"/>
					</TextLine>
					<TextLine ID="P14_TL00008" HPOS="1008" VPOS="1367" WIDTH="1008" HEIGHT="73">
						<String ID="P14_ST00077" HPOS="1008" VPOS="1370" WIDTH="31" HEIGHT="53" CONTENT="I" WC="0.88" CC="1"/>
						<SP ID="P14_SP00070" HPOS="1039" VPOS="1423" WIDTH="43"/>
						<String ID="P14_ST00078" HPOS="1082" VPOS="1367" WIDTH="201" HEIGHT="61" CONTENT="salute" WC="0.99" CC="005800"/>
						<SP ID="P14_SP00071" HPOS="1283" VPOS="1428" WIDTH="40"/>
						<String ID="P14_ST00079" HPOS="1323" VPOS="1389" WIDTH="145" HEIGHT="51" CONTENT="you," WC="0.98" CC="0054"/>
						<SP ID="P14_SP00072" HPOS="1468" VPOS="1440" WIDTH="48"/>
						<String ID="P14_ST00080" HPOS="1516" VPOS="1370" WIDTH="248" HEIGHT="60" CONTENT="ancient" WC="0.99" CC="0040060"/>
						<SP ID="P14_SP00073" HPOS="1764" VPOS="1440" WIDTH="42"/>
						<String ID="P14_ST00081" HPOS="1806" VPOS="1392" WIDTH="210" HEIGHT="39" CONTENT="ocean." WC="0.99" CC="030073"/>
					</TextLine>
				</TextBlock>
				<TextBlock ID="P14_TB00003" HPOS="843" VPOS="1466" WIDTH="2506" HEIGHT="2705" STYLEREFS="TXT_0 PAR_BLOCK">
					<TextLine ID="P14_TL00009" HPOS="1006" VPOS="1468" WIDTH="2343" HEIGHT="85">
						<String ID="P14_ST00082" HPOS="1006" VPOS="1468" WIDTH="270" HEIGHT="59" CONTENT="Ancient" WC="0.98" CC="4700243"/>
						<SP ID="P14_SP00074" HPOS="1276" VPOS="1527" WIDTH="64"/>
						<String ID="P14_ST00083" HPOS="1340" VPOS="1491" WIDTH="210" HEIGHT="49" CONTENT="ocean," WC="0.98" CC="100574"/>
						<SP ID="P14_SP00075" HPOS="1550" VPOS="1540" WIDTH="70"/>
						<String ID="P14_ST00084" HPOS="1620" VPOS="1472" WIDTH="283" HEIGHT="75" CONTENT="majestic" WC="0.98" CC="04502356"/>
						<SP ID="P14_SP00076" HPOS="1903" VPOS="1547" WIDTH="65"/>
						<String ID="P14_ST00085" HPOS="1968" VPOS="1475" WIDTH="306" HEIGHT="69" CONTENT="bachelor," WC="0.99" CC="006045444"/>
						<SP ID="P14_SP00077" HPOS="2274" VPOS="1547" WIDTH="51"/>
						<String ID="P14_ST00086" HPOS="2325" VPOS="1478" WIDTH="179" HEIGHT="57" CONTENT="when" WC="0.96" CC="2527"/>
						<SP ID="P14_SP00078" HPOS="2504" VPOS="1547" WIDTH="42"/>
						<String ID="P14_ST00087" HPOS="2546" VPOS="1497" WIDTH="128" HEIGHT="52" CONTENT="you" WC="0.95" CC="508"/>
						<SP ID="P14_SP00079" HPOS="2674" VPOS="1549" WIDTH="55"/>
						<String ID="P14_ST00088" HPOS="2729" VPOS="1497" WIDTH="228" HEIGHT="52" CONTENT="survey" WC="0.98" CC="670605"/>
						<SP ID="P14_SP00080" HPOS="2957" VPOS="1549" WIDTH="56"/>
						<String ID="P14_ST00089" HPOS="3013" VPOS="1478" WIDTH="108" HEIGHT="59" CONTENT="the" WC="1.00" CC="000"/>
						<SP ID="P14_SP00081" HPOS="3121" VPOS="1549" WIDTH="39"/>
						<String ID="P14_ST00090" HPOS="3160" VPOS="1497" WIDTH="189" HEIGHT="56" CONTENT="grave" WC="0.97" CC="09860"/>
					</TextLine>
					<TextLine ID="P14_TL00010" HPOS="846" VPOS="1569" WIDTH="2502" HEIGHT="87">
						<String ID="P14_ST00091" HPOS="846" VPOS="1569" WIDTH="268" HEIGHT="59" CONTENT="solitude" WC="0.99" CC="29400063"/>
						<SP ID="P14_SP00082" HPOS="1114" VPOS="1628" WIDTH="41"/>
						<String ID="P14_ST00092" HPOS="1155" VPOS="1571" WIDTH="66" HEIGHT="57" CONTENT="of" WC="0.72" CC="50"/>
						<SP ID="P14_SP00083" HPOS="1221" VPOS="1628" WIDTH="35"/>
						<String ID="P14_ST00093" HPOS="1256" VPOS="1591" WIDTH="159" HEIGHT="53" CONTENT="your" WC="1.00" CC="0000"/>
						<SP ID="P14_SP00084" HPOS="1415" VPOS="1644" WIDTH="36"/>
						<String ID="P14_ST00094" HPOS="1451" VPOS="1573" WIDTH="382" HEIGHT="76" CONTENT="phlegmatic" WC="1.00" CC="4001210005"/>
						<SP ID="P14_SP00085" HPOS="1833" VPOS="1649" WIDTH="39"/>
						<String ID="P14_ST00095" HPOS="1872" VPOS="1574" WIDTH="349" HEIGHT="75" CONTENT="kingdoms," WC="1.00" CC="000050004"/>
						<SP ID="P14_SP00086" HPOS="2221" VPOS="1649" WIDTH="42"/>
						<String ID="P14_ST00096" HPOS="2263" VPOS="1576" WIDTH="197" HEIGHT="75" CONTENT="justly" WC="0.98" CC="770040"/>
						<SP ID="P14_SP00087" HPOS="2460" VPOS="1651" WIDTH="36"/>
						<String ID="P14_ST00097" HPOS="2496" VPOS="1597" WIDTH="129" HEIGHT="52" CONTENT="you" WC="0.99" CC="020"/>
						<SP ID="P14_SP00088" HPOS="2625" VPOS="1651" WIDTH="36"/>
						<String ID="P14_ST00098" HPOS="2661" VPOS="1577" WIDTH="167" HEIGHT="59" CONTENT="swell" WC="0.97" CC="91250"/>
						<SP ID="P14_SP00089" HPOS="2828" VPOS="1651" WIDTH="36"/>
						<String ID="P14_ST00099" HPOS="2864" VPOS="1577" WIDTH="152" HEIGHT="60" CONTENT="with" WC="1.00" CC="0000"/>
						<SP ID="P14_SP00090" HPOS="3016" VPOS="1651" WIDTH="54"/>
						<String ID="P14_ST00100" HPOS="3070" VPOS="1578" WIDTH="173" HEIGHT="78" CONTENT="pride" WC="1.00" CC="40000"/>
						<SP ID="P14_SP00091" HPOS="3243" VPOS="1656" WIDTH="39"/>
						<String ID="P14_ST00101" HPOS="3282" VPOS="1587" WIDTH="66" HEIGHT="51" CONTENT="at" WC="1.00" CC="00"/>
					</TextLine>
					<TextLine ID="P14_TL00011" HPOS="845" VPOS="1673" WIDTH="2502" HEIGHT="81">
						<String ID="P14_ST00102" HPOS="845" VPOS="1690" WIDTH="158" HEIGHT="53" CONTENT="your" WC="0.98" CC="0074"/>
						<SP ID="P14_SP00092" HPOS="1003" VPOS="1743" WIDTH="49"/>
						<String ID="P14_ST00103" HPOS="1052" VPOS="1692" WIDTH="138" HEIGHT="37" CONTENT="own" WC="0.98" CC="500"/>
						<SP ID="P14_SP00093" HPOS="1190" VPOS="1743" WIDTH="50"/>
						<String ID="P14_ST00104" HPOS="1240" VPOS="1673" WIDTH="460" HEIGHT="75" CONTENT="magnificence," WC="1.00" CC="0007400400404"/>
						<SP ID="P14_SP00094" HPOS="1700" VPOS="1748" WIDTH="53"/>
						<String ID="P14_ST00105" HPOS="1753" VPOS="1676" WIDTH="126" HEIGHT="57" CONTENT="and" WC="0.94" CC="960"/>
						<SP ID="P14_SP00095" HPOS="1879" VPOS="1748" WIDTH="48"/>
						<String ID="P14_ST00106" HPOS="1927" VPOS="1676" WIDTH="108" HEIGHT="58" CONTENT="the" WC="1.00" CC="000"/>
						<SP ID="P14_SP00096" HPOS="2035" VPOS="1748" WIDTH="47"/>
						<String ID="P14_ST00107" HPOS="2082" VPOS="1677" WIDTH="274" HEIGHT="59" CONTENT="truthful" WC="0.99" CC="04800074"/>
						<SP ID="P14_SP00097" HPOS="2356" VPOS="1748" WIDTH="49"/>
						<String ID="P14_ST00108" HPOS="2405" VPOS="1677" WIDTH="232" HEIGHT="77" CONTENT="praises" WC="0.99" CC="0002803"/>
						<SP ID="P14_SP00098" HPOS="2637" VPOS="1754" WIDTH="47"/>
						<String ID="P14_ST00109" HPOS="2684" VPOS="1677" WIDTH="204" HEIGHT="60" CONTENT="which" WC="0.99" CC="00320"/>
						<SP ID="P14_SP00099" HPOS="2888" VPOS="1754" WIDTH="48"/>
						<String ID="P14_ST00110" HPOS="2936" VPOS="1682" WIDTH="30" HEIGHT="54" CONTENT="I" WC="0.42" CC="5"/>
						<SP ID="P14_SP00100" HPOS="2966" VPOS="1754" WIDTH="44"/>
						<String ID="P14_ST00111" HPOS="3010" VPOS="1680" WIDTH="222" HEIGHT="58" CONTENT="hasten" WC="0.99" CC="000016"/>
						<SP ID="P14_SP00101" HPOS="3232" VPOS="1754" WIDTH="48"/>
						<String ID="P14_ST00112" HPOS="3280" VPOS="1687" WIDTH="67" HEIGHT="51" CONTENT="to" WC="1.00" CC="00"/>
					</TextLine>
					<TextLine ID="P14_TL00012" HPOS="846" VPOS="1771" WIDTH="2503" HEIGHT="80">
						<String ID="P14_ST00113" HPOS="846" VPOS="1771" WIDTH="153" HEIGHT="59" CONTENT="offer" WC="0.99" CC="07100"/>
						<SP ID="P14_SP00102" HPOS="999" VPOS="1830" WIDTH="72"/>
						<String ID="P14_ST00114" HPOS="1071" VPOS="1792" WIDTH="143" HEIGHT="52" CONTENT="you." WC="0.97" CC="0084"/>
						<SP ID="P14_SP00103" HPOS="1214" VPOS="1844" WIDTH="89"/>
						<String ID="P14_ST00115" HPOS="1303" VPOS="1774" WIDTH="464" HEIGHT="76" CONTENT="Voluptuously" WC="1.00" CC="003600006000"/>
						<SP ID="P14_SP00104" HPOS="1767" VPOS="1850" WIDTH="43"/>
						<String ID="P14_ST00116" HPOS="1810" VPOS="1778" WIDTH="251" HEIGHT="71" CONTENT="swayed" WC="0.99" CC="061030"/>
						<SP ID="P14_SP00105" HPOS="2061" VPOS="1850" WIDTH="75"/>
						<String ID="P14_ST00117" HPOS="2136" VPOS="1777" WIDTH="86" HEIGHT="73" CONTENT="by" WC="1.00" CC="00"/>
						<SP ID="P14_SP00106" HPOS="2222" VPOS="1850" WIDTH="72"/>
						<String ID="P14_ST00118" HPOS="2294" VPOS="1778" WIDTH="109" HEIGHT="59" CONTENT="the" WC="1.00" CC="000"/>
						<SP ID="P14_SP00107" HPOS="2403" VPOS="1850" WIDTH="74"/>
						<String ID="P14_ST00119" HPOS="2477" VPOS="1779" WIDTH="124" HEIGHT="58" CONTENT="soft" WC="1.00" CC="0000"/>
						<SP ID="P14_SP00108" HPOS="2601" VPOS="1850" WIDTH="45"/>
						<String ID="P14_ST00120" HPOS="2646" VPOS="1779" WIDTH="391" HEIGHT="58" CONTENT="exhalations" WC="1.00" CC="43000000370"/>
						<SP ID="P14_SP00109" HPOS="3037" VPOS="1850" WIDTH="50"/>
						<String ID="P14_ST00121" HPOS="3087" VPOS="1779" WIDTH="64" HEIGHT="58" CONTENT="of" WC="1.00" CC="00"/>
						<SP ID="P14_SP00110" HPOS="3151" VPOS="1850" WIDTH="40"/>
						<String ID="P14_ST00122" HPOS="3191" VPOS="1799" WIDTH="158" HEIGHT="52" CONTENT="your" WC="0.98" CC="0072"/>
					</TextLine>
					<TextLine ID="P14_TL00013" HPOS="848" VPOS="1870" WIDTH="2499" HEIGHT="85">
						<String ID="P14_ST00123" HPOS="848" VPOS="1870" WIDTH="284" HEIGHT="77" CONTENT="majestic" WC="0.99" CC="00422026"/>
						<SP ID="P14_SP00111" HPOS="1132" VPOS="1947" WIDTH="71"/>
						<String ID="P14_ST00124" HPOS="1203" VPOS="1873" WIDTH="426" HEIGHT="71" CONTENT="deliberation," WC="1.00" CC="0000003000054"/>
						<SP ID="P14_SP00112" HPOS="1629" VPOS="1947" WIDTH="74"/>
						<String ID="P14_ST00125" HPOS="1703" VPOS="1877" WIDTH="109" HEIGHT="58" CONTENT="the" WC="1.00" CC="000"/>
						<SP ID="P14_SP00113" HPOS="1812" VPOS="1947" WIDTH="72"/>
						<String ID="P14_ST00126" HPOS="1884" VPOS="1885" WIDTH="164" HEIGHT="51" CONTENT="most" WC="0.98" CC="0280"/>
						<SP ID="P14_SP00114" HPOS="2048" VPOS="1947" WIDTH="42"/>
						<String ID="P14_ST00127" HPOS="2090" VPOS="1878" WIDTH="326" HEIGHT="75" CONTENT="grandiose" WC="0.99" CC="000704052"/>
						<SP ID="P14_SP00115" HPOS="2416" VPOS="1953" WIDTH="72"/>
						<String ID="P14_ST00128" HPOS="2488" VPOS="1886" WIDTH="288" HEIGHT="69" CONTENT="amongst" WC="0.99" CC="3406000"/>
						<SP ID="P14_SP00116" HPOS="2776" VPOS="1955" WIDTH="70"/>
						<String ID="P14_ST00129" HPOS="2846" VPOS="1881" WIDTH="109" HEIGHT="57" CONTENT="the" WC="0.98" CC="004"/>
						<SP ID="P14_SP00117" HPOS="2955" VPOS="1955" WIDTH="57"/>
						<String ID="P14_ST00130" HPOS="3012" VPOS="1880" WIDTH="335" HEIGHT="60" CONTENT="attributes" WC="1.00" CC="0000007010"/>
					</TextLine>
					<TextLine ID="P14_TL00014" HPOS="845" VPOS="1972" WIDTH="2503" HEIGHT="81">
						<String ID="P14_ST00131" HPOS="845" VPOS="1972" WIDTH="154" HEIGHT="60" CONTENT="with" WC="1.00" CC="0000"/>
						<SP ID="P14_SP00118" HPOS="999" VPOS="2032" WIDTH="43"/>
						<String ID="P14_ST00132" HPOS="1042" VPOS="1973" WIDTH="202" HEIGHT="59" CONTENT="which" WC="0.99" CC="00460"/>
						<SP ID="P14_SP00119" HPOS="1244" VPOS="2032" WIDTH="43"/>
						<String ID="P14_ST00133" HPOS="1287" VPOS="1975" WIDTH="110" HEIGHT="59" CONTENT="the" WC="1.00" CC="000"/>
						<SP ID="P14_SP00120" HPOS="1397" VPOS="2034" WIDTH="44"/>
						<String ID="P14_ST00134" HPOS="1441" VPOS="1977" WIDTH="320" HEIGHT="75" CONTENT="sovereign" WC="1.00" CC="020000000"/>
						<SP ID="P14_SP00121" HPOS="1761" VPOS="2052" WIDTH="46"/>
						<String ID="P14_ST00135" HPOS="1807" VPOS="1977" WIDTH="200" HEIGHT="75" CONTENT="might" WC="1.00" CC="00000"/>
						<SP ID="P14_SP00122" HPOS="2007" VPOS="2052" WIDTH="46"/>
						<String ID="P14_ST00136" HPOS="2053" VPOS="1979" WIDTH="114" HEIGHT="58" CONTENT="has" WC="0.97" CC="009"/>
						<SP ID="P14_SP00123" HPOS="2167" VPOS="2052" WIDTH="41"/>
						<String ID="P14_ST00137" HPOS="2208" VPOS="1979" WIDTH="287" HEIGHT="74" CONTENT="gratified" WC="1.00" CC="000030000"/>
						<SP ID="P14_SP00124" HPOS="2495" VPOS="2053" WIDTH="31"/>
						<String ID="P14_ST00138" HPOS="2526" VPOS="2000" WIDTH="143" HEIGHT="52" CONTENT="you," WC="0.97" CC="0084"/>
						<SP ID="P14_SP00125" HPOS="2669" VPOS="2053" WIDTH="50"/>
						<String ID="P14_ST00139" HPOS="2719" VPOS="1981" WIDTH="253" HEIGHT="58" CONTENT="centred" WC="0.99" CC="0160030"/>
						<SP ID="P14_SP00126" HPOS="2972" VPOS="2053" WIDTH="43"/>
						<String ID="P14_ST00140" HPOS="3015" VPOS="1980" WIDTH="64" HEIGHT="57" CONTENT="in" WC="0.73" CC="05"/>
						<SP ID="P14_SP00127" HPOS="3079" VPOS="2053" WIDTH="23"/>
						<String ID="P14_ST00141" HPOS="3102" VPOS="1980" WIDTH="246" HEIGHT="59" CONTENT="sombre" WC="1.00" CC="000010"/>
					</TextLine>
					<TextLine ID="P14_TL00015" HPOS="850" VPOS="2078" WIDTH="2496" HEIGHT="79">
						<String ID="P14_ST00142" HPOS="850" VPOS="2081" WIDTH="296" HEIGHT="66" CONTENT="mystery," WC="1.00" CC="00000004"/>
						<SP ID="P14_SP00128" HPOS="1146" VPOS="2147" WIDTH="33"/>
						<String ID="P14_ST00143" HPOS="1179" VPOS="2096" WIDTH="126" HEIGHT="53" CONTENT="you" WC="0.98" CC="006"/>
						<SP ID="P14_SP00129" HPOS="1305" VPOS="2149" WIDTH="31"/>
						<String ID="P14_ST00144" HPOS="1336" VPOS="2079" WIDTH="224" HEIGHT="74" CONTENT="spread" WC="1.00" CC="000400"/>
						<SP ID="P14_SP00130" HPOS="1560" VPOS="2153" WIDTH="30"/>
						<String ID="P14_ST00145" HPOS="1590" VPOS="2086" WIDTH="127" HEIGHT="62" CONTENT="out," WC="0.98" CC="0604"/>
						<SP ID="P14_SP00131" HPOS="1717" VPOS="2153" WIDTH="36"/>
						<String ID="P14_ST00146" HPOS="1753" VPOS="2098" WIDTH="148" HEIGHT="40" CONTENT="over" WC="0.98" CC="4006"/>
						<SP ID="P14_SP00132" HPOS="1901" VPOS="2153" WIDTH="45"/>
						<String ID="P14_ST00147" HPOS="1946" VPOS="2078" WIDTH="80" HEIGHT="59" CONTENT="all" WC="0.97" CC="053"/>
						<SP ID="P14_SP00133" HPOS="2026" VPOS="2153" WIDTH="31"/>
						<String ID="P14_ST00148" HPOS="2057" VPOS="2079" WIDTH="82" HEIGHT="59" CONTENT="its" WC="0.99" CC="100"/>
						<SP ID="P14_SP00134" HPOS="2139" VPOS="2153" WIDTH="43"/>
						<String ID="P14_ST00149" HPOS="2182" VPOS="2080" WIDTH="263" HEIGHT="59" CONTENT="sublime" WC="0.98" CC="8705003"/>
						<SP ID="P14_SP00135" HPOS="2445" VPOS="2153" WIDTH="44"/>
						<String ID="P14_ST00150" HPOS="2489" VPOS="2080" WIDTH="256" HEIGHT="70" CONTENT="surface," WC="0.99" CC="46050204"/>
						<SP ID="P14_SP00136" HPOS="2745" VPOS="2153" WIDTH="48"/>
						<String ID="P14_ST00151" HPOS="2793" VPOS="2100" WIDTH="159" HEIGHT="53" CONTENT="your" WC="0.98" CC="0070"/>
						<SP ID="P14_SP00137" HPOS="2952" VPOS="2153" WIDTH="49"/>
						<String ID="P14_ST00152" HPOS="3001" VPOS="2080" WIDTH="307" HEIGHT="77" CONTENT="incompar" SUBS_TYPE="HypPart1" SUBS_CONTENT="incomparable" WC="0.99" CC="05070000"/>
						<HYP HPOS="3308" VPOS="2080" WIDTH="38" CONTENT="-"/>
					</TextLine>
					<TextLine ID="P14_TL00016" HPOS="849" VPOS="2175" WIDTH="2499" HEIGHT="81">
						<String ID="P14_ST00153" HPOS="849" VPOS="2175" WIDTH="137" HEIGHT="59" CONTENT="able" SUBS_TYPE="HypPart2" SUBS_CONTENT="incomparable" WC="0.98" CC="0052"/>
						<SP ID="P14_SP00138" HPOS="986" VPOS="2234" WIDTH="36"/>
						<String ID="P14_ST00154" HPOS="1022" VPOS="2195" WIDTH="224" HEIGHT="50" CONTENT="waves," WC="1.00" CC="000200"/>
						<SP ID="P14_SP00139" HPOS="1246" VPOS="2245" WIDTH="41"/>
						<String ID="P14_ST00155" HPOS="1287" VPOS="2178" WIDTH="154" HEIGHT="59" CONTENT="with" WC="1.00" CC="0000"/>
						<SP ID="P14_SP00140" HPOS="1441" VPOS="2245" WIDTH="35"/>
						<String ID="P14_ST00156" HPOS="1476" VPOS="2179" WIDTH="109" HEIGHT="59" CONTENT="the" WC="1.00" CC="000"/>
						<SP ID="P14_SP00141" HPOS="1585" VPOS="2245" WIDTH="37"/>
						<String ID="P14_ST00157" HPOS="1622" VPOS="2180" WIDTH="163" HEIGHT="58" CONTENT="calm" WC="0.99" CC="6000"/>
						<SP ID="P14_SP00142" HPOS="1785" VPOS="2245" WIDTH="36"/>
						<String ID="P14_ST00158" HPOS="1821" VPOS="2179" WIDTH="223" HEIGHT="76" CONTENT="feeling" WC="0.99" CC="0000460"/>
						<SP ID="P14_SP00143" HPOS="2044" VPOS="2255" WIDTH="25"/>
						<String ID="P14_ST00159" HPOS="2069" VPOS="2180" WIDTH="65" HEIGHT="58" CONTENT="of" WC="1.00" CC="00"/>
						<SP ID="P14_SP00144" HPOS="2134" VPOS="2255" WIDTH="21"/>
						<String ID="P14_ST00160" HPOS="2155" VPOS="2200" WIDTH="159" HEIGHT="52" CONTENT="your" WC="0.97" CC="0074"/>
						<SP ID="P14_SP00145" HPOS="2314" VPOS="2255" WIDTH="37"/>
						<String ID="P14_ST00161" HPOS="2351" VPOS="2181" WIDTH="237" HEIGHT="59" CONTENT="eternal" WC="0.99" CC="0005506"/>
						<SP ID="P14_SP00146" HPOS="2588" VPOS="2255" WIDTH="38"/>
						<String ID="P14_ST00162" HPOS="2626" VPOS="2181" WIDTH="218" HEIGHT="75" CONTENT="might." WC="1.00" CC="000003"/>
						<SP ID="P14_SP00147" HPOS="2844" VPOS="2256" WIDTH="87"/>
						<String ID="P14_ST00163" HPOS="2931" VPOS="2179" WIDTH="177" HEIGHT="75" CONTENT="They" WC="0.98" CC="7020"/>
						<SP ID="P14_SP00148" HPOS="3108" VPOS="2256" WIDTH="35"/>
						<String ID="P14_ST00164" HPOS="3143" VPOS="2181" WIDTH="205" HEIGHT="59" CONTENT="follow" WC="1.00" CC="000000"/>
					</TextLine>
					<TextLine ID="P14_TL00017" HPOS="846" VPOS="2276" WIDTH="2502" HEIGHT="80">
						<String ID="P14_ST00165" HPOS="846" VPOS="2276" WIDTH="153" HEIGHT="59" CONTENT="each" WC="0.98" CC="3040"/>
						<SP ID="P14_SP00149" HPOS="999" VPOS="2335" WIDTH="39"/>
						<String ID="P14_ST00166" HPOS="1038" VPOS="2278" WIDTH="181" HEIGHT="58" CONTENT="other" WC="1.00" CC="00000"/>
						<SP ID="P14_SP00150" HPOS="1219" VPOS="2336" WIDTH="40"/>
						<String ID="P14_ST00167" HPOS="1259" VPOS="2278" WIDTH="64" HEIGHT="57" CONTENT="in" WC="0.69" CC="06"/>
						<SP ID="P14_SP00151" HPOS="1323" VPOS="2336" WIDTH="23"/>
						<String ID="P14_ST00168" HPOS="1346" VPOS="2279" WIDTH="272" HEIGHT="76" CONTENT="parallel," WC="0.99" CC="000007024"/>
						<SP ID="P14_SP00152" HPOS="1618" VPOS="2355" WIDTH="44"/>
						<String ID="P14_ST00169" HPOS="1662" VPOS="2282" WIDTH="332" HEIGHT="74" CONTENT="separated" WC="1.00" CC="800000020"/>
						<SP ID="P14_SP00153" HPOS="1994" VPOS="2356" WIDTH="28"/>
						<String ID="P14_ST00170" HPOS="2022" VPOS="2281" WIDTH="88" HEIGHT="72" CONTENT="by" WC="1.00" CC="00"/>
						<SP ID="P14_SP00154" HPOS="2110" VPOS="2356" WIDTH="43"/>
						<String ID="P14_ST00171" HPOS="2153" VPOS="2281" WIDTH="161" HEIGHT="58" CONTENT="brief" WC="1.00" CC="00020"/>
						<SP ID="P14_SP00155" HPOS="2314" VPOS="2356" WIDTH="38"/>
						<String ID="P14_ST00172" HPOS="2352" VPOS="2281" WIDTH="315" HEIGHT="60" CONTENT="intervals." WC="1.00" CC="0002300004"/>
						<SP ID="P14_SP00156" HPOS="2667" VPOS="2356" WIDTH="88"/>
						<String ID="P14_ST00173" HPOS="2755" VPOS="2283" WIDTH="246" HEIGHT="72" CONTENT="Hardly" WC="0.99" CC="600000"/>
						<SP ID="P14_SP00157" HPOS="3001" VPOS="2356" WIDTH="41"/>
						<String ID="P14_ST00174" HPOS="3042" VPOS="2284" WIDTH="146" HEIGHT="56" CONTENT="does" WC="0.98" CC="0016"/>
						<SP ID="P14_SP00158" HPOS="3188" VPOS="2356" WIDTH="42"/>
						<String ID="P14_ST00175" HPOS="3230" VPOS="2302" WIDTH="118" HEIGHT="38" CONTENT="one" WC="1.00" CC="000"/>
					</TextLine>
					<TextLine ID="P14_TL00018" HPOS="845" VPOS="2378" WIDTH="2501" HEIGHT="80">
						<String ID="P14_ST00176" HPOS="845" VPOS="2397" WIDTH="167" HEIGHT="56" CONTENT="grow" WC="0.97" CC="5600"/>
						<SP ID="P14_SP00159" HPOS="1012" VPOS="2453" WIDTH="26"/>
						<String ID="P14_ST00177" HPOS="1038" VPOS="2378" WIDTH="246" HEIGHT="60" CONTENT="smaller" WC="1.00" CC="0003300"/>
						<SP ID="P14_SP00160" HPOS="1284" VPOS="2453" WIDTH="24"/>
						<String ID="P14_ST00178" HPOS="1308" VPOS="2381" WIDTH="180" HEIGHT="57" CONTENT="when" WC="0.98" CC="0055"/>
						<SP ID="P14_SP00161" HPOS="1488" VPOS="2453" WIDTH="29"/>
						<String ID="P14_ST00179" HPOS="1517" VPOS="2382" WIDTH="262" HEIGHT="58" CONTENT="another" WC="1.00" CC="0500010"/>
						<SP ID="P14_SP00162" HPOS="1779" VPOS="2453" WIDTH="26"/>
						<String ID="P14_ST00180" HPOS="1805" VPOS="2402" WIDTH="144" HEIGHT="55" CONTENT="goes" WC="1.00" CC="0020"/>
						<SP ID="P14_SP00163" HPOS="1949" VPOS="2457" WIDTH="26"/>
						<String ID="P14_ST00181" HPOS="1975" VPOS="2389" WIDTH="66" HEIGHT="51" CONTENT="to" WC="0.83" CC="03"/>
						<SP ID="P14_SP00164" HPOS="2041" VPOS="2457" WIDTH="30"/>
						<String ID="P14_ST00182" HPOS="2071" VPOS="2389" WIDTH="166" HEIGHT="52" CONTENT="meet" WC="0.99" CC="0300"/>
						<SP ID="P14_SP00165" HPOS="2237" VPOS="2457" WIDTH="40"/>
						<String ID="P14_ST00183" HPOS="2277" VPOS="2382" WIDTH="52" HEIGHT="60" CONTENT="it" WC="1.00" CC="00"/>
						<SP ID="P14_SP00166" HPOS="2329" VPOS="2457" WIDTH="40"/>
						<String ID="P14_ST00184" HPOS="2369" VPOS="2383" WIDTH="275" HEIGHT="75" CONTENT="growing" WC="1.00" CC="0000010"/>
						<SP ID="P14_SP00167" HPOS="2644" VPOS="2458" WIDTH="40"/>
						<String ID="P14_ST00185" HPOS="2684" VPOS="2383" WIDTH="212" HEIGHT="75" CONTENT="larger," WC="0.99" CC="2050004"/>
						<SP ID="P14_SP00168" HPOS="2896" VPOS="2458" WIDTH="47"/>
						<String ID="P14_ST00186" HPOS="2943" VPOS="2383" WIDTH="125" HEIGHT="58" CONTENT="and" WC="1.00" CC="000"/>
						<SP ID="P14_SP00169" HPOS="3068" VPOS="2458" WIDTH="40"/>
						<String ID="P14_ST00187" HPOS="3108" VPOS="2403" WIDTH="199" HEIGHT="38" CONTENT="accom" SUBS_TYPE="HypPart1" SUBS_CONTENT="accompanied" WC="0.99" CC="05500"/>
						<HYP HPOS="3307" VPOS="2403" WIDTH="39" CONTENT="-"/>
					</TextLine>
					<TextLine ID="P14_TL00019" HPOS="846" VPOS="2477" WIDTH="2500" HEIGHT="82">
						<String ID="P14_ST00188" HPOS="846" VPOS="2477" WIDTH="229" HEIGHT="77" CONTENT="panied" SUBS_TYPE="HypPart2" SUBS_CONTENT="accompanied" WC="0.99" CC="006400"/>
						<SP ID="P14_SP00170" HPOS="1075" VPOS="2554" WIDTH="40"/>
						<String ID="P14_ST00189" HPOS="1115" VPOS="2479" WIDTH="89" HEIGHT="74" CONTENT="by" WC="1.00" CC="00"/>
						<SP ID="P14_SP00171" HPOS="1204" VPOS="2554" WIDTH="41"/>
						<String ID="P14_ST00190" HPOS="1245" VPOS="2481" WIDTH="111" HEIGHT="58" CONTENT="the" WC="1.00" CC="000"/>
						<SP ID="P14_SP00172" HPOS="1356" VPOS="2554" WIDTH="45"/>
						<String ID="P14_ST00191" HPOS="1401" VPOS="2481" WIDTH="391" HEIGHT="73" CONTENT="melancholy" WC="1.00" CC="0000005030"/>
						<SP ID="P14_SP00173" HPOS="1792" VPOS="2554" WIDTH="41"/>
						<String ID="P14_ST00192" HPOS="1833" VPOS="2482" WIDTH="171" HEIGHT="59" CONTENT="noise" WC="0.98" CC="78000"/>
						<SP ID="P14_SP00174" HPOS="2004" VPOS="2554" WIDTH="44"/>
						<String ID="P14_ST00193" HPOS="2048" VPOS="2483" WIDTH="65" HEIGHT="58" CONTENT="of" WC="0.90" CC="01"/>
						<SP ID="P14_SP00175" HPOS="2113" VPOS="2554" WIDTH="24"/>
						<String ID="P14_ST00194" HPOS="2137" VPOS="2502" WIDTH="222" HEIGHT="57" CONTENT="spume" WC="0.97" CC="00884"/>
						<SP ID="P14_SP00176" HPOS="2359" VPOS="2559" WIDTH="24"/>
						<String ID="P14_ST00195" HPOS="2383" VPOS="2483" WIDTH="204" HEIGHT="59" CONTENT="which" WC="0.99" CC="00540"/>
						<SP ID="P14_SP00177" HPOS="2587" VPOS="2559" WIDTH="43"/>
						<String ID="P14_ST00196" HPOS="2630" VPOS="2483" WIDTH="184" HEIGHT="59" CONTENT="melts" WC="0.99" CC="00600"/>
						<SP ID="P14_SP00178" HPOS="2814" VPOS="2559" WIDTH="43"/>
						<String ID="P14_ST00197" HPOS="2857" VPOS="2504" WIDTH="179" HEIGHT="51" CONTENT="away" WC="1.00" CC="0000"/>
						<SP ID="P14_SP00179" HPOS="3036" VPOS="2559" WIDTH="42"/>
						<String ID="P14_ST00198" HPOS="3078" VPOS="2490" WIDTH="67" HEIGHT="51" CONTENT="to" WC="1.00" CC="00"/>
						<SP ID="P14_SP00180" HPOS="3145" VPOS="2559" WIDTH="30"/>
						<String ID="P14_ST00199" HPOS="3175" VPOS="2503" WIDTH="171" HEIGHT="39" CONTENT="warn" WC="0.99" CC="0006"/>
					</TextLine>
					<TextLine ID="P14_TL00020" HPOS="845" VPOS="2579" WIDTH="2502" HEIGHT="80">
						<String ID="P14_ST00200" HPOS="845" VPOS="2599" WIDTH="74" HEIGHT="38" CONTENT="us" WC="0.60" CC="70"/>
						<SP ID="P14_SP00181" HPOS="919" VPOS="2637" WIDTH="58"/>
						<String ID="P14_ST00201" HPOS="977" VPOS="2579" WIDTH="142" HEIGHT="59" CONTENT="that" WC="1.00" CC="0000"/>
						<SP ID="P14_SP00182" HPOS="1119" VPOS="2638" WIDTH="66"/>
						<String ID="P14_ST00202" HPOS="1185" VPOS="2580" WIDTH="79" HEIGHT="58" CONTENT="all" WC="0.99" CC="020"/>
						<SP ID="P14_SP00183" HPOS="1264" VPOS="2638" WIDTH="57"/>
						<String ID="P14_ST00203" HPOS="1321" VPOS="2580" WIDTH="51" HEIGHT="59" CONTENT="is" WC="0.75" CC="40"/>
						<SP ID="P14_SP00184" HPOS="1372" VPOS="2639" WIDTH="58"/>
						<String ID="P14_ST00204" HPOS="1430" VPOS="2601" WIDTH="237" HEIGHT="57" CONTENT="spume." WC="0.99" CC="007013"/>
						<SP ID="P14_SP00185" HPOS="1667" VPOS="2658" WIDTH="96"/>
						<String ID="P14_ST00205" HPOS="1763" VPOS="2582" WIDTH="206" HEIGHT="77" CONTENT="(Thus," WC="0.98" CC="170604"/>
						<SP ID="P14_SP00186" HPOS="1969" VPOS="2659" WIDTH="64"/>
						<String ID="P14_ST00206" HPOS="2033" VPOS="2584" WIDTH="236" HEIGHT="58" CONTENT="human" WC="0.97" CC="06085"/>
						<SP ID="P14_SP00187" HPOS="2269" VPOS="2659" WIDTH="64"/>
						<String ID="P14_ST00207" HPOS="2333" VPOS="2584" WIDTH="256" HEIGHT="75" CONTENT="beings;" WC="0.98" CC="0046078"/>
						<SP ID="P14_SP00188" HPOS="2589" VPOS="2659" WIDTH="60"/>
						<String ID="P14_ST00208" HPOS="2649" VPOS="2583" WIDTH="193" HEIGHT="76" CONTENT="living" WC="1.00" CC="000000"/>
						<SP ID="P14_SP00189" HPOS="2842" VPOS="2659" WIDTH="35"/>
						<String ID="P14_ST00209" HPOS="2877" VPOS="2603" WIDTH="224" HEIGHT="50" CONTENT="waves," WC="1.00" CC="000004"/>
						<SP ID="P14_SP00190" HPOS="3101" VPOS="2659" WIDTH="56"/>
						<String ID="P14_ST00210" HPOS="3157" VPOS="2582" WIDTH="190" HEIGHT="76" CONTENT="dying" WC="0.98" CC="00570"/>
					</TextLine>
					<TextLine ID="P14_TL00021" HPOS="845" VPOS="2680" WIDTH="2502" HEIGHT="80">
						<String ID="P14_ST00211" HPOS="845" VPOS="2700" WIDTH="117" HEIGHT="38" CONTENT="one" WC="0.95" CC="373"/>
						<SP ID="P14_SP00191" HPOS="962" VPOS="2738" WIDTH="56"/>
						<String ID="P14_ST00212" HPOS="1018" VPOS="2680" WIDTH="160" HEIGHT="59" CONTENT="after" WC="1.00" CC="00000"/>
						<SP ID="P14_SP00192" HPOS="1178" VPOS="2739" WIDTH="53"/>
						<String ID="P14_ST00213" HPOS="1231" VPOS="2681" WIDTH="110" HEIGHT="59" CONTENT="the" WC="1.00" CC="000"/>
						<SP ID="P14_SP00193" HPOS="1341" VPOS="2740" WIDTH="54"/>
						<String ID="P14_ST00214" HPOS="1395" VPOS="2683" WIDTH="195" HEIGHT="69" CONTENT="other," WC="1.00" CC="000004"/>
						<SP ID="P14_SP00194" HPOS="1590" VPOS="2752" WIDTH="61"/>
						<String ID="P14_ST00215" HPOS="1651" VPOS="2684" WIDTH="523" HEIGHT="72" CONTENT="monotonously;" WC="1.00" CC="0060000080009"/>
						<SP ID="P14_SP00195" HPOS="2174" VPOS="2756" WIDTH="57"/>
						<String ID="P14_ST00216" HPOS="2231" VPOS="2685" WIDTH="117" HEIGHT="58" CONTENT="but" WC="0.98" CC="060"/>
						<SP ID="P14_SP00196" HPOS="2348" VPOS="2756" WIDTH="57"/>
						<String ID="P14_ST00217" HPOS="2405" VPOS="2685" WIDTH="268" HEIGHT="59" CONTENT="without" WC="0.99" CC="7000070"/>
						<SP ID="P14_SP00197" HPOS="2673" VPOS="2756" WIDTH="68"/>
						<String ID="P14_ST00218" HPOS="2741" VPOS="2684" WIDTH="246" HEIGHT="75" CONTENT="leaving" WC="1.00" CC="0000040"/>
						<SP ID="P14_SP00198" HPOS="2987" VPOS="2759" WIDTH="55"/>
						<String ID="P14_ST00219" HPOS="3042" VPOS="2705" WIDTH="35" HEIGHT="37" CONTENT="a" WC="1.00" CC="0"/>
						<SP ID="P14_SP00199" HPOS="3077" VPOS="2759" WIDTH="43"/>
						<String ID="P14_ST00220" HPOS="3120" VPOS="2703" WIDTH="227" HEIGHT="57" CONTENT="spumy" WC="1.00" CC="00000"/>
					</TextLine>
					<TextLine ID="P14_TL00022" HPOS="845" VPOS="2781" WIDTH="213" HEIGHT="76">
						<String ID="P14_ST00221" HPOS="845" VPOS="2781" WIDTH="213" HEIGHT="76" CONTENT="noise)." WC="0.99" CC="7000004"/>
					</TextLine>
					<TextLine ID="P14_TL00023" HPOS="1006" VPOS="2880" WIDTH="2341" HEIGHT="82">
						<String ID="P14_ST00222" HPOS="1006" VPOS="2880" WIDTH="131" HEIGHT="61" CONTENT="The" WC="0.98" CC="005"/>
						<SP ID="P14_SP00200" HPOS="1137" VPOS="2941" WIDTH="41"/>
						<String ID="P14_ST00223" HPOS="1178" VPOS="2884" WIDTH="139" HEIGHT="58" CONTENT="bird" WC="0.99" CC="0030"/>
						<SP ID="P14_SP00201" HPOS="1317" VPOS="2942" WIDTH="42"/>
						<String ID="P14_ST00224" HPOS="1359" VPOS="2885" WIDTH="66" HEIGHT="57" CONTENT="of" WC="1.00" CC="00"/>
						<SP ID="P14_SP00202" HPOS="1425" VPOS="2942" WIDTH="38"/>
						<String ID="P14_ST00225" HPOS="1463" VPOS="2904" WIDTH="260" HEIGHT="58" CONTENT="passage" WC="1.00" CC="0000005"/>
						<SP ID="P14_SP00203" HPOS="1723" VPOS="2962" WIDTH="42"/>
						<String ID="P14_ST00226" HPOS="1765" VPOS="2894" WIDTH="156" HEIGHT="52" CONTENT="rests" WC="0.98" CC="41600"/>
						<SP ID="P14_SP00204" HPOS="1921" VPOS="2962" WIDTH="41"/>
						<String ID="P14_ST00227" HPOS="1962" VPOS="2907" WIDTH="170" HEIGHT="55" CONTENT="upon" WC="0.99" CC="6000"/>
						<SP ID="P14_SP00205" HPOS="2132" VPOS="2962" WIDTH="42"/>
						<String ID="P14_ST00228" HPOS="2174" VPOS="2886" WIDTH="177" HEIGHT="59" CONTENT="them" WC="1.00" CC="0000"/>
						<SP ID="P14_SP00206" HPOS="2351" VPOS="2962" WIDTH="43"/>
						<String ID="P14_ST00229" HPOS="2394" VPOS="2886" WIDTH="400" HEIGHT="73" CONTENT="confidently," WC="0.99" CC="626000350704"/>
						<SP ID="P14_SP00207" HPOS="2794" VPOS="2962" WIDTH="64"/>
						<String ID="P14_ST00230" HPOS="2858" VPOS="2887" WIDTH="124" HEIGHT="58" CONTENT="and" WC="0.98" CC="050"/>
						<SP ID="P14_SP00208" HPOS="2982" VPOS="2962" WIDTH="43"/>
						<String ID="P14_ST00231" HPOS="3025" VPOS="2886" WIDTH="322" HEIGHT="60" CONTENT="abandons" WC="0.99" CC="00030059"/>
					</TextLine>
					<TextLine ID="P14_TL00024" HPOS="845" VPOS="2984" WIDTH="2503" HEIGHT="79">
						<String ID="P14_ST00232" HPOS="845" VPOS="2984" WIDTH="167" HEIGHT="58" CONTENT="itself" WC="0.99" CC="035000"/>
						<SP ID="P14_SP00209" HPOS="1012" VPOS="3042" WIDTH="42"/>
						<String ID="P14_ST00233" HPOS="1054" VPOS="2992" WIDTH="67" HEIGHT="51" CONTENT="to" WC="1.00" CC="00"/>
						<SP ID="P14_SP00210" HPOS="1121" VPOS="3043" WIDTH="45"/>
						<String ID="P14_ST00234" HPOS="1166" VPOS="2985" WIDTH="162" HEIGHT="59" CONTENT="their" WC="1.00" CC="00000"/>
						<SP ID="P14_SP00211" HPOS="1328" VPOS="3044" WIDTH="45"/>
						<String ID="P14_ST00235" HPOS="1373" VPOS="2996" WIDTH="377" HEIGHT="61" CONTENT="movement," WC="0.99" CC="060300604"/>
						<SP ID="P14_SP00212" HPOS="1750" VPOS="3057" WIDTH="51"/>
						<String ID="P14_ST00236" HPOS="1801" VPOS="2986" WIDTH="112" HEIGHT="60" CONTENT="full" WC="0.98" CC="6001"/>
						<SP ID="P14_SP00213" HPOS="1913" VPOS="3057" WIDTH="43"/>
						<String ID="P14_ST00237" HPOS="1956" VPOS="2986" WIDTH="66" HEIGHT="59" CONTENT="of" WC="1.00" CC="00"/>
						<SP ID="P14_SP00214" HPOS="2022" VPOS="3057" WIDTH="42"/>
						<String ID="P14_ST00238" HPOS="2064" VPOS="2988" WIDTH="203" HEIGHT="75" CONTENT="proud" WC="0.99" CC="04060"/>
						<SP ID="P14_SP00215" HPOS="2267" VPOS="3063" WIDTH="43"/>
						<String ID="P14_ST00239" HPOS="2310" VPOS="3007" WIDTH="196" HEIGHT="55" CONTENT="grace," WC="0.99" CC="010633"/>
						<SP ID="P14_SP00216" HPOS="2506" VPOS="3063" WIDTH="49"/>
						<String ID="P14_ST00240" HPOS="2555" VPOS="2985" WIDTH="162" HEIGHT="60" CONTENT="until" WC="0.98" CC="87020"/>
						<SP ID="P14_SP00217" HPOS="2717" VPOS="3063" WIDTH="43"/>
						<String ID="P14_ST00241" HPOS="2760" VPOS="2987" WIDTH="109" HEIGHT="58" CONTENT="the" WC="1.00" CC="000"/>
						<SP ID="P14_SP00218" HPOS="2869" VPOS="3063" WIDTH="44"/>
						<String ID="P14_ST00242" HPOS="2913" VPOS="2987" WIDTH="196" HEIGHT="58" CONTENT="bones" WC="0.98" CC="04720"/>
						<SP ID="P14_SP00219" HPOS="3109" VPOS="3063" WIDTH="46"/>
						<String ID="P14_ST00243" HPOS="3155" VPOS="2985" WIDTH="65" HEIGHT="59" CONTENT="of" WC="0.66" CC="06"/>
						<SP ID="P14_SP00220" HPOS="3220" VPOS="3063" WIDTH="44"/>
						<String ID="P14_ST00244" HPOS="3264" VPOS="2985" WIDTH="84" HEIGHT="59" CONTENT="its" WC="0.97" CC="006"/>
					</TextLine>
					<TextLine ID="P14_TL00025" HPOS="844" VPOS="3084" WIDTH="2503" HEIGHT="78">
						<String ID="P14_ST00245" HPOS="844" VPOS="3084" WIDTH="196" HEIGHT="76" CONTENT="wings" WC="1.00" CC="00000"/>
						<SP ID="P14_SP00221" HPOS="1040" VPOS="3160" WIDTH="57"/>
						<String ID="P14_ST00246" HPOS="1097" VPOS="3085" WIDTH="164" HEIGHT="59" CONTENT="have" WC="0.99" CC="0300"/>
						<SP ID="P14_SP00222" HPOS="1261" VPOS="3160" WIDTH="43"/>
						<String ID="P14_ST00247" HPOS="1304" VPOS="3086" WIDTH="287" HEIGHT="59" CONTENT="received" WC="1.00" CC="00204000"/>
						<SP ID="P14_SP00223" HPOS="1591" VPOS="3160" WIDTH="57"/>
						<String ID="P14_ST00248" HPOS="1648" VPOS="3089" WIDTH="111" HEIGHT="57" CONTENT="the" WC="1.00" CC="000"/>
						<SP ID="P14_SP00224" HPOS="1759" VPOS="3160" WIDTH="60"/>
						<String ID="P14_ST00249" HPOS="1819" VPOS="3089" WIDTH="407" HEIGHT="57" CONTENT="accustomed" WC="0.99" CC="1656000000"/>
						<SP ID="P14_SP00225" HPOS="2226" VPOS="3160" WIDTH="44"/>
						<String ID="P14_ST00250" HPOS="2270" VPOS="3087" WIDTH="225" HEIGHT="75" CONTENT="vigour" WC="0.99" CC="000065"/>
						<SP ID="P14_SP00226" HPOS="2495" VPOS="3162" WIDTH="56"/>
						<String ID="P14_ST00251" HPOS="2551" VPOS="3095" WIDTH="68" HEIGHT="51" CONTENT="to" WC="1.00" CC="00"/>
						<SP ID="P14_SP00227" HPOS="2619" VPOS="3162" WIDTH="60"/>
						<String ID="P14_ST00252" HPOS="2679" VPOS="3087" WIDTH="300" HEIGHT="59" CONTENT="continue" WC="1.00" CC="00500003"/>
						<SP ID="P14_SP00228" HPOS="2979" VPOS="3162" WIDTH="32"/>
						<String ID="P14_ST00253" HPOS="3011" VPOS="3087" WIDTH="112" HEIGHT="58" CONTENT="the" WC="0.98" CC="004"/>
						<SP ID="P14_SP00229" HPOS="3123" VPOS="3162" WIDTH="35"/>
						<String ID="P14_ST00254" HPOS="3158" VPOS="3085" WIDTH="189" HEIGHT="60" CONTENT="aerial" WC="1.00" CC="000004"/>
					</TextLine>
					<TextLine ID="P14_TL00026" HPOS="845" VPOS="3184" WIDTH="386" HEIGHT="77">
						<String ID="P14_ST00255" HPOS="845" VPOS="3184" WIDTH="386" HEIGHT="77" CONTENT="pilgrimage." WC="0.99" CC="04500105052"/>
					</TextLine>
					<TextLine ID="P14_TL00027" HPOS="1006" VPOS="3287" WIDTH="2341" HEIGHT="77">
						<String ID="P14_ST00256" HPOS="1006" VPOS="3290" WIDTH="32" HEIGHT="54" CONTENT="I" WC="0.61" CC="3"/>
						<SP ID="P14_SP00230" HPOS="1038" VPOS="3344" WIDTH="46"/>
						<String ID="P14_ST00257" HPOS="1084" VPOS="3287" WIDTH="154" HEIGHT="58" CONTENT="wish" WC="1.00" CC="0000"/>
						<SP ID="P14_SP00231" HPOS="1238" VPOS="3345" WIDTH="46"/>
						<String ID="P14_ST00258" HPOS="1284" VPOS="3288" WIDTH="237" HEIGHT="59" CONTENT="human" WC="0.98" CC="05006"/>
						<SP ID="P14_SP00232" HPOS="1521" VPOS="3347" WIDTH="47"/>
						<String ID="P14_ST00259" HPOS="1568" VPOS="3289" WIDTH="272" HEIGHT="75" CONTENT="majesty" WC="1.00" CC="0240000"/>
						<SP ID="P14_SP00233" HPOS="1840" VPOS="3364" WIDTH="45"/>
						<String ID="P14_ST00260" HPOS="1885" VPOS="3309" WIDTH="158" HEIGHT="39" CONTENT="were" WC="1.00" CC="0000"/>
						<SP ID="P14_SP00234" HPOS="2043" VPOS="3364" WIDTH="47"/>
						<String ID="P14_ST00261" HPOS="2090" VPOS="3296" WIDTH="113" HEIGHT="51" CONTENT="not" WC="0.97" CC="710"/>
						<SP ID="P14_SP00235" HPOS="2203" VPOS="3364" WIDTH="48"/>
						<String ID="P14_ST00262" HPOS="2251" VPOS="3289" WIDTH="232" HEIGHT="72" CONTENT="merely" WC="0.99" CC="000240"/>
						<SP ID="P14_SP00236" HPOS="2483" VPOS="3364" WIDTH="46"/>
						<String ID="P14_ST00263" HPOS="2529" VPOS="3289" WIDTH="110" HEIGHT="59" CONTENT="the" WC="1.00" CC="000"/>
						<SP ID="P14_SP00237" HPOS="2639" VPOS="3364" WIDTH="45"/>
						<String ID="P14_ST00264" HPOS="2684" VPOS="3288" WIDTH="396" HEIGHT="58" CONTENT="incarnation" WC="0.99" CC="08500700000"/>
						<SP ID="P14_SP00238" HPOS="3080" VPOS="3364" WIDTH="47"/>
						<String ID="P14_ST00265" HPOS="3127" VPOS="3289" WIDTH="65" HEIGHT="56" CONTENT="of" WC="1.00" CC="00"/>
						<SP ID="P14_SP00239" HPOS="3192" VPOS="3364" WIDTH="45"/>
						<String ID="P14_ST00266" HPOS="3237" VPOS="3289" WIDTH="110" HEIGHT="57" CONTENT="the" WC="0.98" CC="023"/>
					</TextLine>
					<TextLine ID="P14_TL00028" HPOS="846" VPOS="3387" WIDTH="2500" HEIGHT="77">
						<String ID="P14_ST00267" HPOS="846" VPOS="3388" WIDTH="314" HEIGHT="58" CONTENT="reflection" WC="0.99" CC="0044300005"/>
						<SP ID="P14_SP00240" HPOS="1160" VPOS="3446" WIDTH="38"/>
						<String ID="P14_ST00268" HPOS="1198" VPOS="3388" WIDTH="65" HEIGHT="58" CONTENT="of" WC="1.00" CC="00"/>
						<SP ID="P14_SP00241" HPOS="1263" VPOS="3446" WIDTH="32"/>
						<String ID="P14_ST00269" HPOS="1295" VPOS="3409" WIDTH="160" HEIGHT="52" CONTENT="your" WC="0.99" CC="0302"/>
						<SP ID="P14_SP00242" HPOS="1455" VPOS="3461" WIDTH="35"/>
						<String ID="P14_ST00270" HPOS="1490" VPOS="3410" WIDTH="155" HEIGHT="39" CONTENT="own." WC="0.99" CC="0003"/>
						<SP ID="P14_SP00243" HPOS="1645" VPOS="3461" WIDTH="89"/>
						<String ID="P14_ST00271" HPOS="1734" VPOS="3394" WIDTH="31" HEIGHT="53" CONTENT="I" WC="1.00" CC="0"/>
						<SP ID="P14_SP00244" HPOS="1765" VPOS="3461" WIDTH="38"/>
						<String ID="P14_ST00272" HPOS="1803" VPOS="3389" WIDTH="113" HEIGHT="59" CONTENT="ask" WC="0.98" CC="031"/>
						<SP ID="P14_SP00245" HPOS="1916" VPOS="3461" WIDTH="36"/>
						<String ID="P14_ST00273" HPOS="1952" VPOS="3410" WIDTH="36" HEIGHT="38" CONTENT="a" WC="1.00" CC="0"/>
						<SP ID="P14_SP00246" HPOS="1988" VPOS="3461" WIDTH="35"/>
						<String ID="P14_ST00274" HPOS="2023" VPOS="3391" WIDTH="163" HEIGHT="73" CONTENT="good" WC="1.00" CC="0000"/>
						<SP ID="P14_SP00247" HPOS="2186" VPOS="3464" WIDTH="36"/>
						<String ID="P14_ST00275" HPOS="2222" VPOS="3390" WIDTH="136" HEIGHT="59" CONTENT="deal" WC="0.99" CC="0102"/>
						<SP ID="P14_SP00248" HPOS="2358" VPOS="3464" WIDTH="40"/>
						<String ID="P14_ST00276" HPOS="2398" VPOS="3390" WIDTH="125" HEIGHT="58" CONTENT="and" WC="0.98" CC="060"/>
						<SP ID="P14_SP00249" HPOS="2523" VPOS="3464" WIDTH="36"/>
						<String ID="P14_ST00277" HPOS="2559" VPOS="3389" WIDTH="128" HEIGHT="59" CONTENT="this" WC="1.00" CC="0000"/>
						<SP ID="P14_SP00250" HPOS="2687" VPOS="3464" WIDTH="33"/>
						<String ID="P14_ST00278" HPOS="2720" VPOS="3388" WIDTH="235" HEIGHT="59" CONTENT="sincere" WC="0.99" CC="5370000"/>
						<SP ID="P14_SP00251" HPOS="2955" VPOS="3464" WIDTH="34"/>
						<String ID="P14_ST00279" HPOS="2989" VPOS="3387" WIDTH="155" HEIGHT="59" CONTENT="wish" WC="1.00" CC="0100"/>
						<SP ID="P14_SP00252" HPOS="3144" VPOS="3464" WIDTH="36"/>
						<String ID="P14_ST00280" HPOS="3180" VPOS="3388" WIDTH="50" HEIGHT="58" CONTENT="is" WC="1.00" CC="00"/>
						<SP ID="P14_SP00253" HPOS="3230" VPOS="3464" WIDTH="50"/>
						<String ID="P14_ST00281" HPOS="3280" VPOS="3395" WIDTH="66" HEIGHT="51" CONTENT="to" WC="0.71" CC="05"/>
					</TextLine>
					<TextLine ID="P14_TL00029" HPOS="844" VPOS="3488" WIDTH="2503" HEIGHT="77">
						<String ID="P14_ST00282" HPOS="844" VPOS="3508" WIDTH="159" HEIGHT="54" CONTENT="your" WC="0.98" CC="0370"/>
						<SP ID="P14_SP00254" HPOS="1003" VPOS="3562" WIDTH="41"/>
						<String ID="P14_ST00283" HPOS="1044" VPOS="3488" WIDTH="192" HEIGHT="75" CONTENT="glory." WC="0.99" CC="050404"/>
						<SP ID="P14_SP00255" HPOS="1236" VPOS="3563" WIDTH="89"/>
						<String ID="P14_ST00284" HPOS="1325" VPOS="3493" WIDTH="173" HEIGHT="55" CONTENT="Your" WC="1.00" CC="2000"/>
						<SP ID="P14_SP00256" HPOS="1498" VPOS="3563" WIDTH="45"/>
						<String ID="P14_ST00285" HPOS="1543" VPOS="3491" WIDTH="195" HEIGHT="58" CONTENT="moral" WC="0.99" CC="00203"/>
						<SP ID="P14_SP00257" HPOS="1738" VPOS="3563" WIDTH="43"/>
						<String ID="P14_ST00286" HPOS="1781" VPOS="3491" WIDTH="325" HEIGHT="74" CONTENT="grandeur," WC="0.99" CC="020601004"/>
						<SP ID="P14_SP00258" HPOS="2106" VPOS="3565" WIDTH="48"/>
						<String ID="P14_ST00287" HPOS="2154" VPOS="3490" WIDTH="201" HEIGHT="75" CONTENT="image" WC="0.99" CC="00301"/>
						<SP ID="P14_SP00259" HPOS="2355" VPOS="3565" WIDTH="44"/>
						<String ID="P14_ST00288" HPOS="2399" VPOS="3490" WIDTH="64" HEIGHT="58" CONTENT="of" WC="0.94" CC="01"/>
						<SP ID="P14_SP00260" HPOS="2463" VPOS="3565" WIDTH="42"/>
						<String ID="P14_ST00289" HPOS="2505" VPOS="3491" WIDTH="110" HEIGHT="57" CONTENT="the" WC="1.00" CC="000"/>
						<SP ID="P14_SP00261" HPOS="2615" VPOS="3565" WIDTH="43"/>
						<String ID="P14_ST00290" HPOS="2658" VPOS="3488" WIDTH="259" HEIGHT="71" CONTENT="infinite," WC="0.99" CC="060050004"/>
						<SP ID="P14_SP00262" HPOS="2917" VPOS="3565" WIDTH="48"/>
						<String ID="P14_ST00291" HPOS="2965" VPOS="3488" WIDTH="54" HEIGHT="59" CONTENT="is" WC="0.89" CC="20"/>
						<SP ID="P14_SP00263" HPOS="3019" VPOS="3565" WIDTH="41"/>
						<String ID="P14_ST00292" HPOS="3060" VPOS="3489" WIDTH="122" HEIGHT="58" CONTENT="like" WC="1.00" CC="1000"/>
						<SP ID="P14_SP00264" HPOS="3182" VPOS="3565" WIDTH="58"/>
						<String ID="P14_ST00293" HPOS="3240" VPOS="3490" WIDTH="107" HEIGHT="58" CONTENT="the" WC="0.98" CC="006"/>
					</TextLine>
					<TextLine ID="P14_TL00030" HPOS="845" VPOS="3588" WIDTH="2503" HEIGHT="77">
						<String ID="P14_ST00294" HPOS="845" VPOS="3588" WIDTH="449" HEIGHT="77" CONTENT="philosopher's" WC="1.00" CC="0006000004040"/>
						<SP ID="P14_SP00265" HPOS="1294" VPOS="3665" WIDTH="32"/>
						<String ID="P14_ST00295" HPOS="1326" VPOS="3590" WIDTH="364" HEIGHT="71" CONTENT="reflections," WC="1.00" CC="000002007704"/>
						<SP ID="P14_SP00266" HPOS="1690" VPOS="3665" WIDTH="35"/>
						<String ID="P14_ST00296" HPOS="1725" VPOS="3592" WIDTH="301" HEIGHT="57" CONTENT="woman's" WC="0.99" CC="0000548"/>
						<SP ID="P14_SP00267" HPOS="2026" VPOS="3665" WIDTH="30"/>
						<String ID="P14_ST00297" HPOS="2056" VPOS="3592" WIDTH="156" HEIGHT="68" CONTENT="love," WC="0.99" CC="00024"/>
						<SP ID="P14_SP00268" HPOS="2212" VPOS="3665" WIDTH="46"/>
						<String ID="P14_ST00298" HPOS="2258" VPOS="3591" WIDTH="189" HEIGHT="58" CONTENT="birds'" WC="0.99" CC="030004"/>
						<SP ID="P14_SP00269" HPOS="2447" VPOS="3665" WIDTH="38"/>
						<String ID="P14_ST00299" HPOS="2485" VPOS="3590" WIDTH="209" HEIGHT="58" CONTENT="divine" WC="1.00" CC="000000"/>
						<SP ID="P14_SP00270" HPOS="2694" VPOS="3665" WIDTH="32"/>
						<String ID="P14_ST00300" HPOS="2726" VPOS="3589" WIDTH="254" HEIGHT="72" CONTENT="beauty," WC="0.99" CC="0008002"/>
						<SP ID="P14_SP00271" HPOS="2980" VPOS="3665" WIDTH="50"/>
						<String ID="P14_ST00301" HPOS="3030" VPOS="3589" WIDTH="108" HEIGHT="59" CONTENT="the" WC="1.00" CC="000"/>
						<SP ID="P14_SP00272" HPOS="3138" VPOS="3665" WIDTH="30"/>
						<String ID="P14_ST00302" HPOS="3168" VPOS="3596" WIDTH="180" HEIGHT="68" CONTENT="poets" WC="0.98" CC="04007"/>
					</TextLine>
					<TextLine ID="P14_TL00031" HPOS="848" VPOS="3689" WIDTH="2500" HEIGHT="75">
						<String ID="P14_ST00303" HPOS="848" VPOS="3690" WIDTH="416" HEIGHT="59" CONTENT="meditations." WC="1.00" CC="020000000704"/>
						<SP ID="P14_SP00273" HPOS="1264" VPOS="3749" WIDTH="89"/>
						<String ID="P14_ST00304" HPOS="1353" VPOS="3694" WIDTH="146" HEIGHT="56" CONTENT="You" WC="1.00" CC="000"/>
						<SP ID="P14_SP00274" HPOS="1499" VPOS="3750" WIDTH="60"/>
						<String ID="P14_ST00305" HPOS="1559" VPOS="3712" WIDTH="103" HEIGHT="39" CONTENT="are" WC="1.00" CC="010"/>
						<SP ID="P14_SP00275" HPOS="1662" VPOS="3751" WIDTH="61"/>
						<String ID="P14_ST00306" HPOS="1723" VPOS="3711" WIDTH="169" HEIGHT="40" CONTENT="more" WC="1.00" CC="0000"/>
						<SP ID="P14_SP00276" HPOS="1892" VPOS="3751" WIDTH="58"/>
						<String ID="P14_ST00307" HPOS="1950" VPOS="3691" WIDTH="308" HEIGHT="59" CONTENT="beautiful" WC="0.99" CC="030601060"/>
						<SP ID="P14_SP00277" HPOS="2258" VPOS="3751" WIDTH="59"/>
						<String ID="P14_ST00308" HPOS="2317" VPOS="3692" WIDTH="157" HEIGHT="57" CONTENT="than" WC="0.99" CC="0005"/>
						<SP ID="P14_SP00278" HPOS="2474" VPOS="3751" WIDTH="60"/>
						<String ID="P14_ST00309" HPOS="2534" VPOS="3692" WIDTH="110" HEIGHT="57" CONTENT="the" WC="1.00" CC="000"/>
						<SP ID="P14_SP00279" HPOS="2644" VPOS="3751" WIDTH="56"/>
						<String ID="P14_ST00310" HPOS="2700" VPOS="3690" WIDTH="194" HEIGHT="74" CONTENT="night." WC="0.99" CC="600004"/>
						<SP ID="P14_SP00280" HPOS="2894" VPOS="3764" WIDTH="57"/>
						<String ID="P14_ST00311" HPOS="2951" VPOS="3689" WIDTH="253" HEIGHT="58" CONTENT="Answer" WC="1.00" CC="020030"/>
						<SP ID="P14_SP00281" HPOS="3204" VPOS="3764" WIDTH="47"/>
						<String ID="P14_ST00312" HPOS="3251" VPOS="3709" WIDTH="97" HEIGHT="38" CONTENT="me" WC="1.00" CC="00"/>
					</TextLine>
					<TextLine ID="P14_TL00032" HPOS="846" VPOS="3790" WIDTH="2502" HEIGHT="76">
						<String ID="P14_ST00313" HPOS="846" VPOS="3810" WIDTH="209" HEIGHT="49" CONTENT="ocean," WC="0.99" CC="010004"/>
						<SP ID="P14_SP00282" HPOS="1055" VPOS="3859" WIDTH="45"/>
						<String ID="P14_ST00314" HPOS="1100" VPOS="3790" WIDTH="122" HEIGHT="57" CONTENT="will" WC="0.99" CC="0201"/>
						<SP ID="P14_SP00283" HPOS="1222" VPOS="3859" WIDTH="34"/>
						<String ID="P14_ST00315" HPOS="1256" VPOS="3812" WIDTH="129" HEIGHT="51" CONTENT="you" WC="0.97" CC="016"/>
						<SP ID="P14_SP00284" HPOS="1385" VPOS="3863" WIDTH="35"/>
						<String ID="P14_ST00316" HPOS="1420" VPOS="3793" WIDTH="78" HEIGHT="59" CONTENT="be" WC="1.00" CC="00"/>
						<SP ID="P14_SP00285" HPOS="1498" VPOS="3863" WIDTH="38"/>
						<String ID="P14_ST00317" HPOS="1536" VPOS="3813" WIDTH="109" HEIGHT="53" CONTENT="my" WC="0.50" CC="09"/>
						<SP ID="P14_SP00286" HPOS="1645" VPOS="3866" WIDTH="58"/>
						<String ID="P14_ST00318" HPOS="1703" VPOS="3793" WIDTH="254" HEIGHT="58" CONTENT="brother" WC="1.00" CC="0000000"/>
						<SP ID="P14_SP00287" HPOS="1957" VPOS="3866" WIDTH="27"/>
						<String ID="P14_ST00319" HPOS="1984" VPOS="3793" WIDTH="22" HEIGHT="57" CONTENT="?" WC="1.00" CC="0"/>
						<SP ID="P14_SP00288" HPOS="2006" VPOS="3866" WIDTH="89"/>
						<String ID="P14_ST00320" HPOS="2095" VPOS="3791" WIDTH="126" HEIGHT="61" CONTENT="Stir" WC="0.99" CC="6000"/>
						<SP ID="P14_SP00289" HPOS="2221" VPOS="3866" WIDTH="55"/>
						<String ID="P14_ST00321" HPOS="2276" VPOS="3791" WIDTH="275" HEIGHT="72" CONTENT="yourself" WC="0.99" CC="04800020"/>
						<SP ID="P14_SP00290" HPOS="2551" VPOS="3866" WIDTH="34"/>
						<String ID="P14_ST00322" HPOS="2585" VPOS="3790" WIDTH="440" HEIGHT="76" CONTENT="impetuously." WC="1.00" CC="000508000404"/>
						<SP ID="P14_SP00291" HPOS="3025" VPOS="3866" WIDTH="34"/>
						<String ID="P14_ST00323" HPOS="3059" VPOS="3838" WIDTH="10" HEIGHT="9" CONTENT="." WC="0.61" CC="3"/>
						<SP ID="P14_SP00292" HPOS="3069" VPOS="3866" WIDTH="34"/>
						<String ID="P14_ST00324" HPOS="3103" VPOS="3838" WIDTH="10" HEIGHT="9" CONTENT="." WC="0.55" CC="4"/>
						<SP ID="P14_SP00293" HPOS="3113" VPOS="3866" WIDTH="67"/>
						<String ID="P14_ST00325" HPOS="3180" VPOS="3809" WIDTH="168" HEIGHT="41" CONTENT="more" WC="0.98" CC="9000"/>
					</TextLine>
					<TextLine ID="P14_TL00033" HPOS="850" VPOS="3890" WIDTH="2499" HEIGHT="78">
						<String ID="P14_ST00326" HPOS="850" VPOS="3939" WIDTH="10" HEIGHT="10" CONTENT="." WC="0.55" CC="4"/>
						<SP ID="P14_SP00294" HPOS="860" VPOS="3949" WIDTH="35"/>
						<String ID="P14_ST00327" HPOS="895" VPOS="3940" WIDTH="9" HEIGHT="8" CONTENT="." WC="0.59" CC="4"/>
						<SP ID="P14_SP00295" HPOS="904" VPOS="3949" WIDTH="35"/>
						<String ID="P14_ST00328" HPOS="939" VPOS="3940" WIDTH="8" HEIGHT="9" CONTENT="." WC="1.00" CC="0"/>
						<SP ID="P14_SP00296" HPOS="947" VPOS="3949" WIDTH="58"/>
						<String ID="P14_ST00329" HPOS="1005" VPOS="3890" WIDTH="126" HEIGHT="58" CONTENT="still" WC="1.00" CC="00004"/>
						<SP ID="P14_SP00297" HPOS="1131" VPOS="3949" WIDTH="41"/>
						<String ID="P14_ST00330" HPOS="1172" VPOS="3911" WIDTH="186" HEIGHT="50" CONTENT="more," WC="0.98" CC="00344"/>
						<SP ID="P14_SP00298" HPOS="1358" VPOS="3961" WIDTH="45"/>
						<String ID="P14_ST00331" HPOS="1403" VPOS="3893" WIDTH="49" HEIGHT="58" CONTENT="if" WC="0.74" CC="50"/>
						<SP ID="P14_SP00299" HPOS="1452" VPOS="3961" WIDTH="39"/>
						<String ID="P14_ST00332" HPOS="1491" VPOS="3914" WIDTH="127" HEIGHT="51" CONTENT="you" WC="0.97" CC="007"/>
						<SP ID="P14_SP00300" HPOS="1618" VPOS="3965" WIDTH="42"/>
						<String ID="P14_ST00333" HPOS="1660" VPOS="3893" WIDTH="195" HEIGHT="59" CONTENT="desire" WC="1.00" CC="000202"/>
						<SP ID="P14_SP00301" HPOS="1855" VPOS="3965" WIDTH="41"/>
						<String ID="P14_ST00334" HPOS="1896" VPOS="3913" WIDTH="99" HEIGHT="38" CONTENT="me" WC="0.81" CC="03"/>
						<SP ID="P14_SP00302" HPOS="1995" VPOS="3965" WIDTH="40"/>
						<String ID="P14_ST00335" HPOS="2035" VPOS="3900" WIDTH="68" HEIGHT="51" CONTENT="to" WC="1.00" CC="00"/>
						<SP ID="P14_SP00303" HPOS="2103" VPOS="3965" WIDTH="41"/>
						<String ID="P14_ST00336" HPOS="2144" VPOS="3913" WIDTH="291" HEIGHT="55" CONTENT="compare" WC="1.00" CC="5000020"/>
						<SP ID="P14_SP00304" HPOS="2435" VPOS="3968" WIDTH="39"/>
						<String ID="P14_ST00337" HPOS="2474" VPOS="3913" WIDTH="127" HEIGHT="50" CONTENT="you" WC="0.97" CC="008"/>
						<SP ID="P14_SP00305" HPOS="2601" VPOS="3968" WIDTH="40"/>
						<String ID="P14_ST00338" HPOS="2641" VPOS="3899" WIDTH="68" HEIGHT="51" CONTENT="to" WC="1.00" CC="00"/>
						<SP ID="P14_SP00306" HPOS="2709" VPOS="3968" WIDTH="41"/>
						<String ID="P14_ST00339" HPOS="2750" VPOS="3892" WIDTH="109" HEIGHT="58" CONTENT="the" WC="0.99" CC="001"/>
						<SP ID="P14_SP00307" HPOS="2859" VPOS="3968" WIDTH="66"/>
						<String ID="P14_ST00340" HPOS="2925" VPOS="3910" WIDTH="310" HEIGHT="55" CONTENT="vengence" WC="0.71" CC="03701640"/>
						<SP ID="P14_SP00308" HPOS="3235" VPOS="3968" WIDTH="50"/>
						<String ID="P14_ST00341" HPOS="3285" VPOS="3891" WIDTH="64" HEIGHT="57" CONTENT="of" WC="1.00" CC="00"/>
					</TextLine>
					<TextLine ID="P14_TL00034" HPOS="847" VPOS="3990" WIDTH="2496" HEIGHT="78">
						<String ID="P14_ST00342" HPOS="847" VPOS="3990" WIDTH="156" HEIGHT="71" CONTENT="God," WC="0.98" CC="7004"/>
						<SP ID="P14_SP00309" HPOS="1003" VPOS="4061" WIDTH="25"/>
						<String ID="P14_ST00343" HPOS="1028" VPOS="3992" WIDTH="237" HEIGHT="58" CONTENT="stretch" WC="1.00" CC="0000050"/>
						<SP ID="P14_SP00310" HPOS="1265" VPOS="4061" WIDTH="20"/>
						<String ID="P14_ST00344" HPOS="1285" VPOS="4013" WIDTH="160" HEIGHT="51" CONTENT="your" WC="0.99" CC="0060"/>
						<SP ID="P14_SP00311" HPOS="1445" VPOS="4064" WIDTH="34"/>
						<String ID="P14_ST00345" HPOS="1479" VPOS="3995" WIDTH="153" HEIGHT="58" CONTENT="livid" WC="0.99" CC="33000"/>
						<SP ID="P14_SP00312" HPOS="1632" VPOS="4064" WIDTH="30"/>
						<String ID="P14_ST00346" HPOS="1662" VPOS="3995" WIDTH="182" HEIGHT="57" CONTENT="claws" WC="0.98" CC="50700"/>
						<SP ID="P14_SP00313" HPOS="1844" VPOS="4064" WIDTH="28"/>
						<String ID="P14_ST00347" HPOS="1872" VPOS="3994" WIDTH="267" HEIGHT="73" CONTENT="clearing" WC="0.99" CC="53202070"/>
						<SP ID="P14_SP00314" HPOS="2139" VPOS="4067" WIDTH="33"/>
						<String ID="P14_ST00348" HPOS="2172" VPOS="4014" WIDTH="36" HEIGHT="37" CONTENT="a" WC="1.00" CC="0"/>
						<SP ID="P14_SP00315" HPOS="2208" VPOS="4067" WIDTH="33"/>
						<String ID="P14_ST00349" HPOS="2241" VPOS="3994" WIDTH="158" HEIGHT="74" CONTENT="path" WC="1.00" CC="0000"/>
						<SP ID="P14_SP00316" HPOS="2399" VPOS="4068" WIDTH="31"/>
						<String ID="P14_ST00350" HPOS="2430" VPOS="4012" WIDTH="205" HEIGHT="39" CONTENT="across" WC="1.00" CC="060000"/>
						<SP ID="P14_SP00317" HPOS="2635" VPOS="4068" WIDTH="21"/>
						<String ID="P14_ST00351" HPOS="2656" VPOS="4011" WIDTH="159" HEIGHT="53" CONTENT="your" WC="0.99" CC="0050"/>
						<SP ID="P14_SP00318" HPOS="2815" VPOS="4068" WIDTH="21"/>
						<String ID="P14_ST00352" HPOS="2836" VPOS="4012" WIDTH="140" HEIGHT="38" CONTENT="own" WC="1.00" CC="000"/>
						<SP ID="P14_SP00319" HPOS="2976" VPOS="4068" WIDTH="21"/>
						<String ID="P14_ST00353" HPOS="2997" VPOS="3992" WIDTH="221" HEIGHT="59" CONTENT="bosom" WC="1.00" CC="03000"/>
						<SP ID="P14_SP00320" HPOS="3218" VPOS="4068" WIDTH="27"/>
						<String ID="P14_ST00354" HPOS="3245" VPOS="4040" WIDTH="10" HEIGHT="9" CONTENT="." WC="0.63" CC="3"/>
						<SP ID="P14_SP00321" HPOS="3255" VPOS="4068" WIDTH="35"/>
						<String ID="P14_ST00355" HPOS="3290" VPOS="4040" WIDTH="9" HEIGHT="10" CONTENT="." WC="0.79" CC="2"/>
						<SP ID="P14_SP00322" HPOS="3299" VPOS="4068" WIDTH="34"/>
						<String ID="P14_ST00356" HPOS="3333" VPOS="4040" WIDTH="10" HEIGHT="11" CONTENT="." WC="0.64" CC="3"/>
					</TextLine>
					<TextLine ID="P14_TL00035" HPOS="846" VPOS="4092" WIDTH="2501" HEIGHT="78">
						<String ID="P14_ST00357" HPOS="846" VPOS="4092" WIDTH="135" HEIGHT="58" CONTENT="well" WC="1.00" CC="0001"/>
						<SP ID="P14_SP00323" HPOS="981" VPOS="4150" WIDTH="44"/>
						<String ID="P14_ST00358" HPOS="1025" VPOS="4093" WIDTH="175" HEIGHT="57" CONTENT="done." WC="1.00" CC="00003"/>
						<SP ID="P14_SP00324" HPOS="1200" VPOS="4150" WIDTH="89"/>
						<String ID="P14_ST00359" HPOS="1289" VPOS="4095" WIDTH="218" HEIGHT="57" CONTENT="Unroll" WC="0.99" CC="070400"/>
						<SP ID="P14_SP00325" HPOS="1507" VPOS="4152" WIDTH="28"/>
						<String ID="P14_ST00360" HPOS="1535" VPOS="4114" WIDTH="158" HEIGHT="56" CONTENT="your" WC="0.99" CC="0050"/>
						<SP ID="P14_SP00326" HPOS="1693" VPOS="4170" WIDTH="27"/>
						<String ID="P14_ST00361" HPOS="1720" VPOS="4095" WIDTH="327" HEIGHT="75" CONTENT="terrifying" WC="1.00" CC="0003000000"/>
						<SP ID="P14_SP00327" HPOS="2047" VPOS="4170" WIDTH="24"/>
						<String ID="P14_ST00362" HPOS="2071" VPOS="4114" WIDTH="224" HEIGHT="51" CONTENT="waves," WC="1.00" CC="000004"/>
						<SP ID="P14_SP00328" HPOS="2295" VPOS="4170" WIDTH="32"/>
						<String ID="P14_ST00363" HPOS="2327" VPOS="4094" WIDTH="260" HEIGHT="59" CONTENT="hideous" WC="1.00" CC="0320000"/>
						<SP ID="P14_SP00329" HPOS="2587" VPOS="4170" WIDTH="26"/>
						<String ID="P14_ST00364" HPOS="2613" VPOS="4113" WIDTH="208" HEIGHT="48" CONTENT="ocean," WC="0.98" CC="040074"/>
						<SP ID="P14_SP00330" HPOS="2821" VPOS="4170" WIDTH="32"/>
						<String ID="P14_ST00365" HPOS="2853" VPOS="4093" WIDTH="494" HEIGHT="76" CONTENT="comprehended" WC="0.99" CC="690000038009"/>
					</TextLine>
				</TextBlock>
			</PrintSpace>
		</Page>
	</Layout>
</alto>
