3800 5730
860 4318 30 48 4

1492 1059 164 66 THE
1711 1059 163 66 LAY
1929 1059 109 66 OF
2079 1059 478 66 MALDOROR

1835 1233 165 56 First
2045 1233 192 56 Canto

937 1409 151 69 May
1131 1405 51 58 it
1224 1405 207 76 please
1475 1406 265 57 Heaven
1784 1404 143 59 that
1971 1406 108 57 the
2124 1406 230 68 reader,
2403 1406 409 59 emboldened
2857 1408 125 57 and
3026 1408 254 57 become

779 1506 405 77 temporarily
1224 1505 304 59 ferocious
1563 1505 122 58 like
1709 1506 172 58 what
1916 1507 78 56 he
2028 1505 52 59 is
2104 1506 271 75 reading,
2438 1505 125 59 will
2589 1507 131 58 find
2743 1507 96 59 his
2874 1510 243 57 sudden
3153 1511 126 57 and

774 1628 231 54 savage
1038 1629 142 50 way
1213 1626 205 40 across
1449 1606 109 58 the
1590 1606 205 73 lonely
1848 1607 276 58 marshes
2174 1607 66 59 of
2281 1608 174 58 these
2506 1608 246 59 sombre
2803 1611 126 56 and
2977 1607 300 78 poisoned

776 1710 168 57 filled
978 1728 193 57 pages
1206 1708 272 59 without
1515 1706 199 76 losing
1751 1707 249 60 himself
2027 1727 12 51 ;
2080 1708 96 59 for
2210 1709 207 58 unless
2454 1710 77 57 he
2570 1708 180 76 bring
2786 1717 67 52 to
2891 1709 98 59 his
3025 1710 253 75 reading

777 1831 35 37 a
844 1811 279 73 rigorous
1155 1809 160 74 logic
1346 1810 126 56 and
1500 1807 250 59 tension
1779 1809 66 58 of
1872 1808 180 77 spirit
2082 1810 185 75 equal
2298 1817 65 51 at
2394 1811 157 57 least
2581 1817 67 51 to
2679 1810 96 58 his
2805 1811 330 76 suspicion,
3169 1811 109 58 the

780 1910 229 60 mortal
1044 1909 365 60 emanation
1446 1910 64 57 of
1543 1908 127 58 this
1705 1910 168 57 book
1914 1910 124 56 will
2071 1910 155 58 soak
2259 1910 95 58 his
2387 1910 136 59 soul
2559 1931 66 37 as
2659 1919 195 51 water
2888 1913 148 57 does
3072 1931 200 56 sugar.

777 2015 63 55 It
884 2011 51 59 is
975 2019 113 50 not
1130 2032 35 37 a
1194 2012 165 74 good
1396 2010 182 75 thing
1617 2010 95 58 for
1751 2010 82 58 all
1871 2010 108 59 the
2017 2011 195 59 world
2248 2018 68 52 to
2357 2013 147 57 read
2543 2012 109 58 the
2689 2033 191 55 pages
2917 2013 203 59 which
3175 2033 102 39 are

778 2114 194 56 about
1007 2119 67 51 to
1110 2112 207 57 follow
1346 2129 12 51 ;
1396 2131 35 37 a
1466 2109 116 60 few
1616 2112 150 71 only
1781 2111 141 70 will,
1943 2112 270 59 without
2248 2114 248 73 danger,
2526 2120 168 52 taste
2727 2114 127 59 this
2887 2114 192 59 bitter
3104 2114 167 60 fruit.

777 2213 350 68 Therefore,
1169 2212 187 58 timid
1392 2213 154 67 soul,
1585 2212 210 58 before
1828 2214 402 76 penetrating
2264 2214 243 58 further
2540 2214 134 59 into
2703 2217 149 56 such
2894 2216 383 76 unexplored

782 2314 313 71 territory,
1138 2313 195 58 direct
1368 2331 160 53 your
1562 2312 167 59 heels
1764 2313 368 60 backwards
2170 2315 125 57 and
2331 2321 113 51 not
2486 2315 317 58 forwards.
2891 2319 29 54 I
2921 2355 22 25 v
2944 2314 163 60 isten
3141 2315 137 58 well

779 2423 67 50 to
877 2417 171 56 what
1080 2418 30 53 I
1154 2434 114 52 say
1297 2421 67 51 to
1408 2433 128 52 you
1565 2432 9 38 :
1612 2413 196 60 direct
1850 2435 160 50 your
2038 2416 168 57 heels
2236 2416 368 57 backwards
2635 2417 126 56 and
2791 2424 111 50 not
2933 2416 300 57 forwards
3262 2434 13 51 ;

777 2516 122 57 like
940 2517 109 57 the
1093 2534 144 53 eyes
1280 2514 64 58 of
1386 2534 37 38 a
1465 2534 113 38 son
1620 2514 139 57 who
1804 2516 402 75 respectfully
2249 2523 181 51 turns
2474 2537 178 51 away
2695 2517 162 57 from
2898 2518 108 56 the
3050 2524 225 66 august

777 2615 380 59 admiration
1195 2615 65 57 of
1297 2614 110 58 the
1446 2614 309 57 maternal
1792 2614 213 76 visage
2032 2634 12 50 ;
2085 2636 70 38 or
2193 2618 227 68 rather,
2463 2617 122 58 like
2629 2639 37 37 a
2701 2618 213 73 wedge
2951 2617 66 57 of
3054 2617 222 75 deeply

774 2716 369 74 thoughtful
1171 2716 127 57 and
1326 2713 193 73 chilly
1544 2733 234 50 cranes,
1806 2716 141 57 who
1973 2717 200 57 under
2199 2717 114 57 full
2337 2717 133 70 sail,
2499 2718 88 71 fly
2612 2717 370 77 powerfully
3003 2717 274 75 through

773 2818 109 58 the
920 2816 223 58 winter
1183 2833 206 41 across
1430 2816 108 56 the
1579 2814 242 70 silence,
1865 2817 275 58 towards
2180 2838 35 37 a
2255 2818 237 58 certain
2533 2818 180 76 point
2752 2838 84 38 011
2861 2819 110 57 the
2996 2818 275 70 horizon,

771 2920 251 56 whence
1060 2936 208 43 comes
1305 2915 312 72 suddenly
1655 2934 37 37 a
1729 2916 237 59 violent
2007 2919 126 57 and
2170 2924 252 68 strange
2460 2919 183 68 wind,
2687 2918 362 58 forerunner
3087 2918 64 58 of
3167 2919 109 57 the

773 3026 214 52 storm.
1075 3017 131 58 The
1254 3019 201 57 oldest
1504 3039 201 50 crane,
1752 3020 167 57 itself
1966 3021 108 57 the
2127 3020 11 22 '
2165 3021 327 73 vanguard
2521 3020 32 68 \
2607 3019 219 75 noting
2874 3019 144 59 this,
3069 3039 207 39 waves

773 3119 83 59 its
893 3120 162 57 head
1090 3118 125 58 like
1259 3140 33 36 a
1331 3120 363 59 reasonable
1731 3141 245 56 person,
2016 3120 453 77 consequently
2511 3119 83 60 its
2629 3120 165 59 beak
2836 3120 132 58 also
3004 3119 52 58 is
3092 3120 184 58 made

773 3227 68 51 to
879 3220 157 76 clap,
1085 3220 126 57 and
1246 3218 52 58 is
1335 3226 112 51 not
1483 3219 254 76 pleased
1780 3220 53 75 (I
1876 3228 107 50 too
2020 3221 208 58 would
2264 3228 112 51 not
2413 3222 78 58 be
2528 3221 217 75 happy
2786 3240 160 38 were
3023 3223 31 54 I
3093 3219 66 57 in
3194 3219 81 59 its

773 3320 195 76 place)
1016 3318 180 59 while
1242 3319 81 58 its
1371 3321 157 72 aged
1575 3321 174 68 neck,
1798 3321 360 58 featherless
2206 3323 125 56 and
2377 3328 483 68 contemporary
2899 3320 155 58 with
3100 3321 175 57 three

773 3419 394 77 generations
1209 3419 66 58 of
1323 3439 232 50 cranes,
1604 3440 215 40 moves
1861 3422 63 56 in
1973 3421 279 59 irritable
2292 3421 408 58 undulations
2743 3440 67 38 as
2905 3440 256 57 presage
3210 3421 65 58 of

773 3523 110 57 the
921 3528 198 52 storm
1154 3520 205 58 which
1398 3523 385 74 approaches
1820 3541 217 40 nearer
2076 3523 126 57 and
2240 3541 232 39 nearer.
2560 3521 180 58 After
2778 3521 233 73 having
3048 3522 226 57 looked

771 3622 238 61 several
1044 3622 186 58 times
1265 3622 204 72 coolly
1507 3622 195 58 about
1738 3623 111 57 her
1883 3623 65 58 in
1985 3622 79 58 all
2101 3623 334 59 directions
2460 3622 155 58 with
2639 3640 144 54 eyes
2808 3621 113 57 full
2957 3621 64 58 of
3057 3638 180 58 exper-

769 3724 190 68 ience,
1003 3723 110 58 the
1169 3722 210 59 leader
1430 3723 347 76 prudently
1824 3723 114 76 (for
1977 3724 109 58 she
2124 3723 51 59 it
2213 3723 52 59 is
2301 3724 141 57 who
2504 3723 114 58 has
2656 3722 109 58 the
2805 3721 366 58 distinction
3210 3721 65 58 of

769 3825 280 73 showing
1081 3823 109 58 her
1226 3822 113 59 tail
1382 3822 275 59 feathers
1688 3831 68 50 to
1788 3824 109 58 the
1927 3825 181 57 other
2139 3843 232 49 cranes,
2406 3823 110 58 her
2545 3822 388 59 intellectual
2963 3821 306 76 inferiors)

767 3924 155 59 with
952 3926 109 55 her
1088 3923 306 58 watchful
1424 3942 110 53 cry
1565 3943 66 38 as
1662 3925 65 56 of
1756 3944 36 37 a
1823 3925 320 57 mournful
2170 3924 308 69 sentinel;
2498 3932 67 51 to
2584 3923 243 76 repulse
2855 3923 110 58 the
2982 3942 291 42 common

767 4046 241 51 enemy,
1055 4024 344 74 gracefully
1439 4031 180 52 turns
1659 4025 109 58 the
1806 4025 182 76 point
2027 4026 66 57 of
2132 4026 109 58 the
2279 4024 337 75 geometric
2655 4025 193 72 figure
2894 4022 71 76 (it
3006 4042 148 52 may
3196 4024 78 56 be

768 4148 37 37 a
836 4127 282 72 triangle,
1140 4124 117 59 but
1289 4125 110 57 the
1431 4124 171 58 third
1634 4125 133 59 side
1797 4125 203 60 which
2032 4126 177 59 these
2241 4125 246 59 curious
2518 4124 172 59 birds
2722 4124 64 57 of
2816 4142 262 57 passage
3109 4121 160 59 form
