3800 5730
992 4291 67 48 60

1047 753 164 51 There
1242 753 87 52 she
1361 754 142 51 stood
1535 753 165 66 before
1731 770 96 36 me.
1902 755 34 50 I
1968 770 106 36 saw
2106 755 89 52 her
2226 756 245 67 splendid
2502 757 216 51 sensual
2748 756 148 67 body,
2929 756 89 52 her
3048 756 140 52 thick
3216 758 185 67 golden

903 839 120 52 hair
1064 839 99 67 (ithe
1200 840 244 67 chignon)
1494 840 90 51 her
1629 857 142 34 snow
1817 841 151 50 white
2014 842 128 51 teeth
2185 841 205 65 framed
2410 841 126 52 with
2560 844 89 50 red
2695 843 315 66 voluptuous
3042 843 110 66 lips
3196 873 56 7 —
3295 846 108 50 and

901 925 90 64 felt
1017 943 70 34 an
1116 926 196 51 electric
1354 931 206 46 current
1601 927 142 50 shoot
1783 927 218 68 through
2042 944 135 35 me...
2228 928 122 61 Yes,
2394 929 298 67 happiness
2735 946 107 33 was
2885 946 55 33 so
2981 946 145 44 near,
3172 946 55 34 so
3269 947 130 35 near

908 1012 260 65 [Tanatar
1202 1018 84 61 got
1322 1012 119 65 it)...
1487 1012 78 51 Oh

2802 1145 135 67 July
2978 1160 84 46 12,
3103 1161 152 51 1913.

1050 1273 156 51 Woke
1242 1278 74 63 up
1355 1279 53 45 at
1444 1290 94 33 one
1576 1273 58 50 in
1671 1273 80 51 the
1790 1273 270 64 afternoon
2098 1275 108 49 and
2240 1274 82 51 the
2355 1274 115 62 first
2505 1291 126 34 man
2667 1275 196 60 I-saw,
2902 1275 137 67 right
3077 1275 59 51 in
3172 1273 142 66 front
3350 1277 54 64 of

903 1378 96 44 me,
1040 1377 106 34 was
1190 1360 194 51 Vassia
1423 1360 259 65 Fedoroff.
1760 1360 84 49 He
1881 1361 133 66 slept
2051 1359 59 52 in
2150 1378 30 32 a
2218 1361 214 51 curious
2483 1361 277 66 position;
2823 1361 84 50 his
2969 1362 132 51 head
3164 1378 107 33 was
3334 1379 69 34 on

903 1448 80 51 the
1019 1448 178 64 pillow
1237 1447 107 50 and
1376 1446 84 51 his
1495 1446 161 51 entire
1691 1445 128 66 body
1854 1463 67 34 on
1955 1447 79 50 the
2068 1446 138 66 dirty
2240 1447 145 60 floor.
2468 1447 90 50 We
2595 1447 179 51 looked
2812 1448 111 50 into
2956 1449 81 50 the
3070 1448 191 51 mirror
3294 1450 108 49 and

911 1564 54 4 —
1012 1532 140 51 Good
1188 1533 157 60 Lord,
1385 1532 135 51 what
1558 1549 32 33 a
1621 1532 136 67 sight
1777 1534 21 48 !
1837 1532 103 66 My
1964 1532 186 51 clothes
2178 1550 126 33 were
2329 1534 73 49 all
2423 1534 285 65 crumpled,
2744 1534 202 65 spewed
2971 1550 113 35 over
3108 1535 59 50 in
3190 1534 211 52 various

903 1624 165 62 parts,
1108 1620 108 50 and
1247 1621 206 49 covered
1486 1619 123 51 with
1639 1619 223 63 feathers
1893 1620 137 63 from
2062 1624 87 61 top
2183 1625 48 44 to
2266 1620 199 50 bottom.
2543 1619 218 68 Having
2791 1620 294 66 performed
3116 1620 80 50 the
3227 1637 140 34 morn-

905 1706 91 67 ing
1033 1705 181 61 ritual,
1267 1723 72 33 we
1383 1709 132 47 went
1546 1705 110 51 into
1688 1704 81 51 the
1797 1706 213 65 garden.
2093 1705 91 50 We
2213 1710 103 46 met
2349 1707 238 49 Tanatar
2617 1707 207 66 coming
2852 1706 138 64 from
3019 1706 81 52 the
3133 1706 138 51 other
3302 1707 100 51 end

904 1792 163 50 where
1103 1791 61 51 he
1201 1792 105 51 had
1346 1792 250 66 probably
1641 1792 119 50 been
1804 1792 249 66 sleeping.
2130 1791 84 50 He
2255 1792 180 51 looked
2477 1808 32 34 a
2553 1792 204 50 terrible
2798 1792 150 67 sight.
3027 1793 83 50 On
3133 1792 81 51 the
3242 1792 156 65 front,

904 1878 83 52 his
1025 1878 186 52 clothes
1250 1878 114 50 bore
1392 1878 311 65 everywhere
1728 1884 164 45 traces
1921 1877 53 64 of
2001 1879 253 66 vomiting
2269 1895 22 41 ;
2320 1895 68 34 on
2415 1878 80 51 the
2525 1878 124 50 back
2677 1878 115 65 they
2821 1896 128 33 were
2975 1879 194 66 thickly
3197 1880 206 50 covered

906 1964 122 51 with
1065 1965 120 59 dirt,
1225 1981 59 33 as
1321 1963 47 65 if
1400 1964 61 51 he
1498 1964 105 50 had
1640 1964 121 50 been
1797 1965 223 65 dragged
2057 1964 63 65 by
2156 1964 85 51 his
2276 1965 99 64 feet
2411 1981 115 34 over
2561 1964 81 51 the
2672 1965 220 66 ground.
2968 1965 153 64 After
3147 1966 253 59 Tanatar,

906 2068 71 33 we
1013 2057 102 44 met
1150 2051 81 50 the
1268 2051 130 67 girls
1438 2050 206 68 coming
1682 2050 138 63 from
1860 2051 81 50 the
1979 2051 243 65 pavilion
2264 2051 162 50 where
2466 2051 115 65 they
2623 2051 105 50 had
2769 2051 121 50 been
2932 2051 249 67 sleeping.
3258 2051 142 50 Soon

906 2137 278 66 everybody
1223 2154 106 33 was
1366 2142 207 61 present
1611 2137 108 49 and
1757 2136 261 61 Heavens,
2051 2153 71 33 we
2159 2137 93 50 did
2283 2136 159 68 laugh
2463 2139 22 47 !
2526 2137 108 52 The
2670 2137 203 52 lunatic
2912 2137 244 65 Fedoroff
3194 2154 107 34 was
3322 2137 81 51 the

905 2223 113 61 first
1053 2228 48 45 to
1141 2223 177 66 speak.
1395 2223 209 66 Hardly
1636 2223 111 51 able
1776 2228 49 45 to
1857 2223 154 50 stand
2042 2240 67 32 on
2139 2223 86 50 his
2255 2223 113 63 feet,
2401 2223 62 51 he
2493 2223 105 50 had
2628 2223 224 49 sneaked
2883 2223 109 50 into
3038 2223 80 51 the
3162 2224 242 65 pavilion

906 2309 113 66 just
1056 2327 59 33 as
1152 2310 81 51 the
1261 2309 129 67 girls
1422 2326 127 34 were
1579 2310 218 66 turning
1827 2310 59 50 in
1919 2310 130 62 after
2078 2309 80 51 the
2191 2310 116 50 ball.
2385 2309 84 49 He
2501 2309 125 50 bade
2657 2309 135 51 them
2824 2311 72 49 all
2923 2311 130 66 good
3084 2309 164 68 night,
3282 2311 120 50 then

907 2394 196 68 seizing
1131 2395 319 66 somebody's
1480 2395 160 61 dress,
1672 2394 185 67 jacket,
1891 2396 107 50 and
2029 2396 104 58 hat,
2166 2395 61 51 he
2258 2400 97 62 put
2385 2396 136 50 them
2546 2412 67 34 on
2647 2397 106 49 and
2774 2395 115 50 took
2930 2401 49 44 to
3020 2395 245 67 dancing.
3342 2396 47 50 A

905 2498 175 50 young
1117 2482 151 66 chap,
1299 2482 224 64 scarcely
1552 2481 189 51 known
1768 2486 47 46 to
1845 2498 223 49 anyone,
2096 2481 104 51 had
2228 2486 152 62 spent
2405 2481 81 51 the
2515 2481 161 51 entire
2703 2481 218 67 evening
2948 2482 124 50 with
3099 2482 80 50 the
3205 2482 195 51 hostess

908 2568 128 66 Olga
1062 2568 360 65 Nicolayevna
1438 2567 304 67 Jmukhina
1787 2567 60 51 in
1874 2584 30 33 a
1930 2567 233 67 carriage
2189 2567 216 60 outside,
2433 2567 163 51 where
2620 2567 115 65 they
2760 2566 104 52 had
2889 2572 200 62 supper
3114 2568 108 50 and
3247 2568 151 60 wine,

907 2653 178 67 spiced
1122 2654 326 66 abundantly
1479 2653 122 52 with
1629 2653 236 67 frequent
1895 2653 206 67 kissing
2131 2653 108 51 and
2268 2659 193 59 smutty
2491 2653 123 51 talk.
2695 2653 147 51 Then
2872 2653 81 51 the
2981 2653 128 67 girls
3139 2654 104 52 told
3271 2653 133 51 their

907 2740 203 51 version
1151 2740 53 64 of
1243 2740 80 51 the
1365 2746 155 59 story.
1600 2740 142 66 They
1783 2734 104 56 Had
1929 2741 225 65 scarcely
2195 2740 286 51 undressed
2521 2739 148 51 when
2709 2739 221 66 Sammy
2975 2741 238 49 Tanatar
3255 2739 149 51 broke

907 2827 58 50 in
998 2826 131 51 dead
1162 2826 173 51 drunk
1360 2826 341 66 announcing
1727 2826 83 50 his
1835 2825 259 51 intention
2118 2824 52 64 of
2195 2826 231 66 sleeping
2450 2825 122 51 with
2596 2825 151 50 them.
2828 2825 107 51 The
2959 2825 146 67 girls,
3133 2826 52 64 of
3206 2841 196 44 course,

907 2913 73 50 all
1020 2918 82 61 got
1143 2913 289 66 frightened
1475 2913 107 50 and
1624 2913 92 50 hid
1758 2912 166 50 under
1968 2912 80 50 the
2087 2912 245 50 blankets.
2410 2913 92 49 All
2525 2912 132 50 their
2677 2912 347 50 exhortations
3056 2912 107 50 and
3186 2917 215 62 prayers

905 2999 82 63 for
1013 2999 111 51 him
1151 3004 48 45 to
1226 3001 140 49 leave
1392 2999 81 50 the
1498 2998 240 67 pavilion
1768 3014 126 34 were
1922 2998 53 64 of
2000 3015 68 34 no
2095 2998 159 52 avail.
2335 2998 163 60 Then,
2527 2998 363 66 disregarding
2932 2999 73 50 all
3045 2999 139 49 rules
3227 2998 53 64 of
3319 2998 56 50 de-

905 3101 173 49 cency,
1117 3085 81 51 the
1223 3085 129 67 girls
1378 3084 220 67 jumped
1627 3089 87 45 out
1743 3084 52 64 of
1824 3084 91 50 b'ed
1943 3085 107 50 and
2077 3084 155 50 threw
2260 3084 112 50 him
2402 3089 88 45 out
2519 3085 52 63 of
2598 3084 81 50 the
2706 3084 241 66 pavilion
2978 3084 61 64 by
3071 3084 149 50 main
3246 3084 154 63 force.

907 3171 365 66 Immediately
1311 3171 132 64 after
1488 3172 283 50 Tanatar's
1814 3172 276 65 departure
2132 3187 145 34 came
2318 3170 81 51 the
2441 3170 201 51 lunatic
2686 3170 262 64 Fedoroff,
2994 3170 87 51 but
3123 3169 281 66 everybody

908 3259 122 64 only
1069 3257 221 67 laughed
1328 3262 53 46 at
1416 3257 112 51 him
1567 3257 212 50 because
1806 3256 62 51 he
1896 3273 106 34 was
2029 3256 117 51 nice
2175 3257 107 50 and
2315 3256 218 50 behaved
2562 3272 139 34 more
2730 3255 229 66 decently
2987 3255 126 51 than
3148 3257 251 50 Tanatar.

1050 3431 330 66 Happiness.
1458 3427 314 68 Happiness
1799 3429 108 50 and
1930 3428 274 66 laughter.

1048 3517 49 51 A
1134 3517 117 50 lialf
1288 3516 278 65 forgotten
1606 3531 230 47 nursery
1871 3515 115 52 tale
2023 3515 46 52 is
2106 3514 225 52 revived
2368 3514 59 50 in
2464 3530 149 35 some
2651 3530 190 34 corner
2879 3514 57 50 of
2972 3515 95 50 her
3106 3513 170 51 mind.
3353 3514 51 50 If

908 3619 111 47 you
1056 3603 201 66 plunge
1282 3619 31 33 a
1336 3603 166 64 sharp
1527 3601 149 52 knife
1699 3601 118 50 into
1841 3602 96 51 the
1961 3601 189 52 funnel
2173 3601 58 49 of
2255 3600 248 65 whirling
2526 3616 153 36 snow
2700 3617 114 47 you
2835 3599 109 51 will
2968 3599 95 51 kill
3084 3600 98 52 the
3205 3599 166 66 grand-

908 3688 272 66 daughter
1228 3689 58 50 of
1333 3688 96 51 the
1477 3694 353 45 snow-storm
1875 3717 55 5 —
1970 3688 98 51 the
2117 3686 336 53 snow-flake.
2528 3686 48 50 A
2627 3686 138 66 drop
2814 3686 57 50 of
2918 3686 97 50 her
3065 3684 123 53 cold
3238 3685 166 52 white

908 3775 166 51 blood
1107 3774 109 52 will
1247 3774 97 51 fall
1377 3791 72 34 on
1481 3774 96 51 the
1609 3774 216 65 ground
1858 3774 111 50 and
2001 3774 112 52 this
2146 3772 165 53 blood
2344 3772 106 51 will
2473 3773 160 65 bring
2656 3772 296 66 happiness
2995 3801 56 5 —
3094 3771 308 66 happiness.

909 3863 52 49 If
991 3878 104 35 one
1126 3861 163 51 could
1320 3861 133 63 only
1482 3860 210 52 believe
1721 3860 114 52 this
1864 3860 131 60 tale,
2027 3878 68 47 go
2128 3867 98 44 out
2258 3860 119 50 into
2409 3860 97 51 the
2537 3864 353 47 snow-storm
2934 3888 55 6 —
3045 3858 219 63 waylay
3307 3858 97 51 the

908 3948 319 52 snow-flake
1262 3947 237 65 dancing
1534 3946 291 65 carelessly
1856 3945 76 54 its
1964 3945 179 52 round
2179 3945 173 52 dance
2398 3975 56 5 —
2497 3944 110 51 and
2643 3945 182 51 attain
2861 3944 298 66 happiness
3203 3973 56 5 —

1051 4036 112 49 But
1187 4034 151 53 what
1360 4034 42 50 if
1426 4050 102 34 one
1551 4034 237 52 believes
1809 4033 58 50 in
1890 4033 234 64 nothing
2149 4032 19 51 ?

1049 4120 330 65 Happiness.
1455 4120 331 65 Happiness.
