3800 5730
1680 960 429 63 DRIFTING
2154 962 239 64 DEER

2102 1149 17 23 «
2139 1134 224 42 Socrates.
2391 1167 8 9 .
2425 1167 9 9 .
2459 1167 9 10 .
2513 1135 120 43 Now
2677 1137 70 41 the
2794 1138 130 54 thing
2965 1136 327 57 which\moves

2056 1191 190 42 another
2280 1193 97 40 and
2412 1193 40 40 is
2489 1193 56 52 by
2580 1194 191 42 another
2805 1197 171 50 moved,
3015 1211 52 28 as
3103 1198 38 41 it
3183 1211 108 40 may

2054 1261 126 29 cease
2222 1253 40 36 to
2304 1250 49 41 be
2394 1250 171 50 moved,
2609 1264 107 41 may
2756 1265 126 29 cease
2932 1255 97 41 also
3072 1260 41 36 to
3164 1255 87 43 live
3273 1269 17 35 ;

2055 1306 38 41 it
2128 1307 42 42 is
2207 1307 109 53 only
2354 1307 97 42 that
2486 1308 146 41 which
2670 1323 151 29 moves
2858 1311 138 54 itself,
3041 1312 245 43 inasmuch

2054 1377 54 28 as
2158 1365 36 40 it
2243 1377 134 29 never
2426 1366 124 55 quits
2598 1367 136 53 itself,
2789 1369 96 41 that
2940 1382 137 30 never
3134 1384 155 29 ceases

2049 1422 200 54 moving.
2276 1456 9 8 .
2324 1438 17 23 »

2538 1480 105 43 The
2677 1480 260 58 Dialogues
2972 1483 51 43 of
3057 1487 170 45 Pi,ato

2116 1618 16 22 «
2157 1636 8 9 .
2192 1636 8 9 .
2226 1636 9 8 .
2261 1636 8 9 .
2307 1603 36 41 it
2375 1603 42 42 is
2452 1609 81 37 not
2566 1605 68 42 the

2051 1681 212 43 business
2296 1683 47 52 of
2377 1683 68 42 the
2478 1684 110 53 gods
2623 1689 41 36 to
2713 1686 111 41 bake
2854 1687 101 53 clay
2983 1691 103 50 pots
3108 1704 32 27 ».

2721 1772 286 47 Marianne
3039 1775 189 44 Moore

779 1911 137 57 One
959 1929 135 41 sees
1138 1911 100 59 far
1282 1911 144 59 hills

778 1995 147 60 And
967 1995 222 61 thinks
1231 1997 68 59 of
1343 1999 148 57 deer
1535 2034 83 5 —

778 2082 57 57 A
879 2082 266 78 drifting
1186 2104 193 56 green

778 2168 83 59 Of
906 2168 408 61 emblematic
1358 2170 292 76 printing

776 2341 90 59 As
910 2361 106 39 are
1060 2343 221 59 brains

776 2429 132 58 Too
955 2427 209 71 silent,
1215 2429 187 59 clear.

776 2514 193 59 One's
1015 2534 117 56 age

774 2603 68 55 Is
884 2600 127 59 like
1055 2602 182 57 these
1282 2600 144 59 hills

774 2773 181 59 With
998 2773 298 62 Socrates

774 2861 100 57 On
922 2861 216 59 death.

773 2944 138 61 The
954 2947 266 75 printed
1264 2967 167 56 page

773 3037 64 54 Is
878 3032 128 59 still
1047 3054 69 37 as
1167 3033 244 58 breath.

2616 3178 201 55 Yvor
2865 3179 328 60 Winters

850 4310 67 48 30
