3800 5730
2945 4369 62 51 45

580 818 149 48 must
760 812 115 66 just
904 811 99 52 tell
1032 826 111 47 you
1171 810 114 53 this
1312 827 8 33 :
1355 827 111 47 you
1497 811 149 52 can't
1677 810 143 52 have
1848 809 98 53 the
1977 810 174 51 whole
2184 810 187 51 action
2400 812 132 50 take
2563 811 154 65 place
2754 810 58 52 in
2842 811 95 51 the
2968 828 90 49 gar-

580 900 108 53 den
724 916 60 35 as
821 913 112 48 you
970 904 239 59 suggest.
1287 900 53 50 It
1378 898 129 51 isn't
1549 898 255 65 possible.

720 984 127 54 The
885 987 313 50 Manager.
1311 984 147 63 Why
1495 992 99 44 not
1621 983 19 51 ?

719 1071 128 53 The
885 1071 522 53 Step-Daughter.
1487 1073 245 49 Because
1784 1071 69 50 he
1913 1069 276 66 (indicates
2242 1070 81 50 the
2377 1070 110 51 Son
2543 1069 181 67 again)
2782 1071 46 50 is
2882 1072 208 63 always

579 1160 131 51 shut
743 1174 75 50 up
851 1158 158 51 alone
1047 1157 57 50 in
1141 1156 86 53 his
1263 1173 173 34 room.
1513 1156 129 52 And
1674 1157 137 52 then
1842 1156 205 53 there's
2080 1157 71 49 all
2181 1157 98 51 the
2318 1163 127 59 part
2478 1157 57 50 of
2566 1157 127 51 that
2726 1173 136 49 poor
2895 1157 164 52 dazed-

579 1245 223 66 looking
840 1245 113 63 boy
987 1244 157 52 there
1182 1244 181 51 which
1398 1244 163 52 takes
1598 1244 155 65 place
1790 1243 241 54 indoors.

721 1331 128 55 The
887 1333 314 51 Manager.
1278 1331 219 62 Maybe.
1575 1331 88 50 On
1714 1331 96 50 the
1864 1331 158 50 other
2075 1329 170 60 hand,
2300 1347 111 47 you
2450 1330 107 49 will
2611 1330 346 53 understand
3010 1347 80 36 we

579 1418 151 52 can't
772 1420 215 64 change
1023 1418 97 51 the
1162 1434 159 36 scene
1361 1418 156 51 three
1560 1434 59 33 or
1660 1417 126 50 four
1826 1417 165 52 times
2027 1417 57 50 in
2123 1432 102 37 one
2267 1423 106 45 act.

721 1504 128 54 The
887 1508 275 54 Leading
1430 1502 158 64 They
1624 1502 135 55 used
1797 1508 60 45 to
1897 1520 150 34 once.

723 1591 128 54 The
876 1594 314 50 Manager.
1229 1594 129 57 Yes,
1375 1590 158 51 when
1559 1590 96 52 the
1680 1589 187 66 public
1892 1606 111 34 was
2028 1607 75 49 up
2124 1595 61 45 to
2211 1590 95 51 the
2332 1590 140 52 level
2499 1590 56 51 of
2589 1590 127 50 that
2743 1590 146 51 child
2913 1591 173 52 there.

723 1678 127 53 The
884 1681 276 53 Leading
1191 1680 189 54 Lady.
1458 1680 54 48 It
1548 1677 191 51 makes
1776 1676 96 52 the
1906 1676 219 53 illusion
2164 1676 187 53 easier.

722 1764 129 53 The
893 1762 239 55 Father
1182 1762 296 67 (irritated).
1553 1762 118 54 The
1712 1762 220 54 illusion
1959 1764 9 49 !
2046 1762 106 50 For
2196 1763 281 53 Heaven's
2515 1764 151 59 sake,
2710 1763 138 51 dont
2891 1781 101 47 say
3029 1764 42 51 il-

581 1853 196 52 lusion.
855 1850 189 54 Please
1099 1850 157 51 don't
1328 1867 95 36 use
1475 1850 130 52 that
1659 1850 170 61 word,
1884 1849 180 51 which
2116 1850 45 52 is
2215 1850 364 66 particularly
2615 1849 216 67 painful
2867 1850 85 52 for
3007 1867 80 36 us.

721 1937 128 54 The
888 1939 297 50 Manager
1230 1936 347 65 (astounded).
1654 1936 128 50 And
1822 1936 130 63 why
1986 1936 44 51 if
2069 1953 110 47 you
2217 1938 183 66 please
2426 1936 18 51 ?

721 2024 129 53 The
888 2023 256 53 Father.
1223 2023 102 53 It's
1363 2022 234 66 painful,
1640 2023 168 60 cruel,
1848 2023 173 64 really
2058 2024 168 61 cruel,
2269 2023 111 51 and
2422 2039 111 48 you
2576 2023 175 66 ought
2792 2030 61 44 to
2891 2023 166 52 under-

583 2111 166 52 stand
786 2111 145 52 that.

722 2198 129 52 The
889 2199 310 51 Manager.
1282 2200 113 48 But
1433 2196 128 63 why
1587 2195 19 52 ?
1687 2198 169 50 What
1913 2197 174 65 ought
2124 2214 78 35 we
2246 2203 60 45 to
2337 2214 101 45 say
2463 2197 137 51 then
2626 2196 18 50 ?
2723 2195 117 53 The
2871 2193 220 55 illusion

586 2287 27 47 I
644 2284 99 53 tell
772 2300 112 47 you
915 2283 105 61 Sir,
1051 2284 183 52 which
1263 2284 171 52 we've
1464 2289 97 60 got
1590 2289 60 45 to
1682 2290 185 45 create
1898 2284 85 50 for
2013 2283 97 52 the
2142 2284 264 52 audience
2432 2325 9 10 .
2472 2325 9 9 .
2510 2325 9 8 .

724 2370 129 53 The
890 2373 276 54 Leading
1205 2372 156 48 Man.
1438 2369 156 52 With
1633 2386 100 33 our
1775 2370 202 65 acting.

724 2457 128 53 The
904 2458 314 51 Manager.
1329 2456 116 51 The
1483 2456 220 51 illusion
1742 2457 56 50 of
1837 2474 33 32 a
1921 2455 216 64 reality.

725 2544 129 53 The
892 2541 256 54 Father.
1227 2546 27 47 I
1293 2541 344 53 understand
1662 2557 12 45 ;
1724 2543 102 52 but
1875 2558 130 48 you,
2053 2544 257 66 perhaps,
2350 2543 71 50 do
2469 2548 99 45 not
2615 2542 345 53 understand
3007 2558 80 37 us.

585 2631 232 65 Forgive
855 2645 87 36 me
970 2630 8 49 !
1058 2632 126 47 You
1219 2647 88 35 see
1334 2670 49 10 ..
1413 2670 9 9 .
1500 2629 127 51 here
1662 2629 85 50 for
1784 2645 112 47 you
1920 2628 110 50 and
2054 2645 142 48 your
2232 2634 201 55 actors,
2471 2629 95 51 the
2602 2629 160 65 thing
2785 2629 46 52 is
2868 2631 132 62 only
3030 2658 55 7 —

583 2717 111 50 and
732 2716 212 66 rightly
981 2732 59 35 so
1068 2757 9 10 .
1107 2757 10 10 .
1147 2757 9 10 .
1198 2733 31 34 a
1269 2714 134 53 kind
1441 2715 58 50 of
1535 2731 158 51 game
1721 2756 9 11 .
1759 2756 10 10 .
1798 2756 10 10 .

726 2802 128 53 The
916 2805 276 53 Leading
1253 2805 173 54 Lady
1494 2801 377 67 (interrupting
1934 2800 380 68 indignantly).
2390 2802 49 50 A
2476 2804 195 65 game!
2749 2801 179 54 We're
2991 2810 100 45 not

583 2889 247 54 children
865 2887 149 62 here,
1055 2889 42 50 if
1138 2905 112 47 you
1292 2888 198 67 please.
1568 2891 99 48 We
1710 2906 91 34 are
1841 2888 209 54 serious
2088 2894 199 49 actors.

725 2976 126 53 The
892 2973 259 56 Father.
1228 2978 26 48 I
1294 2975 158 51 don't
1487 2973 148 64 deny
1671 2974 62 52 it.
1811 2976 169 50 What
2036 2977 28 49 I
2113 2992 162 35 mean
2307 2975 46 52 is
2398 2976 97 51 the
2541 2991 160 49 game
2749 2992 60 33 or
2857 2976 131 65 play
3036 2976 57 50 of

583 3079 139 46 your
748 3070 87 44 art
868 3061 180 54 which
1070 3062 101 53 has
1201 3067 61 46 to
1286 3061 142 66 give,
1462 3078 60 36 as
1551 3061 98 51 the
1695 3062 319 63 gentleman
2045 3079 146 45 says,
2224 3080 32 33 a
2295 3062 210 65 perfect
2535 3060 219 54 illusion
2787 3062 55 50 of
2873 3061 217 64 reality.

724 3148 129 55 The
892 3152 313 49 Manager.
1285 3148 286 62 Precisely.

726 3236 128 53 The
893 3234 257 54 Father.
1227 3236 157 58 Now,
1412 3234 43 52 if
1479 3250 113 47 you
1619 3233 249 52 consider
1894 3234 97 50 the
2016 3234 118 52 fact
2160 3235 127 51 that
2315 3251 80 35 we
2427 3234 277 66 (indicates
2744 3233 213 64 himself
2987 3235 107 49 and

583 3322 82 51 the
685 3322 139 51 other
841 3323 97 62 five
960 3320 347 66 Characters),
1329 3337 60 37 as
1408 3338 81 34 we
1507 3337 110 42 are,
1638 3322 144 50 have
1820 3336 71 34 no
1911 3321 160 51 other
2091 3320 200 64 reality
2313 3320 220 53 outside
2552 3321 58 50 of
2626 3320 114 53 this
2758 3320 219 53 illusion
3002 3363 10 8 .
3042 3362 9 9 .
3080 3363 10 9 .

724 3407 129 55 The
891 3411 298 49 Manager
1231 3407 336 66 (astonished,
1620 3407 211 66 looking
1869 3412 53 45 at
1970 3407 84 50 his
2107 3413 183 55 actors,
2343 3407 109 50 who
2519 3424 88 33 are
2672 3408 109 50 also
2838 3407 252 66 amazed).

584 3495 127 50 And
750 3495 150 50 what
940 3494 131 52 does
1106 3495 129 50 that
1274 3510 162 36 mean
1462 3493 21 51 ?

724 3580 129 54 The
890 3579 242 54 Father
1181 3579 152 67 (after
1369 3579 258 66 watching
1664 3579 134 51 them
1835 3580 83 63 for
1954 3596 32 33 a
2025 3584 226 46 moment
2288 3579 122 51 with
2450 3596 31 33 a
2519 3596 119 34 wan
2684 3579 190 66 smile).
2951 3579 77 54 As
3065 3582 27 47 I

584 3686 101 46 say
713 3668 102 53 vSir.
890 3667 148 53 That
1067 3666 181 53 which
1275 3667 48 52 is
1351 3683 31 33 a
1413 3682 159 51 game
1601 3667 58 49 of
1688 3673 87 44 art
1812 3667 86 49 for
1927 3683 113 46 you
2068 3667 46 52 is
2142 3683 100 34 our
2272 3668 111 51 sole
2412 3667 215 62 reality.
2709 3666 171 67 {Brief
2908 3671 182 61 pause.

588 3755 83 50 He
701 3771 118 50 goes
854 3771 32 33 a
920 3759 108 62 step
1064 3770 57 33 or
1154 3759 95 45 two
1284 3769 183 34 nearer
1500 3753 80 50 the
1613 3753 267 65 Manager
1913 3754 106 49 and
2053 3752 148 66 adds)
2234 3770 8 34 :
2282 3756 113 48 But
2429 3760 99 45 not
2563 3755 133 61 only
2726 3753 86 51 for
2845 3769 65 36 us
2936 3769 11 44 ;
2981 3769 114 47 you

587 3843 179 59 know,
805 3842 77 62 by
924 3840 96 52 the
1065 3857 139 47 way.
1285 3842 127 58 Just
1451 3856 111 47 you
1605 3839 166 52 think
1812 3839 46 52 it
1897 3857 131 34 over
2066 3841 135 51 well.
2284 3839 188 67 [Looks
2538 3839 111 51 him
2695 3838 58 51 in
2812 3838 80 51 the
2937 3839 155 65 eyes).

587 3928 112 51 Can
738 3943 112 48 you
887 3927 95 53 tell
1022 3943 86 35 me
1147 3927 122 51 who
1320 3942 112 47 you
1482 3943 90 34 are
1599 3926 19 50 ?

727 4014 128 54 The
894 4016 297 50 Manager
1221 4013 313 66 (;perplexed,
1570 4012 112 64 half
1707 4011 257 67 smiling).
2008 4014 167 50 What
2205 4013 18 51 ?
2278 4014 141 51 Who
2459 4029 91 35 am
2588 4015 28 48 I
2643 4012 19 51 ?
2708 4014 141 50 lam
2877 4012 214 63 myself.

727 4100 127 54 The
879 4099 256 54 Father.
1213 4099 127 51 And
1363 4100 43 50 if
1428 4102 28 48 I
1482 4117 136 34 were
1640 4106 61 45 to
1739 4100 98 51 tell
1861 4115 110 48 you
1994 4100 129 51 that
2168 4099 129 53 that
2339 4100 133 53 isn't
2516 4107 143 53 true,
2704 4099 236 54 because
2985 4114 111 48 you

587 4205 90 33 are
717 4191 43 47 I.
