3800 5730
901 4322 55 48 14

821 713 132 59 him
1004 713 142 59 who
1199 714 120 58 but
1373 712 127 60 still
1554 719 187 53 tunes
1793 713 97 61 his
1944 714 132 75 lyre
2105 716 10 58 !
2203 718 457 69 Nevertheless,
2718 718 228 61 should
2999 740 129 54 you
3180 719 156 63 wish

823 821 69 52 to
928 814 81 59 be
1046 811 337 81 impartial,
1424 833 130 54 you
1590 812 125 60 will
1753 814 162 59 have
1954 816 283 61 received
2274 816 256 74 already
2567 838 39 39 a
2659 818 260 60 decided
2970 819 367 78 impression

825 917 242 78 despite
1101 916 98 61 his
1231 916 486 78 imperfections.
1802 916 89 61 As
1925 916 99 61 for
2057 917 244 73 myself,
2340 921 34 56 I
2416 939 107 39 am
2555 917 237 78 setting
2826 928 70 54 to
2931 923 173 59 work
3153 923 184 76 again

823 1026 69 52 to
931 1017 278 78 produce
1243 1016 222 61 within
1505 1038 38 39 a
1582 1022 113 55 not
1734 1022 110 55 too
1885 1016 264 76 delayed
2186 1016 220 79 period
2442 1019 69 61 of
2548 1019 173 69 time,
2765 1041 39 39 a
2841 1024 232 58 second
3126 1031 206 54 canto.

823 1117 132 61 The
989 1119 239 59 decline
1262 1119 69 61 of
1363 1119 110 59 the
1510 1119 153 76 19th
1697 1126 267 67 century
1995 1117 125 60 will
2154 1139 101 41 see
2286 1119 86 61 its
2405 1131 150 68 poet
2596 1122 103 77 (all
2733 1124 110 59 the
2875 1143 190 52 same,
3117 1131 72 54 to
3231 1126 70 59 be-

821 1221 105 76 gin
957 1219 172 71 with,
1167 1239 120 41 one
1317 1219 229 61 should
1578 1227 114 53 not
1725 1226 165 52 start
1922 1219 156 61 with
2112 1241 37 39 a
2183 1222 423 78 masterpiece,
2642 1226 120 59 but
2794 1224 208 63 follow
3038 1226 110 59 the
3183 1226 149 61 laws

821 1320 70 61 of
931 1322 242 76 nature)
1209 1339 12 51 ;
1248 1320 78 60 he
1348 1341 130 39 was
1502 1322 157 58 born
1683 1341 83 39 on
1790 1320 333 61 American
2145 1324 231 69 shores,
2406 1331 68 52 at
2498 1326 110 59 the
2633 1327 224 59 mouth
2894 1327 68 59 of
2995 1331 92 62 Ba
3128 1327 199 70 Plata,

821 1424 176 59 there
1038 1424 201 57 where
1280 1429 125 52 two
1448 1442 188 49 races,
1680 1442 154 39 once
1874 1420 209 71 rivals,
2130 1442 139 41 now
2308 1424 196 61 strive
2543 1432 70 53 to
2652 1447 252 58 surpass
2945 1429 154 57 each
3151 1429 180 59 other

821 1525 65 58 in
931 1524 286 61 material
1263 1525 126 58 and
1434 1524 198 59 moral
1675 1542 299 58 progress.
2064 1527 249 58 Buenos
2342 1525 193 71 Aires,
2586 1547 201 58 queen
2831 1529 68 59 of
2940 1530 110 58 the
3106 1527 218 73 South,

823 1627 127 59 and
985 1625 420 70 Montevideo,
1448 1625 108 58 the
1595 1630 313 71 coquette,
1951 1625 149 60 hold
2137 1632 113 53 out
2289 1634 68 52 to
2398 1630 154 58 each
2589 1630 181 60 other
2806 1630 269 75 friendly
3126 1632 203 59 hands

823 1745 207 43 across
1085 1727 112 59 the
1255 1725 321 78 argentine
1632 1734 226 52 waters
1915 1727 66 57 of
2037 1727 110 59 the
2201 1735 178 68 great
2435 1729 296 76 Estuary.
2821 1735 130 56 But
3007 1732 320 59 continual

820 1849 128 40 war
989 1830 115 59 has
1143 1830 169 58 fixed
1353 1827 96 61 his
1490 1828 386 60 destructive
1917 1828 234 78 empire
2191 1850 173 58 upon
2406 1832 109 59 the
2555 1832 178 61 fields
2775 1834 126 59 and
2941 1852 181 59 reaps
3175 1834 152 59 with

820 1932 108 76 joy
967 1928 98 61 his
1104 1949 337 40 numerous
1480 1928 267 63 victims.
1836 1928 331 75 Good-bye
2206 1932 105 57 old
2352 1952 164 49 man,
2565 1933 126 58 and
2728 1933 51 60 if
2814 1955 129 53 you
2979 1935 164 59 have
3180 1937 149 57 read

820 2052 118 51 me,
967 2030 184 61 think
1190 2030 68 61 of
1285 2050 117 39 me.
1458 2033 234 73 Young
1715 2052 165 49 man,
1908 2033 82 56 do
2015 2038 112 53 not
2152 2032 266 78 despair;
2450 2033 97 60 for
2570 2033 243 78 despite
2841 2055 160 53 your
3033 2044 293 66 contrary

820 2133 272 78 opinion,
1135 2154 127 52 you
1300 2133 163 60 have
1502 2154 37 37 a
1576 2132 204 59 friend
1817 2132 64 57 in
1919 2133 111 58 the
2068 2133 298 78 vampire.
2411 2135 63 58 If
2508 2155 128 54 you
2674 2135 249 61 include
2946 2137 110 61 the
3080 2157 208 58 sarcop-

819 2245 97 51 ter
963 2255 241 51 acarus,
1255 2235 201 59 which
1504 2235 308 76 produces
1858 2237 108 57 the
2013 2237 124 57 oak
2183 2237 140 74 gall,
2374 2257 127 52 you
2540 2237 125 59 will
2711 2238 164 60 have
2921 2247 144 52 two.

2242 2407 221 63 Comte
2506 2407 85 63 de
2633 2407 468 63 Lautréamont

2297 2506 294 56 (Translated
2612 2512 58 52 by
2699 2512 140 54 John
2870 2512 228 51 Rodker)
