3800 5730
2877 4274 60 58 65

708 4365 21 34 5

558 717 138 36 were
738 700 241 66 hanging
1021 700 141 50 from
1207 717 31 32 a
1282 700 162 51 beam
1488 717 181 37 across
1712 702 96 52 her
1851 703 299 54 shoulders.
2227 709 143 48 Ivan
2414 705 387 65 Sergeyevitch
2844 710 195 51 looked

553 787 243 62 intently
826 794 59 44 at
916 789 96 48 her
1044 787 109 50 and
1185 788 253 64 stopped,
1471 788 291 66 spreading
1792 790 86 52 his
1907 792 113 63 legs
2050 793 138 51 wide
2220 799 161 58 apart
2426 822 55 5 —
2524 793 179 51 which
2732 794 161 54 made
2923 795 115 54 him

553 874 129 49 look
716 874 108 50 like
855 877 125 45 Don
1013 872 238 65 Quixote
1283 873 109 50 and
1425 890 30 32 a
1486 874 121 64 pair
1636 874 58 50 of
1724 877 221 51 scissors
1978 883 57 44 at
2065 878 96 49 the
2192 894 150 35 same
2370 878 152 51 time.
2597 877 155 52 Then
2782 881 67 50 he
2880 883 119 49 said
3025 897 9 35 :

753 962 160 47 Have
940 975 32 32 a
999 959 244 51 smoke...
1273 958 174 52 There
1472 959 46 51 is
1545 960 210 64 beauty
1780 978 137 36 even
1944 963 56 49 in
2027 963 147 64 pain.
2251 966 167 49 What
2447 981 31 32 a
2506 965 270 50 beautiful
2803 983 231 36 woman.

554 1048 165 49 Yes...
757 1044 110 51 and
901 1044 70 49 do
1006 1060 111 48 you
1150 1046 180 59 know,
1366 1044 119 53 I've
1518 1052 95 58 got
1646 1048 155 50 three
1835 1050 161 64 poods
2024 1048 69 66 (i)
2136 1051 57 48 of
2226 1049 265 53 cod-liver
2524 1051 72 49 oil
2629 1051 111 50 and
2764 1059 274 57 potatoes,

553 1131 110 51 and
697 1135 28 46 I
760 1147 102 34 can
895 1148 68 47 go
998 1148 71 33 on
1102 1131 172 65 living
1308 1131 109 51 and
1452 1132 331 66 cultivating
1816 1135 211 62 beauty
2059 1136 84 50 for
2176 1142 111 44 two
2321 1153 174 46 years.
2574 1140 27 47 I
2635 1144 149 45 must
2819 1139 153 51 write
3008 1157 30 33 a

552 1218 161 51 book.
790 1219 28 49 I
846 1218 143 50 have
1019 1217 222 52 written
1270 1218 189 51 fifteen
1489 1219 174 52 books
1693 1220 227 62 already
1949 1221 109 49 and
2088 1223 137 50 each
2253 1223 172 50 about
2456 1240 31 31 a
2518 1222 254 53 different
2803 1241 232 35 woman.

550 1306 97 60 My
680 1302 141 61 wife,
860 1307 28 47 I
922 1304 180 59 think,
1138 1303 47 52 is
1219 1303 172 66 living
1426 1303 136 51 with
1596 1303 260 54 Tanatar.
1931 1308 167 49 What
2136 1308 130 51 does
2302 1308 136 65 Olga
2475 1308 336 63 Veralskaya
2868 1312 170 62 really

548 1396 279 60 represent
854 1389 19 50 ?
916 1389 106 53 She
1059 1389 46 51 is
1143 1408 134 44 very
1314 1391 288 50 beautiful.
1679 1391 167 52 What
1886 1409 31 32 a
1955 1393 272 51 beautiful
2265 1411 215 33 woman
2524 1424 56 5 —
2621 1396 98 49 the
2759 1413 104 34 one
2902 1397 134 51 with

547 1475 139 67 pails
711 1477 8 50 !

747 1565 55 48 It
827 1561 46 51 is
895 1562 97 51 the
1017 1562 121 50 wife
1163 1562 58 50 of
1246 1563 216 52 Bekesh
1563 1593 56 4 —
1661 1563 118 52 said
1805 1564 272 53 Fedoroff.

746 1648 217 63 Maybe.
1041 1650 113 49 But
1190 1649 215 51 Bekesh
1437 1648 46 52 is
1518 1649 225 64 already
1775 1650 190 66 selling
1999 1650 83 53 his
2117 1651 160 65 diary
2310 1652 110 50 and
2456 1656 27 48 I
2517 1652 143 52 have
2694 1653 112 52 still
2840 1655 193 64 plenty

546 1734 57 50 of
641 1733 262 53 cod-liver

746 1821 179 50 lakov
950 1820 409 67 Sergeyevitch,
1389 1838 91 33 are
1508 1838 111 46 you
1646 1828 100 45 not
1774 1822 179 51 afraid
1979 1823 21 51 ?

745 1910 27 49 I
799 1923 109 42 am,
935 1907 103 50 but
1066 1910 28 48 I
1120 1914 150 45 must
1295 1906 156 52 write
1475 1909 96 49 the
1847 1938 55 5 —
1947 1910 285 62 Kamynin
2259 1910 179 51 added
2463 1913 127 48 that
2616 1912 68 49 he
2710 1911 112 50 had
2848 1912 183 52 beside

547 1998 255 60 potatoes
825 1992 109 50 and
959 1992 263 53 cod-liver
1246 1992 71 50 oil
1341 1993 114 51 also
1478 2009 152 37 some
1653 1994 307 53 denatured
1984 1996 229 52 alcohol.
2288 1996 155 52 Then
2464 1998 98 49 the
2583 2003 112 45 two
2718 1998 310 66 separated.

746 2080 332 63 Kamynins
1120 2080 122 50 wife
1284 2097 112 34 was
1438 2080 211 52 absent.
1729 2081 251 66 Keeping
2021 2081 85 53 his
2147 2083 99 49 hat
2290 2081 109 51 and
2443 2088 126 45 coat
2612 2099 89 43 on,
2749 2086 283 61 Kamynin

542 2164 174 51 found
754 2181 71 35 an
858 2166 91 49 old
984 2165 195 60 sword,
1216 2165 188 65 peeled
1439 2182 150 35 some
1624 2172 256 59 potatoes
1913 2166 137 53 with
2082 2167 45 51 it
2164 2168 108 50 and
2308 2169 209 50 cooked
2551 2169 172 50 them.
2800 2172 86 49 He
2922 2186 111 37 was

542 2252 296 64 crouching
879 2268 71 34 on
992 2252 96 50 the
1130 2251 151 60 floor,
1326 2252 110 49 and
1479 2269 60 35 as
1564 2254 69 49 he
1674 2261 145 44 went
1861 2253 118 50 into
2022 2253 83 52 his
2147 2255 151 48 work
2323 2255 84 50 his
2435 2255 197 50 mouth
2657 2255 218 52 twisted
2906 2273 95 34 con-

542 2339 270 62 vulsively
848 2342 60 45 to
957 2353 104 34 one
1108 2337 131 52 side.
1315 2340 88 48 He
1452 2338 178 50 drank
1676 2355 150 34 some
1875 2339 305 51 denatured
2243 2340 229 60 alcohol,
2547 2357 149 34 some
2767 2341 264 52 cod-liver

539 2423 91 60 oil,
653 2423 110 52 and
786 2440 135 34 soon
942 2423 93 51 fell
1058 2424 197 64 asleep.
1331 2423 105 51 His
1456 2425 120 50 face
1598 2440 125 33 now
1744 2425 129 50 bore
1897 2442 31 32 a
1951 2427 143 49 calm
2117 2426 110 50 and
2251 2427 185 64 bright
2460 2427 333 64 expression,
2816 2428 215 66 though

538 2509 85 52 his
661 2509 102 66 lips
801 2525 140 36 were
978 2508 115 53 still
1126 2509 283 61 nervousl}
1410 2526 14 14 7
1464 2513 339 48 contracted.

678 2595 127 51 And
843 2598 207 50 Doctor
1089 2594 255 52 Fedoroff
1378 2596 111 50 had
1525 2596 272 65 pelmenis.
1870 2596 175 52 There
2082 2615 137 34 were
2256 2598 114 52 also
2406 2599 133 64 pies,
2576 2599 255 65 napkins,
2869 2616 31 33 a
2938 2600 91 65 big

538 2682 168 64 lamp,
741 2680 110 51 and
883 2681 86 51 his
1000 2682 216 50 mother
1248 2698 112 35 was
1391 2681 210 66 fussing
1634 2683 171 50 about
1839 2683 111 49 and
1982 2685 285 64 repeating
2293 2699 8 34 :

738 2766 130 61 Eat,
898 2768 302 59 Vassenka,
1231 2774 110 52 eat,
1372 2784 98 48 my
1497 2768 231 65 darling,
1758 2769 143 51 have
1931 2785 151 36 some
2112 2786 169 43 more,
2312 2786 97 46 my

676 2853 116 51 The
814 2853 131 50 food
967 2870 109 34 was
1092 2854 136 59 nice,
1254 2854 103 50 but
1377 2854 157 51 there
1551 2871 138 34 were
1712 2860 98 45 not
1834 2855 218 65 enough
2072 2855 258 65 pelmenis
2350 2862 61 44 to
2436 2872 236 48 appease
2694 2856 84 51 his
2800 2857 225 64 hunger.

536 2938 127 54 And
689 2938 86 54 his
801 2940 217 50 mother
1044 2939 111 50 had
1182 2941 140 49 been
1345 2947 97 45 too
1470 2941 143 62 busy
1636 2946 62 46 to
1726 2941 69 50 do
1823 2942 96 50 her
1945 2941 121 50 hair
2092 2957 75 49 up
2193 2942 84 50 for
2306 2940 303 54 Christmas
2635 2959 60 33 or
2720 2948 60 44 to
2807 2959 221 35 remove

536 3026 96 50 her
670 3025 92 50 old
800 3041 189 49 apron.

679 3113 112 49 But
808 3110 73 53 all
897 3128 131 34 over
1044 3112 96 50 the
1159 3111 159 52 earth
1345 3113 193 64 people
1556 3130 138 32 were
1712 3113 337 64 celebrating
2064 3113 97 51 the
2177 3113 229 63 holiday
2421 3114 159 49 when
2598 3113 175 52 Satan
2802 3121 119 45 cast
2945 3114 84 52 his

534 3197 134 65 spell
699 3214 131 35 over
852 3198 98 51 the
981 3198 161 51 earth
1155 3197 85 51 for
1255 3197 97 52 the
1368 3200 107 50 last
1492 3199 138 50 time
1654 3198 185 51 before
1854 3199 96 51 the
1968 3199 218 63 coming
2203 3200 56 48 of
2276 3199 204 64 spring,
2499 3199 265 63 sunlight,
2784 3199 111 50 and
2911 3200 114 65 joy.

674 3284 49 50 A
761 3290 131 44 note
930 3300 113 36 was
1073 3285 240 64 brought
1341 3290 60 44 to
1432 3286 209 50 Doctor
1671 3284 273 50 Fedoroff.

733 3369 116 50 The
876 3368 189 54 Soviet
1091 3370 57 50 of
1170 3371 97 50 the
1293 3371 272 51 Workers'
1595 3370 109 50 and
1732 3371 283 51 Peasants'
2044 3370 269 66 Deputies
2338 3371 55 49 of
2417 3371 96 50 the
2540 3370 196 64 village
2763 3372 264 66 Popovka

1591 3498 311 52 Certificate

670 3606 133 54 This
843 3607 47 53 is
928 3612 61 45 to
1031 3607 199 63 certify
1267 3606 127 51 that
1434 3607 97 50 the
1571 3607 217 64 refugee
1828 3608 144 49 from
2014 3606 284 66 Popovka,
2342 3606 197 52 citizen
2579 3606 191 51 Anton
2811 3608 215 51 lusofat

536 3693 417 53 Panashtchiuk
984 3700 178 45 wants
1192 3699 61 44 to
1287 3693 67 52 be
1386 3693 326 51 vaccinated
1746 3693 215 64 against
1994 3693 258 64 catching
2283 3694 97 49 the
2413 3693 216 50 cholera
2662 3710 72 33 on
2765 3693 84 52 his
2880 3693 118 65 jour-

531 3796 125 47 ney.
734 3780 102 51 His
868 3780 234 58 mother,
1133 3779 122 49 who
1285 3779 46 52 is
1359 3779 58 50 in
1446 3780 95 50 the
1572 3779 133 63 city,
1737 3779 195 52 wishes
1958 3779 97 50 the
2084 3794 167 35 same.

2132 3901 108 49 For
2297 3900 80 50 the
2441 3900 206 64 County
2711 3901 175 50 Soviet

2182 3986 281 50 President
2503 3991 43 45 I.
2585 3989 269 47 Ptitzyn.

659 4118 65 52 (i)
764 4115 135 45 Pood
939 4140 45 6 —
1023 4114 133 56 forty
1190 4113 211 46 Russian
1435 4115 203 55 pounds.
