3800 5730
2811 4334 59 40 11

458 763 154 56 out:
917 759 108 61 did
1059 761 166 76 good
1257 781 173 56 upon
1466 761 110 61 the
1611 763 198 67 earth,
1850 763 144 59 that
2029 763 53 59 is
2116 769 69 53 to
2221 783 132 54 say,
2392 764 156 75 they
2575 785 159 40 were
2790 766 143 61 char-

458 857 195 63 itable
682 879 10 39 :
737 861 202 61 that's
980 861 99 71 all,
1125 861 51 61 it
1217 881 130 41 was
1376 869 115 54 not
1516 863 344 69 malicious,
1906 864 366 75 everybody
2312 886 119 39 can
2471 866 82 57 do
2597 886 67 39 as
2697 868 188 59 much

456 961 163 59 Who
658 981 118 39 can
817 962 395 60 understand
1240 962 148 75 why
1425 969 127 53 two
1591 962 205 61 lovers
1835 964 139 59 who
2011 964 267 61 idolised
2307 966 156 59 each
2500 966 183 59 other
2705 968 112 59 the
2841 969 127 73 day

456 1061 232 71 before,
724 1061 96 61 for
853 1083 171 40 some
1057 1064 510 61 misunderstood
1594 1066 176 59 word
1799 1064 125 61 will
1955 1074 146 70 part
2133 1074 193 70 stung
2355 1067 89 73 by
2475 1067 244 72 hatred,
2756 1069 88 75 by
2876 1089 60 41 re-

458 1181 215 57 venge,
722 1162 90 75 by
859 1164 143 59 love
1054 1164 127 61 and
1232 1166 90 72 by
1372 1184 270 41 remorse
1674 1183 13 52 ;
1747 1167 155 58 each
1955 1167 239 77 draped
2243 1167 66 58 in
2361 1167 97 61 his
2507 1167 212 77 lonely
2768 1169 193 78 pride,

456 1284 193 39 never
683 1271 68 54 to
790 1286 100 41 see
925 1267 110 60 the
1073 1267 183 60 other
1293 1288 173 39 more
1494 1267 24 60 ?
1608 1271 64 56 It
1701 1267 52 60 is
1786 1289 37 39 a
1855 1267 252 61 miracle
2141 1269 208 59 which
2383 1271 154 61 each
2570 1271 127 74 day
2732 1291 236 42 renews

458 1364 174 62 itself
665 1367 122 59 and
820 1367 205 59 which
1057 1367 53 61 is
1140 1376 114 52 not
1284 1369 110 59 the
1425 1369 120 59 less
1576 1369 392 61 miraculous.
2057 1371 164 59 Who
2251 1391 119 40 can
2399 1372 392 61 understand
2820 1374 146 73 why

461 1486 122 40 one
612 1467 268 61 relishes'
897 1476 113 52 not
1035 1469 149 73 only
1215 1469 112 59 the
1354 1470 250 75 general
1633 1470 280 77 disgrace
1940 1470 67 60 of
2036 1472 171 58 one's
2238 1470 250 73 fellows,
2522 1474 119 59 but
2670 1494 157 39 even
2856 1476 110 57 the

455 1567 347 76 particular
844 1569 313 78 disgraces
1201 1570 66 60 of
1305 1570 172 60 one's
1520 1577 250 54 nearest
1811 1570 252 71 friends,
2111 1574 245 76 though
2410 1572 275 63 afflicted
2729 1582 68 53 at
2854 1575 108 60 the

456 1689 173 44 same
671 1670 156 60 time
854 1672 26 58 ?

617 1770 102 59 An
754 1772 371 63 irrefutable
1176 1775 291 78 example
1518 1784 68 52 to
1640 1775 164 60 close
1855 1777 110 58 the
2016 1775 188 61 series
2233 1796 10 40 :
2287 1797 147 39 man
2482 1779 482 76 hypocritically

455 1890 147 55 says
622 1892 112 54 yes
756 1875 129 58 and
905 1873 220 61 thinks
1147 1894 100 40 no.
1335 1873 169 63 That
1549 1875 52 59 is
1621 1877 148 73 why
1792 1877 112 59 the
1924 1895 215 58 young
2160 1877 147 59 wild
2327 1879 188 59 boars
2537 1879 68 59 of
2624 1879 340 74 humanity

456 1972 163 59 have
660 1992 69 41 so
756 1975 191 59 much
973 1982 171 52 trust
1168 1975 66 59 in
1259 1978 156 58 each
1440 1977 183 59 other
1655 1977 131 59 and
1814 1995 105 39 are
1958 1984 115 52 not
2106 1977 372 76 egotistical.
2568 1980 398 76 Psychology

456 2075 117 59 has
610 2075 129 61 still
776 2075 99 59 far
912 2083 69 53 to
1019 2097 96 56 go.
1205 2082 32 56 I
1276 2080 205 59 salute
1516 2099 131 54 you
1686 2078 250 61 ancient
1974 2099 213 40 ocean.
2273 2080 271 61 Ancient
2583 2102 210 51 ocean,
2835 2104 127 54 you

463 2195 105 39 are
604 2195 71 39 so
710 2177 305 76 powerful
1051 2178 147 61 that
1235 2180 307 61 mankind
1577 2180 114 58 has
1723 2180 205 59 learnt
1953 2180 53 59 it
2041 2187 70 52 to
2143 2180 96 61 his
2270 2188 154 53 cost.
2512 2185 64 56 It
2602 2182 203 76 might
2827 2183 135 61 well

460 2276 257 78 employ
748 2278 83 59 all
859 2278 112 61 the
1002 2300 316 43 resources
1349 2282 66 59 of
1442 2282 85 61 its
1555 2282 219 76 genius
1803 2331 10 10 .
1847 2331 10 10 .
1891 2331 11 10 .
1935 2280 330 79 incapable
2295 2283 66 60 of
2390 2283 396 78 dominating
2813 2305 146 54 you.

455 2380 66 56 It
543 2378 115 59 has
698 2378 200 61 found
934 2400 37 39 a
1013 2388 263 54 master.
1364 2385 32 56 I
1438 2402 114 54 say
1594 2381 53 60 it
1686 2381 115 60 has
1841 2381 199 61 found
2079 2383 359 76 something
2475 2392 289 69 stronger
2802 2387 159 59 than

455 2478 186 61 itself.
731 2478 150 63 This
910 2483 366 76 something
1305 2485 115 59 has
1462 2505 37 37 a
1542 2503 203 39 name.
1833 2483 168 61 That
2043 2505 186 41 name
2270 2486 52 60 is
2375 2507 212 39 ocean.
2675 2490 144 57 You
2869 2488 62 59 in-

451 2580 166 77 spire
661 2580 134 61 him
839 2581 157 61 with
1039 2585 157 59 such
1239 2585 133 59 fear
1416 2586 149 58 that
1613 2585 78 59 he
1738 2593 274 70 respects
2057 2605 147 54 you.
2292 2588 262 78 Despite
2620 2590 163 69 that,
2834 2610 128 54 you

455 2679 184 61 make
661 2679 97 63 his
781 2681 285 61 heaviest
1105 2685 320 61 machines
1460 2685 190 59 waltz
1677 2685 214 72 easily,
1924 2686 344 75 gracefully
2305 2688 126 59 and
2466 2686 156 61 with
2653 2688 304 76 elegance.

453 2784 146 58 You
626 2783 186 59 make
842 2784 178 60 them
1049 2784 139 80 leap
1220 2786 486 76 gymnastically
1735 2795 69 52 to
1835 2788 110 59 the
1975 2788 137 73 sky,
2165 2790 124 59 and
2334 2790 354 76 amazingly
2730 2790 231 79 plunge

450 2888 69 52 to
556 2883 110 59 the
704 2903 155 54 very
893 2884 253 60 bottom
1174 2886 66 58 of
1267 2906 163 55 your
1472 2886 259 71 realms;
1774 2908 35 37 a
1847 2888 199 59 clown
2082 2888 210 61 would
2327 2891 78 59 be
2443 2889 255 77 jealous.
2785 2889 177 78 They

453 3003 103 39 are
583 2984 219 78 happy
834 2984 49 60 if
915 3006 129 54 you
1078 2988 81 57 do
1195 2994 115 53 not
1342 2986 362 76 ultimately
1736 3008 172 58 wrap
1943 2991 178 58 them
2155 2991 62 58 in
2253 3011 161 53 your
2461 2991 280 78 frothing
2774 2993 182 71 folds,

450 3091 67 52 to
555 3103 77 57 go
676 3088 129 57 and
846 3106 118 51 see,
1003 3088 273 61 without
1311 3089 111 60 the
1459 3089 142 78 help
1640 3089 64 60 of
1742 3111 35 38 a
1819 3091 185 69 train,
2046 3091 143 59 how
2239 3093 107 59 the
2382 3093 116 57 fish
2554 3113 105 41 are
2702 3093 64 59 in
2802 3115 160 52 your

450 3191 242 68 watery
732 3186 275 71 entrails,
1044 3189 203 59 above
1278 3187 83 60 all
1401 3191 142 57 how
1584 3191 158 73 they
1782 3191 376 61 themselves
2202 3194 98 58 do.

610 3289 149 56 Man
1135 3309 105 39 am
1271 3311 169 39 more
1467 3292 244 58 shrewd
1753 3292 160 60 than
1955 3294 110 58 the
2385 3299 64 54 It
2492 3296 52 59 is
2573 3296 288 78 possible,
2908 3296 49 61 it

450 3384 50 59 is
531 3406 157 39 even
729 3387 185 73 fairly
954 3396 158 62 true,
1159 3391 119 59 but
1318 3391 78 59 he
1437 3391 51 59 is
1518 3411 171 39 more
1731 3392 202 60 afraid
1975 3394 65 58 of
2101 3394 110 59 the
2251 3414 105 39 sea
2397 3396 159 59 than
2597 3396 110 59 the
2746 3416 106 39 sea
2895 3396 66 59 of

450 3486 132 57 him
610 3506 12 39 :
673 3489 125 57 and
846 3489 144 59 that
1034 3489 49 59 it
1113 3491 51 59 is
1208 3511 420 54 unnecessary
1669 3501 67 52 to
1784 3514 212 56 prove.
2084 3492 149 63 This
2278 3496 302 59 watchful
2639 3496 320 78 patriarch

450 3589 216 59 coeval
707 3589 156 61 with
903 3592 110 59 the
1057 3594 246 59 earliest
1347 3596 229 76 epochs
1618 3596 66 57 of
1726 3616 114 39 our
1880 3596 356 76 suspended
2278 3597 241 78 sphere,
2568 3597 208 65 smiles
2813 3597 116 80 piti-

450 3687 159 75 fully
643 3690 179 58 when
859 3692 78 58 he
976 3692 214 59 assists
1227 3701 68 50 at
1332 3694 108 57 the
1476 3714 105 39 sea
1618 3694 190 76 fights
1847 3695 66 58 of
1948 3695 268 61 nations.
2305 3697 241 59 Behold
2598 3719 38 39 a
2671 3699 288 59 hundred

450 3789 374 61 leviathians
864 3792 207 61 issued
1115 3794 159 59 from
1320 3795 110 60 the
1472 3797 204 59 hands
1720 3797 66 58 of
1819 3797 354 75 humanity.
2260 3797 132 61 The
2431 3800 318 77 emphatic
2791 3821 125 39 com-

450 3892 223 57 mands
710 3892 68 57 of
812 3894 327 76 superiors,
1179 3895 110 60 the
1327 3897 152 59 cries
1516 3897 65 58 of
1616 3897 109 59 the
1782 3900 329 70 wounded,
2172 3902 110 58 the
2339 3902 195 58 shock
2571 3902 65 58 of
2680 3922 279 39 cannons

450 4012 103 39 are
588 3992 204 61 noises
820 3997 317 74 expressly
1166 4000 184 56 made
1388 4005 66 51 to
1491 3999 330 59 obliterate
1858 4021 38 37 a
1931 4000 119 60 few
2107 4004 276 57 seconds.
2470 4005 64 56 It
2570 4022 198 41 seems
2813 4004 143 59 that

449 4093 109 60 the
595 4093 219 61 drama
858 4095 50 59 is
942 4117 151 39 over
1132 4100 129 56 and
1296 4100 144 58 that
1484 4100 109 59 the
1620 4119 106 40 sea
1757 4100 113 59 has
1897 4110 121 68 put
2060 4104 374 74 everything
2468 4104 135 59 into
2656 4105 81 58 its
2774 4126 180 40 maw.
