2202 3048
261 2664 27 36 2

260 326 308 37 besrausch“
592 331 44 33 ist
659 327 197 36 wiederum
879 328 75 32 eine
976 326 144 33 äußerst

261 381 271 37 schmackhafte
551 384 137 38 Speise,
710 383 55 33 die
784 381 77 35 heiß
881 381 71 33 und
969 381 74 33 kalt
1061 389 40 30 ge-

261 447 131 24 nossen
411 437 149 34 werden
577 437 104 40 kann,
700 437 79 38 jede
796 436 133 33 Würze
947 436 172 36 verträgt,

261 501 58 23 um
342 492 86 33 aber
451 492 157 33 dauernd
630 490 240 35 bekömmlich
893 500 43 23 zu
958 491 86 36 sein,
1068 498 35 23 er-

259 546 146 40 fordert,
428 546 66 34 daß
515 548 66 32 wir
601 546 53 33 für
677 546 142 33 offenen
841 544 84 34 Leib
948 541 171 40 sorgen!“

258 600 256 40 „Menschlich,
532 600 89 34 allzu
638 598 258 36 menschlich!“
971 595 149 41 „Leider

260 655 122 33 nein!“
476 654 250 41 „Mensch“
752 663 77 24 war
858 662 70 24 von
955 651 86 33 Gott
1069 650 51 33 als

260 709 127 34 letzter
429 708 292 39 Schöpfungsakt
765 706 161 40 gedacht,
968 705 150 40 geplant,

261 763 85 34 aber
365 766 46 30 im
429 763 114 34 Zorne
561 763 66 33 ließ
650 773 38 23 er
706 762 56 33 ihn
781 760 238 39 unvollendet,
1038 757 80 35 weil

261 817 71 34 ihm
362 818 88 33 über
483 817 161 38 Sonntag
676 819 97 31 seine
805 816 127 34 beiden
964 815 133 37 Vorpro-

261 871 118 40 dukte,
407 867 203 44 (Rohlinge)
635 871 108 33 Mann
770 870 69 34 und
860 869 104 34 Weib
987 868 133 33 bereits

260 926 204 34 verdorben
484 925 165 35 waren!“

261 1007 171 39 „Danach
484 1009 99 32 wäre
637 1006 74 33 also
763 1005 62 33 der
875 1004 109 34 Mann
1040 1002 78 33 kein

259 1060 204 35 Mensch?“
549 1060 185 40 „Mann“
758 1061 44 32 ist
823 1059 62 33 der
904 1054 214 39 Unmensch,

256 1116 62 32 der
333 1115 89 34 nach
442 1115 124 39 Abzug
583 1115 63 33 des
662 1113 211 35 weiblichen
888 1109 231 39 Einschlages

261 1171 152 39 restiert,
445 1170 90 33 ohne
566 1167 348 38 Berücksichtigung
944 1165 62 33 der
1037 1165 62 33 kör-

259 1225 182 38 perlichen
472 1222 241 36 Merkmale!“
766 1222 153 37 Kommt,
952 1219 85 34 Gott
1069 1218 51 35 sei

259 1278 114 41 Dank,
399 1281 74 31 rein
497 1277 96 35 nicht
619 1276 107 35 vor!“
817 1275 105 40 „Hier
945 1273 85 35 fehlt
1056 1281 63 25 nur

259 1333 93 34 noch
381 1332 55 34 die
465 1330 296 35 mathematische
790 1329 140 34 Formel
960 1329 54 33 für
1042 1326 77 34 Ihre

258 1386 288 39 Begriffswelt!“
666 1381 380 43 „Mathematik“
1076 1383 44 31 ist

261 1441 55 34 die
346 1442 137 37 einzige
513 1441 130 33 exakte
670 1437 274 40 Wissenschaft,
975 1436 54 34 bis
1058 1445 61 23 zur

260 1495 223 40 Aufstellung
505 1494 64 34 der
589 1490 409 42 Relativitätstheorie!“

258 1550 146 40 „Etwas
418 1549 101 34 mehr
534 1548 165 38 Achtung
715 1557 65 24 vor
797 1556 147 23 unserer
958 1544 138 34 Wissen-

260 1603 116 36 schaft
396 1606 73 32 täte
490 1602 109 34 Ihnen
619 1601 162 35 wirklich
802 1600 101 34 not!“
986 1598 50 41 „N
1052 1608 19 23 o
1085 1595 34 34 t“

259 1660 45 32 ist
332 1660 77 31 eine
433 1657 234 38 Lebenslage,
696 1656 54 33 die
776 1665 65 24 uns
867 1655 142 37 zwingt,
1035 1651 63 34 Not-

259 1712 188 39 wendiges
474 1722 44 23 zu
544 1711 234 38 unterlassen,
809 1708 86 35 oder
922 1708 197 37 Unnötiges

259 1778 44 22 zu
327 1765 299 35 unternehmen!“
717 1764 108 33 Diese
850 1761 202 39 Belehrung
1075 1762 45 32 ist

259 1822 55 33 für
333 1821 94 33 mich
447 1831 39 24 so
505 1821 156 38 unnötig,
681 1820 69 32 wie
771 1817 61 33 der
851 1816 172 38 Versuch,
1044 1816 75 33 eine

261 1875 98 39 Oper
385 1885 43 23 zu
454 1873 217 40 sprechen!“

259 1955 53 40 „0
329 1965 20 29 p
365 1965 18 24 e
398 1954 37 34 r“
467 1955 63 33 der
550 1953 225 40 lügnerische
794 1951 152 42 Brauch,
965 1949 132 35 musika-

260 2009 109 34 lische
392 2007 354 41 Einzelempfindung
771 2006 110 34 durch
907 2005 192 33 Textunter-

261 2065 129 38 legung
422 2066 33 32 in
488 2060 429 43 Allgemeinempfindung
950 2059 149 33 umzufäl-

260 2118 151 34 schen!“
512 2116 75 41 „An
616 2116 107 34 Ihnen
751 2118 44 31 ist
823 2114 214 39 wahrhaftig
1066 2114 52 32 ein

259 2182 135 29 ganzes
413 2172 207 34 Parlament
642 2170 167 34 verloren
831 2167 227 41 gegangen!“

259 2225 340 41 „Parlament“
623 2227 45 32 ist
694 2226 54 32 ein
775 2223 171 35 Gebäude
971 2224 62 31 mit
1059 2221 41 33 be-

260 2281 174 34 sonderer
472 2280 145 39 Lösung
660 2279 62 34 des
764 2276 228 36 akustischen
1032 2275 66 34 Pro-

259 2336 125 33 blems.
439 2335 109 33 Jedes
577 2336 33 32 in
640 2333 71 34 ihm
742 2331 246 42 gesprochene
1016 2330 104 34 Wort

259 2390 80 34 hört
364 2390 75 34 sich
465 2400 71 24 von
561 2388 113 34 außen
702 2389 68 32 wie
796 2386 101 34 echte
921 2385 177 34 Volksmei-

260 2454 95 30 nung
375 2443 86 35 an!“
543 2443 107 39 „Eine
671 2442 82 35 sehr
772 2444 83 37 gute
875 2440 141 39 Satyre,
1035 2439 84 34 aber

259 2498 114 39 Recht
392 2498 115 34 haben
527 2497 70 42 Sie,
618 2497 86 34 Gott
723 2498 50 32 sei
791 2495 114 39 Dank,
925 2494 136 35 nicht!“

260 2552 203 40 „Recht“
482 2555 44 31 ist
544 2552 64 34 das
627 2551 158 34 erlaubte
801 2550 168 34 Unrecht.
1011 2548 110 35 Wäre

1180 335 38 23 es
1235 325 64 33 das
1315 320 218 43 „Richtige“,
1552 330 39 25 so
1609 318 183 38 benötigte
1812 327 38 24 es
1866 318 94 33 nicht
1976 318 61 35 des

1179 377 216 36 Gesetzes!“
1482 376 227 39 „Regierung
1731 375 100 31 wäre
1853 372 75 34 also
1950 373 86 34 nach

1179 434 117 33 dieser
1332 432 117 33 These
1488 432 77 31 eine
1602 428 218 37 Betätigung
1858 426 178 34 erlaubten

1179 485 229 37 Unrechts?“
1488 484 51 39 „R
1555 483 177 38 egieru
1748 491 19 22 n
1782 480 61 39 g“:
1864 480 85 41 „Ein
1969 482 51 33 ein-

1179 539 232 35 kömmlicher
1428 535 248 41 Berufsstand,
1693 535 110 34 leider
1821 546 39 22 so
1880 538 139 30 anstren-

1179 596 103 39 gend,
1311 594 67 34 daß
1407 602 82 25 man
1518 591 56 33 ihn
1604 601 65 23 nur
1697 590 57 33 auf
1784 589 157 38 Sesseln,
1972 590 65 34 und

1179 649 110 34 selbst
1318 649 75 32 hier
1419 657 64 23 nur
1510 647 33 32 in
1569 645 271 34 Weltkurorten
1868 644 169 34 wirksam

1179 703 156 34 ausüben
1364 701 135 34 kann!“
1590 699 81 40 „Sie
1697 699 72 34 hält
1793 697 116 35 nichts
1934 697 87 34 Heili-

1179 767 64 29 ges
1263 756 100 34 mehr
1383 756 67 39 auf,
1472 755 101 34 drum
1593 753 187 35 Schicksal
1802 752 89 40 gehe
1915 752 121 33 deinen

1179 811 128 34 Lauf!“
1407 808 322 42 „Schicksal“
1769 810 45 31 ist
1843 807 87 34 alles
1970 806 46 35 Ge-

1179 865 166 38 schehen,
1369 865 64 33 das
1456 864 80 33 dem
1556 862 129 34 Willen
1710 862 62 33 der
1796 872 121 28 sogen.
1941 861 74 33 Men-

1179 920 110 34 schen
1320 921 143 36 spottet.
1518 916 171 39 Zufällige
1723 916 215 39 Kongruenz
1969 926 68 23 von

1179 973 186 35 Schicksal
1391 973 70 33 und
1486 971 130 34 Willen
1641 973 109 32 nennt
1773 981 81 23 man
1878 970 159 39 Erfolg!“

1250 1027 139 40 „Damit
1421 1029 44 31 ist
1496 1027 55 33 die
1582 1026 149 39 Tugend
1761 1025 64 34 des
1856 1025 182 38 Strebens,

1179 1083 68 34 wie
1275 1082 197 38 überhaupt
1497 1081 80 39 jede
1605 1080 149 39 Tugend
1783 1079 191 38 erledigt!“

1179 1137 50 39 „T
1243 1146 123 29 ugen
1383 1135 43 34 d“
1457 1137 45 33 ist
1522 1135 165 38 lediglich
1708 1134 62 34 der
1788 1133 169 35 Maßstab
1978 1133 61 34 des

1179 1192 156 39 Lasters,
1364 1194 70 31 wie
1464 1192 90 33 Geld
1584 1193 53 32 ein
1668 1191 168 34 Maßstab
1869 1191 62 34 der
1962 1190 58 34 Lei-

1179 1251 105 36 stung
1301 1251 55 31 ist.
1394 1247 102 34 Wird
1513 1250 63 31 mit
1593 1248 63 33 der
1674 1247 149 39 Tugend
1840 1247 199 39 gehandelt,

1179 1316 39 24 so
1244 1305 123 40 ergeht
1394 1315 38 24 es
1457 1305 53 33 ihr
1533 1306 71 32 wie
1629 1304 80 34 dem
1735 1304 123 40 Gelde,
1884 1305 51 33 sie
1959 1314 60 24 ver-

1179 1362 77 34 liert
1276 1362 74 34 ihre
1371 1361 382 40 Wertbeständigkeit,
1776 1360 60 34 hat
1858 1360 93 36 Kurs
1972 1359 68 33 und

1179 1417 200 34 Inflation!“
1474 1417 160 40 „Falsch,
1662 1419 94 31 mein
1782 1416 139 39 Lieber,
1952 1414 88 34 Geld

1179 1475 44 33 ist
1248 1475 54 32 ein
1327 1473 298 39 Handelsartikel,
1654 1474 74 33 also
1753 1472 116 34 haben
1895 1472 60 34 Sie
1980 1473 60 31 mit

1179 1530 117 34 dieser
1323 1529 117 35 These
1468 1529 202 35 Unrecht!“
1770 1529 54 39 „U
1839 1539 19 23 n
1875 1539 15 23 r
1906 1526 134 36 echt“

1179 1589 44 32 ist
1251 1590 89 31 stets
1370 1587 63 34 das
1463 1586 115 38 Recht
1610 1586 61 33 der
1700 1584 200 35 anderen!“

1179 1643 134 39 „Recht
1334 1645 44 33 ist
1399 1644 56 33 bei
1474 1643 107 34 Ihnen
1601 1643 169 40 Unrecht,
1792 1642 70 33 und
1882 1640 158 36 Unrecht

1179 1700 122 39 Recht,
1321 1711 77 23 was
1414 1702 45 32 ist
1477 1700 93 33 dann
1586 1699 247 34 Versailles?“
1910 1698 52 40 „V
1976 1708 43 23 er-

1179 1758 73 32 sai
1267 1757 32 32 11
1315 1756 71 34 es“
1416 1758 45 32 ist
1492 1757 54 32 ein
1574 1756 132 33 Vorort
1737 1766 71 23 von
1838 1755 114 38 Paris,
1984 1764 56 24 wo

1179 1813 64 34 das
1272 1813 221 36 Kaiserwort
1522 1823 63 23 zur
1612 1821 217 30 grausamen
1854 1811 187 33 Wahrheit

1179 1869 140 34 wurde:
1353 1868 89 40 „Am
1474 1869 195 34 deutschen
1698 1868 136 34 Wesen
1865 1867 90 34 wird
1986 1866 54 34 die

1179 1924 96 36 Welt
1304 1926 199 39 genesen!“
1556 1926 65 34 Die
1652 1935 113 30 ganze
1793 1924 98 34 Welt
1922 1924 118 34 macht

1179 1981 75 34 sich
1277 1981 78 34 dort
1378 1993 44 22 an
1445 1993 65 23 uns
1534 1982 180 39 gesund!“
1763 1977 257 43 (Sachverstän-

1180 2035 328 41 digenkonferenz.)
1612 2038 97 39 „Das
1738 2038 102 33 heiße
1872 2037 64 40 ich,
1968 2036 73 35 sich

1179 2094 248 39 diplomatisch
1451 2105 64 24 aus
1540 2095 63 34 der
1626 2095 168 39 Schlinge
1819 2094 135 40 ziehen,
1980 2093 62 33 der

1179 2153 131 33 reinste
1359 2152 336 34 Volksvertreter!“
1836 2150 178 41 „Volks-

1180 2210 236 31 vertrete
1431 2208 54 34 r“:
1526 2208 87 39 „Die
1648 2208 294 39 Rechtsanwälte
1980 2206 63 33 des

1179 2264 133 34 Volkes
1334 2267 46 30 im
1400 2265 179 34 Prozesse
1600 2275 115 29 gegen
1740 2265 64 34 das
1825 2264 103 35 Volk.
1973 2263 47 34 An-

1179 2320 133 40 walts-,
1339 2320 184 35 Gerichts-
1549 2322 71 33 und
1646 2322 273 33 Prozeßkosten
1949 2322 94 37 trägt

1181 2380 88 32 stets
1299 2377 64 35 das
1390 2377 92 34 Volk
1512 2378 127 39 selber,
1671 2379 83 33 weil
1785 2379 171 40 Prozese,
1988 2378 54 32 die

1179 2444 81 24 man
1286 2444 115 29 gegen
1430 2434 75 34 sich
1532 2435 117 33 selber
1677 2437 195 37 anstrengt,
1898 2436 56 32 nie
1984 2444 40 29 ge-

1179 2501 154 23 wonnen
1356 2490 148 34 werden
1527 2490 184 34 können!“
1822 2491 81 40 „Sie
1927 2490 115 34 haben

1180 2548 86 34 aber
1287 2547 162 35 wirklich
1469 2548 55 33 die
1544 2548 132 38 Satyre
1697 2558 62 23 zur
1777 2547 266 35 Wissenschaft
