2189 3048
1894 2647 50 69 1

142 320 154 67 Von
344 320 57 67 A
451 320 103 67 bis
603 318 48 66 Z

141 427 157 39 Walter
327 427 118 51 Krug

144 569 53 33 Da
232 569 83 33 rede
348 568 55 33 ich
434 577 70 24 nun
537 567 161 39 deutsch,
734 567 69 33 und
836 567 59 33 Sie
928 577 60 24 ver-

144 624 123 33 stehen
290 623 79 33 kein
391 621 148 35 Wort!“

143 686 95 39 „Das
260 686 122 38 schon,
405 686 86 33 aber
514 685 55 33 ich
591 685 90 34 habe
704 685 89 34 eben
815 696 69 23 von
908 685 99 33 Ihren

143 741 181 38 Begriffen
351 740 134 34 andere
508 741 50 33 Be
580 740 120 34 riffe!“

144 804 123 40 „Dann
295 805 114 34 haben
438 804 59 34 Sie
526 805 89 34 eben
644 805 55 33 die
727 804 159 39 Begriffe
914 803 96 35 nicht

143 860 217 39 begriffen!“

144 923 80 38 „Ich
246 923 135 34 arbeite
405 923 82 34 sehr
508 934 99 27 gern,
629 923 85 33 aber
737 923 76 33 Ihre
836 922 156 39 Begriffs-

146 978 83 33 welt
251 989 42 22 zu
316 978 229 34 verarbeiten
899 978 118 34 “

145 1041 82 39 „Sie
255 1042 160 33 arbeiten
442 1052 98 28 gern,
568 1042 67 32 und
665 1042 64 33 das
757 1039 166 36 erzählen
951 1039 60 34 Sic

145 1095 93 34 mir?
341 1096 223 37 „Arbeit“
679 1099 45 31 ist
751 1094 155 35 nämlich
935 1094 75 39 das,

147 1160 76 24 was
247 1160 134 29 ungern
419 1150 206 39 verrichtet,
662 1149 238 40 ungenügend
938 1151 55 31 ent-

146 1205 106 41 lohnt,
275 1205 69 33 und
365 1205 113 35 sofort
500 1204 157 35 anderen
678 1205 210 34 überlassen
908 1203 103 40 wird,

148 1269 104 24 wenn
275 1270 81 23 man
378 1271 42 22 an
442 1260 94 33 ihrer
557 1260 110 33 Stelle
687 1257 295 42 „Beschäfti-

148 1315 148 38 gung“
331 1315 122 39 erhält,
489 1315 81 33 weil
603 1315 148 33 letztere
783 1315 228 38 Vergnügen,

148 1368 117 40 Sport,
301 1369 83 34 evtl.
418 1369 174 39 Idiotcrie,
624 1369 150 34 niemals
806 1369 85 33 aber
925 1367 65 41 „Ar-

147 1423 94 34 beit“
261 1423 87 34 ist!“
430 1423 125 39 „Nette
576 1423 148 34 Ansicht
745 1423 74 39 das,
843 1423 85 34 aber
949 1422 64 33 das

149 1478 244 34 Christentum
427 1478 59 33 hat
519 1478 91 33 denn
645 1478 89 33 doch
770 1480 76 31 eine
879 1477 132 34 andere

148 1531 220 41 Auffassung
387 1532 119 35 dieses
523 1532 222 40 Begriffes!“

149 1595 453 38 „Christentum“!?
715 1595 75 34 Das
823 1596 44 33 ist
903 1595 109 34 leider

149 1660 64 23 nur
260 1650 55 33 die
364 1649 258 40 geschäftliche
671 1649 234 39 Ausbeutung
951 1648 62 34 der

149 1704 125 40 Lehre,
296 1704 69 33 und
387 1705 80 35 Kult
489 1705 62 32 der
571 1704 140 34 Person
732 1704 148 34 Christi!
968 1703 45 33 Er

149 1758 118 34 selber
297 1759 84 33 aber
425 1769 78 23 war
546 1759 62 33 der
652 1761 136 37 einzige
828 1758 185 34 wirkliche

149 1812 206 40 „Mensch“,
376 1813 61 33 der
457 1816 31 35 je
508 1813 118 39 gelebt
645 1813 102 34 hat!“

150 1875 85 39 „Ein
269 1876 134 39 Schlag
434 1878 53 33 ins
519 1876 131 34 Antlitz
684 1877 61 33 der
777 1876 236 39 Menschheit,

150 1931 69 33 und
249 1930 64 35 das
342 1933 46 30 im
417 1930 168 34 Zeitalter
614 1931 62 34 der
704 1931 310 38 Menschlichkeit,

150 1983 61 35 der
237 1983 277 35 Demokratie!“
610 1985 52 39 „D
679 1983 334 36 emokratic!?

151 2038 59 34 Sie
244 2042 45 31 ist
321 2049 66 23 nur
417 2039 63 34 der
513 2042 116 36 ewige
661 2040 172 39 Versuch,
868 2040 127 39 synthe-

151 2093 90 34 tisch
287 2094 232 34 Volkswillen
570 2094 249 34 darzustellen.
889 2093 127 34 Leider

151 2147 128 39 langt’s
303 2150 127 33 immer
452 2160 64 22 nur
539 2149 54 34 bis
617 2160 62 22 zur
704 2149 168 39 Analyse,
896 2151 33 31 in
953 2149 63 33 der

150 2203 135 33 freilich
304 2203 244 34 Deutschland
566 2205 31 32 in
617 2204 70 33 der
687 2204 95 33 Welt
800 2215 112 23 voran
930 2204 86 34 ist!“

221 2268 94 39 „Ehe
344 2269 59 33 Sic
432 2270 128 33 weiter
588 2270 198 38 sprechen“

153 2332 80 37 „Ich
252 2334 80 33 muß
350 2334 86 34 aber
454 2336 126 32 weiter
597 2335 187 39 sprechen,
803 2335 89 34 denn
910 2345 104 23 wenn

155 2387 59 35 Sie
247 2390 90 33 auch
371 2391 66 33 den
472 2391 138 39 Begriff
642 2391 118 39 „Ehe“
795 2391 127 39 richtig
957 2402 40 23 an-

155 2445 162 39 wenden,
336 2456 39 24 so
394 2447 43 33 ist
456 2447 64 33 das
538 2457 64 23 nur
623 2448 54 32 ein
695 2447 153 33 Zufall!“
877 2447 49 39 „E
941 2447 20 33 h
978 2447 38 33 c“

156 2500 43 31 ist
215 2500 153 34 nämlich
386 2501 55 33 die
459 2502 241 38 Vereinigung
718 2502 62 33 der
799 2502 197 33 Geschlech-

155 2554 54 31 ter
238 2564 41 22 zu
310 2556 114 32 einem
453 2556 159 37 Ganzen,
656 2556 86 34 ehe
785 2557 51 33 sie
868 2556 149 34 erkannt

1063 320 126 40 haben,
1218 320 67 34 daß
1325 321 50 33 sie
1416 320 190 39 eigentlich
1644 321 103 33 keine
1784 320 140 34 Hälften

1065 375 119 34 sind!“
1335 375 73 34 Soll
1430 374 117 35 dieser
1570 374 248 41 „Ehebegriff“
1840 376 69 33 viel-

1064 429 106 35 leicht
1198 430 62 34 der
1288 429 154 34 Freiheit
1471 431 76 32 eine
1575 429 117 34 Gasse
1720 429 207 35 brechen?“

1064 484 48 40 „F
1127 483 142 34 reihe
1284 485 51 32 it!
1348 484 43 32 ?“
1491 484 86 33 Eine
1612 483 224 40 Tarnkappe,
1874 485 53 32 die

1063 538 104 39 jeden
1187 538 94 34 ihrer
1300 539 164 34 Besitzer
1484 538 206 35 unsichtbar
1709 539 161 33 macht!“

1066 592 188 36 Abermals
1283 593 124 34 würde
1437 593 54 33 ich
1519 603 59 23 um
1606 595 54 31 ein
1691 593 93 33 Ideal
1812 595 116 32 ärmer

1066 649 84 38 sein,
1168 658 107 23 wenn
1292 648 55 33 ich
1364 650 65 31 mir
1446 648 77 33 Ihre
1543 647 208 39 Gesinnung
1768 658 43 22 zu
1828 650 98 37 eigen

1066 702 183 33 machte!“
1337 702 54 40 ~G
1407 704 179 32 esinnu
1601 702 72 38 ng!
1687 702 42 33 ?“
1777 702 45 34 Ist
1845 704 63 32 wei-

1066 758 54 32 ter
1142 757 126 39 nichts,
1293 757 52 34 als
1371 757 62 33 der
1458 757 199 39 freiwillige
1683 757 167 34 Verzicht
1873 757 57 33 auf

1067 811 67 34 den
1153 811 192 34 Gebrauch
1363 812 62 33 der
1443 812 151 33 Sinne!“
1669 811 185 40 „Handeln
1871 811 57 34 Sie

1070 865 91 34 denn
1195 877 67 22 nun
1301 867 90 33 auch
1425 866 117 35 selber
1579 867 135 34 diesem
1750 867 84 33 Sinn
1868 877 40 29 ge-

1067 919 133 34 mäß?“
1345 920 288 40 „Handel!?“
1718 921 63 34 das
1802 923 43 32 ist
1868 921 63 33 das

1067 975 144 41 Pendel,
1263 972 211 42 („Wandel“
1521 972 182 43 genannt),
1750 975 178 34 zwischen

1067 1029 205 35 Produzent
1335 1031 68 32 und
1469 1030 264 36 Konsument!“
1819 1030 109 34 Jenen

1068 1083 144 39 nötigt’s
1234 1084 96 39 billig
1354 1084 231 42 abzugeben.,
1609 1085 133 39 diesen,
1765 1087 100 32 teuer
1890 1094 40 24 zu

1069 1138 230 34 erwerben!“

1070 1194 118 39 „Mein
1221 1196 138 38 Fieber,
1394 1196 64 35 das
1490 1205 114 25 nenne
1637 1197 56 33 ich
1725 1196 206 39 „Intellekt“

1070 1250 57 33 auf
1152 1250 225 40 Irrwegen!“

1068 1305 34 39 „I
1116 1308 82 31 nte
1213 1305 32 34 11
1261 1305 55 34 ek
1331 1306 33 33 t“
1389 1308 44 32 ist
1455 1316 64 23 nur
1543 1306 63 33 der
1628 1306 184 38 Reflektor
1838 1307 94 32 einer

1069 1359 229 41 Fichtquelle,
1340 1359 126 35 kann’s
1508 1360 86 34 aber
1639 1360 83 35 evtl,
1765 1370 71 24 von
1872 1360 61 33 der

1069 1414 195 34 Glühbirne
1291 1415 53 34 bis
1371 1425 80 23 zum
1479 1414 334 35 Scheinschmeißer
1840 1414 74 34 brin-

1069 1469 110 36 gen!“
1271 1469 107 39 „Eine
1403 1469 420 39 Begriffskonstruktion,
1849 1469 84 34 aber

1071 1525 76 32 eine
1172 1523 82 35 sehr
1280 1524 242 34 künstliche!“

1070 1579 217 41 „Künstlich,
1370 1580 49 39 „K
1434 1591 20 22 u
1469 1591 20 22 n
1506 1591 16 23 s
1536 1580 34 34 t“
1591 1583 44 31 ist
1655 1584 90 31 stets
1765 1583 53 31 ein
1839 1580 71 34 Gan-

1071 1644 71 30 zes,
1171 1645 71 23 von
1271 1635 80 33 dem
1381 1646 66 23 uns
1474 1635 198 34 Menschen
1700 1646 64 23 nur
1793 1635 138 33 Hälften

1071 1690 211 38 zugänglich
1303 1690 88 33 sind.
1414 1690 90 33 Dem
1524 1690 177 39 Schöpfer
1723 1690 63 34 des
1806 1690 106 36 Kunst-

1072 1744 121 34 werks
1217 1744 54 34 die
1295 1745 87 37 eine,
1406 1746 117 32 seiner
1545 1745 156 34 Umwelt
1725 1745 55 33 die
1802 1744 131 34 andere

1072 1797 160 34 Hälfte!“
1313 1798 75 35 Das
1408 1798 123 35 Ganze
1551 1799 142 39 genießt
1716 1800 84 33 Gott
1822 1799 111 37 allein,

1129 1852 69 33 und
1215 1872 44 5 —•
1277 1852 370 42 selbstverständlich,
1668 1854 54 33 die
1739 1852 194 37 Kritiker!“

1071 1906 86 38 „Ein
1185 1907 145 35 wahres
1358 1907 86 33 Leid
1472 1910 44 31 ist
1546 1918 48 29 es,
1623 1907 59 34 Sie
1709 1911 62 31 mit
1800 1918 39 24 so
1866 1908 67 32 fest

1071 1961 168 39 gefügten
1308 1961 182 40 Begriffen
1560 1962 263 34 umherwerfen
1893 1972 40 22 zu

1073 2015 152 34 sehen!“
1318 2016 85 39 „Ein
1429 2016 163 39 „Leid“
1618 2019 44 32 ist
1689 2019 54 31 ein
1770 2018 165 37 geringer

1073 2069 98 34 Grad
1196 2081 70 23 von
1292 2071 148 40 Freude,
1466 2073 69 31 wie
1562 2071 101 35 Kälte
1690 2074 51 30 ein
1770 2073 163 37 geringer

1074 2123 98 34 Grad
1198 2135 72 23 von
1294 2125 148 34 Wärme
1470 2126 87 34 ist!“
1605 2126 86 34 Leid
1717 2126 92 33 kann
1836 2125 99 34 mehr

1073 2178 52 34 als
1145 2178 138 35 Freude
1304 2182 166 37 ertragen
1489 2180 159 39 werden,
1668 2182 70 32 wie
1760 2190 80 23 man
1860 2178 73 36 sich

1072 2234 33 36 ja
1127 2232 90 34 auch
1239 2243 114 29 gegen
1378 2234 100 36 Kälte
1501 2234 126 35 besser
1650 2234 170 35 schützen
1842 2234 91 33 kann

1075 2287 51 33 als
1158 2297 116 29 gegen
1304 2287 159 34 Wärme.
1516 2288 149 34 Wärme
1696 2291 68 31 wie
1798 2287 135 35 Freude

1076 2342 146 33 werden
1253 2345 90 31 stets
1373 2342 200 39 angenehm
1605 2342 223 40 empfunden,
1858 2341 76 35 sind

1076 2395 85 34 aber
1194 2396 91 33 ohne
1317 2397 196 33 kühlendes
1546 2397 87 33 Leid
1666 2398 75 32 eine
1773 2397 161 38 ständige

1075 2448 409 42 Sonnenstichgefahr!“
1579 2451 82 39 „Sie
1687 2452 75 33 also
1788 2450 145 34 würden

1076 2503 73 33 sich
1166 2503 176 35 demnach
1358 2505 111 34 selbst
1486 2516 79 22 zum
1582 2506 192 34 schönsten
1792 2505 123 33 Liebcs-

1076 2557 128 33 rausch
1230 2558 90 33 noch
1347 2558 87 33 Leid
1462 2559 246 33 wünschen?“
1804 2558 48 38 „L
1867 2560 7 30 i
1891 2568 17 22 e
1923 2574 12 4 -
