2278 3048
321 374 111 54 Dr.
454 375 331 56 Walther
810 379 486 61 Rothschild,
1327 377 655 54 Bln.-Grunewald

1374 555 227 40 Soeben
1643 553 311 39 erschien:

1045 656 339 63 Gustav
1421 655 280 62 Adolf
1738 655 218 61 Walz

1601 739 63 34 Dr.
1681 739 73 47 jur.
1780 738 64 34 Dr.
1862 738 92 48 phil,

1043 804 261 34 Privatdozent
1336 816 46 21 an
1417 803 66 35 der
1515 801 228 36 Universität
1777 800 179 48 Marburg

1044 912 156 70 Die
1252 910 505 70 Staatsidee
1811 910 142 70 des

344 1051 685 73 Rationalismus
1076 1056 171 68 und
1294 1056 148 68 der
1489 1054 467 68 Romantik

344 1195 165 68 und
554 1197 129 67 die
730 1197 832 96 Staatsphilosophie
1609 1198 346 70 Fichtes

1045 1350 197 53 Zugleich
1271 1352 69 38 ein
1356 1351 185 39 Versuch
1560 1364 74 25 zur
1653 1349 303 55 Grundlegung

1045 1413 116 39 einer
1189 1413 272 53 allgemeinen
1487 1413 423 55 Sozialmorphologie

1045 1484 85 34 XVI
1155 1485 77 33 und
1256 1484 75 34 688
1355 1484 125 35 Seiten
1506 1485 225 35 Grossoktav

1045 1537 39 34 M
1106 1538 95 41 30,
1210 1551 10 28 ;
1249 1538 229 35 Ganzleinen
1504 1538 40 35 M
1567 1538 95 42 35,

346 1685 101 26 Dieses
465 1686 82 25 Buch
567 1692 71 19 setzt
657 1686 59 25 sich
736 1696 50 15 aus
806 1687 61 24 drei
880 1688 98 25 Teilen
997 1697 177 16 zusammen:
1194 1698 50 16 aus
1264 1689 78 25 einer
1355 1689 208 33 Grundlegung
1582 1690 49 26 der
1651 1691 189 32 allgemeinen
1856 1692 100 25 Sozial-

346 1730 209 34 morphologie;
579 1741 51 15 aus
653 1732 50 25 der
722 1732 194 33 Betrachtung
938 1733 51 25 der
1008 1733 154 25 Staatsidee
1187 1733 48 26 des
1255 1733 223 27 Rationalismus
1503 1735 60 25 und
1582 1735 49 26 der
1841 1737 115 25 endlich

346 1785 50 16 aus
416 1777 80 25 einer
514 1777 222 32 Untersuchung
756 1777 50 25 der
824 1777 186 26 Fichteschen
1031 1777 279 33 Staatsphilosophie.
1348 1778 32 26 In
1401 1779 50 26 der
1470 1780 173 26 liefinneren
1658 1781 188 34 Verbindung
1865 1782 91 26 dieser

347 1821 60 25 drei
426 1821 121 26 Gebiete
570 1831 33 15 zu
628 1822 80 25 einer
726 1822 217 32 geschlossenen
962 1822 116 26 Einheit
1097 1822 111 26 kommt
1227 1822 48 27 das
1296 1823 193 26 Grundmotiv
1509 1825 91 25 dieses
1620 1826 117 25 Werkes
1759 1836 50 16 zur
1829 1827 127 26 Erschei-

346 1875 92 24 nung:
462 1866 46 25 die
530 1866 126 25 isolierte
681 1866 116 25 Rechts-
823 1866 60 26 und
902 1866 288 27 Staatswissenschaft
1215 1867 88 26 durch
1324 1868 53 25 den
1399 1869 127 26 Versuch
1546 1871 79 25 einer
1644 1871 190 33 allgemeinen
1855 1872 101 26 Sozial-

346 1910 206 33 morphologie,
576 1910 86 27 deren
682 1910 213 33 Grundgesetze
918 1911 72 26 auch
1013 1911 49 26 für
1080 1913 41 24 sie
1140 1911 161 34 Gültigkeit
1319 1913 225 33 beanspruchen,
1562 1916 30 25 in
1613 1917 137 32 grössere,
1773 1917 183 26 umfassende

346 1955 265 32 Zusammenhänge
625 1956 203 30 cinzuordnen,
841 1965 50 17 um
905 1957 40 25 sie
958 1957 53 25 mit
1023 1966 104 16 neuem
1138 1957 94 25 Leben
1246 1967 33 16 zu
1294 1958 169 26 befruchten
1479 1960 58 26 und
1552 1971 94 16 neuen
1657 1962 97 25 Zielen
1769 1962 189 26 zuzuführen-

346 2001 55 25 Die
412 2000 287 33 Sozialmorphologie
713 2002 189 24 unternimmt
914 2010 38 21 es,
967 2002 45 24 die
1021 2002 96 25 bisher
1128 2004 162 24 wesentlich
1302 2004 166 26 einheitlich
1481 2004 153 34 „amorph“
1647 2008 150 31 geschaute
1807 2008 149 25 rechtlich-

347 2045 103 26 soziale
467 2045 78 25 Welt
565 2045 32 25 in
621 2045 60 25 drei
704 2045 333 33 sozialmorphologische
1057 2047 190 32 Grundtypen
1267 2049 313 27 auszukristallisieren.
1618 2052 98 25 Durch
1736 2053 42 25 sie
1796 2053 93 26 erhält
1908 2053 49 25 der

347 2098 95 25 grosse
465 2090 194 32 Umschwung
686 2090 50 25 der
764 2091 204 31 europäischen
992 2091 142 33 Ideologie
1162 2101 66 16 vom
1253 2092 287 28 Naturrechtdenken
1567 2096 49 25 des
1641 2097 225 26 Rationalismus
1891 2108 65 16 zum

346 2135 308 32 historisch-positiven
678 2135 122 25 Denken
824 2135 50 25 der
893 2136 155 25 Romantik
1072 2146 73 16 neue
1171 2137 161 32 ungeahnte
1357 2138 179 34 Bedeutung.
1573 2141 54 25 Die
1647 2142 113 26 Thesen
1785 2142 50 27 der
1855 2143 101 26 Natur-

345 2180 319 25 rechtskonstrukteure
684 2179 113 26 werden
816 2180 122 25 erkannt
956 2180 40 25 als
1017 2180 44 26 die
1081 2187 93 20 ersten
1188 2182 156 26 modernen
1360 2182 144 28 Versuche
1517 2194 34 16 zu
1566 2186 78 26 einer
1658 2186 213 32 umfassenden,
1890 2197 66 17 vom

347 2225 93 25 Recht
458 2225 61 25 und
537 2234 66 16 vom
624 2225 76 25 Staat
718 2225 200 33 ausgehenden
935 2225 164 33 Soziologie,
1118 2226 111 26 freilich
1250 2228 53 24 mit
1323 2229 126 30 gänzlich
1470 2230 232 28 verschiedenem
1724 2234 232 32 sozial-morpho-

345 2270 147 32 logischen
511 2270 192 32 Ideengehalt.

346 2315 54 26 Die
407 2314 171 33 Bedeutung
586 2315 78 25 einer
672 2315 115 26 solchen
797 2315 353 34 sozialmorphologischen
1156 2317 187 34 Beurteilung
1350 2319 73 33 zeigt
1432 2318 44 27 die
1483 2319 222 36 Untersuchung
1713 2323 50 25 der
1769 2324 187 25 Fichteschen

347 2359 282 32 Staatsphilosophie.
641 2359 86 28 Jener
732 2359 120 26 Wandel
862 2360 111 26 Fichtes
984 2370 65 16 vom
1054 2361 155 28 Jakobiner
1219 2372 65 15 zum
1292 2362 251 28 Staatssozialisten
1554 2365 60 25 und
1621 2366 335 29 Staatsmachiavellisten

345 2405 92 25 erhält
451 2410 58 19 erst
521 2406 30 23 in
565 2405 49 25 der
627 2405 355 33 sozialmorphologischen
996 2406 188 34 Einordnung
1198 2407 77 26 seine
1288 2407 229 27 abschliessende
1530 2410 214 34 befriedigende
1757 2412 199 35 Ausdeutung.

345 2450 43 25 Da
408 2449 46 25 die
473 2458 116 24 grossen
609 2450 257 32 staatspolitischen
880 2451 149 26 Probleme
1047 2452 41 24 im
1102 2451 186 27 Fichteschen
1304 2452 205 27 Staatsdenken
1529 2454 86 27 heute
1636 2457 104 25 wieder
1759 2457 110 27 aktuell
1884 2459 72 30 sind,

344 2495 82 26 leitet
449 2495 49 25 das
521 2495 86 25 Werk
630 2495 30 24 in
686 2495 46 25 die
756 2495 162 27 modernste
943 2496 248 32 staatsrechtliche,
1216 2497 150 31 politische
1391 2499 58 24 und
1474 2500 161 27 iuristische
1659 2501 194 27 Problematik
1879 2504 78 25 über.

347 2609 588 43 Achtseitiger
985 2611 408 42 Prospekt
1438 2621 86 27 zu
1570 2615 382 37 Diensten
