3487 4422
1697 194 111 50 250

139 327 103 50 ihre
266 327 258 53 Gedanken
547 329 221 51 hierüber
797 330 259 52 mittheilen
1087 331 96 51 und
1214 333 270 69 überhaupt
1514 334 73 52 die
1609 336 66 51 Un-

138 406 412 52 vollkommenheit
590 407 148 51 dieses
768 409 210 52 Werkes
1020 411 83 51 mit
1144 419 146 43 etwas
1332 415 255 50 Rücksicht
1630 416 84 49 auf

139 485 185 49 meinen
348 486 176 50 Wiilen
548 486 294 51 beurtheilen
867 494 188 63 mögen,
1086 491 202 50 welches
1317 493 71 49 ich
1416 510 77 32 um
1519 510 49 33 so
1592 494 116 51 eher

141 565 156 49 hoffen
335 565 118 60 darf,
494 583 137 33 wenn
672 567 72 50 ich
787 567 89 51 den
922 571 246 66 geneigten
1199 573 144 48 Leser
1387 573 83 49 mit
1507 573 84 50 der
1619 575 89 48 Art

139 642 181 50 meiner
360 644 355 52 musicalischen
753 646 206 70 Bildung
999 650 97 50 und
1139 650 230 51 fernerem
1399 653 310 50 Fortschritte

134 721 49 51 in
212 722 114 50 aller
354 724 158 50 Kürze
543 724 210 52 bekannt
782 729 182 59 mache,
994 730 87 50 ehe
1110 730 72 48 ich
1206 731 120 49 noch
1351 739 144 42 etwas
1517 733 159 50 Mehre-

138 819 73 33 res
240 819 87 33 von
359 802 160 52 diesen
550 806 208 50 Sonaten
786 824 128 51 sage.

272 882 232 58 „Meinem
536 893 145 59 guten
707 886 142 51 Vater
871 889 122 48 habe
1022 888 71 49 ich
1126 889 74 51 die
1223 890 266 67 praktische
1515 891 161 52 Anwei-

136 978 120 50 sung
301 964 85 48 auf
420 965 362 51 verschiedenen
825 968 355 50 musicalischen
1219 970 349 51 Instrumenten
1611 973 98 49 und

137 1048 146 43 etwas
305 1042 210 51 Einsicht
541 1045 44 48 in
609 1045 73 50 die
706 1046 256 51 Harmonie
985 1065 55 32 zu
1063 1049 292 59 verdanken;
1388 1051 95 50 und
1512 1068 51 33 so
1594 1053 113 67 ging

136 1120 73 49 ich
239 1121 120 50 nach
383 1124 270 68 Hamburg,
675 1143 73 32 wo
778 1126 73 49 ein
872 1126 144 51 Jeder
1044 1129 118 49 nach
1194 1130 153 51 seiner
1369 1131 89 50 Art
1487 1131 93 50 und
1611 1134 97 49 also

138 1200 118 49 auch
291 1202 72 49 ein
388 1202 173 68 junger
593 1205 206 48 Musiker
838 1206 127 51 nicht
1008 1225 90 32 nur
1128 1210 389 69 Aufmunterung
1547 1211 162 61 findet,

138 1280 206 51 sondern
374 1282 120 50 auch
520 1284 304 67 Gelegenheit
852 1285 98 60 hat,
980 1288 127 49 seine
1124 1289 359 68 Wissbegierde
1512 1291 47 50 in
1587 1293 122 49 allen

146 1360 23 47 1
184 1360 152 49 heilen
359 1360 149 51 dieser
531 1364 152 48 Kunst
711 1383 55 30 zu
796 1364 309 71 befriedigen.
1135 1369 88 49 Mit
1243 1369 291 67 Vergnügen
1557 1370 151 51 denke

138 1439 75 48 ich
245 1456 58 32 an
334 1440 80 49 das
444 1442 139 58 Gute,
614 1459 97 33 was
740 1444 74 49 ich
846 1444 205 52 daselbst
1081 1448 226 50 während
1335 1449 201 51 meinem
1567 1451 112 49 zehn-

134 1519 215 67 jährigen
392 1520 277 52 Aufenthalt
705 1525 222 65 gesehen,
978 1526 171 68 gehört
1176 1528 95 50 und
1302 1547 227 49 genossen
1558 1530 147 59 habe;

139 1615 59 31 an
228 1599 88 48 alle
358 1597 74 51 die
461 1600 206 51 schönen
698 1604 254 49 Oratorien
984 1606 83 49 der
1097 1614 154 42 ersten
1281 1609 206 57 Meister,
1530 1608 74 50 die
1633 1609 74 49 ich

137 1676 204 51 daselbst
368 1679 47 49 in
446 1679 91 51 den
559 1681 295 52 Liebhaber-
885 1685 96 50 und
1012 1685 297 52 öffentlichen
1336 1689 260 49 Concerten
1627 1708 54 49 ge-

138 1756 106 50 hört
266 1756 116 51 oder
404 1759 329 70 mitgesungen
755 1763 98 49 und
876 1765 194 67 gespielt
1092 1765 143 60 habe;
1267 1785 60 32 an
1357 1768 89 50 alle
1476 1768 72 50 die
1572 1769 107 51 deut-

136 1835 156 61 schen,
336 1836 341 54 französischen
719 1841 95 50 und
856 1843 319 52 italiänischen
1210 1846 277 68 Operetten,
1530 1865 60 33 an
1633 1848 74 50 die

137 1916 328 51 Pantomimen
489 1919 95 49 und
607 1921 214 60 Ballette,
852 1921 72 51 die
955 1924 71 49 ich
1056 1924 46 49 in
1131 1924 91 51 den
1247 1926 335 68 Schauspielen
1604 1928 76 50 auf-

136 1995 175 49 fuhren
339 1997 109 58 sah;
494 2015 58 33 an
593 2000 88 50 alle
710 2000 73 51 die
818 2003 147 49 vielen
1011 2004 209 52 fremden
1249 2006 228 61 Musiker,
1507 2006 73 51 die
1610 2008 95 49 sich

136 2074 236 52 öffentlich
402 2076 115 51 oder
546 2079 213 67 privatim
790 2081 148 51 hören
981 2083 191 59 Hessen;
1216 2103 61 33 an
1319 2086 74 50 die
1435 2105 107 32 zum
1571 2088 136 49 Theil

136 2155 350 51 vortrefflichen
503 2159 448 61 Kirchenmusiken;
981 2179 58 33 an
1070 2164 88 49 alle
1187 2164 73 51 die
1291 2165 185 51 kleinen
1506 2168 171 49 musica-

137 2232 174 51 lischen
343 2235 172 60 Cirkel,
556 2238 245 52 worinnen
844 2241 311 66 gewetteifert
1196 2244 149 60 ward,
1388 2245 98 50 und
1524 2264 59 32 an
1615 2248 88 49 alle

137 2311 75 50 die
235 2312 200 51 theuren
461 2315 207 60 Gönner,
692 2319 170 49 Music-
886 2319 97 51 und
999 2321 470 63 Menschenfreunde,
1492 2325 74 50 die
1582 2326 125 51 mein

138 2392 150 49 Glück
327 2392 258 53 befördern
616 2396 169 52 halfen.
829 2400 86 48 Mit
945 2399 364 53 dankerfülltem
1338 2405 187 48 Herzen
1553 2422 152 34 nenne

133 2470 74 49 ich
239 2471 102 50 hier
369 2480 139 42 unter
536 2474 89 49 den
649 2476 162 50 Vielen
841 2497 90 30 nur
960 2478 88 50 den
1078 2480 90 50 mir
1195 2483 265 63 vorzüglich
1491 2484 212 49 werthen

131 2551 185 50 Namen
346 2551 79 51 des
442 2554 491 63 Menschenfreundes,
964 2559 85 49 der
1078 2560 121 50 mich
1229 2561 153 50 seiner
1408 2563 294 50 besonderen

129 2630 281 69 Zuneigung
439 2632 252 69 würdigte,
722 2635 80 50 des
832 2654 193 48 grossen
1054 2639 213 51 Meisters
1307 2658 194 33 unserer
1529 2644 173 58 Kunst,

132 2709 79 49 des
241 2711 158 48 Herrn
432 2711 372 69 Capellmeisters
835 2718 50 48 C.
917 2719 49 48 P.
997 2719 56 48 E.
1083 2720 166 52 Bach.
1305 2721 138 50 Doch
1483 2739 104 33 war
1627 2724 73 48 ich

129 2789 47 48 in
206 2789 215 49 Hinsicht
451 2790 82 49 der
556 2793 246 50 Setzkunst
830 2795 127 50 nicht
985 2795 108 51 sehr
1117 2798 245 66 glücklich.
1393 2801 141 47 Denn
1556 2801 146 49 Einer

131 2867 83 49 sah
246 2867 147 50 durch
425 2869 73 49 die
528 2871 60 50 W
603 2871 329 52 ein-Bouteille
960 2876 121 49 nach
1111 2878 179 48 meiner
1318 2878 185 59 Arbeit,
1543 2879 156 51 indem

132 2963 52 31 er
212 2946 63 50 sie
298 2946 306 61 beurtheiite;
637 2951 71 49 ein
727 2951 219 51 Anderer
970 2954 159 51 führte
1153 2955 122 50 mich
1296 2956 121 50 nach
1444 2958 227 50 Griechen-

133 3025 123 60 land,
287 3026 194 69 Lydien,
512 3029 235 68 Phrygien
772 3033 95 49 und
896 3034 89 49 wie
1009 3034 73 49 die
1106 3036 254 50 Provinzen
1384 3036 59 51 da
1465 3038 88 50 alle
1577 3038 97 49 heis-

131 3121 95 32 seil.
269 3106 65 48 Es
363 3123 102 34 war
493 3109 271 65 gleichsam,
809 3113 65 48 als
905 3116 173 47 müsste
1107 3114 74 51 ein
1210 3115 363 70 Küchenjunge,
1610 3118 88 48 ehe

129 3184 97 48 und
270 3184 143 49 bevor
453 3203 50 31 er
542 3187 102 51 eine
674 3190 214 51 Schüssel
922 3194 204 49 Gemüse
1164 3195 240 50 anrichten
1445 3196 136 59 lernt,
1623 3196 74 50 die

126 3262 725 69 Auswanderungs-Geschichte
874 3270 83 50 der
974 3273 255 50 Gewächse
1252 3292 84 31 aus
1357 3275 150 51 ihrem
1525 3276 142 49 Vater-

131 3342 134 51 lande
296 3344 181 49 wissen.
508 3345 90 48 Ein
623 3347 178 49 Dritter
823 3350 82 47 riss
929 3350 140 50 heute
1093 3351 80 50 das
1197 3354 361 67 Lehrgebäude,
1581 3356 85 49 wel-

128 3421 108 48 ches
278 3439 51 32 er
372 3430 188 58 gestern
603 3424 70 49 bis
716 3440 105 34 zum
860 3435 209 62 zweyten
1105 3430 274 52 Stockwerk
1418 3434 279 67 aufgeführt

129 3500 144 58 hatte,
303 3501 178 50 wieder
509 3502 98 58 ein;
646 3504 98 49 und
781 3519 49 34 so
870 3505 124 51 blieb
1025 3506 72 50 ich
1126 3508 167 50 immer
1322 3510 60 51 da
1409 3514 178 58 stehen,
1618 3530 75 33 wo

129 3579 73 48 ich
232 3596 116 42 war,
392 3580 70 49 bis
491 3582 73 49 ich
595 3584 122 48 mich
749 3584 183 49 endlich
974 3585 88 69 bey
1092 3588 179 49 meiner
1302 3589 111 66 jetzt
1440 3594 251 66 ruhigeren

128 3656 278 62 Lebensart,
434 3660 220 51 wiewohl
684 3664 84 48 mit
796 3664 297 67 unsäglicher
1121 3668 161 57 Mühe,
1313 3668 74 49 bei
1416 3669 90 51 den
1535 3673 125 49 Stum-

127 3753 110 31 men
268 3737 148 49 Raths
446 3739 203 58 erholte;
679 3741 98 50 und
806 3759 50 32 so
886 3746 172 63 mögen
1088 3744 121 49 denn
1241 3745 123 51 diese
1393 3749 206 51 Sonaten
1627 3753 66 48 als

126 3815 73 49 ein
228 3815 214 48 Versuch
473 3819 266 63 angesehen
768 3820 210 60 werden,
1007 3821 89 50 wie
1117 3822 74 50 ich
1214 3824 81 51 das
1318 3824 158 51 bisher
1500 3828 160 52 Gesam-

123 3895 142 49 melte
296 3894 44 49 in
371 3895 318 68 Anwendung
720 3897 231 66 gebracht
980 3900 136 52 habe.

214 3975 120 57 „Die
355 3972 303 69 Entstehung
681 3975 245 51 derselben
955 3979 56 49 ist
1041 3980 240 67 folgende:
1312 3982 119 49 Eine
1460 3984 231 59 zärtliche,

120 4052 186 70 hitzige,
338 4052 278 60 mürrische,
647 4055 167 66 lustige
843 4055 113 51 oder
987 4057 171 52 andere
1189 4061 163 50 Laune
1384 4061 93 66 gab
1510 4063 183 50 allemal

120 4132 91 50 den
236 4140 155 44 ersten
416 4134 300 50 Urstoffher.
748 4135 86 49 Mit
857 4135 127 51 einer
998 4139 188 49 solchen
1209 4143 165 48 Laune
1398 4159 97 31 nun
1519 4141 174 51 schlich

119 4211 116 51 oder
263 4214 164 68 hüpfte
456 4214 117 50 oder
599 4215 201 66 polterte
828 4214 91 61 ich,
961 4216 120 50 nach
1110 4219 280 66 Maassgabe
1427 4219 85 51 der
1538 4219 127 67 jedes-

1787 341 204 66 maligen
2020 343 342 71 Empfindung,
2403 348 120 51 über
2551 348 81 51 das
2663 348 254 52 Griffbrett
2947 350 176 51 meines
3156 352 201 52 C!a\iers

1785 419 102 58 her,
1931 421 97 49 und
2057 421 74 51 die
2161 423 211 53 dadurch
2404 429 334 50 entstehenden
2771 432 131 48 Töne
2932 430 155 68 gaben
3118 434 238 65 ungefähr

1785 498 82 49 das
1905 499 175 51 lliema
2111 518 76 42 an,
2217 505 202 51 welches
2448 508 117 49 nach
2594 509 102 50 Zeit
2730 508 96 49 und
2857 509 308 67 Gelegenheit
3194 512 163 49 weiter

1784 578 285 67 ausgeführt
2097 581 146 50 ward.
2276 585 61 49 So
2368 588 214 51 entstand
2613 588 82 49 das
2716 588 220 51 Andante
2968 589 81 50 der
3078 590 170 51 dritten
3271 593 57 48 So-

1784 663 126 53 nate,
1940 659 66 47 als
2036 658 71 49 ich
2131 660 222 52 Madame
2385 665 42 50 la
2451 667 296 67 Caprieieuse
2776 668 83 48 mit
2888 668 147 49 ihrem
3062 669 269 51 sanftmüthi-

1785 754 91 50 gen
1905 738 278 50 Ehemanne
2212 739 259 71 dialogiren
2503 747 149 50 hörte.
2686 747 103 50 Und
2813 748 82 49 mit
2917 747 84 50 der
3025 750 332 68 Empfängniss

1787 816 82 50 der
1898 818 166 49 letzten
2095 819 173 49 Sonate
2298 823 112 66 ging
2441 841 47 31 es
2517 842 49 32 so
2596 843 82 33 zu:
2707 827 79 49 Ich
2818 844 100 31 war
2942 827 89 66 (ich
3064 828 134 49 weiss
3227 829 124 50 nicht

1787 896 150 59 mehr,
1968 896 242 68 worüber)
2241 903 249 63 ärgerlich,
2533 905 133 50 recht
2706 907 108 48 sehr
2856 908 229 66 ärgerlich
3130 908 96 49 und
3255 926 75 33 ver-

1785 975 254 59 driesslich,
2085 976 94 50 und
2222 978 107 50 kam
2361 998 49 32 so
2442 980 70 51 bis
2542 1001 82 31 ans
2655 985 196 59 Ciavier,
2897 1003 76 32 um
3006 985 174 51 darauf
3203 989 152 50 meine

1784 1056 193 50 Bosheit
2006 1058 313 59 auszulassen,
2365 1060 94 50 und
2503 1063 196 65 polterte
2743 1064 149 51 daher
2921 1064 134 67 (Tact
3086 1064 123 70 33):
3255 1067 100 50 hier

1785 1135 112 50 hielt
1924 1135 72 50 ich
2028 1136 211 68 plötzlich
2271 1139 121 58 inne,
2424 1140 95 50 und
2544 1140 73 51 die
2640 1143 330 52 Aehnlichkeit
2992 1145 229 51 zwischen
3245 1145 105 51 dem

1784 1215 219 67 Anfange
2032 1216 146 50 dieses
2203 1219 156 50 Satzes
2384 1219 94 51 und
2502 1220 105 51 dem
2631 1222 219 68 Anfange
2874 1225 84 49 der
2978 1227 165 58 Music,
3176 1228 177 49 welche

1784 1295 71 50 ich
1887 1295 151 67 einige
2069 1298 190 49 Monate
2291 1317 140 32 zuvor
2474 1300 86 50 auf
2602 1300 80 51 des
2711 1302 162 50 Herrn
2904 1304 173 50 Grafen
3106 1322 89 33 von
3224 1307 100 49 Stol-

1784 1374 118 68 berg
1943 1375 148 59 „Kain
2123 1393 75 33 am
2229 1378 115 51 Ufer
2382 1378 80 52 des
2757 1383 220 65 gemacht
3019 1384 143 60 hatte,
3204 1387 147 49 stellte

1784 1455 88 48 mir
1901 1456 85 49 auf
2009 1456 170 51 einmal
2220 1458 72 49 die
2335 1477 145 48 ganze
2518 1462 264 64 grausende
2814 1463 276 49 Geschichte
3119 1463 80 51 des
3227 1467 91 48 Bru-

1783 1534 300 51 dermörders
2124 1553 82 33 vor
2235 1538 184 67 Augen.
2475 1539 80 50 Ich
2586 1540 83 50 sah
2700 1542 96 57 ihn,
2841 1542 89 49 wie
2960 1559 51 32 er
3041 1542 82 50 das
3153 1562 83 32 aus
3266 1545 83 50 der

1783 1614 199 49 Wunde
2011 1614 80 49 des
2122 1616 350 69 Erschlagenen
2494 1619 422 69 hervorquellende
2932 1623 109 48 Blut
3071 1630 277 54 anstarrete,

1783 1693 89 49 wie
1902 1712 51 30 er
1976 1694 122 49 dann
2123 1695 94 50 floh
2230 1696 166 50 —und
2422 1698 134 51 stand
2568 1699 167 50 —und
2758 1700 88 68 bey
2869 1700 484 71 Wiedererblickung

1782 1771 80 51 des
1891 1773 288 52 röchelnden
2208 1775 206 51 Bruders
2442 1778 334 52 zurückbebte.
2898 1780 115 50 Wie
3044 1797 51 33 er
3124 1780 124 51 dann
3279 1782 72 50 die

1780 1851 172 68 Augen
1985 1853 108 49 halb
2123 1854 120 48 noch
2273 1855 178 68 zornig,
2483 1857 115 49 aber
2627 1858 117 49 auch
2777 1858 112 49 halb
2918 1859 136 66 reuig
3085 1867 136 42 unter
3250 1862 75 49 lau-

1780 1938 94 43 tem
1890 1933 195 49 Seufzen
2103 1950 104 32 zum
2225 1935 206 50 Himmel
2453 1937 201 59 aufhob,
2664 1938 198 49 —dann
2885 1938 74 51 die
2982 1939 128 50 Erde
3133 1942 217 66 stampfte

1879 2010 177 51 wieder
2086 2013 183 48 Höh—
2293 2014 94 50 und
2417 2015 135 51 stand
2663 2017 95 49 und
2786 2019 216 65 stampfte
3125 2019 97 50 und
3254 2019 94 51 Hob

1780 2170 116 48 sicht
1917 2189 82 29 zur
2015 2170 159 51 Erden
2198 2171 112 68 bog,
2340 2173 139 51 beten
2503 2175 173 60 wollte,
2706 2175 116 50 aber
2848 2177 127 48 nicht
3006 2177 171 49 konnte
3186 2196 163 31 —nur

1780 2249 205 49 Accente
2014 2251 278 58 stammelte,
2338 2253 176 51 welche
2545 2253 72 51 die
2648 2255 151 66 Angst
2827 2254 80 50 des
2936 2255 208 49 Heizens
3174 2257 148 49 verrie-

1779 2326 128 60 then,
1949 2328 74 50 die
2053 2328 84 50 der
2164 2330 162 50 innere
2356 2333 193 48 Richter
2577 2333 323 58 verursachte;
3025 2335 89 49 wie
3144 2352 51 32 er
3223 2334 125 51 dann

1779 2406 177 51 wieder
1984 2408 115 50 nach
2133 2409 130 49 einer
2291 2410 367 52 fürchterlichen
2690 2414 151 48 Pause
2870 2413 126 59 wild,
3041 2414 83 48 mit
3154 2414 168 66 fliegen-

1779 2486 90 50 den
1900 2489 193 50 Haaren
2123 2489 95 48 und
2249 2489 239 52 rollenden
2518 2489 189 70 Augen,
2738 2511 115 49 ganz
2884 2493 462 67 verzweiflungsvoll,

1777 2565 148 66 gleich
1951 2565 104 51 dem
2080 2568 318 51 Sturmwinde
2422 2570 73 50 die
2519 2570 229 51 Wildniss
2779 2570 276 68 durchflog;
3087 2572 74 49 bei
3186 2572 158 67 jedem

1777 2645 284 67 beflügelten
2093 2648 202 51 Schritte
2335 2650 271 50 erschienen
2649 2652 94 48 ihm
2787 2650 287 51 schrecklich
3116 2652 229 67 quälende

1775 2725 195 59 Furien,
2000 2726 95 50 ihm
2127 2726 72 50 die
2231 2726 150 51 blasse
2400 2730 178 49 Gestalt
2601 2729 80 50 des
2706 2729 297 60 Getödteten,
3034 2730 115 50 oder
3180 2730 164 50 dessen

1777 2803 222 49 blutende
2023 2805 215 59 Wunde,
2262 2806 115 50 oder
2400 2808 72 48 die
2497 2808 271 58 verfluchte,
2793 2809 83 48 mit
2899 2810 192 47 Haaren
3115 2809 95 48 und
3234 2810 108 49 Blut

1777 2880 228 51 befleckte
2034 2884 153 48 Keule
2217 2885 292 59 vorhaltend,
2552 2885 70 50 bis
2653 2904 49 31 er
2733 2886 180 50 endlich
2946 2904 74 32 am
3058 2886 143 67 jähen
3231 2888 113 49 Ufer

1775 2959 80 51 des
1906 2961 185 50 Oceans
2147 2961 88 50 den
2286 2963 346 50 schäumenden
2679 2965 192 51 Wellen
2920 2965 421 68 entgegenheulte:

1778 3040 173 60 Wehe,
1982 3041 135 49 wehe
2146 3040 116 51 mir!
2306 3043 159 49 wohin
2507 3044 142 49 treibt
2691 3044 122 49 mich
2852 3045 122 48 mein
3003 3045 338 69 geschlagener

1774 3119 137 49 Sinn!

1904 3198 105 58 „Ob
2041 3198 94 49 und
2164 3199 89 49 wie
2281 3218 96 32 nun
2406 3200 296 69 dergleichen
2726 3201 140 51 Ideen
2889 3201 43 50 in
2958 3201 149 50 einem
3135 3203 177 49 Ciavier-

1770 3276 161 51 stücke
1962 3278 282 68 ausgeführt
2285 3280 193 51 werden
2521 3281 186 51 können
2759 3281 115 50 oder
2916 3283 100 49 hier
3059 3284 282 65 ausgeführt

1770 3355 117 59 sind,
1917 3356 97 50 und
2043 3358 62 49 ob
2135 3358 94 49 sich
2260 3360 121 48 noch
2412 3360 102 51 hier
2539 3360 93 50 und
2657 3360 58 50 da
2739 3361 45 49 in
2808 3360 156 51 diesen
2991 3363 205 48 Sonaten
3226 3361 82 50 cha-

1769 3436 345 51 rakteristische
2136 3439 131 66 Züge
2292 3439 173 60 finden,
2495 3441 89 50 wie
2613 3440 73 50 ich
2716 3440 65 50 sie
2805 3441 132 50 darin
2963 3440 291 68 angebracht
3281 3459 56 31 zu

1769 3514 156 51 haben
1957 3516 173 66 glaube
2253 3518 81 49 das
2365 3519 55 49 ist
2450 3520 95 50 also
2577 3520 72 50 die
2679 3521 186 65 Frage;
2894 3519 97 49 und
3021 3520 102 48 eine
3153 3520 157 66 glimpf-

1769 3594 117 49 liche
1909 3595 341 67 Beurtheilung
2273 3596 146 50 dieses
2442 3599 208 49 Werkes
2677 3598 113 49 wird
2826 3600 78 47 für
2932 3598 125 49 mich
3087 3598 250 49 dasMaass

1766 3674 115 58 sein,
1924 3674 89 49 wie
2056 3675 108 50 weit
2206 3676 71 50 ich
2323 3676 184 51 meinen
2549 3684 337 61 angetretenen
2917 3678 131 66 Weg
3091 3676 245 50 fortsetzen

1886 3831 240 51 Hierüber
2149 3842 102 58 sagt
2281 3834 84 49 der
2387 3836 263 49 Recensent
2672 3834 85 51 der
2779 3835 222 59 Sonaten,
3030 3834 116 48 Karl
3170 3831 137 50 Fried-

1768 3910 97 50 rich
1898 3913 196 48 Cramer
2123 3913 45 49 in
2197 3914 281 66 Hamburg:
2532 3914 145 58 „Wie
2716 3914 155 66 wenig
2899 3914 127 48 Herr
3052 3910 118 51 Zink
3210 3910 125 51 bloss

1765 3989 530 70 handwerksmässiger,
2349 3993 352 50 mechanischer
2742 3993 205 48 Musicus
3003 3990 73 60 ist,
3133 3989 203 52 sondern

1766 4068 120 50 über
1909 4070 124 50 seine
2056 4071 155 49 Kunst
2234 4070 176 50 denkt
2438 4071 94 50 und
2558 4089 161 50 grosse
2740 4070 126 50 Ziele
2888 4069 95 49 sich
3005 4070 331 51 vorzustecken

1766 4148 153 59 weiss,
1949 4149 159 66 zeigen
2138 4149 125 49 diese
2293 4150 223 50 Sonaten.
2546 4151 116 51 Wie
2692 4150 108 48 sehr
2828 4148 74 49 ich
2931 4148 84 49 mit
3041 4149 97 49 ihm
3167 4149 47 49 in
3243 4149 93 51 den

1766 4225 345 52 theoretischen
2141 4228 140 50 Ideen
2309 4245 90 33 von
2428 4229 123 60 dem,
2596 4247 96 33 was
2735 4228 96 50 sich
2879 4228 147 52 durch
3055 4228 74 52 die
3156 4230 153 50 Instru-
