3652 4572
1495 524 59 50 R.
1672 523 243 62 Sefigmann
1916 547 36 10 •
1953 520 316 52 Einsamkeit
2298 520 116 50 und
2439 520 425 50 Gemeinsamkeit

1057 523 97 53 224

1060 711 546 79 Wahrnehmungen
1649 711 301 80 abspielen,
2011 711 103 60 An
2164 709 210 62 diesem
2416 709 259 62 Stadium
2726 707 101 61 des
2868 706 272 62 Denkens
3190 733 101 38 an*

1060 806 249 78 gelangt,
1370 805 239 79 beginne
1665 806 74 60 ich
1798 813 218 53 meinen
2066 804 137 61 Leib
2261 803 82 62 als
2394 803 154 77 Ding
2597 818 164 44 unter
2800 801 226 77 Dingen
3078 824 74 37 zu
3191 803 100 62 be*

1060 900 265 69 trachten,
1385 899 103 60 das
1552 897 374 62 unbeschadet
1982 905 184 53 seiner
2223 895 300 63 absoluten
2573 894 339 76 Bedeutung
2969 893 90 61 für
3116 905 175 53 meine

1063 1016 179 55 ganze
1282 993 275 61 Existenz
1596 999 240 53 meinem
1878 991 352 76 eigentlichen
2272 989 235 74 Subjekt
2547 989 139 61 nicht
2719 988 274 78 angehört
3026 988 117 60 und
3183 988 108 64 ihm

1063 1086 179 61 fremd
1282 1085 184 61 bleibt.
1511 1083 148 63 Nun
1701 1083 99 61 hat
1839 1092 146 52 mein
2028 1082 235 76 Subjekt
2303 1092 191 52 seinen
2531 1082 117 61 Sitz
2691 1090 53 52 in
2778 1081 99 61 der
2910 1081 381 81 Empfindung

1060 1177 264 79 gewählt,
1365 1176 137 62 aber
1541 1185 183 52 seines
1766 1175 259 61 Bleibens
2067 1175 128 61 dort
2236 1185 70 51 ist
2347 1176 138 60 nicht
2524 1199 115 37 von
2673 1175 190 76 langer
2896 1173 219 72 Dauer,
3149 1173 144 64 denn

1061 1271 89 60 bei
1209 1286 179 46 etwas
1437 1270 330 61 schärferem
1808 1267 274 63 Zusehen
2133 1267 193 63 werde
2374 1269 75 59 ich
2493 1269 139 59 nicht
2673 1266 190 62 umhin
2905 1266 253 71 können,
3208 1269 86 61 die

1061 1364 398 77 Beobachtung
1513 1388 75 37 zu
1647 1364 251 69 machen,
1964 1361 109 63 daß
2131 1361 99 61 der
2294 1361 313 79 eigentliche
2665 1360 355 79 Quellpunkt
3084 1369 206 55 meines

1063 1458 81 61 Ich
1188 1458 140 60 nicht
1369 1466 53 52 in
1465 1457 182 61 dieser
1698 1455 141 61 oder
1887 1466 150 59 jener
2087 1454 289 62 einzelnen
2415 1454 387 79 Empfindung
2852 1454 282 61 enthalten
3176 1464 115 52 sein

1064 1552 166 69 kann,
1276 1549 108 63 daß
1427 1574 61 38 er
1529 1549 290 79 irgendwo
1861 1558 225 69 jenseits
2129 1549 98 61 der
2270 1548 219 79 Sphäre
2529 1547 134 62 aller
2705 1548 288 61 einzelnen
3035 1547 258 79 Empfin*

1066 1645 225 78 düngen
1334 1645 118 61 und
1493 1643 546 78 Wahrnehmungen
2081 1643 177 77 liegen
2301 1642 148 61 muß-
2510 1642 172 61 Denn
2733 1665 129 55 mag
2903 1642 76 60 ich
3021 1650 53 52 in
3117 1642 177 61 dieser

1063 1739 252 59 Hinsicht
1357 1748 142 50 irren
1543 1737 138 61 oder
1723 1736 156 70 nicht,
1921 1736 136 61 aber
2089 1731 277 66 Tatsache
2407 1745 69 51 ist
2509 1758 61 38 es
2604 1735 221 70 einmal,
2868 1735 110 61 daß
3011 1735 108 61 sich
3152 1744 141 52 mein

1065 1831 235 78 Subjekt
1342 1841 194 51 immer
1578 1831 117 60 und
1737 1829 211 61 überall
1991 1829 80 61 als
2108 1829 98 61 der
2239 1829 315 77 eigentliche
2578 1829 331 77 Empfinder
2936 1828 117 60 und
3079 1828 216 60 Wahr*

1065 1925 229 61 nehmer
1351 1925 70 60 all
1478 1934 183 51 seiner
1709 1924 455 78 Empfindungen
2217 1923 117 61 und
2373 1921 548 78 Wahrnehmungen
2973 1921 169 73 fühlt,-
3190 1921 105 61 daß

1064 2041 167 38 wenn
1276 2019 75 60 ich
1395 2017 318 78 überhaupt
1752 2040 117 38 von
1912 2026 182 52 einem
2134 2017 83 61 Ich
2260 2015 140 61 oder
2441 2024 181 52 einem
2663 2014 236 79 Subjekt
2940 2015 172 61 reden
3153 2014 141 71 darf,

1065 2112 75 61 ich
1177 2112 264 61 darunter
1475 2109 402 63 ausschließlich
1903 2109 192 61 diesen
2122 2109 330 79 Empfinder
2485 2111 117 58 und
2626 2108 423 62 Wahrnehmer
3081 2117 213 52 meinen

1064 2205 166 70 kann,
1272 2203 140 61 oder
1452 2212 111 52 wie
1602 2226 131 37 man
1776 2203 104 60 sich
1925 2211 52 52 in
2020 2211 153 52 einer
2204 2202 365 76 allgemeinen
2607 2201 115 61 und
2747 2201 321 61 abstrakten
3093 2201 201 61 Weise

1064 2297 425 61 auszudrücken
1539 2296 193 79 pflegt,
1784 2295 109 62 daß
1943 2295 101 61 das
2086 2295 435 61 Ichbezeichnete
2570 2304 194 52 immer
2805 2296 118 60 und
2964 2294 212 61 überall
3216 2294 78 61 als

1065 2391 98 61 der
1204 2386 214 82 Träger
1458 2414 116 37 von
1616 2390 456 78 Empfindungen
2124 2389 115 61 und
2280 2389 545 77 Wahrnehmungen
2876 2389 225 62 auftritt.
3161 2388 137 62 Von

1065 2484 98 62 der
1205 2484 288 61 einzelnen
1520 2483 386 80 Empfindung
1940 2483 116 61 und
2080 2482 477 78 Wahrnehmung
2598 2483 136 61 aber
2766 2483 147 61 kann
2947 2484 74 60 ich
3058 2483 240 61 ebenso*

1065 2587 186 69 wenig
1291 2577 343 79 behaupten,
1677 2577 108 61 daß
1827 2586 80 52 sie
1949 2576 301 80 empfindet
2291 2576 115 61 und
2448 2576 375 71 wahrnimmt,
2863 2587 111 51 wie
3015 2600 115 37 von
3173 2576 123 61 dem

1065 2673 246 60 äußeren
1355 2671 337 62 materiellen
1720 2670 376 78 Gegenstand
2129 2680 210 50 meiner
2378 2670 190 60 realen
2597 2668 363 79 Umgebung,
2995 2670 91 60 die
3117 2670 181 77 Emp*

1066 2765 303 77 findungen
1411 2765 313 77 empfinden
1769 2765 155 70 nicht,
1967 2765 90 59 die
2089 2764 548 77 Wahrnehmungen
2679 2762 243 62 nehmen
2956 2764 137 59 nicht
3125 2762 173 69 wahr,

1069 2859 89 61 die
1200 2857 254 63 Gefühle
1497 2857 189 61 fühlen
1729 2859 158 68 nicht,
1930 2857 245 61 sondern
2218 2857 135 61 alles
2396 2857 123 70 das,
2569 2880 123 38 was
2743 2857 320 78 empfindet,
3112 2855 186 62 wahr*

1068 2962 193 50 nimmt
1303 2951 116 61 und
1463 2951 142 61 fühlt
1656 2954 170 58 steckt
1875 2951 290 77 irgendwo
2216 2951 273 72 dahinter,
2540 2960 52 51 in
2644 2951 376 78 irgendeinem
3067 2950 231 61 verhör*

1066 3068 182 56 genen
1290 3044 310 79 Urgründe
1642 3054 209 51 meines
1894 3044 273 71 Wesens,
2211 3044 99 62 der
2349 3044 254 71 bewirkt,
2653 3044 110 62 daß
2813 3044 87 61 bei
2942 3044 183 61 dieser
3164 3040 134 64 oder

1073 3150 155 67 jener
1271 3137 380 77 Gelegenheit
1700 3137 152 61 diese
1903 3137 141 61 oder
2091 3147 123 67 jene
2264 3147 183 52 seiner
2487 3136 393 80 Äußerungen
2921 3138 82 60 als
3044 3136 254 78 Empfin*

1069 3232 155 79 düng
1266 3231 117 62 und
1423 3231 475 77 Wahrnehmung
1948 3231 223 61 auftritt.
2233 3231 140 61 Und
2432 3232 105 60 auf
2587 3232 212 61 diesem
2844 3231 188 77 Wege
3081 3231 217 60 komme

1068 3327 76 60 ich
1192 3326 212 61 wieder
1461 3325 178 71 dazu,
1696 3334 183 52 meine
1927 3325 458 79 Empfindungen
2437 3324 117 62 und
2594 3325 545 77 Wahrnehmungen
3196 3344 100 38 aus

1074 3420 173 62 ihrem
1289 3420 334 78 gesicherten
1666 3419 155 62 Sitze
1861 3443 74 37 zu
1977 3419 331 71 vertreiben,
2360 3443 97 38 um
2499 3428 80 53 sie
2621 3419 291 79 irgendwo
2954 3428 193 52 weiter
3187 3412 111 65 und

1070 3514 159 61 tiefer
1287 3538 74 37 zu
1418 3514 291 78 verlegen,
1767 3522 54 52 in
1872 3536 185 54 genau
2108 3513 293 62 derselben
2443 3514 215 70 Weise,
2700 3522 109 52 wie
2851 3514 75 60 ich
2968 3512 198 60 vorhin
3206 3517 92 52 mit

1070 3609 109 60 den
1219 3607 189 62 realen
1450 3607 225 77 Dingen
1719 3607 99 61 der
1858 3607 379 71 Außenwelt,
2288 3607 117 61 und
2454 3607 150 61 dann
2655 3616 95 52 mit
2794 3614 238 54 meinem
3073 3613 223 67 eigene«

1070 3702 175 61 Leibe
1286 3717 169 61 getan
1498 3701 165 75 habe,
1713 3725 123 38 was
1888 3701 109 61 auf
2038 3701 262 61 dasselbe
2339 3701 442 71 hinauskommt,
2832 3699 128 72 daß,
3002 3698 183 61 indem
3225 3693 73 62 ich

1070 3804 184 52 meine
1295 3795 457 78 Empfindungen
1797 3795 116 61 und
1945 3793 550 79 Wahrnehmungen
2538 3793 315 80 gedanklich
2895 3792 291 68 vernichte.
3227 3786 69 61 Ich

1073 3889 89 59 die
1210 3889 204 61 Kreise
1470 3912 97 38 um
1624 3898 147 53 mein
1822 3887 235 79 Subjekt
2113 3898 195 52 immer
2357 3910 170 55 enger
2565 3887 160 61 ziehe
2775 3886 118 61 und
2932 3886 132 60 mich
3115 3893 183 50 immer

1071 3980 158 61 mehr
1270 3980 236 64 isoliere.
1550 3981 167 63 Aber
1756 4006 96 38 wo
1896 3981 146 61 kann
2085 3981 278 79 eigentlich
2399 3980 184 64 dieses
2617 3990 146 52 mein
2791 3980 234 76 Subjekt
3058 3978 211 61 stecke»
3283 3973 15 55 ?
