3446 4572
830 499 58 50 R*
911 499 295 63 Sefigmann
1243 525 7 11 •
1284 502 320 52 Einsamkeit
1632 508 117 47 und
1773 507 426 55 Gemeinsamkeit

2531 518 97 50 225

405 686 322 69 Außerhalb
769 686 97 60 der
908 685 267 62 Grenzen
1218 696 210 54 meines
1470 689 200 63 Leibes
1714 700 69 53 ist
1825 717 60 38 es
1927 697 183 75 gewiß
2150 700 139 60 nicht
2323 701 301 74 enthalten,

404 783 127 62 aber
585 779 132 61 auch
766 776 286 62 innerhalb
1101 779 182 61 dieser
1326 780 267 64 Grenzen
1644 785 144 61 wird
1830 809 61 40 es
1933 797 103 52 mir
2077 791 233 63 niemals
2350 794 273 79 gelingen,

404 902 56 38 es
501 883 92 52 mit
633 870 293 64 Sicherheit
966 873 344 62 anzufassen
1353 875 119 61 und
1512 899 73 39 zu
1626 878 352 75 bestimmen,
2020 907 106 38 aus
2169 884 129 62 dem
2341 888 129 61 sehr
2502 898 122 52 ein«

405 968 178 62 fachen
643 964 113 61 und
813 964 427 80 durchsichtigen
1301 968 263 72 Grunde,
1622 971 109 63 daß
1790 974 103 63 das
1947 976 332 78 Angefaßte
2337 981 117 61 und
2510 983 114 61 Be«

402 1071 228 53 stimmte
670 1067 87 52 nie
799 1057 118 61 und
957 1061 392 62 nimmermehr
1396 1063 260 64 identisch
1707 1077 98 52 mit
1846 1070 128 61 dem
2015 1071 290 63 Anfasser
2349 1075 116 61 und
2506 1076 116 61 Be«

399 1162 234 54 Stimmer
671 1159 118 53 sein
823 1151 159 70 wird,
1025 1152 82 61 als
1148 1152 107 62 den
1292 1155 75 61 ich
1400 1159 133 59 mich
1569 1166 195 56 immer
1797 1162 117 63 und
1941 1164 212 62 überall
2181 1166 171 73 fühle,
2387 1169 235 78 solange

399 1249 69 59 ich
507 1254 84 53 ein
632 1244 179 62 klares
853 1245 365 63 Bewußtsein
1260 1273 116 38 von
1419 1261 240 54 meinem
1701 1255 80 61 Ich
1824 1256 229 65 besitze.
2097 1260 149 79 Mag
2288 1261 184 64 dieses
2504 1264 116 61 Be«

402 1339 261 61 wußtsein
719 1354 274 46 stammen
1053 1340 198 62 woher
1310 1345 136 60 auch
1496 1354 223 65 immer,
1776 1350 136 61 aber
1960 1354 204 60 einmal
2215 1355 277 79 empfinde
2543 1359 75 59 ich

397 1433 123 60 midi
560 1430 79 61 als
681 1430 107 61 den
830 1433 257 62 Betaster
1129 1434 117 61 und
1287 1437 315 63 Beschauer
1642 1442 135 61 aller
1810 1444 207 78 Dinge,
2059 1470 66 38 so
2168 1448 144 61 wird
2351 1458 147 52 mein
2533 1451 81 59 Ich

394 1534 48 51 in
483 1523 136 61 eben
661 1523 127 61 dem
828 1524 322 74 Momente,
1193 1550 95 39 wo
1331 1531 74 59 ich
1442 1555 61 38 es
1546 1534 305 77 irgendwie
1893 1537 283 63 bestimmt
2209 1564 74 36 zu
2318 1542 201 71 haben,
2556 1566 59 38 es

394 1618 113 60 also
539 1617 298 77 irgendwie
861 1620 317 77 gedanklich
1204 1640 315 62 angetastet
1545 1627 116 61 und
1687 1632 338 75 angeschaut
2048 1656 75 37 zu
2157 1632 184 64 haben
2366 1635 251 77 glaubte,

393 1711 75 60 als
517 1710 324 63 Getastetes
901 1713 117 61 und
1068 1715 351 65 Geschautes
1479 1744 116 38 von
1646 1731 103 51 mir
1799 1733 52 50 in
1895 1724 89 62 die
2026 1725 188 63 Ferne
2255 1730 200 60 rücken
2498 1734 117 57 und

390 1827 68 36 zu
498 1820 172 45 etwas
712 1814 100 52 mir
851 1830 144 54 ganz
1037 1809 303 63 Fremdem
1382 1814 249 63 werden.

461 1895 80 61 Es
586 1896 136 61 wird
764 1908 101 51 mir
905 1899 318 81 überhaupt
1263 1905 232 62 niemals
1537 1907 274 78 gelingen,
1855 1921 146 50 mein
2035 1912 81 61 Ich
2161 1922 53 52 in
2257 1914 127 61 dem
2418 1914 197 62 Welt«

386 2011 204 53 ganzen
626 1992 287 75 irgendwo
948 1994 288 78 punktuell
1277 2022 73 37 zu
1385 1998 350 75 bestimmen,
1778 2003 148 61 denn
1960 2014 147 53 mein
2140 2007 82 60 Ich
2257 2017 70 51 ist
2359 2008 255 62 Prozeß

385 2091 173 52 seiner
597 2092 222 55 inneren
854 2086 410 82 Veranlagung
1305 2093 151 73 nach,
1500 2094 117 61 und
1651 2096 101 62 das
1787 2096 262 63 Fixieren
2082 2100 201 63 würde
2321 2102 290 78 jedenfalls

390 2175 255 77 besagen,
698 2177 109 62 daß
856 2178 99 63 der
993 2181 215 63 Prozeß
1258 2186 290 76 irgendwo
1595 2213 133 36 zum
1768 2190 291 63 Abschluß
2100 2194 359 77 gekommen,
2502 2196 109 61 daß

389 2267 81 61 die
510 2268 322 82 Bewegung
880 2275 290 76 irgendwo
1221 2302 72 36 an
1335 2289 180 52 einem
1557 2281 169 62 End«
1767 2284 117 61 und
1924 2285 352 80 Haltepunkt
2316 2290 297 78 angelangt

388 2369 77 51 ist.
515 2361 158 62 Mein
723 2364 81 61 Ich
855 2366 141 63 oder
1049 2379 146 51 mein
1247 2371 387 64 individuelles
1683 2376 362 64 Bewußtsein
2093 2379 221 63 besteht
2363 2382 143 62 eben
2557 2393 54 51 in

388 2470 155 45 iiicDts
583 2456 282 74 anderem,
907 2460 83 62 als
1023 2470 54 52 in
1112 2473 152 52 einer
1294 2464 378 65 konzentrisch
1706 2470 425 74 verlaufenden,
2166 2475 443 79 spiralförmigen

385 2545 328 83 Bewegung,
750 2552 89 61 die
874 2577 95 37 um
1004 2564 161 52 einen
1200 2559 243 61 unsicht«
1477 2561 117 61 und
1621 2562 368 74 unfaßbaren,
2023 2575 340 69 imaginären
2389 2568 219 64 Mittel«

388 2670 10 44 I
422 2641 127 61 tiiikt
596 2666 192 39 immer
836 2670 204 56 engere
1089 2649 203 64 Kreise
1341 2653 174 73 zieht,
1565 2656 149 62 ohne
1762 2657 190 78 jedoch
2003 2661 292 77 irgendwo
2343 2663 143 61 Halt
2533 2689 75 37 zu

389 2770 5 12 ■
425 2733 171 61 sachen
630 2737 116 61 und
779 2740 195 62 stehen
1009 2765 75 38 zu
1110 2742 235 65 bleiben.
1381 2746 160 62 Sieht
1565 2773 130 37 man
1728 2774 116 37 von
1872 2751 182 62 dieser
2088 2752 89 63 für
2204 2755 101 61 das
2333 2755 276 63 Bewußt«

384 2846 107 38 fifcin
532 2850 64 37 so
632 2830 529 67 charakteristischen
1194 2837 454 66 konzentrischen
1682 2843 329 81 Bewegung
2044 2846 91 73 ab,
2178 2850 118 59 und
2330 2849 111 61 will
2476 2874 130 38 man

384 2915 171 65 dieses
587 2926 361 63 Bewußtsein
988 2930 291 78 irgendwo
1322 2942 73 52 im
1428 2934 222 63 Raume
1691 2938 81 61 als
1815 2939 145 61 fixen
1994 2940 184 63 Punkt
2210 2942 286 73 anfassen,
2538 2971 67 35 so

383 3011 180 63 wüßte
609 3017 73 59 ich
733 3019 230 62 wirklich
1014 3024 157 71 nicht,
1214 3027 244 62 welchen
1509 3029 419 65 annehmbaren
1970 3033 139 62 Sinn
2159 3058 60 40 es
2272 3036 148 62 dann
2470 3041 135 58 noch

403 3112 115 53 iifie
574 3132 111 37 von
743 3121 177 54 einem
974 3116 403 66 Unterschiede
1432 3123 275 61 zwischen
1758 3124 133 63 Sein
1950 3128 118 60 und
2115 3130 366 63 Bewußtsein
2530 3156 74 37 zu

418 3218 122 40 >Qen
552 3249 15 20 ,
615 3206 272 62 trotzdem
938 3208 134 63 doch
1124 3211 183 63 dieser
1355 3213 373 66 Unterschied
1782 3221 155 75 jeder
1987 3221 430 80 unbefangenen
2465 3226 138 61 An«

380 3287 269 85 schauung
677 3301 346 62 unmittelbar
1048 3305 326 63 einleuchtet
1407 3309 116 61 und
1555 3334 115 37 von
1696 3312 183 75 jedem
1914 3325 687 69 unvoreingenommenen

395 3403 22 34 v
441 3387 250 63 erstände
726 3392 105 60 auf
858 3394 101 62 das
992 3396 264 64 schärfste
1291 3400 116 61 und
1442 3401 319 64 deutlichste
1792 3428 117 38 von
1945 3406 99 61 der
2069 3406 163 63 Welt
2257 3410 343 78 empfunden

386 3475 141 63 wird.
562 3478 179 67 Fasse
783 3486 73 60 ich
892 3488 437 80 beispielsweise
1371 3494 90 61 die
1494 3490 505 87 Tastempfindung
2035 3500 220 61 »Hart«
2299 3511 84 53 ins
2417 3504 180 79 Auge

385 3568 106 59 und
530 3574 159 62 suche
731 3587 80 53 sie
844 3589 53 52 in
933 3582 144 62 ihrer
1110 3584 332 64 Isoliertheit
1475 3587 87 62 für
1595 3591 107 59 sich
1736 3615 75 37 zu
1844 3591 333 73 betrachten,
2220 3618 66 37 so
2322 3597 142 61 wird
2497 3608 103 52 mir

379 3681 48 37 ül
417 3665 11 13 *
432 3681 29 38 e
552 3687 57 38 ra
614 3690 33 53 S
651 3691 30 37 e
722 3671 260 76 darüber,
1024 3678 76 60 ob
1142 3687 81 52 sie
1264 3704 103 36 zur
1400 3681 164 61 Welt
1604 3682 99 62 des
1739 3685 394 63 Bewußtseins
2176 3688 138 63 oder
2356 3690 99 62 der
2497 3691 99 63 des

380 3761 151 54 v»eins
567 3762 284 75 angehört,
893 3767 89 64 die
1015 3771 197 77 größte
1245 3775 396 77 Verlegenheit
1673 3776 263 66 bereiten.
1980 3780 205 62 Dieser
2216 3777 383 87 Tastempfin«

381 3866 143 59 uung
567 3852 213 64 »Hart«
833 3861 83 61 als
966 3865 209 62 solcher
1225 3876 69 52 ist
1344 3890 60 38 es
1456 3867 404 82 ebensowenig
1899 3874 352 73 anzusehen,
2302 3878 75 61 ob
2418 3889 83 52 sie
2543 3890 53 52 in

379 3933 84 63 die
501 3939 213 81 Sphäre
764 3950 96 63 des
905 3954 163 65 Seins
1119 3959 141 61 oder
1308 3960 92 61 die
1449 3961 98 61 des
1589 3961 394 66 Bewußtseins
2026 3966 410 81 hineingehört,
2487 3983 110 53 wie
