3644 4572
1094 500 95 53 252

2135 510 218 51 GCossen

1096 690 131 51 leben
1261 698 58 43 ist
1350 698 100 44 eine
1481 694 219 61 tragische
1717 695 374 62 Aufforderung,
2116 696 95 50 und

1094 769 77 51 Sie
1218 770 188 51 werden
1455 776 160 46 immer
1665 774 115 48 öfter
1829 774 85 49 auf
1959 775 251 50 Menschen

1094 849 182 56 stoßen,
1309 851 74 49 die
1418 851 140 49 Ihnen
1592 851 117 50 nicht
1741 853 127 48 mehr
1898 853 154 61 folgen
2086 853 92 49 kön-

1094 947 102 30 nen,
1234 930 160 48 Wenn
1436 930 79 48 der
1545 929 292 61 Augenblick
1878 930 79 50 der
1996 936 189 45 zionisti-

1093 1005 132 50 schen
1251 1006 268 61 Gründung
1549 1013 42 54 je
1624 1008 193 57 kommt,
1849 1008 117 48 wird
1987 1027 49 30 er
2058 1008 120 50 ohne-

1093 1082 95 51 dies
1224 1084 72 48 die
1329 1084 215 61 Klärung
1575 1090 276 56 erzwingen.
1896 1085 75 51 Sie
2003 1086 203 50 könnten

1092 1160 122 48 dann
1232 1179 87 30 vor
1337 1166 122 43 einer
1478 1161 362 50 erschütternden
1856 1163 351 62 Enttäuschung

1091 1240 174 57 stehen,
1289 1240 118 50 denn
1432 1239 75 51 Sie
1529 1240 150 51 haben
1702 1248 254 52 versäumt,
1975 1245 81 46 das
2074 1243 132 48 Volk

1091 1319 85 48 auf
1195 1325 156 43 seinen
1376 1319 134 48 Staat
1533 1321 368 50 vorzubereiten.
1934 1323 154 47 Heute
2119 1321 58 50 ha-

1089 1399 88 51 ben
1211 1400 75 50 Sie
1319 1401 82 49 das
1435 1400 153 60 Volk,
1628 1401 118 49 nicht
1785 1400 111 50 auch
1938 1399 87 49 den
2058 1399 149 58 Staat,

1089 1477 75 50 Sie
1197 1481 184 47 werden
1415 1477 123 50 dann
1572 1497 86 30 nur
1693 1479 125 49 mehr
1851 1479 87 48 den
1962 1477 131 50 Staat
2118 1479 58 48 ha-

1089 1555 89 49 ben
1211 1556 96 48 und
1340 1557 71 49 die
1444 1555 181 49 Fahne:
1667 1556 95 48 und
1799 1573 56 31 so
1888 1560 151 56 wenig
2072 1555 131 49 Volk

1089 1634 233 57 dahinter,
1355 1634 120 49 denn
1508 1653 49 31 es
1591 1635 116 48 wird
1740 1634 87 49 sich
1867 1634 110 49 alles
2018 1634 91 48 fast
2142 1651 60 31 an

1088 1717 155 45 seinen
1263 1712 191 63 Tempel
1479 1714 162 48 lehnen
1666 1712 95 50 und
1779 1714 142 48 damit
1944 1714 254 59 begnügen.

1088 1790 131 49 Weil
1253 1790 75 49 Sie
1361 1791 71 48 die
1472 1790 198 61 jüdische
1710 1791 153 60 Frage
1895 1795 160 44 immer
2088 1790 111 49 noch

1088 1874 100 43 eine
1220 1869 212 59 religiöse
1467 1872 97 45 sein
1600 1867 168 58 lassen,
1799 1874 277 43 versäumen
2109 1867 92 59 Sie,

1087 1946 80 50 der
1206 1946 347 61 Staatbiidung,
1591 1947 71 49 die
1709 1947 141 49 Ihnen
1891 1954 44 40 in
1977 1946 222 50 Schleiern

1086 2025 306 56 vorschwebt,
1418 2030 131 43 einen
1572 2024 221 49 Rückhalt
1816 2043 84 30 aus
1923 2024 194 61 Ziegeln
2141 2043 58 30 zu

1086 2101 166 51 bauen.

1148 2181 70 48 Ich
1258 2180 250 49 versichere
1543 2180 164 57 Ihnen,
1740 2198 48 31 es
1822 2180 109 61 liegt
1963 2184 87 44 mir
2081 2180 118 49 nicht

1084 2257 168 57 daran,
1299 2259 89 48 daß
1437 2257 88 50 alle
1558 2259 145 60 Juden
1743 2276 86 31 aus
1869 2259 103 47 dem
2005 2253 192 64 Tempel

1084 2349 235 37 austreten
1352 2336 148 50 sollen
1528 2360 69 34 —,
1632 2337 123 56 aber,
1788 2355 137 31 wenn
1959 2354 49 30 es
2032 2341 164 55 einige,

1082 2413 167 61 gerade
1282 2413 290 50 vorbildliche
1594 2415 142 59 Juden
1769 2420 141 46 täten,
1934 2433 60 29 an
2016 2413 72 49 die
2112 2413 82 49 das

1079 2492 197 61 jüdische
1310 2492 130 48 Volk
1483 2493 66 49 als
1591 2511 60 31 an
1685 2492 141 61 große
1859 2492 144 62 Juden
2036 2492 161 61 glaubt

1174 2570 80 49 der
1304 2570 227 49 Gedanke
1581 2571 145 61 klingt
1774 2570 141 49 Ihnen
1956 2570 238 61 jedenfalls

1079 2646 195 53 absurd,
1315 2650 120 47 denn
1468 2648 76 49 Sie
1585 2647 124 51 lesen
1750 2653 44 56 ja
1827 2648 155 50 diesen
2016 2665 178 43 ganzen

1078 2726 127 49 Brief
1225 2732 80 42 mit
1328 2726 80 51 der
1425 2727 382 61 Zugesperrtheit
1825 2732 123 45 eines
1976 2727 220 56 Mannes,

1078 2803 80 50 der
1197 2803 71 50 die
1312 2805 265 49 Geschichte
1616 2805 80 49 der
1737 2805 329 62 Jahrhunderte
2114 2806 88 47 auf

1077 2887 150 43 seiner
1248 2882 122 50 Seite
1404 2883 116 49 weiß
1554 2882 95 48 und
1682 2882 141 50 daher
1845 2886 117 46 nicht
1987 2883 205 50 zuhören

1078 2960 188 49 braucht
1303 2979 259 30 —wenn
1595 2962 101 47 also
1729 2967 73 43 ein
1835 2980 113 42 paar
1981 2963 183 49 vorbild-

1077 3037 108 48 liche
1219 3037 168 61 Juden,
1427 3042 89 45 wie
1550 3038 97 57 Sie,
1690 3057 85 31 aus
1811 3040 103 49 dem
1947 3042 245 60 Judentum

1077 3121 254 52 austräten,
1365 3117 160 48 würde
1558 3122 99 45 eine
1690 3136 55 31 so
1779 3120 124 48 klare
1935 3121 257 62 Handlung

1077 3192 81 49 das
1177 3193 447 51 Staatsbewußtsein
1643 3197 147 48 dieses
1813 3198 229 59 jüdischen
2061 3200 96 49 Vol-

1074 3271 80 48 kes
1204 3272 345 60 ungewöhnlich
1602 3275 312 58 verschärfen,
1969 3278 221 50 vielleicht

1074 3351 260 59 überhaupt
1375 3362 94 37 erst
1507 3352 203 60 wecken,
1752 3352 343 65 beunruhigen,-
2142 3363 46 45 in

1073 3432 100 44 eine
1206 3428 399 64 Unbefriedigung
1653 3432 96 48 und
1788 3431 250 52 Sehnsucht
2077 3454 83 31 ver-

1072 3506 227 49 wandeln,
1336 3507 113 49 Wie
1481 3508 73 48 bei
1588 3509 88 49 den
1712 3511 100 48 Iren
1846 3512 141 50 nichts
2005 3532 55 31 so
2083 3515 105 49 sehr

1070 3583 84 50 das
1195 3584 440 52 Staatsbewußtsein
1685 3589 259 59 wachhielt,
1986 3592 67 50 als
2095 3593 90 51 daß

1070 3680 49 30 es
1152 3681 59 29 zu
1235 3668 122 43 einer
1375 3669 226 55 gewissen
1620 3666 142 49 Form
1785 3686 96 32 von
1898 3669 287 63 Martyrium

1072 3744 188 55 nötigte,
1318 3742 221 51 Glauben
1587 3743 75 51 Sie
1710 3751 106 44 mir:
1867 3747 122 49 ohne
2036 3749 147 50 dieses

1069 3817 460 61 Staatsbewußtsein,
1547 3827 158 46 immer
1723 3842 88 31 nur
1826 3843 43 30 in
1889 3826 79 49 der
1987 3827 196 51 weichen

1070 3894 276 65 Polsterung
1387 3901 81 47 der
1498 3901 292 61 Religiosität
1830 3903 200 60 ruhend,
2070 3906 113 51 oder

1070 3990 84 43 gar
1279 3993 97 32 was
1426 3983 84 43 wir
1559 3979 141 51 Ihnen
1754 3981 270 59 besonders,
2072 3984 110 51 aber

2258 718 86 30 aus
2377 700 457 64 seelisch-geistigen,
2866 705 117 50 nicht
3024 724 85 32 aus
3140 708 229 60 jüdischen

2259 778 252 58 Gründen,
2550 779 265 51 verdanken
2942 799 84 45 gar
3067 784 103 50 also
3203 790 44 44 in
3281 787 87 50 den

2258 855 152 57 tiefen,
2419 856 316 51 vollkommen
2754 859 338 61 abgewandten
3112 863 94 49 und
3217 863 120 51 dunk-

2255 933 73 48 len
2350 933 242 52 Schachten
2625 936 80 49 der
2725 938 227 58 jüdischen
2978 940 183 61 Mystik
3191 942 177 59 lebend,

2255 1010 186 50 werden
2481 1011 75 50 Sie
2604 1018 74 44 nie
2721 1034 59 29 zu
2822 1028 146 38 etwas
3010 1018 231 58 kommen,
3274 1023 94 48 und

2255 1089 64 48 ich
2367 1090 293 59 wiederhole,
2709 1091 89 51 daß
2846 1112 49 31 es
2937 1095 122 50 dann
3100 1098 137 48 schon
3278 1100 88 50 viel

2254 1166 157 50 besser
2443 1173 75 52 ist,
2551 1171 83 47 das
2657 1170 203 62 Jüdische
2893 1174 67 48 als
2984 1180 101 43 eine
3102 1178 117 47 nicht
3241 1176 125 51 mehr

2254 1246 175 57 aktive,
2488 1246 67 50 als
2610 1254 100 44 eine
2758 1251 184 60 religiös
2960 1278 25 15 -
3005 1253 360 61 philosophische

2254 1324 138 51 Sache
2425 1324 105 51 dort
2568 1334 256 53 ungestört,
2865 1331 410 60 unaufgescheucht
3307 1353 57 32 zu

2254 1404 166 58 lassen,
2453 1423 78 30 wo
2564 1423 49 32 es
2635 1411 112 55 jetzt
2770 1406 199 51 ohnehin
2992 1410 140 59 weilt,
3158 1415 61 43 im
3245 1411 89 50 Gei-

2253 1488 164 54 stigen,
2450 1488 62 44 im
2545 1484 202 57 Herzen,
2781 1490 46 45 in
2860 1486 80 49 der
2977 1486 143 59 Seele,
3152 1494 42 55 je
3227 1490 109 50 nach-

2251 1563 127 55 dem,-
2411 1564 94 48 und
2538 1563 73 49 bei
2645 1564 233 49 manchem
2912 1566 234 51 Christen,

2314 1641 66 49 Ich
2417 1641 142 50 beeile
2592 1643 127 58 mich.
2753 1643 141 49 Ihnen
2928 1645 112 48 noch
3074 1651 73 44 ein
3170 1646 191 63 Beispiel

2249 1733 324 48 vorzutragen.
2648 1721 50 49 In
2763 1721 87 50 den
2919 1726 441 59 westeuropäischen

2248 1796 189 50 Staaten
2470 1798 148 48 haben
2651 1799 89 49 sich
2766 1800 217 48 zunächst
3005 1800 71 50 die
3100 1801 143 61 Juden
3266 1822 94 31 von

2248 1875 104 48 dem
2400 1876 173 60 Begriff
2620 1878 80 48 der
2747 1876 183 51 Nation
2984 1879 258 61 losgesagt,
3295 1888 64 44 sie

2248 1954 185 49 suchten
2466 1955 89 48 sich
2589 1974 60 31 zu
2681 1956 298 50 assimilieren
3013 1963 83 44 mit
3130 1959 87 48 den
3252 1960 71 50 Na-

2248 2036 174 52 tionen,
2455 2034 83 47 auf
2568 2032 136 51 deren
2739 2035 130 48 Land
2902 2040 66 45 sie
3008 2036 144 50 leben.
3205 2038 123 49 Beob-

2248 2110 156 48 achten
2437 2109 75 49 Sie
2545 2110 109 49 aber
2687 2110 86 49 den
2809 2111 178 60 Osten,
3026 2133 108 30 zum
3167 2115 191 61 Beispiel

2246 2187 157 58 Polen,
2436 2187 59 50 da
2528 2194 57 43 ist
2617 2189 71 49 die
2721 2190 139 49 Sache
2902 2191 213 50 lehrreich
3148 2195 95 47 und
3276 2195 79 50 das

2245 2265 207 60 Beispiel,
2503 2266 79 48 Da
2630 2266 152 50 bilden
2823 2267 71 50 die
2935 2269 144 62 Juden
3121 2271 112 48 noch
3275 2289 53 44 ge-

2245 2342 258 50 schlossene
2545 2344 340 61 Kontingente,
2925 2346 72 51 die
3030 2349 324 50 Assimilation

2244 2424 58 44 ist
2325 2420 172 49 schwer
2518 2421 112 50 oder
2654 2424 272 61 unmöglich,
2947 2425 97 49 und
3066 2426 80 48 der
3165 2427 159 50 Wider-

2243 2499 137 48 stand
2427 2499 80 50 der
2541 2501 220 50 Christen
2810 2504 132 59 groß,
2991 2505 102 49 weil
3134 2506 111 48 auch
3286 2506 68 50 die

2243 2577 402 61 Reibungsflächen
2664 2579 116 49 breit
2795 2581 114 48 sind.
2945 2581 133 60 Nun,
3101 2584 109 48 auch
3234 2582 119 51 diese

2243 2653 255 53 besondere
2545 2657 428 61 polnisch-jüdische
3020 2661 151 61 Frage
3219 2661 134 60 kann,

2243 2739 90 44 wie
2366 2733 62 49 ich
2462 2735 200 61 glauben
2696 2737 124 56 muß,
2855 2756 87 31 nur
2973 2739 150 61 gelöst
3153 2740 197 58 werden,

2243 2830 134 32 wenn
2420 2812 73 50 die
2532 2814 146 62 Juden
2719 2815 87 49 sich
2848 2834 87 32 aus
2969 2817 88 50 den
3097 2817 106 50 dort
3242 2819 107 49 noch

2243 2891 233 50 stärkeren
2494 2894 414 62 Ummauerungen
2931 2896 79 50 der
3031 2897 220 61 Religion,
3271 2915 79 43 gar

2244 2968 296 53 Orthodoxie
2561 2972 385 62 herauskämpfen
2970 2994 60 30 zu
3048 2981 122 45 einer
3190 2979 133 47 »welt-

2241 3046 341 61 bürgerlichen«
2632 3050 235 49 Vernunft
2919 3052 97 49 und
3062 3054 256 49 Lebensauf-

2240 3126 204 61 fassung,
2480 3146 61 29 zu
2574 3132 124 45 einer
2728 3128 245 53 sachlichen
3007 3131 94 50 und
3125 3137 197 56 gereinig-

2239 3212 77 40 ten
2358 3203 365 64 Eingliederung
2771 3212 46 43 in
2860 3207 72 50 die
2974 3210 212 59 Begriffe:
3222 3210 123 49 Volk

2239 3282 95 48 und
2366 3283 193 50 Völker,
2601 3285 142 49 Diese
2784 3286 195 61 Begriffe
3020 3288 101 49 sind
3161 3287 183 50 nämlich

2237 3360 248 61 politische,
2533 3362 117 48 nicht
2688 3365 237 58 religiöse:
2975 3365 157 50 diesen
3171 3366 145 48 Unter-

2236 3438 146 50 schied
2415 3440 168 49 wollen
2617 3441 74 49 Sie
2724 3443 118 49 nicht
2874 3445 302 49 anerkennen.

2297 3516 74 49 Sie
2404 3516 151 52 haben
2588 3523 100 54 mir,
2721 3523 63 45 im
2818 3521 272 61 Gegenteil,
3128 3522 81 50 das
3241 3522 76 50 Bei-

2235 3595 113 61 spiel
2397 3601 124 44 eines
2571 3597 172 50 älteren
2792 3598 338 52 Schriftstellers
3181 3600 160 49 einmal

2234 3672 189 58 erzählt,
2455 3673 80 50 der
2564 3692 89 32 vor
2683 3681 74 43 ein
2780 3695 113 42 paar
2917 3677 312 61 Jahrzehnten,
3260 3695 80 30 aus

2235 3752 637 52 »Bekennerenthusiasmus«
2893 3767 94 38 erst
3003 3776 85 31 aus
3107 3758 79 49 der
3203 3755 103 52 Tem-

2231 3830 316 60 pelgemeinde
2596 3843 195 47 austrat,
2841 3833 96 50 und
2984 3835 140 58 dann,
3165 3835 67 49 als
3271 3832 68 50 die

2231 3908 230 61 Pogrome
2494 3915 44 44 in
2560 3911 216 51 Rußland
2799 3917 160 45 immer
2980 3913 138 50 böser
3137 3912 202 55 wurden,

2230 3987 170 50 wieder
2433 3987 112 63 Jude
2575 3991 183 48 wurde:
2809 4007 49 33 er
2897 3991 106 49 kam
3043 3991 87 49 sich
3170 3990 66 49 als
3269 3992 67 46 ein
