3548 4572
938 555 154 49 Emif
1280 553 31 50 Lucßa
1312 578 129 11 •
1479 553 286 50 Die
1766 553 93 62 Psycßofogie

2555 557 90 49 155

536 748 80 64 oft
656 753 204 54 wissen
902 751 103 51 wir
1044 764 99 54 gar
1184 742 169 60 nichts
1394 764 116 36 von
1559 740 165 62 ihnen
1875 741 134 62 aber
2049 742 117 62 ihre
2201 743 300 63 Gestalten
2535 746 117 60 und

426 841 199 65 Werke
672 837 137 70 <ihre
858 831 208 74 Taten)
1107 832 127 61 sind
1281 832 259 79 lebendig
1599 849 164 45 unter
1811 858 124 48 uns,
1987 834 118 62 und
2153 851 114 46 erst
2318 859 117 38 von
2484 836 167 61 ihnen

426 936 113 63 fällt
577 941 86 53 ein
705 927 183 64 Strahl
929 926 106 61 auf
1068 926 108 61 den
1220 926 336 70 Menschen,
1598 927 108 61 den
1748 936 104 52 wir
1891 926 152 64 dann
2084 938 74 52 im
2200 929 263 62 höchsten
2506 929 138 62 Sinn

427 1030 76 60 als
536 1023 300 63 Menschen
878 1019 187 62 ehren.
1112 1019 100 60 Bei
1253 1018 315 78 Napoleon
1608 1019 137 62 aber
1785 1020 350 62 bewundern
2177 1030 103 52 wir
2321 1046 186 54 genau
2548 1044 103 56 ge*

426 1140 254 43 nommen
720 1114 159 61 keine
912 1121 211 68 einzige
1152 1121 182 52 seiner
1361 1108 184 66 Taten
1672 1113 148 61 denn
1855 1114 110 61 daß
2004 1140 117 36 von
2163 1124 146 52 zwei
2351 1115 299 79 kämpfen*

428 1215 102 60 den
577 1211 225 59 Heeren
851 1215 150 52 eines
1052 1206 109 61 den
1212 1206 133 78 Sieg
1394 1207 356 77 davonträgt,
1800 1217 71 52 ist
1917 1208 560 73 selbstverständlich,
2528 1208 118 62 und

428 1315 146 53 seine
612 1301 294 62 taktischen
946 1300 169 76 Züge
1156 1298 222 63 können
1420 1325 107 36 nur
1568 1325 114 37 von
1725 1301 367 77 Spezialisten
2140 1303 317 78 gewürdigt
2496 1326 154 38 wer*

428 1399 118 61 den.
591 1394 128 62 Wir
751 1391 345 64 bewundern
1129 1391 315 76 Napoleon
1479 1394 139 59 nicht
1650 1394 83 61 als
1768 1395 267 77 Schöpfer
2068 1419 114 38 von
2218 1396 194 76 irgend
2444 1413 202 53 etwas,

431 1489 234 63 sondern
704 1486 81 61 als
828 1495 87 52 ein
957 1485 355 61 ästhetisches
1338 1486 348 70 Phänomen,
1728 1486 82 61 als
1837 1496 90 51 ein
1954 1488 322 78 Schauspiel
2310 1489 100 61 der
2435 1488 216 62 Natur,

431 1584 81 62 Er
543 1592 68 52 ist
642 1582 185 68 heute,
868 1580 132 60 nach
1035 1579 242 62 hundert
1308 1580 219 78 Jahren,
1569 1582 139 59 nicht
1740 1580 156 61 mehr
1938 1590 124 52 eine
2102 1580 294 79 lebendige
2429 1582 227 71 Kraft,

431 1676 235 63 sondern
715 1683 88 51 ein
854 1673 444 77 Gegenstand
1349 1673 89 62 für
1486 1673 245 79 gelehrte
1781 1674 320 61 historische
2143 1676 212 60 Bücher
2397 1674 118 61 und
2570 1676 87 60 für

431 1766 443 71 Theaterstücke,
930 1764 118 63 und
1096 1790 69 37 so
1222 1766 98 62 hat
1367 1768 105 60 sich
1531 1776 153 53 seine
1742 1767 341 79 behauptete
2133 1767 524 80 Unpersönlichkeit

435 1862 156 61 durch
649 1861 88 61 die
786 1861 323 62 Geschichte
1165 1870 293 53 erwiesen.
1518 1862 123 60 Der
1688 1861 309 63 Verächter
2054 1861 135 62 aller
2244 1861 286 79 Ideologie
2589 1871 69 53 ist

435 1956 161 61 heute
635 1964 122 51 eine
797 1955 423 76 Beschäftigung
1260 1955 90 61 für
1392 1954 109 62 den
1546 1955 183 61 Geist

510 2048 177 71 Alles,
718 2072 121 37 was
873 2048 315 61 menschlich
1223 2048 268 61 zuhöchst
1531 2048 115 77 gilt:
1688 2048 192 71 Liebe,
1914 2044 212 75 Treue,
2159 2048 294 72 Edelmut,
2486 2049 175 61 Rein*

436 2142 121 68 heit,
599 2139 285 79 lebendige
931 2140 390 71 Innerlichkeit,
1369 2140 412 63 Produktivität
1938 2149 71 52 ist
2056 2142 91 61 bei
2195 2140 316 79 Napoleon
2561 2164 100 55 gar

436 2236 131 59 nicht
605 2234 136 61 oder
781 2234 169 61 kaum
992 2236 249 59 merklich
1284 2234 358 71 vorhanden,
1686 2260 106 37 nur
1833 2244 89 51 ein
1964 2236 200 76 großer
2205 2236 296 61 Verstand
2543 2236 118 61 und

436 2327 425 62 unermüdliches
907 2327 231 62 Wollen
1188 2337 366 69 imponieren.
1597 2327 231 71 Gaben,
1877 2327 91 62 die
2015 2337 55 51 in
2114 2327 99 62 der
2253 2327 164 62 Welt
2458 2328 206 70 helfen,

437 2422 127 60 aber
618 2444 201 38 unsere
875 2422 440 78 Bewunderung
1371 2446 105 37 nur
1533 2421 130 62 sehr
1720 2421 413 79 eingeschränkt
2187 2422 289 78 genießen.
2545 2422 113 60 Die

437 2514 164 76 große
649 2514 266 77 Klugheit
962 2514 346 78 Napoleons
1368 2515 97 60 hat
1522 2514 230 62 absolut
1809 2516 187 69 nichts,
2053 2538 123 38 was
2228 2538 72 37 an
2354 2514 313 62 Genialität

437 2615 282 63 erinnerte,
759 2632 167 37 wenn
969 2618 82 52 sie
1084 2609 134 61 auch
1261 2633 74 37 zu
1378 2608 177 62 hoher
1597 2609 529 77 organisatorischer
2159 2609 165 60 Kraft
2366 2617 298 68 gesteigert

441 2707 90 63 ist,-
577 2699 93 61 der
709 2700 293 61 Verstand
1051 2700 96 61 hat
1194 2702 125 61 kein
1366 2700 208 72 Genie,
1623 2726 68 37 so
1734 2711 184 68 wenig
1966 2711 110 52 wie
2126 2700 89 63 die
2266 2699 394 62 Muskelkraft,

444 2792 214 62 »Genie
705 2803 69 52 ist
813 2796 194 61 Fleiß«
1071 2797 95 60 hat
1214 2796 183 61 dieser
1443 2794 377 63 Ruheloseste
1872 2812 211 61 gesagt.
2144 2796 113 59 Die
2307 2793 363 79 Möglichkeit

444 2883 92 63 des
577 2886 246 72 Irrsinns,
872 2888 90 61 die
1002 2890 89 59 für
1136 2888 165 77 jeden
1341 2890 254 76 genialen
1636 2888 313 63 Menschen
1998 2912 91 37 am
2131 2888 322 61 Horizonte
2502 2887 168 71 steht,

445 2986 232 53 existiert
724 2981 88 60 für
860 2981 92 61 ihn
1009 3006 73 36 zu
1131 2986 186 56 keiner
1361 2981 219 62 Stunde
1630 2981 100 62 des
1772 2981 241 62 Lebens,
2076 2981 134 64 Sein
2260 2981 197 71 klarer,
2500 2981 174 61 über*

445 3070 213 79 legener
681 3074 292 62 Verstand
1014 3085 70 52 ist
1115 3100 69 37 so
1221 3076 106 61 fest
1359 3075 329 80 gegründet,
1725 3075 109 62 daß
1870 3099 59 38 er
1956 3075 165 61 durch
2156 3076 166 61 nichts
2350 3075 324 62 erschüttert

446 3165 221 61 werden
706 3168 163 62 kann.
915 3169 141 61 Und
1096 3193 60 37 er
1198 3170 95 61 hat
1334 3170 108 61 sich
1482 3170 233 61 niemals
1759 3170 329 61 betrunken.

520 3257 119 62 Der
677 3260 294 63 Verstand
1010 3263 345 79 Napoleons
1405 3263 403 61 unterscheidet
1849 3264 106 60 sich
2004 3272 75 51 im
2120 3263 217 76 Prinzip
2380 3262 137 59 nicht
2558 3283 118 38 von

450 3348 119 62 dem
618 3352 96 62 des
764 3354 537 79 Alltagsmenschen,
1362 3356 198 62 Wenn
1608 3366 102 51 wir
1767 3356 316 61 annehmen
2134 3356 235 68 wollen,
2421 3353 110 61 daß
2589 3362 90 51 ein

449 3441 195 65 kleiner
690 3448 329 63 Kaufmann
1077 3470 151 42 etwa
1277 3451 117 61 drei
1451 3451 139 60 oder
1637 3460 120 52 vier
1809 3450 288 61 Faktoren
2149 3447 318 62 übersehen
2519 3447 134 61 muß

449 3558 110 39 von
599 3539 179 63 denen
818 3553 154 52 seine
1010 3545 409 76 geschäftlichen
1453 3544 238 77 Erfolge
1731 3542 298 78 abhängen
2070 3541 135 71 <den
2238 3540 219 61 Bedarf
2490 3549 188 52 seiner

451 3628 352 77 Kundschaft,
853 3636 88 61 die
991 3636 264 72 Qualität
1311 3647 183 52 seiner
1542 3638 233 70 Waren,
1827 3635 108 61 den
1984 3634 219 70 Kredit,
2253 3634 110 61 den
2413 3634 113 60 ihm
2578 3633 100 61 der

450 3718 295 68 Fabrikant
783 3729 270 76 gewährt,
1096 3730 91 61 die
1218 3730 176 61 Höhe
1433 3739 183 52 seiner
1650 3729 479 78 Spesen)wenn
2170 3727 97 62 der
2300 3728 186 60 Leiter
2525 3735 156 53 eines

451 3815 203 73 großen
679 3819 453 66 Unternehmens
1156 3833 258 69 zwanzig
1439 3823 83 62 bis
1550 3823 207 78 dreißig
1781 3822 306 70 Faktoren,
2114 3821 99 62 der
2239 3838 148 45 erste
2403 3822 269 61 Minister

454 3913 145 56 eines
646 3913 303 64 modernen
1000 3917 223 61 Staates
1275 3926 124 52 eine
1447 3917 136 60 noch
1640 3916 235 77 größere
1924 3915 230 62 Anzahl
2204 3923 54 52 in
2300 3916 253 59 Betracht
2601 3939 75 36 zu

452 4000 188 63 ziehen
681 4005 112 71 hat,
835 4010 186 61 wobei
1062 4011 212 61 wieder
1315 4035 117 37 von
1480 4010 182 77 jedem
1703 4010 388 77 Hauptfaktor
2135 4009 210 62 andere
2385 4009 253 62 Faktore
