3488 4572
950 560 268 60 Johannes
1250 559 58 49 R,
1341 557 183 51 Becher
1555 582 7 10 •
1608 556 374 64 Verbrüderung

2498 562 88 47 243

729 751 132 61 Daß
904 770 202 39 unsere
1148 746 215 71 Söhne,
1404 746 89 62 die
1534 746 254 71 Heroen,
1831 747 273 61 sammeln

729 844 313 62 Nationen.
1086 839 373 62 Überstrahlt,
1502 839 144 62 Und
1686 840 126 61 wir!
1858 840 142 61 Und
2041 841 155 60 wir!!

730 935 319 64 Kartätscht
1091 932 87 63 die
1220 932 168 63 Reih!
1432 932 144 63 Von
1617 932 212 63 Lüften
1871 934 147 61 Bleis
2060 934 256 77 zernagt!

731 1032 113 61 Die
885 1029 288 76 Wenigen
1215 1026 178 63 sind!!
1437 1026 63 63 O
1544 1026 386 79 ungeheuerer
1971 1023 202 82 Tag!!!

730 1218 61 78 Ja
815 1242 92 33 —:
951 1214 298 61 Hirtinnen
1291 1222 105 53 wir
1435 1214 138 78 groß
1617 1223 53 52 in
1704 1214 238 63 Städten
1984 1214 224 63 walten.

734 1310 132 62 Wir
908 1308 216 63 Chöre,
1169 1308 159 61 Euch
1371 1307 427 80 beschwingend
1838 1333 74 36 zu
1956 1307 128 61 dem
2125 1310 143 61 Bau.

735 1402 125 63 Wo
904 1400 159 63 Öfen
1103 1401 143 61 Blitz
1288 1411 240 52 entzwei
1570 1402 110 61 den
1721 1404 246 62 Himmel
2010 1402 222 79 spaltet.

735 1498 122 59 Der
898 1495 421 61 niederschüttet
1359 1495 180 78 Berge
1580 1496 372 63 Aschentaus.

736 1592 113 59 Die
890 1598 103 52 wir
1034 1598 55 52 in
1131 1589 254 61 Wüsten
1427 1590 191 61 Haine
1660 1589 228 62 Zedern
1933 1590 185 61 falten,

738 1683 158 61 Eudi
938 1698 219 46 zerrten
1199 1682 289 66 kriechend
1529 1705 128 56 weg
1698 1706 136 38 vom
1877 1682 422 62 Drahtverhau,

736 1776 97 61 Zu
876 1777 412 60 Prozessionen
1331 1785 104 52 wir
1474 1776 228 61 Plakate
1744 1776 345 61 schwenken.

738 1870 180 62 O—:
961 1868 230 64 Pauken
1233 1870 171 61 blühn
1448 1894 105 37 aus
1596 1893 242 39 unseren
1872 1868 439 79 Kniegelenken,

745 2058 132 61 Wie
919 2056 239 63 Fahnen
1200 2073 227 46 streuen
1469 2079 107 38 vor
1617 2064 102 52 wir
1760 2055 330 62 Manifeste.

739 2147 310 83 Trompete
1088 2150 155 61 klafft
1285 2150 99 61 der
1425 2150 207 63 Mund.
1674 2150 86 61 Es
1802 2149 166 61 brüllt
2009 2149 222 61 Alarm.

744 2246 136 61 Aus
923 2267 208 40 eueren
1176 2244 270 73 Grüften,
1490 2246 252 61 feuchten
1783 2239 479 66 Toten-Nestern

744 2338 349 61 Lichtsäulen
1135 2347 164 68 steigt
1338 2337 107 62 ihr:
1491 2337 235 62 dunkler
1765 2336 217 61 Brüder
2023 2335 298 62 Schwarm.

747 2434 113 59 Die
899 2443 207 67 jungen
1148 2432 223 61 Dichter
1412 2431 323 62 schleudern
1777 2439 167 53 weite
1986 2430 236 61 Gesten,

749 2525 97 62 Sie
886 2526 226 61 schufen
1154 2525 178 62 Staat.
1376 2525 116 61 Ein
1533 2548 176 38 neuer
1749 2520 132 65 Ton
1924 2523 203 62 schleift
2166 2545 197 38 warm.

748 2619 136 61 Auf
915 2619 229 61 Plätzen
1187 2628 221 51 weinen
1449 2618 230 77 Bürger.
1716 2613 350 64 Tätowierte
2099 2617 231 68 Huren,

749 2713 112 61 Die
903 2713 223 77 Engeln
1167 2713 166 77 gleich
1376 2721 97 53 mit
1512 2712 294 78 Püppchen
1848 2710 190 61 nieder
2043 2709 219 62 fuhren.

750 2900 160 61 Hah!
956 2900 321 78 Rhythmus
1321 2898 207 63 wollen
1570 2906 121 62 wir,
1733 2897 99 62 der
1874 2921 75 37 zu
1990 2896 301 62 Nationen

757 2994 115 61 Ein
914 2994 324 78 mystischer
1279 2992 191 63 Strom
1510 2990 451 63 verschmelzend
2001 2989 361 78 überschlägt.

754 3089 61 61 In
858 3090 205 75 Auges
1107 3088 253 61 Winken
1402 3088 136 59 noch
1581 3085 89 62 die
1712 3085 256 79 Krüppel
2011 3084 265 62 wohnen,

755 3183 282 79 Europa
1081 3205 292 39 unseren
1415 3182 269 61 Stirnen
1728 3179 419 78 eingeprägt!

755 3277 134 61 Daß
931 3277 99 61 der
1072 3276 322 62 Geschütze
1435 3269 242 83 Tempo,
1721 3282 144 52 einst
1906 3271 215 62 Äonen

759 3368 521 63 Durchhämmernd
1319 3366 301 71 knurrend,
1664 3366 152 61 wölb
1859 3389 131 36 zum
2023 3363 220 70 Hauch,
2285 3363 97 61 der
2424 3372 139 67 trägt

876 3464 108 61 auf
1016 3464 296 61 Flammen
1354 3462 144 60 Rost
1539 3459 199 62 erbaut
1780 3457 117 61 und
1938 3456 460 61 blitzumrändert

761 3556 129 63 Uns
932 3582 72 37 an
1048 3556 90 63 die
1178 3556 173 61 Bucht
1390 3564 304 68 getürmter
1735 3547 575 65 Freiheits*Länder!
