3616 4572
1067 538 96 51 208

1755 540 226 49 Kasimir
2008 539 278 50 Ecfsdimid
2309 565 7 10 •
2352 540 118 49 Der
2502 539 127 50 Gott

1063 729 422 78 Vorbereitung
1542 729 89 61 für
1679 729 109 61 den
1830 729 280 73 Zustand,
2161 738 53 52 in
2258 729 129 61 dem
2428 752 59 38 er
2530 752 111 37 nur
2684 728 89 61 die
2815 728 227 61 höchste
3085 727 223 63 Gleich»

1064 823 383 78 gewichtslage
1510 831 181 53 seines
1740 823 245 60 Daseins
2045 823 278 77 empfand.
2387 823 86 60 Er
2529 822 114 61 hob
2704 830 123 53 eine
2868 821 256 61 Muschel
3192 825 115 58 und

1063 917 249 61 schlürfte
1353 925 80 53 sie
1472 917 114 61 voll
1619 917 279 61 Andacht,
1942 917 84 60 Er
2064 917 297 60 streichelte
2402 917 109 61 den
2553 916 198 61 Boden
2794 915 101 62 des
2928 915 232 61 Hauses
3192 917 115 60 und

1066 1010 265 79 empfand
1372 1010 452 76 Erschütterung.
1867 1010 86 60 Er
1994 1009 239 72 lächelte,
2276 1010 113 61 hob
2425 1010 87 61 die
2545 1009 196 72 Hand,
2783 1010 117 60 und
2933 1025 162 45 unter
3128 1009 180 62 dieser

1063 1104 323 75 Bewegung
1426 1103 260 76 schwang
1726 1101 102 61 das
1870 1103 374 76 Vergangene
2286 1112 85 50 ins
2412 1103 267 61 Uferlose
2719 1101 215 61 zurück,

1139 1195 280 77 Morgens
1476 1195 287 61 wechselte
1821 1194 103 62 das
1974 1194 419 62 Admiralschiff
2446 1194 225 79 Signale
2721 1195 134 61 nach
2907 1194 130 61 dem
3079 1194 225 64 Strand,

1063 1288 159 62 Graf
1255 1288 211 61 d'Ache
1523 1288 164 61 stand
1746 1288 106 61 auf
1901 1289 99 60 der
2047 1289 209 61 Brücke
2305 1298 55 51 in
2409 1289 200 78 großer
2648 1288 296 73 Uniform,
3004 1289 101 61 das
3146 1288 160 64 Band

1062 1382 99 61 des
1202 1382 501 76 Ludwigskreuzes
1745 1382 140 61 über
1926 1382 99 61 der
2065 1383 186 60 Brust.
2300 1383 88 60 Er
2427 1382 465 61 kommandierte:

1142 1475 199 61 »Mein
1383 1475 170 73 Herr,
1594 1475 95 62 Sie
1730 1476 127 61 sind
1898 1476 298 61 desertiert.
2238 1476 83 60 Ich
2364 1476 198 61 würde
2595 1475 95 62 Sie
2731 1484 53 52 in
2820 1476 179 61 Eisen
3033 1476 268 78 schlagen,

1062 1569 142 61 träfe
1260 1569 78 61 ich
1387 1569 112 62 Sie,
1567 1569 83 61 Ich
1706 1570 192 61 werde
1955 1570 106 61 den
2114 1569 208 63 Strand
2373 1569 274 61 absuchen
2705 1569 183 61 lassen
2947 1578 97 50 mit
3095 1569 212 79 fünfzig

1061 1663 204 62 Mann,
1332 1663 149 61 Man
1538 1663 141 61 wird
1730 1664 94 61 Sie
1880 1673 108 52 wie
2046 1673 160 52 einen
2247 1665 199 60 Hasen
2500 1663 215 77 fangen.
2783 1663 89 61 Ihr
2912 1663 245 61 Wunsch
3207 1688 94 37 um

1061 1757 157 61 Hilfe
1259 1766 80 52 sei
1382 1781 103 37 aus
1527 1757 350 63 Sachlichkeit
1917 1758 268 76 gewährt.
2235 1758 83 60 Ich
2360 1758 192 60 werde
2592 1780 231 54 morgen
2867 1757 210 62 fahren.
3128 1757 174 61 Neh»

1061 1874 128 35 men
1233 1851 94 61 Sie
1368 1874 116 38 von
1527 1860 180 53 einem
1750 1851 342 62 Gentleman
2136 1875 91 37 am
2261 1851 198 62 Schluß
2502 1852 86 60 die
2615 1851 412 77 Versicherung
3058 1851 243 61 bewun»

1059 1942 237 61 dernder
1335 1945 453 61 Freundschaft.«

1138 2035 160 61 Kurz
1340 2037 208 60 danach
1590 2037 127 60 kam
1760 2037 276 63 Kalekua.

1137 2129 123 61 Am
1311 2129 212 77 Mittag
1580 2130 222 61 suchten
1856 2130 211 79 fünfzig
2106 2131 188 61 Mann
2345 2142 97 52 mit
2483 2134 330 75 Bajonetten
2856 2133 89 59 die
2986 2133 184 59 Küste
3213 2131 84 61 ab,

1058 2222 132 76 Jean
1233 2223 280 74 Frangois
1553 2223 111 61 floh
1706 2224 154 62 nicht.
1905 2225 85 59 Er
2031 2227 208 70 wußte,
2282 2225 110 61 daß
2432 2234 79 54 sie
2554 2227 88 61 die
2670 2227 188 76 Wege
2898 2251 73 35 zu
3005 2225 113 60 ihm
3160 2227 137 59 nicht

1058 2314 226 73 fänden,
1326 2316 118 61 und
1485 2324 80 53 sie
1608 2316 203 61 fanden
1853 2326 79 52 sie
1975 2319 135 60 auch
2152 2319 155 61 nicht.
2351 2319 277 61 Anderen
2669 2319 278 78 Morgens
2996 2319 181 61 lösten
3218 2327 78 53 sie

1058 2417 122 52 eine
1236 2410 292 61 metallene
1586 2411 267 71 Kanone,
1910 2411 254 77 begaben
2223 2413 106 60 sich
2395 2412 280 62 kreuzend
2732 2431 163 43 unter
2942 2413 184 61 Wind
3182 2412 115 61 und

1056 2502 209 61 trieben
1310 2526 102 38 aus
1454 2504 98 60 der
1592 2505 171 59 Bucht
1804 2506 132 60 nach
1979 2506 314 61 Honoruru
2334 2531 91 37 zu,

1134 2595 259 62 Kalekua
1434 2598 152 60 hatte
1628 2606 121 52 eine
1791 2623 145 37 neue
1961 2599 202 61 Weise
2204 2624 72 37 zu
2318 2601 197 77 gehen,
2558 2609 80 53 sie
2671 2600 262 62 berührte
2966 2600 108 61 den
3100 2600 195 60 Boden

1056 2699 245 69 weniger
1341 2699 110 52 wie
1494 2691 204 73 früher,
1741 2693 116 61 ihre
1898 2694 209 60 Hände
2150 2694 193 61 hatten
2387 2704 161 51 einen
2592 2704 231 69 eigenen
2850 2690 150 65 Takt
3033 2700 117 55 und
3183 2693 113 61 ihre

1056 2783 216 77 Augen
1313 2784 176 60 sahen
1532 2784 164 61 durch
1739 2785 87 61 die
1852 2787 189 77 Dinge
2075 2787 279 72 hindurch,
2390 2789 89 60 die
2503 2797 79 52 sie
2616 2788 296 77 umgaben.
2957 2788 113 60 Die
3102 2788 194 60 Feier»

1056 2876 205 61 lichkeit
1322 2886 168 52 reizte
1538 2878 132 76 Jean
1712 2878 306 76 Francois,
2078 2882 117 60 und
2252 2905 60 37 er
2366 2882 97 60 bat
2503 2891 98 62 sie,
2652 2882 91 61 ihn
2793 2905 102 38 zur
2934 2881 250 77 Königin
3225 2904 70 36 zu

1058 2968 220 71 führen,
1321 2994 166 38 wenn
1531 2980 80 53 sie
1651 2973 211 60 wieder
1901 2998 74 35 zu
2016 2973 82 60 ihr
2138 2984 177 68 ginge,
2378 2976 141 60 Und
2559 2977 101 60 sah
2702 2985 80 53 sie
2823 2977 107 60 fest
2972 3000 89 37 an.

1136 3062 94 63 Sie
1272 3064 248 61 erschrak
1560 3065 118 60 und
1717 3065 198 62 wurde
1956 3065 178 62 braun
2178 3078 74 50 im
2288 3067 228 63 Gesicht
2557 3070 118 60 und
2707 3086 157 60 sagte
2896 3067 264 64 stockend
3192 3089 103 39 vor

1056 3155 227 61 Freude
1324 3158 116 59 und
1481 3158 218 77 Angst:
1746 3159 115 60 »Ich
1905 3160 162 61 will.«

1133 3249 95 62 Sie
1270 3259 243 70 speisten
1556 3253 104 60 auf
1693 3253 128 61 dem
1863 3249 160 66 Tisch
2065 3278 104 38 vor
2211 3255 126 63 dem
2383 3257 181 62 Haus,
2610 3258 97 62 Sie
2746 3257 218 62 brachte
3005 3266 125 52 eine
3169 3255 126 61 Ka»

1054 3343 229 62 rabasse
1324 3353 100 52 mit
1463 3340 159 83 Teig,
1664 3347 329 76 gebratenes
2034 3347 251 63 Schwein
2337 3351 117 61 und
2495 3352 138 60 süße
2674 3351 332 61 Kartoffeln.
3065 3349 112 61 Als
3216 3356 77 53 sie

1054 3437 89 60 die
1184 3437 333 63 Holzschale
1559 3448 97 52 mit
1682 3440 244 62 Wasser
1967 3443 213 70 reichte,
2220 3443 103 61 sah
2365 3467 60 37 er
2458 3445 228 72 wieder,
2719 3453 111 53 wie
2854 3445 165 61 schön
3046 3452 80 54 sie
3157 3464 133 39 war.

1132 3530 96 62 Sie
1269 3550 174 43 setzte
1485 3533 107 61 sich
1635 3535 111 59 ihm
1780 3536 337 76 gegenüber,
2154 3545 122 52 eine
2300 3537 440 77 Yameswurzel
2773 3539 153 61 leicht
2958 3533 333 70 zerkauend,

1053 3624 90 61 die
1184 3625 228 61 Palmen
1454 3626 186 79 bogen
1680 3629 106 61 sich
1828 3638 54 52 in
1927 3630 96 61 der
2064 3630 151 70 Luft,
2258 3631 103 61 das
2403 3631 168 63 Meer
2611 3633 164 61 scholl
2816 3631 213 63 herauf.

1131 3719 99 60 Da
1270 3728 139 53 wies
1452 3744 58 37 er
1551 3721 259 63 hinunter
1851 3724 115 60 und
2008 3741 158 60 sagte
2206 3724 102 71 ihr,
2351 3725 108 61 daß
2495 3749 58 37 er
2585 3725 212 62 fremde
2832 3725 196 64 Schiffe
3060 3721 232 82 gesandt

1052 3812 145 75 gäbe
1237 3836 175 54 gegen
1457 3814 89 61 die
1581 3814 380 64 Chinafahrer
2003 3818 118 61 und
2162 3842 211 55 verzog
2415 3819 160 62 keine
2606 3821 216 60 Miene.
2868 3821 96 60 Sie
2999 3819 151 71 aber,
3184 3840 107 38 un»

1053 3904 250 79 gläubig,
1360 3908 324 79 übermäßig
1741 3909 305 74 erbebend,
2114 3936 205 55 sprang
2361 3913 123 73 auf,
2552 3916 228 59 wandte
2837 3916 106 59 sich
3000 3922 109 53 wie
3165 3931 125 41 zum

1053 3997 263 71 Fliehen,
1383 4001 188 62 kehrte
1637 4026 97 38 um
1791 4006 117 60 und
1965 4005 166 63 küßte
2188 4007 92 60 ihn
2338 4007 270 61 zwischen
2665 4008 89 60 die
2804 4007 254 61 Warzen
3116 4014 176 53 seiner
