3488 4572
1353 535 214 50 GCossen

2500 533 93 52 253

2073 1039 226 52 Theodor
2332 1038 200 65 Tagger

338 740 211 49 Verräter
579 746 103 38 vor,
715 745 49 31 er
795 724 127 57 fand,
957 723 88 51 daß
1090 723 100 51 »die
1233 722 201 51 einfache

337 815 142 52 Treue
523 813 159 43 immer
729 803 113 50 noch
893 803 166 61 größer
1099 808 82 52 ist,
1230 802 67 49 als
1346 799 89 51 alle

337 891 185 52 Theorie
560 882 96 51 und
692 881 205 57 redliche,
936 879 239 61 lebendige
1207 877 227 52 rückhalt«

338 972 90 48 lose
459 961 263 53 Teilnahme
764 977 59 31 an
864 958 80 50 der
976 958 106 50 Not
1122 957 81 51 des
1244 962 190 56 eigenen

338 1044 168 55 Volkes
540 1039 178 63 größer,
751 1037 67 49 als
852 1035 88 51 alle
972 1037 211 49 Politik«,

396 1122 63 51 Ich
480 1135 130 44 wage
633 1117 86 48 den
737 1114 255 50 Einwand:
1026 1119 89 45 wie
1139 1114 149 50 dieser
1311 1114 124 50 Herr

338 1202 65 49 die
447 1198 225 58 Pogrome
719 1192 137 49 durch
908 1192 217 49 «redliche
1165 1189 270 52 Teilnahme

339 1298 52 32 an
413 1277 75 48 der
507 1276 130 47 Not«
657 1270 235 50 milderte?
926 1272 69 48 Ich
1014 1272 128 59 frage
1160 1276 61 43 im
1240 1270 197 61 Gegen«

338 1354 85 56 teil,
454 1352 58 49 ob
545 1349 81 50 das
661 1348 115 49 nicht
809 1353 102 44 eine
944 1347 118 50 leere
1094 1348 96 49 und
1222 1348 215 49 konven«

337 1430 173 54 tionelle
550 1427 255 59 Wendung
855 1430 84 54 ist,
978 1432 89 44 wie
1108 1425 76 50 Sie
1232 1432 67 44 sie
1346 1425 91 50 sich

337 1519 122 41 sonst
490 1507 112 49 nicht
633 1504 244 57 erlauben,-
908 1504 121 50 denn
1061 1509 148 45 worin
1242 1503 196 51 bestand

338 1589 113 50 diese
483 1583 230 60 »redliche,
744 1583 240 61 lebendige
1018 1583 97 49 und
1136 1582 302 49 rückhaltlose

338 1663 254 52 Teilnahme
625 1678 59 32 an
729 1660 80 50 der
840 1659 165 51 Not«?
1052 1659 202 51 Bestand
1293 1664 66 45 sie
1392 1664 46 43 in

338 1743 74 49 der
443 1740 263 60 Zeichnung
739 1739 216 61 größerer
977 1738 235 57 Summen,
1235 1738 72 51 die
1329 1738 110 49 nach

337 1818 200 52 Rußland
577 1818 73 48 für
690 1815 72 51 die
795 1817 145 60 Juden
981 1815 218 61 geschieht
1232 1815 208 56 wurden,

338 1916 50 33 so
418 1897 75 48 hat
523 1894 83 51 das
639 1893 138 51 nichts
811 1899 82 43 mit
925 1895 291 60 Religiosität
1246 1913 61 31 zu
1331 1904 111 52 tun,,

338 1973 182 51 bestand
540 1978 65 44 sie
626 1979 46 43 in
696 1978 146 44 einem
860 1971 335 63 verdoppelten
1218 1970 221 64 Tempel«

338 2050 175 57 besuch,
560 2068 56 32 so
663 2049 131 51 ward
844 2050 88 50 den
981 2050 147 62 Juden
1176 2050 177 51 drüben
1395 2055 44 43 in

342 2130 129 50 nichts
520 2129 223 62 geholfen.
799 2128 235 50 Geholfen
1082 2134 63 44 im
1194 2128 246 62 Gegenteil

339 2213 116 44 wäre
503 2205 132 51 ihnen
682 2206 222 50 vielleicht
943 2205 214 51 worden:
1200 2225 138 31 wenn
1372 2206 68 50 ihr

339 2283 426 50 Staatsbewußtsein
830 2284 138 49 schon
1030 2284 156 49 früher
1240 2285 200 60 geweckt

341 2361 176 51 worden
540 2368 138 52 wäre,
700 2361 95 50 und
819 2380 136 32 wenn
978 2361 147 51 dieser
1143 2364 125 48 Herr
1282 2363 153 61 Jahre«

342 2439 98 62 lang
485 2458 58 30 an
582 2440 146 50 dieser
761 2440 268 62 Weckung,
1068 2440 117 50 nicht
1226 2440 110 50 aber
1377 2458 60 32 an

342 2521 113 46 einer
494 2518 258 49 »einfachen
786 2515 182 52 Treue«
1012 2519 252 60 gearbeitet
1303 2518 135 49 hätte.

342 2595 372 61 Angenommen,
761 2594 126 51 diese
927 2595 173 51 Arbeit
1146 2595 161 51 würde
1348 2595 92 50 ihm

342 2673 123 49 durch
513 2674 231 61 oftmalige
794 2674 387 61 Kontemplation
1230 2680 44 43 in
1325 2674 118 49 Gott

343 2750 247 58 erleichtert,
621 2769 55 32 so
709 2756 58 45 ist
799 2769 50 32 er
882 2756 72 46 ein
979 2751 237 61 religiöser
1233 2751 209 59 Mensch,

344 2827 99 50 aber
474 2829 80 49 das
577 2830 140 48 bleibt
733 2835 126 45 seine
878 2835 159 56 eigene
1054 2830 386 61 Angelegenheit.

399 2905 70 51 Sie
520 2906 161 51 dürfen
736 2907 262 63 überhaupt
1051 2907 148 50 dieses
1247 2906 196 64 Beispiel

343 2982 108 50 nicht
489 2985 417 61 verallgemeinern.
957 2987 90 50 Die
1078 2987 366 50 Bekennerfreu«

344 3059 157 62 digkeit
531 3061 144 51 dieses
697 3064 155 49 Herrn
877 3064 238 62 entsprach
1138 3069 150 45 seiner
1311 3064 131 50 Zeit:

344 3154 45 32 er
418 3139 164 57 wollte,
611 3153 210 38 vermute
852 3141 80 57 ich,
965 3146 178 56 zeigen,
1176 3141 89 51 daß
1299 3160 49 31 er
1371 3146 73 45 ein

344 3214 181 50 Atheist
555 3222 69 45 ist.
658 3217 64 51 So
755 3231 146 38 etwas
934 3220 193 61 vergeht
1158 3225 150 44 einem
1335 3220 109 49 füh«

346 3288 151 54 lenden
527 3294 248 52 Menschen
808 3296 119 51 bald.
963 3297 109 50 Sein
1105 3299 210 49 Austritt
1346 3297 97 50 und

347 3372 88 45 sein
457 3370 357 54 Wiedereintritt
846 3380 46 44 in
926 3375 84 51 das
1042 3375 249 63 Judentum
1385 3375 61 49 da

347 3462 43 32 er
421 3465 90 33 nun
541 3451 167 50 wieder
741 3471 59 31 zu
835 3454 199 61 glauben
1068 3455 154 60 anfing
1348 3473 99 30 war

348 3526 92 47 eine
475 3525 305 63 theologische
811 3530 177 62 Übung
1030 3531 95 50 und
1158 3537 100 44 eine
1291 3531 153 60 Sache,

348 3597 65 51 die
443 3617 46 33 er
520 3603 71 50 für
623 3606 104 58 sich,
758 3609 117 48 nicht
897 3610 72 48 für
993 3610 83 49 das
1094 3610 245 62 Judentum
1360 3620 82 39 tat.

407 3677 63 50 Ich
503 3681 184 52 schließe
720 3686 149 50 schon.
906 3687 175 50 Lassen
1104 3689 76 49 Sie
1213 3687 112 50 mich
1358 3705 88 32 nur

349 3755 103 49 noch
476 3761 263 61 versichern,
765 3763 90 51 daß
878 3765 73 51 die
983 3766 230 51 »einfache
1246 3763 201 61 Treue»,

349 3828 67 51 die
436 3832 71 52 Sie
523 3854 54 31 so
601 3837 326 64 hervorheben,
959 3843 296 51 unfruchtbar
1287 3843 160 60 macht,

356 3904 137 58 Treue
537 3917 106 50 muß
684 3931 137 48 getan
859 3921 209 58 werden,-
1109 3920 152 53 Treue
1293 3922 154 51 halten

353 3983 111 55 ohne
480 3987 88 55 Tat
598 3995 93 49 und
711 3997 309 60 Bewußtsein,
1053 4005 58 44 ist
1133 4000 196 61 bequem
1352 3998 95 52 und

1481 725 161 46 immer
1674 720 229 63 gehalten,
1934 720 112 51 auch
2078 739 137 31 wenn
2248 738 108 32 man
2389 727 65 44 sie
2486 739 110 32 ver«

1482 799 107 61 gißt,
1623 797 154 52 Treue
1810 804 58 45 ist
1901 799 117 48 nicht
2058 798 245 51 »einfach«,
2348 799 248 50 »Einfache

1482 874 182 52 Treue«
1698 882 60 44 ist
1790 883 101 56 jene
1924 875 193 60 Litanei,
2158 875 74 51 die
2263 875 77 50 Sie
2380 877 97 48 und
2510 877 87 49 alle

1482 974 79 31 um
1584 955 75 50 Sie
1692 955 117 50 nicht
1842 973 84 32 aus
1950 955 104 50 dem
2077 954 153 51 Schlaf
2247 955 217 49 kommen
2487 954 108 51 läßt.

1555 1213 145 61 Das
1740 1228 155 47 erste
1938 1212 155 63 Volk
2125 1213 292 77 Europas
2436 1261 45 16 ...

1546 1315 68 48 Es
1649 1315 147 49 bleibe
1837 1333 330 43 unvergessen,
2206 1315 90 51 daß
2345 1315 123 51 diese
2508 1315 89 49 den

1485 1404 150 38 ersten
1658 1391 144 51 Schuß
1827 1392 78 50 des
1938 1404 151 38 ersten
2112 1394 250 59 Aufzuges
2385 1394 106 48 dort
2522 1411 77 31 am

1485 1470 174 48 Balkan
1702 1470 151 61 gelöst
1894 1470 161 49 haben.
2106 1471 138 48 Dazu
2285 1470 192 62 spielten
2517 1476 82 54 sie,

1485 1547 176 50 damals
1702 1552 62 44 im
1806 1547 215 50 Oktober
2058 1549 134 55 1912,
2230 1547 97 51 ihre
2368 1550 232 48 nationale

1486 1627 189 60 Hymne
1707 1626 95 50 und
1835 1637 273 39 erwarteten
2141 1627 115 50 über
2286 1626 88 51 den
2399 1627 201 50 schwär«

1487 1723 86 30 zen
1606 1705 179 59 Bergen
1818 1723 86 30 aus
1937 1704 103 49 dem
2065 1704 154 49 Osten
2252 1710 74 44 ein
2357 1705 243 51 slavisches

1487 1782 295 61 Morgenrot,
1818 1781 114 51 Und
1964 1800 95 31 nun
2082 1781 151 51 haben
2251 1787 82 55 sie,
2365 1784 67 49 als
2458 1796 142 38 erstes

1490 1860 131 51 Volk
1637 1861 238 60 Europas,
1907 1865 45 43 in
1985 1860 106 49 dem
2112 1861 214 61 Besieger
2348 1867 73 44 ein
2446 1862 155 51 edles

1490 1937 176 51 Gefühl
1688 1949 377 49 vorausgesetzt,-
2093 1937 285 51 ruhmvoll
2401 1938 86 53 die
2510 1958 92 33 er«

1487 2016 259 51 hobenen
1780 2016 236 49 Waffen
2050 2016 285 62 gestreckt.

1550 2095 97 48 Der
1656 2095 127 49 Klau
1801 2093 79 50 des
1890 2093 318 51 räuberischen
2218 2096 190 58 Falken,
2418 2097 184 61 kampf«

1487 2172 247 61 begeistert
1781 2172 96 50 und
1917 2171 391 62 kampfgewohnt,
2348 2175 254 61 wehrfähig

1486 2252 95 48 und
1604 2250 296 61 wehrtüchtig
1929 2269 112 30 vom
2065 2251 318 51 Knabenalter
2403 2253 70 49 bis
2496 2271 106 31 zum

1486 2327 333 57 Greisenalter,
1842 2327 291 61 haßerzogen
2155 2328 96 49 und
2272 2328 314 63 haßgewohnt

1485 2405 353 62 Feldpredigten
1858 2405 233 62 gewohnt,
2101 2406 258 51 Bündnisse
2370 2408 235 60 gewohnt,

1487 2482 124 51 diese
1653 2483 213 50 Indianer
1907 2482 80 50 des
2030 2486 326 58 europäischen
2398 2486 207 49 Völker«

1489 2579 252 39 museums,
1767 2561 123 49 diese
1913 2561 143 49 Leute
2082 2561 79 51 des
2195 2562 206 50 ererbten
2422 2563 184 50 Schieße

1490 2639 235 61 gewehres
1773 2639 151 50 haben
1980 2659 88 30 uns
2122 2645 101 45 eine
2272 2652 120 40 erste
2448 2642 158 48 Über«

1489 2717 224 61 raschung
1746 2716 215 50 beschert.
2014 2717 162 49 Wenn
2219 2718 112 50 auch
2371 2725 237 55 verspätet

1490 2796 143 49 selbst
1665 2813 84 32 zur
1778 2796 369 61 rechtgläubigen
2164 2796 444 61 Weihnacht,-viel«

1491 2873 140 59 leicht,
1650 2874 89 50 daß
1771 2893 49 31 es
1844 2880 46 43 in
1915 2874 148 50 dieser
2084 2874 263 63 Beziehung
2370 2895 95 30 von
2491 2877 117 50 Gott

1492 2952 117 49 nicht
1641 2971 56 30 so
1730 2970 152 44 genau
1915 2971 277 42 genommen
2224 2953 128 50 wird.
2389 2954 100 50 Das
2524 2972 84 43 ge«

1492 3029 167 51 bildete
1669 3031 202 61 Belgien,
1890 3048 94 31 von
1995 3029 190 51 Serbien
2196 3047 119 45 ganz
2333 3031 275 62 abgesehen,

1492 3109 116 50 hofft
1640 3111 112 48 noch
1776 3114 160 45 immer
1959 3109 86 50 auf
2061 3127 121 32 neue
2204 3107 165 62 Taten,
2394 3111 71 49 die
2492 3112 116 49 nicht

1492 3187 216 49 kommen
1730 3187 183 49 wollen.
1948 3187 115 49 Und
2082 3188 341 61 Montenegro?
2445 3189 161 50 Euro«

1491 3282 87 43 pas
1609 3264 389 61 Religionsquelle
2030 3264 81 49 hat
2152 3266 72 47 für
2265 3264 123 50 diese
2420 3266 188 49 Phäno«

1494 3361 131 32 mene
1682 3348 133 43 einen
1867 3342 253 49 treffenden
2169 3342 268 51 Ausdruck:
2493 3344 115 50 Der

1491 3421 184 58 Stein,
1707 3438 117 33 von
1857 3421 104 49 den
1994 3421 321 49 Bauleuten
2347 3440 258 33 verwor«

1491 3499 115 57 fen,
1637 3499 139 50 wird
1806 3518 123 31 zum
1962 3498 271 50 Eckstein,

1556 3687 98 50 Der
1686 3686 141 57 Stein,
1861 3685 80 51 der
1974 3686 89 50 sich
2096 3704 112 30 vom
2242 3686 231 50 Lovcen
2507 3686 99 51 los«

1495 3765 150 62 gelöst
1677 3763 94 59 hat,
1797 3763 234 50 ruhmvoll
2056 3763 111 51 auch
2185 3763 89 51 den
2298 3763 310 63 östreichern,

1494 3849 89 43 wie
1606 3860 106 30 man
1735 3841 113 49 noch
1871 3847 156 56 später
2050 3841 213 51 einsehen
2295 3842 133 57 wird,
2462 3842 146 51 dieser

1495 3921 127 49 Stein
1669 3920 147 56 kann,
1865 3920 109 50 muß
2023 3920 96 49 und
2166 3920 118 49 wird
2331 3920 111 50 auch
2491 3921 117 57 <seid

1495 3998 165 51 dessen
1684 3998 148 62 gewiß
1844 3998 33 58 !>
1899 3997 185 51 weithin
2107 4003 70 45 ins
2195 3998 164 51 Rollen
2376 4000 230 50 kommen.
