3639 4572
1125 518 93 50 248

2158 515 218 51 Gfossen

1124 709 154 50 Nacht
1310 714 48 43 in
1390 714 89 45 irre
1500 707 177 50 Schreie
1707 724 98 32 von
1838 704 276 62 Fragenden
2147 704 96 50 und

1127 807 85 30 aus
1261 787 355 49 unermeßlicher
1656 787 152 47 Ferne
1848 784 390 50 Antwortenden,

1126 865 137 51 Aber
1294 865 74 50 die
1401 863 470 52 Lebensleidenschaft
1910 879 101 32 war
2050 862 189 48 niemals

1126 962 55 30 so
1213 943 196 60 tragisch
1442 940 232 63 gewaltig,
1707 945 83 44 mit
1820 940 198 60 heftigen
2051 938 191 49 Wellen

1126 1022 72 48 die
1214 1020 183 50 Völker
1429 1018 302 57 verrückend/
1762 1017 192 49 niemals
1987 1017 256 48 offenbarte

1127 1099 87 48 sich
1247 1098 74 49 die
1354 1097 192 49 Illusion
1579 1095 81 50 des
1693 1094 179 51 Lebens
1912 1093 89 49 den
2032 1091 209 51 Enterb»

1126 1189 78 37 ten
1236 1175 295 56 blendender,
1565 1174 84 50 das
1673 1173 244 51 Geschenk
1947 1171 81 50 des
2053 1170 189 51 Ordens

1126 1254 95 50 und
1244 1254 80 50 der
1340 1254 114 50 Lust
1477 1252 257 57 kostbarer,
1766 1250 81 50 der
1871 1252 185 58 Körper
2079 1249 166 48 reicher

1126 1332 95 49 und
1269 1328 627 63 bewunderungswürdiger,
1946 1329 72 48 die
2067 1333 45 43 in
2162 1326 80 49 der

1127 1410 156 49 Sonne
1316 1408 232 51 reifenden
1581 1405 220 51 Trauben
1842 1406 139 49 süßer
2021 1405 95 48 und
2155 1404 87 49 be=

1127 1488 256 62 gehrlicher.
1435 1486 94 50 Als
1564 1486 61 50 ob
1667 1486 111 50 aller
1811 1485 158 50 Glanz
2009 1484 73 49 die
2115 1483 128 50 Erde

1127 1566 236 50 strahlend
1396 1566 268 50 überflutete
1705 1565 95 48 und
1832 1564 195 48 Funken
2060 1561 183 61 schlüge

1128 1664 86 31 aus
1273 1645 311 56 Gewässern,
1641 1643 191 57 Blüten,
1885 1641 210 50 Wolken
2148 1639 95 51 und

1129 1723 192 49 Blicken,
1357 1721 137 50 Aber
1524 1726 83 44 mit
1628 1720 80 50 der
1733 1719 196 61 gleichen
1952 1718 178 58 Stärke,
2162 1724 83 43 mit

1128 1801 81 49 der
1250 1805 46 43 in
1339 1800 89 48 den
1461 1799 213 49 Völkern
1715 1798 73 48 die
1820 1796 311 50 Leidenschaft
2169 1796 75 49 für

1128 1879 75 51 die
1236 1879 127 51 Erde
1396 1878 187 58 wächst,
1614 1878 172 48 wächst
1819 1876 82 49 das
1935 1876 310 56 Bewußtsein,

1129 1959 89 48 daß
1253 1958 121 49 ohne
1396 1956 72 50 die
1489 1956 245 49 Mitarbeit
1754 1973 99 30 von
1874 1954 246 49 Millionen
2143 1959 101 43 nie»

1131 2035 141 50 mand
1303 2036 74 49 die
1409 2034 194 49 Früchte
1645 2052 85 30 aus
1764 2033 126 48 ihren
1923 2031 321 61 verborgenen

1129 2114 183 48 Gärten
1360 2113 251 48 verkostet.
1667 2111 90 49 Die
1804 2110 184 48 höchste
2028 2109 215 49 Wollust

1129 2191 80 49 der
1240 2190 143 57 Erde,
1421 2189 73 49 die
1526 2189 323 59 Berauschung
1890 2207 74 29 am
1997 2186 133 61 Siege
2164 2186 79 50 der

1122 2269 308 57 Bruderkraft,
1471 2266 72 50 die
1576 2266 183 50 Freude
1801 2266 114 50 über
1955 2266 73 50 die
2060 2265 183 49 Freude

1124 2348 82 48 der
1237 2345 192 58 Brüder,
1461 2344 143 49 bleibt
1645 2344 268 49 unbekannt
1951 2342 97 50 und
2087 2360 154 32 unzu»

1124 2424 217 62 gänglich.
1393 2425 98 48 Der
1532 2422 187 61 Körper
1766 2421 82 51 des
1889 2420 253 51 Menschen
2183 2426 60 43 ist

1122 2522 97 31 von
1261 2502 80 51 der
1373 2501 384 62 Vergangenheit
1796 2501 198 61 geformt
2026 2500 217 53 worden,-

1126 2599 147 44 ganze
1308 2580 201 51 Gebiete
1542 2585 46 43 in
1628 2585 159 43 seinen
1820 2577 188 60 Sinnen,
2049 2577 72 51 die
2162 2577 80 50 der

1120 2657 157 51 Nacht
1308 2657 82 50 des
1413 2657 205 50 Kosmos
1653 2656 303 60 zugewendet
1988 2655 118 57 sind,
2139 2656 103 48 sind

1123 2739 71 48 bis
1227 2744 111 54 jetzt
1368 2754 99 32 von
1499 2754 215 32 unserem
1736 2735 150 49 Lichte
1908 2735 117 48 nicht
2058 2735 185 49 erreicht

1124 2816 219 57 worden,-
1392 2815 73 49 die
1504 2814 396 59 Empfindlichkeit
1947 2814 76 48 für
2070 2812 172 50 höhere

1126 2895 204 47 Formen
1378 2891 80 50 der
1498 2891 156 57 Liebe,
1694 2890 73 49 die
1806 2890 90 49 sich
1937 2890 80 48 der
2058 2890 184 48 Freude

1124 2971 113 50 aller
1269 2970 67 49 als
1371 2970 120 48 ihrer
1526 2975 188 53 eigenen
1748 2969 189 49 bewußt
1966 2969 178 58 würde,
2183 2975 59 43 ist

1123 3047 321 51 unentwickelt
1467 3046 249 61 geblieben.
1740 3046 97 48 Mit
1858 3046 271 60 Bangigkeit
2153 3051 89 45 wie

1123 3145 90 32 vor
1245 3127 184 50 Wesen
1462 3144 86 30 aus
1590 3130 125 44 einer
1754 3125 174 48 andern
1964 3125 134 49 Welt
2138 3126 103 48 sind

1126 3205 72 48 die
1239 3205 200 48 Massen
1479 3221 88 31 vor
1608 3202 104 50 dem
1752 3202 147 50 süßen
1941 3202 179 50 Willen
2161 3203 81 50 der

1126 3282 217 61 Heiligen
1391 3281 419 61 zurückgewichen,
1866 3281 137 48 deren
2053 3282 188 48 Herzen

1123 3361 140 60 gleich
1305 3360 227 49 Früchten
1581 3377 60 31 an
1689 3358 82 50 der
1810 3358 301 51 Sonnenseite
2158 3360 81 49 des

1124 3440 207 48 Gartens
1354 3438 158 50 früher
1534 3438 157 61 gereift
1712 3437 117 59 sind,
1856 3438 67 49 als
1950 3438 71 49 die
2054 3440 187 48 Herzen

1124 3516 82 49 der
1253 3516 193 62 übrigen
1486 3516 248 49 Mehrheit.
1786 3516 122 48 Dem
1950 3516 170 58 Kinde,
2159 3516 80 49 der

1124 3596 129 48 Frau
1275 3595 97 49 und
1393 3595 106 49 dem
1508 3595 159 49 Volke
1683 3595 196 49 wenden
1901 3596 88 48 sich
2007 3595 74 49 die
2097 3596 142 48 Hoff»

1126 3691 93 31 nun
1226 3691 85 43 gen
1346 3673 81 50 der
1458 3675 179 47 Rassen
1670 3692 73 30 zu.
1778 3673 70 50 Es
1881 3680 60 43 ist
1974 3680 145 56 nötig,
2152 3675 87 49 den

1126 3751 185 61 Körper
1344 3756 62 43 im
1440 3751 384 49 unterbewußten
1848 3752 201 50 Gebiete
2070 3771 60 29 zu
2164 3770 77 32 er»

1126 3836 208 51 weitern,
1383 3849 60 30 zu
1491 3835 324 56 vergeistigen,
1863 3836 165 52 reiner,
2068 3831 171 48 wider»

1127 3907 241 57 tönender,
1402 3907 300 61 hellsichtiger
1735 3927 60 30 zu
1837 3908 240 61 gestalten.
2126 3908 116 49 Und

1126 3990 81 43 mit
1240 3990 146 44 einem
1419 3986 339 49 schmerzlichen
1792 3987 212 57 Instinkt,
2045 3987 79 50 der
2157 3986 84 51 das

2294 702 378 64 geheimnisvolle
2695 703 178 50 Gesetz
2896 701 81 51 des
2999 702 188 50 Reifens
3210 705 85 48 auf
3310 705 88 50 Er»

2293 782 89 50 den
2423 781 259 57 ausdrückt,
2729 780 190 60 beginnt
2966 780 90 49 sich
3097 778 80 51 der
3216 781 185 53 Mensdi

2293 861 189 49 bewußt
2503 880 60 29 zu
2585 858 203 59 werden,
2811 858 90 50 daß
2924 858 127 57 alles,
3072 876 101 31 was
3196 860 86 47 auf
3307 866 94 46 eine

2293 938 353 60 Umwandlung
2669 955 189 32 unserer
2881 936 269 49 Wirtschaft
3171 942 82 43 mit
3273 941 129 47 Stoff»

2291 1016 141 48 liehen
2456 1016 186 59 Dingen
2676 1013 183 59 abzielt,
2892 1014 84 49 auf
3005 1013 146 57 Kraft,
3185 1014 216 51 Reinlich»

2293 1093 106 57 keit,
2434 1093 189 48 Einheit
2656 1092 96 49 und
2774 1092 203 49 Freiheit
3009 1091 80 50 der
3122 1091 155 58 Sinne,
3309 1100 93 44 eine

2293 1177 191 55 geistige
2517 1172 345 60 Anstrengung
2893 1176 75 53 ist,
3009 1171 81 49 der
3122 1171 179 61 Kampf
3328 1190 74 33 um

2291 1249 73 50 die
2387 1249 256 58 Schönheit,
2676 1249 80 49 der
2779 1249 149 60 letzte,
2963 1255 46 43 in
3042 1253 102 45 eine
3174 1249 228 51 unabseh»

2291 1327 111 49 bare
2426 1327 212 49 Zukunft
2669 1327 231 49 weisende
2923 1327 181 61 Kampf
3132 1327 86 48 auf
3235 1327 165 51 Erden,

2355 1407 87 48 An
2475 1407 150 48 dieser
2658 1404 174 51 Arbeit
2864 1423 75 31 am
2972 1422 151 32 neuen
3156 1404 245 51 Menschen

2293 1489 58 44 ist
2384 1483 71 50 die
2488 1484 160 49 Kunst
2680 1484 86 49 auf
2793 1488 119 56 ewig
2934 1482 229 61 beteiligt,-
3196 1482 85 49 süß
3312 1484 90 49 und

2293 1561 444 49 selbstverständlich
2760 1567 89 43 wie
2872 1561 71 49 die
2968 1559 172 59 Sonne,
3164 1559 71 50 die
3245 1561 157 48 WoII»

2293 1639 94 50 lust
2409 1639 96 50 und
2526 1639 80 51 der
2622 1637 120 52 Tod,
2780 1641 123 48 Was
2928 1638 104 51 dem
3055 1638 347 61 schöpferischen

2295 1717 167 49 Geiste
2483 1718 194 48 siditbar
2709 1717 132 56 wird,
2873 1722 60 44 ist
2966 1735 48 31 es
3048 1735 88 30 nur
3159 1722 61 43 im
3243 1716 158 58 Lichte,

2293 1797 85 48 das
2411 1796 104 49 dem
2548 1797 202 48 höheren
2784 1796 154 49 Leben
2970 1801 62 43 im
3063 1796 209 48 Kosmos
3305 1807 97 37 ent»

2294 1882 181 43 strömt.
2526 1877 52 47 In
2620 1876 89 49 den
2751 1876 224 48 Märchen
3023 1873 81 50 der
3142 1873 178 58 Urzeit,
3361 1879 40 42 in

2294 1953 220 60 Mythen,
2535 1958 47 43 in
2600 1953 80 48 der
2704 1952 239 62 geheimen
2961 1950 335 50 Wissenschaft
3312 1950 90 49 und

2294 2038 47 43 in
2373 2051 55 30 so
2462 2043 161 38 zarten
2656 2032 96 48 und
2784 2029 351 62 unglaublichen
3157 2025 244 61 Träumen,

2294 2109 105 57 daß,
2431 2116 67 43 sie
2529 2127 96 32 von
2649 2110 127 47 ferne
2799 2108 171 49 deuten
2996 2126 59 30 zu
3077 2107 199 57 können,
3307 2110 95 45 eine

2293 2187 256 49 besondere
2583 2187 195 61 Sprache
2818 2204 96 31 von
2947 2184 264 61 Symbolen,
3246 2184 156 50 Musik

2291 2265 97 49 und
2411 2267 202 47 Formen
2637 2264 251 61 geschaffen
2910 2264 188 50 werden
3127 2263 171 55 mußte,
3329 2279 70 32 er»

2290 2343 111 51 hielt
2432 2345 74 47 die
2529 2344 157 48 Kunst
2710 2342 437 61 jahrtausendelang
3169 2340 71 49 die
3264 2339 108 50 Hoff-

2291 2439 129 44 nung
2464 2441 58 29 an
2566 2422 72 49 die
2670 2420 343 60 Beherrschung
3053 2420 80 49 der
3165 2419 234 48 Elemente

2291 2500 136 49 durch
2462 2499 71 50 die
2576 2505 156 55 gütige
2765 2499 161 48 Macht
2959 2497 80 49 des
3075 2497 188 49 Geistes
3296 2495 77 50 auf-

2290 2579 132 48 recht,
2465 2578 404 60 Allgegenwärtig
2910 2582 46 43 in
2996 2577 131 48 tiefer
3159 2574 240 52 Sehnsucht

2291 2658 111 48 nach
2444 2657 171 57 Pracht,
2666 2657 119 59 legte
2834 2660 67 45 sie
2948 2659 89 45 wie
3086 2659 74 45 ein
3201 2653 197 49 Gärtner

2291 2745 135 40 unter
2450 2734 119 50 allen
2597 2734 188 50 Sonnen
2812 2733 185 49 Gärten
3024 2751 60 30 an
3107 2733 75 47 für
3203 2732 71 49 die
3295 2732 78 48 Lie-

2291 2813 181 51 benden
2505 2813 96 49 und
2633 2831 150 43 spann
2807 2831 60 30 an
2890 2810 181 51 einerlei
3094 2808 305 52 Webstühlcn

2291 2892 84 48 das
2416 2890 139 50 Kleid
2596 2890 81 50 der
2717 2890 186 49 Frauen
2947 2888 96 49 und
3085 2886 289 63 gottesdienst-

2291 2969 108 50 liche
2440 2969 283 50 Gewänder.
2771 2968 141 49 Nicht
2961 2966 166 51 einmal
3174 2984 88 32 vor
3301 2964 95 49 dem

2290 3044 133 52 Tode
2455 3046 109 50 hielt
2596 3053 66 43 sie
2695 3052 106 43 inne
2834 3045 96 50 und
2962 3045 189 57 strebte,
3185 3062 83 30 aus
3301 3041 95 49 dem

2290 3124 263 61 Schweigen
2586 3130 149 45 seiner
2757 3124 350 61 geschlossenen
3130 3124 171 58 Lippen
3333 3119 67 48 die

2290 3205 231 47 Antwort
2543 3223 59 29 zu
2627 3215 194 37 erraten.
2846 3203 75 49 Sie
2944 3220 100 31 war
3066 3201 80 50 der
3170 3200 203 61 allgegen-

2289 3287 195 54 wärtige
2531 3281 313 60 Änkündiger
2890 3280 81 48 der
3017 3281 262 59 Feiertage,
3325 3275 74 50 der

2290 3360 240 48 Architekt
2563 3360 79 48 der
2676 3359 382 57 Lebensillusion,
3100 3359 80 48 der
3211 3356 188 49 Meister

2290 3439 81 48 der
2388 3439 143 57 Stille,
2555 3439 131 48 darin
2712 3438 82 49 das
2818 3438 238 49 Rauschen
3081 3436 82 49 der
3185 3435 211 50 Gestirne

2290 3537 60 30 zu
2373 3518 144 49 hören
2542 3523 72 52 ist,
2649 3518 80 48 der
2746 3516 218 61 Schöpfer
2986 3515 193 50 höherer
3196 3514 172 49 Schmer-

2290 3615 85 31 zen
2408 3596 97 50 und
2535 3595 81 50 der
2648 3595 128 50 Erde
2809 3595 182 50 bitterer
3023 3594 188 49 Richter,

2352 3674 136 48 Aber
2529 3673 72 49 die
2642 3673 263 61 Schöpfung
2945 3671 83 50 der
3070 3668 237 52 Schönheit
3344 3669 55 43 ist

2290 3753 118 48 nicht
2448 3751 109 50 bloß
2600 3753 84 48 auf
2713 3751 179 50 Werke
2933 3750 280 55 beschränkt,
3253 3744 71 49 die
3354 3746 44 42 in

2290 3833 220 57 Büchern,
2549 3830 200 57 Bildern,
2782 3830 195 48 Statuen
3017 3826 95 51 und
3146 3820 252 56 Gebäuden

2291 3909 205 49 erhalten
2529 3909 117 49 sind.
2696 3909 77 48 Sie
2806 3909 110 60 liegt
2954 3913 61 43 im
3060 3922 175 44 ganzen
3265 3900 134 49 Plane

2290 3989 81 49 des
2413 3988 206 55 Lebens,-
2666 3993 67 44 sie
2782 3993 61 43 ist
2883 3985 73 50 die
3004 3981 395 63 allgegenwärtige
