3458 4572
1345 523 218 50 Gfossen

2503 530 95 53 247

329 715 210 59 süchtiger
570 710 152 49 Hüter
754 708 81 49 des
870 708 203 49 Werkes
1107 708 81 49 der
1221 708 209 51 Wolken

329 793 86 51 und
447 787 186 52 Winde.

382 868 129 51 Aber
557 864 122 62 jede,
710 869 88 43 wie
847 869 73 43 ein
961 864 249 48 Aufschrei
1259 869 46 45 in
1355 865 73 50 die

325 947 151 50 Tiefen
515 941 79 50 des
635 940 180 50 Lebens
857 940 267 50 dröhnende
1164 941 137 50 Kraft
1348 959 52 33 er-

325 1021 131 53 weckt
486 1016 221 52 tausende
739 1018 273 49 träumende
1045 1018 174 50 Kräfte.
1257 1019 168 61 Gegen

323 1103 116 49 diese
459 1096 169 59 Macht,
652 1095 144 50 daran
820 1095 135 50 durch
974 1096 174 49 Äonen
1165 1096 73 50 die
1254 1098 171 50 Hände

322 1180 74 48 der
433 1174 146 52 Toten
628 1170 250 52 arbeiteten
928 1174 97 48 und
1065 1174 139 49 deren
1248 1182 175 55 einzige

321 1253 209 62 tragische
561 1249 241 51 Schönheit
834 1250 71 50 die
938 1256 76 51 ist,
1047 1250 91 51 daß
1172 1258 46 43 in
1252 1253 68 48 ihr
1343 1255 80 47 der

321 1330 179 52 Mensch
523 1347 104 31 zum
652 1338 150 39 ersten
821 1328 132 49 Male
976 1329 73 49 die
1071 1342 206 47 gesamte
1294 1331 96 49 Erd-

321 1408 124 62 kugel
492 1411 80 45 mit
610 1405 105 50 dem
764 1406 262 61 glühenden
1065 1408 158 49 Netze
1270 1414 151 44 seines

320 1486 188 51 Willens
547 1495 300 50 umspannte,
887 1490 93 43 tritt
1027 1486 169 60 gerade
1237 1486 81 49 der
1365 1507 54 29 so

317 1561 365 65 geheimnisvolle
715 1563 406 62 allgegenwärtige
1144 1564 147 48 Feind
1324 1566 93 47 auf.

316 1644 82 47 Die
429 1641 203 56 Massen,
666 1640 135 48 durch
820 1640 332 61 Jahrtausende
1185 1641 233 62 demütige

315 1717 228 51 Teilhaber
566 1716 79 50 der
666 1717 160 50 Pracht
849 1719 95 48 und
969 1719 78 49 des
1070 1720 178 58 Brotes,
1268 1720 150 50 haben

313 1796 82 51 sich
434 1795 193 62 gerührt.
680 1796 66 47 Im
786 1808 151 38 ersten
971 1797 332 50 Frostschauer
1336 1799 81 49 des

313 1875 280 55 Entsetzens,
626 1872 80 50 der
739 1879 123 44 einer
892 1874 133 61 jeden
1058 1894 149 30 neuen
1232 1877 148 49 Wahr-

313 1951 84 48 heit
426 1950 221 61 Begleiter
680 1955 74 52 ist,
787 1951 230 61 beginnen
1050 1959 84 42 wir
1164 1973 60 30 zu
1248 1954 168 59 ahnen,

312 2027 80 50 daß
433 2046 57 31 an
530 2045 196 32 unseren
760 2029 268 49 Schmerzen
1070 2031 97 48 und
1198 2032 215 50 Freuden

312 2105 158 49 Wesen
501 2105 87 49 den
621 2106 194 60 größten
833 2106 165 50 Anteil
1031 2107 169 59 haben,
1233 2109 71 49 die
1328 2116 86 42 wir

311 2187 54 44 im
397 2200 172 43 ganzen
602 2184 155 49 Leben
791 2185 118 48 nicht
942 2185 239 59 erblicken,
1202 2187 98 50 und
1322 2189 90 49 daß

311 2266 75 42 wir
414 2278 92 30 von
538 2260 217 62 Schlägen
788 2262 226 50 betroffen
1047 2265 209 57 werden,
1291 2267 122 49 ohne

311 2336 62 49 die
403 2338 138 49 Hand
572 2358 60 30 zu
665 2340 197 57 kennen,
894 2341 73 50 die
991 2347 67 44 sie
1082 2361 87 31 uns
1193 2356 216 37 versetzt.

309 2415 92 48 Das
442 2415 270 50 Geheimnis
755 2417 79 50 der
876 2417 189 51 Einheit
1112 2420 164 49 strahlt
1325 2439 86 32 aus

308 2491 79 48 den
409 2490 156 53 Tiefen
589 2493 79 50 des
696 2495 194 57 Stoffes,-
913 2496 72 49 die
1004 2497 161 50 Weite
1188 2497 106 50 hört
1317 2500 94 59 auf.

309 2570 150 49 Weite
491 2590 60 30 zu
585 2578 123 49 sein/
741 2575 82 46 das
858 2574 186 57 Leiden,
1078 2575 82 49 das
1193 2577 89 48 sidi
1316 2583 68 42 sei-

308 2663 71 32 ner
399 2648 349 61 Allgegenwart
781 2652 86 48 auf
885 2652 160 48 Erden
1068 2653 188 49 bewußt
1278 2654 132 58 wird,

304 2726 270 50 verwandelt
605 2727 89 49 sieb
727 2735 46 42 in
808 2735 98 43 eine
929 2730 289 57 Naturkraft,
1254 2732 71 48 die
1348 2751 60 29 an

304 2800 72 48 der
412 2803 345 63 Umwandlung
800 2807 110 49 alles
951 2808 179 49 Lebens
1173 2810 231 49 mitwirkt.

303 2877 89 50 Der
414 2881 145 58 Geist,
584 2888 60 44 im
667 2884 196 49 Dienste
886 2885 80 49 der
983 2886 158 60 Sieger
1164 2888 244 60 gefangen,

302 2955 146 50 erbebt
501 2960 86 48 sieb
642 2979 145 43 gegen
837 2968 80 44 sie.
981 2965 68 47 Im
1100 2965 307 60 glühendsten

303 3032 247 53 Feuerherd
581 3038 80 50 des
695 3041 390 49 wirtschaftlichen
1120 3043 96 48 und

301 3107 66 51 len
398 3112 219 63 Kampfes
651 3116 188 51 handelt
871 3137 48 31 es
961 3120 88 48 sich
1092 3139 80 30 um
1214 3128 192 54 geistige

299 3185 165 64 Dinge,
511 3211 79 30 um
641 3200 72 43 ein
764 3197 192 50 anderes
998 3198 275 50 Verhältnis
1324 3200 78 49 des

299 3263 196 54 Herzens
536 3289 59 30 zu
636 3273 249 50 Millionen
926 3294 98 30 von
1069 3277 215 58 Herzen,
1324 3297 80 30 um

299 3346 91 45 eine
423 3346 163 51 andere
617 3350 306 63 Betrachtung
964 3353 80 49 der
1085 3354 182 49 Freude
1308 3356 96 48 und

299 3415 238 58 Schönheit,
571 3426 92 50 Ein
696 3448 142 30 neuer
861 3431 192 49 Mensch
1087 3432 195 61 kündigt
1313 3433 87 48 sich

298 3497 73 45 süf
414 3499 153 52 Erden
616 3524 71 30 an.
743 3508 99 48 Der
884 3509 258 58 Landwirt,
1185 3511 80 48 der
1305 3530 95 30 von

299 3572 264 57 Grenzstein
614 3602 57 29 zu
722 3585 278 51 Grenzstein
1059 3593 99 43 sein
1217 3589 183 48 Gefilde

298 3648 246 67 überblickt,
576 3661 116 48 sieht
715 3663 87 49 alle
825 3664 195 49 Ebenen
1044 3666 95 48 und

296 3732 107 55 zöge
434 3750 86 32 vor
556 3740 104 56 sich,
701 3746 81 43 mit
823 3742 118 49 allen
984 3744 212 57 Meeren,
1237 3744 160 49 Reiche

299 3820 7 25 1
314 3809 173 59 ümern,
532 3814 372 54 Brudervölkern
953 3822 96 47 und
1089 3821 203 50 Städten.
1346 3823 50 48 In

296 3895 78 34 een
396 3882 155 57 Tiefen
585 3893 79 49 der
689 3895 188 51 Geister
899 3903 60 43 ist
981 3899 136 49 schon
1142 3905 97 43 sein
1264 3900 131 48 Reich

301 3958 80 47 and
412 3968 96 46 eine
541 3972 167 50 andere
736 3974 235 62 Ordnung
995 3976 80 48 der
1100 3977 154 60 Dinge
1279 3995 116 31 vor^

1479 709 215 58 bereitet,-
1718 713 95 48 und
1836 713 188 60 daraus,
2046 715 88 50 daß
2159 715 72 51 die
2249 723 155 44 innere
2414 719 183 50 Wahr*

1477 787 95 50 beit
1614 794 44 43 in
1699 789 250 51 Millionen
1990 792 254 50 Menschen
2286 799 100 45 eine
2427 797 170 49 andere

1477 869 59 45 ist
1568 867 69 49 als
1671 867 71 49 die
1776 868 252 51 Wahrheit
2049 870 82 50 der
2155 870 253 52 sichtbaren
2427 873 168 49 Wirk»

1475 943 200 58 lichkeit,
1715 947 202 49 entsteht
1957 947 72 50 die
2070 947 180 52 Trauer
2300 950 95 49 und
2443 950 122 51 beun-

1474 1021 252 63 ruhigende
1778 1024 242 51 Schönheit
2081 1027 81 49 der
2218 1034 376 56 gegenwärtigen

1473 1099 123 51 Zeit.
1630 1101 99 50 Der
1751 1103 193 49 Mensch
1977 1104 109 50 bebt
2118 1123 89 32 vor
2239 1105 90 51 den
2350 1107 214 49 Horizon-

1472 1188 91 46 ten,
1609 1179 71 49 die
1720 1180 75 50 bei
1835 1182 147 60 jedem
2015 1183 184 51 Schritte
2239 1203 89 31 vor
2368 1185 93 50 ihm
2502 1187 90 48 sich

1472 1256 273 51 erschließen
1787 1259 138 60 gleich
1963 1260 439 60 Halluzinationen,-
2443 1281 48 33 er
2533 1269 59 45 ist

1472 1334 243 49 erschreckt
1748 1336 135 49 durch
1917 1338 83 49 das
2035 1340 331 60 majestätische
2390 1342 172 49 Schwei-

1470 1428 104 43 gen,
1607 1411 134 50 darin
1773 1419 97 43 sein
1896 1415 424 51 Entsetzensschrei
2353 1419 88 48 sich
2467 1419 122 50 ohne

1468 1489 230 48 Antwort
1729 1495 211 50 verliert/
1985 1510 48 31 er
2074 1499 171 51 zittert,
2286 1496 303 59 ungewohnt,

1466 1584 89 31 vor
1596 1566 88 50 den
1719 1569 234 58 Winden,
1986 1569 71 49 die
2093 1570 196 62 Gesang
2321 1589 98 32 von
2452 1574 135 57 allen,

1468 1644 209 61 plötzlich
1703 1646 340 50 erschlossenen
2066 1649 195 49 Meeren
2287 1669 60 29 zu
2371 1650 92 48 ihm
2488 1662 75 38 tra-

1466 1739 105 43 gen,
1591 1742 96 30 von
1708 1724 118 48 allen
1845 1725 439 62 Landungsplätzen
2302 1728 97 49 und
2410 1729 142 49 Werk-

1465 1806 184 54 stätten,
1682 1803 97 47 und
1802 1803 71 48 die
1898 1804 155 56 Düfte,
2087 1804 74 49 die
2193 1805 90 48 den
2306 1806 278 50 Urwäldern

1464 1879 276 49 entrauchen
1759 1880 95 48 und
1872 1880 114 50 über
1996 1881 394 63 Äquatorialseen
2409 1884 171 49 ziehen.

1465 1956 114 50 Wie
1626 1957 75 49 bei
1752 1957 215 61 heftigem
2015 1960 227 61 Aufstieg
2289 1960 148 51 stockt
2484 1969 98 43 sein

1461 2032 148 51 Atem
1651 2040 62 43 im
1753 2036 147 48 süßen
1934 2036 189 50 Weben
2165 2037 80 50 des
2279 2039 192 58 Äthers,
2503 2039 81 51 der

1460 2130 97 31 von
1607 2112 82 50 der
1736 2114 251 61 fliegenden
2030 2115 127 49 Erde
2204 2117 270 61 Bewegung
2523 2137 59 30 an

1460 2195 98 43 sein
1578 2190 189 49 Gesicht
1790 2191 184 60 schlägt.
2000 2192 154 49 Durch
2171 2192 172 51 Äonen
2368 2214 60 29 zu
2446 2195 100 49 Miß-

1460 2278 165 39 trauen
1660 2269 96 48 und
1789 2270 183 60 Kampf
2004 2288 223 43 erzogen,
2269 2271 109 50 bebt
2411 2290 50 32 er
2494 2291 89 31 vor

1461 2346 89 48 den
1583 2359 343 38 unerwarteten
1960 2347 332 61 Berührungen
2330 2368 97 30 von
2461 2351 91 48 Mil-

1461 2421 153 50 lionen
1649 2422 245 59 Geistern,
1936 2424 138 50 deren
2115 2426 229 60 glühende
2383 2426 164 61 Gegen-

1459 2512 119 37 wart
1628 2519 49 30 er
1729 2501 145 50 selbst
1930 2507 46 44 in
2029 2509 133 54 jenen
2213 2501 160 52 Tiefen
2428 2511 151 43 seines

1460 2579 206 49 Wesens
1709 2599 58 29 zu
1809 2587 256 54 verspüren
2108 2581 212 62 beginnt,
2362 2601 77 31 wo
2480 2589 98 44 sein

1460 2656 274 60 geheimster
1770 2657 229 50 Gedanke
2041 2659 135 49 allein
2225 2679 59 29 zu
2329 2666 98 43 sein
2466 2679 84 30 ver-

1459 2739 181 44 meinte.
1676 2735 69 48 Er
1779 2735 184 49 schließt
1995 2742 98 44 sein
2115 2737 159 61 Auge,
2300 2737 109 50 aber
2432 2755 146 43 gegen

1458 2817 158 45 seinen
1635 2813 179 50 Willen
1832 2815 154 59 dringt
2007 2815 73 49 die
2108 2816 292 50 aufreizende
2423 2816 156 50 Sonne

1458 2890 134 49 durch
1629 2891 71 49 die
1734 2892 350 60 geschlossenen
2108 2893 134 50 Lider
2267 2914 58 29 zu
2348 2895 105 48 ihm.
2475 2895 107 49 Wo

1459 2967 89 50 den
1581 2968 235 50 Horizont
1847 2976 150 43 seiner
2015 2971 153 48 Väter
2199 2971 73 49 die
2305 2971 172 49 Höhen
2500 2971 82 49 der

1456 3046 192 48 Heimat
1681 3046 300 61 begrenzten,
2021 3048 120 49 sieht
2173 3067 50 31 er
2255 3050 73 48 die
2359 3050 190 49 funkeln-

1456 3123 88 50 den
1578 3125 181 61 Spiegel
1793 3127 150 47 ferner
1976 3126 167 49 Flüsse
2176 3127 97 48 und
2305 3127 273 50 Festländer

1455 3201 150 51 hinter
1629 3203 241 50 Ozeanen.
1907 3203 201 59 Stürme,
2142 3206 72 48 die
2248 3224 78 30 um
2349 3206 73 48 die
2447 3206 96 48 Erd-

1452 3280 138 59 kugel
1623 3281 199 57 kreisen,
1859 3281 213 49 schütteln
2108 3282 195 48 Funken
2347 3300 83 30 aus
2465 3300 82 32 ver-

1454 3357 223 50 brannten
1728 3360 158 48 fernen
1934 3360 192 48 Städten
2176 3360 87 48 auf
2314 3358 82 50 das
2444 3360 129 49 Dach

1451 3438 151 45 seines
1643 3434 203 50 Hauses,
1900 3434 101 49 Das
2042 3434 263 61 Schweigen
2345 3434 79 51 der
2466 3436 70 49 Ge-

1451 3512 244 58 fängnisse
1743 3512 96 48 und
1880 3513 498 59 Hinrichtungsstätten
2420 3512 153 62 dringt

1450 3607 60 31 zu
1545 3589 93 49 ihm
1672 3608 97 31 von
1812 3591 80 48 der
1933 3591 200 48 anderen
2166 3591 123 48 Seite
2330 3591 80 48 der
2442 3591 127 49 Erde

1449 3666 136 49 durch
1619 3667 89 48 den
1741 3667 284 49 brodelnden
2061 3667 231 49 Glutkern
2335 3668 120 50 ihres
2490 3669 54 49 In-

1449 3762 123 31 nern.
1609 3744 96 49 Der
1738 3744 258 61 Aufschlag
2028 3744 80 50 der
2141 3746 173 48 Balken
2347 3763 85 32 aus
2465 3746 104 49 dem

1446 3821 231 49 fallenden
1741 3822 207 49 Gerüste
2011 3822 80 49 des
2159 3822 410 61 geheimnisvollen

1445 3899 152 49 Baues
1640 3899 96 49 und
1775 3899 74 50 die
1889 3901 153 48 Hiebe
2091 3901 82 48 der
2213 3901 130 49 Äxte
2391 3901 178 49 rauben

1449 3977 92 48 ihm
1579 3977 88 49 den
1703 3977 160 51 Schlaf,
1900 3978 309 51 Verwandelt
2248 3979 81 50 hat
2368 3979 88 50 sich
2499 3978 72 51 die
