3594 4572
1043 512 92 50 164

1724 518 249 49 Bertßofd
2278 519 193 48 Viertef
2206 543 9 10 •

1600 984 342 72 ZWEI
2027 981 724 75 GEDICHTE

1854 817 336 70 Berthold
2213 817 252 70 Viertel

1648 1170 230 72 DIE
1957 1169 745 74 SCHLACHT

1232 1353 352 79 Unbesorgt,
1626 1354 76 61 ob
1744 1355 89 61 die
1866 1357 174 59 Hölle
2080 1355 168 63 brüllt
2287 1358 108 60 auf
2431 1358 127 62 dem
2600 1359 193 79 Hügel

1230 1448 63 78 Ja
1334 1448 100 61 der
1475 1448 254 70 Mensch,
1772 1449 98 60 der
1909 1449 235 61 Mensch
2187 1475 107 35 nur
2336 1451 96 61 hat
2473 1452 90 61 die
2605 1452 171 62 Hölle
2818 1453 277 62 erfunden

1232 1541 159 62 Geht
1432 1551 73 52 im
1546 1537 108 66 Tal
1694 1543 99 60 der
1833 1543 206 71 Bauer,
2082 1543 151 61 führt
2274 1553 193 53 seinen
2507 1546 158 77 Pflug
2704 1570 119 37 vor.

1232 1713 451 63 Unbekümmert
1725 1739 95 35 um
1862 1716 109 61 den
2012 1711 273 82 Triumph
2329 1716 99 61 der
2468 1717 202 61 Minen

1230 1807 273 61 Hochauf
1537 1809 209 76 quirlen
1788 1810 91 60 die
1919 1810 318 61 schwarzen
2281 1810 211 61 Säulen
2534 1811 241 78 Jehovas

1230 1900 168 60 Läuft
1439 1910 73 51 im
1553 1898 106 63 Tal
1702 1901 102 61 das
1846 1901 374 73 Bauernkind,
2265 1927 95 37 wo
2403 1904 99 61 der
2541 1904 155 77 Pflug
2736 1905 146 76 geht.

1230 2070 332 79 Unbesorgt
1603 2096 94 37 um
1741 2073 110 60 den
1891 2074 318 60 tanzenden
2252 2074 364 78 Ekrasitberg

1228 2163 292 78 Märtyrer
1552 2164 313 61 schwebten
1906 2166 149 61 ohne
2097 2167 210 60 Hände
2348 2167 116 61 und
2508 2168 160 60 Füße

1230 2256 188 62 Gräbt
1458 2258 98 60 der
1595 2258 158 78 Pflug
1792 2268 154 51 seine
1986 2260 216 61 Furdie
2329 2262 99 60 der
2468 2262 188 60 Bauer
2696 2272 88 52 ein
2826 2265 194 61 Kreuz
3053 2265 217 77 schlägt.

1228 2428 454 63 Unbekümmert
1722 2455 96 37 um
1861 2431 90 61 die
1992 2432 389 63 zerworfenen
2423 2435 233 77 Puppen

1226 2522 239 60 Droben
1508 2547 90 36 am
1642 2524 309 77 Berghang,
1995 2525 478 62 buntverkleidete
2512 2529 233 60 Leichen

1226 2613 180 64 Trabt
1447 2627 73 50 im
1562 2614 108 65 Tal
1713 2619 91 61 die
1846 2619 182 71 Stute,
2073 2619 124 62 froh
2240 2623 194 59 schreit
2475 2623 102 59 das
2619 2622 236 62 Fohlen.

1226 2788 333 77 Unbesorgt
1600 2812 96 37 um
1738 2788 88 61 die
1867 2790 203 77 giftige,
2111 2790 305 61 rotbraune
2456 2792 210 61 Wolke

1230 2882 121 61 Wo
1395 2893 105 50 seit
1539 2883 261 61 Nächten
1844 2887 98 57 der
1975 2884 170 61 Wald
2186 2886 217 70 brennt,
2445 2895 194 69 riesige
2681 2887 153 62 Esse

1232 2975 192 61 Kreist
1465 2999 123 37 ums
1630 2976 221 61 Fohlen
1893 2977 346 79 eifersüchtig
2280 2980 89 59 die
2409 2978 181 63 Stute,

1226 3146 212 79 Rosige
1480 3147 313 61 Wölkchen
1837 3147 99 63 seh
1979 3151 72 59 ich
2094 3150 207 77 gemalt
2342 3152 118 60 und
2500 3152 311 63 schwarzes
2855 3152 305 73 Gewölke,

1226 3240 152 61 Breit
1410 3264 93 37 am
1545 3241 345 61 Firmament
1932 3243 88 61 die
2061 3244 268 79 brandige
2374 3245 203 62 Glorie

1233 3333 143 62 Und
1415 3335 100 61 der
1555 3334 255 62 braunen
1851 3337 180 60 Hälse
2073 3337 151 77 Spiel
2265 3347 53 52 in
2361 3340 111 60 den
2508 3340 271 63 Gräsern.
