3488 4572
976 487 230 50 Eduard
1474 484 46 61 Bernfietn
1521 508 205 10 •
2052 483 1 62 Vöffier
1771 502 66 30 zu
1870 483 182 49 Hause

2539 483 90 50 187

414 692 77 59 dir
536 692 250 53 wissen.«
844 675 228 61 Nimmt
1120 680 79 54 sie
1247 671 93 60 ihn
1390 694 73 36 an
1515 669 118 61 und
1681 669 178 59 macht
1908 678 79 50 sie
2043 669 128 58 dem
2220 668 273 60 Burschen
2542 678 88 52 ein

414 774 327 70 Sträußchen
782 792 130 38 zum
939 763 491 80 Gegengeschenk,
1473 786 67 38 so
1581 762 114 78 gibt
1736 770 78 52 sie
1855 762 112 60 ihm
2002 760 174 60 damit
2206 784 73 38 zu
2311 762 318 60 verstehen;

415 872 110 62 »Ich
564 868 209 62 schätze
806 861 116 61 dich
962 862 143 67 sehr,
1149 858 135 60 aber
1315 864 146 52 mein
1497 855 196 61 Schatz
1741 854 200 61 kannst
1990 854 77 60 du
2115 854 136 61 doch
2293 854 139 60 nicht
2462 863 167 52 sein.«

410 966 215 62 Nimmt
663 966 77 53 sie
781 955 89 61 die
910 952 234 61 Blumen
1190 948 133 61 aber
1362 948 209 61 einfach
1614 947 148 62 ohne
1804 947 350 79 Gegengabe
2195 971 91 47 an,
2329 970 66 37 so
2437 946 198 61 erklärt

410 1069 74 52 sie
522 1055 169 61 damit
731 1049 107 60 den
880 1045 277 62 Burschen
1197 1066 74 37 zu
1312 1042 172 61 ihrem
1525 1041 456 61 Auserwählten.

482 1148 79 62 Ich
602 1145 152 61 hatte
796 1164 60 38 es
898 1139 120 61 also
1059 1137 87 60 bei
1188 1135 313 79 Angiolina
1543 1159 105 37 nur
1687 1159 131 37 zum
1851 1134 474 77 Achtungserfolg
2364 1134 267 76 gebracht.

410 1243 132 63 Bald
597 1236 182 64 erfuhr
835 1234 75 61 ich
969 1233 153 68 auch,
1164 1252 118 38 wer
1340 1229 97 61 der
1479 1229 374 61 Glüddichere
1901 1252 137 38 war.
2096 1228 130 61 Wie
2276 1228 137 61 noch
2456 1235 175 69 einige

411 1334 194 64 andere
651 1327 274 63 weibliche
965 1325 284 60 Personen
1299 1346 230 37 unseres
1569 1322 290 61 Verkehrs
1908 1344 121 37 war
2086 1322 89 59 die
2232 1343 151 37 arme
2430 1320 201 60 Kleine

411 1427 203 63 damals
654 1423 82 60 bis
777 1419 137 63 über
956 1418 88 60 die
1079 1417 200 61 Ohren
1322 1426 54 49 in
1411 1416 141 59 Karl
1583 1414 299 76 Höchberg
1922 1414 244 60 verliebt.
2208 1414 159 60 Doch
2400 1422 131 68 ging
2573 1436 58 37 es

411 1525 78 59 ihr
525 1521 87 60 bei
651 1517 112 61 ihm
804 1513 138 60 nicht
983 1511 191 61 besser
1216 1510 82 60 als
1338 1518 103 51 mir
1473 1510 89 59 bei
1602 1510 96 59 ihr.
1756 1507 164 61 Auch
1955 1530 59 37 er
2047 1507 151 60 hätte
2232 1515 160 52 einen
2425 1506 206 61 Strauß

409 1640 109 38 von
557 1614 79 61 ihr
677 1607 236 79 lediglich
953 1615 99 52 mit
1094 1614 150 52 einer
1282 1604 404 77 symbolischen
1729 1601 353 77 Gegengabe
2122 1601 390 60 beantwortet.

481 1708 58 61 In
574 1705 175 76 Agno
791 1701 85 60 fiel
917 1708 102 52 mir
1050 1697 212 61 wieder
1296 1696 116 70 auf,
1454 1705 108 51 wie
1604 1695 161 77 ruhig
1804 1695 106 61 sich
1952 1695 89 60 bei
2082 1694 130 59 aller
2253 1691 264 78 Hingabe
2559 1715 72 37 an

409 1803 81 60 die
529 1798 407 77 dargebotenen
965 1793 268 62 Genüsse
1275 1791 117 60 und
1417 1789 434 77 Belustigungen
1886 1788 101 61 das
2011 1786 159 61 Volk
2201 1786 247 60 verhielt.
2491 1785 143 61 Und

411 1896 76 61 als
523 1901 100 53 wir
663 1889 212 62 abends
915 1887 132 61 nach
1089 1885 204 61 Hause
1333 1906 200 56 zogen,
1576 1882 125 61 sind
1741 1891 103 52 wir
1896 1880 104 61 auf
2041 1880 97 60 der
2187 1880 142 60 recht
2377 1878 254 61 belebten

407 1985 334 64 Landstraße
773 1982 140 61 nicht
946 1990 180 52 einem
1160 1987 249 69 einzigen
1442 1977 395 61 Betrunkenen
1870 1976 285 76 begegnet.
2197 1973 82 61 Ich
2312 1973 171 61 selbst
2514 1996 120 37 war

410 2091 51 51 in
501 2078 325 61 fröhlichster
868 2075 332 76 Stimmung,
1244 2073 89 60 die
1373 2073 168 60 selbst
1583 2071 151 60 dann
1776 2070 139 61 nicht
1955 2068 411 77 beeinträchtigt
2397 2067 234 61 worden

409 2184 156 58 wäre,
604 2194 167 37 wenn
804 2169 75 61 ich
922 2167 109 61 den
1074 2166 137 62 Sinn
1254 2189 115 38 von
1412 2165 340 76 Angiolinas
1793 2162 462 77 Blumensprache
2296 2161 165 60 schon
2503 2183 129 38 ver»

406 2266 227 64 standen
691 2264 163 61 hätte.
913 2263 190 69 Denn,
1162 2259 230 61 obwohl
1447 2268 182 51 meine
1670 2256 326 78 Begleiterin
2046 2256 142 60 recht
2229 2255 223 60 niedlich
2494 2277 140 40 war,

405 2371 146 50 wäre
590 2382 56 38 es
687 2366 100 52 mir
829 2357 216 59 damals
1086 2354 138 61 nicht
1275 2362 72 52 im
1388 2348 217 65 Traum
1654 2349 347 79 eingefallen,
2051 2358 98 51 mit
2198 2357 179 52 einem
2427 2357 205 67 jungen

404 2452 269 62 Mädchen
746 2458 121 52 eine
925 2447 308 62 Liebschaft
1299 2447 147 59 ohne
1525 2459 218 46 »ernste
1811 2443 344 60 Absichten«
2216 2439 418 78 anzuknüpfen.

409 2546 188 60 Meine
636 2543 457 77 Anschauungen
1143 2540 138 60 über
1329 2540 135 59 freie
1505 2537 175 62 Liebe
1729 2537 218 61 blieben
1996 2545 55 50 in
2100 2536 98 59 der
2239 2534 393 75 Anwendung

406 2639 98 59 auf
537 2640 85 58 die
664 2645 189 68 eigene
880 2635 349 77 Gegenwart
1262 2655 105 38 nur
1390 2628 261 64 Theorie,
1698 2630 246 61 »Ernste
1967 2628 340 61 Absichten«
2344 2650 74 37 zu
2451 2626 183 60 haben

407 2730 235 61 erlaubte
682 2739 100 52 mir
833 2729 132 61 aber
1014 2727 98 61 der
1153 2727 175 60 Ernst
1376 2726 98 60 der
1515 2724 218 62 Stunde
1774 2724 155 61 nicht.
1981 2722 80 60 Im
2103 2721 199 61 Kreise
2353 2719 284 61 fröhlicher

406 2823 292 61 Menschen
758 2823 207 61 konnte
1016 2821 75 61 ich
1141 2821 92 60 ihn
1285 2819 105 61 auf
1431 2816 386 80 Augenblicke
1864 2815 403 78 wegscherzen,
2315 2814 133 60 mich
2499 2814 140 58 über

406 2915 86 60 ihn
536 2917 480 77 hinwegzusetzen
1056 2938 122 38 war
1216 2914 190 76 jedoch
1449 2922 122 52 eine
1611 2910 456 78 Unmöglichkeit.

478 3008 110 61 Die
641 3009 211 72 Macht,
909 3009 89 60 die
1055 3009 293 77 hiergegen
1407 3006 82 61 ihr
1529 3006 161 61 Veto
1750 3003 249 78 einlegte,
2060 3002 143 62 hieß:
2263 2999 374 62 Ausnahme»

406 3117 178 59 gesetz
628 3125 173 54 gegen
845 3102 88 62 die
974 3101 258 62 deutsche
1273 3097 552 65 Sozialdemokratie.
