3348 4572
2745 349 20 42 5

835 493 186 47 DREI
1058 489 407 50 GEDICHTE

226 502 52 48 V.
311 499 51 49 C.
397 494 412 50 HABICHT

227 618 78 45 Ein
350 614 336 56 Frühlingsgang

226 710 128 46 Wind
388 708 88 46 und
508 706 142 48 Strom
685 706 89 46 und
808 705 85 46 Erd
926 704 90 46 und
1051 701 147 52 Feuer,

227 770 321 56 Frühlingsduft
581 770 89 46 und
701 767 256 51 Abenteuer,

227 833 120 53 Gott,
381 852 82 27 was
496 832 84 46 will
614 832 68 46 die
715 830 185 46 Mutter:
935 826 140 48 Welt?

229 915 149 48 Kräfte
411 915 181 57 quellen,
627 913 116 46 Säfte
777 912 176 52 kreisen,

228 979 103 45 Und
362 979 57 45 im
453 977 166 46 Herzen
647 974 113 48 -reißt
795 993 66 26 ein
894 972 181 52 Preisen,

228 1040 97 47 Daß
357 1040 75 46 der
464 1039 146 46 Boden
644 1035 280 48 schwankend
952 1033 126 47 wellt.

225 1122 245 56 Abendglut
503 1121 89 45 und
626 1117 373 52 Mondesblinken,

226 1185 190 46 Aufruhr
448 1183 89 46 und
571 1182 74 47 der
675 1180 110 48 Welt
814 1179 247 51 Versinken,

225 1246 94 48 Alle
352 1246 168 47 Geister
553 1243 174 48 wirbeln
761 1242 132 47 wach.

228 1327 346 58 Schollendampf
606 1327 89 46 und
728 1325 125 47 Pfuhl
886 1326 90 45 und
1011 1324 198 50 Feuchte,

227 1390 263 47 Ochsentritt
522 1390 89 45 und
644 1386 435 52 Windmühlleuchte,

230 1453 165 47 Leben:
428 1451 244 57 Spannseil!
705 1449 108 47 Auf!
848 1449 79 47 Dir
958 1447 127 47 nach!

227 1556 54 46 Er

230 1650 82 47 Die
346 1649 148 47 Flöten
526 1650 159 55 singen,

230 1712 198 47 Brunnen
463 1710 218 53 rauschen,

227 1773 278 55 Verzückung
538 1773 119 55 glüht
691 1774 42 44 in
767 1773 161 46 Demut
962 1791 87 26 um.

230 1856 83 47 Die
346 1855 153 47 Hände
533 1856 159 54 ringen,

231 1917 166 48 Herzen
433 1917 212 53 lauschen,

230 1980 117 55 Ewig
379 1979 287 48 verschlossen
701 1978 132 47 bleibt
868 1977 73 46 ER
975 1990 172 33 stumm.

231 2063 82 47 Die
345 2062 150 57 Augen
529 2063 212 56 springen,

230 2124 188 47 Münder
451 2125 183 52 stocken,

231 2185 164 49 Gebete
428 2187 204 47 rauschen
665 2188 78 46 wie
776 2186 158 46 Orkan.

231 2269 82 47 Die
346 2268 153 49 Hände
533 2271 159 55 ringen,

232 2331 146 48 Flöten
413 2332 159 53 locken,

233 2392 99 48 Kalt
366 2393 129 47 blickt
528 2413 79 27 uns
642 2395 69 47 die
745 2394 309 55 Verzweiflung
1086 2414 67 26 an.

231 2497 164 55 Mystik

230 2590 120 49 Stille
383 2592 129 46 dulde
545 2592 118 55 lange
697 2592 112 53 leise,

232 2653 163 46 Einmal
429 2653 90 47 fällt
552 2653 73 46 das
658 2653 125 48 trübe
816 2653 171 54 Schloß,

230 2715 123 47 Türn
386 2714 110 56 gehn
529 2714 87 48 auf.
649 2716 95 46 Von
777 2716 99 47 Tod
909 2717 89 46 und
1032 2716 123 48 Reise

232 2777 123 47 Steht
387 2794 75 29 vor
496 2777 79 45 Dir
607 2777 99 47 dein
745 2777 226 57 Ichgenoß.

233 2859 154 48 Hüllen
421 2858 125 48 fallen
580 2860 184 47 schwere
795 2860 95 54 alte.

237 2921 70 47 Ich
340 2922 90 46 und
468 2921 71 47 Ich
573 2921 158 57 schlägt
766 2921 273 54 Gottesland;

233 2983 188 48 Wunder
454 2984 159 57 sprießt
646 3003 74 28 aus
752 2985 115 55 jeder
901 2984 129 53 Falte,

233 3044 103 49 Und
368 3065 84 27 was
486 3047 66 52 ist,
586 3046 123 58 spielt
742 3046 72 47 auf
846 3046 75 48 der
955 3046 143 48 Hand.

230 3138 60 30 Aus
306 3138 91 30 einem
413 3138 38 30 im
468 3138 263 38 Zweemannverlag
744 3138 152 31 Hannover
907 3139 102 30 soeben
1027 3138 200 32 erschienenen
1242 3138 79 32 Buch
1336 3138 140 31 Gedichte

234 3178 82 34 „Der
339 3179 96 32 Funke
459 3180 105 30 Gott“.

233 3357 146 47 DIE
463 3359 419 47 SENDUNG
960 3357 516 47 FLAUBERTS

232 3283 776 51 MELCHIOR
1119 3283 357 49 HALA

239 3460 14 47 I

236 3543 107 48 Gott
363 3559 146 43 zeugte
529 3547 68 46 die
619 3546 143 47 Kunst
781 3567 74 26 aus
877 3546 97 46 dem
996 3545 251 48 Menschen.
1284 3545 58 47 So
1362 3547 115 46 ward

236 3607 58 46 sie
326 3606 203 48 Dienerin
560 3609 73 45 des
667 3608 147 54 Kults;
847 3608 111 46 lebte
990 3609 58 45 im
1078 3607 195 57 Tempel,
1306 3607 65 47 bis
1403 3607 75 47 der

236 3667 181 48 Mensch
455 3669 69 47 die
558 3669 221 48 Priesterin
817 3689 74 28 zur
929 3669 224 48 Geliebten
1192 3669 178 53 machte,
1409 3689 68 28 am

236 3729 119 48 Ende
385 3750 98 26 zum
515 3730 197 49 Haustier
743 3732 134 56 gleich
908 3732 98 46 dem
1037 3731 161 48 Weibe.
1245 3731 233 48 Bildwerke

236 3793 43 46 in
309 3792 133 53 Stein,
472 3792 147 53 Farbe,
649 3793 120 47 Wort
798 3814 53 26 zu
879 3793 189 47 schaffen
1097 3794 115 46 ward
1241 3793 134 47 Sache
1403 3793 74 48 des

1529 488 281 52 Handwerks;
1859 487 97 47 dem
2006 484 379 49 Lebensunterhalt
2434 485 206 47 dienende
2687 485 52 47 Be-

1530 550 264 56 schäftigung
1832 548 109 57 glich
1980 548 122 47 allem
2140 547 102 47 Tun
2282 548 42 45 in
2364 546 134 47 dieser
2536 546 122 52 Welt,
2700 546 68 47 die

1530 612 119 47 ihren
1681 611 107 48 Gott
1818 629 218 37 vergessen
2067 610 128 47 hatte.

1530 685 88 46 Das
1668 684 189 47 Wunder
1905 682 98 47 aber
2053 682 86 47 lebt
2188 683 119 55 ewig.
2369 681 88 46 Das
2507 681 263 47 neunzehnte

1530 746 283 56 Jahrhundert
1850 746 89 55 spie
1975 745 82 46 den
2094 743 237 48 Menschen
2369 763 74 26 aus
2481 741 88 48 sich
2606 741 162 54 heraus,

1530 808 83 48 daß
1633 826 44 28 er
1696 807 249 47 erschüttert
1963 807 43 45 in
2025 807 73 45 der
2119 806 131 46 Leere
2268 805 137 47 stand.
2441 804 198 47 Glauben
2658 804 114 48 hatte

1531 889 43 28 er
1600 870 130 53 nicht,
1757 868 147 48 mußte
1930 868 73 47 ihn
2029 868 88 46 sich
2143 880 84 35 erst
2252 887 83 26 neu
2361 866 210 48 schaffen:
2598 885 74 28 aus
2698 866 74 47 der

1533 932 141 47 Kunst
1695 932 59 46 als
1776 929 143 54 Beruf,
1943 930 73 46 der
2037 929 221 47 äußersten
2277 929 185 47 Position
2483 929 75 46 des
2580 929 168 47 materia-

1532 994 213 47 listischen
1770 992 252 53 Menschen,
2048 991 187 47 erwuchs
2260 990 231 57 Berufung.
2532 990 72 47 Sie
2628 990 145 47 wurde

1531 1056 164 57 Stigma
1712 1056 74 46 des
1805 1054 351 56 Gottgesandten,
2175 1052 59 47 als
2251 1052 160 47 Abbild
2430 1053 73 46 des
2520 1052 250 53 Absoluten,

1533 1139 82 27 von
1635 1119 98 46 dem
1754 1118 59 46 sie
1833 1117 110 47 kam.
1980 1116 89 46 Der
2090 1115 203 47 Künstler
2311 1115 145 46 wurde
2475 1134 98 27 zum
2594 1113 178 54 Mönch,

1533 1179 220 49 schaffend
1794 1199 54 26 an
1891 1179 143 46 seinen
2077 1176 108 48 Gott
2227 1176 204 57 gebannt:
2472 1197 47 26 so
2561 1176 211 53 Flaubert,

1534 1242 148 48 dessen
1732 1241 145 47 Leben
1925 1259 105 37 ganz
2078 1240 58 46 im
2183 1238 277 48 Artistischen
2507 1237 266 49 beschlossen

1535 1306 66 45 ist.

1536 1366 103 47 Hier
1657 1365 95 47 hört
1769 1366 68 46 die
1855 1364 110 47 Welt
1982 1364 75 47 der
2075 1362 281 47 Rücksichten
2373 1362 91 47 und
2481 1361 293 57 Beziehungen

1535 1428 92 47 auf:
1652 1428 123 46 allein
1801 1428 58 45 im
1885 1426 112 57 Epos
2023 1425 208 47 resultiert
2256 1425 74 46 das
2356 1424 160 47 Leben.
2557 1424 84 46 Die
2665 1424 110 47 Welt

1535 1491 183 46 existiert
1757 1507 80 29 nur
1876 1489 144 46 soweit
2058 1488 69 46 die
2161 1486 220 57 Dichtung
2413 1487 59 46 sie
2505 1486 269 54 verbraucht;

1536 1553 73 46 das
1627 1551 191 48 Erlebnis
1834 1551 105 46 wird
1956 1568 74 28 zur
2048 1550 210 47 Literatur
2274 1548 287 47 condensiert:
2580 1547 197 47 Flaubert

1535 1614 90 47 und
1660 1613 169 57 George
1863 1612 131 53 Sand,
2030 1611 164 47 Roman
2230 1611 137 47 neben
2403 1609 234 48 Romanen.
2690 1609 88 47 Der

1535 1675 233 48 Einsiedler
1792 1694 84 28 von
1896 1674 187 47 Croisset
2101 1673 105 48 wird
2226 1674 58 45 im
2304 1672 240 57 gelassenen
2563 1672 214 56 Abwägen

1536 1740 134 45 seines
1700 1737 101 47 Stils
1830 1757 98 26 zum
1957 1736 221 55 Mystiker,
2208 1735 149 46 dessen
2387 1734 150 47 Extase
2565 1734 69 46 die
2662 1733 92 47 Voll-

1536 1799 286 48 kommenheit
1856 1799 74 47 des
1964 1797 204 48 Satzbaus
2203 1798 66 52 ist,
2305 1797 69 47 die
2408 1795 370 48 Geschlossenheit

1536 1863 74 46 der
1642 1861 183 47 äußeren
1854 1860 127 47 Form
2013 1860 58 47 als
2104 1858 200 48 Sinnbild
2335 1858 68 47 für
2429 1859 83 46 den
2546 1865 120 47 sldog.
2721 1857 57 48 So

1536 1924 219 47 entstehen
1794 1924 114 46 diese
1946 1922 232 53 Gestalten,
2217 1941 84 27 von
2339 1921 151 46 Emma
2526 1919 164 56 Bovary
2726 1940 52 26 zu

1534 1986 227 47 Pecuchet:
1796 1985 118 47 nicht
1947 1983 238 48 Menschen
2219 1984 58 46 im
2311 1982 133 48 Sinne
2477 1983 113 46 eines
2624 1981 129 57 behag-

1537 2048 136 47 lichen
1729 2047 274 53 Naturalism,
2062 2046 182 47 sondern
2301 2045 190 53 sondere,
2549 2044 74 47 der
2684 2043 96 48 Idee

1536 2112 73 45 des
1644 2110 198 46 Dichters
1877 2121 312 44 entsprungene
2223 2107 167 53 Wesen,
2425 2107 127 47 deren
2589 2105 191 47 Da-Sein

1536 2172 89 47 sich
1642 2173 44 45 in
1703 2171 367 57 eigentümlichen,
2088 2170 99 46 aber
2204 2169 270 47 bestimmten
2491 2168 288 47 Ornamenten

1536 2234 72 47 auf
1644 2234 152 47 idealer
1834 2232 153 47 Fläche
2022 2231 248 53 entwickelt,
2309 2230 116 47 nicht
2463 2231 42 46 in
2543 2230 75 47 der
2654 2230 100 47 Drei-

1536 2295 354 48 dimensionalität
1927 2295 76 47 der
2040 2294 152 46 Natur.
2247 2293 130 47 Diese
2413 2292 151 47 Werke
2603 2292 95 46 sind
2737 2293 43 45 in

1538 2359 87 47 sich
1652 2357 279 58 geschlossen,
1959 2356 136 47 nichts
2122 2355 166 47 bezieht
2314 2356 59 46 sie
2397 2354 73 47 auf
2495 2354 68 47 die
2589 2353 190 48 Realität.

1538 2420 141 48 Selbst
1712 2420 70 47 die
1816 2419 423 55 Übereinstimmung
2272 2418 75 46 der
2380 2416 314 56 Terminologie
2728 2417 52 46 ist

1538 2501 80 28 nur
1634 2481 240 48 scheinbar:
1891 2481 65 47 ihr
1973 2480 92 48 Gut
2080 2480 90 47 und
2185 2480 108 46 Böse
2309 2481 54 45 ist
2378 2479 164 47 keinem
2559 2477 196 48 bestehen-

1538 2545 83 47 den
1667 2544 154 46 Kanon
1866 2556 288 34 entnommen.
2215 2542 113 47 Dem
2372 2540 236 47 harmlosen
2653 2540 127 47 Leser

1540 2606 145 47 müßte
1735 2605 142 48 solche
1921 2603 384 48 Vollkommenheit
2355 2604 121 46 einen
2523 2601 256 48 Naturalism

1538 2668 291 53 Vortäuschen,
1865 2667 83 47 den
1983 2685 44 28 er
2062 2678 228 36 erwartete.
2340 2665 56 46 Er
2430 2664 94 47 sah:
2559 2665 42 45 in
2636 2663 143 47 diesen

1540 2731 181 56 Figuren
1752 2731 53 46 ist
1836 2730 145 47 Leben
2094 2728 110 47 doch
2234 2728 199 47 erkannte
2463 2744 43 29 er
2536 2725 129 53 nicht,
2695 2724 84 48 daß

1539 2813 43 27 es
1609 2794 68 46 ein
1704 2792 145 47 Leben
1876 2811 83 26 von
1985 2790 228 47 Chimären
2239 2808 97 35 war,
2364 2809 98 27 vom
2488 2787 177 47 Dichter
2690 2786 88 48 sich

1540 2875 51 26 zu
1632 2855 135 46 seiner
1806 2853 111 56 Qual
1958 2852 255 57 geschaffen.
2268 2851 89 47 Das
2397 2850 125 47 Werk
2562 2848 216 47 Flauberts

1540 2916 141 48 führte
1706 2917 67 46 ein
1801 2915 273 48 sonderbares
2102 2914 157 47 Dasein
2285 2926 123 33 unter
2433 2912 82 47 den
2539 2910 239 47 Produkten

1540 2979 73 46 des
1657 2977 274 53 Naturalism,
1977 2977 64 47 bis
2084 2994 75 29 zur
2202 2973 294 58 Erschöpfung
2539 2973 73 47 des
2656 2971 102 47 stoff-

1540 3040 136 47 lichen
1709 3040 153 46 Chaos.
1910 3038 95 47 Erst
2035 3037 59 48 als
2126 3037 127 47 Form
2283 3036 89 47 und
2402 3035 79 47 Stil
2512 3034 117 47 nicht
2660 3033 118 48 mehr

1540 3101 331 58 Angelegenheit
1884 3101 75 47 der
1972 3100 218 47 Aesthetik
2203 3098 186 53 Wurden,
2406 3097 181 47 sondern
2603 3095 146 47 Grund-

1542 3164 90 56 lage
1700 3182 130 29 neuer
1898 3163 139 53 Ethik,
2107 3161 113 48 ward
2290 3159 215 48 Flauberts
2575 3158 204 55 Sendung

1542 3226 207 47 offenbar.

1543 3298 83 47 Die
1674 3297 261 57 bürgerliche
1989 3297 206 55 Ideologie
2243 3293 278 56 bemächtigte
2569 3291 89 48 sich
2706 3291 74 47 der

1543 3360 157 47 hierbei
1735 3359 237 58 gebildeten
2006 3357 196 58 Begriffe,
2237 3356 89 47 ihre
2358 3354 139 48 wahre
2531 3354 250 56 Bedeutung

1543 3422 282 47 verkennend.
1863 3420 117 47 L’art
2001 3438 107 38 pour
2130 3418 111 47 l’art:
2264 3418 73 46 das
2360 3418 53 46 ist
2435 3417 120 47 keine
2577 3416 203 46 Monroe-

1543 3485 182 46 Doktrin
1744 3483 68 47 für
1830 3483 68 47 die
1916 3481 219 57 zufälligen
2154 3480 158 46 Diener
2329 3479 75 47 der
2424 3478 154 53 Kunst,
2599 3478 181 47 sondern

1543 3546 68 46 für
1643 3546 69 47 die
1745 3545 143 47 Kunst
1920 3544 142 46 selbst.
2110 3542 82 47 Die
2224 3541 251 56 Bedeutung
2507 3540 74 47 der
2615 3538 166 48 Formel

1543 3609 66 52 ist,
1639 3608 83 47 daß
1751 3627 43 27 es
1823 3608 44 45 in
1895 3606 141 46 diesen
2065 3603 200 48 Bezirken
2294 3601 229 49 außerhalb
2551 3602 74 46 des
2654 3600 126 47 Rein-

1544 3669 220 47 Formalen
1797 3669 118 46 keine
1947 3666 344 55 Rechtfertigung
2324 3665 103 56 gibt,
2459 3665 78 46 wie
2569 3664 42 46 in
2644 3663 136 46 denen

1543 3732 74 46 der
1642 3731 191 56 Religion
1858 3747 79 29 nur
1961 3730 67 45 ein
2052 3727 216 48 Wertmaß
2293 3728 73 46 ist;
2392 3726 120 47 Gott.
2552 3725 131 47 Nicht
2707 3724 73 47 das

1544 3793 192 55 zufällige
1779 3791 155 55 Objekt
1976 3791 74 46 des
2096 3789 275 47 Kunstwerks
2415 3787 86 47 läßt
2544 3786 72 47 auf
2660 3787 119 45 einen
