3269 4572
596 422 40 38 10

594 556 246 46 hintersinnt
859 555 86 46 sich
965 553 315 47 nachdenklich:
1301 552 75 45 soll
1396 570 42 27 er
1458 552 114 45 nicht
1593 551 190 45 Universi-

593 616 191 56 tätsjahre
803 616 192 45 riskieren
1014 615 87 45 und
1120 613 301 55 Syphilisangst
1444 613 87 45 und
1559 611 107 46 noch
1686 613 118 43 einen

593 677 259 47 Selbstmord
861 681 19 41 ?

590 769 59 28 Aus
674 768 89 30 einem
786 779 49 19 vor
856 766 195 31 Weihnachten
1076 765 41 29 bei
1141 764 29 30 S.
1195 764 110 30 Fischer
1326 764 29 28 in
1378 764 92 29 Berlin
1493 763 215 30 erscheinenden
1726 762 76 30 Buch

593 832 16 9 ~
614 808 247 33 Zaubermärchen.

1281 936 146 45 VIER
1461 936 341 46 GEDICHTE

588 940 175 47 CURT
790 937 414 48 SCHWITTERS

586 1062 226 46 Menschen

583 1153 187 46 Arbeiter
798 1152 129 56 orgelt
956 1150 320 56 Laternenpfahl

584 1213 127 46 Trotz
739 1215 110 53 singt
877 1212 140 47 Gebet

587 1274 183 46 Himmel
798 1273 121 48 welkt
947 1272 149 48 Gnade

584 1335 146 46 Braust
758 1333 138 48 Gebet
922 1334 147 46 Arbeit
1097 1333 164 55 entlang

582 1396 181 46 Unsanft

582 1456 183 47 Wurden
795 1456 168 47 Schreie

581 1517 175 47 Straßen
784 1516 299 57 aufgepeitscht

582 1578 110 47 Gelb
720 1590 123 34 rastet
870 1578 100 46 Tier

580 1639 201 52 Arbeiter,
810 1638 89 47 auf!

579 1700 188 46 Arbeiter
795 1699 163 46 flammt

579 1761 188 47 Arbeiter
797 1760 122 47 Kraft
947 1761 235 45 entbrannt.

663 1821 256 47 Versunken.

580 1958 138 47 Frühe
751 1959 150 46 rundet
935 1959 140 55 Regen
1109 1959 93 45 blau

579 2050 149 47 Runde
756 2051 72 46 das
857 2050 121 47 Grün

578 2111 165 47 Schlafe
770 2112 126 46 maies
924 2112 119 46 Land

578 2171 145 47 Grüne
751 2171 186 57 Tropfen
966 2172 286 55 tropfenweise

578 2233 119 46 Leise
723 2232 188 57 Tropfen
939 2232 165 57 tropfen
1133 2232 96 47 leise

577 2293 148 47 Runde
753 2293 131 47 schlaf
911 2294 120 46 Land

577 2354 164 47 Schlafe
769 2363 128 47 grüne
924 2354 189 57 Tropfen
1115 2356 120 45 wiese

577 2415 145 47 Grüne
750 2416 187 56 Tropfen
966 2416 161 46 sanften
1157 2416 103 46 Lied

577 2476 173 47 Grünen
779 2476 147 47 Grüne
954 2485 119 47 grün.

577 2615 86 45 Der
703 2614 193 47 Bahnhof

576 2706 103 46 Man
713 2706 69 47 hat
815 2707 91 46 eine
941 2707 137 46 Leiter
1111 2726 72 27 zur
1217 2707 140 47 Sonne
1391 2709 157 55 gestellt

577 2766 81 47 Die
685 2766 142 47 Sonne
855 2768 53 45 ist
935 2767 180 47 schwarz

577 2827 80 47 Die
685 2827 151 47 Mühle
863 2827 121 47 blüht

576 2888 217 47 Millionen
816 2888 233 48 Menschen
1071 2890 160 47 wölben
1254 2890 303 57 Sturmgeläute

577 2949 100 47 Und
706 2949 164 47 Herzen
901 2951 193 46 kommen

577 3009 161 47 Herzen
767 3011 163 46 bersten

576 3070 76 47 Ein
680 3071 101 47 Pfeil
812 3072 219 47 überherzt
1061 3073 163 47 Herzen

577 3132 80 46 Die
685 3132 162 47 Herzen
875 3133 153 56 pfeilen

576 3191 85 47 Zur
690 3193 149 47 Mühle
870 3194 149 47 herzen
1051 3196 67 45 die
1146 3195 127 47 Pfeile
1303 3196 140 47 Sonne

577 3253 54 46 Es
658 3254 108 46 weht
794 3256 90 45 eine
911 3255 122 47 wilde
1063 3255 102 47 Gier

579 3313 71 46 Du
682 3315 141 46 deiner
854 3318 64 45 dir
950 3317 109 52 dich,

579 3374 70 46 Du
678 3376 140 46 deiner
847 3377 94 46 dich
971 3379 77 46 dir.

579 3515 160 48 Senken
772 3517 192 48 Schwüle

579 3607 191 47 Wunden
798 3610 151 47 senken
979 3611 135 49 Rosen
1143 3614 95 47 Tod

579 3667 136 48 Rosen
744 3668 183 49 branden
955 3671 142 49 Meere
1125 3674 96 48 Blut

579 3728 104 48 Glut
711 3729 135 47 Rosen
874 3732 163 56 tropfen
1064 3734 136 48 Nacht

579 3789 190 48 Schwüle
797 3809 117 29 rosen
943 3793 157 57 Wogen
1129 3796 226 58 schweigen
1386 3800 108 47 Laut

1870 548 137 56 Klang

1868 609 259 56 Silberklang

1868 669 298 47 Weidewunde
2192 670 252 46 Schmerzen
2474 687 119 28 rosen
2622 672 97 45 Blut

1867 730 173 47 Sanften

1867 792 165 47 Senken

1867 853 191 46 Brennen

1866 913 138 48 Toten

1866 975 175 47 Sanften
2070 975 137 46 Rosen
2238 976 96 46 Tod

1867 1035 222 49 Schwülen
2116 1035 137 47 Rosen
2280 1056 144 37 wogen
2450 1037 138 46 Schall

1868 1096 139 56 Klang

1866 1157 260 56 Silberklang

1865 1218 297 47 Weidewunde
2190 1218 251 47 Schmerzen
2470 1220 111 46 Blut.

2244 1351 146 50 DER
2410 1351 430 48 EROTISCHE
2859 1353 235 46 BLOCK

1866 1352 357 55 MYNONA

1871 1474 45 45 In
1969 1474 73 45 der
2095 1473 212 47 heißesten
2359 1475 88 45 und
2499 1477 238 53 sonnigsten
2768 1476 327 56 Mittagsstunde

1866 1536 156 53 stiegen
2074 1534 117 46 sechs
2242 1535 388 55 elegantgekleidete
2681 1536 161 47 Herren
2893 1537 200 55 jeglichen

1864 1595 137 46 Alters
2044 1596 204 45 zwischen
2291 1616 181 36 zwanzig
2513 1598 89 45 und
2643 1597 160 56 fünfzig
2844 1618 73 26 aus
2958 1600 135 44 einem

1863 1656 141 46 Abteil
2033 1657 74 44 des
2137 1657 269 55 Luxuszuges
2434 1658 89 45 und
2552 1658 183 55 begaben
2766 1659 100 52 sich,
2897 1680 80 25 von
3006 1659 58 46 Ge-

1864 1717 269 56 päckträgern
2157 1717 168 56 gefolgt,
2351 1719 133 45 durch
2508 1720 72 44 das
2602 1720 134 45 Portal
2760 1720 73 46 des
2857 1720 236 47 Bahnhofes

1864 1780 41 43 in
1933 1779 68 45 die
2029 1778 134 52 Stadt,
2190 1779 195 46 woselbst
2413 1781 57 44 sie
2498 1781 58 44 im
2584 1793 133 33 ersten
2746 1781 126 46 Hotel
2900 1781 193 54 Quartier

1864 1839 195 46 nahmen.
2100 1839 69 47 Sie
2195 1841 180 53 speisten
2401 1842 43 44 in
2469 1840 98 46 aller
2592 1841 252 47 Seelenruhe
2869 1844 66 44 ein
2961 1843 132 46 Diner

1864 1921 81 25 von
1968 1900 95 46 acht
2088 1900 177 55 Gängen
2288 1902 90 45 und
2401 1903 171 45 tranken
2596 1903 106 45 dazu
2726 1904 91 46 eine
2841 1904 156 56 Menge
3020 1905 73 45 der

1863 1962 178 45 feinsten
2055 1961 159 46 Weine.
2244 1962 72 45 Bei
2330 1962 130 46 Tisch
2476 1976 203 43 entspann
2695 1965 86 45 sich
2796 1966 66 44 ein
2877 1964 215 56 Gespräch

1863 2024 76 44 mit
1976 2023 82 45 den
2096 2023 335 55 appetitlichsten
2469 2025 247 45 Anekdoten
2755 2026 147 46 höchst
2938 2035 128 47 anzüg-

1861 2084 134 45 lichen
2022 2084 247 45 Charakters
2295 2085 104 45 über
2423 2086 68 45 die
2516 2086 318 55 mannigfachen
2859 2087 234 46 Erlebnisse

1860 2147 77 44 mit
1964 2145 161 45 Frauen
2152 2146 89 46 und
2267 2146 214 46 Mädchen
2507 2147 74 45 der
2607 2147 135 52 Stadt,
2768 2149 88 45 und
2882 2150 112 44 einer
3019 2150 73 44 der

1861 2206 176 52 Herren,
2066 2207 67 45 ein
2160 2206 147 46 älterer
2335 2207 134 46 Mann
2497 2209 76 45 mit
2600 2227 177 36 rosigem
2804 2209 174 46 Gesicht
3004 2211 88 45 und

1860 2267 371 46 Bonvivantmiene
2265 2268 251 55 behauptete
2551 2289 46 25 so
2631 2270 246 52 beharrlich,
2913 2290 42 27 es
2990 2271 102 55 gebe

1860 2330 42 44 in
1922 2329 157 45 diesem
2100 2328 241 55 Spießerort
2361 2329 292 47 raffinierteste
2674 2331 324 56 Möglichkeiten
3018 2333 73 45 des

1860 2388 228 53 Genusses,
2110 2390 82 45 daß
2215 2410 95 25 man
2333 2391 88 45 ihm
2443 2392 166 45 endlich
2630 2392 145 45 Gehör
2796 2393 77 55 gab
2895 2394 88 45 und
3005 2394 85 45 sich

1860 2452 134 44 seiner
2021 2451 238 55 Belehrung
2284 2453 89 44 und
2403 2452 201 56 Führung
2630 2474 52 24 an
2685 2467 217 33 vertraute.

1861 2522 491 53 „Selbstverständlich“,
2371 2536 112 42 sagte
2498 2542 57 34 er,
2576 2525 194 51 „wahren
2786 2526 112 45 diese
2914 2526 177 45 Mucker

1859 2583 105 45 nach
1994 2583 136 46 außen
2161 2584 72 45 hin
2263 2585 82 45 den
2376 2585 168 52 Schein,
2575 2587 89 44 und
2693 2587 74 45 der
2797 2587 99 45 Laie
2926 2587 165 55 betrügt

1858 2644 102 46 sich.
2007 2645 88 45 Der
2126 2644 172 47 Kenner
2328 2646 198 56 dagegen,
2557 2647 87 45 also
2674 2667 35 26 z.
2740 2648 49 46 B.
2819 2648 80 51 ich,
2931 2648 160 47 kommt

1858 2705 203 52 dahinter,
2093 2706 82 45 daß
2206 2726 42 26 es
2279 2707 88 45 hier
2397 2726 79 26 nur
2505 2709 119 45 desto
2653 2709 118 45 toller
2801 2709 165 55 zugeht.
3011 2709 79 46 Wo

1857 2768 148 45 anders
2035 2768 107 45 kann
2173 2788 96 25 man
2299 2788 66 25 ein
2396 2769 166 46 Bordell
2592 2769 94 46 sehr
2716 2770 123 46 leicht
2868 2791 81 25 von
2978 2773 112 44 einer

1858 2828 184 46 höheren
2083 2829 359 47 Mädchenschule
2482 2831 335 46 unterscheiden.
2873 2832 103 45 Hier
3017 2832 48 45 da-

1858 2894 158 50 gegen?
2039 2914 55 5 —
2116 2889 79 46 Wo
2218 2891 162 45 denken
2404 2891 71 45 Sie
2498 2891 92 46 hm!
2631 2892 103 46 Hier
2756 2893 116 45 nicht
2894 2911 79 27 nur
2996 2893 93 46 sehr

1858 2950 170 53 schwer,
2048 2952 180 45 sondern
2247 2970 70 36 gar
2336 2952 131 47 nicht.
2501 2953 212 46 Kommen
2732 2954 70 45 Sie
2820 2954 82 45 mal
2919 2954 72 45 auf
3007 2955 81 46 den

1858 3011 169 52 Balkon,
2057 3013 137 45 meine
2221 3013 183 47 Herren!
2447 3014 193 46 Schauen
2669 3015 69 45 Sie
2765 3015 52 45 da
2844 3015 144 46 hinten
3015 3016 73 46 das

1858 3085 88 33 rote
1981 3072 206 47 Gebäude
2222 3076 77 44 mit
2335 3076 97 45 dem
2468 3076 224 45 amtlichen
2726 3076 232 47 Aussehen.
3010 3076 52 47 Be-

1858 3134 167 46 merken
2044 3134 72 46 Sie
2133 3135 68 45 die
2218 3136 87 46 drei
2325 3136 157 54 großen
2502 3136 172 46 Fenster
2692 3138 57 44 im
2768 3150 136 33 ersten
2923 3137 163 53 Stocke,

1858 3194 134 47 rechts
2016 3196 199 46 oberhalb
2238 3197 73 46 des
2334 3197 131 46 Tors:
2488 3197 108 46 voila
2617 3222 54 5 —
2693 3199 71 44 das
2789 3211 52 33 ist
2862 3199 137 45 weder
3021 3201 66 44 ein

1859 3255 168 47 Kloster
2060 3257 109 45 noch
2203 3259 67 44 ein
2304 3257 280 55 Gymnasium
2618 3259 108 45 noch
2760 3261 90 44 eine
2882 3260 179 47 Töchter-

1857 3316 154 53 schule,
2042 3319 195 52 sondern,
2266 3331 123 33 unter
2417 3319 97 45 dem
2544 3321 375 54 strenggewahrten
2949 3322 110 46 Deck-

1857 3378 152 46 mantel
2041 3380 113 45 einer
2184 3380 168 52 Schule,
2384 3400 103 35 ganz
2518 3380 163 46 einfach
2712 3383 66 44 ein
2808 3382 179 54 Bordell,
3020 3385 66 44 ein

1856 3453 274 40 sogenannter
2159 3440 165 52 „Puff“,
2352 3443 77 43 mit
2453 3441 283 47 Schönheiten
2762 3457 135 33 ersten
2923 3444 162 56 Ranges

1856 3500 87 45 und
1979 3521 52 25 zu
2068 3501 234 46 horrenden
2337 3502 179 46 Preisen.
2570 3504 83 45 Die
2689 3504 226 47 Heuchelei
2952 3506 133 46 dieser

1856 3560 274 58 Einrichtung
2162 3563 98 55 geht
2291 3582 47 26 so
2370 3564 108 51 weit,
2512 3564 82 46 daß
2627 3585 96 25 man
2754 3566 120 54 jenen
2907 3566 176 54 Mantel,

1855 3622 105 46 auch
1987 3643 122 26 wenn
2136 3623 109 46 noch
2272 3643 47 26 so
2345 3624 411 57 vielversprechende
2783 3627 184 47 Kunden
2994 3628 69 46 auf-

1855 3684 190 52 tauchen,
2072 3697 82 33 erst
2178 3685 105 45 nach
2308 3704 216 36 geraumer
2548 3687 131 46 Welle
2703 3688 121 47 lüftet
2846 3690 89 45 und
2959 3690 125 46 ihnen

1855 3744 278 57 stundenlang
2154 3745 68 46 die
2244 3745 340 57 Zimperlichkeit
2608 3749 132 47 selber
2763 3750 63 46 bis
2850 3771 97 25 zum
2969 3751 87 45 Täu-

1855 3806 126 46 schen
2001 3805 166 47 ähnlich
2188 3808 211 55 vorspielt.
2437 3809 119 46 Mich
2579 3810 126 47 kennt
2725 3832 95 25 man
2841 3813 95 44 dort
2956 3812 127 46 schon
