3317 4572
2679 340 39 39 15

185 487 103 39 CAN
317 486 231 39 GRANDE:

186 581 59 47 So
274 581 199 57 spendest
499 581 60 47 du
586 581 83 47 den
698 581 207 57 Schöpfer
932 581 80 47 dir.
1054 581 90 47 Aus
1172 581 66 46 dir
1266 596 162 39 empor.

1245 642 66 46 Zu
1341 639 86 48 dir!

188 705 89 48 Der
312 705 137 47 Deine
484 718 115 35 stets.
651 705 122 48 Mein
809 704 107 49 Gott
950 706 59 46 im
1045 704 208 47 Himmel!
1290 704 138 45 zittert

1009 767 127 47 selbst
1165 767 74 46 der
1269 765 159 47 Christ.

188 850 95 47 Nur
306 851 75 47 das
405 850 180 47 erkühnt
609 851 89 47 sich
722 852 101 46 mir:
848 850 57 47 Er
928 852 53 45 ist
1006 849 116 48 nicht
1146 849 110 47 hier!
1296 847 56 47 Er
1376 849 54 45 ist

1205 911 75 47 das
1310 910 118 47 Hier,

188 976 89 47 Der
302 975 123 48 letzte
450 975 125 48 Stern
601 975 74 47 bin
701 974 82 49 ich.
825 974 86 48 Für
936 974 113 48 dich.
1089 974 93 47 Wie
1207 974 59 46 du
1292 992 43 27 es
1362 972 68 46 für

1182 1035 114 47 mich
1325 1034 104 47 bist!

191 1160 331 40 MERCURINO:

189 1256 79 46 Bin
296 1254 68 48 ich
392 1255 97 47 dein
518 1254 199 48 Freund?
759 1253 221 48 Vielleicht
1006 1254 75 47 der
1108 1253 154 47 Feind!
1305 1251 123 47 Doch

957 1316 67 47 ich
1054 1317 129 55 gehör
1211 1336 75 26 um
1315 1313 115 47 dich.

192 1380 81 47 Die
301 1379 219 57 Zwillinge
549 1379 209 57 bedingen
787 1379 135 47 dieser
951 1378 237 48 Menschen
1217 1377 212 47 schweren

1290 1438 142 56 Gang.

191 1525 89 47 Wir
310 1525 122 47 stehn
461 1524 144 48 allein!
651 1523 123 48 Doch
805 1523 176 48 schreite
1011 1524 67 46 ich
1108 1543 52 26 zu
1190 1522 141 47 zweit:
1361 1541 47 37 ge-

1110 1583 299 48 schwisterlich
1422 1586 9 43 !

192 1649 102 47 Und
324 1649 163 47 Brüder
517 1647 148 49 hassen
696 1648 109 47 sich!
851 1647 56 47 Es
936 1647 144 47 schied
1111 1647 89 46 sich
1230 1659 107 33 einst
1368 1645 65 46 ihr

1103 1708 329 55 Daseinsdrang.

192 1836 103 39 CAN
325 1835 232 39 GRANDE:

193 1931 157 46 Herbei
376 1930 82 46 den
486 1929 153 47 Feind!
682 1928 96 47 Den
805 1927 168 47 offnen:
997 1928 126 46 drum
1148 1926 185 55 behängt
1357 1926 78 45 mit

957 1991 77 45 mit
1064 1990 166 45 meinen
1262 1988 172 46 Ketten,

198 2055 46 46 ln
272 2056 141 55 eigner
440 2053 143 48 Nähe:
611 2053 59 46 du
698 2053 92 46 hast
816 2051 137 48 recht!
997 2052 79 46 Ein
1103 2051 123 47 böser
1252 2049 183 47 Bruder:

1319 2113 115 54 jetzt.

192 2200 99 47 War
317 2199 196 48 Ezzelino
539 2199 81 46 mir
646 2197 243 49 verwandt?
932 2197 89 47 Der
1046 2195 156 48 Vater?
1245 2194 70 47 Sei
1343 2206 69 34 ent-

1310 2268 105 35 setzt
1425 2259 9 43 !

194 2325 88 47 Der
312 2324 163 47 Bruder
503 2322 132 48 bloß?
680 2322 138 47 Wenn
847 2322 75 47 wir
952 2339 81 29 nur
1061 2320 105 56 ewig
1197 2318 111 47 Kain
1339 2338 97 26 zum

1071 2382 163 47 Bruder
1262 2381 174 47 hätten?

194 2541 319 51 MATTHIAS
551 2539 310 50 CLAUDIUS
898 2540 15 55 /
949 2538 139 48 VIER
1124 2534 314 51 GEDICHTE

196 2660 110 47 Der
358 2657 294 48 Schwarze
698 2657 54 44 in
799 2655 95 47 der
940 2652 498 57 Zuckerplantage

195 2774 111 47 Weit
337 2794 83 26 von
452 2773 183 46 meinem
666 2770 253 47 Vaterlande

193 2836 115 47 Muß
339 2835 67 47 ich
437 2835 89 46 hier
555 2832 344 48 verschmachten
929 2832 90 45 und
1049 2829 198 57 vergehn,

193 2898 128 47 Ohne
346 2898 143 51 Trost,
518 2896 41 46 in
588 2895 112 46 Müh
727 2895 89 45 und
843 2894 217 52 Schande;

195 2961 40 47 0
265 2962 69 46 die
362 2959 163 48 weißen
555 2958 223 46 Männer!!
827 2956 116 56 Klug
971 2956 90 46 und
1091 2955 153 47 schön!

195 3054 104 48 Und
331 3053 67 48 ich
429 3053 84 47 hab
543 3052 83 46 den
656 3050 213 47 Männern
900 3049 85 46 ohn
1017 3048 231 47 Erbarmen

194 3117 154 46 Nichts
379 3129 138 43 getan.

198 3180 73 45 Du
299 3181 58 45 im
385 3176 208 49 Himmel!
637 3174 92 48 Hilf
755 3175 80 46 mir
861 3191 143 29 armen

200 3241 248 47 Schwarzen
479 3239 156 47 Mann!

199 3366 83 47 An
399 3365 89 47 als
520 3364 119 47 ihm
671 3363 98 46 die
884 3357 172 50 starb

202 3469 89 47 Der
320 3469 210 47 Säemann
561 3476 86 38 säet
676 3467 82 45 den
790 3464 167 53 Samen,

202 3531 82 47 Die
312 3531 111 47 Erde
451 3530 216 56 empfängt
695 3528 87 53 ihn,
811 3527 90 46 und
928 3525 104 48 über
1060 3524 66 47 ein
1156 3522 172 47 Kleines

203 3592 170 48 Keimet
402 3594 69 46 die
501 3593 150 46 Blume
681 3589 146 48 herauf
854 3615 68 21 —.

202 3676 73 47 Du
305 3677 165 46 liebtest
499 3696 72 27 sie.
616 3674 97 47 Was
742 3672 105 47 auch
876 3672 89 46 dies
994 3669 144 48 Leben

203 3738 126 47 Sonst
359 3738 68 47 für
457 3737 181 48 Gewinn
668 3736 84 53 hat,
781 3752 84 30 war
894 3733 108 47 klein
1032 3732 65 46 dir
1125 3728 200 59 geachtet.

204 3799 103 49 Und
337 3802 58 46 sie
424 3800 369 48 entschlummerte
821 3796 85 47 dir!

1492 481 98 48 Was
1622 481 171 46 weinest
1825 481 59 46 du
1917 478 136 47 neben
2086 477 98 47 dem
2217 475 157 53 Grabe,

1493 542 104 48 Und
1624 542 122 46 hebst
1773 542 68 46 die
1868 541 152 47 Hände
2047 557 74 29 zur
2148 538 148 48 Wolke
2322 537 75 47 des
2423 535 143 48 Todes

1493 605 104 47 Und
1625 604 75 47 der
1726 603 256 56 Verwesung
2010 605 175 53 empor?

1493 687 92 48 Wie
1617 686 109 48 Gras
1757 685 73 47 auf
1860 685 97 47 dem
1990 684 127 48 Felde
2149 683 95 47 sind
2276 680 236 49 Menschen

1494 749 142 47 Dahin
1667 749 78 46 wie
1775 748 175 46 Blätter!
1997 747 94 46 Nur
2122 746 160 56 wenige
2311 744 119 56 Tage

1494 811 128 48 Gehn
1653 812 76 45 wir
1761 809 226 47 verkleidet
2018 807 163 48 einher!

1495 896 88 45 Der
1611 892 131 48 Adler
1771 890 201 49 besuchet
2001 891 68 46 die
2098 890 124 53 Erde,

1495 956 123 47 Doch
1633 964 137 38 säumt
1783 953 130 53 nicht,
1930 952 196 48 schüttelt
2140 950 81 58 vom
2221 950 163 58 Flügel
2398 950 83 47 den
2495 948 135 48 Staub
2643 948 89 47 und

1496 1019 136 46 Kehrt
1663 1036 73 28 zur
1766 1016 145 47 Sonne
1940 1014 175 48 zurück!

1496 1143 110 47 Der
1653 1139 289 56 Frühling,
2004 1137 96 47 Am
2147 1149 191 35 ersten
2385 1136 349 54 Maimorgen

1496 1245 141 48 Heute
1664 1244 83 48 will
1777 1243 67 48 ich
1874 1240 193 54 fröhlich,
2097 1240 180 47 fröhlich
2305 1240 103 52 sein,

1498 1309 136 46 Keine
1662 1307 113 47 Weis
1803 1305 90 47 und
1921 1304 120 47 keine
2069 1303 108 47 Sitte
2204 1303 152 51 hören;

1497 1370 97 48 Will
1624 1369 112 47 mich
1764 1368 156 46 wälzen
1948 1366 90 46 und
2067 1365 68 47 für
2163 1364 164 48 Freude
2355 1364 164 46 schrein

1500 1433 102 46 Und
1629 1432 74 46 der
1733 1431 143 56 König
1903 1428 77 47 soll
2009 1428 81 46 mir
2117 1428 73 47 das
2219 1426 118 47 nicht
2364 1425 182 48 wehren.

1499 1526 126 46 Denn
1656 1543 44 28 er
1729 1524 162 47 kommt
1921 1524 76 46 mit
2027 1523 135 47 seiner
2192 1520 193 47 Freuden
2417 1517 131 48 Schar

1498 1588 141 46 Heute
1670 1606 75 27 aus
1777 1586 74 47 der
1884 1586 273 56 Morgenröte
2189 1583 166 52 Hallen,

1498 1650 134 46 Einen
1663 1648 308 48 Blumenkranz
2000 1668 74 26 um
2105 1647 125 45 Brust
2260 1645 89 46 und
2380 1643 114 47 Haar

1499 1713 104 46 Und
1634 1711 73 47 auf
1737 1712 135 45 seiner
1903 1710 196 47 Schulter
2130 1706 306 57 Nachtigallen.

1498 1805 104 47 Und
1631 1805 88 47 sein
1747 1804 159 47 Antlitz
1935 1804 54 46 ist
2017 1802 88 47 ihm
2133 1813 66 35 rot
2225 1800 91 47 und
2343 1799 122 52 weiß,

1498 1868 104 47 Und
1627 1885 45 29 er
1696 1866 129 47 träuft
1850 1886 83 27 von
1957 1865 96 47 Tau
2077 1864 91 46 und
2194 1862 110 48 Duft
2328 1862 89 46 und
2442 1861 137 56 Segen

1499 1930 87 46 Ha!
1632 1930 122 46 Mein
1783 1929 193 55 Thyrsus
2006 1928 57 45 sei
2093 1927 67 46 ein
2192 1924 301 57 Knospenreis,

1499 1992 103 47 Und
1632 2012 47 27 so
1709 1990 132 48 tauml
1872 1990 67 47 ich
1970 1990 182 47 meinem
2184 1986 169 48 Freund
2383 1998 218 44 entgegen,

1501 2115 191 57 Krieg
1709 2135 18 26 s
1744 2114 13 47 1
1775 2115 13 46 i
1805 2134 23 27 e
1844 2114 30 47 d

1501 2220 31 46 ’s
1562 2220 53 46 ist
1646 2218 150 57 Krieg!
1844 2216 32 47 ’s
1907 2218 52 45 ist
1990 2215 151 57 Krieg!
2185 2214 42 47 0
2257 2213 153 48 Gottes
2439 2211 131 58 Engel
2599 2211 138 48 wehre

1500 2282 104 47 Und
1633 2281 98 46 rede
1760 2280 58 47 du
1847 2280 163 46 darein!

1503 2343 32 47 ’s
1564 2344 53 46 ist
1646 2343 128 47 leider
1804 2341 131 56 Krieg
1962 2340 91 47 und
2081 2338 68 48 ich
2177 2337 180 58 begehre

1502 2406 132 47 Nicht
1667 2404 162 48 Schuld
1861 2404 128 47 daran
2023 2422 53 27 zu
2110 2402 109 46 sein!

1502 2494 97 48 Was
1625 2493 95 48 sollt
1745 2493 66 47 ich
1837 2491 190 53 machen,
2051 2510 123 28 wenn
2199 2491 59 45 im
2283 2486 144 50 Schlaf
2450 2487 76 47 mit
2551 2486 186 47 Grämen

1503 2557 104 47 Und
1637 2557 148 55 blutig,
1816 2554 136 47 bleich
1983 2553 89 47 und
2102 2552 112 53 blaß.

1503 2620 82 47 Die
1615 2618 167 47 Geister
1810 2617 74 47 der
1912 2615 279 56 Erschlagnen
2222 2634 52 26 zu
2303 2613 80 47 mir
2411 2611 162 53 kämen,

1503 2681 103 47 Und
1638 2699 74 29 vor
1743 2680 80 46 mir
1855 2679 191 52 weinten,
2078 2681 113 43 was?

1503 2769 136 47 Wenn
1668 2768 159 47 wackre
1857 2766 195 52 Männer,
2083 2764 69 47 die
2182 2762 87 48 sich
2299 2761 110 48 Ehre
2438 2761 189 52 suchten.

1502 2829 301 49 Verstümmelt
1831 2828 90 47 und
1951 2828 97 46 halb
2078 2839 62 35 tot

1508 2893 62 47 Im
1604 2892 132 47 Staub
1771 2891 87 47 sich
1891 2908 75 28 vor
1998 2890 80 46 mir
2110 2888 173 47 wälzten
2315 2885 89 48 und
2436 2886 80 45 mir
2549 2882 188 48 fluchten

1508 2955 47 47 In
1585 2955 110 46 ihrer
1722 2954 248 45 Todesnot?

1503 3048 136 47 Wenn
1670 3046 176 49 tausend
1876 3044 176 48 tausend
2081 3044 139 52 Väter,
2251 3041 176 52 Mütter,
2459 3039 166 52 Bräute,

1502 3110 59 47 So
1592 3109 205 57 glücklich
1827 3126 75 29 vor
1930 3108 98 46 dem
2059 3106 143 55 Krieg,

1502 3173 103 46 Nun
1635 3171 77 47 alle
1742 3170 134 53 elend,
1906 3169 77 47 alle
2012 3187 113 28 arme
2154 3168 145 50 Leute,

1501 3234 272 55 Wehklagten
1803 3232 104 47 über
1935 3230 141 47 mich?

1502 3323 135 46 Wenn
1669 3321 189 55 Hunger,
1890 3320 102 46 böse
2022 3317 137 47 Seuch
2189 3316 89 46 und
2309 3316 91 45 ihre
2428 3314 144 47 Noten

1503 3384 182 53 Freund,
1717 3382 169 47 Freund
1915 3381 90 46 und
2035 3378 131 48 Feind
2196 3379 64 44 ins
2290 3376 118 48 Grab

1500 3444 345 52 Versammelten,
1873 3443 90 47 und
1990 3443 79 45 mir
2096 3461 53 26 zu
2176 3439 139 47 Ehren
2344 3438 173 48 krähten

1500 3509 95 46 Von
1625 3508 113 46 einer
1766 3505 130 48 Leich
1925 3504 156 47 herab?

1500 3601 97 47 Was
1620 3599 93 48 hülf
1735 3600 80 46 mir
1837 3597 119 47 Krön
1978 3596 89 47 und
2090 3595 121 47 Land
2232 3595 91 47 und
2345 3593 116 48 Gold
2483 3594 90 47 und
2595 3592 139 49 Ehre?

1500 3664 83 46 Die
1613 3663 183 46 könnten
1827 3660 109 46 mich
1966 3658 116 46 nicht
2110 3657 143 47 freun!

1502 3724 31 47 ’s
1563 3726 53 45 ist
1645 3724 128 47 leider
1802 3722 130 55 Krieg
1959 3719 89 47 und
2077 3719 67 47 ich
2174 3719 180 57 begehre

1499 3787 132 46 Nicht
1658 3784 160 49 Schuld
1845 3784 127 46 daran
2000 3801 53 28 zu
2081 3782 109 46 sein!
