3289 4572
595 434 37 43 12

593 570 105 46 Lilie
722 569 150 55 pochte
895 566 126 46 daher
1044 560 195 49 zunächst
1263 555 169 53 höflich,
1459 555 110 46 dann
1595 553 96 46 aber
1715 563 67 35 ent-

592 631 193 46 schieden
809 649 64 31 an,
898 627 87 46 und
1009 625 56 46 als
1089 620 193 48 niemand
1305 618 170 50 öfmete,
1501 615 77 46 rief
1601 633 43 28 er
1669 614 109 45 mehr-

594 692 101 46 mals
723 692 76 45 mit
826 686 292 59 prachtvollem
1145 678 367 51 Stimmaufwand:

597 763 217 53 „Fräulein
844 758 221 48 Füllmich!

594 824 205 46 Mathilde
825 839 81 28 war
933 818 106 47 noch
1067 818 145 44 immer
1239 810 279 55 ohnmächtig,
1547 828 77 35 zog
1652 827 43 27 es
1722 807 86 45 also

594 903 85 34 vor,
726 885 109 45 seine
879 878 253 56 dringenden
1176 873 161 49 Anrufe
1381 872 329 46 unbeantwortet
1755 887 52 26 zu

593 946 144 46 lassen.
783 944 192 53 Dagegen
1005 938 164 55 erklang
1199 956 65 26 ein
1294 934 128 51 Echo,
1453 932 87 46 und
1571 951 50 25 zu
1651 949 156 27 seinem

593 1009 145 44 hassen
766 1004 240 49 Erstaunen,
1051 1019 73 27 aus
1152 997 189 47 offenbar
1369 992 254 48 männlicher
1652 990 155 47 Kehle:

596 1075 250 56 „Füllmich!
890 1073 78 46 Ein
998 1084 131 33 netter
1162 1065 266 59 Imperativ!“

595 1138 103 46 Lilie
722 1154 82 29 war
829 1135 276 46 vollkommen
1131 1130 169 57 perplex
1324 1128 88 46 und
1437 1125 102 48 warf
1564 1124 87 47 sich
1679 1143 128 36 gegen

595 1200 65 45 die
689 1198 103 51 Tür,
823 1196 82 46 daß
935 1196 57 47 sie
1022 1193 195 47 dröhnte:

597 1269 111 54 „Auf
738 1269 73 46 der
842 1266 125 47 Stelle
997 1264 190 47 öffnen!“

595 1330 158 48 Darauf
785 1328 174 57 geschah
993 1346 124 26 innen
1150 1325 67 46 die
1249 1323 179 55 eifrigste
1460 1321 220 53 Beratung.
1729 1317 79 46 Ein

595 1390 300 48 blitzschneller
934 1386 227 48 Entschluß
1200 1385 141 46 wurde
1380 1381 152 57 gefaßt.
1587 1381 105 45 Man
1732 1398 76 36 zog

596 1454 67 45 die
684 1452 217 54 Vorhänge
922 1449 82 52 auf,
1028 1449 87 45 und
1138 1446 130 47 durch
1291 1445 67 46 die
1380 1442 235 57 geöffneten
1639 1441 169 46 Fenster

597 1515 73 45 des
705 1526 132 34 ersten
872 1511 182 51 Stockes,
1090 1510 73 45 der
1198 1506 216 56 eigentlich
1449 1522 80 28 nur
1563 1505 66 45 ein
1666 1502 114 46 Hoch-

599 1588 178 44 parterre
811 1591 95 34 war,
945 1590 200 37 sprangen
1181 1567 94 47 fünf
1311 1566 187 47 ziemlich
1536 1565 273 55 ramponierte

599 1637 189 54 Elegants
819 1634 87 46 und
939 1632 183 55 begaben
1155 1630 86 47 sich
1274 1628 245 47 unbemerkt
1635 1625 70 47 auf
1737 1626 73 44 der

600 1698 146 45 Straße
786 1695 171 56 spielten
999 1694 41 45 in
1082 1693 132 46 dieser
1254 1687 437 57 Nachmittagsstunde
1733 1704 78 28 nur

600 1759 131 46 kleine
749 1757 159 45 Kinder
992 1756 42 45 in
1051 1754 64 46 ihr
1131 1753 139 46 Hotel.
1301 1752 82 45 Die
1399 1750 211 46 Mädchen
1627 1748 184 47 öffneten

601 1818 144 47 darauf
773 1819 67 44 die
868 1817 91 45 Tür
988 1816 88 45 und
1107 1815 256 46 motivierten
1394 1812 76 46 alle
1500 1811 311 46 Seltsamkeiten

601 1881 142 50 damit,
779 1879 81 45 daß
896 1879 57 45 sie
989 1877 132 46 Lilien
1157 1874 218 52 erzählten,
1412 1874 67 45 die
1515 1872 204 46 Füllmich
1755 1871 56 46 sei

602 1940 264 55 ohnmächtig
884 1938 295 56 umgesunken,
1201 1937 105 45 habe
1326 1936 56 45 im
1404 1934 137 46 Fallen
1562 1934 72 46 das
1655 1933 131 45 Kathe-

602 2003 72 45 der
691 2020 265 36 umgerissen,
975 1999 87 46 und
1080 1999 52 45 da
1150 2018 94 26 man
1263 2017 58 27 sie
1339 1997 105 45 habe
1461 1995 108 46 ihrer
1587 1994 198 46 umschnü-

602 2063 154 47 renden
774 2062 169 45 Kleider
959 2060 232 55 entledigen
1207 2058 160 52 wollen,
1387 2058 139 45 hätten
1543 2057 66 45 die
1627 2056 166 45 Fenster-

603 2124 205 54 vorhänge
827 2122 307 55 herabgelassen
1153 2120 164 46 werden
1337 2127 180 37 müssen.
1553 2117 105 46 Lilie
1677 2117 141 45 schien

603 2185 114 46 nicht
745 2185 227 54 abgeneigt,
1003 2182 192 46 Glauben
1225 2202 51 25 zu
1305 2180 220 46 schenken.
1568 2179 74 46 Als
1670 2178 148 56 jedoch

603 2247 67 46 die
709 2245 203 46 Füllmich
952 2244 87 46 sich
1078 2243 132 46 erholt
1249 2243 124 51 hatte,
1414 2241 163 46 machte
1616 2241 58 45 sie
1712 2239 82 46 Aus-

604 2327 122 35 sagen
760 2326 81 26 von
876 2306 171 46 anderer
1082 2304 202 55 Qualität;
1320 2303 219 54 allerdings
1575 2302 153 45 konnte
1764 2321 58 26 sie

603 2369 103 45 über
736 2368 85 52 das,
852 2388 82 25 was
965 2367 86 46 sich
1081 2366 196 46 während
1307 2364 109 47 ihrer
1446 2363 351 48 Geistesabwesen-

607 2430 84 45 heit
732 2430 180 54 ereignet
953 2428 124 53 hatte,
1122 2427 134 46 nichts
1297 2445 212 36 aussagen.
1564 2425 113 45 Aber
1720 2424 105 46 Lilie

607 2492 202 44 erinnerte
839 2489 87 46 sich
955 2491 148 44 immer
1131 2508 82 27 von
1242 2507 150 27 neuem
1420 2488 113 53 jenes
1563 2485 262 46 männlichen

608 2551 149 52 Echos,
779 2552 72 45 das
875 2569 43 27 er
940 2550 144 56 gehört
1106 2570 51 25 zu
1180 2550 134 45 haben
1337 2548 178 56 glaubte,
1538 2549 89 45 und
1648 2566 83 27 war
1754 2547 73 46 der

607 2612 187 52 Ansicht,
830 2612 207 46 Mathilde
1071 2611 96 46 rede
1202 2610 114 46 nicht
1350 2630 73 25 aus
1458 2609 72 46 der
1563 2609 265 54 Verwirrung

609 2674 131 46 durch
766 2674 118 45 einen
908 2673 159 45 Traum
1091 2672 195 46 während
1311 2672 109 45 ihrer
1445 2670 382 56 Bewußtlosigkeit:

610 2755 45 27 so
673 2735 173 45 suchten
865 2735 67 45 die
950 2734 212 46 Mädchen
1181 2733 87 46 sich
1287 2753 52 25 zu
1358 2733 271 54 verteidigen;
1649 2732 179 46 sondern

610 2796 89 46 hier
733 2796 57 45 sei
825 2808 122 33 etwas
982 2795 271 46 Skandalöses
1288 2795 185 54 passiert.
1529 2794 61 45 Im
1630 2793 200 46 Interesse

611 2856 145 57 jedoch
786 2857 72 45 des
889 2869 125 43 guten
1046 2856 128 46 Rufes
1204 2857 132 45 seiner
1366 2854 153 46 Schule
1548 2855 281 45 entschlossen

612 2918 87 46 sich
728 2917 104 47 Lilie
859 2918 87 46 und
976 2917 219 53 Mathilde,
1225 2917 96 46 alles
1350 2916 71 47 auf
1449 2916 87 46 sich
1565 2916 185 46 beruhen
1780 2935 50 26 zu

612 2979 148 46 lassen.
798 2979 121 46 Auch
945 2980 68 45 die
1038 2980 164 45 Damen
1228 2978 141 46 hatten
1396 2977 114 46 nicht
1536 2978 66 45 die
1628 2978 205 55 geringste

614 3040 197 53 Ursache,
836 3041 218 54 jemanden
1079 3041 43 45 in
1146 3041 112 45 diese
1281 3039 231 55 Mysterien
1537 3039 295 45 einzuweihen.

615 3101 69 47 Sie
706 3101 133 46 ließen
861 3102 87 45 sich
971 3119 80 28 nur
1072 3102 318 45 untereinander
1413 3100 41 45 in
1478 3100 178 46 zahllose
1679 3100 129 45 Unter-

617 3161 219 56 haltungen
864 3163 177 45 darüber
1069 3164 81 45 ein.
1193 3162 134 46 Wenn
1355 3180 80 28 nur
1462 3161 67 46 die
1557 3161 136 46 Natur
1720 3161 115 46 nicht

619 3243 79 26 von
729 3243 45 26 so
806 3223 140 47 fataler
981 3224 274 46 Indiskretion
1286 3228 127 41 wäre!
1461 3223 102 46 Und
1594 3223 78 46 wie
1703 3222 131 52 rasch,

619 3283 101 46 Hals
750 3284 101 46 über
882 3284 129 57 Kopf,
1044 3286 133 54 einige
1207 3285 133 45 dieser
1369 3285 154 54 jungen
1554 3284 164 46 Damen
1749 3283 65 46 hei-

621 3357 112 33 raten
764 3345 190 47 mußten!
1001 3347 102 45 Und
1133 3345 155 47 welche
1320 3344 321 56 Überraschung
1672 3345 68 46 für
1771 3345 67 45 die

621 3406 286 54 jugendlichen
926 3407 259 46 Ehemänner
1204 3407 104 46 über
1326 3407 68 46 die
1412 3406 271 46 bildschönen
1705 3406 106 45 Früh-

623 3466 217 55 geburten!
886 3468 207 47 Niemand
1124 3469 106 46 sieht
1261 3468 89 46 hier
1380 3467 114 47 recht
1526 3467 98 47 klar.
1672 3467 57 47 So
1761 3467 78 47 viel

624 3526 107 47 steht
771 3528 97 46 fest:
908 3529 72 46 Als
1020 3531 66 45 die
1126 3530 252 46 Gentlemen
1418 3528 157 47 damals
1615 3530 58 45 im
1714 3528 126 47 Hotel

624 3588 116 46 ihren
767 3589 185 46 sechsten
980 3591 132 46 Mann
1138 3591 71 46 auf
1210 3591 156 46 suchen
1392 3590 180 53 wollten,
1599 3608 83 28 war
1708 3591 133 45 dieser

625 3648 132 56 längst
779 3650 218 55 abgereist;
1021 3672 94 26 man
1140 3652 69 47 hat
1231 3653 67 46 nie
1321 3652 152 46 wieder
1496 3664 123 33 etwas
1642 3651 103 46 über
1769 3651 72 46 ihn

626 3709 206 53 erfahren;
848 3712 85 45 sein
948 3712 133 47 Name
1095 3714 139 45 schien
1249 3714 211 55 gefälscht.
1495 3713 62 46 Im
1571 3712 270 56 allgemeinen

626 3770 259 48 überschätzt
924 3793 94 27 man
1057 3775 80 45 den
1176 3775 276 52 Widerstand,
1492 3773 184 47 welchen
1715 3775 127 46 selbst

628 3832 66 46 die
731 3832 266 48 keuschesten
1033 3834 253 57 Jungfrauen
1323 3836 210 47 männlich
1570 3836 272 55 dringendem

1868 548 180 47 Werben
2072 556 356 46 entgegensetzen.
2468 541 82 46 Die
2574 540 137 46 Natur
2734 540 52 45 ist
2810 538 88 46 hier
2922 536 172 47 anderer

1869 610 207 54 Meinung
2107 609 57 45 als
2196 607 73 45 der
2300 602 280 57 kategorische
2616 601 234 55 Imperativ,
2883 600 133 45 dieser
3048 616 46 26 so

1869 670 268 52 beharrliche,
2168 668 97 46 aber
2293 668 148 44 immer
2470 663 108 47 noch
2608 682 46 26 so
2683 661 214 47 schwache
2926 659 169 55 Gegner

1870 734 72 45 der
1966 732 149 45 Natur.
2156 730 81 45 Die
2262 727 94 47 fünf
2380 726 92 46 sind
2497 724 107 46 noch
2630 724 124 45 heute
2779 722 114 46 nicht
2918 741 80 26 von
3023 720 74 45 der

1871 794 309 54 Überzeugung
2220 790 296 53 abzubringen,
2559 786 82 45 daß
2683 805 59 25 sie
2782 783 116 46 nicht
2940 802 42 25 in
3024 781 73 45 der

1870 855 176 52 Selekta,
2089 852 180 47 sondern
2311 852 42 44 in
2396 850 135 45 einem
2573 845 71 47 auf
2686 863 190 38 perverse
2918 842 180 47 Mucker

1870 928 284 43 zugestutzten
2179 912 165 46 Bordell
2369 929 185 37 gewesen
2579 927 125 32 seien,
2728 907 89 45 und
2841 904 257 47 bewundern

1870 979 147 45 immer
2043 976 152 46 wieder
2221 972 278 56 nachträglich
2526 971 67 45 die
2620 981 166 44 patente
2813 967 188 54 Haltung
3027 965 73 45 der

1869 1039 109 45 alten
1999 1037 222 47 Mathilde.
2258 1035 134 45 Dabei
2414 1051 82 29 war
2517 1033 111 45 diese
2650 1031 66 46 die
2737 1030 156 54 einzige
2913 1026 187 47 wirklich

1872 1098 316 56 Leidtragende.
2227 1098 88 44 Der
2336 1095 157 46 Vorfall
2516 1094 69 45 hat
2608 1094 57 45 sie
2687 1092 115 46 nicht
2825 1108 79 28 nur
2926 1107 150 28 nerven-

1872 1161 127 46 krank
2029 1158 203 58 gemacht,
2263 1158 180 45 sondern
2473 1155 227 47 obendrein
2730 1165 160 33 rumort
2919 1152 43 45 in
2992 1150 110 45 ihrer

1872 1222 375 46 Herzenskammer
2283 1218 74 47 tief
2394 1218 227 55 insgeheim
2658 1216 68 45 die
2764 1214 145 55 Klage,
2947 1210 156 48 welche

1872 1284 59 45 sie
1963 1283 88 46 sich
2084 1283 123 44 kaum
2239 1280 133 46 selber
2404 1278 240 56 eingesteht,
2678 1277 104 45 über
2813 1276 68 45 die
2914 1272 160 48 Zurück-

1873 1357 174 42 setzung
2079 1343 89 45 und
2199 1341 343 54 Verschmähung
2575 1339 109 46 ihrer
2716 1336 221 47 immerhin
2970 1334 102 47 weib-

1870 1406 136 46 lichen
2046 1405 205 54 Vorzüge.
2399 1402 130 45 Trotz
2570 1400 97 46 aller
2706 1396 399 56 Verschwiegenheit

1870 1467 101 46 muß
2006 1466 97 46 aber
2152 1465 108 46 doch
2296 1477 121 33 etwas
2468 1461 328 56 durchgesickert
2831 1459 87 46 und
2952 1479 52 25 an
3039 1457 67 46 die

1870 1546 150 38 engere
2065 1523 319 49 Öffentlichkeit
2429 1525 242 55 gedrungen
2718 1522 107 51 sein;
2872 1521 112 45 denn
3030 1519 77 45 seit

1872 1592 135 53 jenem
2040 1588 159 47 Vorfall
2234 1586 115 46 heißt
2382 1586 73 46 das
2490 1598 88 33 rote
2610 1580 497 57 Töchterschulgebäude

1872 1652 43 44 in
1949 1650 196 46 Schüler-
2178 1649 89 45 und
2302 1666 118 37 sogar
2454 1648 42 44 in
2531 1646 320 46 Lehrerkreisen
2885 1661 80 28 nur
2998 1640 109 48 noch

1871 1713 76 46 der
1976 1711 233 54 „erotische
2238 1708 173 47 Block“.

2099 1788 71 30 Aus
2197 1788 69 29 dem
2298 1785 227 31 Weihnachten
2554 1784 49 30 bei
2628 1784 86 32 Kurt
2737 1782 98 39 Wolff
2860 1781 247 31 erscheinenden

2277 1838 126 32 Roman
2432 1836 89 37 „Die
2552 1836 96 30 Bank
2675 1835 56 30 der
2759 1832 164 40 Spötter“.

2622 1942 138 47 DREI
2798 1940 313 48 GEDICHTE

1875 1947 158 49 HANS
2070 1942 515 52 SCHIEBELHUTH

1880 2061 211 57 Dumpfes
2124 2061 105 45 Lied

1881 2144 153 46 Wisse:
2065 2141 226 47 Zornwind
2322 2142 86 50 ists,
2440 2140 73 45 der
2544 2138 111 46 mich
2687 2138 164 45 heimzu
2883 2149 120 33 zerrt.

1884 2204 213 48 Wutwind
2130 2204 63 45 ins
2227 2201 275 47 Winkelwerk
2533 2200 73 46 der
2639 2199 161 46 Gassen
2834 2209 197 44 gesperrt.

1882 2267 89 45 Aus
2000 2265 192 55 balligem
2222 2262 291 56 Gramgewölk
2540 2261 194 46 teuflisch
2762 2260 139 46 Mond
2930 2259 102 46 loht.

1886 2327 136 56 Giftig
2056 2326 161 46 Irrlicht
2246 2326 73 45 der
2349 2324 148 52 Gosse,
2528 2323 120 46 böses
2679 2322 214 46 Sternbild
2922 2320 138 46 droht.

1885 2408 205 56 Totvögel
2124 2408 136 46 rufen.
2310 2406 205 46 Uhrwerk
2548 2404 157 47 röchelt
2738 2405 58 44 im
2829 2403 151 46 Turm.

1891 2472 62 45 Im
1969 2470 164 47 Gebälk
2146 2470 89 46 und
2251 2468 180 47 Gestühl
2446 2468 73 46 der
2535 2466 205 46 Gebäude
2755 2465 133 56 klopft
2903 2464 214 46 knisternd

2852 2527 73 45 der
2955 2526 161 45 Wurm.

1889 2593 119 53 Lieb,
2037 2593 139 55 sprich
2204 2592 87 52 leis,
2322 2591 76 56 geh
2429 2590 87 52 leis,
2546 2590 184 54 begegne
2758 2590 80 44 mir
2865 2587 129 47 nicht.

1889 2655 119 46 Bleib
2033 2672 74 28 vor
2133 2655 81 45 den
2240 2653 169 46 Bildern
2436 2652 153 46 betend
2615 2652 76 44 mit
2717 2650 187 46 seidnem
2930 2648 189 47 Gesicht.

1889 2742 101 46 Sieh
2020 2742 136 45 meine
2183 2741 115 45 Stirn
2327 2739 116 46 nicht
2470 2759 66 32 an,
2566 2738 136 45 meine
2730 2736 115 47 Stirn
2874 2738 52 45 ist
2954 2736 111 46 blaß.

1891 2802 268 47 Strahlender
2193 2802 89 45 Mai
2286 2815 67 41 tag
2385 2801 117 52 dein;
2537 2801 111 45 mein
2682 2801 57 44 sei
2773 2799 162 45 düstres
2970 2796 151 48 Gelaß,

1892 2864 199 52 Friedlos,
2119 2863 120 46 lidlos
2265 2863 72 45 bin
2363 2862 80 52 ich,
2471 2861 150 46 Hände
2647 2860 109 52 heiß,
2784 2860 116 45 Blick
2925 2856 177 61 schwer,j

1892 2924 253 48 Wahnwach
2167 2926 42 45 in
2230 2924 162 55 gelbem
2413 2923 235 53 Gelächter,
2671 2922 170 51 hortlos,
2863 2921 140 52 ortlos,
3025 2921 97 46 leer.

1895 3027 213 46 Notturne

1896 3110 72 46 Du
1999 3110 116 45 hörst
2144 3110 72 45 das
2248 3109 111 46 Herz
2390 3109 74 45 der
2494 3108 122 46 Stadt
2646 3126 103 37 ganz
2780 3106 98 46 leise
2908 3106 163 57 pochen

1896 3171 147 46 Durch
2074 3171 73 45 der
2173 3171 157 45 Paläste
2361 3170 323 46 Marmorbrust.
2731 3169 87 45 Der
2848 3168 141 53 Wind,

1897 3234 78 45 Ein
2006 3232 119 47 tiefer
2154 3232 220 55 Atemzug,
2407 3230 133 47 streift
2571 3231 68 45 die
2669 3230 160 46 Alleen.

1898 3295 88 45 Der
2013 3295 176 45 tausend
2216 3294 200 46 Brunnen
2445 3292 365 47 Schlummerrede
2838 3291 179 47 rauscht.

1900 3381 81 46 Die
2011 3381 143 46 Flüsse
2183 3382 148 45 rinnen
2360 3380 153 46 silbern
2543 3380 42 45 in
2615 3379 72 45 das
2716 3378 169 46 Dunkel

1900 3443 82 45 Die
1997 3442 105 47 Zeit.
2135 3442 102 46 Und
2253 3461 72 25 aus
2341 3441 231 56 Zypressen
2590 3441 126 45 reden
2731 3441 94 45 wirr
2842 3441 57 45 im
2914 3439 161 47 Traum

1900 3504 264 46 Verworrnes
2194 3504 119 45 Wort
2343 3503 67 45 die
2440 3501 334 56 eingeschlafnen
2805 3502 172 55 Sänger.

1902 3565 88 46 Der
2015 3564 162 47 Grillen
2203 3565 109 45 Laut
2336 3563 223 47 vermischt
2584 3564 88 46 sich
2697 3583 103 36 ganz
2825 3563 73 47 der
2923 3563 153 47 Nacht.

1902 3652 72 46 Du
2007 3651 91 47 hast
2130 3653 64 44 ins
2224 3651 189 46 Astwerk
2444 3651 112 46 einer
2588 3650 156 56 großen
2773 3650 115 47 Pinie

1903 3714 111 46 Dein
2046 3712 247 56 Saitenspiel
2324 3712 191 56 gehängt.
2561 3712 73 46 Du
2665 3712 204 47 möchtest
2900 3712 123 47 ruhn.
3048 3740 11 9 •

1904 3775 87 46 Der
2022 3774 184 47 Lorbeer
2234 3774 136 46 duftet
2399 3794 73 26 aus
2501 3775 82 45 den
2613 3773 234 47 schwarzen
2876 3774 175 47 Gärten.

1905 3836 82 47 Die
2018 3836 211 47 schweren
2262 3836 125 47 Lider
2418 3835 72 48 hat
2520 3836 68 47 die
2619 3836 164 56 Sphinx
2814 3836 183 56 gesenkt.
