3510 4452
594 142 9 9 4

337 175 1479 224 Niedeirheinischc
1917 196 1214 279 Nusik-Zeitung

685 488 194 89 Tür
937 498 366 84 Munsf
1318 498 500 94 freunde
1877 511 238 84 und
2184 506 594 94 Künstler.

113 668 448 92 Herausgegeben
604 694 104 38 von
754 673 272 61 Professor
1056 676 71 61 L.
1153 678 274 87 Bischof.
1557 686 200 91 Verlag
1798 691 94 58 der
1915 691 86 61 M.
2029 691 818 92 DuMont-Sckauberg'schen
2893 701 454 89 Buchhandlung.

177 878 86 59 Nr.
301 878 92 62 40.

1374 883 175 90 KÖLN,
1588 901 47 58 2.
1676 899 213 63 October
1926 902 141 61 1858.

2867 915 75 59 VI.
2982 915 287 63 Jahrgang.

209 1063 226 39 Inhalt.

103 1123 29 25 r
242 1123 47 25 ♦!.
337 1125 34 23 -i
495 1064 107 37 Nocll
633 1078 84 26 eine
748 1070 158 39 Stimme
936 1073 95 38 über
1060 1076 268 51 „Lohengrin«
1359 1081 38 36 in
1426 1081 126 37 Wien.
1585 1104 47 5 -
1665 1083 75 37 Die
1769 1085 126 38 Natur
1922 1087 82 36 und
2034 1089 61 36 die
2123 1090 149 38 Musik.
2316 1092 87 38 Von
2430 1095 144 38 Fetis
2620 1097 105 37 dem
2770 1099 260 39 Aelteren.
3077 1101 180 41 Sehluss.
3289 1124 49 4 -

100 1123 474 49 Beurteilungen:
604 1128 95 38 Drei
727 1132 169 39 Sonaten
927 1137 62 37 für
1016 1137 68 38 das
1115 1139 225 40 Pianoforte
1370 1156 74 25 von
1474 1144 98 37 Karl
1600 1146 126 37 Ritter
1755 1170 47 4 -
1834 1150 106 36 Zehn
1968 1152 154 37 Etüden
2154 1153 62 36 für
2245 1155 70 35 das
2343 1157 222 38 Pianoforte
2604 1172 77 26 von
2710 1162 47 38 A.
2786 1162 158 38 Krause
2971 1186 51 7 -
3050 1164 196 39 Serenade
3276 1167 63 37 für

103 1186 69 36 das
199 1188 224 36 Pianoforte
453 1200 50 24 zu
533 1202 81 25 vier
642 1191 167 40 Händen
838 1209 75 26 von
941 1199 47 36 A.
1018 1200 167 40 Krause.
1215 1224 48 4 -
1294 1205 61 36 An
1385 1207 75 35 den
1486 1208 276 48 Herausgeber
1803 1209 70 37 der
1898 1212 389 40 Niederrheinischen
2317 1217 323 54 Musik-Zeitung
2684 1223 102 47 (Aus
2827 1224 57 39 St.
2931 1224 118 47 Goar,
3093 1227 219 41 Lehrer-Ge-

99 1250 178 47 sangfest
395 1252 183 49 lages-
607 1256 100 37 und
738 1259 560 54 Unterhaltungshlatt
1324 1268 179 49 (Passau,
1534 1271 37 39 J.
1602 1273 44 37 G.
1677 1273 263 38 Mettenleiter
2047 1275 126 49 Wien,
2204 1278 129 51 Oper).

210 1437 137 60 Noch
388 1441 105 59 eine
535 1443 201 62 Stimme
775 1448 127 58 über
940 1449 342 76 „Lohengrin“
1321 1453 50 58 in
1410 1455 156 59 Wien.

221 1579 165 49 Neuen
407 1580 215 52 Werken
641 1585 292 66 gegenüber,
964 1588 73 50 die
1068 1591 119 49 nach
1218 1591 83 51 der
1323 1591 199 54 Absicht
1550 1595 123 51 ihres

100 1655 264 53 Verfassers
395 1660 384 53 reformatorisch
810 1666 198 61 wirken,
1039 1669 72 49 ein
1141 1672 326 68 vollständiges
1492 1675 179 66 System

95 1735 288 70 verkörpern
412 1741 162 60 sollen,
618 1743 94 50 und
754 1763 78 33 um
873 1745 323 55 derentwillen
1232 1768 88 34 von
1357 1754 130 50 einer
1516 1755 130 51 rühri-

96 1834 88 48 gen
216 1819 156 49 Partei
406 1820 319 53 fortwährend
755 1825 158 67 agitirt
943 1828 134 61 wird,
1116 1830 55 50 ist
1201 1832 72 49 die
1306 1833 336 71 baldigst-mög-

96 1895 116 51 liche
228 1898 314 69 Aufführung
565 1903 126 49 nicht
715 1905 152 59 allein,
899 1906 87 50 wie
1012 1908 72 49 bei
1103 1909 136 66 jeder
1261 1913 207 51 anderen
1492 1915 146 51 Kunst-

92 1976 281 70 schöpfung,
397 1997 87 33 von
515 1981 200 68 einigem
735 1985 220 62 Werthe,
986 1989 73 48 ein
1082 1990 90 50 Act
1195 1992 84 49 der
1303 1995 364 68 Gerechtigkeit,

92 2054 60 51 da
175 2055 160 66 jedem
365 2059 242 52 ehrlichen
636 2063 201 50 Streben
870 2066 72 49 ein
972 2066 229 54 ehrliches
1230 2073 182 49 Urtheil
1444 2074 221 67 gebührt,

94 2135 203 51 sondern
339 2140 209 66 zugleich
594 2143 72 49 ein
696 2144 90 49 Act
828 2145 85 50 der
942 2149 241 66 Klugheit,
1226 2153 105 48 weil
1361 2171 81 33 vor
1472 2154 82 51 der
1585 2157 54 49 be-

92 2215 294 69 reitwilligen
419 2220 315 70 Vorführung
773 2225 125 50 eines
932 2228 190 51 solchen
1155 2232 206 50 Werkes
1392 2233 82 51 der
1502 2240 135 61 trüge-

90 2294 148 51 rische
260 2298 218 59 Nimbus,
509 2299 82 51 der
616 2301 81 51 das
718 2307 318 64 systematisch
1061 2309 378 69 Ferngehaltene
1463 2317 200 67 umgibt,

89 2390 87 33 von
207 2375 143 51 selbst
378 2379 352 53 verschwindet.
763 2384 255 51 Gleichwie
1049 2389 85 48 auf
1155 2392 266 67 religiösem
1454 2394 96 51 und
1580 2413 54 50 po-

63 2453 4 72 .
87 2453 243 63 litischem,
368 2474 49 33 so
448 2459 118 51 wird
595 2463 120 48 auch
746 2465 87 49 auf
867 2464 387 57 künstlerischem
1287 2472 193 52 Gebiete
1511 2475 147 50 durch

91 2533 26 49 V
132 2534 250 70 erfolgung
411 2538 106 50 dem
550 2540 308 67 angeblichen
889 2545 87 50 wie
1014 2545 105 52 dem
1150 2549 275 53 wirklichen
1449 2554 204 51 Irrthum

86 2613 27 49 A
132 2615 204 51 orschub
381 2619 224 65 geleistet,
650 2621 226 53 während
920 2624 73 51 die
1036 2628 208 52 Freiheit
1298 2633 359 68 regelmässiger

86 2693 318 71 Verbreitung
434 2699 93 49 und
560 2705 297 63 ungestörter
885 2707 297 69 Erörterung
1210 2710 132 68 jedes
1375 2714 202 51 Wirken
1607 2715 46 50 in

82 2774 174 49 seinem
287 2776 198 51 wahren
515 2780 164 50 Lichte
710 2784 271 51 erscheinen
1013 2787 118 50 lässt.

200 2854 191 52 Diesem
411 2858 290 53 Grundsatze
726 2861 205 69 folgend,
957 2864 155 52 haben
1130 2869 86 48 wir
1239 2887 201 34 unseren
1463 2877 158 47 sämmt-

81 2933 150 49 hehen
261 2935 428 55 Musik-Instituten
720 2944 277 65 gegenüber
1025 2944 72 52 die
1129 2948 313 68 Vorführung
1472 2969 182 33 neuer

83 3013 213 50 Werke
341 3015 66 51 im
453 3019 414 67 Allgemeinen,
898 3024 96 51 und
1022 3043 126 34 zwar
1191 3030 146 50 auch
1374 3030 151 52 dann
1571 3033 54 49 be-

83 3090 267 62 füiwortet,
395 3114 136 32 wenn
562 3117 85 32 wir
675 3109 84 41 mit
788 3102 84 49 der
901 3104 369 55 künstlerischen
1301 3112 237 68 Bichtung
1568 3113 83 49 der

78 3169 324 54 betreffenden
448 3176 253 53 Tonsetzer
740 3182 128 49 nicht
922 3184 354 53 einverstanden
1327 3208 175 34 waren.
1560 3194 88 48 Die

80 3251 306 68 Hauptsache
431 3254 144 52 bleibt
611 3276 182 43 immer,
838 3262 104 49 dass
972 3282 107 32 man
1103 3267 159 64 jedem
1294 3269 354 70 lebensfähigen

76 3330 201 50 Streben
315 3335 193 64 gerecht
548 3336 177 60 werde,
769 3339 122 50 ohne
920 3342 310 53 Unterschied
1273 3347 84 50 der
1398 3352 248 64 speciellen

76 3410 161 60 Form,
280 3420 137 41 unter
459 3415 205 51 welcher
701 3418 95 49 sich
838 3419 146 51 dieses
1014 3423 200 51 Streben
1256 3425 128 52 kund
1414 3429 113 67 gibt.
1585 3433 63 48 Ist

75 3489 125 49 diese
230 3499 121 42 erste
381 3493 167 52 Pflicht
578 3513 149 50 gegen
758 3498 74 49 die
863 3500 252 51 lonsetzer
1144 3503 84 51 der
1252 3507 288 67 Gegenwart
1569 3530 50 30 er-

77 3569 121 60 füllt,
242 3570 123 51 dann
409 3590 124 33 muss
572 3577 117 49 auch
731 3577 83 50 der
844 3580 427 73 Beurtheilung
1300 3587 127 50 ihrer
1456 3590 160 51 Bestre-

75 3648 190 68 bungen
294 3650 84 50 der
401 3654 206 50 weiteste
630 3655 264 68 Spielraum
924 3659 123 51 offen
1073 3660 204 64 bleiben,
1308 3665 123 52 dann
1456 3674 185 46 müssen

72 3729 74 49 die
176 3731 292 65 gesunden
518 3735 334 68 Principien
892 3745 160 61 streng
1080 3744 218 64 gewahrt
1327 3749 206 60 werden,
1564 3752 85 49 auf

72 3810 210 50 welchen
304 3811 158 68 jedes
492 3815 285 51 Kunstwerk
802 3818 261 67 unbedingt
1084 3820 214 52 beruhen
1329 3841 143 47 muss,
1503 3847 138 33 wenn

71 3905 47 33 es
147 3889 159 52 diesen
335 3893 183 49 Namen
548 3894 249 51 verdienen
826 3898 98 49 soll.

190 3970 104 50 Von
324 3971 172 51 diesem
529 3974 389 69 Gesichtspunkte
956 3996 84 33 aus
1083 3979 278 66 betrachtet,
1406 3988 235 51 erscheint

70 4064 82 32 uns
184 4046 72 52 die
279 4050 312 70 Aufführung
622 4054 80 51 des
726 4055 422 69 Wagner'sehen
1559 4083 76 35 am

67 4126 177 55 wiener
285 4130 472 70 Ilof-Operntheater
806 4135 75 51 ein
931 4138 424 67 vielbedeutendes,
1399 4144 236 70 freudiges

66 4206 254 70 Ereigniss,
364 4213 128 52 nicht
529 4222 122 45 etwa
691 4217 64 50 als
797 4217 73 50 ein
900 4218 111 68 Sieg
1054 4219 84 52 der
1164 4238 51 36 so
1244 4232 270 58 genannten
1540 4228 62 51 Zu-

1750 1438 329 62 kunftsmusik,
2109 1445 205 50 sondern
2343 1447 66 49 als
2438 1457 119 42 erste
2580 1452 285 68 Bürgschaft
2888 1457 132 51 einer
3043 1461 282 68 wenigstens

1746 1519 287 57 theilw,eisen
2052 1523 505 75 System-Aenderung
2587 1531 43 49 in
2654 1532 84 51 der
2758 1536 205 68 Leitung
2987 1556 198 34 unserer
3208 1545 88 49 Hof-

1746 1616 131 50 oper,
1907 1617 75 34 wo
2013 1602 75 50 die
2117 1602 161 54 bisher
2306 1608 210 67 gezeigte
2547 1611 154 52 Scheu
2738 1631 80 33 vor
2858 1618 138 50 allem
3026 1621 169 51 Neuen
3228 1623 97 51 und

1745 1679 362 67 Ungewohnten
2137 1683 122 52 denn
2291 1684 120 52 doch
2442 1688 183 52 endlich
2657 1693 128 50 einer
2808 1698 326 69 vernünftigen
3159 1701 136 52 künst-

1742 1759 229 51 lerischen
2000 1762 325 71 Anschauung
2353 1767 128 51 Platz
2513 1772 221 65 gemacht
2763 1773 156 52 haben
2950 1777 169 53 dürfte.

1860 1842 99 48 Der
1997 1840 412 72 durchgreifende,
2453 1848 256 55 theilweise
2749 1854 255 66 glänzende
3034 1859 166 70 Erfolg
3237 1863 82 51 des

2121 1923 74 51 bei
2220 1927 153 49 seiner
2396 1936 154 43 ersten
2566 1931 318 72 Aufführung
2912 1955 75 33 am
3021 1939 81 51 19.
3128 1942 190 69 August

1737 1999 55 50 ist
1822 2017 86 33 von
1953 2000 82 51 der
2079 2013 292 56 gesammten
2401 2018 327 59 competenten
2759 2014 98 51 und
2886 2018 129 51 nicht
3043 2030 243 59 competen-

1737 2087 76 42 ten
1842 2080 178 51 wiener
2048 2083 156 51 Kritik
2235 2086 283 71 einstimmig
2547 2093 245 51 constatirt
2822 2097 209 52 worden.

1858 2162 203 49 Welche
2084 2164 346 54 willkommene
2461 2171 310 67 Gelegenheit
2799 2176 80 49 für
2908 2177 74 51 die
3004 2180 197 68 Organe
3232 2183 85 51 der

1736 2240 184 50 weimai
1935 2242 240 68 -leipziger
2198 2247 174 57 Partei,
2403 2248 73 50 ihr
2507 2251 68 49 Te
2603 2253 156 50 Deum
2791 2256 250 53 laudamus
3064 2263 224 50 anzustim-

1734 2320 133 47 men!
1922 2322 100 49 Das
2068 2323 288 53 verketzerte
2405 2328 149 51 Wien
2597 2332 119 49 wird
2758 2352 98 32 nun
2898 2340 311 52 vermutlich
3251 2343 63 52 im

1732 2399 175 59 Preise,
1953 2400 42 50 d.
2027 2402 44 49 h.
2115 2403 46 50 in
2204 2404 84 51 der
2326 2407 226 70 Achtung
2588 2412 137 66 jener
2767 2416 156 51 Partei
2965 2420 197 67 steigen,
3214 2423 97 50 und

1731 2477 147 52 durch
1910 2480 89 50 den
2030 2483 179 60 Beifall,
2254 2486 90 49 den
2376 2505 47 31 es
2455 2489 301 68 Wagnern
2787 2497 273 64 geschenkt,
3107 2501 96 49 sich
3236 2501 73 52 die

1728 2555 358 73 Anerkennung
2128 2564 250 51 erworben
2418 2566 172 63 haben,
2636 2571 104 49 dass
2784 2591 48 32 es
2883 2577 130 55 „eine

1729 2637 146 51 habe!
1907 2641 356 69 Gegenteilige
2287 2646 385 71 Aeusserungen,
2703 2652 338 56 abweichende
3072 2660 231 61 Urtheile,

1726 2718 200 67 etwaige
1955 2719 367 71 Ausstellungen
2353 2726 189 50 werden
2574 2747 88 32 von
2693 2731 89 50 den
2814 2734 229 68 Organen
3072 2737 85 51 der
3186 2742 87 48 Par-

1724 2797 61 49 tei
1816 2798 331 52 wohlweislich
2190 2804 366 70 verschwiegen,
2601 2808 82 51 der
2714 2813 180 59 Beifall,
2938 2816 84 49 der
3064 2818 238 52 einzelnen

1726 2878 174 48 Stellen
1929 2881 113 64 galt,
2072 2882 120 49 wird
2222 2883 104 51 dem
2353 2903 175 49 ganzen
2555 2889 201 61 Werke,
2787 2892 84 51 der
2894 2896 165 66 Erfolg
3081 2897 81 51 des
3186 2916 86 51 gan-

1724 2975 84 31 zen
1839 2959 208 51 Werkes
2076 2962 118 49 wird
2225 2963 84 51 der
2837 2975 222 53 vindicirt.

1846 3038 112 51 Wir
1986 3038 132 60 aber,
2164 3042 72 49 die
2267 3044 86 50 wir
2382 3046 74 49 die
2484 3048 380 69 Angelegenheit
2904 3055 227 50 vielleicht
3173 3057 122 52 doch

1723 3123 144 43 etwas
1898 3118 356 67 unbefangener
2286 3123 290 62 betrachten,
2620 3129 92 49 und
2735 3129 248 68 jedenfalls
3022 3135 90 50 den
3157 3137 115 51 hiesi-

1722 3212 89 50 gen
1842 3197 160 49 Boden
2034 3198 158 50 besser
2222 3201 200 63 kennen,
2467 3207 66 48 als
2570 3225 170 34 unsere
2772 3212 224 69 Collegen
3026 3216 46 49 in
3101 3217 192 69 Leipzig

1721 3274 95 50 und
1849 3277 233 59 Weimar,
2113 3279 86 50 wir
2230 3287 254 65 vermögen
2514 3287 45 48 in
2592 3288 136 50 allem
2759 3289 125 61 dem,
2930 3312 73 32 wo
3034 3296 127 51 nicht
3189 3298 103 51 eine

1721 3356 298 50 absichtliche
2043 3359 286 70 Täuschung
2353 3362 79 51 des
2453 3364 292 65 Publicums,
2776 3371 119 51 doch
2926 3392 90 31 nur
3044 3376 101 49 eine
3176 3395 114 49 arge

1719 3434 418 71 Selbsttäuschung
2179 3458 55 31 zu
2276 3442 252 54 erblicken.
2585 3448 121 50 Dass
3118 3474 135 50 gege-

1718 3513 107 50 ben
1867 3514 181 63 wurde,
2091 3518 56 50 ist
2176 3519 74 50 ein
2281 3522 182 51 Beweis
2493 3542 87 32 von
2611 3527 82 50 der
2725 3528 366 55 künstlerischen
3123 3535 138 52 Gesin-

1715 3611 129 49 nung
1873 3594 84 50 der
1985 3615 153 35 neuen
2170 3601 258 62 Direction,
2471 3604 130 51 einer
2631 3608 288 70 Gesinnung,
2965 3615 178 49 welche
3184 3617 75 51 hof-

1717 3672 184 51 fentlich
1947 3676 128 52 nicht
2115 3679 136 50 allein
2293 3681 83 50 der
2411 3682 403 66 Zukunftsmusik,
2857 3691 203 52 sondern
3101 3695 188 66 jedem

1715 3752 422 56 bedeutenden
2180 3761 245 50 Talente
2465 3762 84 51 der
2578 3766 287 67 Gegenwart
2899 3790 57 30 zu
2988 3773 123 51 Gute
3154 3776 101 52 kom-

1714 3848 106 33 men
1850 3833 133 52 wird.
2041 3839 119 49 Dass
2203 3837 80 52 das
2312 3841 304 53 Publicum
2659 3844 175 54 diesem
2880 3850 238 54 löblichen
3147 3857 109 50 Fort-

1712 3911 191 52 schritte
1934 3913 295 72 bereitwillig
2258 3927 231 61 entgegen
2519 3923 286 66 gekommen
2842 3928 72 61 ist,
2964 3931 133 52 darin
3139 3936 141 49 sehen

1713 3991 86 49 wir
1841 3993 136 52 einen
2018 4013 152 33 neuen
2206 3999 181 50 Beweis
2430 4002 82 48 für
2554 4002 73 52 die
2657 4006 435 72 Empfänglichkeit
3134 4013 145 51 dieses

1710 4072 273 53 Publicums
2013 4076 94 50 und
2137 4076 164 53 dessen
2331 4081 270 70 Verlangen
2630 4088 122 50 nach
2781 4091 183 51 Neuem
2996 4092 94 50 und
3110 4095 138 48 Besse-

1709 4168 117 35 rem.
1869 4154 122 51 Was
2020 4156 182 50 endlich
2232 4157 90 52 den
2352 4161 214 71 Erfolg
2596 4163 81 54 des
3082 4170 194 63 betrifft,

1709 4248 51 33 so
1803 4233 159 53 halten
2004 4236 86 50 wir
2131 4237 81 51 ihn
2256 4239 80 51 für
2378 4242 103 52 eine
2524 4246 237 53 verdiente
2789 4250 354 69 Anerkennung
3187 4270 88 34 von

2658 4327 71 52 40
