2451 3962
912 367 196 39 NIOOLO
1143 368 258 42 PAGANINI

2144 372 59 51 15

235 508 84 56 La
346 510 239 58 réussite
615 515 71 54 de
713 532 93 39 ces
834 532 134 40 sons
996 517 413 74 harmoniques
1439 518 162 74 exige
1629 539 114 37 une
1771 520 160 57 main
1959 522 237 59 énorme

126 591 59 51 et
221 590 101 54 des
364 591 189 74 doigts
586 596 117 53 très
736 595 183 73 longs.

234 748 111 73 Op.
385 760 68 63 7:
590 756 304 57 Deuxième
949 760 260 56 Concerto
1262 779 71 39 en
1383 762 51 55 si
1486 762 244 57 mineur.
1786 765 218 56 Œuvre
2057 766 105 56 Pos-

125 828 221 58 thume.

234 908 84 56 La
359 915 275 68 première
676 919 189 69 partie
910 920 70 56 de
1024 939 62 38 ce
2147 924 49 53 Co
1436 929 86 49 est
1566 925 143 54 d'un
1749 924 215 57 intérêt
2007 926 189 57 moins

121 993 249 53 soutenu
416 1011 110 54 que
569 997 54 55 le
674 999 257 57 Concerto
980 1020 72 36 en
1095 1004 75 68 ré,
1220 1002 144 56 mais
1413 1005 263 56 contient
1721 1006 327 73 également
2095 1006 101 59 des

122 1085 271 58 passages
447 1080 619 57 extraordinairement
1121 1082 397 59 intéressants.
1575 1086 62 55 U
1646 1086 228 73 Adagio
1927 1106 72 39 en
2106 1094 89 51 est

122 1147 135 56 bien
282 1151 229 75 inspiré.
540 1159 80 54 Le
648 1160 199 56 Finale
879 1162 55 54 la
966 1164 268 54 Clochette
1262 1170 87 50 est
1377 1185 81 37 un
1488 1167 99 55 des
1615 1185 313 38 morceaux
1954 1169 82 56 les
2063 1170 132 72 plus

124 1228 246 60 célèbres
406 1236 69 56 de
508 1239 281 73 Paganini
825 1249 57 49 et
917 1244 158 56 Liszt
1110 1264 72 37 en
1215 1246 68 55 fit
1315 1246 58 55 la
1408 1247 334 73 magistrale
1776 1250 420 72 transcription

121 1311 98 71 qui
275 1329 34 37 a
364 1334 138 37 nom
999 1320 56 53 la
1225 1322 392 73 Campanella.

230 1394 82 54 Le
341 1396 197 58 thème
567 1418 72 38 en
668 1407 88 50 est
787 1405 289 55 ravissant
1109 1425 75 36 au
1213 1407 254 72 possible
1498 1414 59 51 et
1590 1407 141 58 d'un
1753 1410 180 74 esprit
1950 1413 245 58 achevé:

113 2015 57 57 la
205 2018 232 71 période
464 2039 10 35 :

112 2525 57 51 et
204 2522 214 56 celle-ci
444 2547 10 33 :

113 3004 131 49 sont
286 3002 98 55 des
422 3004 338 56 trouvailles
800 3010 304 55 musicales
1143 3032 114 52 que
1296 3017 119 56 l'on
1454 3022 281 61 réentend
1776 3031 144 55 dans
1962 3034 226 61 Chopin

113 3082 57 49 et
216 3079 175 58 Liszt.

225 3159 160 56 Nous
407 3181 268 53 pouvons
697 3166 121 56 dire
840 3186 136 37 sans
1000 3172 221 57 crainte
1245 3177 70 55 de
1337 3182 431 61 contradiction
1792 3208 113 53 que
1927 3194 51 54 le
2003 3199 186 65 grand

116 3239 301 58 violoniste
446 3261 36 36 a
507 3245 126 54 créé
659 3246 57 53 la
744 3248 258 69 majeure
1019 3255 190 67 partie
1237 3257 100 55 des
1364 3257 214 61 formes
1607 3267 145 56 delà
1772 3274 316 70 technique
2106 3278 80 55 du

117 3321 189 53 violon
327 3328 57 49 et
405 3323 57 55 la
483 3342 218 52 preuve
724 3328 69 54 de
814 3330 137 68 ceci,
976 3332 142 55 c'est
1141 3352 114 54 que
1274 3337 83 55 les
1379 3342 397 78 Wieniansky,
1800 3352 387 72 Vieuxtemps

156 3408 242 61 3XciScLte_,
417 3411 108 47 etc.
562 3425 40 34 n
625 3413 103 47 ont
764 3408 107 54 fâit
910 3429 111 51 c[ue
1059 3415 37 52 ci
1117 3432 132 38 user
1285 3420 70 54 de
1389 3439 88 38 ses
1511 3430 294 66 procédés.

224 3479 105 72 Op.
374 3483 50 52 8.
579 3486 75 52 Le
699 3488 242 70 Streghe,
990 3492 76 51 les
1090 3495 291 58 Sorcières.
1428 3502 80 56 Le
1529 3507 197 58 thème
1769 3512 286 73 principal
2098 3525 89 48 est

114 3563 210 52 extrait
351 3565 76 54 du
451 3566 189 54 Ballet
666 3565 70 57 de
758 3568 342 74 Siissmayer
1125 3575 49 54 le
1188 3577 181 57 Nozze
1823 3595 73 55 Ce
1914 3615 272 40 morceau

116 3641 90 49 iut
262 3641 140 56 écrit
461 3664 73 36 en
597 3647 159 67 1813.
