2451 3962
2142 318 54 49 *7

896 326 197 35 NICOLO
1131 323 260 37 PAGANINI

202 481 109 70 Op.
375 495 86 52 13.
616 476 397 55 Introduction
1071 481 47 48 et
1180 472 330 56 Variations
1568 490 99 37 sur
1721 471 130 56 l'air
1907 470 81 55 Di
2043 470 143 55 tanti

85 561 218 72 palpiti
339 558 218 56 extrait
592 558 74 55 de
699 556 240 72 l'Opéra
974 556 73 56 de
1085 553 231 56 Rossini
1355 552 301 55 Tancrède.

200 637 476 60 L'introduction
720 642 91 50 est
856 637 346 55 charmante
1247 640 61 51 et
1353 633 55 56 le
1451 635 200 53 thème
1697 632 347 73 également.
2077 632 109 53 Les

85 722 326 56 variations
444 726 134 51 sont
615 720 102 54 des
751 718 133 73 plus
920 717 326 73 originales.

201 805 112 71 Op.
347 818 86 54 14.
1052 801 270 55 Soixante
1648 798 311 55 variations
1204 815 99 37 sur
1329 796 129 56 l'air

202 884 369 55 Excellentes
624 899 229 37 comme
905 879 381 72 préparation
1339 895 118 37 aux
1510 881 197 51 autres
1759 872 422 75 compositions

88 965 72 56 de
193 964 303 73 Paganini,
531 981 93 37 ces
653 961 327 56 variations
1009 961 170 55 n'ont
1212 976 226 38 aucune
1466 956 357 74 prétention.

204 1047 248 55 Œuvres
484 1063 137 36 sans
656 1044 277 54 numéros
969 1040 243 73 d'Opus.

324 1129 173 54 Sonate
498 1144 33 38 en
1018 1125 57 54 la
638 1124 246 71 majeur.

204 1209 194 54 Petite
425 1206 270 57 sonatine
722 1221 137 39 sans
887 1205 385 71 importance.

337 1290 331 55 Variations
1076 1289 64 53 de
1283 1287 288 53 Bravoure
1005 1301 102 37 sur
1142 1301 84 37 un
1261 1282 201 55 thème
1503 1281 71 55 de
1814 1280 74 56 de
1927 1275 255 71 Rossini,

89 1389 106 55 par
229 1369 206 56 Nicolo
472 1367 302 73 Paganini.

202 1453 273 53 Morceau
513 1451 36 54 à
583 1450 275 53 exécuter
894 1445 385 57 entièrement
1316 1459 98 39 sur
1448 1441 61 56 la
1545 1456 35 55 4
1580 1454 22 24 e
1637 1441 192 55 corde.
1867 1440 83 54 Le
1983 1437 202 56 thème

87 1550 75 37 en
206 1536 89 51 est
338 1533 121 53 très
503 1530 155 55 beau
701 1534 60 49 et
806 1527 81 55 les
931 1524 325 58 variations
1302 1522 103 56 des
1448 1521 132 74 plus
1625 1538 280 38 cocasses.
1954 1517 229 57 Berlioz

88 1611 282 59 déclarait
427 1614 36 53 à
515 1628 216 56 propos
788 1610 72 55 de
913 1606 606 71 l'accompagnement
1578 1601 357 57 d'orchestre
1990 1600 73 56 de
2117 1616 66 40 ce

88 1713 292 49 morceau,
412 1712 115 53 que
558 1689 284 75 Paganini
872 1686 350 57 orchestrait
1250 1685 201 56 mieux
1477 1703 116 53 que
1623 1681 253 57 Rossini.

197 1774 395 56 Introduction
633 1776 48 51 et
720 1770 313 56 variations
1073 1785 102 38 sur
1212 1768 56 54 le
1308 1766 218 69 thème,
1569 1785 24 29 «
1631 1762 119 56 Nel
1791 1779 90 38 cor
1918 1760 109 75 più
2068 1778 115 36 non

94 1858 80 54 mi
309 1861 171 50 sento.»

198 1936 82 56 Le
319 1936 201 55 thème
559 1939 89 51 est
687 1931 221 57 extrait
949 1931 72 55 de
1060 1929 222 73 l'opéra
1325 1928 57 54 la
1423 1925 302 56 Molinara
1768 1925 70 56 de
1880 1920 302 58 Paësiello.

88 2019 243 69 (Thème
379 2035 98 36 sur
525 2015 193 71 lequel
769 2013 344 55 Beethoven
1162 2010 69 53 fit
1282 2008 327 73 également
1662 2004 101 57 des
1811 2001 369 69 variations.)

87 2102 167 54 Cette
299 2117 199 37 œuvre
540 2103 145 67 peut
728 2099 267 67 compter
1035 2090 192 75 parmi
1268 2090 82 56 les
1392 2088 325 57 meilleures
1762 2086 72 56 de
1877 2081 304 76 Paganini,

85 2183 144 54 c'est
257 2180 60 56 la
345 2179 280 72 synthèse
656 2176 71 56 de
756 2194 109 37 son
893 2180 94 50 art
1020 2171 146 58 dans
1197 2190 63 39 ce
1292 2170 145 72 qu'il
1467 2168 164 57 avait
1663 2168 72 55 de
1763 2166 133 73 plus
1926 2164 254 57 saillant.

158 2262 171 54 PDuo
369 2259 299 56 merveille.
712 2256 193 56 Chant
944 2272 145 39 avec
1128 2254 567 71 accompagnement
1748 2249 74 56 de
1895 2244 286 75 pizzicato

85 2344 73 55 de
196 2343 57 54 là
291 2342 161 54 main
488 2338 245 73 gauche.

201 3123 165 54 Trois
408 3121 117 55 airs
567 3121 180 55 variés
788 3139 150 53 pour
977 3121 123 55 être
1141 3121 273 54 exécutés
1453 3138 98 38 sur
1590 3121 58 56 la
1687 3138 37 54 4
1724 3134 21 24 e
1785 3119 174 59 corde
1998 3120 150 58 seule-

84 3209 184 49 ment.

197 3284 368 56 Excellentes
619 3281 408 74 préparations
1080 3299 148 53 pour
1282 3281 81 55 les
1418 3281 322 57 variations
1794 3300 99 38 sur
2163 3302 14 48 ;

88 3364 146 56 dans
265 3364 358 66 l'ensemble,
657 3364 295 53 modestes
981 3361 217 71 petites
1228 3360 207 74 pièces.

313 3446 105 55 Les
610 3446 267 55 Charmes
1227 3444 64 53 de
1433 3444 249 53 Padoue.
1049 3444 322 70 Larghetto
1411 3449 59 48 et
1512 3444 203 56 Presto
1757 3463 72 37 en
2029 3444 111 53 Mor-

84 3543 144 39 ceau
265 3528 118 53 très
419 3524 171 56 facile
626 3529 59 48 et
722 3521 336 58 facilement
1094 3523 237 71 jouable
1367 3540 105 55 par
1508 3524 82 55 les
1628 3524 207 55 élèves.
1876 3521 268 58 Musicale-

85 3613 163 48 ment
284 3604 308 57 médiocre.
