2451 3962
596 1300 287 114 LE
1124 1308 644 119 MOIS

884 1692 585 83 THÉATRES

121 1883 291 59 THÉÂTRE
440 1905 84 38 DE
552 1893 591 73 L'OPÉRA-COMIQUE
1174 1919 11 34 :
1895 1910 71 54 de
1994 1910 235 56 GLUCK.

120 1963 296 64 THÉÂTRE
466 1989 129 41 DES
643 1975 363 62 CAPUCINES
1052 2006 11 35 :
2125 1981 88 53 La
1745 1986 361 62 d'Armande
2159 1992 74 58 de

939 2070 32 72 "'«J
1014 2060 30 84 |

121 2127 292 58 THÉÂTRE
470 2150 122 41 DES
652 2138 667 63 BOUFFES-PARISIENS
1349 2165 10 34 :
1415 2146 288 74 L'ingénu
1761 2150 240 71 libertin,
2057 2156 172 52 conte

232 2212 222 71 galant,
489 2216 73 57 de
592 2220 179 57 Louis
801 2224 217 55 ARTUS
1043 2246 14 50 ;
1090 2226 271 74 musique
1394 2229 69 55 de
1496 2230 218 57 Claude
1744 2232 349 56 TERRASSE.

379 2292 28 9 -
477 2297 17 32 JJ

118 2356 2 23 I
156 2356 3 23 I
159 2356 33 17 —ù
486 2361 5 18 J
581 2359 14 18 \

232 2375 156 73 Trop
428 2378 72 58 de
538 2381 205 75 linges,
785 2390 139 70 trop
967 2387 71 56 de
1079 2389 138 54 bras
1255 2406 132 55 nus,
1429 2396 137 68 trop
1608 2392 71 56 de
1719 2394 297 56 cnémides
2055 2400 60 51 et
2157 2395 71 56 de

119 2453 360 78 chlamydes,
510 2467 139 70 trop
682 2467 70 56 de
784 2484 249 58 casques
1061 2474 237 52 surtout
1325 2493 14 48 ;
1372 2471 149 56 celui
1554 2472 284 58 d'Achille
1869 2480 88 50 est
1999 2476 55 55 le
2097 2475 132 74 plus

120 2538 399 75 emphatique,
568 2564 146 39 avec
762 2566 108 39 son
916 2551 269 71 panache
1234 2552 72 56 de
1353 2552 230 73 plumes
1630 2555 352 57 d'autruche
2027 2556 198 73 grises,

120 2616 99 70 qui
249 2621 278 76 ombrage
557 2644 230 42 comme
820 2631 144 56 d'un
994 2632 128 55 dais
1148 2631 56 57 le
1234 2632 152 74 petit
1419 2634 77 54 M.
1531 2634 198 71 Beyle.
1762 2636 156 73 Trop
1949 2638 72 54 de
2050 2638 140 54 mélo-

121 2695 119 59 dies
273 2720 119 38 aux
423 2709 249 57 courbes
705 2712 225 72 amples
964 2718 60 50 et
1058 2712 186 72 vides,
1279 2719 137 67 trop
1451 2715 305 56 d'accords
1786 2718 269 71 parfaits,
2090 2716 102 55 sim-

120 2779 120 69 ples
275 2800 77 37 ou
386 2790 262 71 arpégés,
686 2796 137 70 trop
860 2794 71 56 de
973 2794 211 57 tierces
1223 2799 63 52 et
1325 2801 137 66 trop
1505 2795 71 56 de
1618 2796 182 55 sixtes
1841 2798 343 55 enchaînées
2210 2818 12 35 :

119 2876 113 40 une
258 2866 269 74 musique
554 2871 271 74 blanche,
842 2879 171 52 toute
1039 2894 75 37 en
1141 2875 218 72 grands
1386 2879 192 68 gestes
1604 2878 101 72 qui
1733 2878 491 68 s'immobilisent,

120 2944 77 67 et,
258 2963 76 36 au
399 2946 165 74 fond,
610 2954 398 57 embarrassée
1081 2955 71 57 de
1239 2973 91 39 ses
1414 2955 183 56 voiles
1681 2958 210 71 qu'elle
1963 2975 72 38 ne
2069 2958 155 67 jsait

121 3022 208 74 draper
356 3045 114 55 que
500 3033 176 57 d'une
703 3036 157 57 seule
887 3038 278 55 manière.
1194 3058 23 30 «
1240 3036 189 57 Noble
1456 3036 312 73 simplicité
1792 3060 22 30 »
1841 3040 73 56 de
1942 3038 206 71 Gluck,
2176 3039 47 57 si

120 3102 253 75 éloignée
403 3111 102 56 des
531 3116 266 57 sombres
823 3118 244 55 ardeurs
1095 3118 315 72 d'Eschyle
1439 3121 214 51 autant
1682 3138 113 53 que
1825 3119 72 57 de
1922 3119 60 56 la
2007 3119 216 57 subtile

121 3185 299 62 harmonie
455 3194 71 56 de
563 3196 287 74 Sophocle
884 3217 82 36 ou
999 3199 101 56 des
1133 3198 408 55 raffinements
1576 3198 383 75 dialectiques
1993 3200 198 57 d'Euri-

120 3266 153 71 pide,
318 3271 133 71 plus
493 3276 261 74 éloignée
797 3298 208 39 encore
1051 3280 103 56 des
1197 3280 166 55 vives
1405 3279 268 56 couleurs
1716 3281 149 56 dont
1907 3281 221 56 brillait
2168 3281 55 56 le

122 3345 336 65 Parthénon
512 3364 188 50 avant
754 3377 66 40 sa
874 3360 187 69 ruine,
1104 3378 79 38 ou
1225 3360 72 55 de
1338 3377 66 37 sa
1444 3363 200 53 statue
1687 3361 127 56 d'or
1855 3365 61 54 et
1959 3361 263 70 d'ivoire,

119 3425 334 65 illuminant
503 3439 85 56 les
615 3440 273 57 ténèbres
917 3443 82 54 du
1024 3440 333 56 sanctuaire
1385 3440 53 55 !..
1469 3440 109 54 Art
1607 3459 131 54 grec
1764 3447 252 52 entrevu
2043 3444 35 53 à
2102 3448 90 49 tra-

121 3524 128 39 vers
271 3513 58 55 la
355 3516 264 60 mollesse
646 3521 102 56 des
770 3523 293 71 répliques
1086 3520 311 70 romaines,
1423 3521 203 70 poètes
1649 3520 90 57 lus
1764 3542 73 37 en
1861 3525 102 55 des
1984 3524 204 55 traduc-

120 3588 155 58 tions
299 3594 314 62 bénévoles
629 3601 100 73 qui
756 3603 125 56 leur
902 3604 133 53 font
1051 3605 199 70 porter
1273 3618 292 55 perruque
1585 3604 120 53 afin
1729 3603 184 56 d'être
1936 3608 251 51 corrects
2206 3621 13 35 :

122 3670 155 57 voilà
310 3675 264 77 l'origine
599 3681 71 59 de
705 3688 139 52 tant
870 3684 532 57 d'enthousiasmes
1437 3681 282 59 illusoires
1742 3689 61 50 et
1833 3683 387 57 d'imitations
