2451 3962
230 290 62 63 §8

759 299 267 36 BULLETIN
1061 298 267 49 FRANÇAIS
1365 298 71 34 DE
1473 298 64 34 LA
1579 297 40 34 S.
1659 297 32 33 I.
1733 298 52 33 M.

236 452 259 53 formant
522 448 382 75 appogiature
928 448 220 55 devant
1169 448 56 55 le
1244 447 238 54 sixième
1506 452 58 48 et
1590 444 275 53 tombant
1889 461 98 35 sur
2009 463 81 34 un
2114 453 198 52 accord

240 533 70 52 de
334 530 358 68 dominante,
717 529 78 52 où
818 528 35 52 il
880 527 179 56 frotte
1084 546 140 37 avec
1249 528 56 55 la
1328 525 290 68 sensible).
1743 523 78 53 Le
1845 524 197 53 thème
2067 524 248 70 juvénile

235 613 223 53 revient
494 612 150 53 alors
675 628 73 36 en
1357 609 56 54 la
876 609 224 55 mineur
1133 617 57 48 et
1224 609 220 73 s'égare
1477 624 131 37 vers
1643 607 100 53 des
1776 605 277 55 tonalités
2090 608 69 52 de
2193 609 121 68 plus

235 710 71 38 en
335 693 130 69 plus
491 692 278 53 sombres.
801 690 173 54 Enfin
1002 690 56 54 la
1086 698 320 62 trompette
1436 688 150 53 tient
1614 703 115 38 une
1759 687 205 70 pédale
1992 687 322 70 supérieure

240 774 18 64 |
307 770 100 67 sol)
408 779 41 46 et
475 772 56 52 la
553 787 232 55 repasse
810 788 74 36 au
909 769 296 70 hautbois,
1233 769 99 71 qui
1359 769 217 55 achève
1601 767 122 53 seul
1747 767 59 53 la
1826 768 232 70 phrase,
2096 784 218 45 comme

235 870 76 35 en
335 852 288 70 expirant,
654 868 96 37 sur
778 851 101 53 des
905 854 242 52 accords
1172 853 345 69 pénétrants
1547 851 78 54 du
1655 853 273 66 quatuor.
1958 848 226 55 Encore
2210 867 104 41 une

233 932 129 67 fois,
402 933 33 52 à
471 933 58 52 la
565 932 324 67 clarinette,
926 932 50 53 le
1014 934 199 52 thème
1249 950 136 36 sous
1421 948 107 37 son
1566 936 199 64 aspect
1802 931 54 52 le
1893 929 131 71 plus
2060 928 255 76 lugubre,

232 1014 370 66 entrecoupé,
650 1013 251 53 exténué
951 1012 391 66 (violoncelles
1380 1018 64 48 et
1493 1012 154 53 altos
1694 1009 234 68 divisés,
1976 1028 142 37 avec
2164 1027 122 39 sour-

233 1092 163 56 dines
423 1115 12 45 ;
463 1092 409 56 tremblement
912 1094 68 52 de
1011 1094 54 52 la
1096 1094 179 70 harpe
1304 1094 277 71 répétant
1610 1092 57 52 la
1698 1091 189 54 même
1917 1096 140 49 note
2089 1108 71 37 en
2190 1108 127 41 sons

231 1174 430 71 harmoniques;
716 1174 150 55 râles
923 1174 69 54 de
1050 1178 152 52 deux
1257 1192 127 38 cors
1440 1172 527 73 progressivement
2023 1174 292 69 bouchés).

232 1256 153 53 Tout
421 1263 85 47 est
545 1256 353 54 consommé.

348 1336 185 68 Alors,
585 1337 168 71 après
799 1352 80 40 un
927 1336 208 57 silence
1185 1336 355 72 angoissant,
1591 1336 142 54 c'est
1782 1336 52 54 le
1884 1334 294 73 désespoir
2225 1337 92 71 qui

230 1418 207 69 éclate,
468 1435 141 37 avec
640 1419 49 54 le
720 1419 197 53 thème
946 1419 305 72 poignant,
1281 1418 257 55 entonné
1566 1435 105 53 par
1700 1421 136 49 tout
1863 1417 336 55 l'orchestre
2231 1422 89 62 (en

235 1501 57 51 la
324 1497 243 70 mineur,
600 1516 226 38 comme
860 1517 76 37 au
966 1501 206 67 début)
1202 1521 13 48 ;
1248 1498 130 71 puis
1409 1498 164 56 vient
1602 1498 59 55 la
1691 1497 359 72 résignation
2083 1498 203 56 doulou-

232 1597 183 50 reuse,
451 1596 142 37 avec
622 1579 55 55 le
708 1585 195 49 verset
931 1579 189 55 initial
1155 1582 79 53 du
1266 1578 216 70 choral,
1516 1581 216 71 exposé
1764 1577 343 74 pianissimo
2140 1596 104 53 par
2272 1581 49 57 le

233 1663 253 69 quatuor
526 1679 142 36 avec
706 1661 291 70 sourdine,
1037 1662 201 56 tandis
1274 1680 111 52 que
1422 1662 59 55 la
1517 1661 223 72 plainte
1782 1662 34 53 à
1850 1659 252 73 laquelle
2138 1661 39 52 il
2216 1661 105 57 fait

233 1741 229 72 cortège
486 1745 86 49 est
597 1743 229 71 répétée
851 1747 155 51 cette
1028 1742 110 57 fois
1162 1760 108 54 par
1290 1759 81 38 un
1394 1742 341 56 violoncelle
1759 1743 142 69 solo,
1929 1743 33 54 à
1987 1743 330 56 découvert.

345 1821 175 54 Enfin
553 1842 79 36 un
664 1822 263 74 épilogue
961 1826 69 54 de
1064 1825 279 71 quelques
1374 1841 256 38 mesures
1661 1822 166 57 suffit
1859 1840 147 57 pour
2038 1822 285 72 exprimer

231 1920 136 38 sous
404 1920 114 38 une
556 1905 185 54 forme
781 1903 131 73 plus
948 1906 277 56 humaine
1265 1907 61 52 et
1365 1906 132 70 plus
1535 1906 455 70 profondément
2029 1905 290 71 ressentie,

231 2001 75 38 ce-
335 2002 112 54 que
486 1985 244 57 l'ombre
772 1988 71 55 de
884 1987 223 56 Lénore
1147 1986 174 54 disait
1362 1990 36 53 à
1439 1986 274 56 Wilhelm
1752 2004 78 39 au
1870 1988 328 72 quatrième
2237 1995 56 47 ta-

231 2065 171 56 bleau
438 2068 79 54 du
893 2067 181 55 Chant
1321 2070 64 53 de
1521 2068 59 54 la
1704 2068 217 55 Cloche.
1213 2068 106 55 Sur
1356 2071 100 53 des
1489 2070 279 54 trémolos
1802 2071 81 55 du
1917 2074 276 67 quatuor,
2227 2070 97 72 qui

231 2147 289 56 semblent
570 2150 103 54 des
717 2147 459 59 frémissements
1224 2150 171 56 d'aile
1444 2154 279 52 montant
1769 2151 322 72 jusqu'aux
2140 2150 181 71 cieux,

230 2227 57 52 la
330 2227 183 74 petite
551 2232 325 68 trompette
918 2230 260 54 bouchée
1219 2234 60 50 et
1321 2249 80 37 un
1445 2230 122 56 alto
1610 2250 144 37 avec
1796 2230 274 57 sourdine
2113 2231 207 70 disent,

232 2324 140 39 avec
401 2310 51 54 le
481 2310 184 54 calme
696 2312 80 54 du
802 2311 270 71 suprême
1094 2328 195 53 repos,
1318 2311 52 56 le
1398 2314 199 54 thème
1629 2315 70 54 de
1727 2314 57 54 la
1813 2312 352 57 bien-aimée
2193 2331 130 38 sous

231 2406 63 37 sa
330 2391 184 55 forme
550 2391 260 55 normale
849 2394 94 64 (en
983 2392 59 54 la
1075 2392 272 71 majeur),
1385 2394 80 54 tel
1502 2394 142 71 qu'il
1680 2413 60 38 se
1778 2401 232 50 montre
2047 2415 119 36 aux
2202 2397 90 55 der-

231 2470 183 54 nières
463 2489 256 38 mesures
767 2472 77 55 du
1548 2471 202 57 Poème
2050 2475 91 53 des
1648 2482 60 49 et
1757 2477 386 71 précisément
2194 2477 130 73 déjà

231 2566 134 40 sous
392 2551 357 74 l'épigraphe
780 2573 8 33 :
823 2555 299 63 (Souvenir
1145 2556 70 66 ?).
1248 2557 97 54 Un
1373 2556 232 71 sanglot
1634 2557 250 73 réprimé
1911 2575 150 38 nous
2089 2560 232 53 ramène

230 2649 76 37 au
339 2632 226 55 mineur
699 2635 500 56 l'enchantement
1233 2645 86 48 est
1354 2637 119 55 fini.

344 2712 145 56 Mais
519 2714 142 71 qu'il
691 2721 89 48 est
811 2717 150 54 donc
992 2717 137 55 vain
1162 2719 70 54 de
1263 2720 310 71 prétendre
1605 2719 298 75 disséquer
1931 2740 117 37 une
2085 2721 240 56 vivante

233 2809 199 40 œuvre
468 2795 153 54 d'art
649 2797 9 54 !
699 2796 152 56 C'est
889 2799 34 52 à
956 2799 168 72 peine
1158 2799 47 54 si
1238 2800 283 71 l'analyse
1557 2808 145 64 peut
1735 2802 146 55 faire
1914 2802 301 74 apprécier
2246 2804 79 56 lés

230 2874 212 57 solides
466 2877 251 70 qualités
740 2879 371 71 extérieures,
1136 2883 59 52 la
1218 2883 233 69 rigueur
1475 2883 514 57 d'enchaînement
2013 2891 61 50 et
2108 2885 186 72 d'équi-

236 2955 136 56 libre
412 2957 166 55 tonal
618 2960 99 70 qui
758 2978 60 35 se
854 2965 347 52 retrouvent
1243 2963 147 57 dans
1430 2969 198 51 toutes
1666 2965 84 55 les
1787 2966 421 71 compositions
2248 2968 76 57 du

230 3037 226 69 maître,
495 3045 57 48 et
593 3058 104 37 son
734 3041 322 57 étonnante
1093 3043 386 73 imagination
1517 3046 524 57 transformatrice.
2089 3049 235 71 Chaque

231 3117 392 56 déformation
645 3123 80 53 du
745 3123 191 69 motif,
959 3123 196 72 plutôt
1178 3126 457 73 psychologique
1657 3145 206 38 encore
1886 3148 113 53 que
2029 3130 292 69 musicale,

231 3203 353 69 correspond
613 3203 34 52 à
675 3220 115 38 une
820 3203 282 58 modalité
1133 3206 350 73 expressive.
1517 3208 80 54 Et
1627 3228 81 37 un
1740 3210 177 55 motif
1943 3213 73 54 de
2047 3211 277 73 quelques

227 3284 172 51 notes
438 3288 141 64 peut
611 3283 120 57 être
772 3284 47 53 si
858 3285 212 59 fécond
1111 3307 113 52 que
1261 3305 120 40 non
1411 3290 324 56 seulement
1775 3293 228 56 celui-ci
2043 3294 193 55 anime
2274 3294 50 55 le

227 3359 206 56 Poème
477 3363 95 53 des
616 3370 332 67 montagnes
993 3374 57 50 et
1096 3369 52 56 le
1192 3371 209 70 poème
1435 3373 70 53 de
1550 3373 310 56 Souvenirs
1905 3380 137 51 tout
2093 3375 228 71 entiers,

227 3441 147 55 mais
401 3462 112 52 que
538 3462 150 38 nous
712 3446 229 56 l'avons
964 3451 274 55 retrouvé
1266 3451 146 55 dans
1436 3454 137 56 telle
1599 3459 169 52 autre
1796 3472 201 40 œuvre
2024 3459 81 53 du
2138 3457 185 55 même

226 3526 227 66 auteur,
489 3530 58 48 et
585 3543 131 55 que,
749 3529 196 55 réduit
983 3530 35 54 à
1051 3549 89 37 ses
1173 3531 146 56 trois
1351 3533 314 72 premières
1696 3539 190 69 notes,
1921 3537 41 54 il
1995 3542 90 52 est
2123 3554 202 40 encore

218 3603 54 54 le
296 3611 213 49 ressort
534 3605 226 59 interne
788 3610 173 56 d'une
988 3617 167 50 autre
1181 3615 218 69 grande
1426 3617 390 71 composition
1844 3619 118 55 très
1997 3618 326 71 différente,
