<?xml version="1.0" encoding="UTF-8"?>
<alto xmlns:xsi="http://www.w3.org/2001/XMLSchema-instance" xmlns="http://www.loc.gov/standards/alto/ns-v2#" xsi:schemaLocation="http://www.loc.gov/standards/alto/ns-v2# http://www.loc.gov/standards/alto/alto-v2.0.xsd" xmlns:xlink="http://www.w3.org/1999/xlink">
	<Description>
		<MeasurementUnit>mm10</MeasurementUnit>
		<sourceImageInformation>
			<fileName>//fileserver7/IN2/Princeton/Batch3/bmtnabh/1908/01/15_01/00000110.tif</fileName>
		</sourceImageInformation>
		<OCRProcessing ID="OCRPROCESSING_1">
			<preProcessingStep>
				<processingSoftware>
					<softwareCreator>CCS Content Conversion Specialists GmbH, Germany</softwareCreator>
					<softwareName>CCS docWORKS</softwareName>
					<softwareVersion>6.6-1.18</softwareVersion>
				</processingSoftware>
			</preProcessingStep>
			<ocrProcessingStep>
				<processingSoftware>
					<softwareCreator>ABBYY (BIT Software), Russia</softwareCreator>
					<softwareName>FineReader</softwareName>
					<softwareVersion>10.0</softwareVersion>
				</processingSoftware>
			</ocrProcessingStep>
		</OCRProcessing>
	</Description>
	<Styles>
		<TextStyle ID="TXT_0" FONTSIZE="17" FONTFAMILY="Times New Roman"/>
		<TextStyle ID="TXT_1" FONTSIZE="14" FONTFAMILY="Times New Roman"/>
		<TextStyle ID="TXT_2" FONTSIZE="20" FONTFAMILY="Times New Roman"/>
		<TextStyle ID="TXT_3" FONTSIZE="20" FONTFAMILY="Times New Roman" FONTSTYLE="italics"/>
		<TextStyle ID="TXT_4" FONTSIZE="19" FONTFAMILY="Times New Roman" FONTSTYLE="italics"/>
		<TextStyle ID="TXT_5" FONTSIZE="13" FONTFAMILY="Times New Roman" FONTSTYLE="bold italics"/>
		<ParagraphStyle ID="PAR_LEFT" ALIGN="Left"/>
		<ParagraphStyle ID="PAR_RIGHT" ALIGN="Right"/>
		<ParagraphStyle ID="PAR_BLOCK" ALIGN="Block"/>
	</Styles>
	<Layout>
		<Page ID="P101" PHYSICAL_IMG_NR="101" HEIGHT="3962" WIDTH="2451" PC="0.952">
			<TopMargin ID="P101_TM00001" HPOS="0" VPOS="0" WIDTH="2451" HEIGHT="361">
				<TextBlock ID="P101_TB00001" HPOS="218" VPOS="306" WIDTH="66" HEIGHT="55" STYLEREFS="TXT_0 PAR_LEFT">
					<TextLine ID="P101_TL00001" HPOS="219" VPOS="308" WIDTH="64" HEIGHT="51">
						<String ID="P101_ST00001" HPOS="219" VPOS="308" WIDTH="64" HEIGHT="51" CONTENT="92" WC="0.72" CC="05"/>
					</TextLine>
				</TextBlock>
				<TextBlock ID="P101_TB00002" HPOS="756" VPOS="307" WIDTH="1029" HEIGHT="51" STYLEREFS="TXT_1 PAR_RIGHT">
					<TextLine ID="P101_TL00002" HPOS="757" VPOS="308" WIDTH="1028" HEIGHT="50">
						<String ID="P101_ST00002" HPOS="757" VPOS="308" WIDTH="268" HEIGHT="34" CONTENT="BULLETIN" WC="0.99" CC="50320033"/>
						<SP ID="P101_SP00001" HPOS="1025" VPOS="342" WIDTH="35"/>
						<String ID="P101_ST00003" HPOS="1060" VPOS="308" WIDTH="262" HEIGHT="50" CONTENT="FRANÇAIS" WC="0.99" CC="24400000"/>
						<SP ID="P101_SP00002" HPOS="1322" VPOS="358" WIDTH="40"/>
						<String ID="P101_ST00004" HPOS="1362" VPOS="309" WIDTH="72" HEIGHT="33" CONTENT="DE" WC="0.56" CC="62"/>
						<SP ID="P101_SP00003" HPOS="1434" VPOS="358" WIDTH="35"/>
						<String ID="P101_ST00005" HPOS="1469" VPOS="309" WIDTH="66" HEIGHT="36" CONTENT="LA" WC="0.74" CC="05"/>
						<SP ID="P101_SP00004" HPOS="1535" VPOS="358" WIDTH="41"/>
						<String ID="P101_ST00006" HPOS="1576" VPOS="309" WIDTH="39" HEIGHT="36" CONTENT="S." WC="1.00" CC="00"/>
						<SP ID="P101_SP00005" HPOS="1615" VPOS="358" WIDTH="43"/>
						<String ID="P101_ST00007" HPOS="1658" VPOS="311" WIDTH="32" HEIGHT="33" CONTENT="I." WC="1.00" CC="00"/>
						<SP ID="P101_SP00006" HPOS="1690" VPOS="358" WIDTH="43"/>
						<String ID="P101_ST00008" HPOS="1733" VPOS="312" WIDTH="52" HEIGHT="34" CONTENT="M." WC="1.00" CC="00"/>
					</TextLine>
				</TextBlock>
			</TopMargin>
			<LeftMargin ID="P101_LM00001" HPOS="0" VPOS="360" WIDTH="203" HEIGHT="3325"/>
			<RightMargin ID="P101_RM00001" HPOS="2318" VPOS="360" WIDTH="133" HEIGHT="3325"/>
			<BottomMargin ID="P101_BM00001" HPOS="0" VPOS="3685" WIDTH="2451" HEIGHT="277"/>
			<PrintSpace ID="P101_PS00001" HPOS="203" VPOS="360" WIDTH="2115" HEIGHT="3325">
				<TextBlock ID="P101_TB00003" HPOS="203" VPOS="453" WIDTH="2115" HEIGHT="3232" STYLEREFS="TXT_2 PAR_BLOCK">
					<TextLine ID="P101_TL00003" HPOS="221" VPOS="454" WIDTH="2096" HEIGHT="74">
						<String ID="P101_ST00009" HPOS="221" VPOS="454" WIDTH="104" HEIGHT="55" CONTENT="lité" WC="0.80" CC="1600"/>
						<SP ID="P101_SP00007" HPOS="325" VPOS="509" WIDTH="20"/>
						<String ID="P101_ST00010" HPOS="345" VPOS="456" WIDTH="238" HEIGHT="68" CONTENT="sereine," WC="0.99" CC="04500204"/>
						<SP ID="P101_SP00008" HPOS="583" VPOS="524" WIDTH="22"/>
						<String ID="P101_ST00011" HPOS="605" VPOS="456" WIDTH="133" HEIGHT="71" CONTENT="plus" WC="0.97" CC="2073"/>
						<SP ID="P101_SP00009" HPOS="738" VPOS="527" WIDTH="21"/>
						<String ID="P101_ST00012" HPOS="759" VPOS="454" WIDTH="273" HEIGHT="55" CONTENT="d'ardeur" WC="0.99" CC="10050065"/>
						<SP ID="P101_SP00010" HPOS="1032" VPOS="527" WIDTH="18"/>
						<String ID="P101_ST00013" HPOS="1050" VPOS="461" WIDTH="60" HEIGHT="48" CONTENT="et" WC="0.94" CC="10"/>
						<SP ID="P101_SP00011" HPOS="1110" VPOS="527" WIDTH="21"/>
						<String ID="P101_ST00014" HPOS="1131" VPOS="457" WIDTH="71" HEIGHT="55" CONTENT="de" WC="0.67" CC="60"/>
						<SP ID="P101_SP00012" HPOS="1202" VPOS="527" WIDTH="22"/>
						<String ID="P101_ST00015" HPOS="1224" VPOS="456" WIDTH="112" HEIGHT="68" CONTENT="vie," WC="0.99" CC="0004"/>
						<SP ID="P101_SP00013" HPOS="1336" VPOS="527" WIDTH="23"/>
						<String ID="P101_ST00016" HPOS="1359" VPOS="476" WIDTH="148" HEIGHT="52" CONTENT="pour" WC="0.98" CC="2206"/>
						<SP ID="P101_SP00014" HPOS="1507" VPOS="528" WIDTH="19"/>
						<String ID="P101_ST00017" HPOS="1526" VPOS="462" WIDTH="136" HEIGHT="50" CONTENT="tout" WC="1.00" CC="1000"/>
						<SP ID="P101_SP00015" HPOS="1662" VPOS="528" WIDTH="23"/>
						<String ID="P101_ST00018" HPOS="1685" VPOS="454" WIDTH="140" HEIGHT="58" CONTENT="dire." WC="0.99" CC="00603"/>
						<SP ID="P101_SP00016" HPOS="1825" VPOS="528" WIDTH="24"/>
						<String ID="P101_ST00019" HPOS="1849" VPOS="458" WIDTH="113" HEIGHT="55" CONTENT="Pas" WC="0.96" CC="640"/>
						<SP ID="P101_SP00017" HPOS="1962" VPOS="528" WIDTH="18"/>
						<String ID="P101_ST00020" HPOS="1980" VPOS="457" WIDTH="54" HEIGHT="57" CONTENT="le" WC="0.95" CC="00"/>
						<SP ID="P101_SP00018" HPOS="2034" VPOS="528" WIDTH="21"/>
						<String ID="P101_ST00021" HPOS="2055" VPOS="460" WIDTH="262" HEIGHT="61" CONTENT="moindre" WC="0.99" CC="0007060"/>
					</TextLine>
					<TextLine ID="P101_TL00004" HPOS="219" VPOS="534" WIDTH="2098" HEIGHT="78">
						<String ID="P101_ST00022" HPOS="219" VPOS="542" WIDTH="201" HEIGHT="66" CONTENT="raptus" WC="0.50" CC="760735" STYLEREFS="TXT_3"/>
						<SP ID="P101_SP00019" HPOS="420" VPOS="608" WIDTH="28"/>
						<String ID="P101_ST00023" HPOS="448" VPOS="537" WIDTH="24" HEIGHT="53" CONTENT="!" WC="1.00" CC="0" STYLEREFS="TXT_3"/>
						<SP ID="P101_SP00020" HPOS="472" VPOS="608" WIDTH="23"/>
						<String ID="P101_ST00024" HPOS="495" VPOS="537" WIDTH="166" HEIGHT="67" CONTENT="(c'est" WC="0.99" CC="303000"/>
						<SP ID="P101_SP00021" HPOS="661" VPOS="608" WIDTH="24"/>
						<String ID="P101_ST00025" HPOS="685" VPOS="534" WIDTH="149" HEIGHT="56" CONTENT="ainsi" WC="0.99" CC="00400"/>
						<SP ID="P101_SP00022" HPOS="834" VPOS="608" WIDTH="23"/>
						<String ID="P101_ST00026" HPOS="857" VPOS="551" WIDTH="113" HEIGHT="55" CONTENT="que" WC="0.96" CC="560"/>
						<SP ID="P101_SP00023" HPOS="970" VPOS="608" WIDTH="20"/>
						<String ID="P101_ST00027" HPOS="990" VPOS="534" WIDTH="54" HEIGHT="55" CONTENT="le" WC="1.00" CC="00"/>
						<SP ID="P101_SP00024" HPOS="1044" VPOS="608" WIDTH="24"/>
						<String ID="P101_ST00028" HPOS="1068" VPOS="537" WIDTH="211" HEIGHT="56" CONTENT="maître" WC="1.00" CC="000020"/>
						<SP ID="P101_SP00025" HPOS="1279" VPOS="608" WIDTH="24"/>
						<String ID="P101_ST00029" HPOS="1303" VPOS="538" WIDTH="261" HEIGHT="71" CONTENT="appelait" WC="1.00" CC="09000000"/>
						<SP ID="P101_SP00026" HPOS="1564" VPOS="609" WIDTH="22"/>
						<String ID="P101_ST00030" HPOS="1586" VPOS="555" WIDTH="90" HEIGHT="38" CONTENT="ses" WC="1.00" CC="000"/>
						<SP ID="P101_SP00027" HPOS="1676" VPOS="609" WIDTH="23"/>
						<String ID="P101_ST00031" HPOS="1699" VPOS="540" WIDTH="165" HEIGHT="53" CONTENT="accès" WC="1.00" CC="00001"/>
						<SP ID="P101_SP00028" HPOS="1864" VPOS="609" WIDTH="23"/>
						<String ID="P101_ST00032" HPOS="1887" VPOS="540" WIDTH="71" HEIGHT="54" CONTENT="de" WC="0.93" CC="01"/>
						<SP ID="P101_SP00029" HPOS="1958" VPOS="609" WIDTH="22"/>
						<String ID="P101_ST00033" HPOS="1980" VPOS="540" WIDTH="337" HEIGHT="72" CONTENT="brusquerie" WC="0.99" CC="0060460000"/>
					</TextLine>
					<TextLine ID="P101_TL00005" HPOS="222" VPOS="613" WIDTH="2095" HEIGHT="78">
						<String ID="P101_ST00034" HPOS="222" VPOS="623" WIDTH="60" HEIGHT="50" CONTENT="et" WC="1.00" CC="00"/>
						<SP ID="P101_SP00030" HPOS="282" VPOS="673" WIDTH="38"/>
						<String ID="P101_ST00035" HPOS="320" VPOS="634" WIDTH="89" HEIGHT="39" CONTENT="ses" WC="1.00" CC="000"/>
						<SP ID="P101_SP00031" HPOS="409" VPOS="673" WIDTH="35"/>
						<String ID="P101_ST00036" HPOS="444" VPOS="634" WIDTH="182" HEIGHT="53" CONTENT="coups" WC="0.98" CC="50600"/>
						<SP ID="P101_SP00032" HPOS="626" VPOS="687" WIDTH="39"/>
						<String ID="P101_ST00037" HPOS="665" VPOS="617" WIDTH="71" HEIGHT="53" CONTENT="de" WC="1.00" CC="00"/>
						<SP ID="P101_SP00033" HPOS="736" VPOS="687" WIDTH="37"/>
						<String ID="P101_ST00038" HPOS="773" VPOS="613" WIDTH="260" HEIGHT="69" CONTENT="boutoir)" WC="0.99" CC="07606024"/>
						<SP ID="P101_SP00034" HPOS="1033" VPOS="687" WIDTH="30"/>
						<String ID="P101_ST00039" HPOS="1063" VPOS="636" WIDTH="14" HEIGHT="47" CONTENT=";" WC="1.00" CC="9"/>
						<SP ID="P101_SP00035" HPOS="1077" VPOS="687" WIDTH="39"/>
						<String ID="P101_ST00040" HPOS="1116" VPOS="622" WIDTH="60" HEIGHT="48" CONTENT="et" WC="1.00" CC="00"/>
						<SP ID="P101_SP00036" HPOS="1176" VPOS="687" WIDTH="38"/>
						<String ID="P101_ST00041" HPOS="1214" VPOS="618" WIDTH="156" HEIGHT="54" CONTENT="voilà" WC="1.00" CC="03000"/>
						<SP ID="P101_SP00037" HPOS="1370" VPOS="687" WIDTH="36"/>
						<String ID="P101_ST00042" HPOS="1406" VPOS="637" WIDTH="82" HEIGHT="37" CONTENT="un" WC="0.65" CC="60"/>
						<SP ID="P101_SP00038" HPOS="1488" VPOS="687" WIDTH="40"/>
						<String ID="P101_ST00043" HPOS="1528" VPOS="618" WIDTH="344" HEIGHT="55" CONTENT="Beethoven" WC="0.99" CC="504056006"/>
						<SP ID="P101_SP00039" HPOS="1872" VPOS="687" WIDTH="37"/>
						<String ID="P101_ST00044" HPOS="1909" VPOS="623" WIDTH="135" HEIGHT="68" CONTENT="trop" WC="0.97" CC="0570"/>
						<SP ID="P101_SP00040" HPOS="2044" VPOS="691" WIDTH="38"/>
						<String ID="P101_ST00045" HPOS="2082" VPOS="622" WIDTH="235" HEIGHT="59" CONTENT="homme" WC="1.00" CC="30000"/>
					</TextLine>
					<TextLine ID="P101_TL00006" HPOS="223" VPOS="696" WIDTH="2094" HEIGHT="75">
						<String ID="P101_ST00046" HPOS="223" VPOS="698" WIDTH="80" HEIGHT="55" CONTENT="du" WC="0.75" CC="05"/>
						<SP ID="P101_SP00041" HPOS="303" VPOS="753" WIDTH="35"/>
						<String ID="P101_ST00047" HPOS="338" VPOS="698" WIDTH="229" HEIGHT="54" CONTENT="monde." WC="0.99" CC="070004"/>
						<SP ID="P101_SP00042" HPOS="567" VPOS="753" WIDTH="38"/>
						<String ID="P101_ST00048" HPOS="605" VPOS="696" WIDTH="92" HEIGHT="54" CONTENT="On" WC="1.00" CC="00"/>
						<SP ID="P101_SP00043" HPOS="697" VPOS="753" WIDTH="33"/>
						<String ID="P101_ST00049" HPOS="730" VPOS="714" WIDTH="34" HEIGHT="35" CONTENT="a" WC="1.00" CC="0"/>
						<SP ID="P101_SP00044" HPOS="764" VPOS="753" WIDTH="32"/>
						<String ID="P101_ST00050" HPOS="796" VPOS="714" WIDTH="212" HEIGHT="49" CONTENT="connu," WC="0.98" CC="060364"/>
						<SP ID="P101_SP00045" HPOS="1008" VPOS="763" WIDTH="36"/>
						<String ID="P101_ST00051" HPOS="1044" VPOS="714" WIDTH="76" HEIGHT="36" CONTENT="au" WC="0.63" CC="07"/>
						<SP ID="P101_SP00046" HPOS="1120" VPOS="763" WIDTH="34"/>
						<String ID="P101_ST00052" HPOS="1154" VPOS="698" WIDTH="267" HEIGHT="55" CONTENT="Châtelet" WC="0.84" CC="39000000"/>
						<SP ID="P101_SP00047" HPOS="1421" VPOS="763" WIDTH="33"/>
						<String ID="P101_ST00053" HPOS="1454" VPOS="698" WIDTH="209" HEIGHT="69" CONTENT="même," WC="0.99" CC="00004"/>
						<SP ID="P101_SP00048" HPOS="1663" VPOS="767" WIDTH="37"/>
						<String ID="P101_ST00054" HPOS="1700" VPOS="698" WIDTH="102" HEIGHT="56" CONTENT="des" WC="1.00" CC="000"/>
						<SP ID="P101_SP00049" HPOS="1802" VPOS="767" WIDTH="30"/>
						<String ID="P101_ST00055" HPOS="1832" VPOS="698" WIDTH="485" HEIGHT="73" CONTENT="interprétations" WC="1.00" CC="300060600000000"/>
					</TextLine>
					<TextLine ID="P101_TL00007" HPOS="221" VPOS="776" WIDTH="565" HEIGHT="73">
						<String ID="P101_ST00056" HPOS="221" VPOS="777" WIDTH="133" HEIGHT="72" CONTENT="plus" WC="1.00" CC="0000"/>
						<SP ID="P101_SP00050" HPOS="354" VPOS="849" WIDTH="48"/>
						<String ID="P101_ST00057" HPOS="402" VPOS="776" WIDTH="384" HEIGHT="54" CONTENT="saisissantes." WC="1.00" CC="0003000000003"/>
					</TextLine>
					<TextLine ID="P101_TL00008" HPOS="335" VPOS="857" WIDTH="1981" HEIGHT="79">
						<String ID="P101_ST00058" HPOS="335" VPOS="858" WIDTH="109" HEIGHT="54" CONTENT="Les" WC="0.98" CC="032"/>
						<SP ID="P101_SP00051" HPOS="444" VPOS="912" WIDTH="45"/>
						<String ID="P101_ST00059" HPOS="489" VPOS="860" WIDTH="233" HEIGHT="52" CONTENT="chœurs" WC="0.99" CC="050600"/>
						<SP ID="P101_SP00052" HPOS="722" VPOS="912" WIDTH="46"/>
						<String ID="P101_ST00060" HPOS="768" VPOS="862" WIDTH="60" HEIGHT="50" CONTENT="et" WC="1.00" CC="00"/>
						<SP ID="P101_SP00053" HPOS="828" VPOS="912" WIDTH="44"/>
						<String ID="P101_ST00061" HPOS="872" VPOS="857" WIDTH="84" HEIGHT="55" CONTENT="les" WC="0.99" CC="030"/>
						<SP ID="P101_SP00054" HPOS="956" VPOS="912" WIDTH="44"/>
						<String ID="P101_ST00062" HPOS="1000" VPOS="857" WIDTH="230" HEIGHT="56" CONTENT="solistes" WC="1.00" CC="06000002"/>
						<SP ID="P101_SP00055" HPOS="1230" VPOS="913" WIDTH="49"/>
						<String ID="P101_ST00063" HPOS="1279" VPOS="862" WIDTH="177" HEIGHT="65" CONTENT="(Mme" WC="0.99" CC="0006"/>
						<SP ID="P101_SP00056" HPOS="1456" VPOS="927" WIDTH="49"/>
						<String ID="P101_ST00064" HPOS="1505" VPOS="860" WIDTH="383" HEIGHT="55" CONTENT="Laute-Brun" WC="0.74" CC="1060001465"/>
						<SP ID="P101_SP00057" HPOS="1888" VPOS="927" WIDTH="46"/>
						<String ID="P101_ST00065" HPOS="1934" VPOS="866" WIDTH="60" HEIGHT="49" CONTENT="et" WC="1.00" CC="00"/>
						<SP ID="P101_SP00058" HPOS="1994" VPOS="927" WIDTH="48"/>
						<String ID="P101_ST00066" HPOS="2042" VPOS="862" WIDTH="274" HEIGHT="74" CONTENT="Lassalle," WC="0.93" CC="200000003"/>
					</TextLine>
					<TextLine ID="P101_TL00009" HPOS="221" VPOS="937" WIDTH="2097" HEIGHT="78">
						<String ID="P101_ST00067" HPOS="221" VPOS="940" WIDTH="139" HEIGHT="52" CONTENT="MM." WC="0.98" CC="004"/>
						<SP ID="P101_SP00059" HPOS="360" VPOS="992" WIDTH="45"/>
						<String ID="P101_ST00068" HPOS="405" VPOS="938" WIDTH="247" HEIGHT="70" CONTENT="Sayetta" WC="1.00" CC="0000000"/>
						<SP ID="P101_SP00060" HPOS="652" VPOS="1008" WIDTH="42"/>
						<String ID="P101_ST00069" HPOS="694" VPOS="942" WIDTH="59" HEIGHT="50" CONTENT="et" WC="1.00" CC="00"/>
						<SP ID="P101_SP00061" HPOS="753" VPOS="1008" WIDTH="44"/>
						<String ID="P101_ST00070" HPOS="797" VPOS="937" WIDTH="262" HEIGHT="72" CONTENT="Sigwalt)" WC="0.90" CC="00500002"/>
						<SP ID="P101_SP00062" HPOS="1059" VPOS="1009" WIDTH="44"/>
						<String ID="P101_ST00071" HPOS="1103" VPOS="957" WIDTH="74" HEIGHT="37" CONTENT="ne" WC="1.00" CC="00"/>
						<SP ID="P101_SP00063" HPOS="1177" VPOS="1009" WIDTH="42"/>
						<String ID="P101_ST00072" HPOS="1219" VPOS="941" WIDTH="277" HEIGHT="53" CONTENT="méritent" WC="1.00" CC="00000350"/>
						<SP ID="P101_SP00064" HPOS="1496" VPOS="1009" WIDTH="43"/>
						<String ID="P101_ST00073" HPOS="1539" VPOS="960" WIDTH="114" HEIGHT="55" CONTENT="que" WC="0.98" CC="060"/>
						<SP ID="P101_SP00065" HPOS="1653" VPOS="1015" WIDTH="43"/>
						<String ID="P101_ST00074" HPOS="1696" VPOS="942" WIDTH="103" HEIGHT="55" CONTENT="des" WC="1.00" CC="000"/>
						<SP ID="P101_SP00066" HPOS="1799" VPOS="1015" WIDTH="41"/>
						<String ID="P101_ST00075" HPOS="1840" VPOS="942" WIDTH="192" HEIGHT="71" CONTENT="éloges" WC="0.99" CC="003600"/>
						<SP ID="P101_SP00067" HPOS="2032" VPOS="1015" WIDTH="39"/>
						<String ID="P101_ST00076" HPOS="2071" VPOS="962" WIDTH="151" HEIGHT="53" CONTENT="pour" WC="0.96" CC="0665"/>
						<SP ID="P101_SP00068" HPOS="2222" VPOS="1015" WIDTH="41"/>
						<String ID="P101_ST00077" HPOS="2263" VPOS="946" WIDTH="55" HEIGHT="56" CONTENT="la" WC="1.00" CC="00"/>
					</TextLine>
					<TextLine ID="P101_TL00010" HPOS="218" VPOS="1017" WIDTH="2099" HEIGHT="78">
						<String ID="P101_ST00078" HPOS="218" VPOS="1018" WIDTH="254" HEIGHT="71" CONTENT="parfaite" WC="1.00" CC="00600000"/>
						<SP ID="P101_SP00069" HPOS="472" VPOS="1089" WIDTH="40"/>
						<String ID="P101_ST00079" HPOS="512" VPOS="1017" WIDTH="309" HEIGHT="56" CONTENT="exécution" WC="0.99" CC="000070070"/>
						<SP ID="P101_SP00070" HPOS="821" VPOS="1089" WIDTH="40"/>
						<String ID="P101_ST00080" HPOS="861" VPOS="1020" WIDTH="80" HEIGHT="53" CONTENT="du" WC="0.63" CC="07"/>
						<SP ID="P101_SP00071" HPOS="941" VPOS="1089" WIDTH="39"/>
						<String ID="P101_ST00081" HPOS="980" VPOS="1020" WIDTH="140" HEIGHT="54" CONTENT="final" WC="0.98" CC="22005"/>
						<SP ID="P101_SP00072" HPOS="1120" VPOS="1089" WIDTH="37"/>
						<String ID="P101_ST00082" HPOS="1157" VPOS="1021" WIDTH="48" HEIGHT="53" CONTENT="si" WC="1.00" CC="00"/>
						<SP ID="P101_SP00073" HPOS="1205" VPOS="1089" WIDTH="41"/>
						<String ID="P101_ST00083" HPOS="1246" VPOS="1020" WIDTH="235" HEIGHT="57" CONTENT="difficile" WC="1.00" CC="005110000"/>
						<SP ID="P101_SP00074" HPOS="1481" VPOS="1089" WIDTH="39"/>
						<String ID="P101_ST00084" HPOS="1520" VPOS="1026" WIDTH="60" HEIGHT="50" CONTENT="et" WC="1.00" CC="00"/>
						<SP ID="P101_SP00075" HPOS="1580" VPOS="1089" WIDTH="39"/>
						<String ID="P101_ST00085" HPOS="1619" VPOS="1021" WIDTH="47" HEIGHT="55" CONTENT="si" WC="0.97" CC="00"/>
						<SP ID="P101_SP00076" HPOS="1666" VPOS="1089" WIDTH="42"/>
						<String ID="P101_ST00086" HPOS="1708" VPOS="1023" WIDTH="108" HEIGHT="54" CONTENT="dur" WC="0.97" CC="061"/>
						<SP ID="P101_SP00077" HPOS="1816" VPOS="1089" WIDTH="38"/>
						<String ID="P101_ST00087" HPOS="1854" VPOS="1040" WIDTH="150" HEIGHT="55" CONTENT="pour" WC="0.95" CC="6463"/>
						<SP ID="P101_SP00078" HPOS="2004" VPOS="1095" WIDTH="35"/>
						<String ID="P101_ST00088" HPOS="2039" VPOS="1022" WIDTH="83" HEIGHT="57" CONTENT="les" WC="1.00" CC="000"/>
						<SP ID="P101_SP00079" HPOS="2122" VPOS="1095" WIDTH="39"/>
						<String ID="P101_ST00089" HPOS="2161" VPOS="1026" WIDTH="156" HEIGHT="56" CONTENT="voix." WC="0.99" CC="03004"/>
					</TextLine>
					<TextLine ID="P101_TL00011" HPOS="219" VPOS="1097" WIDTH="2099" HEIGHT="78">
						<String ID="P101_ST00090" HPOS="219" VPOS="1100" WIDTH="148" HEIGHT="54" CONTENT="Mais" WC="1.00" CC="0000"/>
						<SP ID="P101_SP00080" HPOS="367" VPOS="1154" WIDTH="40"/>
						<String ID="P101_ST00091" HPOS="407" VPOS="1097" WIDTH="439" HEIGHT="72" CONTENT="l'interruption" WC="1.00" CC="01030025500070"/>
						<SP ID="P101_SP00081" HPOS="846" VPOS="1169" WIDTH="45"/>
						<String ID="P101_ST00092" HPOS="891" VPOS="1098" WIDTH="71" HEIGHT="55" CONTENT="de" WC="1.00" CC="00"/>
						<SP ID="P101_SP00082" HPOS="962" VPOS="1169" WIDTH="41"/>
						<String ID="P101_ST00093" HPOS="1003" VPOS="1098" WIDTH="60" HEIGHT="56" CONTENT="la" WC="0.86" CC="02"/>
						<SP ID="P101_SP00083" HPOS="1063" VPOS="1169" WIDTH="81"/>
						<String ID="P101_ST00094" HPOS="1144" VPOS="1101" WIDTH="350" HEIGHT="74" CONTENT="symphonie" WC="1.00" CC="000004002"/>
						<SP ID="P101_SP00084" HPOS="1494" VPOS="1175" WIDTH="45"/>
						<String ID="P101_ST00095" HPOS="1539" VPOS="1103" WIDTH="169" HEIGHT="70" CONTENT="après" WC="1.00" CC="00000"/>
						<SP ID="P101_SP00085" HPOS="1708" VPOS="1175" WIDTH="42"/>
						<String ID="P101_ST00096" HPOS="1750" VPOS="1103" WIDTH="255" HEIGHT="70" CONTENT="l'adagio" WC="1.00" CC="04000403"/>
						<SP ID="P101_SP00086" HPOS="2005" VPOS="1175" WIDTH="42"/>
						<String ID="P101_ST00097" HPOS="2047" VPOS="1111" WIDTH="90" HEIGHT="50" CONTENT="est" WC="0.99" CC="020"/>
						<SP ID="P101_SP00087" HPOS="2137" VPOS="1175" WIDTH="46"/>
						<String ID="P101_ST00098" HPOS="2183" VPOS="1106" WIDTH="135" HEIGHT="58" CONTENT="bien" WC="1.00" CC="0001"/>
					</TextLine>
					<TextLine ID="P101_TL00012" HPOS="217" VPOS="1177" WIDTH="2101" HEIGHT="79">
						<String ID="P101_ST00099" HPOS="217" VPOS="1180" WIDTH="292" HEIGHT="67" CONTENT="fâcheuse," WC="0.99" CC="000746003"/>
						<SP ID="P101_SP00088" HPOS="509" VPOS="1247" WIDTH="43"/>
						<String ID="P101_ST00100" HPOS="552" VPOS="1183" WIDTH="79" HEIGHT="64" CONTENT="et," WC="0.98" CC="004"/>
						<SP ID="P101_SP00089" HPOS="631" VPOS="1247" WIDTH="43"/>
						<String ID="P101_ST00101" HPOS="674" VPOS="1180" WIDTH="253" HEIGHT="70" CONTENT="quelque" WC="0.99" CC="0601262"/>
						<SP ID="P101_SP00090" HPOS="927" VPOS="1250" WIDTH="40"/>
						<String ID="P101_ST00102" HPOS="967" VPOS="1177" WIDTH="235" HEIGHT="59" CONTENT="louable" WC="1.00" CC="0060000"/>
						<SP ID="P101_SP00091" HPOS="1202" VPOS="1250" WIDTH="45"/>
						<String ID="P101_ST00103" HPOS="1247" VPOS="1182" WIDTH="316" HEIGHT="56" CONTENT="discrétion" WC="0.99" CC="0700600005"/>
						<SP ID="P101_SP00092" HPOS="1563" VPOS="1250" WIDTH="41"/>
						<String ID="P101_ST00104" HPOS="1604" VPOS="1200" WIDTH="113" HEIGHT="56" CONTENT="que" WC="0.94" CC="970"/>
						<SP ID="P101_SP00093" HPOS="1717" VPOS="1256" WIDTH="43"/>
						<String ID="P101_ST00105" HPOS="1760" VPOS="1187" WIDTH="258" HEIGHT="52" CONTENT="mettent" WC="1.00" CC="0100200"/>
						<SP ID="P101_SP00094" HPOS="2018" VPOS="1256" WIDTH="39"/>
						<String ID="P101_ST00106" HPOS="2057" VPOS="1203" WIDTH="94" HEIGHT="38" CONTENT="ces" WC="1.00" CC="010"/>
						<SP ID="P101_SP00095" HPOS="2151" VPOS="1256" WIDTH="23"/>
						<String ID="P101_ST00107" HPOS="2174" VPOS="1204" WIDTH="108" HEIGHT="38" CONTENT="mes" SUBS_TYPE="HypPart1" SUBS_CONTENT="messieurs" WC="0.99" CC="000"/>
						<HYP HPOS="2282" VPOS="1204" WIDTH="36" CONTENT="-"/>
					</TextLine>
					<TextLine ID="P101_TL00013" HPOS="217" VPOS="1258" WIDTH="2101" HEIGHT="80">
						<String ID="P101_ST00108" HPOS="217" VPOS="1258" WIDTH="183" HEIGHT="56" CONTENT="sieurs" SUBS_TYPE="HypPart2" SUBS_CONTENT="messieurs" WC="0.99" CC="000150"/>
						<SP ID="P101_SP00096" HPOS="400" VPOS="1314" WIDTH="25"/>
						<String ID="P101_ST00109" HPOS="425" VPOS="1265" WIDTH="61" HEIGHT="49" CONTENT="et" WC="0.94" CC="10"/>
						<SP ID="P101_SP00097" HPOS="486" VPOS="1314" WIDTH="27"/>
						<String ID="P101_ST00110" HPOS="513" VPOS="1276" WIDTH="94" HEIGHT="37" CONTENT="ces" WC="1.00" CC="000"/>
						<SP ID="P101_SP00098" HPOS="607" VPOS="1314" WIDTH="29"/>
						<String ID="P101_ST00111" HPOS="636" VPOS="1261" WIDTH="201" HEIGHT="55" CONTENT="dames" WC="1.00" CC="00002"/>
						<SP ID="P101_SP00099" HPOS="837" VPOS="1316" WIDTH="28"/>
						<String ID="P101_ST00112" HPOS="865" VPOS="1260" WIDTH="34" HEIGHT="53" CONTENT="à" WC="1.00" CC="0"/>
						<SP ID="P101_SP00100" HPOS="899" VPOS="1316" WIDTH="25"/>
						<String ID="P101_ST00113" HPOS="924" VPOS="1263" WIDTH="249" HEIGHT="69" CONTENT="prendre" WC="0.99" CC="0234050"/>
						<SP ID="P101_SP00101" HPOS="1173" VPOS="1332" WIDTH="27"/>
						<String ID="P101_ST00114" HPOS="1200" VPOS="1262" WIDTH="185" HEIGHT="73" CONTENT="place," WC="1.00" CC="000004"/>
						<SP ID="P101_SP00102" HPOS="1385" VPOS="1335" WIDTH="27"/>
						<String ID="P101_ST00115" HPOS="1412" VPOS="1263" WIDTH="243" HEIGHT="56" CONTENT="l'entrée" WC="1.00" CC="04000401"/>
						<SP ID="P101_SP00103" HPOS="1655" VPOS="1335" WIDTH="29"/>
						<String ID="P101_ST00116" HPOS="1684" VPOS="1265" WIDTH="101" HEIGHT="54" CONTENT="des" WC="1.00" CC="000"/>
						<SP ID="P101_SP00104" HPOS="1785" VPOS="1335" WIDTH="27"/>
						<String ID="P101_ST00117" HPOS="1812" VPOS="1263" WIDTH="283" HEIGHT="59" CONTENT="choristes" WC="1.00" CC="000300000"/>
						<SP ID="P101_SP00105" HPOS="2095" VPOS="1335" WIDTH="26"/>
						<String ID="P101_ST00118" HPOS="2121" VPOS="1272" WIDTH="197" HEIGHT="66" CONTENT="rompt" WC="0.99" CC="50000"/>
					</TextLine>
					<TextLine ID="P101_TL00014" HPOS="214" VPOS="1338" WIDTH="1419" HEIGHT="72">
						<String ID="P101_ST00119" HPOS="214" VPOS="1340" WIDTH="121" HEIGHT="54" CONTENT="fort" WC="0.98" CC="5030"/>
						<SP ID="P101_SP00106" HPOS="335" VPOS="1394" WIDTH="41"/>
						<String ID="P101_ST00120" HPOS="376" VPOS="1338" WIDTH="542" HEIGHT="72" CONTENT="désagréablement" WC="1.00" CC="000005000000230"/>
						<SP ID="P101_SP00107" HPOS="918" VPOS="1410" WIDTH="35"/>
						<String ID="P101_ST00121" HPOS="953" VPOS="1340" WIDTH="54" HEIGHT="57" CONTENT="le" WC="1.00" CC="00"/>
						<SP ID="P101_SP00108" HPOS="1007" VPOS="1410" WIDTH="39"/>
						<String ID="P101_ST00122" HPOS="1046" VPOS="1343" WIDTH="254" HEIGHT="55" CONTENT="charme." WC="0.99" CC="0404000"/>
						<SP ID="P101_SP00109" HPOS="1300" VPOS="1410" WIDTH="41"/>
						<String ID="P101_ST00123" HPOS="1341" VPOS="1343" WIDTH="166" HEIGHT="55" CONTENT="Dans" WC="0.98" CC="2042"/>
						<SP ID="P101_SP00110" HPOS="1507" VPOS="1410" WIDTH="37"/>
						<String ID="P101_ST00124" HPOS="1544" VPOS="1361" WIDTH="89" HEIGHT="38" CONTENT="ses" WC="0.99" CC="200"/>
					</TextLine>
					<TextLine ID="P101_TL00015" HPOS="236" VPOS="1420" WIDTH="2082" HEIGHT="78">
						<String ID="P101_ST00125" HPOS="236" VPOS="1420" WIDTH="189" HEIGHT="54" CONTENT="cution" WC="0.98" CC="156024" STYLEREFS="TXT_3"/>
						<SP ID="P101_SP00111" HPOS="425" VPOS="1474" WIDTH="271"/>
						<String ID="P101_ST00126" HPOS="696" VPOS="1421" WIDTH="94" HEIGHT="53" CONTENT="des" WC="0.97" CC="070" STYLEREFS="TXT_3"/>
						<SP ID="P101_SP00112" HPOS="790" VPOS="1474" WIDTH="170"/>
						<String ID="P101_ST00127" HPOS="960" VPOS="1420" WIDTH="362" HEIGHT="72" CONTENT="symphonies" WC="1.00" CC="0060100050" STYLEREFS="TXT_3"/>
						<SP ID="P101_SP00113" HPOS="1322" VPOS="1492" WIDTH="446"/>
						<String ID="P101_ST00128" HPOS="1768" VPOS="1422" WIDTH="62" HEIGHT="54" CONTENT="de" WC="0.61" CC="16" STYLEREFS="TXT_4"/>
						<SP ID="P101_SP00114" HPOS="1830" VPOS="1492" WIDTH="143"/>
						<String ID="P101_ST00129" HPOS="1973" VPOS="1422" WIDTH="308" HEIGHT="55" CONTENT="Beethoven" WC="0.98" CC="466631125" STYLEREFS="TXT_3"/>
						<String ID="P101_ST00130" HPOS="1437" VPOS="1425" WIDTH="216" HEIGHT="71" CONTENT="(l9o6)," WC="0.67" CC="2054404"/>
						<SP ID="P101_SP00115" HPOS="2281" VPOS="1496" WIDTH="-590"/>
						<String ID="P101_ST00131" HPOS="1691" VPOS="1426" WIDTH="75" HEIGHT="53" CONTENT="M." WC="0.98" CC="00"/>
						<SP ID="P101_SP00116" HPOS="2281" VPOS="1496" WIDTH="-479"/>
						<String ID="P101_ST00132" HPOS="1802" VPOS="1426" WIDTH="65" HEIGHT="53" CONTENT="F." WC="0.80" CC="30"/>
						<SP ID="P101_SP00117" HPOS="2281" VPOS="1496" WIDTH="-367"/>
						<String ID="P101_ST00133" HPOS="1914" VPOS="1427" WIDTH="404" HEIGHT="71" CONTENT="Weingartner" WC="0.92" CC="00000000206"/>
					</TextLine>
					<TextLine ID="P101_TL00016" HPOS="217" VPOS="1502" WIDTH="2097" HEIGHT="78">
						<String ID="P101_ST00134" HPOS="217" VPOS="1520" WIDTH="35" HEIGHT="37" CONTENT="a" WC="1.00" CC="0"/>
						<SP ID="P101_SP00118" HPOS="252" VPOS="1557" WIDTH="31"/>
						<String ID="P101_ST00135" HPOS="283" VPOS="1502" WIDTH="142" HEIGHT="54" CONTENT="écrit" WC="0.99" CC="00500"/>
						<SP ID="P101_SP00119" HPOS="425" VPOS="1557" WIDTH="32"/>
						<String ID="P101_ST00136" HPOS="457" VPOS="1519" WIDTH="98" HEIGHT="37" CONTENT="sur" WC="0.95" CC="067"/>
						<SP ID="P101_SP00120" HPOS="555" VPOS="1557" WIDTH="30"/>
						<String ID="P101_ST00137" HPOS="585" VPOS="1517" WIDTH="65" HEIGHT="37" CONTENT="ce" WC="0.80" CC="04"/>
						<SP ID="P101_SP00121" HPOS="650" VPOS="1557" WIDTH="30"/>
						<String ID="P101_ST00138" HPOS="680" VPOS="1502" WIDTH="157" HEIGHT="70" CONTENT="sujet" WC="0.98" CC="06600"/>
						<SP ID="P101_SP00122" HPOS="837" VPOS="1572" WIDTH="30"/>
						<String ID="P101_ST00139" HPOS="867" VPOS="1519" WIDTH="116" HEIGHT="38" CONTENT="une" WC="0.96" CC="720"/>
						<SP ID="P101_SP00123" HPOS="983" VPOS="1572" WIDTH="31"/>
						<String ID="P101_ST00140" HPOS="1014" VPOS="1520" WIDTH="148" HEIGHT="55" CONTENT="page" WC="1.00" CC="0000"/>
						<SP ID="P101_SP00124" HPOS="1162" VPOS="1575" WIDTH="33"/>
						<String ID="P101_ST00141" HPOS="1195" VPOS="1504" WIDTH="156" HEIGHT="55" CONTENT="aussi" WC="0.99" CC="07000"/>
						<SP ID="P101_SP00125" HPOS="1351" VPOS="1575" WIDTH="32"/>
						<String ID="P101_ST00142" HPOS="1383" VPOS="1505" WIDTH="320" HEIGHT="71" CONTENT="judicieuse" WC="0.99" CC="4000500610"/>
						<SP ID="P101_SP00126" HPOS="1703" VPOS="1576" WIDTH="34"/>
						<String ID="P101_ST00143" HPOS="1737" VPOS="1506" WIDTH="539" HEIGHT="74" CONTENT="qu'humoristique" WC="1.00" CC="071370040100060"/>
						<SP ID="P101_SP00127" HPOS="2276" VPOS="1580" WIDTH="27"/>
						<String ID="P101_ST00144" HPOS="2303" VPOS="1531" WIDTH="11" HEIGHT="33" CONTENT=":" WC="1.00" CC="0"/>
					</TextLine>
					<TextLine ID="P101_TL00017" HPOS="217" VPOS="1582" WIDTH="2101" HEIGHT="78">
						<String ID="P101_ST00145" HPOS="217" VPOS="1584" WIDTH="77" HEIGHT="52" CONTENT="M." WC="0.79" CC="04"/>
						<SP ID="P101_SP00128" HPOS="294" VPOS="1636" WIDTH="50"/>
						<String ID="P101_ST00146" HPOS="344" VPOS="1582" WIDTH="254" HEIGHT="55" CONTENT="Colonne" WC="0.99" CC="3401200"/>
						<SP ID="P101_SP00129" HPOS="598" VPOS="1637" WIDTH="43"/>
						<String ID="P101_ST00147" HPOS="641" VPOS="1582" WIDTH="58" HEIGHT="55" CONTENT="la" WC="1.00" CC="00"/>
						<SP ID="P101_SP00130" HPOS="699" VPOS="1637" WIDTH="45"/>
						<String ID="P101_ST00148" HPOS="744" VPOS="1584" WIDTH="241" HEIGHT="55" CONTENT="connaît" WC="0.99" CC="4700000"/>
						<SP ID="P101_SP00131" HPOS="985" VPOS="1639" WIDTH="45"/>
						<String ID="P101_ST00149" HPOS="1030" VPOS="1603" WIDTH="137" HEIGHT="36" CONTENT="sans" WC="0.99" CC="0021"/>
						<SP ID="P101_SP00132" HPOS="1167" VPOS="1639" WIDTH="47"/>
						<String ID="P101_ST00150" HPOS="1214" VPOS="1587" WIDTH="180" HEIGHT="55" CONTENT="doute" WC="0.99" CC="03700"/>
						<SP ID="P101_SP00133" HPOS="1394" VPOS="1642" WIDTH="47"/>
						<String ID="P101_ST00151" HPOS="1441" VPOS="1587" WIDTH="155" HEIGHT="56" CONTENT="aussi" WC="0.99" CC="06100"/>
						<SP ID="P101_SP00134" HPOS="1596" VPOS="1643" WIDTH="46"/>
						<String ID="P101_ST00152" HPOS="1642" VPOS="1586" WIDTH="137" HEIGHT="57" CONTENT="bien" WC="0.99" CC="0023"/>
						<SP ID="P101_SP00135" HPOS="1779" VPOS="1643" WIDTH="46"/>
						<String ID="P101_ST00153" HPOS="1825" VPOS="1606" WIDTH="114" HEIGHT="54" CONTENT="que" WC="0.96" CC="072"/>
						<SP ID="P101_SP00136" HPOS="1939" VPOS="1660" WIDTH="46"/>
						<String ID="P101_ST00154" HPOS="1985" VPOS="1590" WIDTH="138" HEIGHT="54" CONTENT="moi." WC="0.98" CC="0604"/>
						<SP ID="P101_SP00137" HPOS="2123" VPOS="1660" WIDTH="48"/>
						<String ID="P101_ST00155" HPOS="2171" VPOS="1591" WIDTH="147" HEIGHT="56" CONTENT="Sans" WC="0.99" CC="0003"/>
					</TextLine>
					<TextLine ID="P101_TL00018" HPOS="214" VPOS="1661" WIDTH="2104" HEIGHT="74">
						<String ID="P101_ST00156" HPOS="214" VPOS="1661" WIDTH="234" HEIGHT="57" CONTENT="insister" WC="1.00" CC="00000006"/>
						<SP ID="P101_SP00138" HPOS="448" VPOS="1718" WIDTH="22"/>
						<String ID="P101_ST00157" HPOS="470" VPOS="1679" WIDTH="99" HEIGHT="39" CONTENT="sur" WC="0.95" CC="075"/>
						<SP ID="P101_SP00139" HPOS="569" VPOS="1718" WIDTH="20"/>
						<String ID="P101_ST00158" HPOS="589" VPOS="1661" WIDTH="55" HEIGHT="56" CONTENT="le" WC="0.72" CC="13"/>
						<SP ID="P101_SP00140" HPOS="644" VPOS="1718" WIDTH="22"/>
						<String ID="P101_ST00159" HPOS="666" VPOS="1664" WIDTH="235" HEIGHT="54" CONTENT="trouble" WC="0.98" CC="0557024"/>
						<SP ID="P101_SP00141" HPOS="901" VPOS="1718" WIDTH="23"/>
						<String ID="P101_ST00160" HPOS="924" VPOS="1665" WIDTH="286" HEIGHT="70" CONTENT="matériel," WC="0.99" CC="000220503"/>
						<SP ID="P101_SP00142" HPOS="1210" VPOS="1735" WIDTH="23"/>
						<String ID="P101_ST00161" HPOS="1233" VPOS="1666" WIDTH="82" HEIGHT="56" CONTENT="les" WC="1.00" CC="000"/>
						<SP ID="P101_SP00143" HPOS="1315" VPOS="1735" WIDTH="23"/>
						<String ID="P101_ST00162" HPOS="1338" VPOS="1666" WIDTH="450" HEIGHT="57" CONTENT="inconvénients" WC="1.00" CC="0107000002000"/>
						<SP ID="P101_SP00144" HPOS="1788" VPOS="1735" WIDTH="25"/>
						<String ID="P101_ST00163" HPOS="1813" VPOS="1670" WIDTH="71" HEIGHT="54" CONTENT="de" WC="1.00" CC="00"/>
						<SP ID="P101_SP00145" HPOS="1884" VPOS="1735" WIDTH="22"/>
						<String ID="P101_ST00164" HPOS="1906" VPOS="1669" WIDTH="412" HEIGHT="62" CONTENT="l'installation" WC="1.00" CC="03000000000005"/>
					</TextLine>
					<TextLine ID="P101_TL00019" HPOS="217" VPOS="1744" WIDTH="2100" HEIGHT="78">
						<String ID="P101_ST00165" HPOS="217" VPOS="1744" WIDTH="100" HEIGHT="55" CONTENT="des" WC="1.00" CC="000"/>
						<SP ID="P101_SP00146" HPOS="317" VPOS="1799" WIDTH="28"/>
						<String ID="P101_ST00166" HPOS="345" VPOS="1760" WIDTH="219" HEIGHT="38" CONTENT="masses" WC="1.00" CC="000000"/>
						<SP ID="P101_SP00147" HPOS="564" VPOS="1799" WIDTH="26"/>
						<String ID="P101_ST00167" HPOS="590" VPOS="1745" WIDTH="263" HEIGHT="56" CONTENT="chorales" WC="0.99" CC="06050000"/>
						<SP ID="P101_SP00148" HPOS="853" VPOS="1801" WIDTH="29"/>
						<String ID="P101_ST00168" HPOS="882" VPOS="1763" WIDTH="79" HEIGHT="38" CONTENT="au" WC="0.64" CC="07"/>
						<SP ID="P101_SP00149" HPOS="961" VPOS="1801" WIDTH="25"/>
						<String ID="P101_ST00169" HPOS="986" VPOS="1744" WIDTH="200" HEIGHT="57" CONTENT="milieu" WC="0.99" CC="000006"/>
						<SP ID="P101_SP00150" HPOS="1186" VPOS="1801" WIDTH="28"/>
						<String ID="P101_ST00170" HPOS="1214" VPOS="1746" WIDTH="72" HEIGHT="56" CONTENT="de" WC="1.00" CC="00"/>
						<SP ID="P101_SP00151" HPOS="1286" VPOS="1802" WIDTH="26"/>
						<String ID="P101_ST00171" HPOS="1312" VPOS="1747" WIDTH="265" HEIGHT="70" CONTENT="l'œuvre," WC="0.99" CC="02060404"/>
						<SP ID="P101_SP00152" HPOS="1577" VPOS="1817" WIDTH="29"/>
						<String ID="P101_ST00172" HPOS="1606" VPOS="1766" WIDTH="116" HEIGHT="38" CONTENT="une" WC="0.97" CC="700"/>
						<SP ID="P101_SP00153" HPOS="1722" VPOS="1817" WIDTH="28"/>
						<String ID="P101_ST00173" HPOS="1750" VPOS="1750" WIDTH="198" HEIGHT="56" CONTENT="raison" WC="1.00" CC="000005"/>
						<SP ID="P101_SP00154" HPOS="1948" VPOS="1817" WIDTH="25"/>
						<String ID="P101_ST00174" HPOS="1973" VPOS="1750" WIDTH="135" HEIGHT="72" CONTENT="plus" WC="0.98" CC="0061"/>
						<SP ID="P101_SP00155" HPOS="2108" VPOS="1822" WIDTH="28"/>
						<String ID="P101_ST00175" HPOS="2136" VPOS="1752" WIDTH="181" HEIGHT="58" CONTENT="haute" WC="0.98" CC="60702"/>
					</TextLine>
					<TextLine ID="P101_TL00020" HPOS="214" VPOS="1824" WIDTH="2103" HEIGHT="80">
						<String ID="P101_ST00176" HPOS="214" VPOS="1824" WIDTH="167" HEIGHT="71" CONTENT="exige" WC="1.00" CC="00000"/>
						<SP ID="P101_SP00156" HPOS="381" VPOS="1895" WIDTH="45"/>
						<String ID="P101_ST00177" HPOS="426" VPOS="1825" WIDTH="126" HEIGHT="54" CONTENT="leur" WC="0.97" CC="0165"/>
						<SP ID="P101_SP00157" HPOS="552" VPOS="1895" WIDTH="46"/>
						<String ID="P101_ST00178" HPOS="598" VPOS="1826" WIDTH="273" HEIGHT="70" CONTENT="présence" WC="0.99" CC="03000411"/>
						<SP ID="P101_SP00158" HPOS="871" VPOS="1896" WIDTH="49"/>
						<String ID="P101_ST00179" HPOS="920" VPOS="1826" WIDTH="102" HEIGHT="56" CONTENT="dès" WC="0.99" CC="001"/>
						<SP ID="P101_SP00159" HPOS="1022" VPOS="1896" WIDTH="46"/>
						<String ID="P101_ST00180" HPOS="1068" VPOS="1826" WIDTH="52" HEIGHT="57" CONTENT="le" WC="1.00" CC="00"/>
						<SP ID="P101_SP00160" HPOS="1120" VPOS="1896" WIDTH="51"/>
						<String ID="P101_ST00181" HPOS="1171" VPOS="1829" WIDTH="204" HEIGHT="56" CONTENT="début." WC="0.99" CC="000604"/>
						<SP ID="P101_SP00161" HPOS="1375" VPOS="1896" WIDTH="52"/>
						<String ID="P101_ST00182" HPOS="1427" VPOS="1830" WIDTH="106" HEIGHT="56" CONTENT="Ces" WC="1.00" CC="000"/>
						<SP ID="P101_SP00162" HPOS="1533" VPOS="1896" WIDTH="47"/>
						<String ID="P101_ST00183" HPOS="1580" VPOS="1830" WIDTH="284" HEIGHT="57" CONTENT="choristes" WC="1.00" CC="045000000"/>
						<SP ID="P101_SP00163" HPOS="1864" VPOS="1896" WIDTH="46"/>
						<String ID="P101_ST00184" HPOS="1910" VPOS="1834" WIDTH="407" HEIGHT="70" CONTENT="représentent" WC="1.00" CC="300400000040"/>
					</TextLine>
					<TextLine ID="P101_TL00021" HPOS="213" VPOS="1905" WIDTH="2104" HEIGHT="81">
						<String ID="P101_ST00185" HPOS="213" VPOS="1905" WIDTH="370" HEIGHT="70" CONTENT="l'humanité," WC="0.99" CC="01570033004"/>
						<SP ID="P101_SP00164" HPOS="583" VPOS="1975" WIDTH="43"/>
						<String ID="P101_ST00186" HPOS="626" VPOS="1909" WIDTH="147" HEIGHT="54" CONTENT="dont" WC="0.99" CC="0240"/>
						<SP ID="P101_SP00165" HPOS="773" VPOS="1975" WIDTH="37"/>
						<String ID="P101_ST00187" HPOS="810" VPOS="1906" WIDTH="60" HEIGHT="55" CONTENT="la" WC="1.00" CC="00"/>
						<SP ID="P101_SP00166" HPOS="870" VPOS="1975" WIDTH="38"/>
						<String ID="P101_ST00188" HPOS="908" VPOS="1907" WIDTH="190" HEIGHT="73" CONTENT="partie" WC="1.00" CC="000004"/>
						<SP ID="P101_SP00167" HPOS="1098" VPOS="1980" WIDTH="38"/>
						<String ID="P101_ST00189" HPOS="1136" VPOS="1907" WIDTH="452" HEIGHT="60" CONTENT="instrumentale" WC="1.00" CC="0500470000010"/>
						<SP ID="P101_SP00168" HPOS="1588" VPOS="1980" WIDTH="42"/>
						<String ID="P101_ST00190" HPOS="1630" VPOS="1912" WIDTH="71" HEIGHT="56" CONTENT="de" WC="1.00" CC="00"/>
						<SP ID="P101_SP00169" HPOS="1701" VPOS="1980" WIDTH="39"/>
						<String ID="P101_ST00191" HPOS="1740" VPOS="1911" WIDTH="58" HEIGHT="55" CONTENT="la" WC="1.00" CC="00"/>
						<SP ID="P101_SP00170" HPOS="1798" VPOS="1980" WIDTH="38"/>
						<String ID="P101_ST00192" HPOS="1836" VPOS="1911" WIDTH="352" HEIGHT="75" CONTENT="symphonie" WC="0.99" CC="500064000"/>
						<SP ID="P101_SP00171" HPOS="2188" VPOS="1986" WIDTH="41"/>
						<String ID="P101_ST00193" HPOS="2229" VPOS="1921" WIDTH="88" HEIGHT="50" CONTENT="est" WC="1.00" CC="000"/>
					</TextLine>
					<TextLine ID="P101_TL00022" HPOS="217" VPOS="1986" WIDTH="2101" HEIGHT="79">
						<String ID="P101_ST00194" HPOS="217" VPOS="1987" WIDTH="137" HEIGHT="71" CONTENT="déjà" WC="0.99" CC="0041"/>
						<SP ID="P101_SP00172" HPOS="354" VPOS="2058" WIDTH="27"/>
						<String ID="P101_ST00195" HPOS="381" VPOS="1986" WIDTH="59" HEIGHT="57" CONTENT="la" WC="1.00" CC="00"/>
						<SP ID="P101_SP00173" HPOS="440" VPOS="2058" WIDTH="30"/>
						<String ID="P101_ST00196" HPOS="470" VPOS="1989" WIDTH="141" HEIGHT="54" CONTENT="voix" WC="0.99" CC="0600"/>
						<SP ID="P101_SP00174" HPOS="611" VPOS="2058" WIDTH="29"/>
						<String ID="P101_ST00197" HPOS="640" VPOS="1987" WIDTH="395" HEIGHT="58" CONTENT="inconsciente" WC="0.99" CC="045610503200"/>
						<SP ID="P101_SP00175" HPOS="1035" VPOS="2058" WIDTH="30"/>
						<String ID="P101_ST00198" HPOS="1065" VPOS="2008" WIDTH="207" HEIGHT="38" CONTENT="encore" WC="1.00" CC="000060"/>
						<SP ID="P101_SP00176" HPOS="1272" VPOS="2058" WIDTH="28"/>
						<String ID="P101_ST00199" HPOS="1300" VPOS="2013" WIDTH="14" HEIGHT="47" CONTENT=";" WC="1.00" CC="9"/>
						<SP ID="P101_SP00177" HPOS="1314" VPOS="2060" WIDTH="32"/>
						<String ID="P101_ST00200" HPOS="1346" VPOS="1991" WIDTH="41" HEIGHT="54" CONTENT="il" WC="1.00" CC="00"/>
						<SP ID="P101_SP00178" HPOS="1387" VPOS="2060" WIDTH="30"/>
						<String ID="P101_ST00201" HPOS="1417" VPOS="1992" WIDTH="131" HEIGHT="56" CONTENT="faut" WC="0.97" CC="5070"/>
						<SP ID="P101_SP00179" HPOS="1548" VPOS="2060" WIDTH="32"/>
						<String ID="P101_ST00202" HPOS="1580" VPOS="1994" WIDTH="185" HEIGHT="71" CONTENT="qu'on" WC="0.97" CC="07475"/>
						<SP ID="P101_SP00180" HPOS="1765" VPOS="2065" WIDTH="28"/>
						<String ID="P101_ST00203" HPOS="1793" VPOS="1998" WIDTH="166" HEIGHT="52" CONTENT="sente" WC="0.99" CC="01202"/>
						<SP ID="P101_SP00181" HPOS="1959" VPOS="2065" WIDTH="31"/>
						<String ID="P101_ST00204" HPOS="1990" VPOS="1999" WIDTH="157" HEIGHT="52" CONTENT="cette" WC="1.00" CC="00000"/>
						<SP ID="P101_SP00182" HPOS="2147" VPOS="2065" WIDTH="32"/>
						<String ID="P101_ST00205" HPOS="2179" VPOS="1996" WIDTH="139" HEIGHT="55" CONTENT="voix" WC="0.99" CC="0200"/>
					</TextLine>
					<TextLine ID="P101_TL00023" HPOS="216" VPOS="2066" WIDTH="2101" HEIGHT="79">
						<String ID="P101_ST00206" HPOS="216" VPOS="2083" WIDTH="59" HEIGHT="39" CONTENT="se" WC="1.00" CC="00"/>
						<SP ID="P101_SP00183" HPOS="275" VPOS="2122" WIDTH="26"/>
						<String ID="P101_ST00207" HPOS="301" VPOS="2066" WIDTH="268" HEIGHT="73" CONTENT="préciser," WC="0.99" CC="040000044"/>
						<SP ID="P101_SP00184" HPOS="569" VPOS="2139" WIDTH="26"/>
						<String ID="P101_ST00208" HPOS="595" VPOS="2069" WIDTH="242" HEIGHT="56" CONTENT="sourdre" WC="0.99" CC="0075020"/>
						<SP ID="P101_SP00185" HPOS="837" VPOS="2139" WIDTH="24"/>
						<String ID="P101_ST00209" HPOS="861" VPOS="2074" WIDTH="59" HEIGHT="51" CONTENT="et" WC="1.00" CC="00"/>
						<SP ID="P101_SP00186" HPOS="920" VPOS="2139" WIDTH="25"/>
						<String ID="P101_ST00210" HPOS="945" VPOS="2086" WIDTH="61" HEIGHT="40" CONTENT="se" WC="1.00" CC="00"/>
						<SP ID="P101_SP00187" HPOS="1006" VPOS="2139" WIDTH="22"/>
						<String ID="P101_ST00211" HPOS="1028" VPOS="2071" WIDTH="308" HEIGHT="71" CONTENT="répandre;" WC="0.99" CC="200000609"/>
						<SP ID="P101_SP00188" HPOS="1336" VPOS="2142" WIDTH="25"/>
						<String ID="P101_ST00212" HPOS="1361" VPOS="2071" WIDTH="42" HEIGHT="55" CONTENT="il" WC="1.00" CC="00"/>
						<SP ID="P101_SP00189" HPOS="1403" VPOS="2142" WIDTH="24"/>
						<String ID="P101_ST00213" HPOS="1427" VPOS="2071" WIDTH="131" HEIGHT="56" CONTENT="faut" WC="0.98" CC="2060"/>
						<SP ID="P101_SP00190" HPOS="1558" VPOS="2142" WIDTH="27"/>
						<String ID="P101_ST00214" HPOS="1585" VPOS="2074" WIDTH="180" HEIGHT="71" CONTENT="qu'on" WC="0.98" CC="07220"/>
						<SP ID="P101_SP00191" HPOS="1765" VPOS="2145" WIDTH="24"/>
						<String ID="P101_ST00215" HPOS="1789" VPOS="2072" WIDTH="132" HEIGHT="58" CONTENT="voie" WC="1.00" CC="0000"/>
						<SP ID="P101_SP00192" HPOS="1921" VPOS="2145" WIDTH="26"/>
						<String ID="P101_ST00216" HPOS="1947" VPOS="2080" WIDTH="156" HEIGHT="51" CONTENT="cette" WC="0.99" CC="00004"/>
						<SP ID="P101_SP00193" HPOS="2103" VPOS="2145" WIDTH="25"/>
						<String ID="P101_ST00217" HPOS="2128" VPOS="2076" WIDTH="189" HEIGHT="57" CONTENT="même" WC="1.00" CC="0000"/>
					</TextLine>
					<TextLine ID="P101_TL00024" HPOS="216" VPOS="2146" WIDTH="1268" HEIGHT="79">
						<String ID="P101_ST00218" HPOS="216" VPOS="2146" WIDTH="306" HEIGHT="57" CONTENT="humanité" WC="0.99" CC="07090000"/>
						<SP ID="P101_SP00194" HPOS="522" VPOS="2203" WIDTH="35"/>
						<String ID="P101_ST00219" HPOS="557" VPOS="2149" WIDTH="292" HEIGHT="70" CONTENT="s'animer," WC="0.99" CC="044300044"/>
						<SP ID="P101_SP00195" HPOS="849" VPOS="2219" WIDTH="38"/>
						<String ID="P101_ST00220" HPOS="887" VPOS="2151" WIDTH="249" HEIGHT="71" CONTENT="prendre" WC="0.99" CC="0403020"/>
						<SP ID="P101_SP00196" HPOS="1136" VPOS="2222" WIDTH="35"/>
						<String ID="P101_ST00221" HPOS="1171" VPOS="2151" WIDTH="59" HEIGHT="56" CONTENT="la" WC="0.94" CC="01"/>
						<SP ID="P101_SP00197" HPOS="1230" VPOS="2222" WIDTH="35"/>
						<String ID="P101_ST00222" HPOS="1265" VPOS="2152" WIDTH="219" HEIGHT="73" CONTENT="parole," WC="0.99" CC="0035004"/>
					</TextLine>
					<TextLine ID="P101_TL00025" HPOS="676" VPOS="2245" WIDTH="1182" HEIGHT="50">
						<String ID="P101_ST00223" HPOS="676" VPOS="2245" WIDTH="56" HEIGHT="34" CONTENT="Et" WC="0.72" CC="50" STYLEREFS="TXT_1"/>
						<SP ID="P101_SP00198" HPOS="732" VPOS="2279" WIDTH="27"/>
						<String ID="P101_ST00224" HPOS="759" VPOS="2245" WIDTH="105" HEIGHT="34" CONTENT="dans" WC="0.98" CC="0044" STYLEREFS="TXT_1"/>
						<SP ID="P101_SP00199" HPOS="864" VPOS="2279" WIDTH="20"/>
						<String ID="P101_ST00225" HPOS="884" VPOS="2245" WIDTH="39" HEIGHT="35" CONTENT="la" WC="0.66" CC="51" STYLEREFS="TXT_1"/>
						<SP ID="P101_SP00200" HPOS="923" VPOS="2280" WIDTH="29"/>
						<String ID="P101_ST00226" HPOS="952" VPOS="2246" WIDTH="165" HEIGHT="35" CONTENT="sombre" WC="0.99" CC="004052" STYLEREFS="TXT_1"/>
						<SP ID="P101_SP00201" HPOS="1117" VPOS="2281" WIDTH="26"/>
						<String ID="P101_ST00227" HPOS="1143" VPOS="2246" WIDTH="92" HEIGHT="36" CONTENT="nuit" WC="0.97" CC="4700" STYLEREFS="TXT_1"/>
						<SP ID="P101_SP00202" HPOS="1235" VPOS="2282" WIDTH="25"/>
						<String ID="P101_ST00228" HPOS="1260" VPOS="2247" WIDTH="104" HEIGHT="46" CONTENT="jeter" WC="0.98" CC="42440" STYLEREFS="TXT_5"/>
						<SP ID="P101_SP00203" HPOS="1364" VPOS="2293" WIDTH="24"/>
						<String ID="P101_ST00229" HPOS="1388" VPOS="2248" WIDTH="59" HEIGHT="35" CONTENT="les" WC="0.98" CC="400" STYLEREFS="TXT_1"/>
						<SP ID="P101_SP00204" HPOS="1447" VPOS="2293" WIDTH="25"/>
						<String ID="P101_ST00230" HPOS="1472" VPOS="2248" WIDTH="118" HEIGHT="47" CONTENT="pieds" WC="0.98" CC="61030" STYLEREFS="TXT_1"/>
						<SP ID="P101_SP00205" HPOS="1590" VPOS="2295" WIDTH="32"/>
						<String ID="P101_ST00231" HPOS="1622" VPOS="2250" WIDTH="55" HEIGHT="35" CONTENT="du" WC="0.67" CC="06" STYLEREFS="TXT_1"/>
						<SP ID="P101_SP00206" HPOS="1677" VPOS="2295" WIDTH="28"/>
						<String ID="P101_ST00232" HPOS="1705" VPOS="2249" WIDTH="127" HEIGHT="36" CONTENT="faune" WC="0.98" CC="20650" STYLEREFS="TXT_1"/>
						<SP ID="P101_SP00207" HPOS="1832" VPOS="2295" WIDTH="19"/>
						<String ID="P101_ST00233" HPOS="1851" VPOS="2250" WIDTH="7" HEIGHT="36" CONTENT="!" WC="0.54" CC="4" STYLEREFS="TXT_1"/>
					</TextLine>
					<TextLine ID="P101_TL00026" HPOS="326" VPOS="2310" WIDTH="1991" HEIGHT="79">
						<String ID="P101_ST00234" HPOS="326" VPOS="2310" WIDTH="203" HEIGHT="56" CONTENT="Avant" WC="1.00" CC="00020"/>
						<SP ID="P101_SP00208" HPOS="529" VPOS="2366" WIDTH="31"/>
						<String ID="P101_ST00235" HPOS="560" VPOS="2312" WIDTH="72" HEIGHT="54" CONTENT="de" WC="1.00" CC="00"/>
						<SP ID="P101_SP00209" HPOS="632" VPOS="2366" WIDTH="32"/>
						<String ID="P101_ST00236" HPOS="664" VPOS="2310" WIDTH="222" HEIGHT="74" CONTENT="quitter" WC="1.00" CC="0600000"/>
						<SP ID="P101_SP00210" HPOS="886" VPOS="2384" WIDTH="28"/>
						<String ID="P101_ST00237" HPOS="914" VPOS="2311" WIDTH="59" HEIGHT="56" CONTENT="la" WC="1.00" CC="00"/>
						<SP ID="P101_SP00211" HPOS="973" VPOS="2384" WIDTH="30"/>
						<String ID="P101_ST00238" HPOS="1003" VPOS="2312" WIDTH="325" HEIGHT="58" CONTENT="Neuvième" WC="0.99" CC="20700005"/>
						<SP ID="P101_SP00212" HPOS="1328" VPOS="2384" WIDTH="32"/>
						<String ID="P101_ST00239" HPOS="1360" VPOS="2315" WIDTH="382" HEIGHT="74" CONTENT="Symphonie," WC="1.00" CC="0000660003"/>
						<SP ID="P101_SP00213" HPOS="1742" VPOS="2389" WIDTH="33"/>
						<String ID="P101_ST00240" HPOS="1775" VPOS="2316" WIDTH="57" HEIGHT="71" CONTENT="je" WC="0.67" CC="42"/>
						<SP ID="P101_SP00214" HPOS="1832" VPOS="2389" WIDTH="31"/>
						<String ID="P101_ST00241" HPOS="1863" VPOS="2320" WIDTH="279" HEIGHT="56" CONTENT="voudrais" WC="0.99" CC="00650000"/>
						<SP ID="P101_SP00215" HPOS="2142" VPOS="2389" WIDTH="31"/>
						<String ID="P101_ST00242" HPOS="2173" VPOS="2319" WIDTH="144" HEIGHT="60" CONTENT="faire" WC="0.99" CC="60000"/>
					</TextLine>
					<TextLine ID="P101_TL00027" HPOS="214" VPOS="2390" WIDTH="638" HEIGHT="57">
						<String ID="P101_ST00243" HPOS="214" VPOS="2390" WIDTH="157" HEIGHT="56" CONTENT="deux" WC="0.99" CC="0060"/>
						<SP ID="P101_SP00216" HPOS="371" VPOS="2446" WIDTH="55"/>
						<String ID="P101_ST00244" HPOS="426" VPOS="2393" WIDTH="426" HEIGHT="54" CONTENT="observations." WC="1.00" CC="0020000501004"/>
					</TextLine>
					<TextLine ID="P101_TL00028" HPOS="327" VPOS="2471" WIDTH="1990" HEIGHT="85">
						<String ID="P101_ST00245" HPOS="327" VPOS="2473" WIDTH="165" HEIGHT="54" CONTENT="Dans" WC="0.97" CC="5042"/>
						<SP ID="P101_SP00217" HPOS="492" VPOS="2527" WIDTH="40"/>
						<String ID="P101_ST00246" HPOS="532" VPOS="2471" WIDTH="58" HEIGHT="57" CONTENT="la" WC="1.00" CC="00"/>
						<SP ID="P101_SP00218" HPOS="590" VPOS="2528" WIDTH="42"/>
						<String ID="P101_ST00247" HPOS="632" VPOS="2474" WIDTH="282" HEIGHT="68" CONTENT="première" WC="0.99" CC="06060000"/>
						<SP ID="P101_SP00219" HPOS="914" VPOS="2542" WIDTH="43"/>
						<String ID="P101_ST00248" HPOS="957" VPOS="2475" WIDTH="333" HEIGHT="72" CONTENT="exposition" WC="1.00" CC="0003000043"/>
						<SP ID="P101_SP00220" HPOS="1290" VPOS="2547" WIDTH="44"/>
						<String ID="P101_ST00249" HPOS="1334" VPOS="2478" WIDTH="80" HEIGHT="54" CONTENT="du" WC="0.65" CC="07"/>
						<SP ID="P101_SP00221" HPOS="1414" VPOS="2547" WIDTH="41"/>
						<String ID="P101_ST00250" HPOS="1455" VPOS="2479" WIDTH="201" HEIGHT="54" CONTENT="thème" WC="0.99" CC="05000"/>
						<SP ID="P101_SP00222" HPOS="1656" VPOS="2547" WIDTH="44"/>
						<String ID="P101_ST00251" HPOS="1700" VPOS="2479" WIDTH="70" HEIGHT="56" CONTENT="de" WC="1.00" CC="00"/>
						<SP ID="P101_SP00223" HPOS="1770" VPOS="2547" WIDTH="42"/>
						<String ID="P101_ST00252" HPOS="1812" VPOS="2480" WIDTH="60" HEIGHT="56" CONTENT="la" WC="0.96" CC="00"/>
						<SP ID="P101_SP00224" HPOS="1872" VPOS="2547" WIDTH="42"/>
						<String ID="P101_ST00253" HPOS="1914" VPOS="2483" WIDTH="130" HEIGHT="70" CONTENT="Joie" WC="1.00" CC="0000"/>
						<SP ID="P101_SP00225" HPOS="2044" VPOS="2553" WIDTH="42"/>
						<String ID="P101_ST00254" HPOS="2086" VPOS="2502" WIDTH="108" HEIGHT="54" CONTENT="par" WC="0.98" CC="006"/>
						<SP ID="P101_SP00226" HPOS="2194" VPOS="2556" WIDTH="41"/>
						<String ID="P101_ST00255" HPOS="2235" VPOS="2484" WIDTH="82" HEIGHT="58" CONTENT="les" WC="0.99" CC="002"/>
					</TextLine>
					<TextLine ID="P101_TL00029" HPOS="211" VPOS="2550" WIDTH="2105" HEIGHT="80">
						<String ID="P101_ST00256" HPOS="211" VPOS="2550" WIDTH="388" HEIGHT="57" CONTENT="instruments" WC="0.99" CC="04075703400"/>
						<SP ID="P101_SP00227" HPOS="599" VPOS="2607" WIDTH="36"/>
						<String ID="P101_ST00257" HPOS="635" VPOS="2554" WIDTH="35" HEIGHT="52" CONTENT="à" WC="0.70" CC="2"/>
						<SP ID="P101_SP00228" HPOS="670" VPOS="2607" WIDTH="35"/>
						<String ID="P101_ST00258" HPOS="705" VPOS="2554" WIDTH="219" HEIGHT="70" CONTENT="cordes," WC="0.99" CC="0530004"/>
						<SP ID="P101_SP00229" HPOS="924" VPOS="2624" WIDTH="37"/>
						<String ID="P101_ST00259" HPOS="961" VPOS="2555" WIDTH="202" HEIGHT="57" CONTENT="tandis" WC="1.00" CC="001000"/>
						<SP ID="P101_SP00230" HPOS="1163" VPOS="2624" WIDTH="36"/>
						<String ID="P101_ST00260" HPOS="1199" VPOS="2575" WIDTH="113" HEIGHT="54" CONTENT="que" WC="0.97" CC="060"/>
						<SP ID="P101_SP00231" HPOS="1312" VPOS="2629" WIDTH="33"/>
						<String ID="P101_ST00261" HPOS="1345" VPOS="2558" WIDTH="54" HEIGHT="55" CONTENT="le" WC="1.00" CC="00"/>
						<SP ID="P101_SP00232" HPOS="1399" VPOS="2629" WIDTH="35"/>
						<String ID="P101_ST00262" HPOS="1434" VPOS="2559" WIDTH="250" HEIGHT="71" CONTENT="premier" WC="0.99" CC="0710026"/>
						<SP ID="P101_SP00233" HPOS="1684" VPOS="2630" WIDTH="35"/>
						<String ID="P101_ST00263" HPOS="1719" VPOS="2561" WIDTH="216" HEIGHT="58" CONTENT="basson" WC="0.99" CC="000070"/>
						<SP ID="P101_SP00234" HPOS="1935" VPOS="2630" WIDTH="37"/>
						<String ID="P101_ST00264" HPOS="1972" VPOS="2565" WIDTH="226" HEIGHT="55" CONTENT="dessine" WC="1.00" CC="0400000"/>
						<SP ID="P101_SP00235" HPOS="2198" VPOS="2630" WIDTH="37"/>
						<String ID="P101_ST00265" HPOS="2235" VPOS="2583" WIDTH="81" HEIGHT="39" CONTENT="un" WC="0.35" CC="75"/>
					</TextLine>
					<TextLine ID="P101_TL00030" HPOS="213" VPOS="2635" WIDTH="2103" HEIGHT="83">
						<String ID="P101_ST00266" HPOS="213" VPOS="2635" WIDTH="287" HEIGHT="55" CONTENT="étonnant" WC="0.99" CC="00012060"/>
						<SP ID="P101_SP00236" HPOS="500" VPOS="2690" WIDTH="31"/>
						<String ID="P101_ST00267" HPOS="531" VPOS="2635" WIDTH="391" HEIGHT="72" CONTENT="contrepoint," WC="1.00" CC="050050000004"/>
						<SP ID="P101_SP00237" HPOS="922" VPOS="2707" WIDTH="29"/>
						<String ID="P101_ST00268" HPOS="951" VPOS="2638" WIDTH="42" HEIGHT="53" CONTENT="il" WC="1.00" CC="00"/>
						<SP ID="P101_SP00238" HPOS="993" VPOS="2707" WIDTH="28"/>
						<String ID="P101_ST00269" HPOS="1021" VPOS="2638" WIDTH="219" HEIGHT="57" CONTENT="semble" WC="1.00" CC="000005"/>
						<SP ID="P101_SP00239" HPOS="1240" VPOS="2707" WIDTH="31"/>
						<String ID="P101_ST00270" HPOS="1271" VPOS="2640" WIDTH="378" HEIGHT="73" CONTENT="aujourd'hui" WC="0.99" CC="07407103370"/>
						<SP ID="P101_SP00240" HPOS="1649" VPOS="2713" WIDTH="30"/>
						<String ID="P101_ST00271" HPOS="1679" VPOS="2645" WIDTH="224" HEIGHT="69" CONTENT="prouvé" WC="0.98" CC="065700"/>
						<SP ID="P101_SP00241" HPOS="1903" VPOS="2714" WIDTH="17"/>
						<String ID="P101_ST00272" HPOS="1920" VPOS="2664" WIDTH="114" HEIGHT="54" CONTENT="que" WC="0.97" CC="070"/>
						<SP ID="P101_SP00242" HPOS="2034" VPOS="2718" WIDTH="31"/>
						<String ID="P101_ST00273" HPOS="2065" VPOS="2648" WIDTH="216" HEIGHT="54" CONTENT="Beetho" SUBS_TYPE="HypPart1" SUBS_CONTENT="Beethoven" WC="1.00" CC="510000"/>
						<HYP HPOS="2281" VPOS="2648" WIDTH="35" CONTENT="-"/>
					</TextLine>
					<TextLine ID="P101_TL00031" HPOS="212" VPOS="2715" WIDTH="2103" HEIGHT="74">
						<String ID="P101_ST00274" HPOS="212" VPOS="2733" WIDTH="115" HEIGHT="38" CONTENT="ven" SUBS_TYPE="HypPart2" SUBS_CONTENT="Beethoven" WC="0.99" CC="002"/>
						<SP ID="P101_SP00243" HPOS="327" VPOS="2771" WIDTH="42"/>
						<String ID="P101_ST00275" HPOS="369" VPOS="2735" WIDTH="36" HEIGHT="36" CONTENT="a" WC="1.00" CC="0"/>
						<SP ID="P101_SP00244" HPOS="405" VPOS="2771" WIDTH="40"/>
						<String ID="P101_ST00276" HPOS="445" VPOS="2715" WIDTH="183" HEIGHT="57" CONTENT="voulu" WC="0.98" CC="02706"/>
						<SP ID="P101_SP00245" HPOS="628" VPOS="2772" WIDTH="40"/>
						<String ID="P101_ST00277" HPOS="668" VPOS="2733" WIDTH="120" HEIGHT="39" CONTENT="non" WC="0.97" CC="070"/>
						<SP ID="P101_SP00246" HPOS="788" VPOS="2772" WIDTH="42"/>
						<String ID="P101_ST00278" HPOS="830" VPOS="2735" WIDTH="107" HEIGHT="54" CONTENT="pas" WC="1.00" CC="000"/>
						<SP ID="P101_SP00247" HPOS="937" VPOS="2789" WIDTH="42"/>
						<String ID="P101_ST00279" HPOS="979" VPOS="2716" WIDTH="145" HEIGHT="59" CONTENT="faire" WC="0.99" CC="70030"/>
						<SP ID="P101_SP00248" HPOS="1124" VPOS="2789" WIDTH="42"/>
						<String ID="P101_ST00280" HPOS="1166" VPOS="2718" WIDTH="148" HEIGHT="58" CONTENT="taire" WC="0.98" CC="00163"/>
						<SP ID="P101_SP00249" HPOS="1314" VPOS="2789" WIDTH="41"/>
						<String ID="P101_ST00281" HPOS="1355" VPOS="2720" WIDTH="53" HEIGHT="57" CONTENT="le" WC="1.00" CC="00"/>
						<SP ID="P101_SP00250" HPOS="1408" VPOS="2789" WIDTH="42"/>
						<String ID="P101_ST00282" HPOS="1450" VPOS="2724" WIDTH="218" HEIGHT="56" CONTENT="second" WC="1.00" CC="000000"/>
						<SP ID="P101_SP00251" HPOS="1668" VPOS="2789" WIDTH="40"/>
						<String ID="P101_ST00283" HPOS="1708" VPOS="2724" WIDTH="218" HEIGHT="58" CONTENT="basson" WC="0.99" CC="000045"/>
						<SP ID="P101_SP00252" HPOS="1926" VPOS="2789" WIDTH="41"/>
						<String ID="P101_ST00284" HPOS="1967" VPOS="2744" WIDTH="229" HEIGHT="41" CONTENT="comme" WC="0.98" CC="36003"/>
						<SP ID="P101_SP00253" HPOS="2196" VPOS="2789" WIDTH="41"/>
						<String ID="P101_ST00285" HPOS="2237" VPOS="2748" WIDTH="78" HEIGHT="37" CONTENT="on" WC="0.90" CC="20"/>
					</TextLine>
					<TextLine ID="P101_TL00032" HPOS="209" VPOS="2794" WIDTH="2102" HEIGHT="81">
						<String ID="P101_ST00286" HPOS="209" VPOS="2794" WIDTH="210" HEIGHT="57" CONTENT="l'avait" WC="1.00" CC="0400000"/>
						<SP ID="P101_SP00254" HPOS="419" VPOS="2851" WIDTH="34"/>
						<String ID="P101_ST00287" HPOS="453" VPOS="2796" WIDTH="269" HEIGHT="71" CONTENT="toujours" WC="0.98" CC="06640660"/>
						<SP ID="P101_SP00255" HPOS="722" VPOS="2867" WIDTH="35"/>
						<String ID="P101_ST00288" HPOS="757" VPOS="2814" WIDTH="120" HEIGHT="52" CONTENT="cru," WC="0.97" CC="0464"/>
						<SP ID="P101_SP00256" HPOS="877" VPOS="2867" WIDTH="38"/>
						<String ID="P101_ST00289" HPOS="915" VPOS="2799" WIDTH="148" HEIGHT="56" CONTENT="mais" WC="1.00" CC="0000"/>
						<SP ID="P101_SP00257" HPOS="1063" VPOS="2867" WIDTH="33"/>
						<String ID="P101_ST00290" HPOS="1096" VPOS="2800" WIDTH="293" HEIGHT="75" CONTENT="l'occuper" WC="0.99" CC="020006035"/>
						<SP ID="P101_SP00258" HPOS="1389" VPOS="2875" WIDTH="36"/>
						<String ID="P101_ST00291" HPOS="1425" VPOS="2803" WIDTH="35" HEIGHT="53" CONTENT="à" WC="0.79" CC="2"/>
						<SP ID="P101_SP00259" HPOS="1460" VPOS="2875" WIDTH="34"/>
						<String ID="P101_ST00292" HPOS="1494" VPOS="2804" WIDTH="244" HEIGHT="56" CONTENT="doubler" WC="0.99" CC="0670004"/>
						<SP ID="P101_SP00260" HPOS="1738" VPOS="2875" WIDTH="32"/>
						<String ID="P101_ST00293" HPOS="1770" VPOS="2805" WIDTH="83" HEIGHT="55" CONTENT="les" WC="1.00" CC="000"/>
						<SP ID="P101_SP00261" HPOS="1853" VPOS="2875" WIDTH="33"/>
						<String ID="P101_ST00294" HPOS="1886" VPOS="2809" WIDTH="425" HEIGHT="57" CONTENT="contrebasses." WC="1.00" CC="4200540400000"/>
					</TextLine>
					<TextLine ID="P101_TL00033" HPOS="213" VPOS="2878" WIDTH="2101" HEIGHT="78">
						<String ID="P101_ST00295" HPOS="213" VPOS="2878" WIDTH="166" HEIGHT="56" CONTENT="Cette" WC="1.00" CC="30000"/>
						<SP ID="P101_SP00262" HPOS="379" VPOS="2934" WIDTH="31"/>
						<String ID="P101_ST00296" HPOS="410" VPOS="2878" WIDTH="404" HEIGHT="56" CONTENT="combinaison" WC="1.00" CC="07000000020"/>
						<SP ID="P101_SP00263" HPOS="814" VPOS="2934" WIDTH="28"/>
						<String ID="P101_ST00297" HPOS="842" VPOS="2880" WIDTH="237" HEIGHT="56" CONTENT="soulève" WC="0.99" CC="0670000"/>
						<SP ID="P101_SP00264" HPOS="1079" VPOS="2936" WIDTH="32"/>
						<String ID="P101_ST00298" HPOS="1111" VPOS="2881" WIDTH="255" HEIGHT="58" CONTENT="diverses" WC="1.00" CC="00005000"/>
						<SP ID="P101_SP00265" HPOS="1366" VPOS="2939" WIDTH="29"/>
						<String ID="P101_ST00299" HPOS="1395" VPOS="2881" WIDTH="348" HEIGHT="75" CONTENT="objections," WC="0.99" CC="39400006204"/>
						<SP ID="P101_SP00266" HPOS="1743" VPOS="2956" WIDTH="36"/>
						<String ID="P101_ST00300" HPOS="1779" VPOS="2890" WIDTH="147" HEIGHT="54" CONTENT="dont" WC="0.98" CC="0640"/>
						<SP ID="P101_SP00267" HPOS="1926" VPOS="2956" WIDTH="28"/>
						<String ID="P101_ST00301" HPOS="1954" VPOS="2889" WIDTH="60" HEIGHT="56" CONTENT="la" WC="1.00" CC="00"/>
						<SP ID="P101_SP00268" HPOS="2014" VPOS="2956" WIDTH="29"/>
						<String ID="P101_ST00302" HPOS="2043" VPOS="2890" WIDTH="271" HEIGHT="59" CONTENT="moindre" WC="0.99" CC="0206050"/>
					</TextLine>
					<TextLine ID="P101_TL00034" HPOS="211" VPOS="2956" WIDTH="2103" HEIGHT="83">
						<String ID="P101_ST00303" HPOS="211" VPOS="2956" WIDTH="152" HEIGHT="58" CONTENT="n'est" WC="0.98" CC="44300"/>
						<SP ID="P101_SP00269" HPOS="363" VPOS="3014" WIDTH="34"/>
						<String ID="P101_ST00304" HPOS="397" VPOS="2975" WIDTH="106" HEIGHT="56" CONTENT="pas" WC="1.00" CC="000"/>
						<SP ID="P101_SP00270" HPOS="503" VPOS="3031" WIDTH="33"/>
						<String ID="P101_ST00305" HPOS="536" VPOS="2958" WIDTH="330" HEIGHT="57" CONTENT="l'habitude" WC="0.99" CC="2350400600"/>
						<SP ID="P101_SP00271" HPOS="866" VPOS="3031" WIDTH="33"/>
						<String ID="P101_ST00306" HPOS="899" VPOS="2961" WIDTH="152" HEIGHT="72" CONTENT="prise" WC="0.99" CC="04300"/>
						<SP ID="P101_SP00272" HPOS="1051" VPOS="3033" WIDTH="35"/>
						<String ID="P101_ST00307" HPOS="1086" VPOS="2963" WIDTH="205" HEIGHT="72" CONTENT="depuis" WC="0.99" CC="000620"/>
						<SP ID="P101_SP00273" HPOS="1291" VPOS="3035" WIDTH="33"/>
						<String ID="P101_ST00308" HPOS="1324" VPOS="2965" WIDTH="144" HEIGHT="55" CONTENT="trois" WC="0.99" CC="04101"/>
						<SP ID="P101_SP00274" HPOS="1468" VPOS="3035" WIDTH="34"/>
						<String ID="P101_ST00309" HPOS="1502" VPOS="2973" WIDTH="208" HEIGHT="65" CONTENT="quarts" WC="0.99" CC="060100"/>
						<SP ID="P101_SP00275" HPOS="1710" VPOS="3038" WIDTH="33"/>
						<String ID="P101_ST00310" HPOS="1743" VPOS="2969" WIDTH="73" HEIGHT="55" CONTENT="de" WC="1.00" CC="00"/>
						<SP ID="P101_SP00276" HPOS="1816" VPOS="3038" WIDTH="33"/>
						<String ID="P101_ST00311" HPOS="1849" VPOS="2969" WIDTH="169" HEIGHT="57" CONTENT="siècle" WC="1.00" CC="000000"/>
						<SP ID="P101_SP00277" HPOS="2018" VPOS="3038" WIDTH="26"/>
						<String ID="P101_ST00312" HPOS="2044" VPOS="2992" WIDTH="12" HEIGHT="47" CONTENT=";" WC="0.04" CC="9"/>
						<SP ID="P101_SP00278" HPOS="2056" VPOS="3039" WIDTH="38"/>
						<String ID="P101_ST00313" HPOS="2094" VPOS="2972" WIDTH="147" HEIGHT="54" CONTENT="mais" WC="1.00" CC="0000"/>
						<SP ID="P101_SP00279" HPOS="2241" VPOS="3039" WIDTH="32"/>
						<String ID="P101_ST00314" HPOS="2273" VPOS="2972" WIDTH="41" HEIGHT="54" CONTENT="il" WC="1.00" CC="00"/>
					</TextLine>
					<TextLine ID="P101_TL00035" HPOS="211" VPOS="3038" WIDTH="1247" HEIGHT="80">
						<String ID="P101_ST00315" HPOS="211" VPOS="3038" WIDTH="279" HEIGHT="58" CONTENT="vaudrait" WC="1.00" CC="00600100"/>
						<SP ID="P101_SP00280" HPOS="490" VPOS="3096" WIDTH="33"/>
						<String ID="P101_ST00316" HPOS="523" VPOS="3040" WIDTH="295" HEIGHT="70" CONTENT="peut-être" WC="0.99" CC="007000053"/>
						<SP ID="P101_SP00281" HPOS="818" VPOS="3110" WIDTH="31"/>
						<String ID="P101_ST00317" HPOS="849" VPOS="3040" WIDTH="59" HEIGHT="57" CONTENT="la" WC="1.00" CC="00"/>
						<SP ID="P101_SP00282" HPOS="908" VPOS="3110" WIDTH="33"/>
						<String ID="P101_ST00318" HPOS="941" VPOS="3041" WIDTH="169" HEIGHT="74" CONTENT="peine" WC="1.00" CC="03000"/>
						<SP ID="P101_SP00283" HPOS="1110" VPOS="3115" WIDTH="35"/>
						<String ID="P101_ST00319" HPOS="1145" VPOS="3044" WIDTH="313" HEIGHT="74" CONTENT="d'essayer." WC="1.00" CC="0300000000"/>
					</TextLine>
					<TextLine ID="P101_TL00036" HPOS="325" VPOS="3120" WIDTH="1989" HEIGHT="85">
						<String ID="P101_ST00320" HPOS="325" VPOS="3120" WIDTH="80" HEIGHT="56" CONTENT="Le" WC="0.65" CC="33"/>
						<SP ID="P101_SP00284" HPOS="405" VPOS="3176" WIDTH="43"/>
						<String ID="P101_ST00321" HPOS="448" VPOS="3128" WIDTH="381" HEIGHT="49" CONTENT="mouvement" WC="1.00" CC="007000000"/>
						<SP ID="P101_SP00285" HPOS="829" VPOS="3177" WIDTH="46"/>
						<String ID="P101_ST00322" HPOS="875" VPOS="3124" WIDTH="82" HEIGHT="56" CONTENT="du" WC="0.65" CC="06"/>
						<SP ID="P101_SP00286" HPOS="957" VPOS="3180" WIDTH="41"/>
						<String ID="P101_ST00323" HPOS="998" VPOS="3124" WIDTH="114" HEIGHT="56" CONTENT="trio" WC="1.00" CC="0000"/>
						<SP ID="P101_SP00287" HPOS="1112" VPOS="3180" WIDTH="47"/>
						<String ID="P101_ST00324" HPOS="1159" VPOS="3128" WIDTH="97" HEIGHT="67" CONTENT="(en" WC="0.97" CC="304"/>
						<SP ID="P101_SP00288" HPOS="1256" VPOS="3195" WIDTH="39"/>
						<String ID="P101_ST00325" HPOS="1295" VPOS="3128" WIDTH="60" HEIGHT="53" CONTENT="ré" WC="0.29" CC="76" STYLEREFS="TXT_3"/>
						<SP ID="P101_SP00289" HPOS="1355" VPOS="3195" WIDTH="42"/>
						<String ID="P101_ST00326" HPOS="1397" VPOS="3129" WIDTH="245" HEIGHT="71" CONTENT="majeur," WC="0.99" CC="0040654"/>
						<SP ID="P101_SP00290" HPOS="1642" VPOS="3200" WIDTH="48"/>
						<String ID="P101_ST00327" HPOS="1690" VPOS="3130" WIDTH="36" HEIGHT="54" CONTENT="à" WC="0.63" CC="3"/>
						<SP ID="P101_SP00291" HPOS="1726" VPOS="3200" WIDTH="43"/>
						<String ID="P101_ST00328" HPOS="1769" VPOS="3132" WIDTH="157" HEIGHT="56" CONTENT="deux" WC="0.99" CC="0070"/>
						<SP ID="P101_SP00292" HPOS="1926" VPOS="3200" WIDTH="41"/>
						<String ID="P101_ST00329" HPOS="1967" VPOS="3137" WIDTH="217" HEIGHT="68" CONTENT="temps)" WC="1.00" CC="000004"/>
						<SP ID="P101_SP00293" HPOS="2184" VPOS="3205" WIDTH="50"/>
						<String ID="P101_ST00330" HPOS="2234" VPOS="3138" WIDTH="80" HEIGHT="55" CONTENT="du" WC="0.65" CC="06"/>
					</TextLine>
					<TextLine ID="P101_TL00037" HPOS="211" VPOS="3200" WIDTH="2101" HEIGHT="85">
						<String ID="P101_ST00331" HPOS="211" VPOS="3200" WIDTH="236" HEIGHT="56" CONTENT="scherzo" WC="0.99" CC="0090460"/>
						<SP ID="P101_SP00294" HPOS="447" VPOS="3256" WIDTH="40"/>
						<String ID="P101_ST00332" HPOS="487" VPOS="3219" WIDTH="36" HEIGHT="36" CONTENT="a" WC="0.46" CC="5"/>
						<SP ID="P101_SP00295" HPOS="523" VPOS="3256" WIDTH="42"/>
						<String ID="P101_ST00333" HPOS="565" VPOS="3203" WIDTH="192" HEIGHT="54" CONTENT="donné" WC="1.00" CC="03000"/>
						<SP ID="P101_SP00296" HPOS="757" VPOS="3257" WIDTH="39"/>
						<String ID="P101_ST00334" HPOS="796" VPOS="3203" WIDTH="117" HEIGHT="57" CONTENT="lieu" WC="0.99" CC="0006"/>
						<SP ID="P101_SP00297" HPOS="913" VPOS="3260" WIDTH="42"/>
						<String ID="P101_ST00335" HPOS="955" VPOS="3205" WIDTH="34" HEIGHT="54" CONTENT="à" WC="0.95" CC="0"/>
						<SP ID="P101_SP00298" HPOS="989" VPOS="3260" WIDTH="38"/>
						<String ID="P101_ST00336" HPOS="1027" VPOS="3224" WIDTH="116" HEIGHT="38" CONTENT="une" WC="0.95" CC="740"/>
						<SP ID="P101_SP00299" HPOS="1143" VPOS="3262" WIDTH="39"/>
						<String ID="P101_ST00337" HPOS="1182" VPOS="3207" WIDTH="213" HEIGHT="73" CONTENT="longue" WC="0.99" CC="070060"/>
						<SP ID="P101_SP00300" HPOS="1395" VPOS="3280" WIDTH="41"/>
						<String ID="P101_ST00338" HPOS="1436" VPOS="3215" WIDTH="376" HEIGHT="53" CONTENT="controverse" WC="0.99" CC="06004602600"/>
						<SP ID="P101_SP00301" HPOS="1812" VPOS="3280" WIDTH="43"/>
						<String ID="P101_ST00339" HPOS="1855" VPOS="3214" WIDTH="205" HEIGHT="71" CONTENT="(qu'on" WC="0.98" CC="307255"/>
						<SP ID="P101_SP00302" HPOS="2060" VPOS="3285" WIDTH="39"/>
						<String ID="P101_ST00340" HPOS="2099" VPOS="3219" WIDTH="91" HEIGHT="52" CONTENT="est" WC="1.00" CC="000"/>
						<SP ID="P101_SP00303" HPOS="2190" VPOS="3285" WIDTH="40"/>
						<String ID="P101_ST00341" HPOS="2230" VPOS="3235" WIDTH="82" HEIGHT="38" CONTENT="un" WC="0.45" CC="64"/>
					</TextLine>
					<TextLine ID="P101_TL00038" HPOS="209" VPOS="3282" WIDTH="2102" HEIGHT="77">
						<String ID="P101_ST00342" HPOS="209" VPOS="3298" WIDTH="117" HEIGHT="53" CONTENT="peu" WC="0.97" CC="007"/>
						<SP ID="P101_SP00304" HPOS="326" VPOS="3351" WIDTH="38"/>
						<String ID="P101_ST00343" HPOS="364" VPOS="3282" WIDTH="220" HEIGHT="69" CONTENT="surpris" WC="0.99" CC="0650010"/>
						<SP ID="P101_SP00305" HPOS="584" VPOS="3351" WIDTH="42"/>
						<String ID="P101_ST00344" HPOS="626" VPOS="3285" WIDTH="71" HEIGHT="54" CONTENT="de" WC="1.00" CC="00"/>
						<SP ID="P101_SP00306" HPOS="697" VPOS="3351" WIDTH="39"/>
						<String ID="P101_ST00345" HPOS="736" VPOS="3304" WIDTH="73" HEIGHT="37" CONTENT="ne" WC="1.00" CC="00"/>
						<SP ID="P101_SP00307" HPOS="809" VPOS="3351" WIDTH="40"/>
						<String ID="P101_ST00346" HPOS="849" VPOS="3304" WIDTH="108" HEIGHT="55" CONTENT="pas" WC="0.97" CC="015"/>
						<SP ID="P101_SP00308" HPOS="957" VPOS="3359" WIDTH="38"/>
						<String ID="P101_ST00347" HPOS="995" VPOS="3293" WIDTH="243" HEIGHT="51" CONTENT="trouver" WC="0.99" CC="0126006"/>
						<SP ID="P101_SP00309" HPOS="1238" VPOS="3359" WIDTH="39"/>
						<String ID="P101_ST00348" HPOS="1277" VPOS="3290" WIDTH="375" HEIGHT="58" CONTENT="mentionnée" WC="1.00" CC="0100050101"/>
						<SP ID="P101_SP00310" HPOS="1652" VPOS="3359" WIDTH="42"/>
						<String ID="P101_ST00349" HPOS="1694" VPOS="3295" WIDTH="146" HEIGHT="56" CONTENT="dans" WC="0.99" CC="0050"/>
						<SP ID="P101_SP00311" HPOS="1840" VPOS="3359" WIDTH="39"/>
						<String ID="P101_ST00350" HPOS="1879" VPOS="3295" WIDTH="55" HEIGHT="56" CONTENT="le" WC="1.00" CC="00"/>
						<SP ID="P101_SP00312" HPOS="1934" VPOS="3359" WIDTH="39"/>
						<String ID="P101_ST00351" HPOS="1973" VPOS="3295" WIDTH="155" HEIGHT="58" CONTENT="beau" WC="0.98" CC="0007"/>
						<SP ID="P101_SP00313" HPOS="2128" VPOS="3359" WIDTH="37"/>
						<String ID="P101_ST00352" HPOS="2165" VPOS="3298" WIDTH="146" HEIGHT="56" CONTENT="livre" WC="1.00" CC="00030"/>
					</TextLine>
					<TextLine ID="P101_TL00039" HPOS="209" VPOS="3360" WIDTH="2102" HEIGHT="92">
						<String ID="P101_ST00353" HPOS="209" VPOS="3360" WIDTH="74" HEIGHT="56" CONTENT="de" WC="1.00" CC="00"/>
						<SP ID="P101_SP00314" HPOS="283" VPOS="3416" WIDTH="38"/>
						<String ID="P101_ST00354" HPOS="321" VPOS="3363" WIDTH="76" HEIGHT="53" CONTENT="M." WC="0.78" CC="04"/>
						<SP ID="P101_SP00315" HPOS="397" VPOS="3416" WIDTH="41"/>
						<String ID="P101_ST00355" HPOS="438" VPOS="3363" WIDTH="413" HEIGHT="59" CONTENT="Prod'homme" WC="0.71" CC="6400364001"/>
						<SP ID="P101_SP00316" HPOS="851" VPOS="3422" WIDTH="35"/>
						<String ID="P101_ST00356" HPOS="886" VPOS="3383" WIDTH="99" HEIGHT="39" CONTENT="sur" WC="0.95" CC="075"/>
						<SP ID="P101_SP00317" HPOS="985" VPOS="3422" WIDTH="35"/>
						<String ID="P101_ST00357" HPOS="1020" VPOS="3367" WIDTH="82" HEIGHT="57" CONTENT="les" WC="1.00" CC="000"/>
						<SP ID="P101_SP00318" HPOS="1102" VPOS="3424" WIDTH="37"/>
						<String ID="P101_ST00358" HPOS="1139" VPOS="3369" WIDTH="434" HEIGHT="73" CONTENT="Symphonies)." WC="1.00" CC="000001002004"/>
						<SP ID="P101_SP00319" HPOS="1573" VPOS="3442" WIDTH="41"/>
						<String ID="P101_ST00359" HPOS="1614" VPOS="3373" WIDTH="347" HEIGHT="60" CONTENT="Beethoven" WC="0.99" CC="503060000"/>
						<SP ID="P101_SP00320" HPOS="1961" VPOS="3442" WIDTH="36"/>
						<String ID="P101_ST00360" HPOS="1997" VPOS="3395" WIDTH="35" HEIGHT="36" CONTENT="a" WC="1.00" CC="0"/>
						<SP ID="P101_SP00321" HPOS="2032" VPOS="3442" WIDTH="34"/>
						<String ID="P101_ST00361" HPOS="2066" VPOS="3378" WIDTH="245" HEIGHT="74" CONTENT="indiqué" WC="1.00" CC="0000070"/>
					</TextLine>
					<TextLine ID="P101_TL00040" HPOS="204" VPOS="3442" WIDTH="2102" HEIGHT="88">
						<String ID="P101_ST00362" HPOS="204" VPOS="3442" WIDTH="85" HEIGHT="55" CONTENT="les" WC="1.00" CC="000"/>
						<SP ID="P101_SP00322" HPOS="289" VPOS="3497" WIDTH="41"/>
						<String ID="P101_ST00363" HPOS="330" VPOS="3450" WIDTH="410" HEIGHT="50" CONTENT="mouvements" WC="1.00" CC="0070004000"/>
						<SP ID="P101_SP00323" HPOS="740" VPOS="3500" WIDTH="43"/>
						<String ID="P101_ST00364" HPOS="783" VPOS="3464" WIDTH="76" HEIGHT="38" CONTENT="au" WC="0.64" CC="06"/>
						<SP ID="P101_SP00324" HPOS="859" VPOS="3502" WIDTH="41"/>
						<String ID="P101_ST00365" HPOS="900" VPOS="3450" WIDTH="367" HEIGHT="56" CONTENT="métronome" WC="0.99" CC="000440500"/>
						<SP ID="P101_SP00325" HPOS="1267" VPOS="3506" WIDTH="43"/>
						<String ID="P101_ST00366" HPOS="1310" VPOS="3453" WIDTH="148" HEIGHT="55" CONTENT="dans" WC="1.00" CC="0000"/>
						<SP ID="P101_SP00326" HPOS="1458" VPOS="3508" WIDTH="39"/>
						<String ID="P101_ST00367" HPOS="1497" VPOS="3472" WIDTH="116" HEIGHT="38" CONTENT="une" WC="0.93" CC="775"/>
						<SP ID="P101_SP00327" HPOS="1613" VPOS="3510" WIDTH="39"/>
						<String ID="P101_ST00368" HPOS="1652" VPOS="3454" WIDTH="175" HEIGHT="57" CONTENT="lettre" WC="0.99" CC="003060"/>
						<SP ID="P101_SP00328" HPOS="1827" VPOS="3511" WIDTH="42"/>
						<String ID="P101_ST00369" HPOS="1869" VPOS="3458" WIDTH="36" HEIGHT="53" CONTENT="à" WC="1.00" CC="0"/>
						<SP ID="P101_SP00329" HPOS="1905" VPOS="3511" WIDTH="42"/>
						<String ID="P101_ST00370" HPOS="1947" VPOS="3459" WIDTH="321" HEIGHT="57" CONTENT="Moscheks" WC="0.69" CC="06006091"/>
						<SP ID="P101_SP00330" HPOS="2268" VPOS="3516" WIDTH="25"/>
						<String ID="P101_ST00371" HPOS="2293" VPOS="3483" WIDTH="13" HEIGHT="47" CONTENT=";" WC="1.00" CC="9"/>
					</TextLine>
					<TextLine ID="P101_TL00041" HPOS="204" VPOS="3523" WIDTH="2107" HEIGHT="84">
						<String ID="P101_ST00372" HPOS="204" VPOS="3523" WIDTH="42" HEIGHT="54" CONTENT="il" WC="1.00" CC="00"/>
						<SP ID="P101_SP00331" HPOS="246" VPOS="3577" WIDTH="39"/>
						<String ID="P101_ST00373" HPOS="285" VPOS="3528" WIDTH="131" HEIGHT="51" CONTENT="cote" WC="1.00" CC="0000"/>
						<SP ID="P101_SP00332" HPOS="416" VPOS="3579" WIDTH="43"/>
						<String ID="P101_ST00374" HPOS="459" VPOS="3524" WIDTH="108" HEIGHT="55" CONTENT="116" WC="0.81" CC="032"/>
						<SP ID="P101_SP00333" HPOS="567" VPOS="3579" WIDTH="37"/>
						<String ID="P101_ST00375" HPOS="604" VPOS="3527" WIDTH="60" HEIGHT="54" CONTENT="la" WC="1.00" CC="00"/>
						<SP ID="P101_SP00334" HPOS="664" VPOS="3581" WIDTH="38"/>
						<String ID="P101_ST00376" HPOS="702" VPOS="3527" WIDTH="249" HEIGHT="58" CONTENT="blanche" WC="0.99" CC="0202064"/>
						<SP ID="P101_SP00335" HPOS="951" VPOS="3585" WIDTH="39"/>
						<String ID="P101_ST00377" HPOS="990" VPOS="3529" WIDTH="237" HEIGHT="74" CONTENT="pointée" WC="0.98" CC="0622604"/>
						<SP ID="P101_SP00336" HPOS="1227" VPOS="3603" WIDTH="41"/>
						<String ID="P101_ST00378" HPOS="1268" VPOS="3534" WIDTH="149" HEIGHT="55" CONTENT="dans" WC="1.00" CC="0000"/>
						<SP ID="P101_SP00337" HPOS="1417" VPOS="3603" WIDTH="38"/>
						<String ID="P101_ST00379" HPOS="1455" VPOS="3533" WIDTH="55" HEIGHT="57" CONTENT="le" WC="0.88" CC="01"/>
						<SP ID="P101_SP00338" HPOS="1510" VPOS="3603" WIDTH="40"/>
						<String ID="P101_ST00380" HPOS="1550" VPOS="3537" WIDTH="238" HEIGHT="56" CONTENT="scherzo" WC="0.99" CC="0061452"/>
						<SP ID="P101_SP00339" HPOS="1788" VPOS="3603" WIDTH="43"/>
						<String ID="P101_ST00381" HPOS="1831" VPOS="3538" WIDTH="382" HEIGHT="69" CONTENT="(c'est-à-dire" WC="1.00" CC="0003000230052"/>
						<SP ID="P101_SP00340" HPOS="2213" VPOS="3607" WIDTH="40"/>
						<String ID="P101_ST00382" HPOS="2253" VPOS="3541" WIDTH="58" HEIGHT="57" CONTENT="la" WC="0.77" CC="40"/>
					</TextLine>
					<TextLine ID="P101_TL00042" HPOS="205" VPOS="3607" WIDTH="1846" HEIGHT="78">
						<String ID="P101_ST00383" HPOS="205" VPOS="3607" WIDTH="177" HEIGHT="56" CONTENT="durée" WC="0.97" CC="57500"/>
						<SP ID="P101_SP00341" HPOS="382" VPOS="3663" WIDTH="25"/>
						<String ID="P101_ST00384" HPOS="407" VPOS="3607" WIDTH="219" HEIGHT="56" CONTENT="entière" WC="0.99" CC="0300150"/>
						<SP ID="P101_SP00342" HPOS="626" VPOS="3663" WIDTH="29"/>
						<String ID="P101_ST00385" HPOS="655" VPOS="3608" WIDTH="71" HEIGHT="55" CONTENT="de" WC="1.00" CC="00"/>
						<SP ID="P101_SP00343" HPOS="726" VPOS="3663" WIDTH="26"/>
						<String ID="P101_ST00386" HPOS="752" VPOS="3608" WIDTH="58" HEIGHT="55" CONTENT="la" WC="1.00" CC="00"/>
						<SP ID="P101_SP00344" HPOS="810" VPOS="3663" WIDTH="27"/>
						<String ID="P101_ST00387" HPOS="837" VPOS="3628" WIDTH="227" HEIGHT="38" CONTENT="mesure" WC="0.99" CC="000650"/>
						<SP ID="P101_SP00345" HPOS="1064" VPOS="3666" WIDTH="28"/>
						<String ID="P101_ST00388" HPOS="1092" VPOS="3612" WIDTH="35" HEIGHT="53" CONTENT="à" WC="1.00" CC="0"/>
						<SP ID="P101_SP00346" HPOS="1127" VPOS="3666" WIDTH="26"/>
						<String ID="P101_ST00389" HPOS="1153" VPOS="3610" WIDTH="491" HEIGHT="75" CONTENT="trois-quatre),et" WC="1.00" CC="0530020600500400"/>
						<SP ID="P101_SP00347" HPOS="1644" VPOS="3685" WIDTH="28"/>
						<String ID="P101_ST00390" HPOS="1672" VPOS="3618" WIDTH="156" HEIGHT="55" CONTENT="aussi" WC="0.99" CC="07000"/>
						<SP ID="P101_SP00348" HPOS="1828" VPOS="3685" WIDTH="31"/>
						<String ID="P101_ST00391" HPOS="1859" VPOS="3619" WIDTH="108" HEIGHT="56" CONTENT="116" WC="0.79" CC="112"/>
						<SP ID="P101_SP00349" HPOS="1967" VPOS="3685" WIDTH="24"/>
						<String ID="P101_ST00392" HPOS="1991" VPOS="3621" WIDTH="60" HEIGHT="54" CONTENT="la" WC="1.00" CC="00"/>
					</TextLine>
				</TextBlock>
			</PrintSpace>
		</Page>
	</Layout>
</alto>
