2451 3962
252 291 65 50 66

787 300 267 41 BULLETIN
1088 300 264 50 FRANÇAIS
1390 299 73 34 DE
1498 298 68 35 LA
1606 298 40 34 S.
1686 296 33 35 I.
1760 298 54 34 M.

366 452 80 54 Le
474 450 304 57 deuxième
804 452 130 50 acte
960 464 60 38 se
1047 464 170 53 passe
1244 465 77 37 au
1348 445 195 56 Palais
1566 442 288 73 impérial,
1884 444 150 55 dans
2058 460 117 38 une
2208 449 127 64 salle

258 532 71 56 de
362 531 456 71 l'appartement
864 526 166 73 privé
1079 527 81 55 du
1208 532 140 50 tsar.
1401 525 213 70 Xénia,
1664 524 61 54 la
1764 524 117 54 fille
1931 524 72 55 de
2053 524 185 73 Boris,
2284 550 51 43 se

253 612 258 56 lamente
527 612 221 55 devant
780 609 53 54 le
866 606 253 73 portrait
1142 610 81 53 du
1246 609 188 56 fiancé
1467 605 212 75 qu'elle
1714 624 35 37 a
1781 606 207 71 perdu.
2008 605 140 56 Près
2181 609 154 66 d'elle

256 710 105 38 son
402 694 172 70 jeune
615 691 166 68 frère,
823 687 55 58 le
919 687 325 56 tsarévitch
1287 689 246 68 Feodor,
1576 687 256 56 s'amuse
1876 686 178 57 d'une
2096 692 239 67 pendule

253 771 382 73 compliquée.
659 771 87 55 La
765 769 265 56 nourrice
1053 767 111 58 fait
1185 772 282 55 entendre
1491 770 103 56 des
1613 766 233 74 paroles
1866 767 72 56 de
1961 766 375 83 consolation,

250 870 248 56 propose
540 870 81 37 un
661 850 100 72 jeu
803 851 232 54 chanté.
1079 850 96 55 Au
1216 850 199 56 milieu
1457 853 72 55 de
1570 849 58 56 la
1669 847 212 74 partie,
1923 847 55 56 le
2020 853 124 50 tsar
2185 859 151 57 entre

248 933 422 72 inopinément.
717 933 87 54 La
846 931 266 55 nourrice
1156 949 213 53 pousse
1415 952 83 36 un
1542 930 81 56 cri
1669 930 74 56 de
1788 935 243 51 terreur.
2081 929 166 58 Boris
2286 938 50 58 la

249 1014 268 71 reprend,
563 1011 133 74 puis
741 1014 232 54 adresse
1019 1014 72 54 de
1138 1013 216 55 douces
1397 1011 231 75 paroles
1674 1011 36 55 à
1757 1010 197 56 Xénia
1999 1011 266 74 d'abord,
2308 1020 28 56 à

247 1113 106 38 son
384 1093 91 55 fils
504 1094 246 56 ensuite.
785 1094 131 56 Fier
948 1095 72 55 de
1052 1112 108 38 son
1192 1094 213 70 savoir,
1439 1094 228 57 Feodor
1700 1090 186 58 décrit
1919 1094 36 53 à
1985 1109 110 38 son
2125 1095 133 70 père
2285 1099 51 58 la

248 1181 159 50 carte
441 1175 72 55 de
544 1174 263 73 l'empire
838 1193 180 38 russe.
1053 1195 23 30 «
1109 1175 168 69 Bien,
1311 1194 142 37 mon
1484 1175 91 56 fils
1602 1175 10 55 !
1651 1174 90 56 dit
1772 1173 55 57 le
1860 1179 142 49 tsar.
2037 1174 298 79 Travaille,

248 1255 227 56 Feodor
502 1277 13 34 :
557 1274 82 37 un
677 1254 134 72 jour
851 1260 93 50 cet
985 1255 219 72 empire
1246 1255 474 72 t'appartiendra
1748 1255 66 56 !»
1844 1254 82 54 Et
1966 1255 37 53 à
2041 1253 59 55 la
2139 1263 197 63 pensée

249 1336 71 56 de
356 1336 57 56 la
449 1336 307 73 puissance
793 1336 288 73 suprême,
1118 1336 44 55 il
1198 1336 307 70 s'attriste,
1545 1354 59 37 se
1639 1335 261 74 rappelle
1936 1335 54 56 le
2028 1336 178 56 crime
2242 1358 94 53 par

245 1415 192 74 lequel
473 1416 42 54 il
554 1416 210 56 acheta
802 1416 53 56 le
893 1416 269 72 pouvoir,
1202 1416 58 55 la
1298 1416 225 56 révolte
1562 1433 138 38 sans
1739 1433 157 38 cesse
1937 1416 398 72 grandissante

247 1496 71 56 de
353 1515 107 37 son
497 1498 227 72 peuple.
766 1498 52 54 Il
854 1498 273 71 s'effraie,
1166 1496 362 58 s'hallucine.
1569 1498 99 56 Un
1705 1498 165 54 bruit
1907 1496 226 58 bizarre
2168 1499 140 61 inter-

242 1584 199 66 rompt
483 1578 57 56 la
582 1579 170 55 scène
781 1599 12 35 :
840 1580 35 54 à
917 1579 57 55 la
1019 1580 331 55 cantonade
1396 1580 102 55 des
1540 1578 248 57 femmes
1830 1578 390 72 poursuivent
2262 1603 74 39 un

244 1664 318 67 perroquet
606 1660 263 73 échappé
916 1663 100 67 (i).
1066 1661 81 55 Le
1192 1660 345 66 tsarévitch,
1626 1661 231 72 envoyé
1903 1679 120 36 aux
2067 1660 236 61 informa-

243 1738 176 70 tions,
459 1740 227 55 revient
723 1758 142 38 avec
903 1759 83 37 un
1021 1742 145 54 récit
1203 1740 258 71 complet
1499 1742 72 54 de
1607 1740 326 56 l'incident.
1976 1740 355 76 Cependant,

243 1837 81 37 un
366 1820 267 71 seigneur
675 1838 59 37 se
779 1823 288 70 présente,
1113 1839 264 38 annonce
1421 1841 77 35 au
1541 1828 124 49 tsar
1707 1820 271 57 l'arrivée
2023 1822 82 55 du
2148 1824 187 71 prince

244 1900 296 70 Chouiski,
607 1919 107 37 son
781 1903 298 56 conseiller
1145 1908 61 51 et
1270 1903 155 71 jadis
1505 1921 107 38 son
1693 1903 305 72 complice.
2069 1904 267 60 Chouiski

240 1987 251 66 apporte
508 1983 70 54 de
596 1982 264 55 terribles
875 1983 300 56 nouvelles
1195 2004 12 35 :
1242 1983 59 56 la
1333 1984 226 56 révolte
1593 2002 206 54 gagne.
1819 1985 98 55 Un
1948 1984 327 72 imposteur
2305 2008 30 38 a

238 2078 148 53 paru
435 2081 118 35 aux
600 2062 307 55 frontières
955 2063 454 72 lithuaniennes,
1458 2065 316 56 soulevant
1823 2064 59 57 la
1931 2064 160 57 foule
2142 2073 189 55 contre

240 2142 187 71 Boris,
449 2144 167 71 grâce
637 2163 77 37 au
734 2163 143 37 nom
894 2147 309 54 ressuscité
1225 2144 72 57 de
1325 2147 259 56 Dimitri.
1608 2148 81 55 Le
1717 2152 125 51 tsar
1871 2148 221 70 frémit,
2122 2149 213 74 éloigne

237 2239 106 40 son
377 2224 91 56 fils
493 2247 14 48 ;
543 2225 43 56 il
620 2225 240 71 conjure
898 2227 280 56 Chouiski
1212 2227 72 57 de
1321 2228 250 56 certifier
1607 2247 211 38 encore
1875 2248 115 54 que
2028 2230 147 56 c'est
2209 2232 124 58 bien

237 2303 238 56 Dimitri
520 2307 100 71 qui
665 2305 92 55 fut
802 2308 304 55 assassiné.
1155 2308 81 56 Et
1280 2308 300 74 Chouiski,
1626 2328 151 55 pour
1819 2310 53 56 le
1917 2313 302 70 frassurer,
2261 2313 72 56 lui

237 2385 185 56 décrit
447 2387 52 56 le
526 2387 152 72 petit
706 2406 169 54 corps
903 2389 296 73 sanglant,
1227 2390 150 55 mais
1402 2390 270 72 radieux,
1700 2393 83 55 tel
1810 2393 146 72 qu'il
1983 2394 95 56 fut
2129 2398 204 70 exposé

237 2467 146 54 dans
412 2467 213 73 l'église
657 2469 358 73 d'Ouglitch.
1049 2472 111 56 Les
1188 2472 160 56 nerfs
1377 2472 268 58 malades
1675 2474 73 56 de
1780 2474 171 55 Boris
1980 2493 61 38 se
2074 2477 254 56 cabrent.

234 2545 276 59 Chouiski
541 2554 124 50 sort
695 2567 99 37 sur
825 2550 212 56 l'ordre
1067 2552 328 73 impérieux
1428 2553 72 58 de
1532 2572 107 38 son
1672 2554 235 57 maître.
1966 2556 191 72 Boris,
2191 2558 142 56 resté

234 2628 141 71 seul,
424 2631 162 54 subit
631 2650 116 38 une
792 2633 271 58 nouvelle
1110 2634 446 57 hallucination.
1608 2637 53 56 Il
1707 2639 134 55 voit
1888 2639 227 56 devant
2162 2639 81 58 lui
2286 2639 46 58 le

231 2711 252 55 cadavre
521 2713 71 55 de
629 2730 66 36 sa
745 2714 260 71 victime,
1057 2716 43 54 il
1150 2718 203 55 écume
1402 2723 63 50 et
1515 2719 215 56 halète.
1792 2721 159 57 C'est
2004 2741 117 37 une
2175 2723 156 55 scène

231 2791 324 73 effroyable
582 2799 166 51 entre
775 2801 199 52 toutes
1001 2797 173 57 celles
1200 2801 101 71 qui
1330 2807 107 50 ont
1463 2801 94 54 été
1587 2802 176 56 mises
1790 2822 77 36 au
1895 2803 254 56 théâtre.

344 2874 80 56 Le
460 2879 164 52 texte
659 2896 73 37 en
766 2883 111 64 est,
915 2896 148 53 pour
1098 2879 58 55 la
1189 2881 135 72 plus
1359 2883 221 73 grande
1616 2885 212 72 partie,
1868 2886 73 56 de
1979 2885 349 57 Pouchkine.

230 2953 155 57 Tout
419 2973 63 39 ce
516 2956 102 72 qui
651 2958 245 73 précède
929 2958 241 59 l'entrée
1206 2963 71 56 de
1311 2965 170 54 Boris
1514 2970 92 50 est
1646 2967 71 55 de
1743 2967 419 72 Moussorgski,
2194 2963 137 60 ainsi

231 3052 115 56 que
381 3036 83 57 les
499 3038 284 71 épisodes.

348 3117 80 56 Le
473 3118 294 57 troisième
813 3127 130 50 acte
988 3127 136 52 tout
1167 3125 188 57 entier
1397 3131 93 51 est
1534 3128 298 56 constitué
1875 3147 109 55 par
2030 3131 104 54 des
2176 3130 122 54 hors-

239 3198 281 56 d'œuvre.
558 3199 52 55 Il
642 3219 59 36 se
734 3221 171 53 passe
939 3205 35 53 à
1007 3205 332 71 Sandomir,
1377 3210 149 56 dans
1557 3208 52 58 le
1645 3211 272 56 château'
1935 3212 82 56 du
2050 3212 278 56 voïévode

348 3380 61 48 (i)
437 3379 80 40 Cet
543 3380 181 52 épisode
748 3387 70 35 est
843 3384 136 39 fondé
1004 3398 77 26 sur
1105 3387 40 39 le
1171 3387 101 47 fait,
1298 3390 217 51 rapporté
1540 3403 84 39 par
1650 3392 287 48 Karamsine,
1965 3406 88 40 que
2079 3396 42 38 le
2147 3394 181 53 premier

230 3444 244 47 perroquet
500 3441 225 41 introduit
753 3457 56 26 en
837 3445 162 40 Russie
1028 3446 72 39 fut
1129 3448 148 39 donné
1306 3462 58 26 au
1392 3453 96 37 tsar
1516 3452 142 40 Boris.
1690 3453 150 40 Puéril
1869 3454 28 39 à
1923 3457 221 50 première
2173 3468 99 34 vue,
2302 3452 28 41 il

228 3503 71 36 est
321 3513 54 26 en
396 3501 155 39 réalité
574 3515 86 27 une
682 3507 240 37 trouvaille
945 3507 265 48 admirable,
1234 3510 78 51 qui
1334 3511 166 41 dénote
1523 3526 62 27 un
1606 3515 249 39 sentiment
1876 3518 318 50 exceptionnel
2214 3520 45 36 et
2280 3515 47 39 de

230 3560 45 39 la
294 3560 141 40 vérité
456 3561 225 42 théâtrale
702 3569 46 36 et
770 3566 55 39 de
845 3566 154 40 l'effet.
1023 3568 69 40 De
1113 3570 161 47 même,
1295 3572 102 51 plus
1417 3573 106 47 loin,
1544 3575 45 39 la
1609 3575 197 52 pendule
1827 3577 268 53 mécanique
2116 3579 79 52 qui
2215 3578 91 39 fonc-

227 3621 157 39 tionne
414 3635 58 26 au
501 3629 204 35 moment
735 3638 59 27 ou
822 3627 26 38 F
855 3627 331 42 hallucination
1216 3631 55 40 de
1300 3633 129 40 Boris
1457 3647 326 29 recommence.
