2451 3962
737 299 268 37 BULLETIN
1041 296 264 46 FRANÇAIS
1343 298 71 34 DE
1451 296 66 35 LA
1556 296 42 35 S.
1638 295 34 34 I.
1713 296 53 33 M.

202 302 60 48 go

202 451 245 67 Mozart,
489 447 129 57 l'air
658 448 73 55 de
770 444 227 56 Fidelio
1041 447 72 54 de
1154 445 363 68 Beethoven,
1559 442 129 56 l'air
1730 444 81 55 du
1850 443 342 70 Freyschùtz
2231 447 71 59 de

204 532 227 67 Weber,
472 531 58 54 la
569 531 157 52 Mort
766 528 73 56 de
878 527 199 54 Didon
1118 527 103 54 des
1941 524 72 56 de
2054 525 246 68 Berlioz,

200 611 128 55 l'air
559 609 177 57 d'Hulda
737 609 67 55 de
805 609 164 54 César
1015 608 248 53 Franck.

314 691 316 55 Admirons
680 686 250 58 d'abord
976 688 58 53 la
1084 705 223 39 somme
1358 689 71 55 de
1479 689 183 54 chant
1711 703 114 54 que
1875 687 298 56 constitue
2220 708 82 38 un

201 771 183 72 pareil
430 786 370 54 programme
849 773 62 50 et
959 768 57 55 la
1063 768 310 71 puissance
1420 767 205 56 vocale
1673 783 116 55 que
1837 785 108 36 son
1992 768 310 60 exécution

202 867 271 55 suppose.
510 852 156 52 Mme
700 849 227 70 Jeanne
963 849 255 71 Raunay
1251 849 97 69 l'a,
1386 851 80 54 du
1499 853 509 50 commencement
2044 849 35 54 à
2110 848 60 55 la
2201 851 99 71 fin,

204 931 283 71 accompli
534 948 142 37 avec
722 948 115 37 une
884 929 252 70 aisance,
1183 948 115 39 une
1345 928 282 69 maîtrise,
1674 947 117 37 une
1838 929 348 58 abondance
2232 933 71 57 de

202 1030 243 54 moyens
489 1017 60 51 et
593 1030 116 38 une
754 1014 195 54 sûreté
995 1012 448 56 merveilleuses.
1491 1013 78 55 Sa
1613 1009 141 56 voix
1800 1011 361 72 magnifique
2206 1014 97 59 n'a

200 1110 106 54 pas
329 1110 73 37 eu
425 1092 57 55 la
506 1092 267 57 moindre
799 1092 362 68 défaillance,
1187 1093 100 55 n'a
1310 1111 108 55 pas
1441 1110 81 37 un
1545 1091 230 54 instant
1801 1092 193 56 donné
2018 1092 253 74 l'impres-

200 1173 126 55 sion
369 1172 71 57 de
479 1173 59 55 la
578 1173 222 73 fatigue
842 1191 78 37 ou
961 1174 72 55 de
1074 1174 237 56 l'effort.
1357 1173 442 70 Evidemment,
1842 1173 270 70 l'artiste,
2158 1174 145 59 ainsi

200 1256 202 67 douée,
432 1272 60 38 se
520 1254 327 55 consacrait
875 1260 169 50 toute
1072 1257 36 52 à
1133 1257 60 53 la
1217 1257 159 71 juste
1404 1260 59 50 et
1491 1256 116 54 fine
1635 1254 479 72 interprétation,
2143 1256 131 58 l'ins-

200 1341 263 49 trument
493 1333 83 57 lui
606 1336 247 54 laissant
883 1336 191 72 pleine
1105 1337 270 56 sécurité.
1766 1375 6 42 i
1890 1336 36 82 l
2050 1336 106 84 I_j
2219 1338 13 84 ]

312 1417 543 71 L'interprétation,
1592 1437 76 36 au
1804 1425 230 63 concert,
1258 1420 176 54 d'une
1466 1436 202 37 œuvre
1700 1413 374 78 dramatique
2105 1425 90 50 est
2224 1440 80 38 un

197 1516 174 53 genre
402 1500 176 54 d'une
606 1500 264 55 extrême
900 1500 304 55 difficulté.
1236 1501 197 56 D'une
1460 1503 157 68 part,
1646 1498 43 56 il
1716 1516 75 38 ne
1820 1500 134 55 faut
1983 1519 108 53 pas
2121 1520 116 53 que
2251 1503 53 59 le

197 1578 295 73 fragment
535 1580 373 72 dramatique
950 1581 116 54 soit
1107 1581 356 56 transformé
1507 1597 73 38 en
1622 1578 269 71 mélodie,
1936 1600 74 37 en
2050 1581 136 71 lied,
2231 1602 73 40 en

197 1677 113 54 pur
341 1666 61 51 et
435 1661 208 72 simple
676 1679 274 39 morceau
983 1663 73 56 de
1089 1667 256 51 concert.
1381 1663 251 55 D'autre
1663 1667 157 66 part,
1855 1663 83 56 les
1970 1665 334 57 conditions

197 1741 349 57 habituelles
599 1749 61 50 et
710 1745 295 54 normales
1056 1743 72 58 de
1179 1743 503 73 l'interprétation
1735 1742 379 74 dramatique
2172 1746 132 58 font

200 1822 206 56 défaut
433 1844 11 34 :
477 1823 52 56 le
559 1825 193 70 décor,
767 1825 54 57 le
837 1830 285 65 costume,
1140 1826 53 56 le
1209 1831 182 66 geste,
1410 1823 102 73 qui
1531 1823 128 56 doit
1676 1825 124 57 être
1816 1827 185 54 borné
2018 1829 35 53 à
2068 1827 207 60 l'essen-

197 1903 120 69 tiel,
374 1906 338 56 l'ensemble
769 1906 275 70 théâtral,
1081 1909 54 55 le
1209 1912 299 64 contexte,
1547 1912 136 50 tout
1744 1907 125 56 cela
1905 1926 262 55 manque
2192 1931 14 49 ;
2244 1915 60 52 et

196 1986 42 55 il
262 1985 132 57 faut
421 1987 152 56 donc
596 2005 42 53 y
662 1989 288 72 suppléer.
980 1989 312 55 Comment
1321 1996 23 48 ?
1373 1990 115 53 Par
1512 1989 53 55 le
1590 1989 127 55 seul
1742 2008 218 53 moyen
1987 2009 115 53 que
2128 1992 176 74 garde

199 2067 35 55 à
267 2084 66 37 sa
369 2067 348 73 disposition
751 2069 251 55 l'artiste
1029 2089 12 34 :
1079 2070 270 56 l'accent.

310 2149 156 55 C'est
506 2150 35 53 à
581 2149 139 72 quoi
761 2151 158 55 Mme
958 2151 229 70 Jeanne
1228 2152 258 71 Raunay
1524 2169 38 37 a
1599 2151 186 55 réussi
1825 2151 179 57 d'une
2046 2154 258 59 manière

197 2236 404 66 surprenante.
634 2232 240 56 Chacun
903 2231 103 57 des
1034 2232 117 56 airs
1179 2231 213 75 qu'elle
1422 2251 35 37 a
1485 2235 249 56 chantés
1763 2234 281 58 devenait
2073 2255 231 42 comme

195 2310 54 57 le
277 2311 267 71 symbole
573 2312 73 55 de
673 2312 247 58 l'œuvre
963 2315 36 53 à
1039 2314 252 72 laquelle
1317 2314 44 53 il
1389 2315 149 56 était
1566 2315 140 72 pris,
1739 2321 136 51 tant
1904 2316 108 57 elle
2041 2317 197 58 savait
2266 2338 38 54 y

195 2390 231 58 induire
458 2392 226 73 l'esprit
719 2394 73 56 de
826 2400 159 51 cette
1019 2411 221 54 œuvre,
1275 2396 55 55 le
1363 2396 168 71 génie
1566 2396 74 56 de
1674 2396 84 55 tel
1792 2396 305 74 musicien,
2133 2399 171 59 l'idée

196 2471 102 73 qui
329 2472 210 58 l'avait
571 2474 236 73 inspiré,
841 2475 55 57 le
929 2477 137 56 rêve
1099 2477 103 72 qui
1235 2477 209 58 l'avait
1493 2480 184 69 tenté,
1729 2479 54 57 le
1832 2480 324 58 sentiment
2204 2483 100 72 qui

195 2552 207 58 l'avait
432 2555 156 71 ému,
619 2556 54 57 le
704 2556 161 57 souci
897 2557 156 59 d'art
1084 2559 103 71 qui
1216 2560 211 56 l'avait
1458 2563 223 54 amusé.

308 2636 86 55 La
426 2635 239 57 chaleur
698 2639 72 54 de
800 2638 177 57 l'âme
1009 2639 307 72 française,
1350 2641 60 56 la
1441 2640 260 58 vivacité
1735 2643 83 55 du
1850 2662 148 56 sang
2029 2645 241 74 bourgui-

195 2733 176 54 gnon,
407 2716 124 57 cela
567 2719 305 73 discipliné
906 2738 231 40 comme
1171 2725 140 55 chez
1345 2723 84 57 les
1462 2724 305 74 tragiques
1801 2725 84 56 du
1919 2742 135 40 xvn
2055 2739 22 26 e
2114 2726 190 74 siècle,

195 2798 157 55 Mme
400 2799 229 70 Jeanne
681 2801 258 74 Raunay
985 2801 81 57 l'a
1114 2805 230 71 évoqué
1394 2805 149 56 dans
1592 2805 131 57 l'air
1773 2808 74 56 de
1897 2808 245 72 Télaïre,
2233 2811 71 58 de

197 2878 286 58 Rameau.
521 2881 83 56 Et
637 2883 36 54 à
707 2881 129 57 l'air
872 2885 82 56 du
1786 2884 113 56 Roi
2077 2890 227 68 pasteur
1418 2886 104 73 joli
1557 2889 207 70 rondo,
1801 2889 109 58 elle
1946 2908 37 38 a
2017 2890 197 59 donné
2247 2892 57 58 la

193 2960 171 70 grâce
426 2960 326 72 délicieuse,
816 2963 349 59 l'harmonie
1228 2966 206 72 douce,
1498 2968 326 58 l'adorable
1888 2972 278 57 fantaisie
2232 2974 72 58 de

196 3040 246 57 Mozart.
478 3043 81 56 Et
591 3043 60 57 la
681 3044 272 74 musique
985 3045 270 73 sublime,
1289 3050 229 70 tendre,
1552 3052 301 71 humaine,
1886 3053 328 72 puissante,
2233 3055 71 57 de

202 3118 249 74 Fidelio,
473 3123 107 57 elle
606 3125 80 55 l'a
714 3144 71 38 su
812 3126 209 58 rendre
1049 3129 437 71 superbement.
1518 3132 102 69 Et,
1651 3133 150 57 dans
1828 3134 132 56 l'air
1990 3137 83 55 du

197 3203 322 70 schùtz,elle
545 3224 36 37 a
607 3206 111 56 mis
743 3206 59 58 la
828 3208 240 72 fraîche,
1096 3209 240 74 puérile,
1366 3210 255 61 aimable
1648 3220 62 51 et
1736 3218 409 56 enthousiaste
2172 3220 132 56 âme

196 3281 345 63 allemande.
577 3288 81 56 Et
689 3288 108 58 elle
828 3307 37 38 a
896 3292 217 55 chanté
1145 3290 129 59 l'air
1307 3293 103 57 des
1730 3314 233 45 comme
1994 3318 117 40 une
2128 3302 176 58 chose

195 3366 137 54 tout
362 3368 298 59 ensemble
691 3369 247 75 antique
968 3377 62 52 et
1062 3373 398 73 romantique.
1494 3377 82 57 Et
1608 3378 61 57 la
1700 3378 226 60 science
1959 3382 343 75 accomplie,

193 3444 54 57 le
281 3463 163 41 cœur
479 3450 325 73 abondant,
839 3453 54 56 le
927 3454 323 59 sentiment
1283 3457 282 75 religieux
1601 3460 73 58 de
1707 3462 177 57 César
1918 3464 254 70 Franck,
2209 3481 94 40 ces

192 3527 203 57 nobles
433 3535 61 50 et
534 3530 181 59 fortes
752 3539 62 51 et
853 3534 179 57 belles
1070 3535 273 73 qualités,
1367 3539 109 57 elle
1513 3534 85 64 les
1636 3560 37 39 a
1711 3548 201 53 toutes
1950 3547 354 56 assemblées

193 3608 149 57 dans
380 3610 131 57 l'air
552 3614 72 57 de
663 3615 225 58 Hulda.
