2451 3962
231 350 92 49 128

759 357 271 39 BULLETIN
1065 352 266 54 FRANÇAIS
1367 354 74 36 DE
1475 352 68 36 LA
1581 353 40 34 S.
1661 350 33 37 I.
1733 353 55 34 M.

232 518 86 44 eut
356 513 218 49 d'abord
610 527 129 47 pour
776 509 285 63 professeur
1098 508 245 48 Adélaïne
1381 503 247 48 Valérius.
1670 500 216 48 Ensuite
1924 499 91 47 elle
2053 501 145 58 reçut
2236 499 84 49 des

228 581 169 61 leçons
426 581 61 47 de
519 580 163 47 Franz
712 578 232 48 Berwald
971 580 51 45 et
1051 592 64 33 en
1146 574 141 61 1884,
1320 571 251 48 Christine
1601 569 203 49 Nilsson
1927 566 174 47 c'était
2131 565 109 57 elle,

232 647 57 50 fit
317 664 78 33 ses
421 647 186 50 débuts
635 647 127 49 dans
788 646 51 47 la
872 644 249 58 Traviata,
1150 659 67 32 au
1244 641 220 48 Théâtre
1493 637 222 64 Lyrique
1743 636 64 48 de
1836 635 157 47 Paris.

334 953 72 47 La
445 952 61 64 96
509 964 18 21 e
562 953 167 49 saison
768 952 62 48 de
866 952 51 47 la
956 948 195 50 Société
1192 945 453 62 Philharmonique
1684 943 63 49 de
1788 941 244 57 Londres,
2072 955 218 33 commen-

232 1035 114 34 cera
377 1036 65 32 au
473 1021 219 62 Queen's
722 1020 120 47 Hall
871 1020 46 47 le
948 1032 62 48 29
1038 1016 200 63 janvier
1268 1018 233 46 courant.
1534 1013 95 47 Les
1659 1016 173 43 autres
1863 1011 147 47 dates
2040 1007 154 48 fixées
2212 1012 115 43 sont

235 1089 146 47 celles
411 1088 86 48 des
532 1102 59 46 13
621 1092 50 43 et
696 1101 62 48 27
787 1086 199 58 février,
1018 1084 70 49 du
1121 1083 62 48 26
1212 1098 153 42 mars,
1397 1083 71 48 du
1498 1096 31 48 9
1559 1079 145 59 avril,
1736 1078 89 49 des
1858 1091 62 45 14
1934 1080 52 44 et
2004 1074 62 50 28
2110 1074 118 48 mai.
2261 1074 68 47 Le

231 1157 255 48 troisième
516 1161 51 44 et
598 1157 45 48 le
675 1155 200 50 dernier
905 1157 205 45 concert
1140 1157 173 44 seront
1346 1150 184 63 dirigés
1562 1164 92 47 par
1684 1149 47 47 le
1764 1147 45 47 D
1816 1157 16 21 r
1861 1147 56 47 F.
1952 1144 68 50 H.
2056 1143 199 57 Cowen,
2284 1143 46 47 le

233 1224 216 61 premier
480 1228 50 44 et
561 1224 47 47 le
638 1223 188 49 second
857 1238 93 46 par
980 1220 182 64 Henry
1193 1220 49 61 J.
1276 1218 182 58 Wood,
1489 1218 47 47 le
1568 1215 287 64 quatrième
1886 1218 52 44 et
1968 1214 47 46 le
2046 1210 284 62 cinquième

233 1307 92 47 par
362 1293 47 47 le
448 1293 47 47 D
500 1303 16 23 r
551 1290 148 50 Hans
740 1290 211 48 Richter
988 1294 52 43 et
1078 1290 47 47 le
1162 1288 209 49 sixième
1412 1301 93 47 par
1543 1284 196 48 Arthur
1780 1281 230 50 Nikisch.
2053 1279 173 48 Parmi
2261 1279 70 47 les

233 1375 249 47 ouvrages
506 1360 88 62 qui
618 1364 172 44 seront
815 1357 239 50 exécutés
1078 1371 129 49 pour
1230 1355 51 48 la
1304 1354 248 64 première
1574 1352 113 57 fois,
1714 1352 166 49 citons
1903 1365 101 32 une
2028 1346 306 66 symphonie

233 1426 62 49 de
331 1427 230 59 Sibelius,
596 1442 72 33 un
701 1441 238 33 nouveau
974 1428 237 46 concerto
1247 1437 129 50 pour
1409 1422 174 47 violon
1618 1421 62 48 de
1715 1418 211 64 Hubay,
1963 1417 90 50 des
2086 1415 217 64 composi-

232 1496 137 48 tions
409 1496 62 48 de
513 1496 254 57 Bantock,
809 1495 161 58 York,
1013 1493 221 57 Borven,
1277 1491 98 49 Ed.
1418 1488 240 59 German,
1691 1487 275 48 Hamilton
2006 1484 188 64 Harty,
2237 1487 96 46 etc.

334 1793 113 49 Une
489 1794 317 62 importante
849 1792 127 49 série
1021 1792 63 49 de
1129 1794 233 46 concerts
1404 1804 70 33 va
1517 1789 108 48 être
1670 1787 202 49 donnée
1916 1789 138 46 cette
2100 1784 164 50 année
2308 1785 29 49 à

235 1862 226 49 Londres
489 1877 92 48 par
609 1862 67 48 M.
706 1862 224 48 Thomas
958 1859 258 50 Beecham
1242 1873 127 34 avec
1394 1873 72 33 un
1494 1856 259 49 orchestre
1781 1855 214 62 anglais.
2026 1854 82 48 On
2136 1858 200 58 promet

232 1934 170 44 trente
440 1930 365 62 compositions
840 1929 263 48 nouvelles
1140 1943 67 33 ou
1243 1930 259 46 rarement
1539 1924 287 51 entendues
1864 1923 63 48 de
1966 1921 371 64 compositeurs

233 1999 195 61 anglais
467 2001 52 45 et
560 1997 276 64 étrangers,
880 1996 165 64 parmi
1084 1995 267 63 lesquelles
1390 2009 103 33 une
1535 1991 262 64 Rapsodie
1837 1990 64 49 de
1943 1990 193 58 Delius,

242 2066 141 60 Fair,
599 2065 67 58 Paris,
667 2081 65 33 un
733 2067 166 61 poème
932 2065 379 63 symphonique
1344 2062 209 51 intitulé

232 2137 52 43 et
322 2133 133 50 aussi
495 2133 87 50 des
632 2149 251 48 ouvrages
933 2133 62 49 de
1049 2132 120 48 MM.
1211 2132 210 58 Mahler,
1461 2130 256 63 Debussy,
1755 2126 195 66 d'lndy
1986 2131 53 44 et
2077 2127 61 48 E.
2179 2126 157 48 Moor.

235 2199 91 50 Ces
359 2207 230 43 concerts
622 2204 414 47 commenceront
1069 2216 67 33 au
1169 2201 221 63 Queen's
1422 2198 123 50 Hall
1574 2199 49 47 le
1656 2197 64 49 26
1751 2196 187 49 février
1969 2199 52 45 et
2054 2193 283 65 prendront

233 2268 71 48 fin
340 2270 47 49 le
429 2284 60 46 13
527 2270 123 50 mai.

331 2577 114 48 Une
475 2575 166 50 vieille
670 2575 200 49 maison
900 2574 65 50 de
995 2574 202 50 Brewer
1229 2574 185 58 Street,
1447 2573 32 48 à
1510 2573 243 58 Londres,
1788 2573 178 48 devait
1997 2573 108 48 être
2134 2572 205 49 vendue

233 2645 390 57 dernièrement,
649 2644 129 48 mais
803 2644 122 47 miss
950 2643 166 48 Verne
1140 2658 32 32 a
1195 2643 95 48 fait
1315 2643 153 62 appel
1493 2643 32 48 à
1545 2646 121 45 tous
1687 2641 74 49 les
1786 2641 130 49 amis
1941 2641 64 50 de
2028 2643 52 47 la
2103 2641 236 63 musique

233 2729 129 47 pour
402 2712 178 50 l'aider
622 2712 32 49 à
694 2711 271 64 empêcher
1008 2716 135 45 cette
1184 2715 173 55 vente,
1403 2725 86 34 car
1531 2711 131 48 dans
1705 2715 137 43 cette
1886 2711 200 47 maison
2129 2710 211 63 appelée

231 2781 222 64 naguère
491 2780 297 51 Hickford's
828 2780 182 57 Room,
1052 2781 199 47 Mozart
1289 2784 52 44 et
1379 2794 58 34 sa
1473 2794 138 33 sœur
1649 2777 290 50 donnèrent
1978 2777 89 48 des
2106 2782 233 45 concerts

232 2865 100 47 peu
358 2851 146 61 après
528 2851 109 47 leur
663 2848 194 49 arrivée
882 2848 32 47 à
938 2847 229 50 Londres
1191 2864 63 33 en
1284 2847 142 65 1764.
1455 2846 135 51 C'est
1614 2847 52 48 là
1690 2848 160 61 qu'on
1875 2847 275 64 applaudit
2178 2847 135 62 égale-

232 2922 142 44 ment
411 2917 264 58 Clémenti,
713 2917 129 48 Abel
881 2917 62 62 (le
977 2917 229 48 virtuose
1243 2916 62 49 de
1338 2917 52 47 la
1423 2916 135 48 viole
1592 2914 53 50 di
1680 2916 225 63 gamba),
1945 2916 48 62 J.
2025 2914 54 49 C.
2112 2914 143 50 Bach
2288 2918 52 45 et

233 2985 228 50 d'autres
495 2985 272 49 musiciens
800 2984 303 50 renommés.
1140 2984 75 48 La
1247 2983 200 49 maison
1482 2984 144 48 avait
1662 2983 83 48 été
1779 2983 284 49 construite
2098 2983 216 63 spéciale-

233 3058 142 44 ment
412 3069 64 33 en
511 3069 102 33 vue
650 3053 315 51 d'auditions
1002 3053 269 49 musicales
1308 3068 92 48 par
1438 3052 68 48 M.
1539 3052 258 49 Hickford
1825 3068 64 33 en
1920 3050 127 65 1738
2071 3068 11 42 ;
2122 3052 120 63 déjà
2277 3066 63 34 en

235 3133 127 51 1713
388 3135 56 35 ce
469 3121 286 49 mélomane
782 3120 142 48 avait
952 3120 232 62 organisé
1211 3119 89 49 des
1325 3124 234 44 concerts
1586 3119 131 49 dans
1741 3134 59 33 sa
1825 3120 248 64 première
2100 3119 240 49 demeure

231 3190 165 49 située
452 3190 133 51 dans
643 3190 176 62 James
876 3187 187 61 Street,
1121 3187 347 65 Haymarket.

247 3495 202 50 Concert
708 3494 223 51 Blanche
1211 3494 371 64 Selva-Jeanne
2006 3494 139 50 Diot.
1629 3507 32 51 7

336 3605 78 48 De
451 3605 350 49 l'association
839 3603 64 50 de
941 3603 140 50 deux
1117 3605 209 48 artistes
1365 3603 137 50 aussi
1540 3603 403 65 profondément
1981 3603 221 50 sincères
2241 3616 99 48 que

237 3672 118 49 Mlle
382 3673 227 50 Blanche
635 3673 152 50 Selva
811 3677 52 44 et
891 3673 135 50 Mme
1053 3672 200 63 Jeanne
1280 3672 143 60 Diot,
1450 3687 69 34 on
1543 3688 65 33 ne
1633 3672 220 64 pouvait
1879 3672 244 49 attendre
2149 3671 191 63 qu'une
