2451 3962
271 276 0 0 108

708 231 270 36 BULLETIN
1013 228 266 49 FRANÇAIS
1318 227 70 34 DE
1426 225 66 35 LA
1535 224 38 34 S.
1617 224 31 34 I.
1690 225 53 33 M.

184 388 329 72 énergique,
545 389 58 49 et
635 380 192 69 claire,
858 384 59 49 et
948 376 427 69 substantielle,
1408 390 144 37 avec
1583 374 72 53 de
1685 371 297 56 radieuses
2013 388 170 37 anses
2213 371 70 56 de

185 471 296 54 tendresse
506 463 181 57 solide
712 478 226 38 comme
961 460 57 52 la
1041 459 222 68 falaise,
1289 464 58 48 et
1374 458 145 53 dont
1543 455 54 70 je
1623 451 409 69 conseillerais,
2057 468 227 38 comme

188 553 70 53 de
305 550 57 54 la
410 543 306 75 grandiose
1350 540 221 55 Librisz
1035 541 70 54 de
1154 540 301 64 Smetana,
1505 532 315 58 l'audition
1869 534 36 52 à
1952 532 332 72 l'étranger,

186 632 196 71 plutôt
420 629 34 52 à
490 628 57 53 la
581 624 140 56 salle
759 625 71 54 de
868 626 254 63 concert,
1161 642 74 35 en
1270 616 278 70 oratorio,
1587 634 115 53 que
1738 632 98 36 sur
1873 615 57 53 la
1966 615 189 55 scène.
2194 615 93 52 Au

186 713 230 56 théâtre
451 725 95 39 ces
579 709 231 52 chœurs
843 701 380 58 formidables
1257 708 58 49 et
1351 699 380 57 enchevêtrés
1765 714 72 37 ne
1872 701 259 66 gagnent
2164 694 123 56 rien

186 795 35 51 à
246 794 57 53 la
327 785 468 76 représentation
819 786 76 51 où
922 784 70 53 ils
1018 789 134 48 sont
1181 784 129 55 tués
1336 799 106 55 par
1468 780 53 55 le
1547 778 242 55 ridicule
1818 779 101 53 des
1935 775 351 57 évolutions.

188 873 81 54 Et
303 874 57 53 la
397 888 121 37 mer
556 884 142 38 avec
736 884 91 37 ses
861 863 280 57 lointains
1177 870 60 49 et
1275 880 89 37 ses
1399 864 254 69 barques
1690 877 98 36 sur
1823 859 58 53 la
1917 877 191 53 vague
2146 858 141 71 perd

188 958 166 51 toute
386 948 221 73 dignité
639 946 188 55 même
858 948 149 53 dans
1035 946 52 54 le
1117 946 132 70 plus
1280 943 283 72 soigneux
1594 941 172 54 décor
1798 959 9 33 :
1839 940 449 70 rappelez-vous

193 1034 278 55 Pêcheurs
791 1028 111 56 d'lslande.
903 1029 79 53 Du
983 1032 120 48 reste
1111 1028 52 53 le
1186 1028 201 53 drame
1409 1040 159 37 assez
1590 1021 137 55 bien
1747 1020 111 55 fait
1879 1037 60 38 se
1959 1024 287 67 supporte
2273 1038 13 34 :

188 1119 143 52 c'est
371 1129 204 38 encore
616 1127 80 37 un
738 1110 196 70 opéra.
976 1108 187 53 Sarka
1204 1113 58 48 et
1304 1105 130 55 Pâd
1472 1104 280 53 Arkouna
1793 1101 102 73 qui
1936 1108 150 47 vont
2126 1098 166 57 venir

188 1202 198 49 seront
438 1194 100 53 des
588 1193 266 52 charmes
904 1188 378 72 wagnériens.

301 1277 86 53 La
429 1273 84 53 IV
514 1284 19 24 e
575 1270 353 74 symphonie
971 1272 73 53 de
1087 1270 223 54 Mahler
1351 1273 90 49 est
1482 1284 117 37 une
1639 1263 277 57 fantaisie
1953 1264 237 53 énorme
2234 1267 58 50 et

188 1354 492 75 resplendissante
707 1357 135 49 tout
868 1352 35 52 à
926 1350 111 55 fait
1064 1352 34 52 à
1121 1355 137 65 part
1285 1350 147 54 dans
1456 1345 287 57 l'histoire
1771 1347 72 53 de
1867 1347 58 54 la
1942 1343 351 72 symphonie

190 1448 59 46 ft
289 1438 188 53 même
519 1438 149 52 dans
703 1434 245 55 l'œuvre
992 1434 78 53 du
1111 1433 211 54 Maître
1361 1433 74 53 de
1474 1428 244 56 Vienne.
1763 1427 532 69 Rigoureusement

192 1518 213 57 établie
447 1513 458 58 contrairement
948 1529 119 39 aux
1108 1517 201 51 autres
1331 1508 379 75 symphonies
1737 1509 80 53 du
1860 1508 233 67 Maître,
2136 1508 160 54 selon

194 1604 78 55 les
303 1597 376 76 proportions
712 1594 323 57 ordinaiies
1069 1613 145 37 avec
1248 1593 346 72 adjonction
1630 1592 143 53 d'un
1808 1590 123 54 solo
1967 1592 71 53 de
2074 1607 186 38 mezzo-

190 1698 253 56 soprano
482 1682 148 53 dans
666 1678 58 55 la
763 1677 192 70 finale,
994 1677 108 54 elle
1141 1677 242 54 déverse
1422 1675 151 55 dans
1609 1674 53 54 le
1703 1672 194 53 moule
1936 1669 248 72 régulier
2225 1672 71 54 de

190 1782 92 38 ses
317 1767 210 67 quatre
564 1757 221 75 parties
823 1777 73 36 en
933 1758 189 53 même
1161 1763 196 65 temps
1394 1773 113 54 que
1548 1757 71 54 de
1657 1752 400 73 prodigieuses
2093 1750 170 56 inven-

195 1847 154 55 tions
386 1842 363 70 mélodiques
785 1858 114 37 une
937 1839 288 55 véritable
1263 1837 158 72 orgie
1462 1835 236 58 d'effets
1735 1835 191 69 neufs,
1966 1835 72 55 de
2076 1832 185 57 combi-

189 1927 239 55 naisons
458 1921 482 57 instrumentales
969 1919 251 70 illicites,
1256 1937 76 37 au
1366 1918 219 57 service
1622 1917 175 56 d'une
1831 1918 197 55 bonne
2051 1917 250 56 humeur

192 2015 59 49 et
291 2007 174 55 d'une
504 2004 248 55 faconde
791 2002 100 71 qui
929 2001 221 57 semble
1190 2001 185 54 n'être
1415 1999 213 71 jamais
1665 1998 134 71 plus
1836 1999 285 54 heureuse
2160 1994 141 74 qu'à

193 2106 58 39 se
297 2086 269 73 parodier
612 2083 344 56 elle-même.
1003 2082 216 56 Mahlei
1275 2081 114 54 sait
1435 2086 156 63 tout,
1653 2079 223 56 Mahler
1936 2083 147 67 peut
2142 2083 158 69 tout,

194 2168 221 57 Mahler
443 2185 98 37 ose
570 2171 155 62 tout,
755 2164 150 54 mais
934 2164 271 72 toujours
1234 2181 98 37 sur
1359 2181 115 37 une
1505 2168 299 50 armature
1832 2159 469 59 inflexiblement

193 2249 303 69 classique.
546 2246 52 54 Il
644 2244 208 73 élargit
898 2247 205 69 quand
1147 2244 41 55 il
1233 2244 52 56 le
1333 2248 145 51 veut
1524 2243 58 55 la
1628 2243 187 55 forme
1863 2241 438 73 symphonique

194 2330 470 59 démésurément
702 2330 86 67 (sa
821 2327 94 53 III
918 2338 22 25 e
974 2327 352 71 symphonie
1360 2328 145 55 dure
1539 2328 156 54 deux
1729 2327 209 53 heures
1971 2331 61 49 et
2067 2324 234 73 demie),

190 2413 42 54 il
265 2430 74 37 ne
373 2411 57 54 la
465 2410 153 54 brise
654 2407 230 74 jamais.
923 2408 174 55 Nulle
1131 2408 311 55 recherche
1479 2407 71 55 de
1585 2406 158 72 plein
1780 2407 106 69 air,
1921 2404 107 58 nul
2060 2406 210 71 impres-

194 2495 293 66 sionisme,
526 2492 157 55 nulle
720 2490 361 72 profondeur
1120 2491 72 56 de
1230 2490 345 68 sentiment,
1611 2490 159 54 nulle
1811 2488 293 56 dextérité
2144 2488 128 57 d'ex-

193 2575 282 73 pression,
509 2573 159 55 nulle
702 2571 212 56 facétie
951 2571 353 72 drolatique,
1338 2589 75 38 ne
1448 2577 264 65 peuvent
1745 2570 82 55 lui
1863 2571 124 56 être
2022 2572 283 70 proposés

193 2675 106 55 par
330 2674 192 37 aucun
553 2657 102 54 des
684 2652 314 57 musiciens
1027 2656 310 53 modernes
1364 2651 85 57 les
1477 2653 133 71 plus
1641 2653 255 56 avancés
1924 2670 138 38 sans
2091 2652 178 71 qu'im-

194 2737 426 56 médiatement
645 2735 43 54 il
712 2752 74 39 ne
814 2752 151 37 vous
990 2754 75 37 en
1092 2732 290 59 fournisse
1411 2735 103 54 des
1540 2735 299 72 exemples
1868 2735 34 53 à
1928 2735 59 54 la
2015 2735 289 56 douzaine

197 2824 147 53 dans
378 2835 109 39 son
524 2835 202 38 œuvre
753 2836 14 50 ;
807 2816 149 56 mais
992 2816 438 57 l'architecture
1467 2835 72 37 en
1577 2822 156 51 reste
1754 2816 426 57 inébranlable.
2221 2816 85 56 La

195 2901 229 55 maison
452 2918 35 35 a
515 2904 200 50 toutes
744 2914 91 39 ses
863 2896 256 58 fenêtres
1148 2902 275 52 ouvertes
1451 2915 101 38 sur
1578 2898 60 55 la
1666 2916 347 55 campagne,
2043 2897 59 57 la
2130 2897 174 70 forêt,

193 2984 52 54 le
275 2982 190 56 fleuve
494 2998 77 38 ou
598 2981 58 55 la
686 2998 123 36 mer
834 2999 14 48 ;
879 2996 77 40 on
987 2982 180 55 danse
1196 2986 60 51 et
1285 2981 121 55 l'on
1435 2981 199 70 pleure
1665 2982 148 55 dans
1841 2999 93 37 ses
1962 2981 170 56 salles
2161 3001 13 49 ;
2207 2982 99 55 des

197 3064 280 54 tableaux
504 3062 309 71 exotiques
839 3064 262 68 pendent
1129 3064 34 52 à
1187 3080 92 38 ses
1307 3079 161 38 murs
1495 3084 14 47 ;
1535 3080 79 37 on
1639 3080 41 55 y
1704 3062 70 55 lit
1803 3065 102 54 des
1931 3079 279 56 passages
2236 3064 70 55 de

197 3146 177 55 vieux
397 3144 297 71 bouquins
717 3150 60 48 et
800 3142 120 56 l'on
952 3161 41 54 y
1022 3150 319 49 entrouvre
1368 3145 69 54 de
1464 3144 222 55 vieilles
1712 3145 340 71 partitions;
2079 3145 145 54 c'est
2254 3142 52 57 le

198 3227 254 54 château
498 3225 72 54 de
614 3225 59 53 la
719 3224 295 69 fantaisie,
1059 3225 283 71 l'abbaye
1385 3226 71 55 de
1503 3226 243 55 Thelem
1794 3227 71 55 de
1911 3226 60 55 la
2017 3226 287 71 musique.

199 3307 147 56 Mais
387 3309 144 54 c'est
574 3310 184 52 avant
800 3310 137 51 tout
976 3323 117 39 une
1135 3307 290 55 maison...
1469 3307 150 55 mais
1658 3309 85 56 les
1784 3309 348 58 fondations
2173 3311 134 52 sont

198 3390 231 67 solides,
473 3387 83 58 les
599 3405 163 37 murs
805 3389 329 70 résistants,
1180 3389 82 56 les
1305 3394 202 66 portes
1550 3395 61 52 et
1655 3390 257 57 fenêtres
1957 3387 348 60 articulées..

199 3470 79 52 Et
317 3470 46 53 si
400 3470 335 66 immenses,
773 3469 48 54 si
860 3470 309 56 modernes
1208 3469 135 57 elles
1380 3475 158 66 sont,
1577 3489 95 38 ces
1698 3474 326 68 demeures,
2050 3470 180 74 qu'on
2269 3488 38 54 y

199 3551 278 71 parlerait
534 3549 323 58 volontiers
914 3551 422 71 d'ascenseurs,
1395 3553 406 70 d'électricité,
1860 3555 74 57 de
1991 3551 315 72 chauffage
