2451 3962
2102 304 62 52 59

600 312 66 35 LE
706 312 188 37 DRAME
933 313 237 36 MUSICAL
1207 309 423 40 CONTEMPORAIN

73 471 31 54 1'
138 490 20 29 «
182 463 371 72 atmosphère
577 482 22 29 »
631 462 101 54 des
765 462 220 54 Russes
1016 468 90 50 est
1136 465 239 53 surtout
1405 481 23 28 «
1446 462 290 53 dansante
1756 477 22 29 »
1800 455 78 55 Sa
1894 472 270 53 musique

74 571 32 37 a
135 552 98 54 des
264 544 292 71 analogies
586 559 145 39 avec
760 543 84 56 les
873 544 132 71 plus
1036 543 282 72 profonds
1350 545 59 51 et
1437 540 83 56 les
1549 540 132 72 plus
1711 535 458 73 mélancoliques

76 628 310 61 cantilènes
434 625 340 72 asiatiques,
824 625 167 69 mais,
1041 631 255 63 surtout,
1346 624 106 55 elle
1499 641 35 35 a
1579 639 83 37 un
1708 619 298 53 caractère
2051 617 87 72 pri-

74 712 167 68 mitif,
265 708 359 72 champêtre,
643 707 299 54 vraiment
975 707 344 70 faunesque,
1337 703 228 57 sensuel
1598 708 60 50 et
1692 699 333 74 géorgique,
2044 697 122 72 qui,

76 799 127 53 tout
232 810 72 36 en
334 792 168 53 étant
533 787 340 73 particulier
905 791 36 52 à
969 789 58 55 la
1057 805 287 55 personne
1376 787 80 54 du
1475 782 416 73 compositeur,
1908 784 90 52 est
2014 778 123 56 vrai-

76 881 157 51 ment
270 878 61 50 et
367 890 128 38 sera
530 871 54 54 le
622 871 297 54 caractère
956 869 291 74 principal
1285 869 70 55 de
1391 868 174 67 l'Art,
1605 867 71 53 de
1711 864 59 54 la
1807 863 362 55 Littérature

76 958 67 56 de
171 957 58 55 la
261 952 374 74 Philosophie
670 953 71 55 de
772 957 171 51 notre
975 954 230 70 époque
1235 951 153 53 forte
1419 954 61 50 et
1512 947 179 56 saine.
1725 947 186 53 Notre
1944 944 226 69 époque

74 1045 86 50 est
194 1045 133 63 trop
363 1038 172 65 forte,
574 1039 137 67 trop
746 1033 182 69 saine,
966 1038 187 50 avant
1188 1032 398 54 l'avènement
1621 1026 299 72 mystique
1957 1026 71 53 de
2063 1038 107 38 son

74 1137 268 40 nouveau
383 1118 226 71 Mythe,
652 1121 137 66 trop
833 1116 401 56 désordonnée
1275 1118 99 66 per
1416 1127 302 48 excessum,
1760 1113 134 64 trop
1936 1104 234 56 remuée

74 1220 102 54 par
212 1220 104 37 son
353 1217 207 37 amour
596 1197 317 58 renouvelé
951 1198 71 55 de
1057 1196 60 53 la
1153 1194 114 69 vie,
1306 1212 115 52 que
1455 1193 58 55 la
1550 1189 287 58 tradition
1874 1183 298 58 contraint

76 1301 199 41 encore
316 1285 147 54 dans
500 1282 54 56 le
594 1283 206 54 secret.
843 1281 81 53 Le
963 1277 366 72 mysticisme
1370 1276 71 54 de
1479 1274 248 55 l'œuvre
1767 1269 71 56 de
1878 1268 294 69 Debussy,

77 1385 71 37 au
179 1366 128 54 delà
345 1366 71 53 de
454 1368 170 51 toute
661 1361 252 56 formule
952 1360 302 67 ancienne,
1295 1357 387 56 entièrement
1719 1352 112 55 fait
1870 1352 71 53 de
1978 1365 162 38 sensa-

76 1448 151 58 tions
265 1446 344 58 intérieures
651 1443 272 71 toujours
963 1443 134 70 plus
1139 1441 355 71 complexes,
1537 1442 60 50 et
1640 1436 176 54 d'une
1856 1428 316 60 sensualité

77 1530 282 57 charnelle
408 1535 60 48 et
515 1526 290 56 naturelle
867 1525 457 72 profondément
1385 1527 61 48 et
1508 1520 374 54 savamment
1944 1509 228 72 simple,

78 1617 84 51 est
205 1611 294 56 vraiment
542 1610 53 56 le
641 1607 363 73 mysticisme
1047 1622 296 39 nouveau.
1393 1603 75 55 Ce
1512 1598 363 73 mysticisme
1920 1592 100 72 qui
2066 1588 112 56 fait

77 1694 246 73 palpiter
346 1694 83 54 les
453 1692 141 55 ailes
617 1690 310 56 anxieuses
951 1690 72 54 de
1057 1694 173 48 notre
1266 1686 268 71 jeunesse
1568 1681 166 70 prête
1756 1695 149 53 pour
1936 1677 71 53 de
2029 1674 150 53 forts

80 1777 280 68 combats,
387 1794 148 54 pour
561 1776 70 55 de
654 1771 304 56 nouvelles
981 1770 323 71 conquêtes
1327 1763 372 74 spirituelles,
1727 1766 89 49 est
1850 1756 156 57 aussi
2030 1751 148 57 celui

80 1860 138 55 d'un
248 1860 187 71 grand
464 1857 176 73 poète
671 1873 209 36 encore
909 1854 282 64 inconnu,
1223 1850 306 54 Théodore
1559 1842 282 67 Dàubler,
1878 1857 100 52 qui
2011 1833 169 73 après

80 1941 193 55 Dante
316 1945 59 50 et
420 1940 216 55 Gœthe
680 1955 35 36 a
759 1936 194 56 donné
996 1935 36 52 à
1074 1931 331 57 l'Occident
1447 1945 108 38 son
1596 1926 284 55 immense
1925 1918 214 55 Poème
2166 1932 12 33 :

80 2022 285 54 L'Aurore
406 2020 255 55 Boréale.
706 2019 81 53 Et
826 2017 146 55 c'est
1010 2016 54 55 le
1106 2012 363 73 mysticisme
1508 2006 334 70 esthétique
1882 2006 59 51 et
1982 1993 201 59 sexuel

82 2104 172 56 d'une
309 2104 223 72 grande
588 2101 267 71 poétesse
913 2097 307 70 française,
1278 2091 314 58 Valentine
1652 2090 70 53 de
1788 2077 393 66 Saint-Point,

82 2185 179 55 aimée
289 2204 108 52 par
424 2203 115 35 une
568 2181 155 70 élite,
754 2180 148 56 mais
930 2196 207 39 encore
1167 2179 120 54 très
1327 2193 115 54 peu
1470 2170 287 73 comprise
1797 2181 106 56 par
1931 2163 57 54 la
2016 2157 136 74 géné-

81 2266 165 56 ralité
276 2268 375 54 lourdement
684 2261 504 57 traditionnaliste
1215 2261 81 55 du
1325 2254 336 75 public,qui
1692 2251 99 53 n'a
1823 2265 108 53 pas
1963 2238 136 59 saisi
2129 2237 56 55 le

81 2367 128 36 sens
240 2349 254 72 profond
525 2351 71 55 de
628 2364 97 37 ces
754 2348 322 53 étonnants
1107 2345 240 70 poèmes
1377 2358 23 28 «
1424 2339 74 54 de
1527 2339 59 53 la
1617 2336 122 52 Mer
1770 2336 61 50 et
1864 2330 80 54 du
1977 2318 174 61 Soleil
2164 2337 21 30 »

82 2448 76 35 ou
203 2433 101 54 des
349 2431 293 52 «Poèmes
688 2425 357 72 d'Orgueil».
1084 2424 156 54 C'est
1285 2421 52 54 le
1384 2415 401 72 «mysticisme
1831 2403 235 60 sexuel»
2114 2401 71 53 de

85 2511 194 58 Rodin
302 2511 302 73 sculpteur
629 2514 61 51 et
717 2508 385 58 dessinateur.

198 2920 85 55 La
317 2919 212 55 Triade
560 2919 80 55 du
676 2918 219 53 Drame
927 2911 246 56 musical
1201 2922 293 50 nouveau,
1525 2896 307 74 composée
1866 2895 70 53 de
1971 2887 217 57 Claude

87 3000 288 73 Debussy,
421 3002 73 53 de
537 2998 261 56 Richard
817 2997 239 54 Strauss
1098 2998 61 49 et
1202 2989 71 56 de
1318 2984 147 58 Paul
1502 2983 226 63 Dukas,
1771 2979 231 51 montre
2044 2986 145 39 avec

88 3099 317 54 envergure
445 3098 116 54 que
599 3079 84 55 les
723 3077 309 55 modernes
1074 3075 342 64 Phonurges
1456 3068 134 50 sont
1628 3058 419 57 éminemment
2089 3051 100 52 des

90 3181 274 52 penseurs
382 3162 326 67 modernes,
730 3167 61 48 et
807 3176 115 56 que
938 3158 124 53 leur
1082 3149 320 61 sensibilité
1418 3152 89 50 est
1525 3143 139 55 celle
1689 3143 72 53 de
1776 3140 21 53 1
1819 3136 135 56 élite
1979 3135 72 53 de
2066 3132 124 55 leur

92 3244 478 71 temps.Richard
601 3243 257 65 Strauss,
892 3237 102 71 qui
1027 3234 335 72 représente
1395 3224 446 57 musicalement
1873 3218 57 53 la
1962 3219 196 49 contre-

92 3327 186 68 partie
314 3325 380 73 germanique
734 3323 72 55 de
842 3327 171 48 notre
1050 3314 217 57 nouvel
1318 3312 131 53 élan
1507 3303 457 64 méditeranéen,
2002 3295 159 70 repré-

92 3409 162 52 senté
280 3425 106 53 par
412 3407 276 68 Debussy
715 3408 59 50 et
798 3419 108 54 par
935 3398 148 56 Paul
1108 3397 229 63 Dukas,
1365 3409 34 35 a
1427 3384 288 60 demandé
1741 3383 265 71 pendant
2032 3378 129 66 long-

96 3493 191 67 temps
312 3489 34 51 à
369 3488 340 55 l'orchestre
737 3484 70 55 de
834 3482 221 54 révéler
1082 3475 283 73 quelques
1390 3469 215 72 grands
1633 3487 20 26 «
1678 3468 157 52 états
1861 3464 69 52 de
1949 3456 243 74 pensée»

97 3574 182 50 avant
306 3568 283 56 d'arriver
618 3568 36 52 à
680 3569 156 51 cette
863 3562 306 72 puissante
1197 3552 310 73 singulière
1527 3569 9 33 :
1558 3546 227 58 Salomé
1793 3590 12 23 ,
1835 3544 77 53 où
1939 3540 42 53 il
2006 3555 41 54 y
2075 3555 34 36 a
2134 3538 58 50 la

97 3651 322 54 révélation
441 3649 251 71 superbe
717 3647 144 54 d'un
886 3643 187 72 grand
1096 3661 21 28 «
1140 3640 128 53 état
1294 3638 39 52 d
1357 3635 130 52 âme
1512 3652 20 27 »
1557 3626 236 58 éternel.
1821 3626 78 53 Le
1925 3619 268 71 tragique
