2451 3962
797 341 268 46 BULLETIN
1100 336 264 50 FRANÇAIS
1403 333 71 34 DE
1511 329 67 39 LA
1618 327 40 33 S.
1699 323 32 35 I.
1771 322 55 35 M.

265 350 61 49 28

265 508 122 56 lose
423 506 101 73 qui
560 503 53 56 le
649 490 343 82 paralysait,
1030 485 302 56 redevient
1370 495 114 41 une
1523 485 266 59 musique
1827 460 206 74 souple
2071 460 61 51 et
2170 455 186 71 digne,

265 584 503 74 incroyablement
806 574 409 69 respectueuse
1253 564 82 53 du
1373 562 256 68 mystère
1670 544 216 76 auquel
2069 549 284 43 sassocie.

270 668 112 56 Les
423 661 363 71 catholiques
829 645 338 61 verront-ils
1223 658 81 38 un
1347 656 135 55 jour
1523 638 137 51 tout
1703 648 66 35 ce
1812 620 147 76 quil

265 749 158 56 leurs
446 739 315 61 solennités
781 734 234 69 lorsque
1037 727 125 56 leur
1187 737 163 40 cœur
1363 737 73 38 ne
1451 716 219 56 chante
1685 711 170 72 point
1876 704 71 56 de
1962 701 160 54 cette
2145 694 175 129 fa^on

382 826 442 56 Gardons-nous
882 805 333 77 cependant
1266 800 145 56 d'un
1464 800 340 66 optimisme
1853 785 274 53 illusoire.
2178 772 180 59 Entre

265 910 135 52 l'art
439 901 299 72 grégorien
776 901 59 49 et
872 893 55 55 le
966 887 198 75 public
1206 885 71 54 de
1317 897 109 39 nos
1467 874 214 75 grands
1722 880 288 55 mariages
2047 878 20 35 1
2128 871 117 58 ya
2283 874 76 36 un

267 983 330 67 désaccord,
628 981 147 54 dont
800 976 58 53 la
888 967 346 75 disparition
1261 963 152 54 n'est
1443 974 106 56 pas
1577 951 335 75 prochaine.
1924 944 52 53 A
2003 954 193 42 moins
2224 935 137 55 dun

265 1064 283 59 véritable
581 1058 254 67 miracle,
870 1054 56 73 je
957 1070 74 36 ne
1065 1047 129 56 vois
1225 1062 108 55 pas
1365 1047 137 63 trop
1535 1035 300 56 comment
1868 1023 273 59 concilier
2177 1035 75 37 en
2283 1035 78 36 un

264 1150 188 54 même
491 1144 118 54 lieu
654 1139 206 70 (fût-ce
899 1151 116 37 une
1059 1128 194 72 église)
1302 1124 155 55 deux
1498 1114 340 58 mentalités
1881 1122 156 40 aussi
2080 1115 282 57 opposées

265 1246 113 51 que
406 1224 139 56 celle
575 1222 144 56 d'un
745 1214 263 59 chrétien
1037 1212 80 53 du
1147 1222 43 39 X
1190 1218 21 24 e
1241 1202 169 57 siècle
1437 1204 61 51 et
1528 1197 139 55 celle
1712 1194 143 53 dun
1896 1177 364 64 intellectuel
2292 1177 66 55 de

267 1307 162 57 iooß.
470 1306 183 54 Entre
692 1294 278 60 Hucbald
1004 1297 60 51 et
1102 1284 253 59 Anatole
1394 1283 242 63 France,
1676 1279 165 51 entre
1887 1270 170 55 Saint
2092 1263 270 68 Grégoire

263 1393 61 51 et
354 1386 133 56 Mlle
519 1382 257 66 Moréno,
809 1376 100 72 qui
941 1392 58 37 se
1030 1374 134 51 sont
1196 1362 339 59 rencontrés
1561 1358 216 54 l'autre
1806 1367 133 57 jour
1972 1348 149 54 dans
2147 1343 22 53 1
2194 1340 168 71 eglise

264 1468 71 55 de
363 1468 254 68 Nogent,
646 1480 78 35 on
750 1472 257 42 avouera
1034 1449 143 74 qu'il
1204 1466 40 53 y
1271 1464 36 36 a
1332 1444 137 55 bien
1496 1438 284 73 quelques
1806 1434 186 71 petite

264 1548 100 66 qui
402 1566 59 37 se
498 1542 332 58 traduisent
868 1542 60 49 et
966 1532 328 57 s'accusent
1335 1527 148 54 dans
1517 1523 54 53 le
1611 1522 144 69 gout
1793 1509 265 60 musical.
2100 1506 77 55 Ce
2215 1506 147 50 nest

265 1647 107 49 pas
407 1628 61 54 là
507 1645 82 35 un
630 1623 141 55 vain
813 1617 315 70 distinguo.
1172 1611 112 54 Les
1324 1604 150 57 amis
1516 1604 71 54 de
1627 1600 61 54 la
1727 1595 399 56 restauration
2170 1599 161 56 grégo-

264 1710 217 64 rienne,
508 1712 58 51 et
592 1706 120 68 j'en
735 1701 139 67 suis,
902 1696 267 57 auraient
1195 1693 124 51 tort
1346 1688 71 55 de
1444 1702 59 37 se
1533 1677 326 61 dissimuler
1882 1674 61 53 la
1970 1672 229 71 gravite
2226 1668 139 50 dun

267 1788 314 68 problème,
601 1785 99 71 qui
738 1782 99 56 n'a
872 1778 130 55 l'air
1042 1776 69 54 de
1150 1772 126 53 rien
1313 1785 174 55 parce
1505 1781 114 54 que
1656 1762 85 52 les
1777 1758 384 53 bienséances
2201 1762 121 38 mon-

265 1871 203 56 daines
505 1866 379 63 l'atténuent,
928 1857 148 56 mais
1119 1852 101 74 qui
1261 1868 61 37 se
1366 1848 262 55 dressera
1669 1839 275 73 toujours
1986 1833 225 54 devant
2253 1843 112 38 eux

264 1957 60 51 et
394 1955 201 52 contre
665 1962 134 40 eux.

376 2028 174 58 Aussi
581 2028 336 64 longtemps
950 2036 113 55 que
1097 2031 151 39 nous
1279 2027 151 39 nous
1463 2019 256 42 sommes
1751 2007 177 48 tenus
1962 2013 77 36 au
2072 2006 261 40 raisonne-

264 2119 164 49 ment
467 2105 329 76 spéculatif,
838 2106 135 51 tout
1015 2117 34 35 a
1087 2097 138 53 bien
1265 2093 111 55 été.
1420 2089 50 55 Il
1509 2088 153 65 faut,
1705 2083 395 63 disait-on,en
2138 2069 225 58 enflant

261 2192 59 55 la
344 2191 157 66 voix,
526 2207 114 37 une
664 2183 267 71 musique
955 2176 300 72 religieuse
1280 2173 34 53 à
1333 2168 239 74 l'église,
1587 2167 139 53 l'art
1745 2160 126 59 doit
1888 2160 122 54 être
2036 2174 34 36 a
2094 2171 66 36 sa
2182 2152 183 71 place,

261 2277 113 51 etc.
519 2263 424 63 Dissertations
1013 2257 219 56 faciles.
1274 2253 149 55 Mais
1473 2268 74 37 en
1597 2244 280 75 pratique
1929 2243 137 51 tout
2121 2239 242 64 change,

263 2359 59 49 et
433 2356 135 50 tout
678 2352 89 51 est
879 2337 373 75 compromis,
1324 2350 173 56 parce
1578 2328 183 72 qu'on
1873 2340 60 38 se
2014 2324 213 49 trouve
2297 2331 70 36 en

263 2434 273 71 présence
568 2431 143 53 d'un
741 2423 200 75 public
973 2422 271 67 étranger
1277 2416 35 53 à
1342 2430 97 39 ces
1469 2427 146 38 vues
1647 2408 71 53 de
1751 2403 178 74 piété,
1962 2400 257 55 souvent
2252 2399 115 48 très

261 2512 232 69 hostile,
528 2516 60 51 et
623 2510 146 54 dont
802 2506 42 55 il
876 2505 132 53 faut
1041 2500 140 54 bien
1211 2496 154 56 tenir
1398 2496 238 67 compte
1670 2503 253 58 puisque
1956 2497 151 41 nous
2138 2480 22 51 1
2185 2491 182 40 avons

260 2594 188 54 invité
479 2594 34 52 à
543 2590 247 72 prendre
820 2604 68 37 sa
928 2587 135 67 part
1096 2580 71 54 de
1219 2577 60 55 la
1318 2571 343 59 cérémonie.
1723 2569 92 54 De
1867 2566 58 53 là
1985 2562 165 56 vient
2201 2561 165 50 toute

260 2675 61 56 la
350 2674 305 57 difficulté.
689 2667 216 75 Quand
931 2681 151 38 nous
1109 2666 260 49 tonnons
1397 2660 203 50 contre
1628 2652 60 53 la
1717 2647 270 72 musique
2018 2641 267 74 profane,
2314 2641 53 50 la

263 2755 268 72 musique
569 2751 179 71 impie
787 2752 61 52 et
888 2741 312 67 théâtrale,
1243 2737 100 74 qui
1384 2733 246 59 envahit
1670 2732 53 55 le
2048 2738 151 41 nous
2240 2736 96 37 son-

264 2854 177 56 geons
470 2830 560 61 involontairement
1062 2825 35 52 à
1126 2840 116 37 une
1276 2818 172 73 église
1478 2815 208 67 idéale,
1721 2812 77 55 où
1829 2811 52 53 le
1915 2807 169 56 fidèle
2117 2804 250 54 recueilli

263 2935 72 37 ne
366 2912 287 60 demande
683 2911 140 74 qu'à
851 2907 170 73 prier.
1046 2906 80 53 Et
1147 2906 207 62 certes,
1383 2898 40 55 il
1451 2897 154 55 n'est
1636 2912 106 54 pas
1773 2910 127 35 rare
1933 2889 70 55 de
2034 2888 333 54 rencontrer

265 2996 102 56 des
404 2996 197 55 offices
639 2994 69 54 de
747 3010 63 37 ce
849 3005 191 55 genre,
1078 3002 74 37 en
1190 2980 277 67 semaine,
1507 2994 77 36 ou
1619 2976 53 53 le
1714 2971 311 57 dimanche
2067 2968 70 54 de
2174 2964 193 55 bonne

263 3077 195 56 heure.
494 3076 147 55 Bien
674 3091 113 54 que
820 3067 352 74 cependant,
1190 3081 106 55 par
1328 3079 84 36 un
1445 3060 98 72 jeu
1577 3056 183 56 malin
1796 3055 101 54 des
1930 3051 351 62 contrastes,
2314 3044 53 54 la

265 3156 122 73 pire
425 3156 267 70 musique
730 3150 219 57 semble
990 3146 385 74 précisément
1415 3157 59 39 se
1514 3137 250 71 réfugier
1803 3154 74 35 en
1916 3150 94 37 ces
2050 3131 209 53 heures
2300 3126 67 53 de

264 3236 450 57 recueillement.
747 3232 87 55 Là
863 3229 286 55 sévissent
1181 3226 82 56 les
1294 3221 310 71 cantiques
1637 3213 387 75 déplorables,
2058 3216 59 49 et
2150 3212 136 50 tout
2318 3206 49 54 le

267 3317 269 55 mauvais
581 3316 143 73 goût
772 3311 146 58 dont
965 3329 80 35 un
1093 3305 338 71 catholique
1479 3300 327 56 charitable
1854 3301 89 51 est
1992 3288 374 74 susceptible.

267 3397 148 55 Mais
453 3399 36 53 à
527 3396 131 55 côté
698 3395 71 55 de
809 3410 94 37 ces
941 3385 477 59 manifestations
1460 3383 174 55 d'une
1676 3380 177 72 piété,
1897 3376 170 54 sinon
2108 3371 257 66 éclairée,

267 3476 80 59 du
369 3477 190 55 moins
595 3475 238 66 sincère,
851 3490 59 37 se
949 3471 236 71 placent
1223 3469 84 53 les
1345 3462 250 74 grandes
1633 3457 357 59 cérémonies
2028 3451 339 73 auxquelles

261 3559 226 71 l'esprit
528 3559 80 54 du
648 3555 213 55 monde
899 3571 74 36 ne
1013 3549 224 57 saurait
1280 3549 302 54 demeurer
1623 3543 272 69 étranger
1935 3537 250 73 puisque
2227 3552 28 36 c
2282 3536 84 51 est

261 3637 301 58 lui-même
592 3635 100 74 qui
716 3635 85 56 les
828 3629 408 76 provoque.Or
1263 3623 468 73 remarquons-le
1759 3621 156 63 bien,
1933 3618 73 54 ici
2034 3617 18 52 1
2080 3615 173 73 église
2283 3617 84 51 est
