2451 3962
507 1106 141 90 LA
714 1098 495 111 MUSIQUE
1297 1096 203 92 DES
1584 1089 567 97 SYLLABES

502 1303 102 53 ET
645 1301 144 55 LES
832 1292 344 64 SIRÈNES
1222 1296 116 56 DU
1380 1292 381 59 DOCTEUR
1804 1287 340 60 MARAGE

650 1717 36 40 L
734 1701 151 54 n'est
936 1717 106 55 pas
1086 1696 445 58 d'étonnement
1579 1691 132 71 plus
1762 1689 189 72 grand
1992 1705 115 54 que
2148 1687 215 58 celui-ci

686 1800 150 53 pour
885 1781 54 56 le
982 1776 395 76 psychologue
1419 1777 61 51 et
1523 1769 406 58 l'esthéticien.
1987 1769 111 54 Les
2150 1769 211 73 poètes,

694 1865 146 53 dont
888 1866 169 51 toute
1104 1860 58 54 la
1211 1856 115 72 joie
1376 1858 61 51 et
1484 1858 138 50 tout
1682 1851 222 56 l'effort
1968 1848 321 57 consistent
2335 1855 28 53 à

692 1950 240 49 trouver
996 1945 34 52 à
1103 1936 379 73 l'expression
1546 1936 72 54 de
1665 1935 155 54 leurs
1875 1933 244 70 pensées
2180 1937 59 50 et
2300 1935 63 55 de

692 2025 153 54 leurs
898 2022 327 57 sensations
1265 2035 116 38 une
1421 2016 188 54 forme
1651 2013 238 57 verbale
1931 2013 122 70 qui,
2110 2031 108 52 par
2271 2016 90 54 des

280 2105 264 73 rythmes
586 2105 279 54 cadencés
927 2109 59 50 et
1047 2120 106 53 par
1217 2101 100 55 des
1380 2100 415 68 agencements
1856 2094 392 55 harmonieux
2300 2097 63 55 de

280 2185 268 72 syllabes,
583 2185 201 70 ajoute
816 2203 114 36 une
962 2182 245 71 volupté
1240 2196 226 51 sonore,
1501 2195 116 38 une
1650 2176 218 56 beauté
1901 2175 321 72 phonique,
2257 2195 106 38 une

281 2265 309 72 splendeur
629 2267 268 55 concrète
936 2284 78 35 au
1053 2281 131 38 sens
1226 2262 147 55 dont
1413 2261 83 53 les
1538 2262 158 51 mots
1736 2262 60 51 et
1835 2257 83 56 les
1959 2257 242 71 phrases
2241 2263 122 50 sont

278 2346 84 56 les
398 2347 188 70 signes
623 2345 481 57 conventionnels
1139 2349 61 50 et
1237 2341 303 67 abstraits,
1688 2340 83 56 les
1808 2340 223 71 poètes,
2069 2338 140 56 bien
2244 2356 90 38 sou-

280 2431 161 64 vent,
488 2426 286 55 n'aiment
818 2444 108 54 pas
971 2425 59 54 la
1075 2423 288 72 musique.
1413 2422 82 54 Et
1541 2420 512 72 réciproquement
2097 2418 43 55 il
2186 2420 177 57 arrive

278 2506 237 72 parfois,
550 2506 211 70 (moins
792 2506 431 72 fréquemment
1254 2507 137 52 tout
1423 2501 73 57 de
1528 2502 236 68 même),
1800 2519 114 54 que
1945 2501 83 56 les
2060 2500 303 57 musiciens

278 2587 284 55 n'aiment
596 2605 108 53 pas
736 2587 58 56 la
827 2587 213 73 poésie.
1080 2586 52 55 Il
1165 2604 41 54 y
1240 2604 54 51 a,
1331 2586 57 71 je
1423 2584 53 55 le
1512 2582 134 70 sais,
1683 2601 116 37 une
1835 2581 318 57 différence
2187 2600 147 38 essen-

277 2667 155 56 tielle
461 2674 164 49 entre
653 2669 59 54 la
741 2669 266 72 musique
1038 2674 60 50 et
1126 2669 58 54 la
1213 2666 211 72 poésie.
1443 2667 166 54 Dans
1637 2665 59 56 la
1725 2664 305 73 première,
2062 2664 53 57 le
2144 2683 108 38 son
2286 2669 77 52 est

277 2749 261 71 l'unique
568 2747 251 57 élément
852 2769 73 37 en
955 2750 101 71 jeu
1086 2765 144 38 avec
1260 2765 92 38 ses
1383 2746 314 56 modalités
1730 2746 72 55 de
1833 2746 259 71 rythme,
2130 2746 72 55 de
2233 2746 98 55 hau-

278 2835 150 63 teur,
460 2831 71 55 de
558 2829 234 71 timbre,
825 2830 355 57 d'intensité.
1212 2830 165 55 Dans
1405 2829 56 54 la
1487 2829 270 67 seconde,
1773 2827 54 55 le
1856 2845 108 38 son
1992 2826 371 57 n'intervient

280 2911 175 70 qu'en
478 2914 246 54 seconde
746 2911 171 73 ligne,
943 2911 513 57 subsidiairement
1480 2909 47 56 si
1551 2909 146 72 j'ose
1722 2909 141 69 dire,
1889 2926 232 37 comme
2148 2925 215 55 parure,

281 3008 226 38 comme
543 2992 472 55 ornementation
1052 2992 218 56 d'idées
1306 2991 122 71 qui,
1466 3008 142 38 sans
1640 2990 103 70 lui,
1780 2989 345 72 pourraient
2161 3008 62 38 se
2257 3006 80 40 sur-

280 3071 183 69 vivre,
504 3071 360 74 puisqu'une"
901 3072 194 73 poésie
1137 3078 146 67 peut
1325 3089 61 38 se
1428 3071 283 70 traduire,
1757 3071 178 56 d'une
1975 3070 215 74 langue
2230 3072 133 56 dans

281 3169 113 37 une
441 3156 185 66 autre,
676 3155 151 53 donc
873 3172 73 36 ne
992 3172 107 53 pas
1146 3154 338 56 s'évanouir
1532 3151 390 56 entièrement
1969 3154 206 70 quand
2199 3169 76 38 on
2317 3151 44 55 la

280 3231 165 74 prive
475 3231 71 57 de
576 3250 90 38 ses
692 3235 265 71 rythmes
986 3240 61 50 et
1076 3253 114 53 que
1218 3235 121 56 l'on
1369 3234 181 56 altère
1579 3239 201 51 toutes
1808 3232 86 56 les
1918 3234 287 56 sonorités
2236 3249 124 39 avec

278 3311 303 73 lesquelles
614 3332 105 38 son
752 3320 210 51 auteur
993 3316 210 55 l'avait
1236 3333 238 53 conçue.

391 3393 147 71 Quel
579 3399 89 49 est
712 3396 328 70 cependant
1081 3395 55 56 le
1178 3396 174 71 poète
1395 3395 103 72 qui
1538 3413 76 38 ne
1656 3394 185 73 gémit
1882 3413 110 54 pas
2035 3414 74 37 en
2150 3398 210 69 voyant

280 3473 157 55 l'une
466 3475 73 55 de
568 3492 89 39 ses
689 3494 227 37 œuvres
974 3476 148 56 ainsi
1150 3476 376 57 bouleversée
1555 3495 108 55 par
1691 3476 54 55 le
1773 3476 212 56 traître
2016 3478 199 72 qu'est
2243 3480 117 52 tout

280 3554 362 70 traducteur,
686 3556 379 56 doublement
1105 3559 208 54 traître
1355 3559 205 71 quand
1598 3556 43 55 il
1682 3556 175 73 s'agit
1903 3559 72 54 de
2017 3577 138 36 vers
2186 3564 25 49 ?
2256 3559 105 71 Que

281 3635 339 56 restera-t-il
662 3638 147 54 dans
850 3638 58 54 la
949 3638 295 58 meilleure
1287 3639 341 57 traduction
1670 3638 282 57 italienne
1997 3657 78 38 ou
2121 3639 239 73 anglaise
