2451 3962
254 275 65 49 86

787 289 270 34 BULLETIN
1091 289 265 49 FRANÇAIS
1394 290 71 33 DE
1501 289 67 36 LA
1608 289 40 36 S.
1688 289 33 36 I.
1761 292 52 34 M.

255 457 78 36 au
369 437 163 68 fond,
571 438 143 55 c'est
752 437 58 54 la
848 438 198 66 danse,
1086 437 58 54 la
1182 441 181 53 danse
1401 439 277 70 héroïque
1719 439 148 55 dans
1905 456 65 38 sa
2008 438 133 72 plus
2178 443 161 61 noble

254 518 347 72 originalité,
612 517 146 56 mais
783 515 155 56 aussi
965 513 147 58 dans
1137 535 106 39 son
1269 518 243 55 activité
1537 518 362 70 immédiate,
1929 519 147 55 dans
2098 521 241 63 l'attrait

251 598 336 56 irrésistible
622 599 71 55 de
726 615 90 36 ses
851 603 231 65 aspects
1124 598 232 70 directs,
1393 602 147 54 dans
1573 617 108 38 son
1714 599 367 73 pittoresque
2116 602 223 61 saillant

254 684 58 50 et
357 696 106 37 son
507 678 180 71 esprit
849 677 282 71 spiritoso,
1178 697 121 38 non
1345 682 146 54 dans
1535 698 66 37 sa
1645 679 350 71 spiritualité
2000 726 14 23 ,
2055 682 147 56 dans
2243 702 97 43 son

251 758 235 56 idéalité
523 758 238 56 absolue
796 776 118 37 aux
949 759 287 70 mystères
1271 761 70 54 de
1374 761 250 72 laquelle
1657 778 151 38 nous
1843 762 208 54 convie
2084 762 55 56 le
2174 768 132 54 musi-

253 839 144 55 cien.
442 839 73 55 Ce
555 841 150 53 n'est
745 839 132 70 plus
916 838 57 55 la
1015 838 190 58 vision
1243 842 286 71 classique
1571 842 71 57 de
1680 841 297 57 l'unitaire
2001 843 338 71 Symphonie

253 937 68 36 en
363 918 75 69 la,
479 937 231 38 essence
750 919 192 55 active
982 922 83 53 du
1102 924 234 68 monde,
1377 923 143 55 c'est
1557 940 115 38 une
1713 923 358 73 magnifique
2109 941 198 42 conver-

251 1016 178 54 gence
467 1002 71 54 de
575 1002 266 70 rythmes
879 1003 146 55 dont
1060 1001 393 59 l'affectation
1490 1004 134 55 fière
1662 1003 112 56 fait
1812 1004 165 72 place
2017 1006 34 52 à
2086 1004 226 61 l'exalta-

250 1079 128 57 tion
420 1081 408 72 grandissante
888 1081 78 55 où
1026 1082 319 72 s'épuisent
1389 1090 200 50 toutes
1631 1084 85 55 les
1759 1084 348 69 vibrations,
2155 1091 185 54 toutes

249 1162 85 56 les
375 1161 257 73 énergies
677 1163 71 56 de
790 1161 298 71 l'homme,
1134 1163 149 59 ainsi
1326 1167 178 70 qu'en
1547 1185 81 37 un
1671 1187 23 28 «
1737 1167 239 55 scherzo
2020 1187 23 30 »
2085 1167 224 60 inconce-

250 1242 173 56 vable
460 1244 71 55 de
566 1242 111 55 vie.

368 1323 103 55 Cet
510 1323 212 71 allegro
761 1323 264 73 spiritoso
1062 1331 88 49 est
1190 1327 35 53 à
1261 1327 145 55 trois
1441 1333 214 66 temps,
1695 1346 75 38 en
1806 1333 80 50 ut.
1928 1330 240 54 Comme
2206 1333 137 56 dans

248 1404 83 55 les
363 1410 197 49 autres
592 1411 416 49 mouvements
1037 1406 147 54 trois
1205 1408 203 55 motifs
1431 1427 41 54 y
1501 1410 301 68 circulent,
1825 1408 54 57 le
1910 1411 251 71 premier
2192 1412 120 57 éner-

249 1484 192 73 gique,
488 1484 139 58 bien
674 1486 247 54 détaché
969 1502 137 40 sous
1153 1506 84 37 un
1283 1488 199 56 triolet
1531 1490 275 72 piquant,
1855 1490 54 55 le
1957 1492 218 56 second
2221 1492 122 72 plus

250 1564 193 73 ample
489 1571 60 49 et
593 1564 427 59 curieusement
1065 1568 301 71 expressif,
1412 1570 53 55 le
1514 1572 227 56 dernier
1785 1590 75 38 en
1904 1572 82 55 mi
2031 1572 221 71 majeur
2257 1620 12 23 ,
2314 1577 30 55 à

249 1664 109 39 son
400 1647 356 71 apparition,
801 1648 286 56 véritable
1129 1650 145 55 fleur
1316 1651 299 74 mystique
1658 1671 121 37 aux
1821 1670 231 39 arômes
2094 1671 155 38 rares
2290 1664 54 49 et

248 1727 355 71 troublants,
641 1730 249 55 mélodie
924 1736 332 66 reposante,
1280 1730 285 59 lointaine
1599 1740 61 49 et
1697 1751 228 40 comme
1959 1735 385 61 insaisissable

250 1826 114 55 que
400 1808 270 71 poursuit
706 1810 58 55 la
803 1812 276 55 démence
1116 1813 197 56 sacrée
1351 1815 81 54 du
1469 1813 238 73 rythme
1744 1832 137 37 sans
1918 1816 129 55 but.

366 1888 89 56 De
503 1895 156 52 cette
710 1910 222 51 œuvre,
956 1892 57 55 la
1060 1892 242 59 lumière
1351 1893 149 59 offre
1551 1897 382 56 d'étonnants
1982 1904 327 50 contrastes
2333 1923 9 33 :

249 1971 221 71 parfois
517 1971 448 57 incandescente
1013 1973 107 56 elle
1170 1980 87 51 est
1308 1976 368 72 quelquefois
1726 1995 155 52 crue,
1932 1998 80 35 ou
2059 1979 185 55 voilée
2291 1987 53 50 et

251 2051 212 57 diffuse
522 2071 72 37 en
651 2071 216 55 rayons
924 2056 187 70 épars,
1172 2075 249 55 presque
1479 2057 496 74 imperceptibles,
2012 2079 80 37 ou
2147 2080 197 39 encore

251 2132 428 71 crépusculaire
717 2140 185 49 avant
937 2135 84 56 les
1055 2137 300 56 nouvelles
1393 2156 236 38 aurores
1655 2159 14 48 ;
1707 2145 199 51 toutes
1942 2140 82 57 les
2062 2141 282 57 violences

248 2217 60 50 et
345 2217 200 51 toutes
580 2213 83 55 les
701 2216 306 69 douceurs,
1030 2217 91 73 s'y
1143 2217 218 57 mêlent
1383 2236 137 38 sans
1537 2221 294 70 peut-être
1867 2222 59 56 la
1962 2224 382 72 pondération

250 2292 144 59 d'un
435 2295 267 72 Wagner,
745 2297 210 56 maître
997 2297 174 57 d'une
1209 2300 529 58 instrumentation
1777 2304 204 72 souple
2019 2309 61 51 et
2122 2305 191 57 absolu-

248 2380 163 49 ment
452 2376 131 53 sûre
626 2376 404 71 d'elle-même,
1076 2381 147 56 dans
1264 2398 66 39 sa
1371 2381 225 56 variété
1638 2385 255 57 énorme.

361 2456 76 53 M.
481 2457 146 56 Paul
668 2459 190 67 Vidal,
879 2459 35 54 à
951 2460 102 71 qui
1091 2461 245 57 l'œuvre
1375 2469 89 49 est
1506 2466 221 69 dédiée,
1768 2466 139 56 s'est
1947 2467 112 56 tiré
2100 2469 214 56 adroite-

248 2542 165 50 ment
474 2537 175 56 d'une
709 2540 252 70 épreuve
1022 2540 253 58 difficile.
1338 2544 337 58 L'honneur
1736 2547 71 56 de
1867 2549 324 71 connaître,
2252 2550 92 56 des

244 2619 301 71 premiers,
575 2619 59 57 la
662 2621 309 71 partition,
1001 2622 153 72 joint
1172 2643 78 38 au
1279 2626 203 56 devoir
1512 2629 73 54 de
1613 2629 432 73 l'approfondir
2074 2649 232 55 augmen-

249 2696 115 56 tait
400 2697 82 56 les
517 2700 249 57 chances
804 2702 175 58 d'une
1013 2704 196 57 bonne
1243 2705 475 74 interprétation.
1759 2710 127 57 Elle
1920 2711 53 56 le
2009 2713 113 55 fut.
2253 2711 25 63 ]

358 2779 154 55 C'est
545 2800 84 37 un
660 2799 99 38 cas
792 2784 120 54 très
947 2784 277 58 différent
1258 2807 150 53 pour
1446 2790 252 74 Wagner
1731 2810 114 54 que
1882 2794 77 54 M.
1998 2793 148 57 Paul
2179 2794 165 57 Vidal

245 2878 37 36 a
312 2862 308 72 désappris
650 2864 36 54 à
714 2864 156 57 force
902 2866 134 57 d'en
1064 2868 309 58 bousculer
1399 2870 247 58 l'œuvre
1678 2874 34 53 à
1754 2874 256 74 l'Opéra.
2045 2876 76 56 Ce
2160 2875 184 57 fracas

245 2941 103 56 des
378 2941 244 56 Maîtres
653 2945 294 56 chanteurs
974 2967 75 36 ne
1076 2948 171 58 laisse
1275 2953 428 71 transparaître
1731 2954 62 57 ni
1820 2955 54 57 le
1904 2973 132 41 sens
2065 2956 279 58 véritable

242 3021 61 56 ni
331 3021 380 74 l'expression
739 3028 157 72 juste
927 3029 71 56 de
1026 3030 60 55 la
1112 3031 289 73 musique.
1435 3034 105 56 Ces
1570 3055 22 30 «
1622 3036 241 58 Maîtres
1892 3059 22 29 »
1942 3039 193 56 ralliés
2165 3040 36 54 à
2229 3038 115 57 leur

241 3102 280 58 bannière
566 3113 264 66 pesante,
877 3127 80 38 au
1001 3128 143 39 nom
1191 3114 81 54 du
1317 3113 86 55 roi
1450 3114 219 74 David,
1716 3124 139 52 sont
1901 3120 442 71 grossièrement

242 3182 271 59 ridicules
536 3186 148 56 —si
725 3207 117 54 peu
896 3191 491 77 Nurembergeois
1543 3203 62 51 et
1647 3214 66 41 ce
1779 3200 266 59 Walther
2078 3204 147 56 dont
2266 3202 78 55 les

242 3265 201 56 motifs
490 3268 541 61 abominablement
1077 3294 24 31 «
1143 3292 278 40 romance
1465 3298 23 31 »
1535 3280 266 57 décèlent
1845 3301 117 38 une
2010 3284 131 56 âme
2192 3283 122 73 quel-

242 3363 230 56 conque
510 3350 148 55 dans
693 3369 83 37 un
810 3370 217 56 moyen
1055 3355 106 71 âge
1196 3355 438 75 inintéressant,
1675 3362 180 72 qu'en
1892 3363 122 58 dire
2045 3370 24 50 ?
2109 3365 201 73 Regret-

244 3430 139 53 tons
434 3429 243 57 Nikisch
728 3436 59 51 et
837 3450 67 39 sa
956 3434 521 77 Philharmonique
1529 3443 71 54 de
1653 3443 201 58 Berlin
1874 3464 14 50 ;
1942 3447 227 73 depuis,
2200 3462 142 41 nous

241 3525 42 38 n
306 3525 185 41 avons
542 3509 212 72 jamais
806 3520 101 50 ouï
1680 3515 349 57 l'Ouverture
2182 3528 161 56 Cette

242 3589 251 75 critique
527 3593 253 58 subsiste
814 3614 150 55 pour
997 3598 84 57 les
1995 3599 231 56 Adieux
1487 3603 202 57 Wotan
1723 3612 62 51 et
