2451 3962
779 331 77 35 UN
894 330 245 36 MARIAGE
1179 317 313 48 GRÉGORIEN

2128 322 63 51 27

200 503 64 58 3°
299 487 195 56 Pièces
526 486 71 56 de
628 482 61 56 la
717 480 234 75 liturgie
988 483 80 55 du
1099 478 277 74 mariage,
1411 482 59 52 et
1505 480 197 52 autres
1734 472 193 75 pièces
1956 469 202 74 supplé-

93 570 306 61 mentaires
422 565 418 75 spécialement
864 562 345 56 transcrites
1232 579 99 38 sur
1358 562 101 56 des
1482 575 138 38 mss.
1650 560 80 56 du
1754 570 44 40 X
1799 566 20 25 e
1844 571 79 38 au
1946 567 91 41 xn
2039 563 21 26 e
2083 551 82 57 siè-

92 654 81 57 cle
220 650 192 56 savoir
440 669 10 33 :

319 735 152 53 Deus
705 729 188 55 Israël
1162 726 311 71 coniungat
1865 743 113 36 vos.

200 815 138 55 Ecce
376 811 81 55 sic
498 807 363 57 benedicitur.

200 896 77 55 In
311 901 49 49 te
397 891 243 75 speravi.

96 981 138 55 dont
276 976 82 55 les
400 971 281 57 mélodies
725 974 199 52 seront
967 967 252 56 insérées
1264 966 150 55 dans
1454 964 55 55 le
1552 961 167 56 Liber
1764 956 311 60 Gradualis
2119 974 75 38 en

96 1056 368 78 préparation
506 1056 71 55 de
615 1051 295 56 l'Edition
948 1049 294 55 vaticane.

202 1139 334 56 Sanctorum
595 1132 287 58 exaltatio.

320 1223 154 53 Fons
736 1216 332 69 indeficiens

94 1309 193 66 tropes
316 1299 216 56 inédits
568 1299 81 54 du
682 1296 248 55 Sanctus
963 1298 49 49 et
1047 1292 63 55 de
1150 1290 90 55 l'A
1254 1305 165 56 gnus.

205 1384 51 53 A
287 1379 339 58 l'élévation
654 1398 10 33 :
1331 1378 46 54 0
1499 1393 226 37 sacrum
2027 1371 173 56 conviv
1438 1366 277 56 antienne
1754 1365 71 54 de
1861 1364 61 53 la
1956 1361 119 56 fête
2116 1360 81 56 du

104 1494 21 30 «
259 1465 218 70 Corpus
672 1459 323 57 Christi»

203 1546 53 54 A
295 1545 58 55 la
395 1545 99 67 fin,
539 1541 54 56 le
638 1557 245 57 psaume
1769 1535 167 57 Beati
2194 1553 6 37 o
1387 1550 75 37 en
1506 1526 345 75 antiphonie
1896 1521 301 71 ancienne,

101 1628 139 54 dont
277 1626 83 55 les
400 1628 225 52 versets
666 1625 106 51 ont
814 1620 96 53 été
949 1615 345 72 empruntés
1335 1615 36 52 à
1409 1612 59 54 la
1512 1605 463 60 Commemoratio
2020 1600 177 58 brevis

101 1708 280 56 attribuée
423 1706 34 54 à
498 1703 281 57 Hucbald
819 1704 92 66 (ix
911 1713 21 24 e
935 1715 70 38 -x
1006 1712 20 24 e
1068 1696 212 69 siècle),
1322 1695 80 53 où
1439 1692 73 55 ils
1548 1695 138 51 sont
1726 1687 174 55 écrits
1941 1687 148 54 dans
2138 1684 61 54 la

101 1788 250 57 curieuse
397 1785 275 57 notation
719 1781 297 58 dasienne.
1066 1779 86 53 La
1197 1775 250 56 mélodie
1496 1774 70 53 de
1611 1771 20 54 1
1656 1769 277 56 antienne
1979 1770 90 52 est
2115 1781 82 37 un

101 1869 204 56 timbre
339 1870 99 55 des
469 1870 319 51 nocturnes
818 1859 307 58 solennels.
1161 1859 93 53 En
1287 1855 152 56 voici
1470 1854 59 53 la
1561 1851 271 71 musique
1867 1874 10 33 :

229 3490 161 57 Cette
441 3492 176 55 brève
671 3486 409 58 énumération
1129 3500 74 37 ne
1256 3474 223 59 saurait
1533 3476 222 52 donner
1805 3472 19 52 1
1847 3470 128 55 idée
2028 3468 72 53 de
2149 3467 59 53 la

123 3567 246 58 douceur
409 3573 197 71 pieuse
649 3576 60 49 et
751 3568 434 70 enveloppante
1230 3561 71 53 de
1341 3558 60 52 la
1442 3554 287 71 musique.
1774 3554 80 52 Le
1898 3547 308 57 vénérable

123 3648 375 74 plain-chant,
530 3652 245 57 restitué
805 3652 149 53 dans
982 3665 107 37 son
1117 3639 275 74 intégrité
1421 3642 59 49 et
1512 3633 339 58 débarrassé
1882 3634 69 52 de
1980 3631 19 52 1
2025 3629 148 70 anky-
