2451 3962
257 859 460 131 ÉCHOS
856 890 191 96 ET
1189 877 889 107 NOUVELLES

116 1355 322 63 Chronologie
845 1352 236 64 o-fficielle.

217 1445 64 44 M.
306 1440 405 51 d'Estournelles
733 1439 62 48 de
819 1437 268 56 Constant,
1111 1433 115 49 chef
1247 1433 71 47 du
1339 1432 197 47 bureau
1556 1430 88 48 des
1664 1428 227 47 théâtres
1913 1431 51 43 et
1985 1425 229 48 membre

116 1513 62 49 de
214 1513 48 46 la
296 1510 160 48 haute
489 1508 233 47 noblesse
755 1505 362 62 républicaine,
1153 1499 174 51 assidu
1360 1498 258 50 d'ailleurs
1652 1496 31 47 à
1716 1501 118 42 tous
1867 1496 73 45 les
1971 1493 146 62 jurys
2152 1492 62 48 de

112 1586 121 44 tous
276 1582 10 41 1
324 1595 23 31 s
391 1590 248 35 concours
683 1574 70 49 du
799 1571 405 55 Conservatoire,
1251 1583 32 33 a
1327 1566 169 49 oublié
1541 1566 63 48 de
1650 1564 256 47 consulter
1966 1562 248 47 Larousse

109 1654 160 42 avant
302 1648 35 46 d
398 1644 189 49 confier
617 1643 131 47 àun
779 1642 269 48 rédacteur
1080 1639 62 47 de
1178 1635 251 51 Comœdia
1462 1635 81 59 (15
1576 1630 289 60 décembre)
1896 1644 77 35 ses
2003 1629 182 61 impres-

108 1718 137 48 sions
280 1731 85 31 sur
706 1713 150 56 Dardanus,
857 1712 177 47 récemment
1068 1705 179 48 monté
1279 1719 67 32 au
1378 1703 205 48 théâtre
1616 1700 63 47 de
1713 1698 173 63 Dijon.

207 1802 21 23 «
269 1785 35 45 L
327 1798 175 32 œuvre
540 1781 62 47 de
642 1780 251 53 Rameau,
931 1775 136 50 a-t-il
1105 1773 184 63 daigné
1326 1771 123 57 dire,
1487 1773 78 44 est
1603 1767 268 49 délicieuse
1909 1764 62 48 de
2009 1762 205 50 charme

107 1859 51 43 et
188 1854 33 47 d
277 1855 146 60 grâce
450 1868 9 37 ;
488 1865 66 32 on
581 1853 114 44 sent
722 1846 288 48 l'influence
1038 1844 62 47 de
1129 1842 168 47 Gluck
1320 1845 52 43 et
1400 1854 67 33 on
1492 1841 242 45 retrouve
1759 1835 167 49 même
1953 1833 88 49 des
2067 1830 120 50 rémi-

108 1922 259 47 niscences
410 1919 70 47 du
523 1917 258 49 troisième
824 1919 113 43 acte
982 1911 296 62 d'Orphée.»

210 1987 147 48 Voilà
395 1986 89 61 qui
522 1990 78 42 est
640 1982 160 64 précis
840 1997 67 32 au
944 1980 184 57 moins,
1167 1981 52 44 et
1261 1977 63 47 de
1360 1978 188 45 nature
1586 1972 32 48 à
1655 1969 225 51 détruire
1915 1969 52 47 la
2002 1966 214 63 légende

109 2057 204 61 d'après
361 2053 216 64 laquelle
625 2051 271 48 Dardanus
943 2048 168 48 aurait
1160 2046 81 48 été
1285 2044 294 63 représente
1625 2057 63 30 en
1739 2051 142 50 1739»
2030 2034 186 64 Orphée

108 2141 60 32 en
202 2138 122 49 1774
372 2124 92 47 dix
490 2136 92 33 ans
610 2121 147 62 après
781 2121 52 45 la
859 2122 137 43 mort
1024 2115 63 49 de
1117 2115 250 47 Rameau.
1396 2109 151 50 Aussi
1571 2113 150 43 notre
1746 2121 173 41 revue,
1950 2118 66 33 ou
2042 2103 174 63 plutôt

108 2201 147 39 notre
289 2192 234 54 bulletin,
556 2203 68 32 ou
657 2188 174 47 mieux
860 2199 183 35 encore
1072 2188 150 42 notre
1256 2180 47 48 S.
1340 2180 41 48 I.
1416 2178 87 58 M.,
1537 2176 202 49 adresse
1769 2179 120 42 tous
1920 2187 79 33 ses
2030 2184 156 34 remer-

111 2260 73 47 cie
205 2265 152 42 nents
395 2260 31 45 <ï
460 2256 141 49 l'ami
636 2255 225 47 inconnu
902 2253 89 62 qui
1025 2251 74 47 lui
1136 2265 30 32 a
1200 2249 96 47 fait
1334 2245 255 63 parvenir,
1621 2258 146 34 cerne
1805 2241 61 47 de
1882 2254 191 47 crayon
2097 2236 119 50 bleu

108 2343 200 34 comme
338 2328 88 47 dis
457 2340 136 48 yeux
623 2324 232 54 d'aimée,
887 2336 54 32 ce
970 2319 279 48 document
1278 2314 340 49 inestimable.

121 2611 277 51 Université
431 2611 56 47 de
525 2608 162 48 Paris.

216 2700 66 48 M.
325 2698 220 47 Romain
586 2695 222 48 Rolland
845 2710 30 30 a
911 2692 160 62 repris
1108 2705 92 33 son
1238 2702 163 43 cours,
1439 2687 46 46 le
1522 2683 141 64 jeudi
1699 2682 32 47 à
1766 2693 31 49 4
1833 2681 51 47 h.
1933 2677 45 59 y
1990 2715 12 20 2,
2040 2691 86 34 sur
2163 2689 54 33 ce

113 2768 135 62 sujet
277 2783 10 32 :
581 2764 231 50 Haendel
1148 2768 41 43 et
1338 2777 91 34 son
1625 2763 171 60 temps.

254 3045 158 48 Cours
643 3043 282 48 Sauvrezis.

229 3133 115 45 Mlle
379 3128 265 50 Sauvrezis
675 3144 30 32 a
734 3125 159 64 repris
924 3139 78 34 ses
1033 3138 146 34 cours
1211 3117 344 61 d'esthétique
1612 3111 258 52 musicale.
1903 3110 81 48 En
2013 3106 135 50 voici
2173 3106 48 50 le

121 3201 122 64 plan
282 3205 136 43 cette
457 3197 162 49 année
645 3211 11 32 :

564 3264 158 49 Etude
766 3262 81 49 des
889 3260 179 61 formes
1113 3257 56 48 de
1216 3256 49 48 la
1308 3251 244 63 Musique
1597 3250 161 48 vocale

1110 3331 222 61 Analyse
1619 3328 235 49 d'oeuvres
2154 3324 70 49 cla

122 3407 226 46 FORMES
400 3411 356 47 MONODIQUES
779 3413 11 32 :

229 3472 195 47 Chants
455 3483 156 50 grecs,
647 3465 240 49 Mélodies
916 3460 303 65 liturgiques
1249 3455 326 52 médiévales.
1702 3453 74 48 La
1806 3451 227 47 chanson
2063 3459 129 52 popu-

125 3540 141 47 laire.
381 3538 70 46 Le
475 3535 101 49 lied
600 3539 50 42 et
676 3547 77 34 ses
777 3530 215 50 dérivés.

128 3609 225 46 FORMES
405 3611 454 47 POLYPHONIQUES
882 3614 12 32 :
