2451 3962
2158 306 62 34 21

934 309 192 36 NICOLO
1163 306 255 36 PAGANINI

124 469 182 55 même,
341 465 142 48 avait
516 477 99 33 une
650 459 268 57 élasticité,
952 473 102 32 une
1088 456 161 47 forme
1283 455 258 47 vraiment
1574 454 214 62 unique,
1826 453 236 62 puisque,
2098 466 120 35 sans

124 536 170 55 effort,
320 534 34 47 il
381 530 209 49 arrivait
615 529 32 45 à
670 527 260 63 imprimer
956 525 30 46 à
1010 539 93 33 son
1129 538 163 48 pouce
1315 524 51 45 la
1393 521 188 50 courbe
1605 522 51 47 la
1696 521 116 62 plus
1851 520 206 62 arquée,
2084 520 134 48 dans

123 619 72 32 un
218 616 116 32 sens
355 597 252 50 contraire
628 596 31 46 à
678 592 387 51 l'articulation.
1087 592 332 60 Longtemps,
1440 604 66 33 on
1529 605 30 30 a
1577 588 156 63 pensé
1755 604 99 45 que
1871 588 73 47 les
1965 587 174 62 doigts
2155 587 63 47 de

127 667 248 64 Paganini
415 665 192 48 étaient
656 663 154 47 d'une
859 661 249 61 longueur
1158 658 225 56 énorme,
1435 661 68 52 et,
1559 657 29 46 à
1638 661 80 42 cet
1770 654 174 63 égard,
1990 670 67 31 on
2094 653 123 48 s'est

125 736 355 59 étrangement
518 732 213 60 trompé.
769 728 168 46 D'une
974 726 285 47 dimension
1303 738 254 47 moyenne
1573 723 128 48 dans
1717 723 45 47 le
1779 737 146 48 repos
1944 722 128 47 mais
2108 736 109 33 secs

124 807 52 43 et
213 803 104 44 très
353 798 172 56 effilés,
576 798 61 46 ils
687 794 331 64 acquéraient
1071 793 130 47 dans
1249 792 214 47 l'action
1513 806 101 31 une
1666 790 274 47 extension
1992 804 99 46 que
2143 788 74 48 les

123 872 216 44 savants
377 864 338 49 anatomistes
767 860 297 64 pourraient
1103 859 133 47 seuls
1261 858 283 62 expliquer.

223 950 22 30 «
281 935 61 60 Je
370 931 226 50 laisserai
624 931 63 47 de
716 930 114 47 côté
857 944 100 32 une
986 926 137 48 foule
1151 926 232 47 d'autres
1409 940 216 48 moyens
1653 924 305 62 techniques
1985 922 231 59 trouvés,

124 1000 239 48 inventés
401 1014 93 47 par
532 997 265 63 Paganini,
834 1000 51 42 et
923 995 89 61 qui
1047 992 270 48 rendaient
1353 1007 93 32 son
1483 991 274 48 exécution
1794 991 339 62 prodigieuse.
2172 990 46 47 Il

121 1082 83 33 me
234 1066 174 48 suffira
439 1066 62 47 de
530 1065 200 61 répéter
759 1077 55 32 ce
843 1077 99 46 que
971 1061 71 47 les
1070 1061 139 46 vrais
1239 1060 357 47 connaisseurs
1625 1063 92 42 ont
1748 1058 78 47 dit
1856 1058 42 47 si
1929 1057 288 62 justement

124 1134 62 49 de
218 1148 93 33 son
341 1133 167 47 talent
534 1148 9 31 :
576 1147 22 29 «
632 1129 410 49 Contrairement
1074 1128 30 46 à
1135 1127 221 47 certains
1388 1127 292 56 chanteurs,
1714 1126 89 62 qui
1847 1124 117 49 font
1995 1124 64 49 de
2104 1124 112 47 leur

124 1217 22 29 «
180 1216 189 47 organe
389 1214 72 32 un
482 1198 330 55 instrument,
836 1195 35 47 il
892 1195 143 46 avait
1057 1193 96 47 fait
1176 1193 57 48 de
1253 1208 90 32 son
1362 1192 299 48 instrument
1681 1208 72 31 un
1772 1207 200 47 organe,
1996 1190 221 49 rendant

125 1283 22 31 «
180 1268 315 62 pleinement
518 1279 77 33 ses
617 1264 211 62 pensées
848 1261 286 49 musicales.
1173 1277 18 29 »

223 1334 169 46 D'une
425 1331 142 49 taille
600 1347 73 31 un
707 1347 99 45 peu
840 1329 268 48 au-dessus
1143 1328 63 47 de
1239 1328 50 47 la
1337 1341 272 49 moyenne,
1653 1326 252 62 Paganini
1953 1324 264 63 possédait

121 1416 102 31 une
246 1399 161 62 figure
431 1399 155 47 d'une
609 1396 295 62 expression
928 1395 30 47 à
980 1395 51 46 la
1054 1394 96 48 fois
1173 1394 310 61 sardonique
1507 1399 52 42 et
1583 1394 341 61 fantastique.
1952 1392 88 47 Ses
2063 1391 155 47 traits

123 1466 320 63 rappelaient
469 1480 131 32 ceux
624 1463 64 47 de
713 1463 188 47 Dante.
930 1462 77 46 De
1029 1462 148 61 longs
1202 1461 233 47 cheveux
1464 1461 137 47 noirs
1639 1460 245 47 tombant
1915 1475 64 32 en
2004 1458 215 49 boucles

123 1550 86 32 sur
238 1548 79 34 ses
349 1532 222 63 épaules,
605 1531 290 61 ajoutaient
927 1529 30 46 à
986 1528 160 48 l'effet
1178 1528 139 62 plein
1347 1528 63 47 de
1441 1527 301 48 mélancolie
1780 1527 232 62 répandu
2043 1541 89 33 sur
2161 1540 57 33 sa

121 1616 268 47 personne.
425 1598 254 62 Lorsqu'il
711 1597 279 56 s'animait,
1024 1611 78 31 ses
1135 1611 138 48 yeux
1304 1595 259 61 lançaient
1598 1595 89 46 des
1713 1594 194 57 éclairs,
1941 1598 52 43 et
2026 1593 36 47 il
2087 1592 130 48 était

123 1667 203 48 difficile
359 1665 62 47 de
453 1665 232 47 soutenir
715 1678 92 33 son
840 1663 197 62 regard,
1071 1677 120 32 sans
1223 1662 252 62 éprouver
1506 1677 72 30 un
1611 1660 197 49 certain
1840 1660 280 47 sentiment
2153 1659 64 47 de

121 1734 210 47 malaise
363 1738 52 42 et
448 1731 214 49 d'effroi.
699 1731 261 47 Incertain
990 1730 131 47 dans
1153 1744 56 32 sa
1242 1729 288 57 démarche,
1564 1729 295 62 paraissant
1892 1728 115 62 prêt
2040 1728 32 45 à
2103 1740 86 33 suc-

123 1800 205 47 comber
349 1814 119 33 sous
488 1799 72 47 les
581 1799 248 47 atteintes
850 1796 155 48 d'une
1026 1796 222 47 maladie
1268 1810 249 32 nerveuse
1539 1795 89 62 qui
1651 1794 114 48 finit
1788 1810 94 46 par
1901 1795 47 47 le
1971 1792 246 49 conduire

123 1883 66 31 au
214 1867 245 46 tombeau
483 1881 12 41 ;
521 1866 178 61 quand
722 1865 36 47 il
781 1863 165 47 tenait
971 1879 93 31 son
1088 1863 175 47 violon
1287 1866 51 44 et
1362 1862 162 47 levait
1549 1876 93 33 son
1667 1862 194 56 archet,
1888 1876 103 32 une
2014 1860 175 48 révolu-

121 1935 113 45 tion
251 1933 169 49 subite
436 1933 244 61 s'opérait
698 1949 64 30 en
777 1932 72 47 lui
876 1947 10 31 :
916 1946 56 32 ce
989 1931 157 47 faible
1178 1945 149 47 corps
1343 1931 205 61 prenait
1579 1931 31 45 à
1628 1945 54 31 ce
1714 1933 234 46 moment
1979 1928 51 47 la
2061 1927 155 56 force,

121 2001 51 47 la
194 2001 268 61 puissance
482 2001 70 45 du
574 1999 189 47 bronze
783 2003 52 43 et
857 2013 52 32 se
930 1998 248 47 dessinait
1201 1998 129 46 dans
1352 2012 57 32 sa
1430 2012 123 47 pose
1574 1997 314 62 d'Appollon
1907 1996 239 63 Pythien.

222 2082 20 29 «
278 2065 103 49 Son
397 2067 159 61 esprit
575 2065 129 47 était
722 2064 88 59 fin,
830 2064 274 62 distingué.
1127 2064 43 47 Il
1191 2063 313 48 connaissait
1525 2063 118 48 bien
1661 2064 50 47 la
1728 2063 298 48 littérature
2044 2062 65 47 de
2127 2074 92 35 son

124 2148 146 48 pays,
297 2138 50 42 et
374 2148 64 32 en
462 2133 188 62 parlait
675 2148 65 32 en
764 2133 206 47 homme
994 2131 65 47 de
1083 2133 127 61 goût
1236 2135 51 42 et
1314 2130 335 48 d'érudition.
1678 2130 145 47 Dans
1847 2145 73 32 un
1945 2129 165 56 salon,
2138 2142 80 33 ses

123 2201 250 47 manières
400 2200 345 61 annonçaient
770 2200 51 46 la
847 2199 388 62 fréquentation
1262 2199 63 45 de
1351 2199 49 45 la
1428 2197 169 47 bonne
1624 2199 208 47 société.
1863 2197 176 63 Quant
2067 2196 31 46 à
2124 2210 95 33 son

124 2267 274 55 caractère,
428 2267 49 46 la
505 2266 287 56 bizarrerie,
821 2266 46 47 le
896 2265 201 62 caprice
1125 2280 63 32 en
1217 2265 276 47 formaient
1522 2265 73 47 les
1624 2264 165 48 bases.
1819 2265 232 61 Lorsque
2079 2262 50 62 je
2157 2261 62 47 fis

125 2347 56 32 sa
214 2333 380 56 connaissance,
627 2333 35 46 il
695 2332 127 48 était
857 2332 118 62 déjà
1005 2332 464 62 hypocondriaque
1501 2331 30 47 à
1562 2347 72 31 un
1666 2331 129 47 haut
1828 2331 168 62 degré,
2032 2330 187 47 vivant

125 2415 118 31 sous
271 2401 287 45 l'influence
589 2401 87 47 des
704 2401 214 56 manies,
947 2399 256 47 résultant
1234 2413 119 33 sans
1383 2398 90 47 nul
1497 2399 160 47 doute
1686 2399 64 46 de
1774 2413 56 32 sa
1860 2397 221 48 maladie
2105 2411 85 33 ner-

124 2481 155 31 veuse
309 2465 88 63 qui
425 2467 47 45 le
502 2465 270 47 dominait.
806 2465 272 47 Poursuivi
1108 2465 29 46 à
1167 2465 228 47 diverses
1424 2465 227 61 époques
1680 2481 95 45 par
1803 2465 49 46 la
1877 2463 270 58 calomnie,
2179 2462 40 48 il

125 2533 144 45 avait
294 2534 243 44 conservé
561 2548 85 30 sur
670 2534 71 46 les
765 2533 291 61 jugements
1083 2533 89 45 des
1195 2533 250 54 hommes,
1473 2547 71 30 un
1582 2531 324 63 scepticisme
1931 2545 158 42 amer,
2117 2544 100 47 que

128 2603 237 50 souvent,
389 2599 35 46 il
445 2599 196 47 laissait
665 2600 187 47 éclater
875 2600 128 47 dans
1024 2599 50 47 la
1097 2599 381 47 conversation.
1504 2599 181 61 Jeune,
1709 2599 35 46 il
1766 2599 174 47 s'était
1963 2598 128 47 livré
2114 2613 104 32 aux

127 2665 232 61 passions
384 2666 75 45 les
488 2665 115 61 plus
632 2666 160 47 vives.
826 2665 80 47 On
937 2665 103 47 m'a
1070 2665 175 47 assuré
1276 2665 150 56 alors,
1459 2679 100 47 que
1588 2680 56 32 sa
1675 2665 311 62 prodigalité
2014 2664 203 48 n'avait

128 2731 114 62 plus
271 2731 63 47 de
361 2732 201 47 bornes.
594 2733 68 46 Le
692 2733 299 47 croirait-on
1019 2732 17 47 ?
1068 2733 30 46 à
1126 2747 62 46 40
1219 2747 110 42 ans,
1360 2732 242 48 l'avarice
1629 2732 51 47 la
1708 2733 117 61 plus
1852 2732 205 48 sordide
2085 2746 100 34 rem-

127 2798 149 61 plaça
301 2802 135 42 cette
461 2798 118 47 folle
603 2798 299 61 générosité.
930 2799 61 60 Je
1014 2799 113 46 vais
1150 2815 64 30 en
1239 2799 127 46 citer
1389 2813 71 31 un
1484 2799 233 61 exemple
1739 2803 238 59 pouvant
2001 2797 163 48 servir
2188 2798 31 46 à

121 2864 195 47 l'étude
364 2864 88 47 des
499 2865 247 47 maladies
795 2864 63 48 de
906 2867 197 59 l'esprit
1137 2867 233 47 humain.
1409 2867 69 45 Le
1512 2865 297 49 lendemain
1846 2867 126 47 d'un
2007 2868 211 44 concert

125 2932 172 47 donné
320 2947 92 45 par
433 2933 72 46 lui
528 2933 129 47 dans
679 2933 49 46 la
750 2933 121 46 ville
892 2948 99 47 que
1014 2933 283 61 j'habitais,
1322 2937 50 42 et
1398 2933 127 47 dont
1548 2934 49 46 la
1619 2939 193 43 recette
1836 2933 143 48 avait
2004 2933 213 62 produit

128 3013 178 33 10.000
332 2998 186 57 francs,
544 2999 36 46 il
604 3014 81 33 me
709 2999 279 48 manifesta
1009 3000 47 47 le
1080 2999 134 48 désir
1239 3000 262 47 d'acheter
1524 3015 72 32 un
1620 3001 123 63 gilet
1769 3003 63 47 de
1858 3001 204 47 Casimir
2085 3000 131 48 noir.

127 3066 62 60 Je
213 3065 72 47 lui
312 3065 60 47 fis
397 3064 164 48 l'offre
586 3065 64 47 de
675 3066 45 46 le
746 3066 244 47 conduire
1017 3066 122 46 chez
1164 3081 122 32 mon
1311 3066 206 47 tailleur
1544 3084 9 30 :
1579 3084 22 29 «
1637 3069 133 57 Non,
1798 3083 120 42 non,
1949 3083 83 34 me
2058 3067 158 56 dit-il,

124 3132 99 47 mio
257 3147 112 32 caro
405 3132 246 57 advocato,
688 3133 303 49 menez-moi
1026 3133 130 47 dans
1190 3133 50 47 la
1273 3133 256 63 boutique
1565 3136 127 47 d'un
1727 3137 131 61 fripe
1910 3136 217 62 (fripier)
2179 3151 37 31 ».

127 3199 140 47 Nous
301 3199 212 49 allâmes
544 3206 212 42 trouver
787 3215 71 31 un
889 3199 207 49 nommé
1129 3201 172 56 Morel,
1334 3201 237 48 unissant
1604 3203 30 47 à
1664 3203 149 49 l'état
1846 3205 65 47 de
1943 3203 195 63 fripier,
2170 3203 48 47 le

130 3268 121 45 titre
287 3267 62 47 de
384 3268 276 48 costumier
695 3267 64 47 de
795 3267 218 47 théâtre.
1052 3267 237 48 Pendant
1324 3268 126 47 trois
1485 3274 181 58 quarts
1701 3272 228 57 d'heure,
1967 3271 251 62 Paganini

125 3333 203 47 discuta
358 3349 127 32 avec
514 3335 46 47 le
588 3334 285 47 marchand
902 3349 130 46 pour
1060 3334 204 47 obtenir
1291 3351 102 31 une
1422 3335 347 51 diminuation
1799 3339 126 47 d'un
1957 3338 146 48 franc
2132 3353 86 33 sur

134 3399 45 47 le
209 3399 114 61 prix
354 3400 68 47 du
453 3401 123 63 gilet
608 3400 114 47 coté
753 3400 30 46 à
816 3414 59 33 10
906 3400 187 48 francs.
1127 3400 80 48 On
1236 3417 53 31 se
1320 3401 150 49 ferait
1502 3404 348 49 difficilement
1879 3420 103 32 une
2011 3405 113 47 idée
2155 3404 63 47 de

129 3470 173 43 toutes
325 3467 72 47 les
420 3481 287 33 ressources
731 3467 126 61 qu'il
881 3467 241 63 employa
1148 3467 102 49 afin
1275 3469 63 47 de
1362 3471 240 59 parvenir
1628 3473 29 45 à
1681 3487 56 33 ce
1761 3473 97 47 but
1883 3473 127 61 qu'il
2033 3487 65 33 ne
2122 3475 96 59 put

128 3534 256 48 atteindre
411 3539 65 44 !...
510 3536 221 60 Ennuyé
762 3551 92 46 par
883 3550 56 32 ce
969 3535 175 58 débat,
1177 3541 161 59 ayant
1369 3537 219 63 quelque
1620 3540 150 47 chose
1800 3541 64 46 de
1893 3540 297 47 souveraine-

128 3603 141 44 ment
295 3601 300 48 ridiculeMe
619 3603 50 46 la
694 3607 117 57 part
836 3602 126 47 d'un
986 3603 164 61 grand
1174 3603 197 56 artiste,
1397 3605 49 59 je
1469 3605 222 48 déclarai
1715 3621 131 47 pour
1870 3624 65 30 en
1959 3607 133 56 finir,
2119 3620 100 47 que
