3469 4432
1671 186 101 50 157

161 319 210 47 Ersterer
409 320 227 51 zeichnete
674 324 90 49 sich
810 324 246 51 besonders
1093 326 141 49 durch
1267 327 71 48 die
1378 328 188 50 frischen
1597 331 53 48 So-

161 394 324 65 pranstimmen
517 414 95 42 aus,
656 402 200 48 welchen
889 404 75 47 Alt
1003 403 89 48 und
1126 404 107 47 Bass
1270 404 152 49 weder
1450 407 229 63 qualitativ

161 472 114 48 noch
307 474 268 64 quantitativ
617 494 112 47 ganz
772 478 277 66 ebenbürtig
1077 497 77 30 zur
1185 480 119 49 Seite
1334 483 202 47 standen.
1599 487 80 47 Die

157 549 346 52 Solo-Partieen
548 571 153 33 waren
743 557 43 48 in
829 557 85 49 den
952 558 195 48 Händen
1185 558 80 48 der
1295 560 122 49 Frau
1463 563 180 48 Rübsa-

158 628 355 59 men-Veith,
555 632 77 50 des
661 634 237 48 Fräuleins
940 634 295 50 Kristinus
1277 653 99 32 vom
1408 638 272 51 Hoftheater

157 704 42 47 in
233 707 280 57 üarmstadt,
556 708 81 49 der
679 712 178 47 Herren
905 714 280 47 Baumann
1228 714 90 47 und
1362 715 315 50 Rübsamen

156 797 82 31 von
282 781 110 51 hier.
448 787 122 48 Frau
603 787 263 49 Rübsamen
909 806 166 48 errang
1105 789 86 50 den
1221 792 140 57 Preis,
1402 809 129 33 wenn
1563 795 113 47 auch

156 856 71 49 die
254 859 278 67 Leistungen
575 863 81 48 der
692 864 192 66 übrigen
914 867 192 48 Solisten
1149 884 156 49 grosse
1334 870 345 66 Anerkennung

157 934 165 49 fanden
351 938 92 48 und
472 940 273 51 verdienten.

268 1014 87 47 Am
376 1015 209 51 Schlüsse
609 1018 78 48 des
708 1020 159 47 letzten
884 1020 616 51 Abonnements-Concertes
1521 1025 159 47 wurde

151 1089 124 48 Herr
306 1093 463 67 Hof-Capellmeister
797 1098 49 48 C.
876 1098 165 49 Reiss
1072 1115 82 32 von
1186 1099 101 49 dem
1312 1101 290 49 Auditorium
1635 1104 41 47 in

151 1180 49 33 so
242 1171 296 50 stürmischer
581 1173 91 48 und
716 1175 300 50 anhaltender
1047 1176 159 50 Weise
1244 1179 207 63 gerufen,
1491 1179 100 49 dass
1629 1198 50 30 er

152 1242 123 50 nicht
305 1248 157 48 umhin
487 1249 186 57 konnte,
703 1251 82 47 auf
809 1251 80 49 der
919 1253 142 49 Scene
1091 1272 50 29 zu
1173 1255 263 48 erscheinen
1468 1256 89 47 und
1590 1256 85 49 den

150 1321 386 54 wohlverdienten
561 1328 165 48 Tribut
749 1328 80 49 der
852 1330 345 65 Anerkennung
1228 1340 225 57 entgegen
1483 1350 51 31 zu
1567 1335 81 47 neh-

151 1414 119 34 men.
324 1402 81 47 Als
434 1405 98 48 eine
561 1406 173 57 zweite,
764 1408 121 48 wohl
914 1409 117 48 noch
1067 1410 462 50 schätzenswerthere
1561 1413 85 48 Aus-

148 1476 252 67 zeichnung
430 1481 290 51 überreichte
749 1484 71 49 die
847 1485 263 66 Hofcapelle
1138 1486 91 50 ihm
1254 1505 78 32 vor
1356 1489 206 66 wenigen
1586 1491 59 49 Ta-

147 1570 88 47 gen
279 1557 64 47 als
379 1559 196 49 Zeichen
618 1561 81 50 der
736 1562 320 50 Dankbarkeit
1086 1565 74 47 für
1188 1566 122 47 seine
1340 1566 334 66 Bemühungen

148 1648 75 31 um
249 1632 71 50 die
343 1635 595 53 Abonnements-Concerte
965 1641 129 50 einen
1120 1643 305 64 prachtvollen
1448 1645 226 48 silbernen

147 1709 136 49 Pocal
316 1712 79 49 mit
423 1715 199 65 sinniger
650 1717 226 56 Inschrift,
918 1719 132 48 nebst
1087 1719 124 49 einer
1246 1736 83 32 von
1360 1723 311 48 sämmtlichen

147 1786 288 65 Mitgliedern
452 1795 396 48 unterzeichneten
867 1795 459 51 Adresse.—Solche
1338 1799 306 49 Anerkennun-

144 1880 88 47 gen
263 1866 99 50 sind
391 1886 74 32 um
496 1888 50 30 so
576 1872 295 49 erfreulicher
900 1874 92 48 und
1021 1875 241 48 verdienen
1287 1893 75 30 um
1387 1891 49 32 so
1460 1877 145 58 mehr,
1629 1879 42 47 in

144 1941 291 56 öffentlichen
467 1949 199 49 Blättern
697 1952 208 47 erwähnt
932 1969 54 30 zu
1017 1952 202 58 werden,
1262 1954 64 48 als
1362 1956 310 48 musicalische

142 2020 391 67 Körperschaften
578 2027 91 49 und
697 2029 199 48 vollends
924 2029 79 49 das
1033 2030 239 49 Publicum
1304 2049 182 47 grosser
1515 2034 155 48 Städte

142 2096 88 49 den
261 2098 317 54 bedeutenden
604 2105 197 49 Einlluss
829 2107 123 47 einer
981 2107 249 66 tüchtigen,
1260 2110 201 63 zugleich
1493 2111 150 64 energi-

141 2173 137 50 schen
305 2181 90 47 und
420 2181 229 48 humanen
674 2184 196 64 Leitung
900 2200 84 32 von
1011 2185 456 49 Concert-Instituten
1500 2189 81 47 auf
1600 2187 70 49 die

142 2253 342 52 musicalischen
513 2260 228 47 Zustände
771 2260 80 47 der
881 2262 131 46 Stadt
1051 2262 262 65 überhaupt
1351 2281 86 30 nur
1467 2266 111 46 allzu
1609 2266 63 47 oft

141 2345 50 30 zu
224 2328 230 65 ignoriren
487 2335 181 64 pflegen
708 2336 92 47 und
846 2337 78 48 das
957 2338 239 49 Verdienst
1227 2356 74 31 um
1332 2340 71 48 die
1434 2341 238 50 Tonkunst

141 2407 42 47 in
218 2407 239 69 Vergleich
489 2412 193 50 anderer
712 2415 175 48 Künste
918 2416 123 48 nicht
1068 2432 47 32 so
1148 2417 114 48 hoch
1295 2418 168 58 halten,
1494 2421 100 47 wril
1625 2438 46 30 es

141 2483 129 55 keine
299 2490 353 66 augenfälligen,
682 2491 268 51 dauernden
979 2496 236 47 Resultate
1246 2505 196 55 erzeugt.

370 2741 48 55 J.
459 2741 341 73 Rodenberg’s
840 2744 102 55 und
983 2744 48 56 J.
1073 2745 156 55 Bott’s
1270 2745 164 56 Actäa.

254 2881 233 49 Erlauben
519 2882 75 47 Sie
625 2882 101 56 mir,
764 2882 283 66 geehrtester
1077 2883 123 49 Herr
1229 2883 276 59 Redacteur,
1550 2885 112 47 noch

136 2959 165 50 einmal
331 2961 83 48 auf
437 2961 72 48 die
538 2961 128 65 Oper
696 2965 143 44 Actäa
876 2961 90 48 und
997 2962 86 47 den
1115 2962 183 48 Bericht
1336 2962 40 47 in
1411 2961 124 49 Ihrer
1564 2963 73 47 Zei-

134 3043 113 60 tung
278 3038 115 48 über
423 3038 199 48 dieselbe
651 3038 167 48 zurück
848 3056 52 30 zu
931 3038 229 48 kommen.

254 3117 117 47 Was
407 3116 71 48 die
508 3117 332 65 Beurtheilung
884 3117 77 48 des
1004 3117 179 48 Buches
1229 3117 183 57 betrifft,
1456 3133 47 32 so
1552 3118 110 49 wird

133 3193 244 66 allerdings
393 3193 72 50 die
481 3194 206 58 Ansicht,
707 3194 100 49 dass
825 3194 70 49 die
917 3194 287 59 wortreiche,
1221 3194 229 65 poetische
1465 3196 197 58 Diction,

133 3288 132 32 wenn
296 3273 116 47 auch
442 3290 101 31 vom
572 3272 322 67 Standpunkte
922 3273 78 48 des
1032 3274 211 47 Drama's
1271 3290 81 31 aus
1383 3273 252 65 gerechtfer-

132 3349 82 65 tigt
247 3349 93 49 und
385 3351 521 64 anerkennungswerth,
948 3351 82 48 der
1067 3351 340 48 musicalischen
1439 3351 192 49 Bearbei-

129 3433 113 59 tung
271 3427 124 49 nicht
423 3428 184 65 günstig
635 3428 78 57 sei,
757 3428 214 65 nirgends
1000 3428 83 48 auf
1110 3428 334 66 Widerspruch
1473 3437 185 42 stossen.

131 3506 59 47 Es
219 3506 56 48 ist
302 3523 52 31 zu
388 3506 253 59 bedauern,
684 3507 101 48 dass
826 3523 166 32 unsere
1020 3507 358 65 Operndichter,
1421 3507 90 48 und
1543 3507 114 49 eben

129 3598 49 32 so
200 3582 71 51 die
294 3584 343 65 Componisten,
668 3601 133 32 wenn
830 3584 137 49 ihnen
997 3583 72 50 die
1093 3586 145 48 Texte
1267 3586 245 63 vorliegen,
1536 3586 122 48 nicht

129 3661 229 58 einsehen,
402 3662 102 49 dass
534 3662 70 51 ein
635 3662 345 66 Operngedicht
1021 3680 77 31 um
1141 3680 50 31 so
1221 3663 202 65 weniger
1465 3663 165 50 musica-

129 3738 104 50 lisch
268 3741 264 49 brauchbar
561 3741 132 58 wird,
716 3741 46 66 je
792 3741 311 49 entwickelter
1134 3741 90 49 und
1253 3741 328 66 ausgeführter
1610 3760 46 31 es

128 3817 63 48 als
222 3818 291 50 recitirendes
542 3821 177 48 Drama
757 3819 66 49 ist.
867 3819 60 47 Ist
956 3818 118 50 denn
1105 3819 100 49 eine
1234 3818 273 51 Göthe'sche
1536 3819 94 66 Iphi-

128 3895 131 64 genie
287 3897 111 48 oder
428 3898 100 48 eine
555 3897 315 49 Schilier'sche
899 3898 145 48 Braut
1077 3915 86 31 von
1194 3898 195 50 Messina
1432 3897 71 49 bei
1548 3899 110 49 aller

125 3972 125 50 ihrer
279 3973 151 49 hohen
462 3975 353 50 Poesie—trotz
844 3975 257 59 derselben,
1138 3979 177 46 müssen
1347 3977 83 47 wir
1459 3977 63 47 als
1554 3978 66 48 Mu-

124 4050 121 50 siker
271 4067 140 49 sagen
423 4071 130 29 —zu
584 4054 326 66 componiren?
969 4054 85 48 Die
1087 4054 334 66 Wagner'sche
1450 4054 206 60 Ansicht,

125 4125 102 54 dass
255 4129 94 50 sich
378 4129 73 51 die
478 4129 199 51 Melodie
705 4147 82 33 aus
816 4130 88 50 den
928 4130 202 51 Worten
1153 4132 81 49 der
1256 4132 235 65 Dichtung
1520 4148 135 49 orga-

1755 328 120 48 nisch
1909 329 266 51 entwickeln
2207 337 164 52 müsse,
2415 333 76 48 hat
2518 334 42 49 in
2592 336 142 50 dieser
2764 339 204 50 Hinsicht
2997 342 159 50 Unheil
3187 362 50 33 ge-

1797 406 8 8 •
1814 407 17 15 c
2041 407 9 8 •

1755 408 136 46 stiftet
1921 408 89 46 und
2041 416 53 39 ist
2122 409 96 47 eine
2248 411 227 47 durchaus
2505 416 386 56 unmusicalische,
2928 418 64 64 ja,
3032 421 205 48 antimusi-

1754 483 204 48 calische.
2014 486 114 47 Dass
2159 488 125 55 aber,
2328 488 257 64 abgesehen
2616 491 161 59 davon,
2819 494 78 49 das
2928 497 122 47 Buch
3083 498 177 48 Roden-

1947 562 610 52 musicalisch-dramalische
2592 568 279 50 Situationen
2913 572 219 49 durbietet
3176 576 89 47 und

1754 635 69 50 die
1850 637 249 66 Handlung
2131 639 241 50 besonders
2403 642 40 47 in
2475 642 86 48 den
2592 643 160 51 beiden
2782 647 158 48 letzten
2961 649 140 49 Acten
3132 667 106 48 span-

1754 714 116 47 nend
1902 715 93 47 und
2033 718 171 47 lebhaft
2244 719 68 55 ist,
2356 719 77 48 das
2464 720 247 67 bestätigen
2744 724 80 46 wir
2853 742 126 46 gern.
3038 728 151 48 Wenn
3220 746 45 32 es

1754 792 111 48 aber
1893 793 229 49 fernerhin
2154 795 149 58 heisst,
2331 795 101 49 dass
2471 798 168 56 „durch
2669 802 256 63 geschickte
2946 804 175 64 Anlage
3149 807 113 47 auch

1754 869 78 47 das
1855 870 141 47 Ballet
2018 872 63 47 als
2099 873 310 47 wesentlicher
2425 874 304 51 Bestandteil
2749 878 79 48 der
2845 879 125 64 Oper

1751 961 48 33 so
1831 950 179 44 müssen
2042 949 81 46 wir
2152 949 102 47 dem
2292 950 286 49 entschieden
2622 962 388 58 entgegentreten,
3053 957 114 48 denn
3195 958 70 48 die

1754 1023 127 63 Oper
1909 1024 54 47 ist
1991 1024 208 50 offenbar
2230 1027 79 47 mit
2337 1028 121 46 Tanz
2489 1029 263 50 überladen.
2786 1033 104 48 Wir
2912 1034 157 47 wissen
3096 1034 166 50 freilich

1752 1101 137 58 nicht,
1919 1103 83 45 wie
2032 1103 80 48 viel
2142 1103 144 49 davon
2317 1104 80 48 auf
2422 1105 254 66 Rechnung
2705 1108 80 48 der
2804 1109 241 50 Intendanz
3069 1112 195 58 kommt;

1751 1178 131 47 allein
1926 1179 80 47 auf
2049 1180 102 47 dem
2659 1180 175 50 Forum,
3087 1181 178 50 Roman
2721 1185 169 64 gerade
2932 1187 73 57 da,
3067 1204 70 32 wo
3195 1190 70 49 die

1752 1255 248 65 Handlung
2024 1256 309 50 bedeutender
2357 1259 129 57 wird,
2517 1260 85 48 den
2626 1263 122 47 Nero
2780 1264 90 47 und
2899 1263 70 48 die
2993 1265 180 65 Poppäa
3204 1268 61 47 als

1750 1338 195 42 stumme
1976 1334 169 48 Götzen
2175 1335 99 47 eine
2306 1335 133 48 halbe
2469 1336 172 50 Stunde
2671 1339 105 65 lang
2805 1357 78 32 vor
2911 1340 162 65 Augen
3104 1361 49 29 zu
3186 1343 52 49 ha-

1751 1409 86 48 ben
1868 1410 90 48 und
1989 1411 69 49 ein
2088 1413 144 48 Ballet
2263 1414 77 47 mit
2377 1415 196 47 ansehen
2608 1433 51 29 zu
2692 1422 194 54 müssen,
2923 1418 78 49 das
3031 1419 116 50 kann
3179 1438 86 31 nur

1750 1488 145 47 einem
1925 1489 278 66 Jockeyclub
2323 1491 116 64 gäbe
2469 1508 44 32 es
2542 1491 289 66 dergleichen
2861 1496 95 47 hier
3057 1498 205 63 gefallen.

1747 1565 132 47 Auch
1911 1566 168 63 glaube
2108 1568 67 47 ich
2208 1568 70 48 die
2321 1569 193 49 lobende
2546 1570 292 67 Bemerkung
2880 1573 42 48 in
2952 1573 102 48 dem
3085 1575 180 50 Bericht

1747 1641 128 48 Ihrer
1897 1644 194 65 Zeitung
2119 1662 111 48 ganz
2259 1645 177 50 ähnlich
2467 1646 43 49 in
2540 1648 80 48 der
2643 1649 331 66 Kreuzzeitung
3003 1653 178 63 gelesen
3210 1670 54 32 zu

1750 1719 167 58 haben,
1949 1736 70 34 wo
2048 1721 62 49 sie
2140 1723 236 49 erklärlich
2406 1724 68 48 ist.

1867 1797 113 47 Dass
2022 1797 71 49 die
2136 1800 146 48 Musik
2324 1800 91 47 sich
2457 1801 43 47 in
2544 1800 85 50 den
2671 1803 107 47 zwei
2823 1804 157 48 letzten
3008 1805 144 48 Acten
3184 1806 80 49 der

1750 1874 247 66 Handlung
2028 1877 165 64 analog
2221 1877 209 65 steigere,
2476 1879 87 47 will
2602 1879 67 48 ich
2714 1880 167 63 gerade
2911 1883 120 47 nicht
3062 1884 171 66 behaup-

1746 1959 93 51 ten,
1862 1952 118 49 denn
2006 1954 140 48 Bott's
2170 1956 161 47 Talent
2352 1956 171 47 scheint
2547 1956 127 48 mehr
2706 1959 75 45 für
2809 1959 85 47 den
2927 1961 335 49 musicalischen

1747 2029 242 48 Ausdruck
2032 2031 216 65 lyrischer
2286 2032 420 66 Gefühls-Ergüsse
2747 2035 63 47 als
2852 2036 257 48 heroischer
3147 2039 88 48 Cha-

1747 2106 181 48 raktere
1958 2109 90 47 und
2079 2110 280 47 Situationen
2391 2111 222 64 geeignet.
2671 2111 146 48 Allein
2847 2112 114 49 eben
2993 2115 118 48 diese
3142 2116 118 47 Seite

1743 2185 144 47 seines
1911 2185 211 49 Talentes
2145 2186 77 48 hat
2245 2187 113 47 auch
2383 2187 138 49 schon
2547 2187 40 47 in
2613 2187 84 49 den
2726 2197 145 41 ersten
2893 2192 139 47 Acten
3060 2194 196 48 Früchte

1745 2269 237 55 getragen,
2019 2262 70 49 die
2113 2264 237 63 jedenfalls
2383 2265 342 65 Anerkennung
2748 2269 259 57 verdienen,
3044 2271 215 47 während

1743 2338 116 47 doch
1903 2340 116 47 auch
2062 2341 146 64 einige
2251 2341 301 48 dramatische
2596 2344 190 57 Scenen,
2832 2345 82 48 wie
2951 2345 70 48 die
3050 2347 82 47 auf
3156 2347 101 49 dem

1747 2416 170 47 Forum
1949 2416 92 48 und
2070 2418 42 47 in
2142 2418 85 47 den
2262 2420 334 57 Katakomben,
2627 2421 107 47 sehr
2762 2422 317 66 wirkungsvoll
3110 2425 112 49 sind.

1860 2493 107 49 Dies
1995 2495 141 64 zeigte
2164 2497 90 46 sich
2287 2497 112 47 noch
2433 2497 128 48 mehr
2591 2497 69 48 bei
2691 2498 80 49 der
2798 2501 227 48 zweiten
3058 2502 171 49 Auffüh-

1745 2586 115 50 rung
1889 2572 80 48 der
1999 2573 142 65 Oper,
2185 2575 171 48 welche
2397 2575 141 48 durch
2583 2577 79 47 das
2692 2577 290 50 Unwohlsein
3025 2578 79 49 der
3134 2582 122 47 Frau

1743 2648 558 68 Harries-Wippem
2345 2656 233 61 verzögert
2618 2653 187 49 worden
2845 2672 109 32 war.
3007 2657 93 47 Das
3132 2659 125 46 Haus

1743 2742 96 32 war
1870 2728 83 47 last
1981 2745 112 48 ganz
2122 2731 165 62 gefüllt
2317 2731 89 47 und
2430 2730 80 48 der
2536 2732 154 47 Beifall
2723 2733 292 64 allgemeiner
3045 2736 88 47 und
3165 2737 69 47 leb-

1741 2802 162 60 hafter,
1929 2806 62 47 als
2016 2805 68 48 bei
2109 2807 81 47 der
2213 2815 148 39 ersten
2387 2807 305 66 Vorstellung.
2723 2810 123 48 Frau
2871 2812 187 47 Harries
3081 2811 176 66 (Actäa)

1741 2882 157 48 wurde
1928 2883 91 47 vier
2048 2885 89 48 Mal
2176 2885 204 64 gerufen.
2436 2886 256 65 Uebrigens
2728 2887 53 48 ist
2810 2905 45 32 es
2884 2890 161 47 immer
3073 2891 69 46 ein
3176 2909 53 29 un-

1738 2961 235 62 günstiger
1995 2962 223 48 Umstand
2245 2962 76 47 für
2344 2962 99 48 eine
2472 2980 115 30 neue
2612 2965 141 63 Oper,
2785 2981 127 33 wenn
2944 2966 61 47 sie
3027 2982 72 32 am
3126 2967 127 50 Ende

1737 3036 81 48 der
1851 3040 369 48 Winter-Saison
2262 3040 91 48 und
2395 3041 122 48 dicht
2554 3059 80 31 vor
2674 3042 85 48 den
2800 3045 342 48 Urlaubsreisen
3173 3047 79 47 der

1738 3113 154 50 besten
1922 3116 257 66 Mitglieder
2208 3117 76 48 des
2315 3118 218 47 Theaters
2563 3120 41 45 in
2635 3120 141 48 Scene
2806 3122 122 64 geht.
2983 3122 60 47 So
3077 3126 175 46 müssen

1737 3193 113 47 auch
1889 3193 108 65 jetzt
2042 3194 175 49 fernere
2251 3194 422 68 Wiederholungen
2712 3197 82 48 der
2822 3200 143 47 Actäa
3010 3200 217 48 unterblei-

1737 3271 103 56 ben,
1872 3272 99 47 weil
2005 3273 119 47 Frau
2156 3273 188 47 Harries
2375 3273 89 47 und
2495 3274 121 47 Herr
2649 3276 188 48 Formes
2867 3276 220 49 abreisen.
3135 3278 118 47 Herr

1733 3365 83 31 von
1848 3349 172 47 Hülsen
2065 3351 78 47 soll
2184 3367 119 31 zwar
2333 3349 100 49 dem
2469 3351 289 49 Vernehmen
2789 3356 113 45 nach
2933 3354 70 49 die
3036 3354 180 50 Wieder-

1735 3426 245 48 aufnahme
2009 3427 57 47 im
2098 3428 171 47 Herbst
2301 3427 166 49 bereits
2498 3429 230 49 bestimmt
2757 3431 165 58 haben,
2960 3432 112 48 aber
3175 3433 78 48 mit

1733 3503 85 50 den
1850 3504 147 49 hohen
2028 3506 211 48 Mächten
2269 3507 55 47 ist
2353 3507 102 48 kein
2484 3509 169 64 ew'ger
2682 3509 131 49 Bund
2841 3527 53 31 zu
2925 3509 217 50 flechten!

1850 3582 165 57 Berlin,
2047 3582 46 49 9.
2124 3583 92 48 Mai
2253 3582 160 51 1862.
3052 3587 85 20 ***

2220 3834 167 55 Briefe
2428 3854 93 37 von
2563 3836 196 55 Bellini.

1848 3976 83 48 Die
2202 3973 197 54 Gazetta
2646 3975 215 50 musicale
2427 3994 82 33 von
2538 3978 246 50 Mailand
2814 3981 325 51 veröffentlicht
3167 3985 83 48 seit

1727 4052 174 66 einiger
1928 4055 99 48 Zeit
2065 4056 150 47 Briefe
2255 4071 83 33 von
2382 4056 202 49 Bellini
2629 4074 54 31 an
2726 4056 85 51 den
2851 4060 396 67 Musik-Verleger

1727 4130 251 59 Ricordi,
2006 4147 84 33 von
2119 4131 146 51 denen
2290 4132 82 50 wir
2399 4135 110 48 zwei
2541 4133 264 61 mittheilen,
2833 4136 71 49 die
2932 4137 45 50 in
2998 4138 151 66 Bezug
3171 4140 80 49 auf
