2323 3935
184 301 125 43 ACT
351 301 45 42 II
403 279 24 75 ]

936 279 449 63 ERDGEIST

2051 294 74 58 53

261 499 185 40 ALVA.
723 478 198 73 (To
922 478 119 74 Lulu.)
1042 478 217 61 You're
1306 501 60 38 as
1406 477 131 73 pale
1581 501 60 38 as
1687 477 193 61 death.

263 597 247 43 SCHON.
609 577 20 74 (
640 579 278 72 Rattling
958 594 61 44 at
1063 583 97 55 the
1202 579 198 72 door.)
1496 576 272 61 Walter!
1854 575 274 62 Walter!

206 679 85 72 (A
330 680 378 56 death-rattle
756 682 179 56 heard
978 680 216 58 behind
1241 682 97 54 the
1383 678 197 73 door.)

266 795 204 42 LULU.
558 776 140 61 God
742 778 121 73 pity
901 800 132 51 you.

264 894 247 40 SCHON.
602 876 262 60 Haven't
912 899 114 51 you
1077 875 257 73 brought
1386 898 74 36 an
1513 875 112 59 ax?

266 993 203 42 LULU.
560 975 60 58 If
652 975 209 61 there's
892 997 108 36 one
1035 975 160 60 there
1197 1011 82 7 —
1322 974 21 73 (
1360 975 154 60 Goes
1548 978 206 69 slowly
1792 988 121 54 out,
1950 988 183 58 upper

182 1075 164 71 left.)

261 1191 186 41 ALVA.
537 1173 147 59 He's
718 1174 123 73 just
875 1173 247 73 keeping
1159 1195 67 39 us
1264 1174 57 58 in
1360 1193 287 50 suspense.

264 1291 247 41 SCHON.
596 1273 58 59 A
694 1273 327 60 revolution
1061 1272 103 60 has
1199 1272 220 59 broken
1456 1287 104 44 out
1597 1272 58 57 in
1694 1270 206 61 Paris?

262 1390 184 40 ALVA.
537 1374 72 57 In
647 1373 95 58 the
778 1371 231 60 editors'
1049 1393 162 37 room
1247 1371 218 74 they're
1500 1371 239 71 beating
1768 1370 155 58 their
1957 1370 176 60 heads

182 1473 227 71 against
446 1472 98 59 the
573 1470 160 60 wall.
812 1470 101 60 No
945 1492 109 37 one
1089 1472 204 58 knows
1326 1470 163 59 what
1524 1470 73 59 he
1627 1469 187 74 ought
1847 1484 60 45 to
1938 1469 192 58 write.

195 1571 19 71 (
252 1571 129 57 The
407 1573 115 55 bell
558 1572 162 68 rings
757 1572 57 56 in
856 1573 99 56 the
996 1569 314 70 corridor.)

266 1686 246 41 SCHON.
611 1668 19 72 (
948 1670 181 70 Kicking
1130 1670 157 70 against
1288 1671 50 55 the
1359 1667 198 73 door.)
1653 1665 271 61 Walter!

263 1785 186 40 ALVA.
539 1765 162 61 Shall
745 1767 25 58 I
818 1765 159 60 force
1015 1767 46 58 it
1100 1765 99 60 in?

266 1883 247 41 SCHON.
604 1865 26 59 I
690 1887 107 37 can
856 1867 76 57 do
988 1864 146 60 that.
1232 1863 168 59 Who
1460 1864 45 61 is
1562 1864 46 60 it
1667 1864 234 72 coming
1957 1861 178 61 now?

196 1964 326 71 (Standing
562 1963 130 72 up.)
783 1963 104 58 To
925 1964 175 73 enjoy
1139 1963 105 58 life
1284 1964 116 59 and
1440 1963 82 58 let
1562 1963 196 60 others
1794 1963 71 58 be
1905 1983 198 51 respon-

183 2063 141 59 sible
365 2063 95 59 for
498 2065 128 57 it—

267 2179 207 42 LULU.
572 2161 20 74 (
903 2161 126 73 Coming
1030 2164 124 57 back
1155 2164 106 57 with
1264 2185 34 35 a
1335 2164 231 57 kitchen
1604 2160 126 74 ax.)
1821 2161 314 59 Henriette

186 2260 103 60 has
325 2282 160 37 come
529 2260 185 60 home.

270 2377 246 42 SCHON.
606 2359 151 60 Shut
800 2361 97 57 the
945 2361 144 58 door
1132 2359 214 59 behind
1388 2381 134 52 you.

267 2476 185 41 ALVA.
540 2457 158 61 Give
733 2460 45 58 it
813 2458 152 59 here.
1057 2458 20 73 (
1099 2458 192 60 Takes
1327 2462 97 56 the
1460 2481 74 36 ax
1569 2461 120 57 and
1722 2460 232 69 pounds
1988 2458 146 58 with

188 2559 46 56 it
271 2559 258 57 between
571 2561 97 55 the
701 2560 164 69 jamb
898 2560 121 56 and
1053 2561 97 55 the
1188 2557 183 73 lock.)

270 2672 246 40 SCHON.
601 2655 140 59 You
778 2669 158 46 must
976 2654 138 60 hold
1159 2655 48 59 it
1246 2676 206 38 nearer
1494 2654 98 60 the
1634 2654 130 60 end.

267 2771 187 42 ALVA.
543 2753 106 60 It's
701 2754 358 71 cracking—
1162 2753 171 72 (The
1388 2756 130 57 lock
1570 2756 193 69 gives;
1815 2753 163 60 Alva
2031 2754 107 59 lets

190 2856 97 54 the
317 2875 72 35 ax
417 2855 114 68 fall
562 2855 118 55 and
708 2865 261 58 staggers
1005 2853 195 71 back.)
1298 2852 275 72 (Pause.)

271 2969 204 42 LULU.
574 2950 131 72 (To
764 2950 217 68 Schon,
1039 2951 271 71 pointing
1369 2965 57 43 to
1490 2954 100 56 the
1644 2950 199 72 door.)
1955 2949 181 61 After

187 3072 131 52 you.
416 3049 227 72 (Schon
690 3049 260 71 flinches,
992 3050 175 71 drops
1208 3050 194 71 back.)
1500 3049 126 60 Are
1665 3072 116 51 you
1828 3050 308 73 getting—

190 3148 210 75 dizzy?
499 3148 228 74 (Schon
774 3151 179 69 wipes
999 3152 96 56 the
1138 3162 184 46 sweat
1358 3151 159 68 from
1565 3149 85 60 his
1693 3151 286 68 forehead
2018 3149 120 59 and

188 3272 134 49 goes
362 3248 113 73 in.)

270 3366 185 40 ALVA.
554 3347 210 71 (From
821 3349 96 56 the
968 3345 234 72 couch.)
1306 3344 287 74 Ghastly!

272 3465 205 42 LULU.
573 3445 324 74 (Stopping
929 3449 58 57 in
1023 3450 96 55 the
1152 3448 323 71 door-way,
1504 3445 193 73 finger
1726 3469 74 35 on
1837 3448 127 70 lips,
1997 3448 141 57 cries

193 3561 101 45 out
332 3547 287 72 sharply.)
715 3544 132 61 Oh!
935 3544 133 60 Oh!
1166 3544 291 73 (Hurries
1501 3558 59 46 to
1603 3544 210 74 Alva.)
1910 3545 26 59 I
1981 3544 157 60 can't

192 3661 126 58 stay
357 3646 151 60 here.
