2323 3935
942 291 451 65 ERDGEIST

1926 297 158 75 [ACT
2123 318 23 42 I

195 309 77 53 32

276 508 336 42 SCHWARZ.
703 491 175 60 Have
911 513 116 52 you
1065 514 79 37 no
1181 492 144 72 soul,
1369 492 179 60 then?

276 607 207 42 LULU.
574 590 28 57 I
652 589 165 60 don't
864 590 196 60 know.

278 707 335 41 SCHWARZ.
704 691 176 58 Have
920 712 115 51 you
1079 711 136 39 ever
1258 712 141 38 once
1440 691 296 61 loved—?

278 807 205 42 LULU.
572 790 28 58 I
656 790 165 59 don't
875 790 195 59 know.

278 906 336 42 SCHWARZ.
713 889 22 72 (
1313 889 147 61 Gets
1719 903 97 59 up,
2016 914 136 48 goes
1292 892 178 72 right,
1524 903 59 47 to
1642 892 288 73 himself.)
2037 894 114 62 She

195 986 225 61 doesn't
454 985 207 61 know!

278 1106 205 42 LULU.
574 1087 20 72 (
930 1088 172 60 Without
1103 1088 174 75 moving.)
1311 1089 28 59 I
1378 1087 166 62 don't
1574 1088 197 61 know.

279 1206 335 41 SCHWARZ.
713 1187 22 74 (
751 1188 303 73 Glancing
1087 1202 62 46 at
1186 1187 197 74 Goll.)
1475 1188 99 60 He
1612 1188 223 63 knows.

279 1305 207 42 LULU.
584 1286 20 73 (
617 1287 235 59 Nearer
886 1286 173 73 him.)
1148 1286 194 61 What
1376 1287 75 59 do
1484 1309 115 52 you
1632 1303 166 44 want
1836 1303 62 44 to
1933 1289 217 59 know?

279 1404 338 42 SCHWARZ.
716 1387 340 72 {Angrily.)
1187 1387 117 72 Go,
1388 1402 95 58 get
1562 1385 260 62 dressed!
1954 1387 196 73 {Lulu

195 1508 140 51 goes
386 1488 122 57 into
569 1489 95 56 the
720 1488 316 57 bed-room.
1141 1487 92 58 To
1292 1487 199 72 Goll.)
1597 1486 234 59 Would
1889 1487 28 58 I
1974 1487 174 60 could

196 1586 224 75 change
452 1586 148 60 with
632 1609 133 51 you,
797 1607 114 53 you
947 1587 146 57 dead
1130 1583 166 61 man!
1378 1587 26 57 I
1444 1587 127 73 give
1605 1586 101 58 her
1739 1586 145 58 back
1922 1600 59 44 to
2016 1609 132 51 you.

203 1686 24 57 I
268 1686 129 73 give
430 1708 98 51 my
560 1685 184 74 youth
782 1699 62 44 to
876 1707 132 52 you,
1050 1699 113 46 too.
1247 1686 25 57 I
1314 1685 131 58 lack
1480 1685 96 58 the
1614 1707 250 52 courage
1900 1686 114 57 and
2053 1684 101 59 the

202 1785 167 60 faith.
453 1785 123 61 I've
614 1785 113 59 had
769 1799 57 45 to
867 1785 144 59 wait
1047 1785 286 73 patiently
1374 1799 96 45 too
1511 1785 157 73 long.
1755 1784 103 61 It's
1901 1799 96 45 too
2034 1784 118 60 late

202 1884 93 59 for
337 1907 110 36 me.
539 1886 24 57 I
614 1884 235 60 haven't
894 1906 207 52 grown
1146 1906 78 49 up
1268 1884 101 74 big
1412 1884 230 74 enough
1691 1884 94 59 for
1828 1883 322 72 happiness.

204 1986 24 57 I
278 1985 146 58 have
469 2006 34 37 a
546 1983 207 59 hellish
800 1983 127 60 fear
967 1983 65 59 of
1074 1985 62 58 it.
1224 1983 199 59 Wake
1468 1981 108 74 up!
1667 1985 25 57 I
1742 1982 192 60 didn't
1977 1982 175 60 touch

202 2084 119 59 her.
410 2085 98 57 He
549 2105 178 50 opens
769 2084 87 57 his
895 2082 227 60 mouth.
1209 2082 228 59 Mouth
1482 2103 147 51 open
1672 2082 114 59 and
1831 2103 126 52 eyes
1997 2081 154 71 shut,

203 2183 117 59 like
368 2183 98 58 the
514 2182 283 60 children.
889 2182 179 59 With
1118 2204 94 36 me
1259 2180 92 60 it's
1402 2182 97 58 the
1546 2182 171 58 other
1762 2202 131 52 way
1945 2180 209 60 round.

199 2283 199 59 Wake
433 2305 95 49 up,
567 2282 167 60 wake
773 2281 108 72 up!
975 2281 254 72 {Kneels
1267 2283 177 57 down
1484 2283 121 56 and
1642 2282 167 58 binds
1849 2282 86 57 his
1976 2282 144 57 hand-

203 2383 260 70 kerchief
509 2383 194 58 round
749 2385 99 56 the
892 2382 153 57 dead
1093 2404 184 37 mans
1324 2378 200 73 head.)
1628 2380 165 58 Here
1841 2378 27 59 I
1919 2377 235 61 beseech

209 2483 248 58 Heaven
500 2495 58 45 to
600 2480 168 60 make
802 2503 95 35 me
937 2479 192 59 able
1169 2493 61 44 to
1268 2480 71 57 be
1380 2479 338 73 happy—to
1757 2479 129 73 give
1925 2499 93 38 me
2058 2477 98 59 the

202 2580 266 74 strength
505 2582 113 58 and
659 2579 98 60 the
792 2580 262 59 freedom
1089 2578 66 61 of
1187 2578 127 61 soul
1350 2593 59 44 to
1445 2578 68 58 be
1549 2578 124 73 just
1709 2599 33 37 a
1776 2598 202 53 weeny
2014 2577 141 59 mite

202 2678 218 75 happy!
539 2679 121 59 For
732 2678 146 59 her
951 2678 213 71 sake,
1239 2676 201 74 only
1515 2676 136 59 for
1722 2674 148 60 her
1939 2674 213 61 sake.

218 2781 196 74 {Lulu
449 2804 188 35 comes
671 2792 103 46 out
806 2782 64 69 of
903 2784 97 54 the
1033 2780 322 64 bed-room,
1390 2778 343 72 completely
1769 2777 252 67 dressed,
2058 2780 100 56 her

208 2884 100 56 hat
339 2903 94 46 on,
463 2883 120 55 and
610 2883 103 55 her
741 2880 160 71 right
930 2879 159 58 hand
1118 2879 190 58 under
1338 2880 106 56 her
1470 2879 112 70 left
1611 2875 182 75 arm.)

289 2997 206 42 LULU.
595 2978 282 73 {Raising
917 2982 102 54 her
1057 2980 110 68 left
1207 2999 148 46 arm,
1397 2989 57 46 to
1494 2974 337 74 Schwarz.)
1922 2974 234 60 Would

203 3101 115 52 you
358 3078 153 60 hook
547 3101 95 36 me
682 3101 78 50 up
800 3077 176 60 here?
1060 3077 119 72 My
1219 3076 156 59 hand
1418 3076 290 58 trembles.

1032 3293 296 40 CURTAIN
