2323 3935
192 248 77 60 66

934 253 447 64 ERDGEIST

1866 258 155 75 [ACT
2063 280 70 41 111

188 446 304 74 happiness
524 449 95 58 for
651 472 33 36 a
714 473 235 38 woman
983 453 141 58 than
1160 468 58 44 to
1254 454 145 61 have
1432 477 34 36 a
1498 478 136 37 man
1668 458 246 73 entirely
1946 459 58 58 in
2040 458 102 59 her

188 568 198 50 power
403 546 23 59 ?

272 665 203 42 LULU.
565 646 22 72 (
986 649 274 74 Jingling
1635 654 103 56 her
1043 651 203 73 heels.)
1335 651 104 61 Oh
1471 652 126 75 yes!

272 765 305 41 ESCERNY.
671 748 509 75 {Disconcerted.)
1269 750 244 76 Among
1548 755 271 59 cultured
1858 776 132 38 men
2027 778 115 52 you

188 846 126 59 will
353 846 124 60 find
516 861 105 45 not
658 870 112 37 one
804 850 140 58 who
982 849 220 59 doesn't
1239 849 118 61 lose
1397 851 88 59 his
1523 853 147 61 head
1710 877 138 37 over
1885 877 132 52 you.

272 962 205 43 LULU.
554 947 174 59 Your
757 948 225 72 wishes,
1018 948 288 73 however,
1343 971 76 37 no
1451 971 113 39 one
1592 952 127 58 will
1757 950 179 61 fulfill
1969 950 139 61 with-

188 1060 104 44 out
325 1046 303 73 deceiving
657 1068 132 53 you.

272 1162 306 42 ESCERNY.
663 1147 103 59 To
805 1147 70 60 be
915 1148 265 60 deceived
1223 1148 74 74 by
1338 1171 34 36 a
1413 1147 113 75 girl
1567 1150 115 58 like
1722 1173 113 50 you
1876 1166 159 45 must
2073 1151 69 60 be

190 1259 96 44 ten
325 1245 168 61 times
527 1268 162 37 more
724 1248 384 72 enrapturing
1145 1248 139 59 than
1322 1262 64 45 to
1419 1248 68 59 be
1523 1248 305 74 uprightly
1863 1250 169 60 loved
2069 1250 73 72 by

188 1344 268 74 anybody
492 1343 132 62 else.

272 1466 207 42 LULU.
573 1449 137 60 You
764 1449 147 61 have
959 1471 175 38 never
1184 1452 58 57 in
1293 1474 147 50 your
1490 1451 103 59 life
1645 1452 142 60 been
1839 1452 303 75 uprightly

190 1549 168 59 loved
403 1549 74 73 by
520 1571 33 37 a
596 1549 141 73 girl!
835 1549 20 72 (
877 1551 1036 71 Turning
1195 1555 103 54 her
1341 1554 140 57 back
1527 1566 57 43 to
1632 1552 117 59 him
1794 1555 120 57 and
1952 1555 159 70 point-

190 1648 152 72 ing.)
426 1649 231 58 Would
687 1670 113 53 you
832 1651 158 58 undo
1023 1650 114 60 this
1166 1650 144 60 knot
1344 1650 93 60 for
1466 1650 132 60 me?
1674 1650 121 61 I've
1828 1651 161 60 laced
2021 1674 81 51 my-

190 1745 110 59 self
332 1759 99 46 too
464 1747 171 72 tight.
715 1748 155 58 lam
905 1748 215 72 always
1152 1771 61 37 so
1247 1749 223 60 excited
1507 1749 228 74 getting
1768 1749 248 60 dressed.

272 1869 306 41 ESCERNY.
662 1851 215 72 {After
903 1856 271 68 repeated
1200 1852 256 74 efforts.)
1538 1855 112 58 I'm
1679 1875 193 53 sorry;
1907 1856 26 58 I
1965 1855 174 59 can't.

272 1975 206 41 LULU.
563 1957 179 59 Then
784 1956 161 62 leave
987 1959 62 57 it.
1136 1957 257 73 Perhaps
1435 1960 26 57 I
1508 1982 127 36 can.
1729 1956 194 73 {Goes
1966 1957 162 74 left.)

273 2079 305 41 ESCERNY.
682 2063 26 57 I
764 2062 224 61 confess
1044 2063 128 58 that
1231 2064 23 56 I
1313 2086 93 35 am
1462 2063 235 74 lacking
1749 2064 60 57 in
1867 2063 271 60 deftness.

188 2162 228 74 Maybe
455 2162 27 58 I
521 2184 123 38 was
681 2177 103 45 not
822 2161 184 61 docile
1044 2162 230 72 enough
1310 2162 148 60 with
1496 2184 249 38 women.

268 2294 206 41 LULU.
574 2275 140 60 And
772 2275 281 74 probably
1105 2298 113 52 you
1277 2276 163 60 don't
1498 2276 143 60 have
1700 2278 174 58 much
1932 2297 170 50 oppor-

187 2375 196 74 tunity
421 2391 59 44 to
518 2375 68 59 be
624 2397 60 39 so
723 2377 58 57 in
818 2374 227 72 Africa,
1087 2374 223 60 either?

268 2509 306 42 ESCERNY.
671 2490 380 75 {Seriously.)
1150 2491 111 60 Let
1302 2514 91 37 me
1438 2491 209 74 openly
1691 2492 186 59 admit
1921 2506 62 45 to
2023 2512 115 53 you

183 2590 130 60 that
347 2613 98 51 my
478 2590 308 58 loneliness
822 2590 57 58 in
917 2590 97 58 the
1049 2590 191 60 world
1279 2589 301 61 embitters
1613 2612 177 52 many
1825 2589 195 62 hours.

266 2723 205 43 LULU.
550 2704 139 61 The
724 2705 145 59 knot
905 2707 44 59 is
987 2704 211 60 almost
1235 2705 166 59 done.
1449 2751 13 13 .
1509 2751 14 14 .
1570 2752 13 13 .

266 2838 306 41 ESCERNY.
651 2819 194 60 What
878 2821 193 58 draws
1105 2841 90 37 me
1231 2834 60 44 to
1322 2841 113 51 you
1471 2821 44 56 is
1548 2834 106 44 not
1684 2841 149 51 your
1867 2820 269 72 dancing.

187 2921 104 60 It's
323 2942 148 52 your
507 2920 255 73 physical
799 2920 114 59 and
950 2920 221 59 mental
1209 2918 360 72 refinement,
1609 2940 60 37 as
1708 2920 44 57 it
1791 2919 46 58 is
1874 2918 264 61 revealed

183 3020 59 59 in
275 3041 171 52 every
475 3041 109 38 one
618 3019 63 59 of
710 3041 148 52 your
888 3032 378 46 movements.
1340 3018 249 74 Anyone
1621 3018 140 58 who
1792 3018 47 60 is
1870 3040 61 38 so
1962 3015 176 61 much

184 3121 312 58 interested
540 3120 58 58 in
643 3135 91 43 art
779 3141 61 37 as
883 3120 27 58 I
957 3141 95 36 am
1094 3117 174 60 could
1313 3132 106 45 not
1461 3118 68 59 be
1575 3118 266 59 deceived
1888 3118 58 57 in
1992 3116 144 58 that.

184 3221 119 59 For
341 3235 96 45 ten
478 3221 274 71 evenings
791 3219 124 59 I've
949 3219 143 58 been
1129 3219 280 73 studying
1443 3239 149 52 your
1628 3215 268 73 spiritual
1937 3216 102 58 life
2081 3216 57 57 in

182 3340 148 53 your
366 3319 197 71 dance,
602 3316 156 61 until
798 3318 199 73 to-day
1033 3316 174 60 when
1242 3338 116 51 you
1397 3316 237 59 entered
1674 3337 60 38 as
1774 3314 97 60 the
1914 3314 192 57 flower-

186 3417 110 73 girl
336 3418 26 58 I
402 3417 232 59 became
667 3415 283 74 perfectly
985 3417 172 58 clear.
1235 3417 199 58 Yours
1470 3417 47 58 is
1552 3437 35 37 a
1622 3413 187 75 grand
1847 3426 208 44 nature

183 3516 309 73 unselfish;
530 3540 113 51 you
680 3539 105 36 can
823 3537 89 40 see
949 3537 76 38 no
1063 3537 112 38 one
1211 3514 215 70 suffer;
1465 3536 114 51 you
1618 3512 248 72 embody
1903 3511 98 59 the
2039 3512 99 72 joy

183 3616 64 61 of
280 3616 122 61 life.
478 3615 86 62 As
598 3639 35 38 a
667 3616 144 60 wife
842 3638 116 52 you
992 3615 128 61 will
1157 3615 168 61 make
1364 3638 33 37 a
1432 3635 137 38 man
1607 3612 192 74 happy
1837 3610 179 62 above
2055 3611 79 60 all
