2323 3935
939 420 226 76 ACT
1212 420 141 76 III

254 609 54 59 A
342 613 307 60 theatrical
676 616 472 72 dressing-room,
1178 622 160 68 hung
1364 622 146 58 with
1545 626 118 56 red.
1736 626 176 59 Door
1941 640 183 59 upper

177 711 173 70 right.
431 711 216 62 Across
686 727 183 59 upper
905 718 109 70 left
1056 740 221 47 corner,
1313 743 36 34 a
1385 718 246 73 Spanish
1672 746 214 38 screen.
1973 725 114 61 Cen-

210 821 152 54 tre,
363 830 45 37 a
418 812 155 58 table
623 826 89 45 set
1089 816 816 69 endwise,on
1212 820 190 57 which
1456 821 185 59 dance
1692 837 284 47 costumes
2026 826 91 60 lie.

178 905 186 61 Chair
400 932 71 35 on
513 914 136 56 each
687 914 125 57 side
849 917 63 68 of
944 918 113 56 this
1095 918 170 57 table.
1344 917 222 61 Lower
1601 922 176 69 right,
1814 944 35 37 a
1882 927 239 57 smaller

176 1009 155 56 table
371 1012 145 56 with
562 1033 35 36 a
640 1014 176 57 chair.
899 1013 219 61 Lower
1156 1017 128 71 left,
1325 1040 33 35 a
1401 1021 158 70 high,
1601 1044 135 49 very
1780 1025 174 66 wide,
1999 1026 93 57 old-

170 1110 309 66 fashioned
504 1115 333 56 arm-chair.
908 1113 206 60 Above
1142 1117 64 66 it,
1232 1139 36 35 a
1296 1120 109 57 tall
1432 1120 229 67 mirror,
1688 1122 146 57 with
1866 1143 35 36 a
1931 1125 152 57 make-

176 1219 73 57 up
289 1210 176 56 stand
507 1211 196 70 before
746 1214 44 56 it
836 1214 243 71 holding
1118 1215 151 71 puff,
1313 1238 199 51 rouge,
1555 1230 127 56 etc.,
1725 1232 108 47 etc.

253 1338 160 60 Alva
441 1342 46 56 is
516 1353 63 46 at
607 1343 186 57 lower
826 1345 175 71 right,
1032 1345 194 73 filling
1256 1360 118 46 two
1406 1350 214 69 glasses
1650 1351 146 57 with
1832 1353 106 58 red
1964 1355 155 56 wine

170 1439 121 55 and
352 1441 373 70 champagne.

253 1616 185 41 ALVA.
529 1601 200 60 Never
760 1602 155 59 since
948 1604 26 57 I
1009 1602 184 75 began
1227 1619 62 44 to
1320 1606 167 60 work
1520 1606 96 61 for
1649 1607 99 60 the
1776 1624 162 58 stage
1971 1610 144 61 have

177 1696 24 57 I
244 1718 130 37 seen
416 1719 33 37 a
487 1699 195 71 public
723 1722 60 38 so
825 1701 410 60 uncontrolled
1277 1705 58 57 in
1380 1705 370 62 enthusiasm.

257 1814 206 42 LULU.
562 1798 20 72 (
1018 1799 176 60 Voice
814 1803 158 67 from
1019 1804 213 57 behind
1274 1807 95 56 the
1612 1804 47 74 .)
1759 1807 191 61 Don't
1994 1808 127 72 give

173 1917 91 36 me
294 1910 100 45 too
422 1897 174 60 much
630 1900 101 57 red
761 1900 170 58 wine.
1007 1901 157 58 Will
1195 1901 70 58 he
1294 1924 89 36 see
1415 1926 92 37 me
1538 1905 239 73 to-day?

252 2013 185 40 ALVA.
527 1996 258 60 Father?

253 2112 206 42 LULU.
545 2095 136 60 Yes.

249 2211 186 40 ALVA.
526 2195 27 58 I
586 2194 166 61 don't
783 2197 177 58 know
990 2198 48 58 if
1066 2198 118 61 he's
1213 2201 59 57 in
1305 2199 99 60 the
1434 2199 243 62 theater.

254 2311 205 41 LULU.
549 2295 249 59 Doesn't
841 2296 71 57 he
953 2312 166 46 want
1162 2312 63 45 to
1263 2320 92 41 see
1393 2322 94 37 me
1528 2315 61 46 at
1630 2300 122 61 all?

248 2410 185 41 ALVA.
525 2394 99 58 He
659 2394 103 61 has
795 2416 63 39 so
892 2395 156 61 little
1080 2397 156 60 time.

252 2508 203 43 LULU.
546 2494 116 58 His
723 2494 249 60 bride
1033 2498 260 71 occupies
1334 2496 140 64 him.

249 2608 186 41 ALVA.
525 2592 419 71 Speculations.
1073 2595 100 60 He
1256 2597 157 73 gives
1494 2597 239 62 himself
1815 2621 76 38 no
1975 2616 135 46 rest.

177 2689 20 73 (
276 2689 419 77 Schonenters.)
793 2692 179 61 You?
1056 2695 207 59 We're
1306 2698 124 73 just
1474 2698 278 74 speaking
1792 2698 66 60 of
1898 2721 132 52 you.

249 2808 205 41 LULU.
544 2791 58 60 Is
639 2791 69 60 he
751 2792 201 60 there?

248 2905 246 42 SCHON.
579 2890 224 60 You're
833 2891 334 75 changing?

248 3006 204 40 LULU.
551 2989 20 73 (
885 2990 128 74 Peeping
1014 3015 105 36 over
1120 2997 94 56 the
1215 2993 228 72 Spanish
1485 3017 218 47 screen,
1747 3010 58 44 to
1848 2996 253 74 Schon.)

167 3086 132 58 You
352 3088 173 59 write
576 3091 57 57 in
687 3091 78 57 all
818 3091 97 57 the
967 3114 203 49 papers
1221 3092 128 60 that
1405 3095 110 58 I'm
1571 3093 99 60 the
1720 3109 154 44 most
1924 3093 187 74 gifted

168 3185 277 59 danseuse
482 3186 137 58 who
653 3209 132 38 ever
826 3191 132 57 trod
999 3190 97 60 the
1131 3206 176 59 stage,
1348 3214 34 38 a
1419 3195 209 58 second
1668 3192 288 74 Taglioni
1995 3195 116 58 and

170 3285 22 56 I
237 3285 163 60 don't
435 3286 177 60 know
644 3289 163 58 what
842 3289 313 61 else—and
1190 3313 115 52 you
1344 3291 237 60 haven't
1616 3313 141 38 once
1797 3291 186 61 found
2021 3316 91 36 me

167 3383 184 72 gifted
390 3387 231 71 enough
659 3401 64 44 to
758 3389 276 59 convince
1071 3389 262 74 yourself
1369 3391 64 59 of
1474 3391 97 59 the
1613 3391 137 60 fact.

254 3500 249 43 SCHON.
593 3486 26 57 I
670 3483 147 64 have
863 3509 63 38 so
971 3488 175 60 much
1194 3504 64 44 to
1298 3491 191 60 write.
1573 3490 139 61 You
1758 3511 108 52 see,
1921 3491 26 58 I
1998 3511 122 40 was
