2323 3935
930 294 449 61 ERDGEIST

188 320 125 40 ACT
354 298 91 73 IV]

2052 316 73 55 93

192 518 180 36 comes
571 496 73 57 with
645 497 63 54 the
709 496 518 67 champagne-cup;
1253 504 57 44 to
1341 489 156 74 her.)
1573 490 139 61 You
1742 515 98 38 are
1868 493 122 61 still
2019 494 114 60 like

185 592 274 74 yourself.
548 589 22 74 (
793 591 215 71 After
1009 587 122 75 drinking.)
1214 587 190 60 Don't
1441 588 83 60 let
1557 588 105 61 her
1698 611 213 51 escape.
2003 591 132 73 {To

186 690 207 72 Alva.)
485 690 137 57 You
663 710 97 37 are
800 689 100 58 the
938 700 156 47 next.

266 805 185 41 ALVA.
548 786 131 75 {To
713 785 425 75 Hugenberg.)
1229 785 163 72 Help
1426 807 91 38 me
1553 808 168 53 carry
1754 788 122 59 him
1912 804 60 46 to
2006 790 127 60 bed.

269 904 245 41 SCHON.
604 885 116 73 No,
754 907 93 50 no,
882 884 204 73 please,
1122 907 93 37 no.
1289 885 202 72 Wine,
1526 887 412 59 murderess—

263 1001 183 41 ALVA.
546 983 129 71 {To
733 981 425 73 Hugenberg.)
1266 981 176 59 Take
1496 982 122 60 him
1672 1006 78 50 up
1809 984 129 61 that
1992 987 136 60 side.

200 1084 314 71 {Pointing
548 1081 209 74 right.)
848 1084 139 57 Into
1022 1081 95 60 the
1153 1081 322 60 bed-room.
1566 1081 203 76 {They
1807 1086 99 70 lift
1939 1086 197 61 Schon

190 1183 238 69 upright
471 1183 119 55 and
631 1181 133 59 lead
807 1183 117 55 him
973 1183 176 69 right.
1235 1180 163 60 Lulu
1441 1194 155 58 stays
1642 1205 140 36 near
1822 1188 101 56 the
1964 1188 173 66 table,

190 1283 94 53 the
329 1282 153 68 glass
524 1282 57 56 in
631 1284 103 55 her
777 1278 210 73 hand.)

270 1395 245 40 SCHON.
616 1374 400 74 {Groaning.)
1117 1376 63 59 O
1227 1374 171 63 God!
1488 1377 62 61 O
1596 1378 172 61 God!
1855 1379 61 61 O
1963 1379 172 64 God!

199 1473 189 72 {Alva
426 1476 154 70 finds
622 1478 95 56 the
759 1478 148 56 door
945 1477 223 66 locked,
1209 1489 171 48 turns
1421 1481 98 56 the
1558 1481 102 70 key
1699 1481 119 57 and
1859 1494 171 58 opens
2074 1484 62 55 it.

192 1572 287 60 Countess
518 1574 340 58 Geschwitz
894 1586 152 58 steps
1082 1586 120 46 out.
1281 1575 197 60 Schon
1517 1590 61 45 at
1616 1580 96 55 the
1747 1580 156 70 sight
1940 1583 61 67 of
2038 1583 102 54 her

189 1673 320 70 straighten
557 1686 97 57 up,
696 1672 230 73 stiffly.)
1001 1672 140 59 The
1186 1673 198 59 Devil.
1462 1673 134 73 {He
1638 1679 140 67 falls
1823 1679 314 59 backward

189 1782 136 44 onto
354 1772 98 56 the
481 1782 212 58 carpet.
764 1771 163 58 Lulu
957 1774 224 56 throws
1211 1774 215 69 herself
1455 1776 196 66 down,
1686 1777 157 57 takes
1878 1777 85 58 his
1994 1779 147 56 head

189 1868 57 56 in
289 1870 104 54 her
429 1870 116 68 lap,
584 1871 121 56 and
743 1871 172 57 kisses
956 1870 174 73 him.)

270 1981 205 42 LULU.
566 1967 100 58 He
689 1966 103 61 has
819 1981 101 59 got
943 1990 141 37 over
1108 1970 61 58 it.
1249 1967 21 74 (
1288 1970 148 60 Gets
1463 1984 73 58 up
1566 1974 119 56 and
1707 1985 176 46 starts
1910 1976 231 56 toward

188 2067 96 54 the
324 2063 222 73 stairs.)

268 2178 186 42 ALVA.
542 2163 193 60 Don't
773 2163 135 61 stir!

269 2279 397 43 GESCHWITZ.
757 2265 28 57 I
825 2265 256 73 thought
1115 2266 47 58 it
1196 2287 122 39 was
1350 2289 132 51 you.

270 2378 206 42 LULU.
574 2361 374 74 {Throwing
993 2367 217 69 herself
1253 2367 198 69 before
1493 2365 210 74 Alva.)
1799 2367 140 60 You
1982 2366 156 60 can't

189 2458 130 73 give
350 2481 94 36 me
477 2482 78 48 up
590 2474 59 45 to
687 2460 95 59 the
819 2461 146 58 law!
1046 2463 57 57 It
1139 2463 44 59 is
1219 2486 60 35 m
1300 2487 37 49 y
1371 2464 148 58 head
1557 2464 128 60 that
1721 2465 44 59 is
1799 2465 201 60 struck
2030 2464 103 60 off.

192 2558 26 57 I
265 2557 132 59 shot
440 2557 120 59 him
600 2559 242 59 because
886 2561 73 57 he
1001 2582 121 37 was
1168 2562 179 58 about
1393 2577 61 43 to
1500 2562 166 58 shoot
1712 2585 109 38 me.
1912 2564 30 59 I
1990 2563 145 61 have

188 2655 169 59 loved
390 2656 230 73 nobody
654 2657 57 57 in
748 2657 96 58 the
879 2658 191 59 world
1106 2660 108 58 but
1247 2657 150 61 him!
1473 2660 174 72 Alva,
1685 2662 249 59 demand
1971 2662 165 60 what

185 2775 114 50 you
334 2752 143 73 will,
517 2754 137 73 only
692 2755 162 58 don't
890 2755 83 60 let
1008 2778 92 37 me
1139 2756 107 60 fall
1285 2757 123 60 into
1449 2757 96 60 the
1583 2759 187 61 hands
1806 2760 64 60 of
1905 2761 227 73 justice.

185 2850 172 60 Take
388 2851 122 73 pity
536 2874 73 37 on
640 2874 108 37 me.
825 2854 154 58 lam
1009 2855 121 59 still
1158 2877 215 52 young.
1449 2858 26 57 I
1510 2856 127 60 will
1669 2858 68 58 be
1769 2872 131 45 true
1931 2873 64 46 to
2020 2881 113 52 you

189 2971 58 38 as
278 2950 141 72 long
447 2971 59 37 as
539 2950 27 58 I
600 2952 129 58 live.
807 2953 27 56 I
867 2950 128 61 will
1025 2952 214 73 belong
1267 2952 140 76 only
1437 2968 64 45 to
1529 2977 131 51 you.
1736 2956 165 59 Look
1930 2971 61 45 at
2022 2978 109 50 me,

185 3047 174 60 Alva.
439 3048 177 71 Man,
655 3048 136 60 look
829 3065 61 44 at
923 3049 121 60 me!
1128 3051 163 59 Look
1328 3066 59 44 at
1426 3051 154 59 me!!
1672 3052 352 76 {Knocking
2061 3079 71 37 on

190 3151 98 56 the
340 3149 146 58 door
545 3149 274 71 outside.)

268 3264 185 41 ALVA.
538 3246 140 60 The
717 3248 200 71 police.
1013 3246 195 74 {Goes
1247 3263 57 46 to
1351 3264 144 59 open
1539 3250 98 75 it.)

273 3363 421 42 HUGENBERG.
785 3345 26 59 I
853 3345 148 60 shall
1039 3347 69 59 be
1145 3347 262 71 expelled
1449 3348 155 61 from
1644 3349 214 61 school.

1011 3563 294 41 CURTAIN
