2323 3935
168 304 126 42 ACT
335 284 102 75 lII]

924 288 447 63 ERDGEIST

2037 311 74 59 75

253 504 248 42 SCHON.
588 486 143 61 Tell
762 510 94 38 me
882 490 60 58 in
974 489 188 62 God's
1192 513 168 37 name
1389 491 163 61 what
1583 493 28 59 I
1642 508 157 45 must
1832 495 92 60 do.

253 603 207 42 LULU.
559 585 20 74 (
1032 585 148 62 Gets
1441 602 111 58 up;
1774 592 104 55 her
1126 590 164 59 cloak
1349 594 250 57 remains
1653 617 71 34 on
1785 597 98 54 the
1940 595 177 58 chair.

167 688 267 71 Shoving
466 688 155 57 aside
656 691 99 56 the
787 702 282 47 costumes
1106 713 70 36 on
1215 693 94 56 the
1346 705 192 45 centre
1576 693 206 73 table.)
1873 693 164 60 Here
2074 694 44 58 is

169 787 531 73 writing-paper—

251 903 249 42 SCHON.
590 886 27 59 I
661 886 154 60 can't
856 889 190 59 write.
1092 936 14 12 .
1153 936 13 11 .
1214 936 14 12 .

253 1004 207 41 LULU.
559 987 19 73 (
601 987 257 72 Upright
896 990 215 58 behind
1144 990 138 66 him,
1324 992 102 56 her
1460 1013 123 35 arm
1628 1013 70 35 on
1741 994 96 55 the
1876 993 139 56 back
2056 993 62 65 of

170 1088 84 57 his
292 1086 212 73 chair.)
593 1086 228 59 Write!
1100 1088 137 57 dear
1272 1110 197 52 young
1503 1088 152 74 lady.
1703 1136 13 12 .
1803 1135 13 13 .

253 1202 247 41 SCHON.
599 1185 21 73 (
1069 1185 396 72 Hesitating.)
1111 1187 25 57 l
1169 1186 112 60 call
1312 1187 104 57 her
1440 1186 288 60 Adelheid
1775 1234 74 13 ..
1897 1234 13 13 .

253 1302 205 40 LULU.
557 1284 207 72 {With
797 1285 334 72 emphasis.)
1376 1288 138 57 dear
1539 1308 198 52 young
1761 1286 135 73 lady
1939 1333 74 12 ..

253 1402 246 40 SCHON.
588 1385 119 73 My
736 1399 266 43 sentence
1035 1385 63 57 of
1130 1384 203 60 death!
1422 1387 135 71 {He
1590 1387 250 72 writes.)

253 1501 204 42 LULU.
795 1484 141 59 back
975 1506 146 50 your
1162 1484 261 70 promise.
1511 1486 24 56 I
1578 1498 214 45 cannot
1835 1482 279 60 reconcile

169 1583 44 60 it
240 1583 146 59 with
411 1606 97 51 my
1023 1581 225 72 {Schon
1277 1586 174 69 drops
1482 1587 94 55 the
1603 1597 107 58 pen
1741 1586 119 56 and
1882 1586 234 69 glances

171 1696 74 59 up
279 1695 61 46 at
376 1686 103 55 her
512 1683 439 72 entreatingly.)
1037 1683 201 58 Write
1271 1680 357 61 conscience!
1926 1681 186 59 fasten

167 1804 113 51 you
326 1798 57 42 to
424 1804 96 51 my
560 1782 274 72 unhappy
874 1782 101 58 lot.
1023 1827 13 13 .
1083 1827 14 12 .

251 1898 247 41 SCHON.
597 1879 359 74 {Writing.)
1046 1879 137 59 You
1225 1901 97 37 are
1364 1879 175 73 right.
1619 1879 137 59 You
1798 1901 97 37 are
1938 1877 173 73 right.

253 1997 203 41 LULU.
656 1980 126 71 give
823 2001 113 51 you
978 2000 95 51 my
1111 1978 165 59 word
1321 1977 125 59 that
1492 1978 24 56 I
1563 2000 92 36 am
1697 1976 312 72 unworthy
2050 1975 64 57 of

166 2100 147 51 your
352 2077 128 60 love
693 2076 228 74 {Schon
965 2090 166 45 turns
1171 2079 192 56 round
1398 2075 224 72 again.)
1712 2075 199 58 Write
1952 2071 156 61 love!

440 2177 145 59 lines
623 2197 99 37 are
761 2177 95 57 the
894 2175 171 71 proof
1101 2175 63 59 of
1202 2177 61 57 it.
1349 2175 115 57 For
1501 2174 162 58 three
1697 2194 162 52 years
1898 2173 26 57 I
1967 2171 142 58 have

170 2276 146 57 tried
357 2291 57 42 to
452 2291 122 42 tear
607 2274 209 73 myself
853 2274 183 68 loose;
1075 2274 26 57 I
1140 2274 142 59 have
1321 2287 102 43 not
1458 2273 95 57 the
1587 2271 282 71 strength.
1952 2271 156 55 lam

167 2373 244 70 writing
439 2395 112 50 you
587 2373 73 72 by
693 2372 97 59 the
821 2372 117 57 side
974 2372 65 57 of
1072 2372 95 57 the
1201 2392 230 37 woman
1469 2370 127 58 that
1629 2370 334 57 commands
1999 2387 105 37 me.

170 2470 216 71 Forget
413 2493 109 37 me.
597 2471 111 57 Dr.
744 2470 258 71 Ludwig

249 2585 246 41 SCHON.
593 2566 399 74 {Groaning.)
1078 2566 61 59 O
1171 2565 170 60 God!

250 2683 203 41 LULU.
551 2665 192 72 {Half
768 2663 299 71 startled.)
1153 2663 114 70 No,
1302 2686 76 35 no
1407 2662 60 58 O
1498 2660 169 61 God!
1751 2659 206 73 {With
1991 2683 76 35 em-

166 2765 240 71 phasis.)
659 2762 255 71 Ludwig
1296 2759 348 70 Postscript:
1876 2772 100 43 not
2022 2771 55 44 at-

169 2876 183 57 tempt
393 2876 61 43 to
495 2883 133 36 save

250 2978 244 41 SCHON.
593 2959 281 72 {Having
907 2960 236 56 written
1180 2972 57 43 to
1274 2960 97 55 the
1408 2959 128 63 end,
1576 2958 156 68 quite
1768 2951 323 75 collapses.)

171 3060 428 58 Now—comes
641 3058 94 58 the
736 3057 402 58 —execution.

985 3264 292 42 CURTAIN
