2323 3935
182 258 81 65 80

931 262 450 62 ERDGEIST

1870 264 156 75 [ACT
2069 286 64 40 IV

179 460 117 60 him
338 461 74 73 by
451 460 98 61 the
589 461 133 60 feet.
804 463 235 58 That'll
1083 463 160 72 whip
1288 463 85 61 his
1412 487 201 52 young
1651 464 175 62 blood
1871 467 128 59 into
2041 467 95 59 the

179 581 211 49 proper
427 559 235 75 rhythm
701 562 155 72 right
898 562 152 60 from
1090 562 95 60 the
1221 577 166 46 start.

262 694 424 42 HUGENBERG.
786 677 19 72 (
1452 680 259 71 Kicking
2085 680 86 57 his
1246 679 174 72 legs.)
1518 681 264 74 Hooray,
1826 681 234 76 hooray,
2108 682 26 59 I

179 774 148 61 shall
363 776 69 60 be
469 776 259 72 expelled
770 776 152 60 from
960 775 225 62 school!

260 910 281 40 RODRIGO.
640 891 21 73 (
675 892 233 74 Setting
940 896 116 56 him
1090 896 175 57 down
1298 909 62 44 at
1391 898 98 56 the
1518 900 129 66 foot
1679 901 62 67 of
1772 901 101 56 the
1900 896 225 75 stairs.)

179 991 230 61 You've
445 1014 176 37 never
659 994 140 57 been
840 1008 62 44 to
939 1016 108 51 any
1090 994 242 61 sensible
1370 995 196 60 school
1608 1011 61 45 at
1707 996 80 60 all
1824 1011 113 60 yet.

263 1124 387 41 SCHIGOLCH.
742 1109 164 57 Here
953 1131 175 51 many
1174 1131 34 35 a
1252 1132 136 36 man
1437 1109 100 61 has
1584 1110 237 75 already
1865 1135 138 36 won
2052 1113 86 58 his

180 1229 182 49 spurs.
452 1206 184 75 Only,
687 1231 76 36 no
810 1207 284 74 timidity!
1185 1210 175 72 First,
1416 1210 97 59 I'll
1562 1226 85 44 set
1694 1211 204 61 before
1942 1235 113 51 you
2106 1235 34 35 a

179 1307 145 70 drop
360 1306 62 58 of
456 1307 163 59 what
654 1306 156 61 can't
846 1309 70 58 be
951 1307 112 60 had
1101 1309 311 73 anywhere
1450 1309 94 59 for
1579 1333 227 52 money.
1898 1310 20 72 (

180 1429 34 36 a
253 1409 297 68 cupboard
587 1409 188 57 under
810 1411 96 55 the
942 1408 223 73 stairs.)

263 1538 425 42 HUGENBERG.
777 1522 162 58 Now
981 1522 47 58 if
1064 1522 98 58 she
1205 1522 223 61 doesn't
1467 1545 161 39 come
1669 1524 254 75 dancing
1961 1526 57 58 in
2060 1549 74 36 on

184 1620 97 59 the
325 1620 238 72 instant,
611 1620 97 59 I'll
752 1621 218 72 wallop
1014 1644 113 52 you
1174 1638 119 44 two
1339 1645 62 38 so
1443 1624 183 73 you'll
1671 1624 121 59 still
1839 1625 107 58 rub
1992 1646 147 52 your

184 1719 131 59 tails
358 1720 57 58 in
464 1720 96 60 the
605 1720 308 61 hereafter.

266 1852 280 41 RODRIGO.
645 1834 19 73 (
1169 1836 212 59 Seated
936 1838 111 67 left
1097 1839 61 68 of
1207 1841 96 54 the
1353 1836 208 73 table.)
1661 1838 137 59 The
1847 1853 291 60 strongest

184 1956 135 37 man
353 1935 59 58 in
447 1935 94 58 the
574 1935 191 58 world
799 1935 155 59 little
983 1936 241 58 brother
1255 1936 127 60 will
1415 1935 246 73 wallop!
1741 1938 111 59 Let
1882 1960 258 37 mamma

191 2049 105 56 put
332 2032 142 74 long
508 2048 272 45 trowsers
814 2057 74 35 on
926 2057 112 50 you
1075 2034 143 61 first.
1306 2035 20 72 (
1339 2036 372 73 Hugenberg
1744 2039 104 58 sits
1885 2040 256 69 opposite

188 2132 170 72 him.)

269 2265 423 41 HUGENBERG.
784 2247 87 59 I'd
903 2247 197 60 rather
1125 2270 112 51 you
1269 2248 122 59 lent
1416 2271 94 38 me
1534 2271 150 51 your
1711 2251 316 61 mustache.

266 2364 280 41 RODRIGO.
636 2346 223 74 Maybe
903 2368 114 52 you
1063 2361 165 45 want
1274 2347 104 58 her
1423 2363 62 43 to
1528 2347 194 60 throw
1767 2370 111 51 you
1925 2365 103 43 out
2073 2350 63 58 of

187 2445 95 60 the
320 2446 144 58 door
498 2445 250 74 straight
782 2444 126 60 off?

268 2563 423 41 HUGENBERG.
784 2546 57 58 If
892 2547 24 56 I
967 2546 137 73 only
1149 2546 173 58 knew
1367 2567 136 38 now
1548 2547 162 60 what
1758 2548 96 60 the
1903 2548 151 61 devil
2106 2551 26 57 I

186 2667 118 37 was
341 2646 176 71 going
550 2659 60 44 to
644 2666 98 51 say
777 2660 58 43 to
873 2642 130 60 her!

267 2761 281 41 RODRIGO.
634 2744 169 58 That
849 2744 95 59 she
993 2745 205 57 knows
1241 2745 122 58 best
1407 2745 233 60 herself.

268 2861 385 40 SCHIGOLCH.
753 2841 21 73 (
1386 2843 251 71 Putting
1075 2857 115 44 two
1228 2845 209 57 bottles
1471 2847 118 55 and
1621 2848 161 56 three
1814 2848 211 70 glasses
2063 2869 71 35 on

187 2946 95 54 the
315 2942 206 71 table.)
610 2942 25 58 I
669 2942 219 58 started
922 2943 57 57 in
1012 2963 74 37 on
1119 2963 112 38 one
1263 2942 63 58 of
1360 2942 157 59 them
1550 2944 317 73 yesterday.
1955 2944 19 73 (
1988 2946 148 58 Fills

188 3045 94 54 the
330 3040 263 73 glasses.)

269 3156 280 41 RODRIGO.
647 3139 20 71 (
1043 3139 247 73 Guarding
1291 3140 220 74 Hugenberg's.)
1607 3141 191 59 Don't
1844 3141 127 74 give
2016 3141 119 59 him

187 3253 95 43 too
330 3238 191 71 much,
573 3259 67 37 or
686 3238 156 58 we'll
892 3239 139 58 both
1083 3239 144 60 have
1279 3254 61 43 to
1391 3261 108 52 pay
1553 3240 93 59 for
1697 3242 61 58 it.

268 3353 386 42 SCHIGOLCH.
753 3337 21 70 (
1190 3337 218 73 Supporting
1409 3341 144 68 himself
1554 3342 147 56 with
1702 3343 86 55 both
1837 3342 182 56 hands
2061 3362 71 34 on

188 3438 97 55 the
329 3435 333 72 table-top.)
760 3436 156 58 Will
964 3436 94 58 the
1108 3437 329 72 gentlemen
1482 3436 236 61 smoke?

273 3551 421 42 HUGENBERG.
793 3534 316 75 {Opening
1151 3539 84 57 his
1273 3539 279 70 cigarette
1588 3535 176 72 case.)
1859 3536 238 59 Havana-

191 3631 284 74 imported
494 3630 13 62 !
