2323 3935
178 263 127 42 ACT
345 263 46 42 II
399 243 23 74 ]

931 247 450 64 ERDGEIST
1415 250 13 15 v

2052 270 71 56 41

259 463 390 43 SCHIGOLCH.
735 447 251 61 There's
1035 449 121 59 still
1209 450 234 73 enough
1495 450 110 61 left
1659 473 143 38 over
1851 465 62 46 to
1965 450 167 72 plant

178 568 33 37 a
236 546 238 73 juniper
499 567 75 38 on
603 569 97 52 my
730 569 192 52 grave.
998 549 97 60 I'll
1124 549 123 60 find
1277 573 96 51 my
1402 572 136 38 own
1570 573 133 51 way
1731 565 122 45 out.
1939 549 195 72 {Exit.

177 645 161 60 Lulu
368 647 242 70 follows
1155 649 259 68 him,
805 652 120 56 and
953 652 289 70 presently
1275 663 234 47 returns
1538 653 146 56 with
1716 650 118 59 Dr.
1867 649 254 75 Schdn.)

262 762 249 42 SCHON.
597 747 238 61 What's
879 770 147 51 your
1073 747 195 61 father
1316 750 179 72 doing
1542 748 175 60 here?

263 863 206 41 LULU.
556 846 239 60 What's
841 847 96 59 the
978 846 258 60 matter?

262 962 247 42 SCHON.
611 946 60 59 If
729 948 27 57 I
814 968 155 38 were
1024 969 150 51 your
1227 948 265 59 husband
1550 949 130 60 that
1736 969 137 37 man
1931 945 204 61 would

181 1064 177 40 never
404 1066 160 37 come
615 1067 137 38 over
798 1068 98 51 my
945 1045 318 61 threshold.

264 1161 206 42 LULU.
556 1144 138 60 You
755 1167 105 37 can
923 1146 173 72 speak
1155 1144 346 75 intimately.
1608 1146 147 59 He's
1815 1161 104 44 not
1979 1146 153 59 here.

193 1244 353 72 {Referring
588 1258 57 44 to
686 1245 337 72 Schwarz.)

264 1359 248 42 SCHON.
600 1340 223 62 Thank
875 1367 132 49 you,
1068 1343 90 59 I'd
1216 1344 200 60 rather
1467 1358 122 46 not.

263 1459 206 42 LULU.
560 1443 27 57 I
626 1443 164 58 don't
824 1444 381 59 understand.

264 1559 249 41 SCHON.
603 1543 27 57 I
692 1542 178 58 know
929 1542 146 60 that.
1188 1541 321 73 {Offering
1567 1546 103 57 her
1727 1565 36 37 a
1818 1541 176 75 seat.)
2107 1543 27 57 I

183 1640 208 58 should
431 1640 115 59 like
586 1655 63 44 to
686 1641 173 71 speak
897 1641 150 58 with
1083 1663 115 52 you
1236 1642 124 73 just
1398 1664 77 37 on
1519 1641 131 60 that
1688 1641 245 74 subject.

266 1758 205 41 LULU.
572 1740 256 74 {Sitting
865 1744 177 57 down
1082 1741 421 74 uncertainly.)
1591 1741 169 75 Why
1797 1740 192 61 didn't
2025 1764 115 51 you

183 1838 104 60 tell
325 1860 92 38 me
457 1861 61 38 so
555 1840 319 73 yesterday,
918 1839 181 60 then?

268 1955 249 42 SCHON.
607 1938 215 71 Please,
869 1938 251 74 nothing
1161 1961 140 37 now
1343 1940 177 59 about
1561 1940 321 73 yesterday.
1969 1940 26 59 I
2041 1941 99 57 did

183 2037 103 60 tell
316 2060 116 52 you
466 2053 123 44 two
617 2060 165 51 years
817 2060 127 51 ago.

268 2155 206 41 LULU.
574 2138 427 75 {Nervously.)
1113 2136 122 74 Oh,
1294 2138 364 75 yes,—Hm!

268 2254 249 41 SCHON.
607 2237 202 61 Please
860 2238 71 60 be
979 2238 143 58 kind
1175 2238 231 74 enough
1462 2253 60 45 to
1574 2260 160 38 cease
1779 2260 149 52 your
1978 2237 165 62 visits

186 2350 61 44 to
280 2359 97 50 my
412 2336 194 59 house.

269 2451 207 44 LULU.
564 2437 156 73 May
776 2436 28 59 I
857 2435 154 61 offer
1059 2458 115 52 you
1230 2459 72 37 an
1357 2436 254 60 elixir—

269 2550 248 42 SCHON.
603 2535 271 60 Thanks.
969 2535 98 59 No
1116 2535 185 61 elixir.
1397 2536 174 60 Have
1616 2557 114 53 you
1781 2535 359 60 understood

187 2632 132 58 me?
421 2633 195 72 {Lulu
663 2638 206 56 shakes
917 2638 103 55 her
1071 2635 198 72 head.)
1373 2634 197 60 Good.
1658 2634 139 60 You
1848 2634 146 61 have
2045 2634 96 60 the

188 2729 211 61 choice.
481 2731 140 58 You
664 2732 158 58 force
865 2754 91 36 me
997 2747 60 43 to
1100 2733 97 59 the
1241 2747 151 45 most
1435 2747 259 46 extreme
1734 2754 322 39 measures:
2059 2768 84 8 —

187 2830 187 59 either
409 2845 94 44 act
540 2832 58 56 in
639 2832 350 57 accordance
1029 2831 147 58 with
1212 2854 148 51 your
1397 2834 302 57 station—

269 2948 206 42 LULU.
564 2928 137 62 Or?

272 3046 248 42 SCHON.
607 3028 98 60 Or
705 3051 197 51 —you
944 3028 225 72 compel
1208 3051 91 37 me
1301 3030 114 58 —I
1457 3029 212 60 should
1712 3029 147 61 have
1899 3044 63 45 to
2002 3044 139 45 turn

191 3145 61 45 to
290 3130 131 59 that
460 3151 206 51 person
706 3130 139 59 who
883 3130 47 60 is
969 3128 351 74 responsible
1364 3130 94 58 for
1496 3152 150 51 your
1684 3131 296 59 behavior.

273 3248 206 40 LULU.
565 3229 196 59 What
804 3229 197 59 makes
1049 3250 113 52 you
1214 3229 252 72 imagine
1517 3227 168 60 that?

269 3347 248 42 SCHON.
624 3329 28 58 I
715 3326 150 61 shall
931 3342 230 57 request
1223 3349 147 52 your
1434 3328 284 71 husband,
1785 3326 236 60 himself
2082 3340 61 46 to

191 3429 194 60 watch
432 3450 141 39 over
615 3450 148 52 your
805 3448 177 52 ways.
1081 3427 196 73 {Lulu
1326 3429 156 66 rises,
1527 3451 136 49 goes
1707 3442 76 57 up
1832 3430 96 58 the
1972 3441 174 59 steps,

193 3528 211 75 right.)
498 3528 229 60 Where
770 3549 96 38 are
908 3550 115 51 you
1067 3526 216 75 going?

274 3646 206 44 LULU.
579 3627 202 75 {Calls
824 3631 136 57 thru
1002 3631 97 57 the
1142 3626 311 75 curtains.)
1547 3625 273 62 Walter!
