2323 3935
873 210 449 62 ERDGEIST

1858 212 155 75 [ACT
2055 231 23 42 I

135 229 71 53 14

134 409 20 70 (
212 408 258 72 Coming
689 411 177 56 down
867 409 145 71 stage.)
1013 411 66 57 He
1123 411 47 61 is
1210 408 121 62 still
1375 409 201 59 rather
1613 432 200 52 young
1858 412 93 60 for
1994 412 86 60 his

124 530 121 51 age.
338 507 19 73 (
371 508 282 59 Schwarz
693 531 188 35 comes
918 511 141 56 back
1096 512 145 55 with
1281 530 36 37 a
1351 511 180 58 white
1566 512 151 56 satin
1758 511 308 71 costume.)

207 625 335 41 SCHWARZ.
631 607 194 59 What
867 623 121 43 sort
1032 609 64 58 of
1139 609 269 58 material
1453 609 44 58 is
1542 609 170 59 that?

206 724 248 41 SCHON.
555 707 19 71 (
1048 708 246 71 Feeling
877 708 99 71 it.)
1076 708 182 60 Satin.

206 825 336 40 SCHWARZ.
628 807 143 58 And
808 807 80 60 all
923 809 60 56 in
1018 830 108 35 one
1162 808 170 71 piece.

206 924 248 40 SCHON.
546 907 166 57 How
744 907 136 60 does
910 929 111 37 one
1054 922 96 58 get
1183 908 122 58 into
1340 907 44 57 it
1418 906 181 60 then?

207 1024 335 41 SCHWARZ.
630 1006 172 59 That
847 1008 25 57 I
917 1008 155 57 can't
1115 1006 101 60 tell
1257 1029 132 50 you.

207 1124 247 41 SCHON.
555 1105 19 73 (
1056 1108 239 71 Taking
884 1110 98 54 the
1034 1119 256 46 costume
1342 1109 69 70 by
1464 1110 97 55 the
1611 1108 174 71 legs.)
1888 1108 192 60 What

124 1227 310 37 enormous
462 1204 424 75 trowser-legs!

206 1324 336 40 SCHWARZ.
631 1305 138 58 The
804 1305 113 59 left
951 1328 112 36 one
1097 1305 98 61 she
1232 1305 155 71 pulls
1421 1328 96 48 up.

204 1424 248 41 SCHON.
551 1405 22 72 (
1040 1406 276 71 Looking
899 1420 62 43 at
1002 1410 98 55 the
1142 1405 279 72 picture.)
1516 1405 207 60 Above
1768 1404 99 61 the
1907 1403 174 60 knee!

206 1523 335 41 SCHWARZ.
632 1504 115 61 She
781 1507 135 58 does
951 1505 130 59 that
1114 1503 438 75 entrancingly!

206 1622 248 41 SCHON.
540 1603 142 60 And
734 1618 373 56 transparent
1157 1602 335 74 stockings?

206 1724 335 40 SCHWARZ.
623 1705 202 58 Those
863 1705 148 59 have
1048 1719 100 58 got
1185 1719 63 44 to
1280 1705 69 59 be
1385 1705 254 70 painted,
1679 1702 288 75 specially.

206 1823 247 41 SCHON.
543 1803 122 72 Oh,
701 1827 114 50 you
848 1825 106 37 can
993 1805 75 57 do
1102 1804 146 58 that.

207 1922 336 41 SCHWARZ.
630 1903 142 58 And
819 1903 150 58 with
1018 1904 45 57 it
1109 1902 80 59 all
1238 1924 33 37 a
1316 1900 308 75 coquetry!

206 2021 248 41 SCHON.
545 2003 193 59 What
768 2002 258 72 brought
1058 2025 114 51 you
1208 2016 62 44 to
1300 2002 130 58 that
1462 2001 260 58 horrible
1755 1998 326 74 suspicion?

208 2121 338 41 SCHWARZ.
632 2102 205 59 There
893 2125 99 36 are
1045 2102 198 73 things
1299 2101 131 58 that
1484 2123 111 36 our
1647 2098 403 73 school-philos-

126 2201 152 73 ophy
317 2201 110 60 lets
468 2201 160 59 itself
672 2223 177 37 never
890 2201 199 57 dream
1131 2200 82 58 of.
1309 2200 139 71 {He
1483 2203 160 57 takes
1685 2204 97 54 the
1824 2213 256 45 costume

126 2305 141 56 back
302 2305 122 55 into
462 2304 85 56 his
580 2300 332 73 bedroom.)

207 2420 249 40 SCHON.
556 2399 283 73 {Alone.)
940 2399 199 58 When
1173 2420 90 37 we
1298 2398 170 71 sleep.
1516 2445 74 10 ..
1638 2444 13 11 .

207 2519 338 40 SCHWARZ.
646 2501 250 71 {Comes
954 2502 175 64 back;
1186 2501 164 57 looks
1403 2512 64 45 at
1523 2500 83 58 his
1661 2496 249 72 watch.)
2023 2495 58 59 If

123 2624 113 50 you
275 2601 150 59 wish
467 2615 61 45 to
566 2600 170 59 make
776 2600 104 57 her
919 2599 419 71 acquaintance
1379 2613 95 43 too
1476 2633 82 8 —

208 2718 249 42 SCHON.
547 2700 118 59 No.

207 2819 338 40 SCHWARZ.
631 2800 178 72 They
848 2813 160 44 must
1048 2798 71 59 be
1161 2797 137 58 here
1338 2798 58 57 in
1439 2819 34 36 a
1512 2808 280 46 moment.

207 2918 247 40 SCHON.
547 2900 165 58 How
749 2899 174 58 much
962 2897 209 74 longer
1206 2897 127 57 will
1373 2896 100 60 the
1509 2895 137 73 lady
1683 2895 146 59 have
1868 2907 61 46 to
1965 2892 116 61 sit?

207 3018 335 42 SCHWARZ.
630 3000 25 57 I
700 2999 148 61 shall
889 2998 283 73 probably
1211 2998 144 58 have
1398 3012 60 43 to
1498 2996 139 59 bear
1679 2994 98 58 the
1817 2994 165 71 pains
2022 2991 64 60 of

124 3099 301 60 Tantalus
463 3099 164 59 three
663 3098 235 58 months
935 3098 224 71 longer.

209 3216 248 41 SCHON.
548 3200 26 55 I
621 3220 168 35 mean
835 3197 96 58 the
974 3196 169 58 other
1185 3217 125 37 one.

209 3316 336 41 SCHWARZ.
636 3299 26 56 I
706 3299 110 71 beg
853 3319 150 49 your
1041 3296 244 70 pardon.
1369 3295 202 57 Three
1613 3294 169 55 times
1822 3309 160 39 more
2023 3302 60 44 at

129 3414 168 43 most.
391 3398 239 71 {Going
669 3410 57 44 to
769 3400 98 55 the
903 3399 148 55 door
1086 3398 146 56 with
1277 3393 172 71 him.)
1548 3393 60 57 If
1646 3390 99 60 the
1782 3389 137 72 lady
1953 3388 127 58 will

127 3499 124 70 just
284 3497 162 58 leave
479 3518 92 36 me
604 3495 99 59 the
736 3516 185 49 upper
954 3508 132 57 part
1120 3493 63 58 of
1218 3493 96 57 the
1351 3492 156 57 dress
1543 3489 159 59 then.
1750 3534 13 12 .
1810 3534 14 11 .
1871 3534 12 12 .

212 3614 249 44 SCHON.
548 3595 178 59 With
766 3593 280 72 pleasure.
1131 3593 113 57 Let
1284 3612 67 37 us
1389 3611 92 38 see
1516 3611 113 51 you
1670 3602 60 45 at
1768 3609 97 52 my
1905 3586 176 59 house
