2323 3935
930 248 447 62 ERDGEIST

1862 251 156 76 [ACT
2060 271 70 43 HI

189 258 83 62 70

267 463 185 42 ALVA.
539 445 86 60 As
667 446 177 75 badly
887 469 61 38 as
990 470 114 52 you
1147 447 131 63 like.
1515 453 186 58 knock
1749 465 60 46 at
1854 456 98 56 the
1995 455 147 57 door

186 546 226 73 again.)
502 545 109 60 I'm
648 548 250 72 coming.

271 663 203 41 LULU.
560 643 22 74 (
831 646 156 58 When
988 647 64 60 Alva
1053 651 63 56 is
1117 646 180 73 gone.)
1385 647 137 61 You
1559 671 95 37 are
1689 651 158 72 right
1885 666 58 44 to
1978 651 161 59 show

186 766 90 37 me
310 746 197 58 where
540 767 95 53 my
671 746 161 71 place
868 750 62 57 is.
1006 747 137 60 You
1178 747 262 60 couldn't
1476 750 72 57 do
1588 751 43 57 it
1667 748 187 60 better
1890 751 141 58 than
2067 751 73 74 by

186 844 214 73 letting
433 867 91 36 me
562 846 179 57 dance
780 846 95 59 the
912 847 352 59 skirt-dance
1301 847 198 59 before
1536 870 148 51 your
1720 847 236 61 fiancee.
2004 896 13 12 .
2064 894 14 14 .
2125 894 14 13 .

187 944 137 58 You
358 945 73 57 do
465 967 94 37 me
591 944 96 60 the
724 959 250 59 greatest
1007 945 214 61 service
1254 945 171 59 when
1458 968 113 51 you
1606 948 165 71 point
1805 963 104 45 out
1945 948 195 60 where

191 1043 24 58 I
252 1043 228 72 belong.

268 1160 248 42 SCHON.
616 1143 19 72 (
1059 1145 44 72 Sardonically
1104 1145 155 71 .)
1260 1145 176 57 For
1437 1166 56 51 you
1548 1145 148 59 with
1748 1168 148 50 your
1948 1146 190 72 origin

190 1240 91 60 it's
318 1241 430 71 incomparable
785 1244 135 57 luck
957 1258 59 43 to
1052 1242 118 61 still
1207 1244 143 61 have
1387 1244 95 58 the
1519 1244 214 59 chance
1768 1245 64 58 of
1868 1246 270 71 entering

187 1342 198 58 before
438 1342 353 72 respectable
841 1342 229 72 people!

270 1460 205 40 LULU.
568 1443 161 60 Even
771 1443 172 59 when
986 1466 95 50 my
1122 1442 433 60 shamelessness
1598 1443 194 60 makes
1837 1443 156 60 them
2036 1456 103 46 not

187 1542 177 59 know
404 1542 197 59 where
644 1557 59 45 to
743 1543 151 59 look.

270 1658 246 40 SCHON.
607 1640 332 61 Nonsense!
943 1641 575 61 —Shamelessness?
1520 1641 276 61 —Don't
1867 1643 167 58 make
2107 1663 31 37 a

187 1740 278 73 necessity
502 1742 63 57 of
601 1739 222 61 virtue!
903 1742 172 58 Your
1113 1740 435 60 shamelessness
1588 1743 44 60 is
1672 1740 278 60 balanced
1989 1739 150 61 with

188 1841 136 71 gold
388 1841 92 57 for
539 1863 113 50 you
709 1856 61 44 at
830 1862 172 52 every
1059 1856 141 56 step.
1301 1841 138 59 One
1498 1842 141 58 cries
2041 1862 66 37 an-

187 1938 168 59 other
395 1938 329 61 "fie"—it's
762 1938 79 60 all
883 1940 94 59 the
1016 1963 153 36 same
1208 1955 57 44 to
1306 1938 142 75 you!
1533 1940 131 59 Can
1702 1963 114 50 you
1856 1940 146 59 wish
2048 1940 91 57 for

187 2060 32 37 a
252 2062 162 35 more
446 2039 264 59 brilliant
745 2040 260 70 triumph
1044 2040 140 58 than
1221 2040 171 58 when
1430 2062 33 36 a
1499 2040 349 71 respectable
1885 2040 112 72 girl
2032 2060 104 37 can

186 2138 209 73 hardly
427 2139 70 57 be
530 2139 136 70 kept
699 2140 57 56 in
793 2138 95 59 the
921 2138 151 59 box?
1152 2140 130 57 Has
1315 2161 146 52 your
1495 2139 102 58 life
1634 2161 111 50 any
1781 2139 167 57 other
1983 2137 155 60 aim?

184 2238 84 57 As
297 2237 143 74 long
468 2260 59 35 as
555 2261 113 50 you
699 2237 120 61 still
851 2238 144 60 have
1025 2260 32 37 a
1087 2238 172 71 spark
1289 2239 63 58 of
1382 2237 375 71 self-respect,
1788 2260 115 51 you
1934 2258 97 37 are
2063 2257 73 37 no

187 2335 221 70 perfect
444 2336 229 57 dancer.
747 2335 136 59 The
913 2358 164 36 more
1109 2335 243 75 terribly
1380 2358 113 50 you
1526 2336 166 57 make
1726 2335 203 72 people
1961 2335 139 59 shud-

187 2438 117 68 der,
353 2436 97 59 the
493 2436 206 73 higher
742 2458 114 51 you
901 2438 170 57 stand
1119 2438 57 55 in
1221 2458 147 51 your
1413 2434 351 72 profession!

267 2553 206 42 LULU.
563 2537 121 58 But
715 2537 42 58 it
791 2537 45 58 is
868 2535 320 74 absolutely
1219 2534 340 60 indifferent
1594 2551 57 43 to
1686 2554 90 38 me
1809 2534 162 60 what
2004 2533 131 75 they

184 2636 168 58 think
388 2636 64 58 of
485 2656 110 38 me.
678 2636 26 57 I
746 2634 179 73 don't,
967 2636 56 57 in
1065 2634 96 59 the
1197 2634 160 71 least,
1395 2648 165 45 want
1599 2648 57 45 to
1694 2634 68 59 be
1800 2655 113 52 any
1948 2633 190 59 better

186 2735 139 58 than
371 2735 23 57 I
441 2756 110 37 am.
639 2733 109 59 I'm
790 2747 239 46 content
1071 2733 146 59 with
1259 2732 227 74 myself.

266 2850 246 42 SCHON.
612 2834 107 72 {ln
766 2836 188 56 ?noral
997 2832 423 73 indignation.)
1514 2831 170 60 That
1727 2832 46 59 is
1814 2853 148 52 your
2008 2845 130 43 true

184 2949 225 45 nature.
494 2934 27 59 I
562 2933 110 60 call
714 2933 126 60 that
882 2929 547 76 straightforward!
1513 2932 57 58 A
1609 2928 406 73 corruption!!

266 3051 204 42 LULU.
560 3034 27 58 I
629 3033 293 60 wouldn't
959 3033 149 59 have
1141 3032 218 58 known
1401 3031 127 59 that
1571 3031 27 58 I
1640 3031 113 58 had
1794 3051 34 37 a
1865 3028 172 72 spark
2074 3026 64 59 of

183 3132 440 71 self-respect—

261 3250 247 41 SCHON.
607 3231 332 74 {Suddenly
967 3229 391 73 distrustful.)
1440 3229 102 59 No
1567 3225 572 72 harlequinading—

267 3349 204 42 LULU.
560 3330 60 60 O
661 3332 158 58 Lord
823 3332 113 57 —I
976 3332 176 57 know
1184 3351 142 52 very
1358 3329 138 58 well
1533 3328 165 59 what
1735 3327 89 58 I'd
1863 3325 145 59 have
2044 3325 62 57 be-

184 3452 159 37 come
381 3431 49 58 if
465 3452 112 51 you
615 3431 206 58 hadn't
858 3431 170 58 saved
1070 3450 90 38 me
1203 3428 152 59 from
1397 3429 64 58 it.

266 3548 246 40 SCHON.
598 3530 124 59 Are
748 3551 113 52 you
896 3528 155 73 then,
1085 3528 261 73 perhaps,
1378 3526 332 71 something
1743 3522 275 61 different
2051 3534 57 47 to-

186 3628 150 74 day?
