2323 3935
191 251 72 66 18

937 254 452 63 ERDGEIST

1923 258 155 75 [ACT
2119 276 23 42 I

185 446 148 60 with
384 446 99 62 the
533 447 139 61 flesh
723 447 146 64 tints
916 472 61 38 as
1024 449 263 72 possible.
1382 450 120 60 For
1549 473 157 51 once,
1762 454 28 58 I
1841 451 156 61 can't
2044 466 97 58 get

186 546 376 61 enthusiastic
606 548 181 61 about
831 548 99 59 the
976 550 245 59 modern
1267 563 419 48 art-nonsense.

268 670 334 42 SCHWARZ.
1268 653 120 74 (By
869 658 98 55 the
1007 658 194 65 easels,
1240 657 317 72 preparing
1596 661 86 57 his
1719 658 244 74 paints.)
2054 656 86 59 At

185 774 113 51 any
333 767 140 56 rate,
513 752 94 60 it's
644 753 211 61 thanks
893 769 61 44 to
990 755 449 72 impressionism
1477 756 131 60 that
1642 759 369 72 present-day
2049 770 91 44 art

183 873 107 37 can
319 853 170 58 stand
520 874 76 50 up
625 853 193 59 beside
846 853 99 59 the
972 855 96 57 old
1099 868 244 45 masters
1367 855 260 60 without
1655 855 294 75 blushing.

263 976 98 40 DR.
390 976 178 42 GOLL.
658 958 122 72 Oh,
813 960 45 58 it
884 981 107 37 can
1020 960 73 59 do
1119 960 163 70 quite
1303 960 140 59 well
1475 960 95 59 for
1596 985 34 35 a
1651 963 87 57 bit
1763 963 62 57 of
1851 962 289 59 butcher's

185 1057 185 60 work.

267 1180 248 42 SCHON.
604 1165 120 58 For
761 1165 297 60 Heaven's
1095 1165 132 58 sake
1264 1165 166 60 don't
1466 1181 98 58 get
1601 1166 255 60 excited!
1946 1166 20 74 (

182 1265 141 69 falls
366 1288 71 34 on
484 1265 195 60 Goll's
719 1268 141 56 neck
902 1268 122 56 and
1062 1267 173 58 kisses
1277 1267 172 72 him.)

265 1388 96 40 DR.
411 1388 177 41 GOLL.
675 1369 176 74 They
892 1391 108 38 can
1042 1392 89 38 see
1171 1394 150 50 your
1362 1372 358 61 undershirt.
1804 1373 138 60 You
1984 1385 155 48 must

183 1468 127 72 pull
347 1470 47 58 it
431 1468 202 60 lower.

267 1593 206 42 LULU.
563 1576 28 58 I
626 1575 202 60 would
863 1590 232 45 soonest
1128 1575 147 61 have
1307 1576 112 59 left
1451 1578 47 58 it
1529 1576 103 60 off.
1712 1578 59 57 It
1804 1576 141 75 only
1974 1575 132 61 both-

182 1696 91 38 ers
308 1696 109 38 me.

263 1799 96 39 DR.
398 1799 178 40 GOLL.
668 1781 101 60 He
803 1780 210 59 should
1052 1781 70 58 be
1160 1780 129 61 able
1324 1795 62 44 to
1423 1782 164 70 paint
1623 1782 45 57 it
1705 1795 120 44 out.

267 1903 206 43 LULU.
573 1885 20 74 (
614 1888 240 69 Taking
931 1890 99 55 the
1107 1885 336 72 shepherd's
1521 1890 172 55 crook
1776 1891 129 54 that
1982 1889 157 57 leans

183 1988 229 70 against
459 1989 99 56 the
605 1987 245 71 Spanish
900 2008 217 46 screen,
1165 1988 121 56 and
1334 1988 312 68 mounting
1693 1989 96 55 the
1834 1988 306 70 platform,

186 2100 56 44 to
292 2084 253 74 Schon.)
647 2086 195 58 What
889 2084 204 60 would
1142 2107 113 51 you
1303 2106 101 52 say
1452 2106 152 50 now,
1659 2084 46 59 if
1750 2106 113 51 you
1914 2084 113 58 had
2079 2098 60 45 to

182 2187 169 57 stand
388 2200 58 43 at
480 2186 294 58 attention
809 2185 94 58 for
939 2199 121 44 two
1091 2183 219 60 hours?

267 2309 248 41 SCHON.
607 2291 91 59 I'd
741 2291 105 60 sell
889 2313 98 51 my
1030 2290 127 59 soul
1203 2304 62 45 to
1308 2290 98 59 the
1448 2289 153 60 devil
1650 2290 95 57 for
1786 2289 97 60 the
1924 2289 215 58 chance

183 2406 61 43 to
277 2390 294 74 exchange
602 2389 150 60 with
783 2410 132 53 you.

263 2516 97 40 DR.
402 2515 178 42 GOLL.
680 2496 275 72 (Sitting,
997 2495 163 73 left.)
1254 2493 185 61 Come
1477 2516 138 38 over
1654 2493 154 60 here.
1891 2493 164 60 Here
2096 2495 44 57 is

181 2620 99 50 my
313 2611 129 58 post
474 2596 65 60 of
572 2596 387 60 observation.

268 2722 207 39 LULU.
569 2700 329 74 (Plucking
938 2705 103 55 her
1077 2703 112 70 left
1223 2700 371 73 trowser-leg
1629 2713 76 58 up
1743 2712 57 46 to
1842 2703 99 55 the
1978 2702 161 64 knee,

185 2817 57 45 to
409 2802 326 72 Schwarz.)
736 2801 78 61 So?

268 2928 337 40 SCHWARZ.
691 2907 139 60 Yes.
878 2954 13 12 .
939 2954 13 12 .
1000 2953 13 12 .

268 3025 207 44 LULU.
576 3008 329 72 (Plucking
950 3008 45 57 it
1039 3028 35 36 a
1118 3008 253 68 thought
1420 3004 258 72 higher.)
1780 3001 114 61 So?

268 3126 337 42 SCHWARZ.
693 3107 135 71 Yes,
872 3127 111 52 yes.
1032 3154 12 11 .
1093 3154 12 11 .
1154 3152 12 12 .

267 3232 97 40 DR.
407 3231 178 41 GOLL.
685 3211 19 72 (
726 3212 90 57 To
860 3212 196 60 Schon
1099 3213 135 56 who
1281 3213 100 56 has
1419 3208 199 59 seated
1658 3208 232 69 himself
1930 3230 72 34 on
2045 3211 95 55 the

190 3316 158 57 chair
386 3326 138 46 next
564 3315 137 66 him,
740 3315 146 56 with
925 3334 36 36 a
995 3310 286 72 gesture.)
1376 3309 180 57 From
1594 3306 116 59 this
1748 3306 160 71 place
1949 3306 25 57 I
2017 3305 122 60 find

188 3414 104 57 her
323 3412 121 61 still
478 3434 161 37 more
671 3412 328 58 attractive.

272 3531 206 41 LULU.
577 3511 320 73 (Without
950 3507 298 72 stirring.)
1358 3507 27 57 I
1442 3506 110 72 beg
1607 3502 254 73 pardon!
1963 3504 26 59 I
2046 3527 93 36 am

190 3610 232 73 equally
458 3610 309 59 attractive
803 3630 75 37 on
917 3607 79 59 all
1033 3607 165 57 sides.
