4247 5661
3732 5246 83 57 47

249 525 188 61 mich.
517 526 293 66 Versetzt
864 528 105 61 hat
1027 548 67 41 er
1152 530 183 61 mich.
1419 531 99 60 Ich
1575 535 153 61 sitze
1787 535 196 59 lieber

253 624 133 61 hier
451 628 61 57 in
573 626 113 61 der
756 628 203 73 Kälte,
1030 630 118 60 ehe
1220 631 94 61 ich
1386 652 76 40 zu
1528 635 127 57 ihm
1721 636 224 61 zurück-

248 726 188 71 gehe,
547 746 78 41 zu
729 729 149 60 dem
972 729 449 72 hartherzigen
1521 735 164 62 Kerl.
1785 735 53 62 K
1843 740 135 55 —ä.

249 824 60 71 Q
585 828 120 59 Die
759 829 244 65 Mutter
1062 831 264 69 ergreift
1387 833 178 59 ihren
1634 833 151 61 Puzi
1848 836 129 58 und

249 929 168 66 trägt
493 928 107 57 ihn
668 948 110 39 zur
856 928 421 72 Beruhigung
1355 934 80 58 im
1516 934 281 60 Zimmer
1873 934 109 60 auf

248 1027 132 60 und
449 1027 100 61 ab.
639 1029 101 59 Ich
810 1031 242 59 erkläre
1121 1034 214 60 meine
1411 1033 564 72 Bereitwilligkeit,

248 1126 108 61 ihn
420 1129 246 59 wieder
722 1129 110 59 auf
898 1131 247 61 Fleisch
1213 1132 130 60 und
1414 1132 154 61 Bein
1634 1136 202 59 sitzen
1900 1154 77 41 zu

248 1229 233 61 lassen.
558 1229 187 61 Denn
795 1232 98 60 ich
947 1232 156 60 höre
1154 1234 223 69 schon,
1433 1236 122 59 wie
1607 1236 117 59 das
1777 1236 200 61 Urteil

246 1329 408 69 gesprochen
700 1331 179 71 wird,
922 1351 193 41 wenn
1160 1332 134 60 sich
1340 1334 327 61 ähnliches
1712 1336 230 59 wieder-

246 1429 193 59 holen
517 1429 188 62 sollte
776 1430 130 60 und
984 1451 70 40 er
1128 1432 285 61 wirklich
1494 1434 232 59 einmal
1807 1436 170 64 nicht

244 1530 518 63 wiederkommt.
842 1532 469 63 Sohnesmord.
1391 1535 220 70 Ewige
1672 1535 263 61 Verdam-

248 1632 115 58 nis.
441 1629 225 62 Lieber
715 1630 237 61 nehme
1008 1632 98 61 ich
1162 1634 117 59 das
1342 1634 174 61 Biest
1568 1635 207 68 gleich
1828 1637 113 58 wie-

244 1730 114 61 der
415 1730 109 61 auf
576 1732 186 61 mich.
847 1732 396 61 Inzwischen
1306 1734 110 62 hat
1477 1754 66 41 er
1602 1735 132 60 sich
1792 1735 148 60 beru-

246 1830 156 71 higt.
466 1832 127 59 Wo
630 1833 144 60 sind
820 1835 91 58 sie
954 1833 171 60 denn
1172 1835 114 65 mit
1328 1835 147 59 dem
1523 1835 255 63 Kobold
1826 1835 149 59 hin?

244 1932 273 69 „Hallo!
573 1932 225 61 Hallo!
850 1932 288 62 Kobold!
1193 1933 179 61 Oder
1421 1935 120 59 wie
1597 1933 180 63 heißt
1831 1935 144 59 Du?

2105 538 193 61 Mach
2366 541 122 61 Kä!
2551 541 179 61 Oder
3109 547 165 62 Jetzt
3340 545 125 59 will
3536 563 68 41 er
3663 541 167 63 mich

2104 638 281 69 glauben
2446 641 287 72 machen,
2789 641 127 61 daß
2979 643 93 59 ich
3135 646 267 58 träume.
3485 643 173 61 Aber
3714 643 115 59 das

2107 740 79 59 ist
2242 741 170 58 mein
2468 741 172 70 Arm,
2700 741 118 60 das
2882 745 77 62 ist
3020 745 169 57 mein
3257 743 174 69 Bein,
3494 743 125 59 und
3682 745 148 67 jetzt

2104 841 215 58 werde
2376 841 98 59 ich
2527 843 101 57 die
2691 841 210 61 Probe
2960 845 290 59 machen.
3335 845 99 59 Ich
3495 843 177 61 reiße
3726 845 103 59 die

2107 941 227 68 Augen
2400 941 125 59 auf.
2603 943 127 59 Wo
2794 944 80 60 ist
2937 943 115 59 der
3118 943 191 62 Kerl?
3397 944 80 58 Es
3543 944 78 65 ist
3682 944 148 60 sehr

2102 1039 122 61 still
2300 1041 129 58 und
2496 1041 327 61 schwarze
2899 1043 226 66 Nacht.
3223 1043 181 61 Noch
3484 1043 159 59 zehn
3719 1043 72 59 Se-

2102 1139 278 71 kunden,
2427 1141 164 59 noch
2625 1141 142 59 fünf
2806 1143 346 59 Sekunden
3197 1143 236 59 horche
3477 1143 115 59 ich.
3638 1143 188 61 Dann

2100 1239 215 59 werde
2364 1241 97 59 ich
2505 1246 201 56 etwas
2754 1243 323 67 skeptisch
3125 1244 128 58 und
3304 1243 124 59 will
3480 1243 153 59 alles
3677 1244 113 59 wei-

2102 1344 130 56 tere
2275 1339 106 61 auf
2413 1359 275 51 morgen
2730 1341 442 61 verschieben.
3238 1342 188 60 Dann
3470 1342 217 60 werde
3731 1342 93 60 ich

2098 1439 149 59 sehr
2291 1439 165 71 froh,
2503 1441 127 59 daß
2681 1441 102 59 die
2832 1461 208 49 ganze
3092 1444 305 66 grausige
3450 1442 335 61 Verwandt-

2098 1537 209 63 schaft
2368 1539 511 61 verschwunden
2938 1542 97 63 ist.
3121 1541 97 59 Ich
3287 1541 176 62 hatte
3523 1544 91 58 sie
3677 1541 150 61 sehr

2100 1644 173 56 ernst
2312 1657 398 51 genommen
2749 1640 128 58 und
2921 1642 178 63 zittre
3143 1640 186 72 noch,
3375 1640 310 61 während
3729 1642 95 58 ich

2097 1739 201 59 schon
2356 1744 247 66 staune,
2657 1739 127 59 daß
2844 1739 93 59 ich
2994 1759 80 41 an
3131 1740 148 60 dem
3340 1740 255 63 Kobold
3650 1740 174 66 nicht

2097 1839 366 69 gezweifelt
2515 1840 185 60 habe.
2772 1840 146 58 Und
2976 1839 172 61 dann
3202 1844 222 66 gräme
3482 1842 95 59 ich
3636 1842 185 69 mich,

2098 1937 126 61 daß
2276 1938 97 60 ich
2420 1937 107 59 ihn
2579 1938 95 60 los
2725 1938 129 60 bin.
