4247 5661
447 5232 91 57 46

466 558 308 61 handelt?
856 558 101 59 ich
1015 558 162 59 habe
1238 560 142 57 eine
1443 556 432 70 Todesangst,
1938 555 125 59 daß
2127 575 65 39 er

464 658 177 59 nicht
695 656 513 64 wiederkommt.
1284 656 266 68 Mittags
1611 654 157 61 läuft
1824 654 200 60 schon
2087 654 101 58 die

463 776 206 49 ganze
725 756 227 61 Straße
1005 775 396 40 zusammen.
1482 756 117 58 Die
1662 754 259 60 Familie
1978 753 214 64 macht

466 856 164 59 mich
679 856 541 63 verantwortlich.
1284 854 102 60 Sie
1435 854 257 68 hängen
1745 853 116 59 alle
1912 873 76 39 an
2041 853 112 57 mei-

466 974 144 41 nem
671 956 196 57 Sohn.
944 954 101 59 Sie
1103 954 242 59 wissen
1408 973 232 49 genau,
1704 951 127 59 daß
1895 971 65 39 er
2015 951 175 59 nicht

466 1056 180 59 mehr
717 1056 266 61 wächst.
1077 1056 80 57 Es
1235 1056 78 62 ist
1389 1073 74 39 so
1541 1052 441 70 aussichtslos,
2060 1049 127 59 daß

463 1154 225 68 jemals
742 1159 203 56 etwas
998 1152 276 65 Rechtes
1326 1171 115 39 aus
1497 1151 127 59 ihm
1679 1152 260 58 werden
1995 1149 190 59 kann.

464 1254 371 61 Zeitlebens
883 1254 293 68 schleppt
1221 1273 146 37 man
1419 1252 133 59 sich
1602 1251 110 59 mit
1763 1251 146 57 dem
1960 1249 184 59 Wech-

463 1352 250 68 selbalg
774 1352 242 59 herum.
1099 1352 82 58 Es
1243 1352 80 58 ist
1386 1369 171 39 zwar
1616 1349 191 61 keine
1872 1347 313 69 Schande,

463 1452 152 59 aber
679 1452 161 59 auch
901 1452 187 58 keine
1155 1450 368 60 besondere
1596 1449 182 57 Ehre.
1870 1447 83 58 So
2021 1466 164 49 ganz

461 1571 212 49 genau
747 1549 170 60 weiß
989 1569 144 39 man
1213 1549 164 59 doch
1460 1547 190 69 nicht,
1728 1564 105 42 wo
1911 1565 66 39 er
2051 1545 102 58 her-

459 1654 270 59 kommt.

463 1753 120 55 Am
632 1752 237 66 Mittag
913 1753 205 58 rotten
1172 1748 134 60 sich
1357 1750 213 64 einige
1623 1745 106 59 auf
1777 1747 113 57 der
1936 1743 247 63 Straße.

466 1850 80 59 Es
596 1848 160 70 geht
801 1867 127 41 von
983 1848 208 58 Mund
1247 1865 76 41 zu
1379 1845 239 59 Mund:
1673 1843 210 71 „Dem
1939 1843 249 63 Doktor

461 1950 135 57 sein
646 1948 255 59 Kobold
945 1948 82 59 ist
1358 1945 265 59 Endlich
1668 1943 134 64 fällt
1846 1941 339 70 irgendwo

459 2050 121 57 das
641 2048 186 59 Wort
883 2046 211 60 Mord.
1179 2045 173 64 Geht
1418 2043 161 59 auch
1645 2062 127 40 von
1841 2041 203 58 Mund
2105 2060 76 41 zu

459 2148 227 58 Mund.
749 2146 154 58 Man
942 2145 510 66 benachrichtigt
1494 2143 100 57 die
1641 2141 256 59 Polizei.
1960 2140 223 59 Gleich

459 2248 251 59 kommt
771 2248 173 57 einer
998 2244 132 58 und
1198 2244 225 61 nimmt
1484 2243 105 57 ein
1662 2239 328 60 Protokoll
2056 2238 124 59 auf.

463 2346 101 59 Ich
630 2346 105 58 bin
798 2343 320 69 dringend
1182 2341 393 68 verdächtig.
1668 2339 100 60 Ich
1838 2338 343 69 behaupte,

459 2448 168 57 mein
691 2444 256 63 Kobold
1003 2444 164 58 habe
1226 2441 166 61 mich
1450 2439 323 68 freiwillig
1831 2438 350 60 verlassen.

461 2546 127 57 Der
659 2543 572 60 Kriminalbeamte
1296 2539 259 64 lächelt:
1626 2537 176 72 „Das
1873 2536 305 59 Märchen

456 2644 256 59 kennen
773 2644 115 58 wir
937 2641 228 61 schon.
1253 2639 231 59 Haben
1548 2637 105 60 Sie
1717 2636 253 69 gehört,
2039 2634 108 61 Kol-

458 2744 186 69 lege?
730 2742 371 66 Freiwillig!
1184 2741 100 56 Ihr
1352 2737 286 63 Kobold!
1724 2737 142 58 Wie
1936 2734 115 61 sah
2117 2752 68 39 er

454 2844 171 58 denn
686 2842 161 60 aus?
920 2841 159 57 Aha.
1164 2837 261 59 Bleiben
1484 2837 105 58 Sie
1651 2835 187 68 ruhig
1897 2835 80 56 im
2041 2832 140 63 Bett

456 2944 230 66 liegen.
751 2942 137 56 Wir
923 2939 237 59 wollen
1206 2957 119 39 uns
1372 2935 388 60 inzwischen
1812 2934 122 57 mal
1980 2937 200 54 etwas

456 3044 80 56 im
608 3042 281 56 Zimmer
1431 3035 95 58 Da
1592 3035 85 60 ist
1748 3032 163 59 auch
1980 3030 196 59 schon

453 3140 243 60 wieder
783 3140 101 58 die
974 3137 264 69 Person,
1350 3135 102 58 die
1521 3133 217 58 dieses
1814 3128 364 61 widerliche

454 3240 305 61 Scheusal
830 3257 110 41 zur
1003 3237 293 59 Schande
1367 3233 117 60 der
1557 3233 260 58 Familie
1890 3230 288 68 geboren

456 3340 127 59 hat.
663 3338 193 60 Diese
911 3335 415 68 Heuchlerin,
1386 3333 101 58 die
1546 3332 95 57 ich
1699 3330 189 59 kaum
1948 3328 230 59 kenne.

456 3440 151 58 Und
666 3438 115 60 das
839 3440 79 58 ist
979 3435 166 59 noch
1208 3435 98 57 ein
1372 3432 224 59 Glück.
1682 3430 117 57 Die
1863 3426 278 61 Heuchle-

454 3540 119 57 rin,
641 3537 99 59 Sie
788 3537 169 59 freut
1008 3533 156 70 sich,
1220 3531 127 60 daß
1404 3531 115 58 der
1575 3528 253 63 Kobold
1880 3545 149 49 weg
2080 3526 96 63 ist.

456 3638 169 59 Aber
696 3638 151 66 jetzt
915 3635 174 59 heult
1160 3635 90 57 sie
1325 3628 474 61 Wasserbäche
1873 3626 129 60 und
2073 3626 72 58 be-

453 3735 304 69 schimpft
817 3733 186 59 mich.
1084 3731 100 60 Ich
1247 3750 157 49 sage
1469 3748 71 39 zu
1607 3728 124 57 den
1802 3726 373 61 Polizisten:

454 3838 126 68 „Er
641 3833 150 59 muß
852 3833 164 59 noch
1079 3829 337 70 irgendwo
1480 3829 80 56 im
1626 3828 279 56 Zimmer

458 3936 101 59 Ich
617 3934 276 68 erzähle,
952 3933 122 57 wie
1140 3929 95 60 ich
1301 3929 105 58 ihn
1472 3946 129 41 von
1670 3924 151 60 Bein
1883 3943 75 41 zu
2026 3921 150 59 Bein

454 4033 320 71 geschafft
840 4031 183 59 habe.
1108 4029 100 60 Ich
1272 4028 224 59 berufe
1567 4024 157 59 mich
1797 4022 107 60 auf
1966 4022 210 58 meine

458 4133 245 69 Pflicht,
759 4133 103 57 die
913 4129 95 59 ich
1064 4129 230 58 kenne.
1375 4124 99 59 Ich
1535 4126 291 57 erinnere
1883 4141 75 39 an
2014 4119 162 59 viele

456 4231 337 69 Beispiele,
857 4227 127 61 daß
1045 4227 97 60 ich
1201 4227 64 58 in
1333 4222 335 61 ähnlichen
1741 4221 210 57 Fällen
2019 4217 157 59 auch

454 4332 205 61 nichts
725 4331 202 57 Böses
984 4337 190 60 getan
1242 4326 186 57 habe.
1513 4324 154 57 Man
1733 4321 194 59 kennt
1992 4317 181 70 mich,

453 4451 157 49 sage
661 4429 117 61 ich.
849 4427 100 59 Ich
1003 4424 220 61 berufe
1281 4422 160 59 mich
1497 4420 107 60 auf
1653 4426 154 62 gute
1863 4415 312 70 Freunde,

453 4532 101 59 die
618 4530 156 58 über
835 4529 256 57 meinen
1159 4522 330 61 Leumund
1558 4537 324 49 aussagen
1949 4515 226 61 sollen.

453 4629 308 69 Niemals,
822 4646 74 40 so
950 4625 270 60 würden
1281 4622 118 59 alle
1463 4619 387 66 versichern,
1914 4615 259 59 werden

453 4732 113 58 wir
617 4729 128 57 ihm
796 4730 329 63 zutrauen,
1179 4720 127 59 daß
1362 4739 66 39 er
1480 4720 224 58 seinen
1767 4713 252 61 Kobold
2070 4712 72 59 ab-

452 4827 287 62 sichtlich
796 4825 300 66 beseitigt
1149 4822 123 61 hat.
1353 4820 190 56 Einer
1596 4822 177 61 sagt:
1834 4813 153 70 „Bei
2046 4812 127 57 ihm

453 4927 140 61 darf
654 4945 147 39 man
861 4923 132 60 sich
1059 4923 174 58 einer
1296 4917 264 61 solchen
1629 4917 121 57 Tat
1811 4911 171 65 nicht
2041 4928 102 41 ver-

795 5022 149 72 „Ich
989 5020 236 69 glaube
1729 5013 136 68 gibt
1916 5011 99 60 ein
2071 5028 107 39 an-

2311 558 183 58 derer
2538 577 74 39 zu
2660 556 345 71 Protokoll,
3054 556 166 70 „daß
3271 556 112 60 der
3434 555 252 62 Kobold
3733 555 132 59 sich
3908 555 87 59 fin-

2313 658 123 56 den
2509 656 176 58 wird.
2777 654 337 61 Vielleicht
3185 656 142 63 sitzt
3398 673 71 39 er
3545 653 188 62 heute
3810 651 213 61 abend

2311 756 198 58 schon
2606 756 238 58 wieder
2929 775 168 47 ganz
3169 753 349 69 gemütlich
3596 753 105 57 auf
3777 754 242 56 seinem

2621 854 210 58 Wenn
2892 873 67 39 es
3024 873 115 49 gar
3203 871 71 41 zu
3346 854 174 56 einer
3583 851 402 61 Gerichtsver-

2311 952 333 68 handlung
2712 952 266 60 kommt.
3068 951 98 59 Ich
3241 954 169 54 wäre
3484 951 276 62 ruiniert.
3857 947 132 60 Frei-

2309 1052 119 60 lich
2494 1052 345 60 höchstens
2898 1054 100 56 ein
3066 1051 549 57 Indizienbeweis.
3705 1049 127 58 Der
3899 1047 82 61 Ko-

2308 1151 154 57 bold
2526 1151 168 57 kann
2755 1149 132 59 sich
2953 1156 199 54 etwas
3219 1157 189 60 getan
3476 1147 235 59 haben.
3803 1147 76 56 Er
3940 1146 79 57 ist

2311 1251 96 57 ein
2460 1249 222 59 wilder
2733 1249 299 59 Bursche.
3107 1249 108 57 Als
3269 1247 93 59 ich
3413 1247 109 59 ihn
3578 1244 260 61 anfaßte
3891 1242 127 59 und

2309 1367 149 41 vom
2519 1349 208 57 linken
2787 1347 154 59 Bein
2998 1347 431 68 wegnehmen
3491 1345 234 70 wollte,
3787 1344 109 64 hat
3955 1362 64 39 er

2308 1449 116 56 mir
2485 1466 195 49 sogar
2736 1447 183 58 einen
2988 1447 192 66 Klaps
3244 1449 296 59 versetzt.
3630 1444 78 55 Er
3771 1444 76 57 ist
3906 1442 75 57 im-

2308 1549 248 67 stande,
2617 1545 129 59 sich
2805 1547 198 62 selbst
3063 1550 200 54 etwas
3325 1550 297 59 anzutun,
3688 1560 99 39 um
3855 1538 163 63 mich

2309 1643 510 70 hineinzulegen.
2905 1645 158 56 Zum
3125 1643 358 60 mindesten
3552 1643 76 61 ist
3693 1659 64 39 er
3820 1638 196 70 fähig,

2308 1745 130 58 sich
2482 1764 74 39 zu
2594 1743 376 70 verbergen,
3015 1762 100 39 um
3164 1742 161 57 mich
3369 1740 200 59 weich
3611 1759 75 38 zu
3730 1738 283 63 machen,

2306 1843 201 59 damit
2558 1841 95 60 ich
2704 1841 101 58 ihn
2863 1843 58 56 in
2976 1840 280 64 Zukunft
3308 1841 197 56 sitzen
3561 1838 182 68 lasse,
3794 1855 105 39 wo
3948 1853 68 39 er

2306 1943 200 58 sitzen
2550 1941 147 58 will.
2763 1940 115 57 Die
2927 1940 464 66 Verhandlung
3435 1936 220 63 müßte
3703 1936 113 56 das
3865 1933 149 59 alles

2306 2041 301 68 ergeben,
2655 2058 191 41 wenn
2890 2038 169 61 nicht
3107 2040 100 55 die
3254 2040 256 64 Mutter,
3561 2036 210 58 dieses
3818 2051 196 50 graue

2304 2140 324 67 Scheusal,
2678 2156 73 39 so
2797 2136 396 68 affenmäßig
3241 2134 272 60 verliebt
3559 2136 57 54 in
3671 2133 101 57 ihn
3823 2133 190 57 wäre.

2306 2238 256 71 „Grade
2609 2238 142 57 weil
2795 2256 66 39 er
2907 2255 73 40 so
3027 2236 166 58 klein
3239 2236 101 66 ist,
3391 2234 161 58 liebe
3598 2233 96 59 ich
3742 2231 125 59 ihn.
3938 2231 76 56 Er

2302 2356 134 39 war
2492 2355 73 40 so
2621 2336 228 58 hilflos.
2932 2334 146 58 Und
3139 2334 183 58 keine
3384 2331 319 68 Aussicht,
3764 2327 123 60 daß
3945 2346 69 39 er

2304 2438 56 66 je
2424 2434 239 70 größer
2719 2434 237 59 werde.
3041 2432 183 60 Ganz
3290 2431 221 59 darauf
3578 2429 431 68 angewiesen,

2304 2534 107 59 auf
2462 2536 142 57 dem
2656 2534 193 59 Vater
2900 2551 75 39 zu
3031 2532 206 68 leben,
3293 2531 115 57 der
3457 2529 132 59 sich
3638 2527 160 60 auch
3852 2526 161 57 dazu

2301 2632 401 71 verpflichtet
2760 2632 189 61 hatte.
3024 2631 147 57 Und
3230 2631 151 66 jetzt
3440 2629 82 57 ist
3578 2646 67 39 er
3701 2624 313 61 vielleicht

2304 2739 110 63 tot,
2907 2729 134 59 Alle
3093 2727 251 64 Richter
3388 2729 274 56 weinen.
3733 2725 80 58 Es
3859 2722 155 69 geht

2299 2834 144 56 eine
2502 2830 378 66 Bewegung
2929 2827 198 59 durch
3183 2825 113 60 das
3359 2824 356 59 Publikum.
3793 2822 218 57 Meine

2301 2930 200 60 Sache
2560 2929 169 62 steht
2782 2927 166 57 nicht
3005 2932 131 61 gut.
3217 2924 76 69 O,
3356 2925 211 56 dieser
3625 2922 205 57 Sohn!
3909 2918 97 60 Ich

2301 3030 235 68 wollte,
2589 3029 93 59 ich
2729 3027 168 64 hätte
2949 3027 105 56 ihn
3103 3025 259 58 wieder.
3437 3022 96 59 Ich
3584 3020 215 59 werde
3845 3018 163 60 mich

2301 3147 164 49 ganz
2512 3127 187 59 nackt
2741 3123 369 61 aufdecken.
3185 3123 76 56 Er
3303 3120 119 61 soll
3473 3120 220 68 sehen,
3742 3117 123 59 daß
3913 3115 95 61 ich

2301 3227 150 59 alles
2490 3227 256 57 bereue.
2805 3225 78 56 Er
2921 3223 115 60 soll
3076 3222 134 59 sich
3249 3228 215 53 setzen
3506 3218 246 70 dürfen,
3789 3216 217 58 wohin

2302 3345 63 41 er
2424 3327 144 57 will.
2650 3327 79 54 Er
2788 3323 139 59 darf
2990 3321 157 60 auch
3213 3320 266 67 treiben,
3544 3337 133 39 was
3738 3335 66 39 er
3859 3313 147 68 will,

2299 3443 190 41 wenn
2555 3443 64 39 er
2682 3442 113 39 nur
2860 3421 511 66 wiederkommt,
3440 3437 187 39 wenn
3694 3415 131 57 ihm
3898 3430 113 40 nur

2301 3525 139 57 kein
2511 3521 294 68 Unglück
2865 3518 403 69 zugestoßen
3335 3520 95 61 ist.
3518 3514 102 60 Ich
3689 3514 153 56 höre
3908 3511 100 58 die

2299 3625 242 61 Mutter
2611 3619 199 60 schon
2880 3618 242 59 wieder
3195 3614 374 68 schimpfen.
3667 3614 159 65 Jetzt
3904 3609 109 60 hat

2299 3724 90 56 sie
2479 3721 157 58 auch
2721 3719 100 58 die
2893 3718 603 66 Schwiegermutter
3569 3708 437 71 mitgebracht.

2301 3823 169 67 „Wo
2534 3821 78 59 ist
2670 3819 112 58 der
3263 3814 289 59 schreien
3620 3813 91 57 sie
3777 3807 198 70 gleich-

2299 3921 208 66 zeitig.
2575 3919 125 68 „Er
2936 3914 230 61 stöhne
3208 3912 122 68 ich,
3383 3931 110 49 „er
3539 3912 77 60 ist
3662 3928 115 39 nur
3823 3909 183 56 einen

2299 4017 400 70 Augenblick
2766 4016 144 59 fort.
3000 4014 78 58 Er
3146 4012 128 63 lebt
3342 4009 329 61 bestimmt
3743 4007 127 58 und
3943 4022 65 41 er

2296 4117 250 60 kommt
3642 4105 179 58 rufen
3892 4104 114 66 sie,

2949 4210 131 58 Aus
3163 4209 113 57 der
3352 4207 161 58 Ecke
3589 4204 124 59 ruft
3787 4210 217 56 etwas.

2302 4317 195 58 Keine
2550 4312 203 59 Feder
2794 4310 167 58 kann
3012 4327 66 41 es
3122 4305 361 70 schreiben,
3533 4304 143 59 kein
3730 4299 279 60 Drucker

2297 4414 170 57 kann
2519 4431 65 40 es
2631 4417 240 54 setzen.
2946 4409 79 57 Es
3080 4409 76 61 ist
3208 4407 97 57 ein
3361 4405 220 58 ä-Laut
3630 4402 127 57 und
3808 4400 198 56 davor

2299 4515 97 56 ein
2470 4514 49 59 K
2582 4510 156 59 oder
2805 4510 102 58 ein
2978 4507 76 69 Q,
3129 4505 96 59 ich
3291 4505 207 58 kanns
3564 4502 171 57 nicht
3798 4507 175 54 unter-

2299 4610 323 61 scheiden.
2711 4608 77 58 Es
2849 4607 144 59 hört
3053 4603 132 60 sich
3249 4600 364 61 scheußlich
3683 4617 98 39 an.
3864 4595 140 57 Wie

2299 4712 98 57 ein
2467 4705 315 69 Vorwurf,
2846 4707 141 55 eine
3056 4702 288 67 Anklage
3413 4700 129 57 und
3611 4698 139 58 eine
3823 4693 181 64 Bitte.

2302 4810 50 59 K
2358 4812 117 54 —ä
2529 4808 156 58 oder
2736 4803 198 70 Q—ä.
3014 4801 145 58 Und
3215 4800 117 57 das
3388 4796 210 61 heißt:
3655 4795 144 71 „Da
3852 4793 154 66 liegt

2297 4910 112 57 der
2465 4906 232 60 infame
2751 4905 214 67 Vater,
3022 4901 114 58 der
3191 4898 165 61 mich
3415 4896 166 63 nicht
3637 4896 195 58 sitzen
3891 4893 88 56 las-

2297 5027 114 40 sen
2462 5005 144 69 will,
2655 5022 103 40 wo
2810 5022 66 39 es
2931 5003 117 56 mir
3098 4998 239 69 gefällt.
3413 4991 325 71 Angefaßt
3787 4993 105 56 hat
3940 5008 69 39 er
