2090 2875
474 348 47 21 Von
530 350 72 28 Degas'
612 351 93 23 Werken
718 353 44 22 sind
775 354 68 23 aufser
854 357 39 22 den
906 358 43 22 hier
961 358 137 30 angef端hrten
1110 369 25 14 zu

426 386 88 16 nennen:
528 382 52 21 zwei
591 382 22 22 in
624 383 35 22 der
671 386 119 31 Sammlung
802 390 99 23 Amsinck
915 391 21 22 in
947 392 111 31 Hamburg
1071 394 66 30 (siehe

426 413 42 21 Pari
476 413 25 24 11,
508 413 50 22 Heft
569 415 33 29 4),
609 417 89 22 mehrere
707 418 38 22 auf
751 419 35 22 der
793 422 99 23 Dresdner
900 425 176 23 Internationalen
1084 429 41 20 Aus-

427 445 87 30 stellung
533 446 61 23 dieses
610 449 74 26 Jahres,
701 451 21 21 in
734 453 52 21 Paris
804 455 69 23 solche
891 457 55 22 beim
961 458 67 22 Maler
1041 460 96 25 Blanche,

427 478 53 21 beim
493 479 98 22 Zahnarzt
603 482 61 25 Viau,
677 482 32 22 bei
720 484 35 22 der
766 487 106 24 Mehrzahl
883 490 35 22 der
930 491 107 27 Sammler,
1049 493 33 21 die
1094 494 44 21 sich

429 511 33 19 f端r
471 511 97 22 moderne
577 514 68 21 Kunst
654 515 144 30 interessieren,
807 521 42 22 wie
858 521 38 23 den
905 524 78 22 Herren
994 527 69 27 Roger
1070 528 68 24 Marx,

429 543 31 20 Ch
478 544 95 26 Ephrussi
593 546 46 22 dem
648 548 66 22 Maler
728 551 85 28 Urolle,
826 554 46 22 dem
885 557 110 22 Bildhauer
1005 559 135 22 Bartholome

429 582 19 16 u.
458 578 36 43 A.;
505 578 64 21 durch
582 578 31 22 die
624 581 173 34 Kunsthandlung
806 596 41 13 von
857 590 151 22 Durand-Ruel
1018 592 76 29 gingen
1104 593 35 21 das

429 608 100 22 Brustbild
541 618 55 14 einer
607 612 61 22 Alten
684 623 39 14 von
740 618 66 29 1857,
818 621 32 21 ein
862 623 137 22 Wettrennen
1013 633 42 13 von
1071 626 69 25 ,86z,

1203 360 33 22 ein
1252 360 159 22 Damenbildnis
1429 369 43 13 von
1494 360 71 29 1872;
1585 359 40 22 auf
1638 359 35 22 der
1687 359 161 29 Versteigerung
1867 358 63 19 Duret

1205 393 76 22 kamen
1293 393 44 22 drei
1346 393 81 22 Werke
1440 402 48 17 vor;
1502 401 66 22 gegen
1584 401 7 13 1
1599 392 46 22 880
1657 392 63 22 malte
1730 393 67 28 Degas
1811 391 34 21 das
1856 387 78 24 Bildnis

1206 426 119 30 Duranty's.

1256 461 41 20 Der
1309 465 50 16 erste
1372 458 69 27 wohl,
1454 458 36 23 der
1502 458 50 22 端ber
1561 461 69 28 Degas
1643 458 87 25 schrieb,
1744 464 46 15 war
1797 458 54 27 J.-K.
1862 456 57 26 Huys-

1206 501 66 16 mans,
1284 493 37 21 seit
1334 492 60 29 1879
1409 492 133 30 (gesammelt
1555 492 21 21 in
1587 491 78 22 seinem
1674 491 72 22 Buche
1755 489 62 22 L'Art
1827 488 106 23 moderne,

1210 526 72 28 1883;
1293 525 55 22 dann
1359 525 20 21 in
1387 525 103 25 Certains,
1503 525 69 28 1889,
1582 524 75 22 zweite
1663 523 96 30 Auflage
1773 531 6 14 1
1788 522 68 30 894);
1873 519 60 27 1889

1206 559 93 21 erschien
1312 559 33 21 ein
1358 557 81 23 Artikel
1452 557 51 23 端ber
1515 558 38 22 ihn
1565 558 29 21 im
1604 557 111 30 Magazine
1728 555 28 23 of
1763 557 49 24 Art;
1829 555 57 28 1893
1900 552 23 22 be-

1206 592 73 30 sprach
1287 591 43 22 ihn
1330 591 86 22 Muther
1424 591 19 22 in
1454 591 66 22 seiner
1527 591 126 22 Geschichte
1660 590 35 22 der
1700 590 53 21 Mal.
1761 589 29 21 im
1796 589 55 20 XIX.
1856 585 78 31 Jahrh.,

1205 625 27 26 11,
1246 626 41 27 631
1301 632 20 15 u.
1333 623 22 23 ff.

1734 657 39 21 W.
1782 663 19 13 v.
1812 656 91 20 Seidlitz

828 2016 68 10 GUSTAVE
906 2018 67 11 MOKEAU,
982 2018 59 11 SALOME

1252 2460 0 0 60
