2090 2875
454 345 43 14 von
509 338 33 22 der
554 339 21 21 in
588 339 38 22 den
636 341 141 23 Kunstlehren
785 350 23 15 so
818 343 40 22 viel
870 352 25 13 zu
904 344 55 22 lesen
967 346 61 25 steht,
1040 346 38 22 hat
1087 347 39 21 mit
1135 347 40 22 den

454 371 113 22 Menschen
579 372 58 23 ihren
648 375 80 29 Einzug
740 376 21 20 in
773 376 33 22 die
815 376 61 23 Welt
886 377 105 31 gehalten.
1010 380 112 22 Verstehen
1134 381 42 21 wir

454 403 32 21 ihr
503 404 128 25 Geheimnis:
650 408 28 21 sie
696 408 24 21 ist
739 408 35 22 der
789 409 81 23 Liebes-
887 411 44 22 und
949 411 35 22 der
1000 411 176 25 Geburtsschauer

454 435 33 23 des
504 437 28 22 im
548 439 98 22 Künstler
662 439 157 31 geoffenbarten
835 445 237 31 zeugungsgewaltigen
1089 447 86 22 Geistes.

503 470 25 21 So
541 470 35 22 hat
588 472 43 21 sich
643 471 35 24 für
694 481 38 14 uns
744 475 33 22 die
792 476 95 22 absolute
900 478 83 21 Einheit
995 487 41 13 von
1050 481 69 20 Natur
1131 479 45 23 und

454 503 69 21 Kunst
542 504 96 23 enthüllt.
670 506 47 22 Alle
735 509 67 21 Kunst
823 509 26 22 ist
869 511 114 31 Zeugung,
1001 511 114 31 Gebärung
1132 513 44 21 und

454 535 132 31 Gestaltung,
594 550 28 4 —
630 540 79 21 Wesen
722 541 41 21 und
773 542 111 22 Ausdruck
896 544 35 21 des
942 545 136 30 organischen
1089 545 87 26 Lebens,

455 567 44 21 und
516 576 22 13 so
551 570 51 21 weit
619 572 59 21 mehr
696 573 28 21 als
741 581 40 14 nur
798 576 184 23 Schönheitstrieb.
1006 579 40 21 Die
1061 581 68 19 Kunst
1141 578 35 22 des

455 600 113 22 Menschen
585 603 25 21 ist
625 604 34 21 ein
674 606 47 20 Reis
737 614 35 14 am
786 608 80 22 Stamm
877 609 35 22 der
923 610 171 24 Allnaturkunst.
1122 612 55 21 Aber

455 640 29 13 sie
492 632 36 22 hat
537 635 54 21 auch
600 636 43 22 ihre
653 637 108 30 Eigenheit
769 641 99 23 erwiesen
879 643 41 22 und
930 644 45 21 ihre
984 644 88 22 höchste
1080 645 85 22 Daseins-

457 665 147 32 berechtigung
614 669 21 21 in
647 670 43 21 und
702 671 65 22 neben
779 673 70 24 dieser.
873 676 39 21 Die
925 677 158 31 ursprüngliche
1093 678 84 21 Einheit

456 697 48 22 aller
516 700 202 31 Zeugungsprozesse
727 703 58 24 kann
794 714 39 15 uns
842 708 59 22 nicht
909 717 67 22 gegen
985 709 33 22 die
1026 710 139 22 Verschieden-

455 730 43 21 heit
508 731 34 21 der
552 731 150 32 körperlichen,
710 736 36 22 der
928 756 28 2 —
967 743 45 21 und
1021 743 36 21 der
1067 744 110 29 geistigen,

455 763 36 21 der
510 771 29 14 im
560 773 64 22 engen
642 768 49 22 Sinn
712 769 164 26 künstlerischen
894 775 202 28 Gestaltungskräfte
1118 776 59 21 blind

456 796 92 22 machen.

459 959 31 13 \w
516 933 25 39 i
567 934 8 16 '
587 938 27 13 Un
640 933 70 22 NatUr
724 935 45 22 sind
781 937 35 21 ein
828 939 100 30 Einziges.
951 941 40 21 Die
1003 942 71 21 Natur
1086 941 51 31 liegt
1149 941 29 22 als

461 962 57 18 Welt
527 968 38 14 vor
577 970 37 14 uns
623 966 142 29 ausgebreitet,
778 969 47 23 aber
836 971 29 22 als
878 973 46 21 eine
933 973 61 22 Welt
1006 974 48 21 thut
1066 975 45 21 sich
1122 974 56 22 auch

460 995 33 17 die
504 995 67 20 Kunst
583 995 34 22 des
630 998 187 33 Menschengeistes
831 1012 38 14 vor
881 1013 87 15 unseren
979 1007 78 21 Sinnen
1069 1006 43 23 auf.
1131 1009 49 26 Jene

460 1028 25 17 ist
497 1030 38 16 mit
548 1027 62 22 dieser
622 1029 65 31 völlig
699 1032 108 29 identisch,
820 1037 71 22 indem
900 1039 61 22 Beide
970 1040 116 26 Gestalten,
1099 1042 80 20 Wesen

460 1059 44 19 und
521 1059 178 32 Erscheinungen,
720 1066 125 33 Lebendiges
866 1079 36 13 aus
919 1072 44 22 sich
981 1072 73 22 heraus
1073 1081 105 21 erzeugen,

460 1122 37 14 w-
510 1091 72 45 iT'll
626 1093 15 23 k
690 1096 35 23 der
743 1101 131 23 natürlichen
891 1105 62 21 Welt
974 1106 27 22 ist
1022 1106 62 22 keine
1105 1106 74 22 andere

460 1122 153 24 Wirklichkeit
632 1127 29 22 als
681 1129 33 22 die
731 1130 35 23 der
784 1132 162 27 künstlerischen
964 1139 67 22 Welt.
1066 1139 113 22 Zwischen

460 1157 68 20 Leben
543 1157 43 22 und
598 1161 67 21 Kunst
681 1163 53 21 steht
750 1164 107 32 längerhin
870 1168 60 24 keine
943 1171 106 22 Schranke
1061 1172 59 22 mehr
1132 1171 36 23 auf-

460 1189 106 27 gerichtet.

509 1222 79 23 Gewifs
615 1225 54 23 diese
681 1229 55 22 Sätze
752 1230 117 34 behaupten
885 1244 67 22 genau
968 1237 35 22 das
1016 1237 109 30 Gegenteil
1137 1245 43 14 von

460 1258 57 21 dem,
534 1264 45 13 was
597 1258 34 22 das
650 1260 69 29 grofse
736 1265 84 29 Dogma
837 1268 42 21 und
896 1269 232 23 Glaubensbekenntnis
1145 1270 35 22 der

460 1291 148 20 herrschenden
622 1293 228 35 Kunstanschauungen
866 1303 116 22 ausmacht.
1006 1304 33 20 Sie
1054 1303 79 22 suchen
1145 1311 23 14 so-

460 1322 61 19 wohl
529 1322 47 21 dem
586 1324 161 30 Naturalismus,
759 1331 42 21 wie
810 1332 53 22 auch
874 1333 47 23 dem
930 1335 153 23 idealistischen
1092 1337 76 21 Aesthe-

461 1357 92 18 ticismus
587 1357 39 21 den
649 1366 43 15 von
714 1369 85 15 unseren
819 1365 154 32 Allerjüngsten
995 1376 42 15 neu
1060 1370 119 21 erweckten

460 1387 154 22 romantischen
620 1390 86 28 Lehren,
715 1393 40 22 den
761 1396 71 22 Boden
841 1398 134 32 abzugraben.
992 1404 24 19 In
1024 1402 40 22 den
1073 1401 107 23 schroffen

461 1417 176 31 Widersprüchen
648 1423 35 22 des
695 1426 153 26 Naturalismus
861 1432 42 21 und
915 1434 35 21 des
960 1436 170 21 Aestheticismus
1143 1436 37 21 hat

461 1456 11 42 1
521 1483 27 15 hr
565 1483 22 15 n
587 1461 24 13 nZ
609 1486 12 12 u
636 1487 11 11 l
659 1464 14 13 1
712 1458 33 22 dCS
755 1463 142 24 neunzehnten
906 1467 148 26 Jahrhunderts
1063 1469 62 21 allein
1136 1468 43 22 und

462 1483 162 24 ausscnhefshen
636 1487 82 32 bewegt
728 1492 44 22 und
785 1493 21 21 in
819 1498 77 28 ewiger
905 1499 187 24 Unzufriedenheit
1105 1503 75 21 immer

462 1521 114 44 lideVt
608 1526 12 13 V
621 1526 13 13 °
636 1527 13 13 n
692 1530 10 12 r
703 1554 5 4 -
719 1531 59 15 eWen
793 1528 24 20 Se
835 1536 10 14 e
863 1529 39 23 auf
916 1531 34 22 die
968 1534 74 22 andere
1060 1533 118 31 geworfen,

464 1577 12 21 d
499 1546 22 52 fn
787 1559 43 22 sich
846 1561 21 22 in
879 1563 34 23 der
924 1566 89 22 Wurzel
1026 1567 43 22 und
1081 1568 98 21 stimmen

465 1611 11 19 S
515 1611 56 22 Uchk
593 1619 7 14 t
597 1590 30 12 m
644 1584 19 49 t
702 1588 76 45 TS*
790 1599 12 14 V
803 1600 14 13 °
819 1591 73 26 llkomi
892 1604 52 15 nene
956 1600 169 22 Wesenseinheit
1137 1608 42 14 von

465 1739 34 22 das
512 1741 67 23 Leben
592 1746 26 18 üb
654 1747 11 15 ,
662 1716 38 21 Em
702 1724 27 40 r
731 1719 73 29 tlgkdt
984 1730 72 22 indem
1070 1740 48 13 man
1132 1731 48 23 bald

465 1741 227 56 Kinderih
702 1752 47 21 Kun
751 1757 24 35 f'
783 1786 10 11 L
791 1755 31 21 wi
824 1764 10 13 e
851 1757 34 22 der
897 1761 166 29 Naturalismus,
1081 1765 51 21 oder
1147 1765 33 21 die

522 1807 15 19 B
539 1808 49 21 rand
605 1777 12 21 d
652 1780 51 22 Übe
730 1784 84 28 ***■
830 1796 43 15 ™
885 1791 34 22 der
931 1795 176 24 Aestheticismus.
1132 1799 48 20 Von

465 1838 13 19 F
492 1815 76 45 hrzeul
585 1817 71 45 hTnwe
712 1847 11 15 A
852 1822 35 23 der
905 1826 54 28 S^l
961 1834 11 14 *
993 1829 60 21 treibt
1073 1838 51 13 man
1145 1830 35 22 das

466 1841 132 54 EngeundS
611 1851 33 44 seT
657 1852 13 21 §
670 1841 8 54 -
685 1878 35 17 Wh
843 1862 35 14 ™
891 1857 55 22 Cbar
947 1867 13 20 y
962 1859 44 23 bdis
1007 1879 6 7 >
1031 1862 44 22 und
1093 1872 35 12 aus
1145 1864 36 21 der

465 1872 56 51 Sf
600 1876 56 52 Ent
667 1887 84 41 ,1'
760 1883 35 45 t
803 1886 16 20 L
866 1896 26 21 P°
895 1897 23 14 Ur
1063 1901 59 16 rettet
1131 1905 49 13 man

466 1909 44 14 sien
521 1911 22 13 in
555 1909 33 17 die
600 1909 55 28 Enge
667 1912 43 20 und
722 1914 168 28 Beschränktheit
901 1922 33 23 des
946 1926 155 22 Naturalismus
1132 1931 38 17 7er

466 1935 106 22 nssenheit
584 1937 146 29 kennzeichnet
741 1946 33 20 die
783 1950 62 16 Sh;.l
1132 1934 49 17 Lei-

466 1967 155 30 Jahrhunderts,
638 1981 34 14 wc
682 1974 6 21 1
704 1984 48 16 man
764 1979 33 21 die
808 1983 31 17 W
862 1955 22 45 ,
991 1958 13 21 d
1036 1968 26 13 ne
1063 1961 117 22 unzehnten

467 1999 37 22 hat
515 2001 42 21 und
570 2002 33 22 die
611 2005 53 22 Einh
702 2017 41 14 von
752 2013 21 20 N

469 2033 105 22 verstehen
586 2039 117 22 vermochte
884 2020 32 20 XU
933 2027 17 15 St
962 2023 58 21 mcht
1032 2027 80 21 elnsehe
1114 2035 14 13 n
1137 2028 43 21 und

516 2066 37 21 Als
569 2068 121 31 Schöpferin
705 2073 56 23 einer
771 2077 59 22 Welt
846 2081 36 20 hat
897 2085 51 16 anrh
962 2088 61 13 s.u-ii
1065 2090 18 11 j-
1112 2094 17 7 ,r

469 2097 38 21 mit
515 2097 90 32 feuriger
614 2103 150 25 Beredsamkeit
775 2116 38 22 gep
832 2120 46 15 esen
903 2117 54 21 Aber
966 2120 11 18 d
1028 2099 68 39 wl*

469 2130 44 21 eine
525 2133 83 26 zweite,
621 2135 44 21 eine
677 2144 61 19 neue,
750 2140 44 23 eine
806 2132 78 35 andere'
890 2149 59 19 Welt
966 2120 53 40 df*
1058 2123 31 45 f
1098 2131 25 15 lst
1135 2126 46 21 lhm

468 2163 67 21 Nicht
547 2165 44 22 eine
603 2167 60 21 Welt
675 2169 34 22 der
721 2172 63 22 Wirk
795 2175 60 23 ichke
865 2184 7 15 t
890 2149 69 50 Sl'
1141 2163 34 17 tUT
1176 2176 5 5 -

468 2195 69 22 Schon
554 2197 33 22 bei
601 2199 58 22 Plato
675 2201 52 23 hiefs
742 2212 19 14 es
777 2207 81 23 ähnlich
993 2193 39 15 ""'
1044 2188 34 42 *?
1090 2191 91 22 ScheinS

468 2229 207 34 Weltanschauung,
692 2236 81 23 welche
835 2210 39 54 t
874 2252 18 13 lZ
894 2254 9 12 e
907 2221 182 50 Yd^
1091 2222 6 21 1

468 2260 68 31 grofse
548 2262 182 34 Phantasmagorie
969 2249 213 62 *^&£

1242 347 76 24 Nichts
1334 348 29 22 als
1375 347 178 30 Scheingestalten
1569 347 79 30 gebiert
1664 347 34 21 die
1711 349 78 23 Kunst;
1806 347 74 22 darum
1895 347 27 21 ist
1938 343 31 23 ihr

1242 382 79 20 Wesen
1334 381 68 22 nichts
1414 381 29 21 als
1453 381 130 29 Täuschung
1596 380 42 21 und
1647 382 64 28 Lüge.
1731 380 49 22 Und
1793 389 24 13 so
1829 380 39 22 soll
1882 387 48 14 man
1943 382 26 16 sie

1242 413 118 22 verbannen
1375 414 44 21 und
1434 413 127 22 vernichten.
1588 414 24 21 In
1629 413 70 21 diesen
1712 413 115 22 Gedanken
1844 411 125 32 explodierte

1243 447 35 21 der
1286 446 148 22 Piatonismus.
1452 445 51 23 Dafs
1516 446 34 21 die
1559 448 68 20 Kunst
1640 454 39 13 nur
1689 447 34 20 ein
1732 446 137 22 Scheinleben
1881 447 88 25 erzeugt,

1243 487 46 15 war
1301 480 55 21 auch
1368 479 34 21 die
1411 479 105 30 Meinung
1526 479 36 22 der
1571 479 226 25 Kant-Schillerschen,
1810 479 35 22 der
1854 476 116 25 Fichteseh-

1243 512 166 22 Romantischen
1431 511 116 23 Aesthetik.
1580 512 55 22 Aber
1657 512 28 21 sie
1707 512 39 30 gab
1767 520 45 14 nun
1834 512 59 22 nicht
1912 509 58 23 mehr

1243 545 155 30 Täuschungen
1411 545 43 21 und
1471 544 133 31 lügnerische
1620 545 99 25 Gebilde,
1737 545 90 22 sondern
1841 545 34 21 die
1890 545 69 29 eigent-

1243 578 55 22 liche
1307 574 115 25 Wahrheit
1435 578 35 21 der
1483 578 75 29 Dinge,
1572 578 40 21 den
1623 577 147 30 Grundgehalt
1782 578 33 22 des
1828 578 86 22 Lebens.
1933 576 37 21 Die

1243 611 62 21 Welt
1322 610 35 22 des
1371 609 164 23 künstlerischen
1549 610 83 22 Scheins
1645 610 116 26 schwebte,
1777 620 43 13 von
1834 609 137 23 ätherischem

1244 644 73 21 Lichte
1328 643 115 22 umflossen
1455 643 43 21 und
1512 643 131 27 überstrahlt,
1657 644 56 21 hoch
1726 643 45 22 und
1784 644 89 21 erhaben
1886 643 29 21 als
1928 642 43 21 eine

1243 677 101 21 schönere
1359 676 44 21 und
1421 676 76 21 bessere
1512 676 62 21 Welt
1590 676 50 22 über
1656 676 35 21 der
1706 676 35 22 der
1756 676 161 22 Wirklichkeit.
1941 675 31 20 Da

1243 709 102 22 brauchte
1364 709 37 21 der
1420 709 142 21 romantische
1580 708 174 30 Subjektivismus
1774 718 41 13 nur
1835 709 58 22 noch
1913 708 59 22 einen

1244 743 77 21 Schritt
1333 750 26 13 zu
1371 742 61 25 thun,
1445 742 42 21 und
1501 742 33 21 die
1543 742 143 21 Atelierkunst
1699 742 35 22 des
1745 743 180 23 Aestheticismus,
1938 740 33 22 des

1244 776 55 21 L'art
1315 783 53 23 pour
1380 775 53 26 l'art,
1449 775 83 22 welche
1543 775 45 22 sich
1602 775 128 30 hochmütig
1745 784 43 13 von
1801 775 35 22 der
1847 777 72 20 Natur
1932 769 40 26 und

1244 808 49 22 dem
1298 808 77 26 Leben,
1385 816 42 14 von
1436 808 40 21 den
1484 808 160 22 Gemeinheiten
1653 808 36 22 der
1696 808 154 22 Wirklichkeit
1861 805 111 25 abschlofs,

1245 841 81 22 konnte
1337 841 60 22 ihren
1406 841 147 30 Triumphzug
1565 841 66 21 durch
1644 841 36 21 das
1692 842 131 21 neunzehnte
1834 839 138 30 Jahrhundert

1244 880 102 16 antreten.
1373 874 57 22 Aber
1447 873 66 23 neben
1533 874 65 22 dieser
1613 875 218 30 Kunstvergötterung
1849 874 54 22 blieb
1920 870 53 25 auch

1245 908 75 21 immer
1332 907 34 22 ein
1378 907 74 22 weiter
1464 908 71 20 Raum
1549 906 35 22 für
1599 907 34 21 die
1648 906 131 30 platonische
1791 907 137 29 Verachtung
1939 904 34 22 der

1246 940 122 31 poetischen
1380 940 133 29 Lügenwelt.
1543 939 49 22 Und
1609 940 28 21 sie
1649 940 96 29 züngelte
1758 940 76 22 immer
1845 940 81 22 wieder
1938 943 35 16 aus

1245 973 55 22 allen
1323 973 161 22 Bekenntnissen
1508 973 34 22 des
1563 972 158 23 Naturalismus
1745 973 84 22 hervor:
1852 973 34 22 die
1906 973 68 21 Kunst

1246 1006 113 23 verschönt
1378 1006 44 22 und
1446 1006 122 25 verbessert,
1591 1006 29 22 sie
1642 1005 114 23 idealisiert
1778 1006 45 22 und
1846 1005 76 23 frisiert
1942 1002 32 23 die

1247 1040 76 29 Dinge,
1337 1053 29 3 —
1381 1038 43 23 fort
1436 1040 39 21 mit
1490 1039 35 22 der
1537 1039 120 25 Phantasie,
1673 1039 33 22 die
1718 1039 92 22 entstellt
1821 1039 44 22 und
1882 1040 91 20 verzerrt.

1246 1073 50 21 Nur
1312 1073 34 22 die
1364 1072 155 23 Wirklichkeit
1536 1072 55 30 birgt
1608 1072 35 22 die
1657 1072 121 22 Wahrheit.
1808 1073 45 21 Uns
1870 1072 103 29 geziemen

1246 1106 59 21 nicht
1321 1106 71 29 länger
1408 1106 34 22 die
1456 1106 67 21 leeren
1535 1106 67 30 Spiele
1620 1105 42 21 und
1680 1105 33 22 die
1729 1105 146 30 lügnerischen
1888 1100 86 27 Gebilde

1246 1139 35 21 der
1293 1134 204 34 Einbildungskraft.

1296 1173 41 20 Das
1356 1179 132 15 verworrene
1506 1172 44 21 und
1569 1171 79 22 dunkle
1669 1170 116 30 Labyrinth
1806 1171 35 22 der
1861 1170 113 22 modernen

1246 1204 110 22 Aesthetik
1364 1205 26 21 ist
1396 1205 71 21 erbaut
1473 1213 37 13 um
1515 1205 60 21 einen
1581 1203 147 31 Innenpfeiler,
1734 1204 34 21 der
1773 1204 40 21 alle
1818 1211 73 15 unsere
1897 1205 65 19 Kunst-

1246 1238 164 29 anschauungen
1425 1239 55 28 trägt
1495 1237 43 22 und
1553 1237 34 21 die
1603 1237 137 22 Schillersehe
1754 1237 157 29 Anschauung,
1929 1232 44 24 dafs

1246 1271 34 21 die
1295 1270 62 22 Welt
1376 1271 37 21 der
1430 1271 68 21 Kunst
1518 1271 45 21 eine
1581 1269 128 23 Scheinwelt
1729 1270 40 25 sei,
1790 1270 55 22 steht
1863 1270 30 21 als
1911 1268 64 21 dieser

1245 1303 147 30 Innenpfeiler,
1405 1303 28 22 als
1446 1304 56 20 noch
1515 1304 175 20 unerschüttertes
1701 1304 85 28 Dogma
1800 1303 33 22 da.
1850 1302 63 22 Mehr
1926 1299 49 23 oder

1245 1337 96 29 weniger
1355 1336 96 22 deutlich
1466 1335 69 22 bricht
1549 1336 29 21 sie
1593 1336 75 21 immer
1681 1335 80 22 wieder
1774 1343 37 14 aus
1828 1335 55 22 allen
1895 1336 66 20 Kunst-

1246 1369 95 22 theorien
1353 1369 83 22 hervor.
1458 1369 33 20 Sie
1502 1369 27 20 ist
1541 1368 36 21 der
1588 1367 70 31 grofse
1668 1367 44 22 und
1722 1368 161 22 entscheidende
1892 1370 82 19 Irrtum,

1245 1411 43 14 von
1301 1402 47 21 dem
1364 1402 39 21 alle
1418 1401 89 22 anderen
1523 1399 157 23 irreführenden
1693 1402 69 29 Wege
1778 1400 117 23 auslaufen.
1920 1398 55 24 Aber

1246 1436 33 21 die
1293 1437 69 19 Kunst
1378 1439 83 25 erzeugt
1477 1433 122 23 wirkliches
1612 1433 78 26 Leben,
1708 1434 59 21 nicht
1783 1435 33 20 ein
1832 1432 141 24 Scheinleben.

1246 1470 46 21 Ihre
1304 1468 60 22 Welt
1379 1468 26 21 ist
1421 1467 34 21 die
1469 1465 218 23 Wirklichkeitswelt
1702 1467 76 25 selber,
1794 1467 33 22 die
1843 1476 40 13 uns
1896 1462 79 25 überall

1247 1501 101 30 umgiebt.
1369 1502 70 20 Kunst
1452 1499 42 22 und
1507 1500 71 20 Natur
1589 1499 46 21 sind
1647 1500 56 21 Eins.
1727 1501 48 20 Nur
1787 1501 46 21 eine
1845 1500 60 22 Welt
1918 1497 56 32 giebt

1246 1542 19 14 es
1278 1534 44 22 und
1335 1534 46 21 eine
1393 1531 160 23 Wirklichkeit.

1296 1568 39 20 Für
1347 1566 34 21 die
1392 1574 53 21 ganz
1457 1566 60 21 naive
1526 1564 44 22 und
1583 1564 136 23 allernächste
1729 1564 132 32 Auffassung
1873 1564 102 23 erscheint

1246 1608 20 14 es
1281 1602 21 27 ja
1318 1598 212 25 selbstverständlich,
1547 1597 45 22 dafs
1609 1598 33 21 die
1658 1600 71 20 Kunst
1743 1607 40 13 nur
1797 1597 177 32 Scheingestalten

1246 1638 89 24 erzeugt.
1353 1633 42 20 Der
1404 1630 137 22 Unterschied
1554 1631 106 22 zwischen
1673 1632 68 21 einem
1751 1631 99 22 lebenden
1860 1630 115 23 Menschen

1247 1665 44 23 und
1310 1665 55 21 einer
1384 1664 69 22 diesen
1470 1664 116 22 Menschen
1607 1664 149 22 darstellenden
1775 1664 103 22 Bildsäule
1895 1664 80 30 springt

1248 1697 134 23 unmittelbar
1403 1697 22 22 in
1445 1697 33 22 die
1498 1698 82 28 Augen.
1613 1698 52 21 Man
1689 1697 56 22 kann
1769 1698 34 21 die
1824 1697 84 22 Helden
1931 1692 44 25 und

1247 1730 121 23 Heldinnen
1380 1730 53 22 eines
1446 1731 116 24 Romanes,
1574 1730 55 22 eines
1641 1732 88 20 Dramas
1745 1730 56 22 doch
1817 1729 156 23 nimmermehr,

1247 1765 43 21 wie
1302 1763 33 22 die
1348 1763 35 22 der
1395 1762 164 26 Wirklichkeit,
1572 1763 38 22 mit
1623 1764 90 21 Händen
1725 1763 81 31 greifen
1818 1763 44 22 und
1875 1763 99 22 betasten,

1247 1796 85 27 fühlen,
1348 1795 133 23 schmecken.
1505 1796 159 22 Nimmermehr
1679 1796 46 22 sind
1740 1797 29 21 sie
1785 1805 43 13 von
1840 1796 79 22 Fleisch
1931 1791 45 25 und

1247 1830 55 22 Blut.
1326 1831 53 20 Man
1391 1829 55 22 wird
1458 1829 60 21 nicht
1530 1834 40 16 satt
1582 1837 42 14 von
1636 1830 57 21 einer
1705 1829 151 30 geschilderten
1866 1827 108 24 Mahlzeit,

1247 1864 43 21 wie
1297 1863 35 21 der
1342 1862 170 24 Clauren-Leser,
1524 1869 44 14 von
1574 1862 47 21 dem
1629 1862 105 22 Wilhelm
1742 1861 71 23 Hauff
1818 1862 83 22 erzählt.
1921 1860 54 23 Aber

1246 1896 37 22 der
1293 1895 140 23 Wallenstein
1442 1894 96 22 Schillers
1547 1895 55 21 steht
1611 1895 98 22 dennoch
1718 1895 79 22 wieder
1806 1904 22 13 so
1838 1894 101 24 deutlich,
1951 1899 23 14 so

1246 1929 47 22 klar
1304 1929 45 22 und
1361 1927 116 23 lebensvoll
1490 1928 29 21 im
1532 1928 70 21 Geiste
1614 1935 38 15 vor
1664 1936 50 17 uns,
1731 1929 43 22 wie
1786 1929 36 21 der
1834 1925 141 25 Wallenstein

1247 1962 35 22 der
1294 1961 131 23 Geschichte.
1447 1960 39 22 Die
1496 1959 239 30 Wirklichkeitsgestalt
1747 1962 54 21 eines
1814 1962 124 21 Barbarossa
1950 1959 24 21 ist

1247 1994 35 23 für
1289 2003 37 14 uns
1334 1994 129 29 keineswegs
1472 1993 114 21 sinnlicher
1593 1993 42 21 und
1646 1993 118 26 sichtbarer,
1774 1995 29 21 als
1811 1995 34 21 die
1854 1992 108 24 Phantasie-

1247 2028 75 30 gestalt
1334 2028 55 21 eines
1402 2026 85 22 Hamlet
1499 2025 51 22 oder
1561 2026 73 30 König
1643 2028 57 20 Lear.
1718 2028 42 21 Das
1771 2027 132 22 Goethesche
1913 2028 50 20 Gret-

1247 2061 53 22 chen
1315 2060 99 30 begleitet
1430 2067 38 13 uns
1483 2057 41 23 auf
1535 2067 89 13 unseren
1635 2061 86 28 Wegen
1736 2060 107 22 vielleicht
1859 2057 115 25 dauernder

1248 2094 42 21 und
1303 2094 40 22 wir
1360 2099 72 23 tragen
1444 2092 43 21 sein
1499 2091 48 22 Bild
1558 2091 71 31 länger
1645 2092 23 22 in
1682 2100 39 15 uns
1737 2093 44 22 und
1795 2094 21 21 in
1828 2093 91 22 helleren
1931 2088 42 25 und

1247 2125 117 23 schärferen
1380 2125 117 25 Umrissen,
1514 2124 29 22 als
1559 2124 36 22 das
1611 2125 35 22 der
1658 2125 115 23 Ueberzahl
1788 2126 35 21 der
1835 2127 79 21 Frauen
1931 2121 43 25 und

1247 2159 114 25 Mädchen,
1374 2159 33 21 die
1420 2166 71 14 unsere
1500 2158 87 30 eigenen
1597 2158 142 30 Lebenspfade
1748 2159 98 30 gekreuzt
1858 2159 75 21 haben.
1951 2157 23 20 In

1247 2192 35 22 der
1298 2192 95 22 Klarheit
1410 2191 45 22 und
1471 2189 162 32 Sinnfälligkeit
1648 2192 35 21 der
1698 2191 130 26 Eindrücke,
1847 2191 81 23 welche
1946 2189 27 21 sie

1248 2224 39 23 auf
1297 2233 38 14 uns
1344 2224 100 25 ausüben,
1457 2225 25 20 ist
1491 2224 60 22 nicht
1561 2224 35 22 der
1605 2225 103 29 geringste
1718 2225 138 22 Unterschied
1869 2223 105 23 zwischen

1248 2258 40 22 den
1304 2258 105 22 Gestalten
1429 2257 34 22 des
1480 2257 78 22 Lebens
1576 2258 44 21 und
1638 2257 36 22 der
1690 2260 76 20 Kunst.
1794 2259 49 27 Jene
1860 2258 42 22 wie
1920 2256 54 22 diese

1248 2296 72 25 tragen
1337 2291 41 22 wir
1389 2299 53 22 ganz
1455 2290 64 22 allein
1530 2291 22 21 in
1565 2299 94 13 unserem
1671 2292 82 21 Innern.
1778 2292 50 21 Wir
1839 2292 90 21 nehmen
1942 2287 32 23 die

1277 2451 0 0 38
