2498 3984
1197 458 118 57 490

276 615 189 60 choix
498 612 110 80 qui
643 612 94 60 les
769 615 171 57 avait
972 610 385 79 remplacés.
1395 614 166 57 Tout
1593 630 79 42 en
1701 610 246 62 aimant
1979 612 249 72 mieux,

275 722 119 61 par
427 704 286 77 jalousie
757 704 61 60 et
865 719 120 61 par
1029 701 299 68 humeur,
1368 701 320 60 admettre
1724 701 58 60 le
1815 703 297 78 principe
2148 703 76 59 de

274 795 255 59 réserve
583 793 390 77 réciproque
1032 798 81 52 où
1169 809 65 42 se
1273 790 288 61 tenaient
1603 792 134 58 l'un
1781 793 311 61 vis-à-vis
2148 794 75 60 de

272 883 231 60 l'autre
562 883 94 60 les
703 883 167 58 deux
915 898 447 61 compagnons
1415 882 273 77 d'esprit
1738 899 120 61 que
1907 901 317 61 supposer

272 977 179 57 toute
475 978 182 56 autre
703 973 313 60 situation
1063 978 37 54 à
1149 971 141 61 leur
1340 972 308 71 intimité,
1686 973 84 59 ils
1805 972 419 80 alléguaient,

275 1081 249 42 comme
541 1063 53 60 si
619 1062 169 61 c'eût
806 1067 96 56 été
924 1081 86 41 un
1025 1062 319 79 reproche
1371 1062 109 77 qui
1499 1082 78 41 en
1599 1066 304 72 menaçât
1925 1065 64 58 la
2013 1063 197 61 durée

272 1155 372 78 qu'Eustase
680 1153 241 60 n'avait
956 1153 186 78 point
1188 1157 98 56 été
1329 1152 306 79 toujours
1674 1155 188 58 ainsi.
1903 1155 234 72 Certes,
2175 1157 48 57 il

271 1245 175 60 avait
494 1246 210 60 même
764 1246 98 57 été
912 1247 146 56 tout
1107 1250 38 53 à
1194 1244 120 59 fait
1376 1250 202 55 autre.
1613 1246 73 59 Je
1747 1245 59 61 le
1869 1246 129 60 sais
2058 1264 169 61 pour

271 1335 232 61 l'avoir
530 1354 217 42 connu
769 1340 38 55 à
830 1353 124 42 une
990 1339 247 75 époque
1273 1341 84 54 où
1389 1335 48 58 il
1471 1336 247 78 croyait
1739 1335 202 62 vivre.
1963 1338 259 59 Comme

272 1425 282 61 d'autres
592 1427 49 57 il
672 1425 173 61 avait
878 1425 236 73 désiré,
1147 1444 85 40 vu
1268 1428 58 57 et
1354 1427 300 77 possédé,
1682 1427 169 78 puis,
1890 1428 92 59 las
2013 1428 206 61 d'être

274 1520 194 75 épars
524 1536 76 40 en
646 1534 97 41 ses
787 1515 229 70 désirs,
1053 1517 351 77 approprié
1452 1522 37 53 à
1536 1515 175 61 leurs
1761 1518 241 77 objets,
2040 1536 146 43 acca-

274 1609 157 75 paré
482 1625 118 59 par
641 1611 142 54 tout
826 1623 70 42 ce
940 1604 159 79 qu'il
1142 1607 248 77 croyait
1447 1607 333 77 posséder,
1809 1608 47 56 il
1918 1627 78 41 en
2046 1609 177 59 avait

271 1696 119 63 fait
449 1697 109 60 des
609 1712 236 60 songes
902 1694 313 79 auxquels
1268 1696 226 58 restait
1524 1697 329 76 peut-être
1894 1697 288 60 l'arrière-

279 1791 356 55 amertume
709 1787 202 57 d'être
963 1785 145 77 plus
1161 1785 370 78 identiques
1592 1790 35 56 à
1678 1804 70 42 ce
1795 1787 196 76 qu'ils
2045 1806 116 59 sup-

277 1876 289 79 pléaient
611 1894 121 60 que
768 1875 139 61 cela
939 1877 207 58 même
1182 1875 191 77 qu'ils
1408 1880 263 56 eussent
1704 1880 121 56 été.

348 1969 89 57 La
469 1965 103 60 vie
605 1964 218 61 s'était
853 1964 311 59 refroidie
1194 1971 60 54 et
1302 1964 278 80 déposée
1611 1984 79 42 en
1712 1965 96 60 lui
1841 1984 250 43 comme
2134 1987 85 40 un

272 2056 123 61 ciel
431 2056 160 60 dans
625 2074 85 40 un
743 2054 254 60 miroir.

352 2148 209 77 Ayant
646 2145 264 60 souffert
982 2144 201 61 d'être
1254 2145 343 61 lui-même
1690 2145 532 64 l'intermédiaire

272 2239 178 59 entre
484 2237 94 59 soi
610 2238 60 57 et
699 2235 66 59 la
797 2241 250 68 nature,
1090 2235 390 61 Humbeline
1521 2237 94 59 lui
1662 2256 78 42 en
1784 2238 174 60 avait
2006 2243 98 57 été
2158 2239 65 60 la

271 2326 415 62 médiatrice!
727 2326 160 59 C'est
917 2329 36 56 à
980 2329 146 56 tout
1157 2326 140 59 cela
1333 2345 120 58 que
1484 2327 303 60 faisaient
1833 2328 285 61 allusion
2162 2331 58 59 le

270 2418 232 60 miroir
536 2418 77 59 de
649 2418 64 59 la
748 2417 309 59 chambre
1093 2417 331 59 d'Eustase
1460 2420 82 68 et,
1579 2436 111 41 sur
1729 2420 63 58 la
1831 2420 266 61 rocaille
2142 2420 78 59 de

270 2507 336 61 funéraire
639 2507 220 69 êbène,
901 2505 488 77 l'énigmatique
1422 2507 282 60 verrerie
1739 2515 83 52 où
1856 2509 66 59 la
1950 2510 276 61 matière

267 2595 278 62 vitrifiée
577 2595 338 77 façonnait
943 2611 119 60 par
1088 2594 274 59 illusion
1390 2595 314 61 l'absente
1739 2615 122 42 eau
1904 2597 159 61 dont
2096 2599 119 59 elle

271 2688 156 59 était
456 2685 171 70 vide,
667 2683 151 59 c'est
853 2688 36 54 à
928 2684 138 58 cela
1095 2702 122 59 que
1264 2685 426 79 s'appliquait
1743 2688 176 59 aussi
1978 2707 70 42 ce
2100 2708 122 60 que

272 2775 197 62 disait
498 2777 393 66 Eustase,au
920 2773 409 78 crépuscule,
1350 2775 87 60 du
1474 2775 306 62 domaine
1817 2778 406 72 d'Arnheim,

271 2867 76 59 de
380 2867 248 77 Psyché
665 2864 59 59 et
754 2863 76 60 de
859 2862 324 69 Ulalume,
1218 2882 72 44 ce
1326 2864 157 79 qu'il
1517 2867 198 61 disait
1758 2868 109 61 des
1900 2869 207 61 lèvres
2143 2870 76 61 de

268 2957 66 60 la
369 2954 294 61 Solitude
695 2956 60 57 et
784 2953 86 60 du
901 2952 253 61 Silence
1180 2954 12 59 !

1378 3122 206 60 HENRI
1627 3140 78 42 DE
1754 3124 300 59 RÉGNIER.
