<?xml version="1.0" encoding="UTF-8"?>
<alto xmlns:xsi="http://www.w3.org/2001/XMLSchema-instance" xmlns="http://www.loc.gov/standards/alto/ns-v2#" xsi:schemaLocation="http://www.loc.gov/standards/alto/ns-v2# http://www.loc.gov/standards/alto/alto-v2.0.xsd" xmlns:xlink="http://www.w3.org/1999/xlink">
	<Description>
		<MeasurementUnit>mm10</MeasurementUnit>
		<sourceImageInformation>
			<fileName>//fileserver7/IN2-2/Princeton/Batch7/bmtnaas/1893/06/10_01/00000564.tif</fileName>
		</sourceImageInformation>
		<OCRProcessing ID="OCRPROCESSING_1">
			<preProcessingStep>
				<processingSoftware>
					<softwareCreator>CCS Content Conversion Specialists GmbH, Germany</softwareCreator>
					<softwareName>CCS docWorks</softwareName>
					<softwareVersion>6.7-1.24</softwareVersion>
				</processingSoftware>
			</preProcessingStep>
			<ocrProcessingStep>
				<processingSoftware>
					<softwareCreator>ABBYY (BIT Software), Russia</softwareCreator>
					<softwareName>FineReader</softwareName>
					<softwareVersion>10.0</softwareVersion>
				</processingSoftware>
			</ocrProcessingStep>
		</OCRProcessing>
	</Description>
	<Styles>
		<TextStyle ID="TXT_0" FONTSIZE="23" FONTFAMILY="Times New Roman"/>
		<TextStyle ID="TXT_1" FONTSIZE="19" FONTFAMILY="Times New Roman"/>
		<TextStyle ID="TXT_2" FONTSIZE="23" FONTFAMILY="Times New Roman" FONTSTYLE="italics"/>
		<ParagraphStyle ID="PAR_RIGHT" ALIGN="Right"/>
		<ParagraphStyle ID="PAR_LEFT" ALIGN="Left"/>
	</Styles>
	<Layout>
		<Page ID="P34" PHYSICAL_IMG_NR="34" HEIGHT="3984" WIDTH="2498" PRINTED_IMG_NR="512" PC="0.911">
			<TopMargin ID="P34_TM00001" HPOS="0" VPOS="0" WIDTH="2498" HEIGHT="400">
				<TextBlock ID="P34_TB00001" HPOS="1293" VPOS="339" WIDTH="119" HEIGHT="59" STYLEREFS="TXT_0 PAR_RIGHT">
					<TextLine ID="P34_TL00001" HPOS="1293" VPOS="340" WIDTH="119" HEIGHT="58">
						<String ID="P34_ST00001" HPOS="1293" VPOS="340" WIDTH="119" HEIGHT="58" CONTENT="512" WC="0.30" CC="857"/>
					</TextLine>
				</TextBlock>
			</TopMargin>
			<LeftMargin ID="P34_LM00001" HPOS="0" VPOS="400" WIDTH="375" HEIGHT="3239"/>
			<RightMargin ID="P34_RM00001" HPOS="2325" VPOS="400" WIDTH="173" HEIGHT="3239"/>
			<BottomMargin ID="P34_BM00001" HPOS="0" VPOS="3639" WIDTH="2498" HEIGHT="345"/>
			<PrintSpace ID="P34_PS00001" HPOS="375" VPOS="400" WIDTH="1950" HEIGHT="3239">
				<TextBlock ID="P34_TB00002" HPOS="375" VPOS="489" WIDTH="1950" HEIGHT="3150" STYLEREFS="TXT_1 PAR_LEFT">
					<TextLine ID="P34_TL00002" HPOS="376" VPOS="489" WIDTH="1945" HEIGHT="83">
						<String ID="P34_ST00002" HPOS="376" VPOS="492" WIDTH="250" HEIGHT="62" CONTENT="l'ironie" WC="0.99" CC="20060460" STYLEREFS="TXT_0"/>
						<SP ID="P34_SP00001" HPOS="626" VPOS="554" WIDTH="79"/>
						<String ID="P34_ST00003" HPOS="705" VPOS="493" WIDTH="112" HEIGHT="79" CONTENT="qui" WC="0.97" CC="620" STYLEREFS="TXT_0"/>
						<SP ID="P34_SP00002" HPOS="817" VPOS="572" WIDTH="56"/>
						<String ID="P34_ST00004" HPOS="873" VPOS="493" WIDTH="148" HEIGHT="58" CONTENT="créa" WC="0.98" CC="0431" STYLEREFS="TXT_0"/>
						<SP ID="P34_SP00003" HPOS="1021" VPOS="572" WIDTH="63"/>
						<String ID="P34_ST00005" HPOS="1084" VPOS="489" WIDTH="287" HEIGHT="62" CONTENT="Tribulat" WC="0.86" CC="01013004" STYLEREFS="TXT_2"/>
						<SP ID="P34_SP00004" HPOS="1371" VPOS="572" WIDTH="55"/>
						<String ID="P34_ST00006" HPOS="1426" VPOS="490" WIDTH="374" HEIGHT="77" CONTENT="Bonhomet," WC="0.70" CC="554023032" STYLEREFS="TXT_2"/>
						<SP ID="P34_SP00005" HPOS="1800" VPOS="572" WIDTH="68"/>
						<String ID="P34_ST00007" HPOS="1868" VPOS="496" WIDTH="61" HEIGHT="59" CONTENT="et" WC="0.77" CC="40" STYLEREFS="TXT_0"/>
						<SP ID="P34_SP00006" HPOS="1929" VPOS="572" WIDTH="52"/>
						<String ID="P34_ST00008" HPOS="1981" VPOS="493" WIDTH="50" HEIGHT="61" CONTENT="il" WC="0.97" CC="00" STYLEREFS="TXT_0"/>
						<SP ID="P34_SP00007" HPOS="2031" VPOS="572" WIDTH="65"/>
						<String ID="P34_ST00009" HPOS="2096" VPOS="494" WIDTH="225" HEIGHT="62" CONTENT="exhale" WC="0.99" CC="007400" STYLEREFS="TXT_0"/>
					</TextLine>
					<TextLine ID="P34_TL00003" HPOS="375" VPOS="582" WIDTH="975" HEIGHT="80">
						<String ID="P34_ST00010" HPOS="375" VPOS="582" WIDTH="170" HEIGHT="62" CONTENT="ainsi" WC="0.97" CC="85600" STYLEREFS="TXT_0"/>
						<SP ID="P34_SP00008" HPOS="545" VPOS="644" WIDTH="55"/>
						<String ID="P34_ST00011" HPOS="600" VPOS="601" WIDTH="118" HEIGHT="43" CONTENT="son" WC="0.99" CC="020" STYLEREFS="TXT_0"/>
						<SP ID="P34_SP00009" HPOS="718" VPOS="644" WIDTH="42"/>
						<String ID="P34_ST00012" HPOS="760" VPOS="583" WIDTH="546" HEIGHT="79" CONTENT="découragement" WC="0.99" CC="5344567610140" STYLEREFS="TXT_0"/>
						<SP ID="P34_SP00010" HPOS="1306" VPOS="662" WIDTH="30"/>
						<String ID="P34_ST00013" HPOS="1336" VPOS="605" WIDTH="14" HEIGHT="38" CONTENT=":" WC="0.38" CC="6" STYLEREFS="TXT_0"/>
					</TextLine>
					<TextLine ID="P34_TL00004" HPOS="658" VPOS="795" WIDTH="1030" HEIGHT="61">
						<String ID="P34_ST00014" HPOS="658" VPOS="795" WIDTH="226" HEIGHT="60" CONTENT="Encore," WC="0.99" CC="0200700"/>
						<SP ID="P34_SP00011" HPOS="884" VPOS="855" WIDTH="29"/>
						<String ID="P34_ST00015" HPOS="913" VPOS="797" WIDTH="107" HEIGHT="48" CONTENT="loin" WC="0.98" CC="0081"/>
						<SP ID="P34_SP00012" HPOS="1020" VPOS="855" WIDTH="33"/>
						<String ID="P34_ST00016" HPOS="1053" VPOS="795" WIDTH="114" HEIGHT="50" CONTENT="d'un" WC="0.96" CC="0467"/>
						<SP ID="P34_SP00013" HPOS="1167" VPOS="855" WIDTH="32"/>
						<String ID="P34_ST00017" HPOS="1199" VPOS="795" WIDTH="155" HEIGHT="48" CONTENT="siècle" WC="0.99" CC="270000"/>
						<SP ID="P34_SP00014" HPOS="1354" VPOS="855" WIDTH="24"/>
						<String ID="P34_ST00018" HPOS="1378" VPOS="795" WIDTH="310" HEIGHT="61" CONTENT="immonde," WC="0.99" CC="25605322"/>
					</TextLine>
					<TextLine ID="P34_TL00005" HPOS="657" VPOS="866" WIDTH="1034" HEIGHT="61">
						<String ID="P34_ST00019" HPOS="657" VPOS="866" WIDTH="156" HEIGHT="50" CONTENT="Libre" WC="0.98" CC="10550"/>
						<SP ID="P34_SP00015" HPOS="813" VPOS="916" WIDTH="36"/>
						<String ID="P34_ST00020" HPOS="849" VPOS="869" WIDTH="49" HEIGHT="47" CONTENT="et" WC="0.47" CC="27"/>
						<SP ID="P34_SP00016" HPOS="898" VPOS="916" WIDTH="24"/>
						<String ID="P34_ST00021" HPOS="922" VPOS="868" WIDTH="115" HEIGHT="48" CONTENT="seul" WC="0.98" CC="1054"/>
						<SP ID="P34_SP00017" HPOS="1037" VPOS="916" WIDTH="28"/>
						<String ID="P34_ST00022" HPOS="1065" VPOS="870" WIDTH="127" HEIGHT="46" CONTENT="dans" WC="1.00" CC="0200"/>
						<SP ID="P34_SP00018" HPOS="1192" VPOS="916" WIDTH="26"/>
						<String ID="P34_ST00023" HPOS="1218" VPOS="868" WIDTH="75" HEIGHT="48" CONTENT="les" WC="0.93" CC="674"/>
						<SP ID="P34_SP00019" HPOS="1293" VPOS="916" WIDTH="26"/>
						<String ID="P34_ST00024" HPOS="1319" VPOS="868" WIDTH="118" HEIGHT="48" CONTENT="bois" WC="0.98" CC="6001"/>
						<SP ID="P34_SP00020" HPOS="1437" VPOS="916" WIDTH="33"/>
						<String ID="P34_ST00025" HPOS="1470" VPOS="868" WIDTH="221" HEIGHT="59" CONTENT="déserts," WC="0.99" CC="03204443"/>
					</TextLine>
					<TextLine ID="P34_TL00006" HPOS="662" VPOS="939" WIDTH="841" HEIGHT="62">
						<String ID="P34_ST00026" HPOS="662" VPOS="940" WIDTH="55" HEIGHT="51" CONTENT="Si" WC="0.79" CC="40"/>
						<SP ID="P34_SP00021" HPOS="717" VPOS="991" WIDTH="24"/>
						<String ID="P34_ST00027" HPOS="741" VPOS="939" WIDTH="188" HEIGHT="61" CONTENT="j'avais" WC="0.99" CC="1027006"/>
						<SP ID="P34_SP00022" HPOS="929" VPOS="1000" WIDTH="25"/>
						<String ID="P34_ST00028" HPOS="954" VPOS="955" WIDTH="69" HEIGHT="46" CONTENT="pu" WC="0.59" CC="52"/>
						<SP ID="P34_SP00023" HPOS="1023" VPOS="1001" WIDTH="28"/>
						<String ID="P34_ST00029" HPOS="1051" VPOS="940" WIDTH="144" HEIGHT="47" CONTENT="venir" WC="0.98" CC="70043"/>
						<SP ID="P34_SP00024" HPOS="1195" VPOS="1001" WIDTH="30"/>
						<String ID="P34_ST00030" HPOS="1225" VPOS="954" WIDTH="62" HEIGHT="33" CONTENT="au" WC="1.00" CC="00"/>
						<SP ID="P34_SP00025" HPOS="1287" VPOS="1001" WIDTH="21"/>
						<String ID="P34_ST00031" HPOS="1308" VPOS="940" WIDTH="195" HEIGHT="46" CONTENT="monde" WC="0.98" CC="00772"/>
					</TextLine>
					<TextLine ID="P34_TL00007" HPOS="661" VPOS="1010" WIDTH="989" HEIGHT="63">
						<String ID="P34_ST00032" HPOS="661" VPOS="1012" WIDTH="118" HEIGHT="50" CONTENT="Aux" WC="0.94" CC="474"/>
						<SP ID="P34_SP00026" HPOS="779" VPOS="1062" WIDTH="30"/>
						<String ID="P34_ST00033" HPOS="809" VPOS="1011" WIDTH="253" HEIGHT="62" CONTENT="premiers" WC="0.99" CC="50301050"/>
						<SP ID="P34_SP00027" HPOS="1062" VPOS="1073" WIDTH="34"/>
						<String ID="P34_ST00034" HPOS="1096" VPOS="1012" WIDTH="153" HEIGHT="61" CONTENT="jours" WC="0.95" CC="65399"/>
						<SP ID="P34_SP00028" HPOS="1249" VPOS="1073" WIDTH="28"/>
						<String ID="P34_ST00035" HPOS="1277" VPOS="1012" WIDTH="63" HEIGHT="47" CONTENT="de" WC="0.80" CC="04"/>
						<SP ID="P34_SP00029" HPOS="1340" VPOS="1073" WIDTH="24"/>
						<String ID="P34_ST00036" HPOS="1364" VPOS="1010" WIDTH="257" HEIGHT="51" CONTENT="l'Univers" WC="0.99" CC="500830147"/>
						<SP ID="P34_SP00030" HPOS="1621" VPOS="1073" WIDTH="16"/>
						<String ID="P34_ST00037" HPOS="1637" VPOS="1028" WIDTH="13" HEIGHT="44" CONTENT=";" WC="0.37" CC="6"/>
					</TextLine>
					<TextLine ID="P34_TL00008" HPOS="666" VPOS="1184" WIDTH="969" HEIGHT="58">
						<String ID="P34_ST00038" HPOS="666" VPOS="1184" WIDTH="186" HEIGHT="58" CONTENT="Quand" WC="1.00" CC="10000"/>
						<SP ID="P34_SP00031" HPOS="852" VPOS="1242" WIDTH="35"/>
						<String ID="P34_ST00039" HPOS="887" VPOS="1197" WIDTH="95" HEIGHT="35" CONTENT="sur" WC="0.96" CC="046"/>
						<SP ID="P34_SP00032" HPOS="982" VPOS="1242" WIDTH="33"/>
						<String ID="P34_ST00040" HPOS="1015" VPOS="1198" WIDTH="57" HEIGHT="34" CONTENT="sa" WC="0.71" CC="50"/>
						<SP ID="P34_SP00033" HPOS="1072" VPOS="1242" WIDTH="34"/>
						<String ID="P34_ST00041" HPOS="1106" VPOS="1184" WIDTH="190" HEIGHT="48" CONTENT="beauté" WC="0.99" CC="000640"/>
						<SP ID="P34_SP00034" HPOS="1296" VPOS="1242" WIDTH="28"/>
						<String ID="P34_ST00042" HPOS="1324" VPOS="1184" WIDTH="311" HEIGHT="49" CONTENT="découverte" WC="0.99" CC="0405000630"/>
					</TextLine>
					<TextLine ID="P34_TL00009" HPOS="662" VPOS="1258" WIDTH="846" HEIGHT="60">
						<String ID="P34_ST00043" HPOS="662" VPOS="1258" WIDTH="110" HEIGHT="48" CONTENT="Eve" WC="0.99" CC="002"/>
						<SP ID="P34_SP00035" HPOS="772" VPOS="1306" WIDTH="30"/>
						<String ID="P34_ST00044" HPOS="802" VPOS="1258" WIDTH="292" HEIGHT="60" CONTENT="promenait" WC="0.99" CC="030070006"/>
						<SP ID="P34_SP00036" HPOS="1094" VPOS="1318" WIDTH="30"/>
						<String ID="P34_ST00045" HPOS="1124" VPOS="1271" WIDTH="95" HEIGHT="34" CONTENT="son" WC="0.97" CC="034"/>
						<SP ID="P34_SP00037" HPOS="1219" VPOS="1318" WIDTH="41"/>
						<String ID="P34_ST00046" HPOS="1260" VPOS="1258" WIDTH="85" HEIGHT="47" CONTENT="œil" WC="0.97" CC="303"/>
						<SP ID="P34_SP00038" HPOS="1345" VPOS="1318" WIDTH="24"/>
						<String ID="P34_ST00047" HPOS="1369" VPOS="1258" WIDTH="139" HEIGHT="58" CONTENT="bleu," WC="0.99" CC="05040"/>
					</TextLine>
					<TextLine ID="P34_TL00010" HPOS="664" VPOS="1329" WIDTH="1049" HEIGHT="61">
						<String ID="P34_ST00048" HPOS="664" VPOS="1329" WIDTH="186" HEIGHT="57" CONTENT="Quand" WC="0.99" CC="03040"/>
						<SP ID="P34_SP00039" HPOS="850" VPOS="1386" WIDTH="37"/>
						<String ID="P34_ST00049" HPOS="887" VPOS="1330" WIDTH="48" HEIGHT="46" CONTENT="la" WC="0.65" CC="60"/>
						<SP ID="P34_SP00040" HPOS="935" VPOS="1386" WIDTH="34"/>
						<String ID="P34_ST00050" HPOS="969" VPOS="1332" WIDTH="137" HEIGHT="45" CONTENT="terre" WC="0.98" CC="00770"/>
						<SP ID="P34_SP00041" HPOS="1106" VPOS="1386" WIDTH="35"/>
						<String ID="P34_ST00051" HPOS="1141" VPOS="1330" WIDTH="120" HEIGHT="47" CONTENT="était" WC="0.99" CC="00040"/>
						<SP ID="P34_SP00042" HPOS="1261" VPOS="1386" WIDTH="31"/>
						<String ID="P34_ST00052" HPOS="1292" VPOS="1329" WIDTH="161" HEIGHT="61" CONTENT="jeune" WC="0.98" CC="40600"/>
						<SP ID="P34_SP00043" HPOS="1453" VPOS="1390" WIDTH="22"/>
						<String ID="P34_ST00053" HPOS="1475" VPOS="1331" WIDTH="51" HEIGHT="47" CONTENT="et" WC="0.92" CC="01"/>
						<SP ID="P34_SP00044" HPOS="1526" VPOS="1390" WIDTH="30"/>
						<String ID="P34_ST00054" HPOS="1556" VPOS="1332" WIDTH="157" HEIGHT="56" CONTENT="verte," WC="0.98" CC="023702"/>
					</TextLine>
					<TextLine ID="P34_TL00011" HPOS="664" VPOS="1400" WIDTH="1018" HEIGHT="65">
						<String ID="P34_ST00055" HPOS="664" VPOS="1400" WIDTH="68" HEIGHT="49" CONTENT="Et" WC="1.00" CC="00"/>
						<SP ID="P34_SP00045" HPOS="732" VPOS="1449" WIDTH="25"/>
						<String ID="P34_ST00056" HPOS="757" VPOS="1401" WIDTH="177" HEIGHT="62" CONTENT="quand" WC="0.98" CC="66000"/>
						<SP ID="P34_SP00046" HPOS="934" VPOS="1463" WIDTH="28"/>
						<String ID="P34_ST00057" HPOS="962" VPOS="1400" WIDTH="247" HEIGHT="51" CONTENT="l'homme" WC="0.99" CC="2045000"/>
						<SP ID="P34_SP00047" HPOS="1209" VPOS="1463" WIDTH="33"/>
						<String ID="P34_ST00058" HPOS="1242" VPOS="1401" WIDTH="196" HEIGHT="64" CONTENT="croyait" WC="0.99" CC="0453500"/>
						<SP ID="P34_SP00048" HPOS="1438" VPOS="1465" WIDTH="33"/>
						<String ID="P34_ST00059" HPOS="1471" VPOS="1405" WIDTH="28" HEIGHT="44" CONTENT="à" WC="0.40" CC="5"/>
						<SP ID="P34_SP00049" HPOS="1499" VPOS="1465" WIDTH="27"/>
						<String ID="P34_ST00060" HPOS="1526" VPOS="1402" WIDTH="156" HEIGHT="49" CONTENT="Dieu!" WC="0.96" CC="74365"/>
					</TextLine>
					<TextLine ID="P34_TL00012" HPOS="663" VPOS="1569" WIDTH="904" HEIGHT="64">
						<String ID="P34_ST00061" HPOS="663" VPOS="1569" WIDTH="118" HEIGHT="50" CONTENT="Aux" WC="0.99" CC="001"/>
						<SP ID="P34_SP00050" HPOS="781" VPOS="1619" WIDTH="26"/>
						<String ID="P34_ST00062" HPOS="807" VPOS="1572" WIDTH="212" HEIGHT="47" CONTENT="accents" WC="1.00" CC="0000001"/>
						<SP ID="P34_SP00051" HPOS="1019" VPOS="1619" WIDTH="34"/>
						<String ID="P34_ST00063" HPOS="1053" VPOS="1572" WIDTH="62" HEIGHT="47" CONTENT="de" WC="0.97" CC="00"/>
						<SP ID="P34_SP00052" HPOS="1115" VPOS="1619" WIDTH="26"/>
						<String ID="P34_ST00064" HPOS="1141" VPOS="1571" WIDTH="222" HEIGHT="62" CONTENT="l'hymne" WC="0.99" CC="3064000"/>
						<SP ID="P34_SP00053" HPOS="1363" VPOS="1633" WIDTH="27"/>
						<String ID="P34_ST00065" HPOS="1390" VPOS="1574" WIDTH="177" HEIGHT="45" CONTENT="sacrée" WC="0.99" CC="300700"/>
					</TextLine>
					<TextLine ID="P34_TL00013" HPOS="662" VPOS="1644" WIDTH="1020" HEIGHT="59">
						<String ID="P34_ST00066" HPOS="662" VPOS="1644" WIDTH="112" HEIGHT="57" CONTENT="Que" WC="0.99" CC="010"/>
						<SP ID="P34_SP00054" HPOS="774" VPOS="1701" WIDTH="30"/>
						<String ID="P34_ST00067" HPOS="804" VPOS="1644" WIDTH="226" HEIGHT="49" CONTENT="chantait" WC="0.99" CC="06565010"/>
						<SP ID="P34_SP00055" HPOS="1030" VPOS="1701" WIDTH="35"/>
						<String ID="P34_ST00068" HPOS="1065" VPOS="1658" WIDTH="120" HEIGHT="34" CONTENT="sous" WC="0.98" CC="4030"/>
						<SP ID="P34_SP00056" HPOS="1185" VPOS="1701" WIDTH="24"/>
						<String ID="P34_ST00069" HPOS="1209" VPOS="1645" WIDTH="47" HEIGHT="46" CONTENT="le" WC="0.86" CC="02"/>
						<SP ID="P34_SP00057" HPOS="1256" VPOS="1701" WIDTH="28"/>
						<String ID="P34_ST00070" HPOS="1284" VPOS="1645" WIDTH="167" HEIGHT="58" CONTENT="grand" WC="0.98" CC="70060"/>
						<SP ID="P34_SP00058" HPOS="1451" VPOS="1703" WIDTH="31"/>
						<String ID="P34_ST00071" HPOS="1482" VPOS="1644" WIDTH="98" HEIGHT="48" CONTENT="ciel" WC="1.00" CC="2000"/>
						<SP ID="P34_SP00059" HPOS="1580" VPOS="1703" WIDTH="32"/>
						<String ID="P34_ST00072" HPOS="1612" VPOS="1658" WIDTH="70" HEIGHT="33" CONTENT="nu" WC="0.67" CC="06"/>
					</TextLine>
					<TextLine ID="P34_TL00014" HPOS="661" VPOS="1713" WIDTH="778" HEIGHT="61">
						<String ID="P34_ST00073" HPOS="661" VPOS="1717" WIDTH="167" HEIGHT="49" CONTENT="Toute" WC="0.99" CC="04000"/>
						<SP ID="P34_SP00060" HPOS="828" VPOS="1766" WIDTH="31"/>
						<String ID="P34_ST00074" HPOS="859" VPOS="1716" WIDTH="161" HEIGHT="47" CONTENT="chose" WC="1.00" CC="02000"/>
						<SP ID="P34_SP00061" HPOS="1020" VPOS="1766" WIDTH="32"/>
						<String ID="P34_ST00075" HPOS="1052" VPOS="1717" WIDTH="28" HEIGHT="45" CONTENT="à" WC="0.37" CC="6"/>
						<SP ID="P34_SP00062" HPOS="1080" VPOS="1766" WIDTH="25"/>
						<String ID="P34_ST00076" HPOS="1105" VPOS="1715" WIDTH="151" HEIGHT="59" CONTENT="peine" WC="0.98" CC="02360"/>
						<SP ID="P34_SP00063" HPOS="1256" VPOS="1774" WIDTH="33"/>
						<String ID="P34_ST00077" HPOS="1289" VPOS="1713" WIDTH="150" HEIGHT="49" CONTENT="créée" WC="0.98" CC="05350"/>
					</TextLine>
					<TextLine ID="P34_TL00015" HPOS="661" VPOS="1786" WIDTH="740" HEIGHT="60">
						<String ID="P34_ST00078" HPOS="661" VPOS="1786" WIDTH="48" HEIGHT="52" CONTENT="A" WC="0.47" CC="5"/>
						<SP ID="P34_SP00064" HPOS="709" VPOS="1838" WIDTH="30"/>
						<String ID="P34_ST00079" HPOS="739" VPOS="1801" WIDTH="97" HEIGHT="36" CONTENT="son" WC="0.97" CC="430"/>
						<SP ID="P34_SP00065" HPOS="836" VPOS="1838" WIDTH="42"/>
						<String ID="P34_ST00080" HPOS="878" VPOS="1787" WIDTH="246" HEIGHT="50" CONTENT="Créateur" WC="0.98" CC="37035067"/>
						<SP ID="P34_SP00066" HPOS="1124" VPOS="1838" WIDTH="21"/>
						<String ID="P34_ST00081" HPOS="1145" VPOS="1787" WIDTH="229" HEIGHT="48" CONTENT="inconnu" WC="0.98" CC="5052745"/>
						<SP ID="P34_SP00067" HPOS="1374" VPOS="1838" WIDTH="14"/>
						<String ID="P34_ST00082" HPOS="1388" VPOS="1802" WIDTH="13" HEIGHT="44" CONTENT=";" WC="0.33" CC="6"/>
					</TextLine>
					<TextLine ID="P34_TL00016" HPOS="658" VPOS="1959" WIDTH="961" HEIGHT="62">
						<String ID="P34_ST00083" HPOS="658" VPOS="1959" WIDTH="206" HEIGHT="50" CONTENT="J'eusse" WC="0.99" CC="6006000"/>
						<SP ID="P34_SP00068" HPOS="864" VPOS="2009" WIDTH="32"/>
						<String ID="P34_ST00084" HPOS="896" VPOS="1960" WIDTH="203" HEIGHT="61" CONTENT="espéré," WC="0.99" CC="0502044"/>
						<SP ID="P34_SP00069" HPOS="1099" VPOS="2021" WIDTH="30"/>
						<String ID="P34_ST00085" HPOS="1129" VPOS="1959" WIDTH="183" HEIGHT="61" CONTENT="simple" WC="1.00" CC="000020"/>
						<SP ID="P34_SP00070" HPOS="1312" VPOS="2021" WIDTH="24"/>
						<String ID="P34_ST00086" HPOS="1336" VPOS="1959" WIDTH="51" HEIGHT="48" CONTENT="et" WC="0.91" CC="10"/>
						<SP ID="P34_SP00071" HPOS="1387" VPOS="2021" WIDTH="31"/>
						<String ID="P34_ST00087" HPOS="1418" VPOS="1959" WIDTH="167" HEIGHT="48" CONTENT="docile" WC="0.99" CC="021003"/>
						<SP ID="P34_SP00072" HPOS="1585" VPOS="2021" WIDTH="26"/>
						<String ID="P34_ST00088" HPOS="1611" VPOS="1960" WIDTH="8" HEIGHT="47" CONTENT="!" WC="1.00" CC="0"/>
					</TextLine>
					<TextLine ID="P34_TL00017" HPOS="661" VPOS="2032" WIDTH="824" HEIGHT="60">
						<String ID="P34_ST00089" HPOS="661" VPOS="2033" WIDTH="118" HEIGHT="58" CONTENT="Car," WC="0.98" CC="0063"/>
						<SP ID="P34_SP00073" HPOS="779" VPOS="2091" WIDTH="38"/>
						<String ID="P34_ST00090" HPOS="817" VPOS="2045" WIDTH="63" HEIGHT="35" CONTENT="en" WC="0.72" CC="05"/>
						<SP ID="P34_SP00074" HPOS="880" VPOS="2091" WIDTH="33"/>
						<String ID="P34_ST00091" HPOS="913" VPOS="2046" WIDTH="87" HEIGHT="33" CONTENT="ces" WC="1.00" CC="000"/>
						<SP ID="P34_SP00075" HPOS="1000" VPOS="2091" WIDTH="31"/>
						<String ID="P34_ST00092" HPOS="1031" VPOS="2033" WIDTH="169" HEIGHT="59" CONTENT="temps" WC="1.00" CC="00000"/>
						<SP ID="P34_SP00076" HPOS="1200" VPOS="2092" WIDTH="35"/>
						<String ID="P34_ST00093" HPOS="1235" VPOS="2032" WIDTH="250" HEIGHT="47" CONTENT="évanouis" WC="0.99" CC="00003540"/>
					</TextLine>
					<TextLine ID="P34_TL00018" HPOS="659" VPOS="2102" WIDTH="816" HEIGHT="62">
						<String ID="P34_ST00094" HPOS="659" VPOS="2103" WIDTH="179" HEIGHT="50" CONTENT="Croire" WC="0.97" CC="762460"/>
						<SP ID="P34_SP00077" HPOS="838" VPOS="2153" WIDTH="33"/>
						<String ID="P34_ST00095" HPOS="871" VPOS="2102" WIDTH="173" HEIGHT="50" CONTENT="n'était" WC="0.99" CC="0016050"/>
						<SP ID="P34_SP00078" HPOS="1044" VPOS="2153" WIDTH="29"/>
						<String ID="P34_ST00096" HPOS="1073" VPOS="2117" WIDTH="93" HEIGHT="47" CONTENT="pas" WC="0.98" CC="004"/>
						<SP ID="P34_SP00079" HPOS="1166" VPOS="2164" WIDTH="38"/>
						<String ID="P34_ST00097" HPOS="1204" VPOS="2102" WIDTH="271" HEIGHT="50" CONTENT="difficile..." WC="0.99" CC="060640600430"/>
					</TextLine>
					<TextLine ID="P34_TL00019" HPOS="661" VPOS="2174" WIDTH="978" HEIGHT="64">
						<String ID="P34_ST00098" HPOS="661" VPOS="2177" WIDTH="137" HEIGHT="50" CONTENT="Mais" WC="0.99" CC="0060"/>
						<SP ID="P34_SP00080" HPOS="798" VPOS="2227" WIDTH="34"/>
						<String ID="P34_ST00099" HPOS="832" VPOS="2177" WIDTH="48" HEIGHT="47" CONTENT="le" WC="1.00" CC="00"/>
						<SP ID="P34_SP00081" HPOS="880" VPOS="2227" WIDTH="32"/>
						<String ID="P34_ST00100" HPOS="912" VPOS="2177" WIDTH="193" HEIGHT="48" CONTENT="monde" WC="1.00" CC="00000"/>
						<SP ID="P34_SP00082" HPOS="1105" VPOS="2227" WIDTH="36"/>
						<String ID="P34_ST00101" HPOS="1141" VPOS="2190" WIDTH="26" HEIGHT="33" CONTENT="a" WC="1.00" CC="0"/>
						<SP ID="P34_SP00083" HPOS="1167" VPOS="2227" WIDTH="33"/>
						<String ID="P34_ST00102" HPOS="1200" VPOS="2174" WIDTH="201" HEIGHT="60" CONTENT="changé" WC="0.99" CC="200091"/>
						<SP ID="P34_SP00084" HPOS="1401" VPOS="2234" WIDTH="34"/>
						<String ID="P34_ST00103" HPOS="1435" VPOS="2177" WIDTH="204" HEIGHT="61" CONTENT="depuis." WC="0.99" CC="0004044"/>
					</TextLine>
					<TextLine ID="P34_TL00020" HPOS="662" VPOS="2347" WIDTH="1036" HEIGHT="62">
						<String ID="P34_ST00104" HPOS="662" VPOS="2347" WIDTH="368" HEIGHT="62" CONTENT="Aujourd'hui," WC="0.99" CC="603079030510"/>
						<SP ID="P34_SP00085" HPOS="1030" VPOS="2409" WIDTH="35"/>
						<String ID="P34_ST00105" HPOS="1065" VPOS="2362" WIDTH="134" HEIGHT="33" CONTENT="nous" WC="1.00" CC="0000"/>
						<SP ID="P34_SP00086" HPOS="1199" VPOS="2409" WIDTH="29"/>
						<String ID="P34_ST00106" HPOS="1228" VPOS="2347" WIDTH="212" HEIGHT="48" CONTENT="n'avons" WC="1.00" CC="4000000"/>
						<SP ID="P34_SP00087" HPOS="1440" VPOS="2409" WIDTH="33"/>
						<String ID="P34_ST00107" HPOS="1473" VPOS="2350" WIDTH="28" HEIGHT="45" CONTENT="à" WC="0.24" CC="7"/>
						<SP ID="P34_SP00088" HPOS="1501" VPOS="2409" WIDTH="28"/>
						<String ID="P34_ST00108" HPOS="1529" VPOS="2347" WIDTH="169" HEIGHT="47" CONTENT="suivre" WC="0.98" CC="066660"/>
					</TextLine>
					<TextLine ID="P34_TL00021" HPOS="664" VPOS="2420" WIDTH="940" HEIGHT="61">
						<String ID="P34_ST00109" HPOS="664" VPOS="2421" WIDTH="169" HEIGHT="58" CONTENT="Qu'un" WC="0.98" CC="03406"/>
						<SP ID="P34_SP00089" HPOS="833" VPOS="2479" WIDTH="27"/>
						<String ID="P34_ST00110" HPOS="860" VPOS="2421" WIDTH="205" HEIGHT="48" CONTENT="chemin" WC="0.99" CC="020056"/>
						<SP ID="P34_SP00090" HPOS="1065" VPOS="2479" WIDTH="35"/>
						<String ID="P34_ST00111" HPOS="1100" VPOS="2420" WIDTH="114" HEIGHT="48" CONTENT="hier" WC="0.98" CC="0305"/>
						<SP ID="P34_SP00091" HPOS="1214" VPOS="2479" WIDTH="30"/>
						<String ID="P34_ST00112" HPOS="1244" VPOS="2421" WIDTH="116" HEIGHT="60" CONTENT="déjà" WC="0.98" CC="0407"/>
						<SP ID="P34_SP00092" HPOS="1360" VPOS="2481" WIDTH="30"/>
						<String ID="P34_ST00113" HPOS="1390" VPOS="2420" WIDTH="214" HEIGHT="49" CONTENT="battu..." WC="0.98" CC="70177423"/>
					</TextLine>
					<TextLine ID="P34_TL00022" HPOS="661" VPOS="2491" WIDTH="1223" HEIGHT="59">
						<String ID="P34_ST00114" HPOS="661" VPOS="2492" WIDTH="292" HEIGHT="58" CONTENT="Qu'est-ce," WC="0.99" CC="0720064402"/>
						<SP ID="P34_SP00093" HPOS="953" VPOS="2550" WIDTH="26"/>
						<String ID="P34_ST00115" HPOS="979" VPOS="2491" WIDTH="150" HEIGHT="48" CONTENT="hélas" WC="0.98" CC="70007"/>
						<SP ID="P34_SP00094" HPOS="1129" VPOS="2550" WIDTH="19"/>
						<String ID="P34_ST00116" HPOS="1148" VPOS="2493" WIDTH="10" HEIGHT="46" CONTENT="!" WC="0.47" CC="5"/>
						<SP ID="P34_SP00095" HPOS="1158" VPOS="2550" WIDTH="34"/>
						<String ID="P34_ST00117" HPOS="1192" VPOS="2492" WIDTH="340" HEIGHT="58" CONTENT="maintenant," WC="0.99" CC="20556010504"/>
						<SP ID="P34_SP00096" HPOS="1532" VPOS="2550" WIDTH="37"/>
						<String ID="P34_ST00118" HPOS="1569" VPOS="2503" WIDTH="97" HEIGHT="47" CONTENT="que" WC="0.95" CC="770"/>
						<SP ID="P34_SP00097" HPOS="1666" VPOS="2550" WIDTH="42"/>
						<String ID="P34_ST00119" HPOS="1708" VPOS="2491" WIDTH="176" HEIGHT="49" CONTENT="vivre?" WC="1.00" CC="000010"/>
					</TextLine>
					<TextLine ID="P34_TL00023" HPOS="751" VPOS="2564" WIDTH="766" HEIGHT="61">
						<String ID="P34_ST00120" HPOS="751" VPOS="2564" WIDTH="67" HEIGHT="50" CONTENT="Se" WC="0.67" CC="60"/>
						<SP ID="P34_SP00098" HPOS="818" VPOS="2614" WIDTH="33"/>
						<String ID="P34_ST00121" HPOS="851" VPOS="2564" WIDTH="247" HEIGHT="50" CONTENT="souvenir" WC="0.99" CC="50002609"/>
						<SP ID="P34_SP00099" HPOS="1098" VPOS="2614" WIDTH="29"/>
						<String ID="P34_ST00122" HPOS="1127" VPOS="2564" WIDTH="156" HEIGHT="61" CONTENT="qu'on" WC="0.98" CC="07450"/>
						<SP ID="P34_SP00100" HPOS="1283" VPOS="2625" WIDTH="25"/>
						<String ID="P34_ST00123" HPOS="1308" VPOS="2578" WIDTH="28" HEIGHT="33" CONTENT="a" WC="1.00" CC="0"/>
						<SP ID="P34_SP00101" HPOS="1336" VPOS="2625" WIDTH="35"/>
						<String ID="P34_ST00124" HPOS="1371" VPOS="2566" WIDTH="146" HEIGHT="47" CONTENT="vécu." WC="0.99" CC="01223"/>
						<SP ID="P34_SP00102" HPOS="1517" VPOS="2625" WIDTH="0"/>
					</TextLine>
					<TextLine ID="P34_TL00024" HPOS="460" VPOS="2787" WIDTH="1865" HEIGHT="81">
						<String ID="P34_ST00125" HPOS="460" VPOS="2792" WIDTH="91" HEIGHT="59" CONTENT="La" WC="0.77" CC="40" STYLEREFS="TXT_0"/>
						<SP ID="P34_SP00103" HPOS="551" VPOS="2851" WIDTH="30"/>
						<String ID="P34_ST00126" HPOS="581" VPOS="2789" WIDTH="323" HEIGHT="79" CONTENT="nostalgie" WC="0.99" CC="200012900" STYLEREFS="TXT_0"/>
						<SP ID="P34_SP00104" HPOS="904" VPOS="2868" WIDTH="37"/>
						<String ID="P34_ST00127" HPOS="941" VPOS="2788" WIDTH="87" HEIGHT="61" CONTENT="du" WC="0.57" CC="62" STYLEREFS="TXT_0"/>
						<SP ID="P34_SP00105" HPOS="1028" VPOS="2868" WIDTH="30"/>
						<String ID="P34_ST00128" HPOS="1058" VPOS="2789" WIDTH="125" HEIGHT="60" CONTENT="ciel" WC="0.98" CC="7002" STYLEREFS="TXT_0"/>
						<SP ID="P34_SP00106" HPOS="1183" VPOS="2868" WIDTH="31"/>
						<String ID="P34_ST00129" HPOS="1214" VPOS="2787" WIDTH="284" HEIGHT="62" CONTENT="s'atteste" WC="1.00" CC="040060000" STYLEREFS="TXT_0"/>
						<SP ID="P34_SP00107" HPOS="1498" VPOS="2868" WIDTH="30"/>
						<String ID="P34_ST00130" HPOS="1528" VPOS="2807" WIDTH="79" HEIGHT="43" CONTENT="en" WC="0.65" CC="32" STYLEREFS="TXT_0"/>
						<SP ID="P34_SP00108" HPOS="1607" VPOS="2868" WIDTH="25"/>
						<String ID="P34_ST00131" HPOS="1632" VPOS="2807" WIDTH="103" HEIGHT="43" CONTENT="ces" WC="1.00" CC="000" STYLEREFS="TXT_0"/>
						<SP ID="P34_SP00109" HPOS="1735" VPOS="2868" WIDTH="29"/>
						<String ID="P34_ST00132" HPOS="1764" VPOS="2790" WIDTH="214" HEIGHT="61" CONTENT="beaux" WC="0.98" CC="70120" STYLEREFS="TXT_0"/>
						<SP ID="P34_SP00110" HPOS="1978" VPOS="2868" WIDTH="19"/>
						<String ID="P34_ST00133" HPOS="1997" VPOS="2809" WIDTH="144" HEIGHT="44" CONTENT="vers" WC="0.97" CC="5450" STYLEREFS="TXT_0"/>
						<SP ID="P34_SP00111" HPOS="2141" VPOS="2868" WIDTH="32"/>
						<String ID="P34_ST00134" HPOS="2173" VPOS="2792" WIDTH="152" HEIGHT="62" CONTENT="d'un" WC="0.97" CC="0059" STYLEREFS="TXT_0"/>
					</TextLine>
					<TextLine ID="P34_TL00025" HPOS="380" VPOS="2878" WIDTH="1477" HEIGHT="84">
						<String ID="P34_ST00135" HPOS="380" VPOS="2881" WIDTH="258" HEIGHT="81" CONTENT="rythme" WC="0.99" CC="040600" STYLEREFS="TXT_0"/>
						<SP ID="P34_SP00112" HPOS="638" VPOS="2962" WIDTH="28"/>
						<String ID="P34_ST00136" HPOS="666" VPOS="2879" WIDTH="141" HEIGHT="61" CONTENT="lent" WC="0.99" CC="3000" STYLEREFS="TXT_0"/>
						<SP ID="P34_SP00113" HPOS="807" VPOS="2962" WIDTH="31"/>
						<String ID="P34_ST00137" HPOS="838" VPOS="2882" WIDTH="61" HEIGHT="58" CONTENT="et" WC="0.67" CC="60" STYLEREFS="TXT_0"/>
						<SP ID="P34_SP00114" HPOS="899" VPOS="2962" WIDTH="30"/>
						<String ID="P34_ST00138" HPOS="929" VPOS="2897" WIDTH="345" HEIGHT="62" CONTENT="paresseux" WC="0.99" CC="686020250" STYLEREFS="TXT_0"/>
						<SP ID="P34_SP00115" HPOS="1274" VPOS="2962" WIDTH="29"/>
						<String ID="P34_ST00139" HPOS="1303" VPOS="2900" WIDTH="13" HEIGHT="38" CONTENT=":" WC="1.00" CC="0" STYLEREFS="TXT_0"/>
						<SP ID="P34_SP00116" HPOS="1316" VPOS="2962" WIDTH="38"/>
						<String ID="P34_ST00140" HPOS="1354" VPOS="2878" WIDTH="128" HEIGHT="61" CONTENT="Sur" WC="0.98" CC="400" STYLEREFS="TXT_2"/>
						<SP ID="P34_SP00117" HPOS="1482" VPOS="2962" WIDTH="35"/>
						<String ID="P34_ST00141" HPOS="1517" VPOS="2900" WIDTH="80" HEIGHT="39" CONTENT="un" WC="0.42" CC="55" STYLEREFS="TXT_2"/>
						<SP ID="P34_SP00118" HPOS="1597" VPOS="2962" WIDTH="22"/>
						<String ID="P34_ST00142" HPOS="1619" VPOS="2879" WIDTH="238" HEIGHT="64" CONTENT="rocher." WC="0.98" CC="0656416" STYLEREFS="TXT_2"/>
					</TextLine>
					<TextLine ID="P34_TL00026" HPOS="535" VPOS="3066" WIDTH="1344" HEIGHT="63">
						<String ID="P34_ST00143" HPOS="535" VPOS="3066" WIDTH="287" HEIGHT="63" CONTENT="Spiendide" WC="0.82" CC="607000001"/>
						<SP ID="P34_SP00119" HPOS="822" VPOS="3129" WIDTH="33"/>
						<String ID="P34_ST00144" HPOS="855" VPOS="3067" WIDTH="122" HEIGHT="49" CONTENT="était" WC="1.00" CC="20010"/>
						<SP ID="P34_SP00120" HPOS="977" VPOS="3129" WIDTH="28"/>
						<String ID="P34_ST00145" HPOS="1005" VPOS="3066" WIDTH="49" HEIGHT="47" CONTENT="la" WC="0.47" CC="64"/>
						<SP ID="P34_SP00121" HPOS="1054" VPOS="3129" WIDTH="28"/>
						<String ID="P34_ST00146" HPOS="1082" VPOS="3066" WIDTH="112" HEIGHT="47" CONTENT="nuit" WC="0.98" CC="0046"/>
						<SP ID="P34_SP00122" HPOS="1194" VPOS="3129" WIDTH="20"/>
						<String ID="P34_ST00147" HPOS="1214" VPOS="3081" WIDTH="12" HEIGHT="42" CONTENT=";" WC="0.41" CC="5"/>
						<SP ID="P34_SP00123" HPOS="1226" VPOS="3129" WIDTH="32"/>
						<String ID="P34_ST00148" HPOS="1258" VPOS="3066" WIDTH="76" HEIGHT="50" CONTENT="les" WC="0.96" CC="055"/>
						<SP ID="P34_SP00124" HPOS="1334" VPOS="3129" WIDTH="31"/>
						<String ID="P34_ST00149" HPOS="1365" VPOS="3066" WIDTH="176" HEIGHT="50" CONTENT="reflets" WC="0.99" CC="0200402"/>
						<SP ID="P34_SP00125" HPOS="1541" VPOS="3129" WIDTH="33"/>
						<String ID="P34_ST00150" HPOS="1574" VPOS="3069" WIDTH="94" HEIGHT="48" CONTENT="des" WC="0.97" CC="043"/>
						<SP ID="P34_SP00126" HPOS="1668" VPOS="3129" WIDTH="26"/>
						<String ID="P34_ST00151" HPOS="1694" VPOS="3067" WIDTH="185" HEIGHT="50" CONTENT="étoiles" WC="0.99" CC="0500623"/>
					</TextLine>
					<TextLine ID="P34_TL00027" HPOS="534" VPOS="3137" WIDTH="1390" HEIGHT="62">
						<String ID="P34_ST00152" HPOS="534" VPOS="3141" WIDTH="68" HEIGHT="49" CONTENT="Se" WC="0.68" CC="60"/>
						<SP ID="P34_SP00127" HPOS="602" VPOS="3190" WIDTH="26"/>
						<String ID="P34_ST00153" HPOS="628" VPOS="3140" WIDTH="257" HEIGHT="49" CONTENT="roulaient" WC="0.99" CC="555000043"/>
						<SP ID="P34_SP00128" HPOS="885" VPOS="3190" WIDTH="32"/>
						<String ID="P34_ST00154" HPOS="917" VPOS="3141" WIDTH="128" HEIGHT="46" CONTENT="dans" WC="1.00" CC="0002"/>
						<SP ID="P34_SP00129" HPOS="1045" VPOS="3190" WIDTH="30"/>
						<String ID="P34_ST00155" HPOS="1075" VPOS="3138" WIDTH="75" HEIGHT="49" CONTENT="les" WC="0.94" CC="465"/>
						<SP ID="P34_SP00130" HPOS="1150" VPOS="3190" WIDTH="42"/>
						<String ID="P34_ST00156" HPOS="1192" VPOS="3137" WIDTH="132" HEIGHT="60" CONTENT="flots," WC="1.00" CC="001000"/>
						<SP ID="P34_SP00131" HPOS="1324" VPOS="3197" WIDTH="35"/>
						<String ID="P34_ST00157" HPOS="1359" VPOS="3142" WIDTH="50" HEIGHT="46" CONTENT="et" WC="0.71" CC="05"/>
						<SP ID="P34_SP00132" HPOS="1409" VPOS="3197" WIDTH="30"/>
						<String ID="P34_ST00158" HPOS="1439" VPOS="3140" WIDTH="75" HEIGHT="48" CONTENT="les" WC="0.96" CC="243"/>
						<SP ID="P34_SP00133" HPOS="1514" VPOS="3197" WIDTH="25"/>
						<String ID="P34_ST00159" HPOS="1539" VPOS="3140" WIDTH="119" HEIGHT="49" CONTENT="flots" WC="0.99" CC="00400"/>
						<SP ID="P34_SP00134" HPOS="1658" VPOS="3197" WIDTH="26"/>
						<String ID="P34_ST00160" HPOS="1684" VPOS="3141" WIDTH="240" HEIGHT="58" CONTENT="alanguis" WC="0.59" CC="00309566"/>
					</TextLine>
					<TextLine ID="P34_TL00028" HPOS="534" VPOS="3211" WIDTH="1492" HEIGHT="66">
						<String ID="P34_ST00161" HPOS="534" VPOS="3212" WIDTH="340" HEIGHT="62" CONTENT="Balançaient" WC="0.99" CC="30207108000"/>
						<SP ID="P34_SP00135" HPOS="874" VPOS="3274" WIDTH="28"/>
						<String ID="P34_ST00162" HPOS="902" VPOS="3212" WIDTH="307" HEIGHT="48" CONTENT="mollement" WC="1.00" CC="000321000"/>
						<SP ID="P34_SP00136" HPOS="1209" VPOS="3274" WIDTH="17"/>
						<String ID="P34_ST00163" HPOS="1226" VPOS="3225" WIDTH="63" HEIGHT="34" CONTENT="au" WC="0.92" CC="01"/>
						<SP ID="P34_SP00137" HPOS="1289" VPOS="3274" WIDTH="31"/>
						<String ID="P34_ST00164" HPOS="1320" VPOS="3211" WIDTH="106" HEIGHT="49" CONTENT="loin" WC="0.96" CC="4067"/>
						<SP ID="P34_SP00138" HPOS="1426" VPOS="3274" WIDTH="28"/>
						<String ID="P34_ST00165" HPOS="1454" VPOS="3212" WIDTH="77" HEIGHT="48" CONTENT="les" WC="0.96" CC="045"/>
						<SP ID="P34_SP00139" HPOS="1531" VPOS="3274" WIDTH="30"/>
						<String ID="P34_ST00166" HPOS="1561" VPOS="3212" WIDTH="252" HEIGHT="51" CONTENT="blanches" WC="0.99" CC="70100404"/>
						<SP ID="P34_SP00140" HPOS="1813" VPOS="3274" WIDTH="31"/>
						<String ID="P34_ST00167" HPOS="1844" VPOS="3215" WIDTH="182" HEIGHT="62" CONTENT="voiles," WC="1.00" CC="0100070"/>
					</TextLine>
					<TextLine ID="P34_TL00029" HPOS="535" VPOS="3284" WIDTH="1302" HEIGHT="64">
						<String ID="P34_ST00168" HPOS="535" VPOS="3284" WIDTH="215" HEIGHT="53" CONTENT="Gomme" WC="0.99" CC="23100"/>
						<SP ID="P34_SP00141" HPOS="750" VPOS="3337" WIDTH="29"/>
						<String ID="P34_ST00169" HPOS="779" VPOS="3287" WIDTH="92" HEIGHT="47" CONTENT="des" WC="0.98" CC="005"/>
						<SP ID="P34_SP00142" HPOS="871" VPOS="3337" WIDTH="28"/>
						<String ID="P34_ST00170" HPOS="899" VPOS="3286" WIDTH="252" HEIGHT="62" CONTENT="goélands" WC="0.99" CC="73000003"/>
						<SP ID="P34_SP00143" HPOS="1151" VPOS="3348" WIDTH="33"/>
						<String ID="P34_ST00171" HPOS="1184" VPOS="3300" WIDTH="89" HEIGHT="33" CONTENT="sur" WC="0.94" CC="555"/>
						<SP ID="P34_SP00144" HPOS="1273" VPOS="3348" WIDTH="26"/>
						<String ID="P34_ST00172" HPOS="1299" VPOS="3286" WIDTH="51" HEIGHT="45" CONTENT="la" WC="0.48" CC="18"/>
						<SP ID="P34_SP00145" HPOS="1350" VPOS="3348" WIDTH="24"/>
						<String ID="P34_ST00173" HPOS="1374" VPOS="3284" WIDTH="139" HEIGHT="50" CONTENT="brise" WC="0.99" CC="30050"/>
						<SP ID="P34_SP00146" HPOS="1513" VPOS="3348" WIDTH="34"/>
						<String ID="P34_ST00174" HPOS="1547" VPOS="3287" WIDTH="290" HEIGHT="48" CONTENT="endormis." WC="0.99" CC="070062004"/>
					</TextLine>
					<TextLine ID="P34_TL00030" HPOS="535" VPOS="3358" WIDTH="1325" HEIGHT="62">
						<String ID="P34_ST00175" HPOS="535" VPOS="3358" WIDTH="204" HEIGHT="51" CONTENT="L'astre" WC="0.98" CC="4404054"/>
						<SP ID="P34_SP00147" HPOS="739" VPOS="3409" WIDTH="28"/>
						<String ID="P34_ST00176" HPOS="767" VPOS="3359" WIDTH="66" HEIGHT="47" CONTENT="du" WC="1.00" CC="00"/>
						<SP ID="P34_SP00148" HPOS="833" VPOS="3409" WIDTH="26"/>
						<String ID="P34_ST00177" HPOS="859" VPOS="3358" WIDTH="105" HEIGHT="48" CONTENT="soir" WC="0.96" CC="0477"/>
						<SP ID="P34_SP00149" HPOS="964" VPOS="3409" WIDTH="28"/>
						<String ID="P34_ST00178" HPOS="992" VPOS="3358" WIDTH="192" HEIGHT="60" CONTENT="voilait," WC="0.99" CC="04033504"/>
						<SP ID="P34_SP00150" HPOS="1184" VPOS="3418" WIDTH="29"/>
						<String ID="P34_ST00179" HPOS="1213" VPOS="3372" WIDTH="122" HEIGHT="33" CONTENT="sous" WC="1.00" CC="1000"/>
						<SP ID="P34_SP00151" HPOS="1335" VPOS="3418" WIDTH="34"/>
						<String ID="P34_ST00180" HPOS="1369" VPOS="3358" WIDTH="64" HEIGHT="47" CONTENT="de" WC="1.00" CC="00"/>
						<SP ID="P34_SP00152" HPOS="1433" VPOS="3418" WIDTH="25"/>
						<String ID="P34_ST00181" HPOS="1458" VPOS="3358" WIDTH="146" HEIGHT="61" CONTENT="pâles" WC="0.98" CC="02605"/>
						<SP ID="P34_SP00153" HPOS="1604" VPOS="3419" WIDTH="36"/>
						<String ID="P34_ST00182" HPOS="1640" VPOS="3372" WIDTH="220" HEIGHT="48" CONTENT="nuages," WC="0.99" CC="0000063"/>
					</TextLine>
					<TextLine ID="P34_TL00031" HPOS="535" VPOS="3429" WIDTH="1323" HEIGHT="65">
						<String ID="P34_ST00183" HPOS="535" VPOS="3430" WIDTH="103" HEIGHT="50" CONTENT="Les" WC="0.97" CC="206"/>
						<SP ID="P34_SP00154" HPOS="638" VPOS="3480" WIDTH="29"/>
						<String ID="P34_ST00184" HPOS="667" VPOS="3444" WIDTH="189" HEIGHT="50" CONTENT="rayons" WC="0.99" CC="000342"/>
						<SP ID="P34_SP00155" HPOS="856" VPOS="3494" WIDTH="31"/>
						<String ID="P34_ST00185" HPOS="887" VPOS="3430" WIDTH="213" HEIGHT="49" CONTENT="tamisés" WC="0.99" CC="0025424"/>
						<SP ID="P34_SP00156" HPOS="1100" VPOS="3494" WIDTH="34"/>
						<String ID="P34_ST00186" HPOS="1134" VPOS="3432" WIDTH="64" HEIGHT="45" CONTENT="de" WC="0.84" CC="03"/>
						<SP ID="P34_SP00157" HPOS="1198" VPOS="3494" WIDTH="46"/>
						<String ID="P34_ST00187" HPOS="1244" VPOS="3443" WIDTH="82" HEIGHT="34" CONTENT="ses" WC="0.99" CC="020"/>
						<SP ID="P34_SP00158" HPOS="1326" VPOS="3494" WIDTH="26"/>
						<String ID="P34_ST00188" HPOS="1352" VPOS="3430" WIDTH="208" HEIGHT="49" CONTENT="ombres" WC="0.99" CC="107501"/>
						<SP ID="P34_SP00159" HPOS="1560" VPOS="3494" WIDTH="32"/>
						<String ID="P34_ST00189" HPOS="1592" VPOS="3429" WIDTH="229" HEIGHT="64" CONTENT="d'argent" WC="1.00" CC="04040000"/>
						<SP ID="P34_SP00160" HPOS="1821" VPOS="3494" WIDTH="26"/>
						<String ID="P34_ST00190" HPOS="1847" VPOS="3448" WIDTH="11" HEIGHT="45" CONTENT=";" WC="0.42" CC="5"/>
					</TextLine>
					<TextLine ID="P34_TL00032" HPOS="537" VPOS="3503" WIDTH="1599" HEIGHT="67">
						<String ID="P34_ST00191" HPOS="537" VPOS="3503" WIDTH="74" HEIGHT="49" CONTENT="La" WC="1.00" CC="00"/>
						<SP ID="P34_SP00161" HPOS="611" VPOS="3552" WIDTH="27"/>
						<String ID="P34_ST00192" HPOS="638" VPOS="3503" WIDTH="233" HEIGHT="51" CONTENT="chanson" WC="0.99" CC="4050400"/>
						<SP ID="P34_SP00162" HPOS="871" VPOS="3554" WIDTH="32"/>
						<String ID="P34_ST00193" HPOS="903" VPOS="3504" WIDTH="93" HEIGHT="48" CONTENT="des" WC="0.99" CC="003"/>
						<SP ID="P34_SP00163" HPOS="996" VPOS="3554" WIDTH="30"/>
						<String ID="P34_ST00194" HPOS="1026" VPOS="3503" WIDTH="277" HEIGHT="61" CONTENT="pêcheurs," WC="0.99" CC="050007962"/>
						<SP ID="P34_SP00164" HPOS="1303" VPOS="3564" WIDTH="37"/>
						<String ID="P34_ST00195" HPOS="1340" VPOS="3504" WIDTH="88" HEIGHT="61" CONTENT="qui" WC="1.00" CC="000"/>
						<SP ID="P34_SP00165" HPOS="1428" VPOS="3565" WIDTH="28"/>
						<String ID="P34_ST00196" HPOS="1456" VPOS="3518" WIDTH="134" HEIGHT="33" CONTENT="nous" WC="1.00" CC="0001"/>
						<SP ID="P34_SP00166" HPOS="1590" VPOS="3565" WIDTH="32"/>
						<String ID="P34_ST00197" HPOS="1622" VPOS="3507" WIDTH="173" HEIGHT="47" CONTENT="venait" WC="0.99" CC="007030"/>
						<SP ID="P34_SP00167" HPOS="1795" VPOS="3565" WIDTH="25"/>
						<String ID="P34_ST00198" HPOS="1820" VPOS="3507" WIDTH="93" HEIGHT="48" CONTENT="des" WC="0.98" CC="005"/>
						<SP ID="P34_SP00168" HPOS="1913" VPOS="3565" WIDTH="25"/>
						<String ID="P34_ST00199" HPOS="1938" VPOS="3508" WIDTH="198" HEIGHT="62" CONTENT="plages," WC="0.99" CC="9000074"/>
					</TextLine>
					<TextLine ID="P34_TL00033" HPOS="539" VPOS="3574" WIDTH="1360" HEIGHT="65">
						<String ID="P34_ST00200" HPOS="539" VPOS="3575" WIDTH="103" HEIGHT="51" CONTENT="Sur" WC="0.93" CC="666"/>
						<SP ID="P34_SP00169" HPOS="642" VPOS="3626" WIDTH="22"/>
						<String ID="P34_ST00201" HPOS="664" VPOS="3577" WIDTH="50" HEIGHT="48" CONTENT="la" WC="0.78" CC="12"/>
						<SP ID="P34_SP00170" HPOS="714" VPOS="3626" WIDTH="32"/>
						<String ID="P34_ST00202" HPOS="746" VPOS="3591" WIDTH="164" HEIGHT="46" CONTENT="vague" WC="0.99" CC="01040"/>
						<SP ID="P34_SP00171" HPOS="910" VPOS="3637" WIDTH="31"/>
						<String ID="P34_ST00203" HPOS="941" VPOS="3575" WIDTH="306" HEIGHT="50" CONTENT="charmante" WC="0.98" CC="468490700"/>
						<SP ID="P34_SP00172" HPOS="1247" VPOS="3637" WIDTH="27"/>
						<String ID="P34_ST00204" HPOS="1274" VPOS="3574" WIDTH="232" HEIGHT="51" CONTENT="ondulait" WC="0.99" CC="38010740"/>
						<SP ID="P34_SP00173" HPOS="1506" VPOS="3637" WIDTH="28"/>
						<String ID="P34_ST00205" HPOS="1534" VPOS="3589" WIDTH="64" HEIGHT="36" CONTENT="en" WC="0.64" CC="07"/>
						<SP ID="P34_SP00174" HPOS="1598" VPOS="3637" WIDTH="32"/>
						<String ID="P34_ST00206" HPOS="1630" VPOS="3582" WIDTH="269" HEIGHT="57" CONTENT="mourant;" WC="0.99" CC="00660606"/>
					</TextLine>
				</TextBlock>
			</PrintSpace>
		</Page>
	</Layout>
</alto>
