2498 3984
1191 390 111 57 507

298 568 84 48 LE
420 564 260 64 PRINCE,
716 581 86 33 sur
853 581 94 34 son
987 565 144 49 séant
1168 569 126 46 dans
1328 568 47 47 le
1406 567 54 48 lit
1496 567 101 47 crie
1648 581 95 33 aux
1776 567 149 47 Trois
1959 565 242 60 Princes,

851 651 120 34 avec
1007 651 98 34 une
1140 638 164 48 ironie
1340 638 237 48 macabre
1616 651 11 33 :

376 757 165 59 Cocu
572 755 77 61 de
678 756 329 58 soi-même
1030 756 11 57 !

603 940 124 51 LES
762 940 214 48 AÏEUX
1009 939 127 49 DES
1171 939 461 60 TAPISSERIES,
1665 939 203 48 riotant.

379 1057 94 58 Ah
496 1059 12 58 I
539 1058 84 59 ah
640 1058 10 57 !
689 1059 83 56 ah
791 1058 91 60 !...

693 1242 127 49 LES
856 1241 200 50 TROIS
1093 1240 308 59 PRINCES,
1439 1242 323 56 grotesques.

379 1360 166 77 Sang
575 1360 58 59 et
677 1359 195 57 mort!

1315 1460 68 48 Ils
1416 1458 239 49 écument
1690 1460 50 47 et
1775 1471 54 34 se
1865 1457 205 47 défient.

635 1620 84 48 LE
757 1620 268 58 PRINCE,
1061 1618 77 49 les
1167 1620 221 47 excitant
1412 1620 126 47 dans
1567 1632 94 36 son
1695 1617 175 48 délire.

385 1764 226 59 Kss!...

499 1927 124 49 LES
659 1927 203 49 TROIS
898 1926 341 62 AMANTES,
1268 1941 54 34 se
1360 1928 212 47 mettant
1604 1927 59 47 de
1686 1926 47 47 la
1764 1926 176 59 partie.

385 2073 118 57 Kss
522 2074 91 60 !...

367 2176 113 47 Une
509 2177 226 47 collision
768 2181 76 44 est
871 2177 295 46 imminente
1207 2180 144 43 entre
1402 2176 75 47 les
1502 2176 151 47 Trois
1690 2175 234 57 Princes,
1956 2175 143 57 mais,
2135 2187 53 35 se

307 2248 236 59 ravisant,
566 2248 62 47 ils
654 2249 255 47 s'éclatent
943 2249 61 46 de
1033 2248 101 47 rire
1160 2262 63 32 au
1248 2261 111 34 nez.

901 2415 122 49 LES
1061 2412 197 50 TROIS
1294 2412 311 51 PRINCES.

379 2539 87 58 Ne
492 2538 440 61 faisons-nous
961 2557 113 59 pas
1119 2538 235 77 qu'un?

1210 2672 72 47 Le
1309 2671 152 47 chant
1495 2671 91 47 des
1618 2670 246 48 Héritiers
1898 2684 164 35 cesse.

866 2836 124 48 LES
1036 2836 208 50 TROIS
1284 2837 351 49 AMANTES.

383 2952 153 61 Mais
571 2953 193 71 alors,
797 2954 52 59 si
900 2954 90 59 les
1042 2954 177 59 Trois
1275 2956 300 58 Amantes
1633 2959 112 56 ont
1802 2957 405 76 éparsement

310 3043 189 70 trahi,
533 3042 282 77 l'unique
846 3042 226 61 Prince
1105 3041 245 61 n'a-t-il
1376 3061 115 60 pas
1524 3044 353 77 davantage
1910 3046 287 59 trahi?...

735 3218 258 70 GISÈLE,
1031 3244 60 33 au
1125 3230 178 48 Prince
1340 3231 66 46 du
1439 3231 304 60 Printemps.

387 3349 250 57 Devenu
668 3347 226 59 Prince
929 3348 75 58 de
1035 3348 178 69 l'Eté,
1247 3351 71 54 tu
1347 3345 156 61 m'as
1644 3347 52 58 si
1737 3347 312 77 coupable
2086 3366 121 57 que

311 3434 221 77 j'avais
567 3453 87 59 pu
688 3436 132 57 être
956 3439 70 55 tu
1084 3436 154 58 m'as
1290 3434 257 78 jusqu'à
1594 3453 86 41 un
1728 3434 241 59 certain
2028 3436 180 76 point

315 3527 287 74 trompée
626 3541 107 41 sur
753 3523 58 59 le
844 3523 135 60 sein
1013 3525 75 58 de
1124 3523 280 65 Viviane.
