3172 4572
2449 435 121 51 1133

1027 450 205 51 Gustav
1262 445 251 63 Meyrinfc,
1548 445 117 52 Der
1697 443 178 51 GoCem

339 671 75 64 als
461 661 219 66 nutzlos
721 653 367 80 wegwerfen:
1251 652 101 61 das
1394 674 122 38 war
1555 648 274 79 ungefähr
1869 647 103 62 das
2013 644 190 64 A—B
2210 643 137 61 —C
2387 651 182 53 seines

339 752 442 74 weitblickenden
823 747 612 76 Erziehungssystems.

410 850 131 66 Daß
590 848 102 59 das
743 842 155 63 Geld
953 834 82 68 als
1084 840 301 61 Standarte
1432 837 117 61 und
1606 836 285 62 Schlüssel
1948 859 101 37 zur
2105 835 230 71 ..Macht
2339 839 15 21 7
2404 835 166 61 dabei

340 959 117 54 eine
496 957 144 48 erste
672 938 161 62 Rolle
873 936 211 79 spielte,
1127 935 223 60 können
1392 933 95 62 Sie
1526 933 120 61 sich
1680 931 236 70 denken,
1957 931 152 60 Herr
2140 930 254 61 Pernath,
2427 928 144 62 Und

340 1067 61 41 so
449 1047 108 52 wie
607 1058 58 37 er
712 1032 172 63 selbst
932 1030 109 61 den
1092 1038 230 69 eigenen
1370 1028 298 60 Reichtum
1717 1049 255 54 sorgsam
2022 1025 217 78 geheim
2291 1024 133 71 hält,
2474 1046 97 38 um

340 1138 81 60 die
477 1131 267 62 Grenzen
797 1133 183 54 seines
1028 1123 312 61 Einflusses
1388 1129 54 53 in
1492 1121 226 61 Dunkel
1765 1143 72 36 zu
1887 1118 202 72 hüllen,
2140 1142 67 38 so
2258 1141 200 38 ersann
2510 1138 61 40 er

340 1229 113 64 sich
503 1234 86 52 ein
639 1220 208 72 Mittel,
895 1227 212 54 seinem
1157 1217 158 62 Sohn
1365 1216 284 61 ähnliches
1698 1239 73 37 zu
1812 1213 395 78 ermöglichen,
2265 1213 113 60 ihm
2438 1212 136 60 aber

340 1320 337 83 gleichzeitig
717 1315 89 60 die
849 1312 160 73 Qual
1051 1320 150 52 eines
1242 1310 298 61 scheinbar
1572 1307 302 61 ärmlichen
1907 1307 224 61 Lebens
2170 1330 74 37 zu
2286 1329 287 54 ersparen:

344 1441 53 39 er
428 1409 395 66 durchtränkte
867 1408 93 59 ihn
994 1415 98 51 mit
1125 1405 96 60 der
1263 1403 427 62 infernalischen
1723 1403 161 76 Lüge
1916 1425 117 38 von
2067 1403 98 59 der
2198 1400 333 72 /Schönheit
2535 1405 16 22 7
2554 1448 17 22 ,

445 1507 232 63 brachte
710 1504 113 60 ihm
866 1502 89 61 die
997 1500 204 61 äußere
1242 1499 117 61 und
1399 1508 189 51 innere
1623 1497 268 63 Gebärde
1933 1497 96 60 der
2061 1495 263 62 Ästhetik
2356 1495 109 70 bei,

345 1604 163 63 lehrte
548 1601 93 61 ihn
684 1596 371 63 äußerlich:
1089 1593 89 61 die
1211 1593 139 61 Lilie
1384 1593 105 60 auf
1516 1592 127 61 dem
1675 1590 178 61 Felde
1884 1589 276 61 heucheln
2194 1589 118 61 und
2344 1598 191 52 inner-

345 1698 123 63 lich
519 1704 86 53 ein
646 1693 283 77 Aasgeier
970 1697 133 54 sein,

533 1786 307 65 Natürlich
898 1808 124 38 war
1078 1782 103 61 das
1237 1790 97 52 mit
1390 1781 98 61 der
1543 1780 329 71 /Schönheit
1875 1786 16 20 7
1947 1778 153 61 wohl
2155 1778 169 61 kaum
2382 1786 195 69 eigene

346 1884 308 75 Erfindung
717 1903 117 38 von
891 1879 115 61 ihm
1178 1874 330 63 vermutlich
1566 1874 89 61 die
1702 1872 447 78 /Verbesserung
2151 1878 17 22 7
2223 1880 152 52 eines
2430 1871 106 61 Rat-

346 1979 232 76 schlags,
619 1975 110 61 den
771 1974 114 61 ihm
927 1980 87 52 ein
1058 1969 327 63 Gebildeter
1425 1968 247 78 gegeben
1713 1966 168 61 hatte.

420 2072 130 62 Daß
607 2071 92 61 ihn
757 2077 118 53 sein
926 2065 158 64 Sohn
1143 2073 186 69 später
1376 2063 374 76 verleugnete,
1799 2083 97 38 wo
1953 2059 117 62 und
2124 2083 173 36 wann
2356 2082 59 37 er
2471 2081 108 38 nur

348 2167 217 69 konnte,
607 2165 171 60 nahm
820 2185 59 38 er
918 2158 232 64 niemals
1192 2156 145 63 übel.
1380 2157 81 60 Im
1496 2154 315 79 Gegenteil,
1851 2177 59 38 er
1954 2153 225 61 machte
2222 2176 60 38 es
2323 2152 114 60 ihm
2476 2173 103 39 zur

348 2261 261 61 Pflicht:
645 2259 148 60 denn
819 2265 154 52 seine
997 2253 175 63 Liebe
1204 2275 122 38 war
1354 2251 271 70 selbstlos,
1657 2250 118 59 und
1806 2257 106 52 wie
1944 2250 92 59 ich
2070 2271 59 37 es
2161 2247 182 62 schon
2377 2246 205 61 einmal

349 2378 109 37 von
514 2361 240 52 meinem
802 2350 187 62 Vater
1044 2363 180 62 sagte:
1401 2368 132 38 von
1591 2342 112 61 der
1760 2342 157 71 Art,
1973 2341 106 61 die
2135 2340 196 61 übers
2391 2340 189 61 Grab

350 2446 408 78 hinausgeht.
788 2469 111 33 —«

423 2542 229 75 Mirjam
701 2539 251 76 schwieg
993 2544 161 54 einen
1195 2532 371 80 Augenblick,
1614 2530 117 61 und
1778 2529 89 61 ich
1916 2528 100 61 sah
2074 2528 82 59 ihr
2204 2551 92 47 an,
2344 2534 109 52 wie
2502 2534 81 52 sie

350 2634 111 61 ihre
509 2633 320 64 Gedanken
877 2648 207 46 stumm
1134 2637 394 69 weiterspann,
1576 2624 157 62 hörte
1783 2647 58 37 es
1901 2646 71 37 an
2029 2620 127 63 dem
2213 2620 370 61 veränderten

350 2727 183 79 Klang
572 2728 145 61 ihrer
758 2726 253 71 Stimme,
1054 2723 81 63 als
1176 2731 78 53 sie
1295 2737 178 63 sagte:

428 2824 308 61 »Seltsame
774 2820 254 63 Früchte
1068 2817 272 63 wachsen
1381 2816 106 60 auf
1520 2815 128 61 dem
1688 2813 214 60 Baume
1943 2812 98 59 des
2081 2808 381 78 Judentums.«

428 2916 222 78 »Sagen
692 2915 113 71 Sie,
844 2914 291 76 Mirjam,«
1181 2911 179 78 fragte
1407 2909 112 71 ich,
1563 2906 219 61 »haben
1830 2904 94 62 Sie
1980 2911 89 52 nie
2124 2902 191 60 davon
2364 2900 220 79 gehört,

354 3008 103 62 daß
510 3010 391 63 Wassertrum
967 3015 122 54 eine
1145 3004 369 76 Wachsfigur
1577 3010 53 52 in
1688 3009 207 52 seinem
1950 2996 197 63 Laden
2204 2994 196 62 stehen
2458 2994 130 61 hat?

353 3101 92 62 Ich
485 3104 145 61 weiß
678 3103 156 62 nicht
873 3102 174 71 mehr,
1096 3123 120 37 wer
1265 3122 59 38 es
1373 3107 102 52 mir
1524 3094 207 64 erzählt
1779 3093 112 70 hat,
2048 3113 60 38 es
2147 3113 122 37 war
2309 3088 278 62 vielleicht

355 3220 101 37 nur
495 3208 86 51 ein
622 3194 211 65 Traum
1060 3221 29 33 «

432 3291 209 72 »Nein,
683 3300 147 57 nein,
873 3313 60 39 es
975 3299 69 52 ist
1083 3288 180 61 schon
1305 3286 216 77 richtig,
1561 3283 152 61 Herr
1751 3278 258 65 Pernath:
2060 3287 122 52 eine
2222 3275 366 78 lebensgroße

355 3380 353 84 Wachsfigur
748 3385 146 62 steht
942 3393 55 52 in
1049 3384 98 59 der
1187 3381 173 74 Ecke,
1408 3389 53 52 in
1505 3379 96 59 der
1643 3400 76 47 er,
1760 3384 190 52 mitten
1992 3390 162 43 unter
2194 3371 129 60 dem
2363 3370 225 61 tollsten

357 3474 322 82 Gerümpel,
731 3479 104 61 auf
877 3488 211 52 seinem
1130 3474 300 63 Strohsack
1477 3471 211 64 schläft,
1846 3469 85 60 Er
1978 3466 97 60 hat
2123 3473 80 52 sie
2243 3487 106 38 vor
2389 3464 199 77 Jahren

357 3577 172 56 einem
562 3572 624 63 Schaubudenbesitzer
1220 3568 418 80 abgewuchert,
1671 3564 146 61 heißt
1859 3586 79 47 es,
1971 3560 129 61 bloß
2133 3559 127 60 weil
2295 3567 80 53 sie
2408 3567 181 52 einem

357 3661 290 67 Mädchen
807 3676 150 52 einer
1016 3666 250 61 Christin
1441 3659 222 63 ähnlich
1721 3657 119 72 sah,
1898 3654 89 61 die
2046 3652 293 78 angeblich
2390 3650 201 63 einmal

358 3765 146 54 seine
538 3760 262 63 Geliebte
839 3784 263 56 gewesen
1145 3767 117 52 sein
1305 3757 158 62 soll.«

435 3851 405 65 »Charouseks
880 3854 279 61 Mutter!«
1305 3851 231 75 drängte
1578 3870 59 37 es
1677 3845 120 62 sich
1837 3851 103 53 mir
1981 3841 113 62 auf.

437 3945 194 64 »Ihren
672 3948 236 62 Namen
951 3956 204 53 wissen
1199 3945 95 62 Sie
1334 3944 172 68 nicht,
1547 3939 301 78 Mirjam?«
