3108 4572
1195 445 392 61 Teststettungen

2390 445 119 50 1141

285 662 91 57 sind
415 656 277 63 gegenseitig
738 648 217 61 bedingte
988 647 259 51 Korrelate.
1299 649 298 60 Hysterische
1632 649 308 64 Journalisten
1980 662 209 38 ersetzen
2227 651 134 61 jeden
2405 649 108 51 Ge*

285 738 164 55 danken
482 729 132 51 durch
649 726 264 62 Erregtheit
945 726 96 49 und
1073 726 192 60 pachten
1298 732 72 44 ein
1392 727 533 62 Monumentenpathos,
1958 746 80 32 um
2071 728 88 50 den
2184 728 329 62 Gemeinplatz

285 826 134 46 einem
452 808 250 53 betäubten
732 807 140 48 Leser
905 823 108 31 zum
1045 806 107 48 233.
1163 804 91 50 mal
1295 825 61 30 zu
1376 820 256 36 versetzen.
1667 808 126 48 Was
1828 807 167 51 anders
2020 808 226 50 verbleibt
2268 807 105 51 dem
2400 808 112 50 Un*

283 897 184 58 fähigen,
499 888 67 50 als
599 891 47 44 in
679 884 80 49 der
781 883 411 61 Bewußtlosigkeit
1224 883 81 50 des
1338 883 381 62 unbegründeten
1741 886 173 49 Pathos
1936 891 282 56 wenigstens
2253 886 73 49 die
2348 886 164 50 Moral

285 995 54 33 zu
368 963 410 65 monopolisieren?
828 963 139 50 Denn
1002 962 167 61 gerade
1209 962 81 49 der
1328 964 221 59 gescheite
1580 964 194 50 Mensch
1808 969 60 45 ist
1907 964 118 50 nicht
2066 982 149 43 gegen
2248 966 90 48 den
2371 966 138 49 Vor*

284 1051 117 53 wurf
415 1047 244 62 geschützt,
693 1060 50 31 er
764 1040 175 50 besitze
964 1042 118 48 nicht
1106 1040 72 50 die
1201 1040 366 61 Überzeugtheit
1587 1042 97 48 und
1704 1048 142 43 somit
1867 1043 83 50 das
1973 1044 140 49 Recht
2145 1061 85 32 zur
2251 1044 261 60 Meinung,-

284 1137 73 46 mit
395 1128 166 47 diesem
593 1121 225 50 Einwurf
858 1119 263 50 vernichten
1162 1136 111 43 gern
1314 1119 282 50 Nachläufer
1644 1121 88 49 den
1769 1121 272 58 Entdecker,
2090 1122 80 49 der
2209 1122 140 49 ihnen
2391 1133 118 38 stets

288 1202 281 66 schöpferisch
608 1197 335 52 vorausbleibt.
993 1198 99 48 Der
1124 1198 317 60 Flugblättler,
1489 1198 149 50 dieser
1677 1197 108 62 Typ
1827 1199 80 49 der
1939 1199 410 61 Unproduktiven,
2391 1199 119 50 wird

285 1284 79 54 sich
396 1288 43 43 in
470 1282 167 48 Zeiten
670 1277 220 59 mäßiger,
923 1274 110 51 aber
1068 1281 218 55 gereizter
1308 1275 223 50 Unkunst
1562 1278 256 58 vergreifen
1851 1277 98 48 und
1982 1282 127 44 seine
2141 1277 287 62 Pamphletik
2462 1283 46 43 in

287 1363 111 50 diese
429 1362 317 58 importieren,-
786 1354 115 50 wird
934 1361 47 41 in
1022 1354 81 50 der
1135 1354 348 61 Ruhelosigkeit
1521 1359 151 45 seiner
1714 1361 227 54 gereizten
1975 1355 143 50 Leere
2160 1355 110 50 alles
2305 1357 76 48 für
2413 1375 95 30 un*

284 1437 268 58 zureichend,
584 1437 76 47 für
692 1434 119 48 nicht
845 1433 190 49 absolut
1066 1433 113 49 oder
1213 1439 163 56 geistig
1408 1434 231 55 erklären,-
1671 1434 121 50 denn
1826 1434 138 50 nichts
1999 1441 59 43 ist
2091 1434 181 50 leichter
2303 1455 61 29 zu
2397 1452 111 32 ver*

284 1518 200 52 tauschen
517 1514 67 48 als
618 1519 71 43 ein
724 1512 166 50 Nichts
924 1512 97 48 und
1052 1510 83 50 der
1168 1512 152 48 Geist.
1370 1512 98 49 Der
1487 1509 214 64 Tägliche
1732 1512 119 49 wird
1883 1512 84 48 das
1988 1512 519 61 historischgewordene

284 1595 234 63 angreifen,
558 1592 61 49 da
650 1609 49 31 es
741 1590 94 50 ihm
868 1595 74 44 nie
979 1589 190 61 erledigt
1200 1589 155 60 bleibt,
1397 1608 48 31 er
1483 1589 222 62 geendete
1737 1589 396 61 Vollständigkeit
2166 1590 117 50 nicht
2316 1590 191 61 begreift

290 1674 87 51 und
406 1678 58 43 im
496 1668 271 52 Hintertrab
800 1688 61 31 zu
894 1668 183 49 lahmen
1111 1667 220 62 gewohnt
1364 1673 71 44 ist.

341 1752 65 50 Ich
426 1752 145 48 kenne
598 1754 132 45 einen
748 1747 536 58 Weiberradikalismus,
1305 1747 79 49 der
1403 1766 61 30 zu
1487 1747 138 48 nichts
1648 1747 145 61 fähig,
1814 1752 162 44 immer
1997 1752 99 44 eine
2119 1763 121 45 vage
2262 1747 242 61 Negation

287 1832 61 49 als
364 1830 78 49 das
451 1827 308 63 Beglückende
777 1827 188 49 anreißt.
984 1827 143 49 Diese
1136 1825 367 61 Haltungslosen
1521 1825 219 61 gedeihen
1757 1825 68 49 als
1844 1830 297 56 pervertierte
2156 1825 348 51 Bureaukraten

283 1916 58 44 sie
371 1908 207 57 schreien,
616 1905 96 50 hier
744 1904 152 51 zuviel
931 1903 251 62 Ordnung,
1213 1904 96 50 hier
1350 1904 114 50 noch
1503 1909 101 45 eine
1637 1904 202 57 Grenze,
1873 1903 61 49 da
1966 1904 351 59 Bestimmtheit,
2348 1904 159 56 wehe,-

282 2006 54 29 zu
365 1985 133 49 Hilfe.
541 1984 100 48 Ihre
682 1983 315 49 bekümmerte
1031 1982 303 59 Unfähigkeit
1365 1982 277 59 verpflichtet
1681 1987 80 50 sie,
1803 1980 99 63 jede
1935 1982 225 59 Leistung
2199 1980 308 59 abzulehnen,

282 2082 123 32 wenn
435 2069 65 43 sie
528 2063 69 48 ihr
616 2060 292 51 Scheinleben
939 2060 176 50 treiben
1146 2060 185 50 wollen.
1353 2060 115 50 Und
1498 2078 139 31 wenn
1668 2078 108 31 man
1809 2059 111 50 alles
1943 2065 99 44 sein
2074 2060 130 59 ließe,
2226 2078 56 31 so
2305 2060 200 50 schrieen

285 2148 59 43 sie
373 2140 174 59 wieder,
580 2142 60 47 da
671 2145 67 45 sie
771 2140 162 49 keinen
966 2139 125 48 Stoff
1116 2158 61 29 zu
1209 2139 285 50 bekreischen
1527 2138 168 49 hätten.

339 2220 101 49 Wir
472 2218 100 51 sind
604 2218 139 49 heute
764 2219 97 56 reif,
885 2218 89 49 den
997 2217 307 62 Journalisten
1337 2218 75 47 für
1444 2215 87 51 den
1564 2217 353 49 konstruktiven
1941 2215 256 50 Menschen
2230 2234 62 31 zu
2324 2214 183 58 halten,-

284 2297 109 49 denn
421 2303 121 54 jener
581 2295 190 61 entgeht
804 2295 80 50 der
919 2294 180 51 Gefahr
1139 2294 80 50 des
1252 2294 287 61 Qberlegens
1585 2293 120 56 (also
1746 2294 131 50 keine
1912 2291 240 60 Genetik),
2184 2310 48 32 er
2265 2293 96 49 lebt
2391 2310 116 32 vom

283 2374 248 62 Programm
564 2374 96 50 und
692 2374 80 50 der
805 2393 28 29 a
865 2379 141 56 priori
1037 2371 346 53 entschiedenen
1406 2373 243 59 Meinung.
1674 2373 88 48 Die
1795 2371 362 61 journalistische
2179 2371 234 61 Meinung
2446 2377 59 44 ist

283 2451 256 51 lächerlicher
555 2453 383 56 A*Priorismus,-
964 2451 119 50 denn
1106 2451 218 49 zunächst
1348 2455 60 45 ist
1432 2469 48 31 es
1498 2450 79 50 des
1596 2450 305 62 Journalisten
1924 2449 124 49 klare
2066 2449 439 61 Vorbestimmung,

285 2534 89 44 eine
405 2530 226 61 Meinung
671 2549 60 29 zu
764 2530 165 50 haben.
964 2530 149 48 Somit
1153 2535 60 43 ist
1244 2547 50 31 er
1326 2547 87 30 vor
1453 2528 80 49 der
1566 2528 301 61 gefährlichen
1900 2526 337 63 Schwierigkeit
2278 2526 227 59 bewahrt,

283 2608 131 49 selbst
443 2615 70 43 ein
536 2608 382 61 Ursprüngliches
952 2627 61 30 zu
1044 2625 242 44 erzeugen,
1318 2625 49 32 er
1398 2606 98 61 gibt
1527 2606 72 50 die
1620 2606 231 60 Meinung
1882 2624 96 32 von
2001 2605 114 57 sich,-
2146 2611 46 55 ja
2213 2605 115 50 noch
2350 2605 150 50 mehr:

283 2684 77 49 den
400 2685 131 51 durch
564 2688 71 48 die
665 2686 252 61 Majorität
956 2686 81 50 der
1065 2686 236 49 Dummen
1342 2685 286 60 siegreichen,
1670 2684 312 60 unbedingten
2025 2683 342 61 Gemeinplatz,
2401 2684 102 49 Der

283 2761 202 60 Dumme,
517 2764 80 51 der
613 2765 121 48 dank
765 2770 150 45 seiner
937 2765 236 60 Berufung
1205 2765 118 48 nicht
1346 2763 176 49 denken
1544 2763 116 57 darf,
1691 2768 60 43 ist
1775 2773 116 38 stets
1915 2760 268 62 unbedingt,
2217 2779 50 32 er
2298 2761 205 61 mangelt

284 2839 71 49 des
402 2843 280 50 schaffenden
722 2844 239 57 Zweifels,
995 2843 98 49 und
1131 2848 127 45 seine
1299 2841 352 63 vorgetäuschte
1691 2840 403 50 Konstruktivität
2133 2845 59 45 ist
2232 2840 85 50 das
2358 2841 142 49 Kon*

280 2923 182 45 sentium
503 2921 78 49 der
619 2923 254 49 numerisch
906 2933 115 38 stets
1063 2920 273 62 siegreichen
1370 2919 190 49 Idioten,
1595 2919 99 49 Der
1737 2918 249 62 Journalist
2027 2918 166 48 besitzt
2234 2916 115 51 über
2389 2918 113 50 alles

280 2999 87 44 sein
388 2996 183 61 Dogma
603 3005 146 50 (seine
771 3001 233 60 Meinung
1036 2999 116 49 wird
1183 2999 85 49 auf
1295 2998 351 50 mechanischem
1668 2996 157 60 Wege
1858 3014 108 31 zum
1995 2995 222 61 Dogma),
2241 2996 70 49 Er
2343 2995 161 50 schafft

280 3074 144 58 nichts,
454 3094 49 31 er
534 3078 223 50 klischiert
788 3079 98 49 und
908 3080 236 50 übersetzt
1176 3078 218 61 lediglich,
1426 3075 96 50 und
1553 3080 126 46 seine
1701 3074 398 61 Entschuldigung
2132 3074 165 49 lautet:
2331 3074 171 49 welche

280 3149 243 54 Aktivität!
556 3153 199 64 Typisch
787 3163 60 44 ist
880 3159 75 47 für
985 3158 98 48 ihn:
1117 3175 50 31 er
1197 3154 296 52 verwechselt
1524 3159 124 44 seine
1689 3151 217 51 beruflich
1939 3151 236 61 benötigte
2207 3153 296 59 Aufgeregt*

279 3225 85 52 heit
393 3236 79 45 mit
495 3233 79 50 der
594 3235 357 62 Unwichtigkeit
983 3241 148 45 seiner
1164 3236 245 59 Meinung.
1432 3233 294 63 Journalistik
1757 3236 60 45 ist
1849 3230 72 51 die
1953 3236 174 55 einzige
2149 3230 186 61 heutige
2354 3231 148 49 Form

279 3302 72 51 der
368 3304 241 64 Tyrannis.
635 3314 193 51 Überall
849 3320 168 45 wittert
1039 3314 81 51 der
1143 3314 95 49 hier
1260 3311 311 64 Besprochene
1594 3311 82 49 das
1699 3309 289 57 Polemische,
2014 3309 72 49 die
2108 3307 394 63 Verschwörung,

279 3382 74 50 das
386 3385 134 61 heißt,
552 3409 48 31 er
632 3398 174 55 zwingt
838 3394 81 49 der
951 3393 202 49 klarsten
1186 3390 138 52 Tinte
1357 3391 71 50 die
1460 3389 308 51 Problematik
1801 3407 60 30 zu
1896 3393 147 44 einem
2076 3386 186 50 Artikel
2295 3386 73 50 ab.

335 3461 48 48 In
414 3465 71 51 die
515 3467 244 53 Geschäfte
792 3471 79 50 der
894 3473 160 48 Kunst
1086 3471 160 50 mischt
1277 3470 89 50 sich
1400 3469 80 49 der
1501 3466 377 64 Unproduktive,
1911 3465 79 49 der
2023 3465 194 61 unfähig
2249 3470 77 53 ist,
2357 3464 146 50 selbst

279 3535 65 51 die
373 3541 230 66 Wirkung
635 3547 148 51 dieser
815 3569 61 29 zu
908 3567 244 44 erzeugen.
1186 3550 104 48 Das
1323 3547 151 50 Werk
1514 3546 215 50 bedeutet
1770 3545 93 49 ihm
1903 3563 87 29 nur
2030 3549 102 44 eine
2165 3541 255 52 Anekdote
2453 3547 47 45 in

279 3620 160 48 seinem
475 3624 317 63 vielspältigen
825 3625 217 56 Treiben,
1074 3627 84 50 das
1201 3633 161 44 immer
1402 3644 90 32 nur
1530 3630 83 43 mit
1653 3624 104 50 dem
1799 3622 202 63 gänzlich
2034 3622 217 60 Fertigen
2291 3621 91 50 sich
2414 3621 88 50 be*

277 3691 203 67 schäftigt.
513 3701 123 50 Dem
668 3705 393 61 Unproduktiven
1094 3706 124 50 kann
1258 3724 90 30 nur
1390 3710 84 43 mit
1514 3704 104 49 dem
1657 3700 353 62 verdinglichten
2051 3700 228 60 Surrogat
2317 3699 186 61 gedient

277 3774 104 55 sein,
410 3775 79 51 der
519 3776 236 65 Tendenz,
787 3789 126 44 einer
945 3784 219 49 Polemik.
1199 3784 109 48 Vor
1340 3781 137 51 allem
1508 3781 174 50 fordert
1714 3799 50 30 er
1795 3779 105 50 dem
1930 3777 154 51 Werk
2115 3777 73 59 ab,
2223 3776 88 51 daß
2345 3795 50 32 es
2429 3776 74 51 die

287 3851 213 65 Wirkung
531 3857 165 52 bereits
731 3862 368 60 gegenständlich
1133 3862 201 50 enthalte
1365 3860 98 51 und
1492 3859 373 62 vorwegnehme.
1902 3857 357 56 (Futurismus.)
2291 3856 71 50 Er
2390 3875 113 31 ver*

278 3921 117 66 langt
433 3940 152 53 somit,
627 3937 89 51 daß
758 3940 85 49 das
884 3941 152 50 Werk
1078 3946 99 45 sein
1218 3945 185 56 eigener
1444 3939 254 50 Beschauer
1740 3942 82 54 sei,
1861 3941 101 46 sein
2001 3936 366 50 Kommentator
2405 3934 99 50 und
