3340 4572
893 509 19 23 *

1693 509 21 23 *

751 685 532 65 AUSZÜGE
1344 696 213 55 AUS
1631 698 239 54 DEN
1946 695 594 57 URTEILEN

1279 809 224 54 DER
1585 809 414 55 PRESSE

1628 910 40 43 *

2662 677 24 21 *

2672 712 9 8 ♦

2671 723 10 65 I

2672 788 10 11 ♦

2663 812 23 21 *

2661 946 25 21 *

755 997 78 40 Per
857 997 242 42 Hallstr'öm
1129 1000 46 39 in
1197 1001 71 39 der
1299 1000 242 40 Vossischen
1568 999 202 55 Zeitung:
1794 1000 89 39 Ein
1907 1000 172 54 großer
2103 998 86 41 Stil
2213 998 61 41 ist
2295 997 49 41 in
2369 997 159 41 diesen

753 1055 194 42 kleinen
971 1057 217 53 Liedern,
1214 1058 168 41 ebenso
1408 1058 358 41 unverkennbar
1796 1058 85 41 wie
1908 1058 95 54 der,
2030 1058 83 40 der
2136 1056 74 42 die
2237 1056 289 56 griechische

753 1117 148 40 Kunst
933 1117 95 40 und
1061 1117 240 56 Dichtung
1346 1118 308 52 auszeichnet,
1689 1117 168 40 ebenso
1898 1116 266 54 urwüchsig
2196 1116 50 39 in
2279 1115 63 41 all
2374 1115 154 40 seiner

752 1175 346 57 Verfeinerung
1136 1176 96 40 und
1271 1176 156 56 gleich
1465 1175 394 41 unnachahmlich
1900 1176 49 38 in
1982 1174 83 41 der
2103 1174 303 40 Einfachheit
2448 1173 78 41 des

754 1234 276 42 Ausdrucks.
1080 1235 90 40 Die
1219 1235 198 40 überaus
1466 1249 206 40 sparsam
1712 1233 320 57 gebrauchten
2079 1233 163 40 Bilder
2289 1232 103 41 sind
2438 1247 88 26 von

753 1293 83 41 der
868 1294 176 40 Plastik
1092 1294 124 40 eines
1257 1294 177 40 Reliefs
1483 1293 95 40 und
1625 1293 72 40 die
1738 1292 412 56 mythenbildende
2192 1293 214 40 Fantasie
2448 1306 78 27 aus

753 1353 83 40 der
858 1353 167 40 fernen
1049 1352 268 41 Werdezeit
1338 1353 97 39 und
1458 1352 83 40 der
1563 1352 299 53 Dichtkunst,
1888 1353 102 39 eine
2013 1366 118 27 neue
2154 1352 96 40 und
2271 1353 255 54 ursprüng-

750 1412 123 40 liche
893 1412 128 41 Welt
1046 1412 177 55 spricht
1241 1426 54 25 zu
1314 1426 83 26 uns
1418 1411 146 54 darin,
1585 1411 134 41 dabei
1740 1412 111 41 aber
1874 1427 47 26 so
1940 1426 285 42 gezwungen
2244 1411 95 41 und
2357 1411 169 53 direkt,

753 1471 89 40 daß
877 1485 44 26 es
954 1471 121 40 noch
1107 1471 132 41 nicht
1271 1472 86 40 wie
1394 1479 139 33 etwas
1568 1470 183 42 absolut
1773 1472 155 40 Neues
1963 1479 224 45 anmutet,
2210 1470 199 42 sondern
2441 1485 84 26 uns

750 1544 89 25 nur
881 1530 104 41 eine
1026 1531 308 40 Renaissance
1385 1530 159 42 dünkt.
1578 1562 9 9 .
1613 1562 9 9 .
1648 1562 8 9 .
1702 1531 131 40 Viele
1881 1531 153 40 haben
2081 1531 48 40 in
2172 1530 229 53 Gitanjali
2451 1531 73 40 die

750 1588 390 57 merkwürdigste
1189 1590 294 41 literarische
1532 1590 324 56 Erscheinung
1913 1590 82 40 der
2041 1590 173 41 letzten
2255 1590 271 40 Dezennien

753 1648 213 41 erblickt.
1002 1649 105 40 Und
1140 1649 149 42 damit
1322 1649 155 42 dürfte
1510 1649 136 41 nicht
1679 1649 150 41 zuviel
1860 1658 164 48 gesagt
2056 1649 112 42 sein.

2669 1056 11 11 ♦

2662 1080 23 20 *

2663 1213 22 20 *

2663 1346 22 20 *

2663 1479 22 20 *

2662 1613 23 20 *

753 1768 196 41 Frederik
980 1785 85 24 van
1100 1770 141 40 Eeden
1281 1771 45 38 in
1357 1771 73 38 der
1464 1769 289 56 Frankfurter
1789 1769 209 56 Zeitung:
2031 1768 90 41 Die
2163 1782 143 42 ganze
2346 1768 181 41 Bedeu-

750 1834 116 49 tung
914 1827 84 40 der
1037 1827 289 56 Verleihung
1378 1828 61 41 ist
1484 1828 140 41 heute
1671 1827 121 41 noch
1839 1828 142 41 kaum
2029 1842 56 26 zu
2132 1827 273 42 übersehen.
2454 1828 73 40 Je-

752 1886 95 54 der,
890 1886 84 40 der
1013 1901 166 27 unsere
1227 1887 190 56 heutige
1449 1888 292 41 Weltkultur
1780 1887 89 42 mit
1916 1886 427 43 weitschauendem
2390 1886 138 42 Blick

750 1945 278 54 betrachtet,
1068 1947 113 40 muß
1214 1947 224 56 zugeben,
1472 1947 89 40 daß
1615 1946 394 42 okzidentalische
2058 1947 95 41 und
2199 1946 327 42 orientalische

751 2006 169 40 Kultur
968 2005 224 42 einander
1230 2006 238 41 brauchen
1519 2006 97 40 und
1665 2006 223 42 einander
1939 2010 226 53 ergänzen
2215 2009 198 39 müssen.
2455 2007 71 39 Im

752 2064 234 42 Okzident
1016 2066 171 41 nimmt
1220 2065 77 41 das
1336 2065 266 56 praktische
1644 2066 687 56 materiell-gesellschaftliche
2367 2065 160 41 Leben

752 2124 135 41 einen
920 2126 282 55 gewaltigen
1230 2125 327 57 Aufschwung,
1583 2125 112 41 aber
1729 2125 74 41 die
1839 2126 365 52 Transzendenz,
2240 2126 74 40 die
2344 2125 181 54 Weihe,

752 2183 74 41 die
862 2184 436 54 Glaubenseinheit,
1332 2185 75 41 die
1440 2185 121 41 noch
1602 2185 67 40 im
1702 2185 287 41 Mittelalter
2029 2185 89 41 alle
2154 2185 248 42 Schichten
2444 2184 84 41 der

752 2243 316 42 Gesellschaft
1109 2244 363 57 durchdringen,
1513 2244 104 41 sind
1657 2244 438 57 zurückgeblieben.
2136 2246 72 39 Im
2250 2244 169 43 Orient
2466 2244 62 42 ist

749 2302 220 57 religiöse
1011 2304 245 53 Weisheit,
1290 2303 73 42 die
1398 2303 423 54 Beschaulichkeit,
1855 2304 79 41 das
1980 2304 417 41 Zusammenleben
2437 2303 90 42 mit

752 2362 83 41 der
870 2363 231 53 Gottheit,
1136 2364 78 40 das
1254 2378 84 26 uns
1373 2378 47 26 so
1453 2363 157 41 fremd
1641 2363 250 57 geworden
1930 2364 74 53 ist,
2037 2364 49 40 in
2126 2364 178 41 seinem
2335 2363 191 41 wahren

753 2424 171 39 Wesen
955 2422 156 41 besser
1143 2423 224 41 erhalten.
1392 2423 106 41 Und
1528 2438 96 25 nun
1656 2438 106 25 zum
1788 2423 250 41 erstenmal
2062 2423 50 40 in
2135 2423 83 41 der
2243 2422 282 43 Geschichte

756 2481 82 40 der
860 2482 257 41 modernen
1141 2483 187 53 Kultur,
1350 2483 81 40 hat
1455 2483 102 40 eine
1583 2483 219 41 offizielle
1828 2483 346 56 Anerkennung
2199 2483 150 41 dieser
2373 2483 153 40 orien-

752 2540 230 42 talischen
1015 2536 367 62 Überlegenheit
1404 2542 365 56 stattgefunden.
1793 2543 138 39 Denn
1965 2542 146 41 dieses
2133 2543 113 40 muß
2270 2557 111 26 man
2403 2541 123 42 wohl

753 2600 249 46 beachten:
1047 2601 75 41 die
1162 2601 279 56 Bedeutung
1481 2616 90 27 von
1611 2604 181 54 Tagore
1833 2601 116 57 liegt
1987 2602 131 41 nicht
2159 2601 147 55 darin,
2341 2601 89 41 daß
2474 2615 51 27 er

753 2660 204 41 hübsche
990 2660 210 42 indische
1242 2661 354 41 Nationalverse
1645 2661 219 54 schreibt,
1905 2661 75 41 die
2020 2675 89 27 nur
2148 2675 88 27 von
2281 2660 244 42 einzelnen

755 2719 244 41 Literaten
1032 2719 95 41 und
1149 2720 252 41 Aestheten
1434 2720 238 57 geschätzt
1703 2720 188 41 werden
1913 2721 199 40 können.
2136 2721 95 40 Das
2264 2724 122 37 wäre
2421 2720 102 41 eine

754 2778 229 42 durchaus
1030 2779 178 42 falsche
1257 2779 205 43 Ansicht.
1497 2782 182 54 Tagore
1728 2780 61 41 ist
1836 2780 75 40 ein
1950 2780 199 41 Dichter
2193 2780 67 40 im
2301 2780 223 41 höchsten

755 2837 153 55 Sinne,
941 2838 86 41 wie
1070 2839 77 40 ich
1188 2839 90 40 den
1317 2839 343 41 Dichterberuf
1695 2839 172 40 immer
1914 2839 249 56 aufgefaßt
2207 2839 96 40 und
2342 2839 184 56 gelehrt

752 2897 133 42 habe.
918 2899 66 39 Er
1023 2898 61 41 ist
1114 2898 50 41 in
1205 2906 147 34 erster
1383 2898 147 42 Pteihe
1562 2898 213 54 Ethiker,
1806 2898 217 55 Prophet,
2058 2899 341 41 Tatenmensch
2431 2898 95 41 und

756 2957 298 42 Gottsucher.
1080 2958 134 41 Seine
1241 2958 207 41 höheren
1471 2958 290 41 Harmonien
1786 2958 50 40 in
1861 2959 174 52 Vision,
2068 2958 49 40 in
2141 2958 265 56 Stimmung
2431 2958 95 41 und

757 3016 259 42 Gedanken
1055 3017 104 41 sind
1189 3018 262 55 prachtvoll
1491 3018 96 40 und
1628 3018 251 41 vollendet.
1917 3017 91 41 Die
2048 3017 192 42 höchste
2276 3017 250 42 Schönheit

756 3076 137 41 dabei
926 3076 61 42 ist
1020 3076 74 42 die
1130 3077 204 41 ethische
1370 3077 265 43 Schönheit.
1660 3078 118 40 Man
1811 3077 144 41 denkt
1988 3092 57 26 an
2079 3077 77 42 das
2180 3078 162 53 „Hohe
2378 3077 148 41 Lied“

753 3137 50 38 in
851 3136 82 41 der
979 3136 149 41 Bibel.
1169 3137 219 41 Dieselbe
1438 3136 342 55 orientalische,
1823 3137 223 41 duftende
2089 3137 184 54 Pracht,
2322 3137 203 41 dieselbe

755 3195 174 41 Wucht
962 3196 82 41 der
1067 3196 217 56 Sprache,
1309 3196 204 42 dieselbe
1536 3196 253 56 Innigkeit.
1815 3199 102 39 Von
1950 3198 204 55 Tagores
2179 3197 160 41 Leben
2361 3197 165 41 wissen

753 3255 86 40 wir
879 3255 121 40 noch
1040 3257 155 55 wenig
1231 3280 51 6 —
1317 3256 120 41 doch
1479 3257 77 40 das
1598 3256 199 56 Wenige
1831 3264 138 48 zeugt
2000 3271 84 26 uns
2125 3256 403 56 Wahrhaftigkeit

753 3313 97 41 und
873 3315 249 56 Einklang,
1145 3315 96 41 und
1264 3316 48 40 in
1336 3316 159 40 seinen
1517 3316 235 40 frommen
1771 3314 351 43 Weiheliedern
2146 3316 155 56 klingt
2323 3330 88 26 von
2434 3317 91 40 An-

752 3375 113 55 fang
904 3374 70 41 bis
1008 3375 130 40 Ende
1181 3375 84 41 der
1305 3389 163 28 sonore
1503 3375 243 42 Wohllaut
1783 3375 51 40 in
1872 3375 256 54 Ausdruck,
2162 3375 108 41 Bild
2302 3376 95 40 und
2432 3376 93 41 Ge-

754 3434 195 54 danken,
979 3433 82 41 der
1092 3449 89 26 nur
1207 3434 147 42 durch
1385 3435 115 41 tiefe
1524 3434 371 56 Aufrichtigkeit
1926 3435 96 40 und
2045 3434 403 58 Wahrhaftigkeit
2470 3449 54 26 zu

754 3493 243 42 erreichen
1037 3495 71 40 ist.
1143 3495 74 40 Da
1256 3494 61 41 ist
1356 3494 137 41 keine
1526 3496 130 51 Pose,
1696 3494 136 41 keine
1874 3494 271 54 Heuchelei,
2185 3494 138 41 keine
2363 3495 161 40 Affek-

751 3553 294 43 tiertheit....
1069 3554 311 41 Sinnlichkeit
1399 3554 146 41 kennt
1565 3568 62 40 er,
1655 3568 47 26 so
1722 3554 87 40 wie
1827 3554 283 56 Augustinus
2133 3554 96 40 und
2253 3554 270 41 Franciscus

751 3612 96 41 und
885 3613 154 41 Dante
1079 3613 66 41 sie
1187 3613 205 57 gekannt
1430 3613 164 45 haben.
1635 3615 72 39 Im
1747 3614 266 53 „Gärtner“
2053 3613 161 42 stehen
2254 3616 142 39 Verse
2435 3628 89 27 von

752 3671 167 42 wilder
941 3673 345 44 Leidenschaft.
1311 3673 126 41 Aber
1458 3673 52 41 in
1531 3673 290 54 „Gitanjali“
1853 3674 62 40 ist
1940 3673 103 41 eine
2070 3673 291 42 Gottesliebe
2379 3673 146 57 völlig

754 3732 201 41 erblüht.
980 3732 162 54 „Nach
1176 3732 73 41 dir
1281 3733 195 56 verlang
1507 3733 90 54 ich,
1621 3733 119 41 nach
1775 3732 72 41 dir
1880 3733 184 45 allein“.
2090 3733 56 40 So
2178 3732 155 57 klingt
2353 3733 172 41 immer

753 3791 176 42 wieder
960 3792 100 40 sein
1091 3793 109 41 Ruf.
1228 3793 87 40 Bei
1339 3795 182 54 Tagore
1554 3792 119 41 wird
1703 3807 110 26 man
1834 3791 94 42 fast
1945 3793 111 41 alles
2085 3792 173 55 finden,
2281 3807 90 27 was
2406 3793 118 41 auch

750 3851 79 41 bei
872 3851 89 42 den
1001 3852 126 40 alten
1162 3853 341 40 Gottesweisen
1543 3866 58 27 zu
1638 3852 159 41 finden
1837 3852 74 41 ist.
1952 3852 131 41 Auch
2124 3852 77 41 das
2241 3852 282 56 Empfinden

759 4057 21 23 *
793 4066 9 12 ♦
868 4066 11 12 .
892 4058 21 23 5jC
926 4066 87 11 ♦■■■■■■♦
1025 4058 21 22 *
1059 4067 68 10 «.-II.-
1136 4068 10 10 ♦
1159 4058 19 22 *
1192 4066 10 11 .
1272 4057 4 25 I
1292 4059 20 21 *
1328 4066 83 12 !■»■»>
1425 4059 21 22 *
1461 4057 4 25 I
1540 4057 2 25 I
1559 4059 19 22 *
1592 4066 10 11 ♦
1608 4067 27 9 —
1671 4066 5 12 i
1692 4059 20 22 #
1726 4067 20 11 ♦■
1757 4067 40 9 ■■■■■
1805 4057 4 25 I
1959 4059 20 22 $
1992 4067 10 11 ♦
2009 4057 3 25 II
2021 4067 25 10 um.
2053 4067 10 9 ■
2071 4067 5 11 i
2092 4060 20 22 *
2226 4059 20 22 5jC
2258 4067 11 11 «
2335 4066 11 12 ♦
2359 4059 19 23 5fC
2492 4059 20 22 $
2526 4066 11 12 .

2662 1747 22 20 *

2662 1881 22 20 *

2662 2149 22 20 *

2661 2283 22 20 *

2662 2419 21 20 *

2660 2553 22 20 *

2660 2687 23 20 *

2660 2955 23 20 *

2660 3090 23 19 *

2661 3224 22 19 *

2660 3357 23 20 *

2660 3492 22 19 *

2659 3760 22 19 *
