3196 4572
722 407 140 51 Carf
1027 407 352 61 Hauptmann.,Das
2097 411 140 51 Rätsef
1605 433 83 30 um
1990 419 245 61 7umfaßr

2470 420 125 54 1047

358 617 123 65 weil
522 623 81 54 sie
642 636 107 37 nur
790 612 268 77 Hingabe
1092 621 71 52 ist
1205 613 117 61 und
1362 623 195 54 immer
1596 619 302 77 gewähren
1942 623 133 62 muß
2103 673 112 14 ...
2260 650 69 38 so
2362 626 116 63 lebt
2509 637 82 52 sie

355 712 132 64 noch
529 706 233 63 heute!«
806 721 161 61 sagte
1008 706 92 59 die
1141 706 331 65 Schwester.

433 801 221 64 »Sehen
698 798 97 63 Sie
835 820 63 39 es
940 798 141 61 nicht
1121 824 75 37 zu
1237 810 158 70 gütig
1435 826 72 37 an
1552 852 10 14 .
1610 853 10 14 ,
1667 856 10 12 .
1714 806 184 64 dieses
1925 809 330 64 Schicksal!«
2310 830 160 61 sagte
2512 815 76 61 ich

358 922 98 40 zur
487 896 327 61 Schwester.

433 988 133 63 »Oh
611 1036 10 14 .
661 1035 12 14 .
712 1012 73 44 .«,
825 1003 160 60 sagte
1027 986 90 61 die
1159 986 313 65 Schwester
1511 1000 98 54 mit
1649 993 111 62 fast
1801 994 232 74 hartem,
2083 999 261 62 sicherem
2385 1000 199 64 Blicke.

358 1084 113 61 »Ich
520 1103 134 55 sage
703 1079 90 61 die
844 1078 207 63 eherne
1092 1080 306 64 Wahrheit
1441 1132 128 16 ...
1614 1088 75 60 ich
1737 1087 315 66 beschreibe
2093 1092 91 62 die
2225 1094 364 79 unschuldige

355 1176 159 64 Seele
557 1223 10 12 .
614 1223 12 12 .
673 1223 10 12 ,
729 1173 117 61 ihre
889 1172 165 62 Seele
1096 1183 73 52 ist
1205 1185 118 52 rein
1365 1186 109 53 wie
1508 1178 210 64 Schnee
1761 1230 10 13 .
1820 1232 10 12 .
1877 1232 10 12 .
1931 1209 107 37 nur
2076 1209 146 54 ganz
2253 1187 175 62 Liebe
2469 1188 120 63 und

354 1267 257 79 Hingabe
646 1315 10 13 .
697 1314 10 14 .
746 1315 12 13 .
795 1267 75 60 ich
912 1266 94 61 bin
1049 1267 183 62 dieser
1272 1268 165 64 Seele
1478 1272 241 62 Hüterin
1764 1323 10 14 ,
1815 1324 10 13 ,
1865 1324 11 14 ,
1920 1279 75 59 ich
2037 1280 133 61 muß
2204 1290 83 52 sie
2326 1305 108 38 vor
2475 1281 112 62 den

354 1362 257 64 irdischen
654 1359 297 63 Gefahren
994 1360 194 72 hüten,
1230 1362 91 63 die
1361 1373 83 52 sie
1483 1366 140 61 nicht
1661 1366 169 65 kennt
1873 1418 10 13 .
1931 1420 9 12 ,
1980 1420 11 13 .
2036 1373 147 60 denn
2225 1384 82 51 sie
2349 1384 71 52 ist
2461 1384 126 53 eine

354 1464 104 53 wie
496 1477 136 38 vom
664 1453 250 60 Himmel
947 1454 277 76 gefallene
1256 1455 159 62 Frau
1459 1505 110 15 ...
1615 1482 61 39 es
1718 1469 70 52 ist
1827 1461 102 64 das
1964 1464 267 62 Schicksal
2263 1468 322 70 Rebbekas,

354 1549 105 61 daß
506 1547 117 62 ihre
672 1547 167 62 Seele
886 1571 148 53 ganz
1083 1549 324 79 unschuldig
1455 1550 219 64 bleiben
1723 1557 135 59 muß
1906 1558 109 60 auf
2056 1558 98 62 der
2202 1562 382 61 schuldvollen

354 1642 154 62 Erde
551 1689 10 12 .
608 1689 10 12 ,
666 1689 11 12 .
722 1640 110 61 daß
873 1640 120 61 ihre
1034 1640 166 64 Seele
1241 1642 161 63 keine
1442 1644 196 63 Sünde
1677 1647 169 62 kennt
1889 1699 11 13 ,
1948 1699 10 13 ,
2005 1700 11 13 ,
2062 1652 108 62 daß
2211 1654 270 63 Rebbeka
2522 1666 56 51 in

355 1734 112 61 ihre
499 1733 291 61 Unschuld
832 1733 302 79 eingehüllt
1167 1746 70 51 ist
1268 1746 110 52 wie
1420 1746 53 52 in
1501 1748 160 53 einen
1695 1742 572 81 undurchdringlichen
2300 1748 280 61 Panzer!«

429 1826 138 62 Und
616 1826 90 62 die
746 1826 315 63 Schwester
1110 1828 169 63 nahm
1327 1855 118 37 von
1493 1831 173 62 ihrem
1707 1835 189 62 Busen
1939 1846 86 52 ein
2067 1839 273 63 Blättchen
2384 1842 199 79 Papier

357 1920 113 61 und
509 1929 177 68 zeigte
726 1930 103 52 mir
871 1930 161 53 einen
1075 1922 155 63 Vers
1272 1948 117 37 von
1431 1925 283 63 Rebbeka.

476 2060 100 53 „IS
600 2061 166 49 stand
782 2080 84 30 am
894 2062 175 50 Gra6e
1100 2081 99 31 von
1232 2063 148 50 Vater
1409 2067 116 47 und
1534 2066 193 51 Mutter
1755 2103 9 10 .
1799 2104 12 13 .
1848 2105 10 13 .

477 2138 142 54 „und
637 2157 113 31 war
772 2140 310 63 sehnsüchtig
1116 2142 118 48 und
1252 2142 118 48 voff
1383 2143 206 61 Tragen.

476 2216 114 53 „Da
622 2216 98 61 fief
735 2223 78 44 ein
834 2218 154 50 Kind
997 2220 180 55 vorbei,
1214 2221 94 48 das
1340 2227 109 43 eine
1474 2222 295 62 Gießhanne
1790 2225 116 49 voff
1921 2226 196 51 Wasser
2142 2240 127 51 trug.

477 2293 139 52 „Giß
641 2301 102 42 mir
767 2296 93 49 das
894 2295 199 52 Wasser
1117 2315 96 32 aus
1244 2298 173 49 deiner
1439 2300 334 62 Gießhannel
1794 2302 90 50 hat
1910 2303 79 49 ich.

477 2406 21 18 »
509 2371 136 48 Und
646 2373 137 49 dann
793 2375 110 61 goß
914 2375 71 49 ich
995 2376 83 48 die
1092 2382 175 43 immer
1272 2383 197 55 grünen
1487 2378 189 50 Bfätter
1688 2381 115 48 und
1806 2381 77 49 die
1896 2381 180 51 hfauen
2103 2383 476 64 Trühfingshfumen.

476 2449 154 63 „Goß
647 2452 159 62 weiße
825 2453 281 50 Narzissen
1130 2455 118 48 und
1252 2455 494 59 Himmefsschfasset,
1766 2460 80 48 die
1865 2458 69 51 ich
1953 2460 119 49 eben
2097 2460 115 62 aufs
2235 2462 150 50 Grab
2396 2465 182 62 gefegt.

476 2527 152 62 „Goß
656 2528 93 50 das
780 2549 129 30 neue
938 2531 402 62 Trühfingsgrah.

475 2604 167 54 „Und
660 2607 165 49 indem
857 2610 69 48 ich
956 2611 97 48 den
1084 2607 155 52 Toten
1263 2611 215 57 wohßtat,
1501 2611 169 62 fühßte
1702 2613 68 50 iS
1797 2613 119 51 miS
1944 2616 153 49 ihrem
2118 2616 207 51 HauSe
2354 2620 143 49 nahe.

476 2719 20 15 „
508 2682 136 49 Und
660 2686 165 48 indem
858 2686 70 49 iS
941 2686 103 61 für
1065 2695 76 42 sie
1166 2688 262 62 gesSäfiig
1450 2709 117 36 war,
1604 2691 192 49 deuSte
1829 2710 52 32 es
1911 2698 103 50 mir,

477 2761 99 52 „afs
608 2762 159 49 fehten
799 2764 81 49 die
905 2766 262 49 Gehiehten
1201 2777 150 38 unter
1375 2767 97 50 den
1506 2767 270 62 erfrisSten
1801 2770 222 50 Bfättern
2057 2772 337 50 undßfamen

476 2844 117 46 „mit
621 2839 273 61 erfrisSten
915 2843 178 51 Seelen
1105 2844 54 50 I”

428 2957 136 65 Wie
619 2973 102 51 wir
771 2966 136 60 noch
957 2969 259 72 standen,
1274 2969 129 62 kam
1450 2970 266 61 Rebekka
1764 2971 275 63 achtlosen
2083 2973 251 62 Schrittes
2385 2974 195 72 heran,

353 3048 214 66 lächelte
608 3063 84 55 ins
735 3058 420 65 Unbestimmte
1196 3072 112 53 wie
1348 3073 89 52 ein
1472 3063 212 71 Schalk,
1724 3063 101 62 sah
1859 3065 131 60 mich
2024 3064 161 80 lange
2220 3067 233 77 fragend
2486 3092 94 46 an,

354 3163 199 43 nannte
594 3149 90 61 die
725 3151 315 64 Schwester
1081 3157 218 61 zärtlich
1342 3167 98 52 mit
1481 3157 129 62 dem
1649 3156 235 63 Namen
1917 3158 180 71 Lotte,
2138 3159 303 63 streichelte
2481 3171 101 51 mit

355 3234 121 64 dem
508 3239 904 91 MarschaLNiel-Rosenzweige
1446 3251 83 61 ihr
1563 3251 243 62 Gesicht.
1843 3252 313 62 Streichelte
2189 3262 103 52 mir
2325 3265 98 51 mit
2450 3255 129 62 dem

353 3326 230 84 Eweige
607 3346 109 52 wie
748 3341 324 62 verstohlen
1107 3344 141 62 über
1274 3345 101 62 das
1402 3346 181 70 Haar,
1613 3345 170 61 lachte
1809 3345 224 62 kindlich
2062 3346 117 61 und
2210 3356 129 69 ging
2363 3358 214 52 weiter,

430 3424 127 62 »Sie
607 3438 68 52 ist
726 3431 89 62 die
865 3434 198 78 heilige
1112 3438 356 61 Unschuld!«
1531 3455 158 61 sagte
1737 3439 89 61 die
1876 3439 330 71 Schwester,
2263 3440 187 61 indem
2499 3452 83 50 sie

353 3516 101 59 sich
503 3523 318 75 anschickte,
872 3528 128 62 dem
1050 3530 282 62 lieblichen
1374 3532 283 62 Mädchen
1700 3532 235 78 sogleich
1977 3534 351 78 schweigend

354 3604 147 66 drein
534 3636 73 38 zu
641 3618 281 63 schreiten.
961 3623 141 61 Und
1135 3627 175 59 nickte
1342 3634 103 52 mir
1478 3650 107 36 nur
1616 3627 135 59 noch
1794 3634 159 52 einen
1987 3626 457 80 Abschiedsgruß
2486 3653 92 37 zu.

426 3700 169 66 Dann
636 3708 93 62 bin
771 3714 136 60 auch
948 3717 77 58 ich
1068 3727 195 52 weiter
1303 3718 346 79 gewandert,
1693 3718 106 62 den
1843 3718 154 62 Stein
2041 3719 97 61 der
2171 3719 295 64 Unschuld
2507 3732 75 51 im

353 3788 220 71 Herzen
614 3812 98 51 mit
753 3816 101 51 mir
894 3811 250 75 tragend.

1958 3890 174 64 Carl
2153 3893 424 78 Hauptmann
