3109 4572
632 450 122 48 1106

1316 447 184 51 Woher
1525 448 358 57 HasencCever,
1920 448 117 51 Der
2062 450 142 49 Soßn

2620 561 225 14 ■«—»♦»«—»»»«■—
2845 570 13 12 ff

629 652 140 77 lung
826 675 123 36 war
1005 652 99 61 der
1152 652 211 61 Polizei
1415 652 262 62 bekannt.
1729 652 87 62 Es
1867 662 70 52 ist
1984 662 91 52 ein
2116 652 156 62 Klub
2313 663 198 69 junger
2549 653 200 66 Leute,
2792 659 84 65 Er

629 745 151 62 steht
822 761 164 44 unter
1026 745 130 62 dem
1195 746 390 62 Protektorate
1627 756 153 52 einer
1821 746 190 62 hohen
2051 746 427 62 Persönlichkeit
2514 795 10 13 .
2564 794 12 14 .

705 838 142 61 Der
870 838 231 63 Vater:
1134 838 168 63 Audi
1338 838 104 63 das
1476 841 163 60 noch!
1675 841 176 60 Dann
1877 840 186 61 haben
2088 849 104 52 wir
2215 850 56 67 ja
2295 840 134 61 bald
2460 840 92 62 die
2576 841 296 69 Anarchie,

705 934 142 61 Der
887 934 442 62 Kommissar:
1369 934 84 61 Ich
1494 934 148 61 kann
1688 934 99 62 Sie
1830 934 140 61 über
2011 934 194 61 diesen
2247 935 256 77 Vortrag
2552 935 320 80 beruhigen.

626 1026 91 63 Er
758 1051 125 36 war
922 1051 107 36 nur
1070 1051 179 54 gegen
1291 1026 89 63 die
1421 1028 446 61 unmoralischen
1908 1029 189 61 Väter
2136 1029 275 77 gerichtet.

705 1120 142 63 Der
847 1120 237 63 Vater
1124 1129 281 56 (höhnisch):
1446 1120 156 63 Also
1659 1146 182 53 gegen
1899 1122 89 61 die
2046 1122 484 62 Unmoralischen.
2591 1123 144 62 Und
2793 1127 81 63 die

623 1214 325 79 Regierung
979 1226 318 51 unterstüzt
1338 1214 102 63 das
1475 1212 278 66 Treiben?
1787 1217 122 60 Um
1943 1240 68 37 so
2053 1216 158 62 mehr
2244 1226 70 52 ist
2346 1240 61 38 es
2444 1240 206 39 unsere
2681 1218 195 75 Pflicht,

624 1310 109 59 sich
789 1331 180 56 gegen
1028 1308 110 63 den
1179 1308 216 63 Verrat
1443 1319 56 52 in
1548 1310 101 62 der
1698 1320 235 67 eigenen
1974 1310 239 61 Familie
2262 1335 75 36 zu
2378 1311 279 62 schützen.
2700 1312 174 74 Nein,

624 1402 155 61 Herr
819 1404 379 69 Kommissar,
1240 1402 90 63 die
1372 1404 264 62 äußerste
1679 1404 254 77 Strenge,
1978 1405 114 60 Die
2134 1404 264 62 äußerste
2440 1404 262 78 Strenge!

705 1496 144 61 Der
899 1498 448 61 Kommissar:
1390 1498 136 61 Wir
1581 1498 126 61 sind
1767 1498 90 61 die
1913 1499 183 60 Leute
2153 1498 100 61 des
2305 1498 273 62 Gerichts.
2624 1499 247 65 Wieviel

624 1589 410 62 Verdammnis
1077 1589 140 62 sehn
1259 1592 128 61 wir!
1434 1590 272 61 Glauben
1752 1592 95 62 Sie
1896 1600 122 61 mir,
2060 1592 76 59 ich
2178 1590 113 63 will
2340 1592 200 61 keinen
2590 1592 283 64 Unsdml*

625 1683 168 78 digen
835 1683 238 71 henken,
1114 1684 346 78 geschweige
1500 1684 151 63 denn
1693 1694 222 53 meinen
1959 1694 235 68 eigenen
2227 1684 177 63 Sohn,
2443 1684 142 61 Und
2618 1710 170 38 wenn
2821 1711 53 39 er

623 1786 105 52 mir
767 1777 365 61 tausendfach
1174 1778 250 61 Unrecht
1463 1795 88 44 tut
1589 1777 64 66 —*
1692 1781 76 58 ich
1810 1778 94 61 bin
1946 1778 137 63 doch
2125 1788 119 53 sein
2270 1780 212 61 Vater!
2526 1780 122 62 Soll
2683 1804 61 38 er
2775 1806 99 37 an*

623 1870 137 62 dere
808 1871 159 61 mehr
1014 1871 183 62 lieben
1253 1872 83 61 als
1393 1874 168 60 mich?
1609 1872 135 62 Wir
1783 1874 188 60 Väter
2021 1884 231 50 müssen
2303 1890 113 44 erst
2467 1896 170 38 unsre
2685 1874 188 63 Söhne

628 1974 278 68 erringen,
948 1965 106 62 ehe
1094 1975 105 52 wir
1239 1976 228 61 wissen,
1509 1992 123 36 was
1675 1976 82 52 sie
1797 1968 143 60 sind,

703 2059 133 62 Der
836 2059 267 62 Vater:
1147 2058 97 63 Sie
1284 2060 257 61 scheinen
1583 2077 164 44 unter
1790 2060 235 62 Söhnen
2067 2077 180 45 etwas
2289 2059 477 63 Absonderliches
2803 2086 69 36 zu

623 2152 285 62 verstehn.

704 2247 141 61 Der
884 2247 424 62 Kommissar
1347 2255 304 57 (bescheiden)
1665 2276 9 28 :
1726 2248 83 60 Ich
1857 2247 263 62 verstehe
2171 2247 269 62 darunter
2488 2257 89 52 ein
2634 2248 237 70 Wesen,

628 2340 105 61 das
776 2350 103 51 mir
919 2340 294 78 geschenkt
1254 2351 89 61 ist,
1385 2341 129 61 dem
1556 2342 76 60 ich
1674 2341 203 62 dienen
1919 2342 151 61 muß.

703 2434 141 61 Der
875 2435 211 61 Vater
1118 2442 180 56 (erhebt
1329 2444 132 54 sich):
1495 2435 152 61 Herr
1681 2436 359 61 Kommissar
2182 2444 112 53 wie
2326 2453 219 61 gesagt:
2578 2436 84 61 Ich
2697 2435 174 61 danke

624 2526 193 63 Ihnen,
863 2529 167 60 Auch
1073 2529 77 61 ich
1190 2528 183 62 kenne
1414 2538 184 52 meine
1639 2529 181 61 Pflicht
1862 2529 83 62 als
1987 2530 205 70 Vater,
2234 2529 297 79 allerdings
2592 2539 55 52 in
2697 2539 172 52 einem

624 2620 217 63 andern
883 2622 193 62 Sinne,
1120 2623 83 60 Ich
1245 2624 264 60 wünsche
1550 2622 175 63 Ihnen
1767 2622 161 62 keine
1970 2623 530 79 Enttäuschungen!
2553 2624 83 60 Ich
2685 2622 184 62 werde

620 2736 64 38 es
727 2716 327 69 versuchen,
1096 2714 176 63 selbst
1311 2724 55 53 in
1415 2716 213 61 diesem
1677 2716 162 61 Falle
1896 2717 158 70 noch,
2111 2726 98 51 mit
2265 2724 241 54 meinem
2563 2716 202 62 Sohne
2820 2723 48 52 in

621 2807 167 62 Güte
819 2834 77 35 zu
929 2808 174 62 reden
1216 2811 235 77 solange
1484 2811 76 59 ich
1588 2810 103 60 das
1725 2834 249 54 vermag.
2011 2810 176 62 Mehr
2218 2810 150 60 kann
2401 2812 76 60 ich
2512 2812 140 60 nicht
2684 2831 183 56 sagen.

619 2902 85 61 Ich
748 2902 155 71 bitte,
945 2902 202 62 führen
1181 2904 98 62 Sie
1320 2904 94 60 ihn
1454 2912 103 52 mir
1597 2914 134 67 jetzt
1771 2929 91 37 zu.

700 2996 140 61 Der
872 2997 441 63 Kommissar:
1348 2997 82 61 Ich
1465 2997 194 61 werde
1692 2997 182 61 Ihrem
1909 2997 197 63 Sohne
2140 2997 90 63 die
2263 2997 242 63 Fesseln
2538 2997 327 63 abnehmen.

619 3089 87 61 Er
756 3090 143 61 wird
948 3089 110 62 den
1100 3090 160 78 Weg
1307 3116 75 35 zu
1424 3090 174 61 Ihnen
1649 3090 162 62 allein
1862 3091 202 61 finden,
2115 3100 91 55 (Er
2238 3100 226 61 verbeugt
2496 3099 90 50 sich
2619 3098 98 51 und
2749 3095 113 65 gebt.

619 3185 99 50 Der
751 3185 155 50 Vater
936 3197 122 38 setzt
1089 3185 89 50 sich
1211 3191 47 43 in
1292 3185 88 50 den
1411 3185 136 50 Stuhl
1581 3185 116 50 links
1731 3204 60 31 an
1824 3192 159 44 seinen
2016 3185 170 58 Tisch,)

1384 3431 358 66 ZWEITE
1783 3434 325 63 SZENE

618 3560 120 56 (Der
770 3559 131 52 Sohn
940 3565 99 45 tritt
1071 3559 137 51 durch
1240 3560 73 51 die
1344 3560 265 51 Mitteltüre
1642 3560 210 61 langsam
1886 3566 88 44 ein.
2012 3561 70 49 Er
2114 3565 61 45 ist
2209 3560 114 50 noch
2345 3566 160 45 immer
2526 3565 63 45 im
2610 3558 140 52 Frack
2773 3551 92 55 und

1047 3638 142 50 bleibt
1220 3657 60 31 an
1312 3638 83 50 der
1427 3635 127 53 Türe
1584 3644 47 44 in
1664 3639 321 49 abwartender
2017 3639 215 61 Haltung
2263 3639 173 56 stehn.)

696 3747 138 62 Der
834 3747 232 62 Vater
1099 3756 143 56 (steht
1275 3756 97 58 auf,
1404 3754 94 51 ihm
1531 3761 271 54 entgegen):
1838 3748 99 60 Da
1969 3747 110 62 bist
2110 3747 95 62 du.
2233 3780 58 15 ■—
2291 3777 5 10 ■
2321 3756 90 56 (Er
2441 3754 163 51 streckt
2637 3753 72 50 die
2727 3744 140 56 Hand

619 3855 123 48 aus.)
869 3841 199 62 Willst
1108 3841 78 61 du
1227 3850 103 52 mir
1371 3842 141 60 nicht
1552 3841 92 62 die
1686 3841 179 61 Hand
1904 3841 213 79 geben?

699 3935 140 59 Der
879 3933 207 64 Sohn:
1128 3935 182 71 Nein,
1350 3935 172 78 Papa.
