3075 4572
1342 466 210 51 Cfiarfot
1578 465 242 53 Strasser,

621 475 121 50 1030

1410 1176 696 83 SONSONATE

626 1395 310 165 VON
967 1420 281 79 Acajutla
1290 1419 149 62 fährt
1478 1441 132 38 man
1652 1425 56 54 in
1750 1425 155 52 einer
1944 1414 220 61 kleinen
2198 1409 224 65 Stunde
2461 1418 99 52 mit
2593 1407 100 63 der
2725 1407 154 64 Bahn

799 1517 134 61 nach
976 1515 347 70 Sonsonate,
1373 1512 100 62 der
1521 1527 208 53 ersten,
1780 1509 276 79 größeren
2099 1507 224 62 Station
2373 1504 108 61 auf
2524 1501 130 63 dem
2695 1501 186 79 Wege

628 1611 135 62 nach
806 1611 100 61 der
938 1608 358 81 Hauptstadt
1328 1607 119 63 San
1482 1604 301 65 Salvador.
1827 1602 151 62 Wer
2019 1611 55 52 in
2109 1601 99 60 der
2240 1595 159 64 Türe
2441 1597 100 62 des
2583 1595 298 63 hintersten

628 1706 266 76 Wagens
929 1703 168 72 steht,
1131 1702 145 62 sieht
1307 1702 92 61 die
1431 1700 281 62 silbernen
1746 1697 269 62 Schienen
2048 1705 55 50 in
2136 1692 305 63 tiefblauer
2474 1688 410 64 Llrwaldhöhle

630 1797 440 64 verschwinden.
1116 1796 178 62 Ohne
1334 1794 359 63 Unterbruch
1735 1791 129 62 rollt
1906 1790 99 61 der
2046 1788 136 78 Zug
2230 1796 247 52 inmitten
2527 1792 154 54 einer
2720 1783 165 61 Allee

631 1894 316 76 mächtiger,
998 1891 166 61 durch
1214 1891 216 61 Lianen
1478 1888 281 62 verfilzter
1806 1882 457 79 Mangobäume,
2323 1880 163 62 Hoch
2536 1877 142 63 über
2726 1876 159 62 ihnen

633 1987 281 63 berühren
957 1987 107 61 sich
1097 1983 465 63 Palmenkronen.
1608 1983 116 59 Hie
1766 1979 120 62 und
1928 1979 74 61 da
2035 1978 178 61 öffnet
2245 1975 108 61 sich
2389 1983 88 53 ein
2510 1973 246 62 Fenster
2789 1996 97 36 aus

637 2082 130 62 dem
800 2078 247 72 Tunnel,
1082 2079 150 61 dann
1265 2078 158 62 blickt
1463 2100 133 38 man
1638 2074 109 61 auf
1780 2082 189 61 weite,
2011 2070 308 79 gelbgrüne
2359 2064 530 66 Zuckerrohrfelder

637 2176 142 62 oder
834 2199 119 38 von
1011 2172 529 64 Kaffeesträuchern
1597 2168 209 62 dunkel
1863 2166 425 62 überwucherte
2345 2162 211 77 Hügel,
2625 2161 105 59 An
2787 2158 102 62 den

638 2270 221 61 kleinen
903 2267 299 64 Stationen
1243 2265 126 62 sind
1408 2265 258 61 Mauern
1705 2285 120 37 von
1867 2260 409 61 Kaffeesäcken
2317 2253 398 80 aufgestapelt.

719 2363 99 60 Zu
868 2363 110 60 den
1027 2359 226 72 kühlen,
1303 2359 150 61 alten
1494 2355 408 65 Steinhäusern
1945 2352 358 63 Sonsonates
2354 2349 154 61 führt
2549 2347 181 61 hinter
2771 2345 120 61 dem

638 2457 277 62 Bahnhof
956 2464 126 52 eine
1129 2450 440 80 kühngewölbte
1618 2448 379 64 Steinbrücke,
2058 2446 61 60 In
2179 2445 100 60 der
2328 2443 250 62 Schlucht
2635 2440 258 61 darunter

642 2550 242 64 standen
924 2549 450 61 Wäscherinnen
1416 2544 85 62 bis
1543 2568 76 37 zu
1660 2543 110 61 den
1813 2543 189 60 Knien
2052 2548 75 52 im
2178 2535 414 64 schäumenden
2635 2534 260 69 Wasser,-

642 2670 118 37 von
802 2644 111 61 den
946 2644 420 60 Bronzearmen
1407 2639 176 80 perlte
1625 2637 103 62 das
1764 2633 368 65 erfrischende
2165 2633 215 61 Feucht
2420 2631 118 60 und
2573 2629 90 61 die
2696 2648 198 41 nassen

644 2738 236 64 Kleider
920 2738 333 75 schmiegten
1295 2735 107 61 sich
1453 2758 73 36 an
1576 2732 90 61 die
1708 2727 373 65 naturfrohen
2122 2727 248 77 Körper,
2411 2733 113 52 wie
2568 2719 326 66 Gewänder

645 2831 352 80 griechischer
1039 2830 257 62 Statuen,

725 2926 217 63 Neben
978 2924 100 62 der
1108 2924 214 61 Brücke
1355 2921 91 78 lag
1479 2930 89 51 ein
1604 2919 158 70 alter,
1806 2916 316 80 spanischer
2156 2912 277 72 Gasthof,
2475 2910 179 62 Hotel
2687 2909 208 62 Blanco

646 3046 45 54 y
722 3020 225 77 Negro,
992 3018 87 61 Es
1113 3015 235 79 gehörte
1381 3024 183 52 einem
1599 3009 555 77 Sevillaneradligen,
2197 3008 139 61 Don
2370 3006 227 60 Arturo
2632 3003 72 61 de
2738 3001 159 68 Sosa,

649 3125 100 50 mit
788 3113 130 62 dem
959 3113 77 60 ich
1077 3111 136 61 mich
1253 3108 132 62 bald
1425 3125 101 60 gut
1566 3104 289 71 verstand,
1896 3127 123 37 war
2067 3126 61 38 er
2178 3102 137 59 doch
2366 3109 54 51 in
2465 3108 181 52 einem
2687 3098 211 60 Institut

650 3217 212 54 meiner
903 3207 236 61 Heimat
1180 3205 347 76 auferzogen
1569 3199 259 72 worden,
1870 3198 192 79 sprach
2105 3220 172 53 sogar
2319 3194 172 61 deren
2533 3191 245 63 Dialekt,
2822 3187 77 61 Er

651 3302 150 61 hatte
849 3310 242 52 meinem
1133 3297 265 80 Spanisch
1450 3296 111 61 den
1610 3293 235 63 Akzent
1893 3290 323 78 angefühlt,-
2262 3288 190 77 Frage
2502 3286 118 61 und
2670 3283 230 76 Gegen*

652 3398 158 76 frage
852 3395 225 61 führten
1119 3417 105 36 uns
1266 3391 133 61 bald
1440 3414 75 37 zu
1555 3398 420 69 gemeinsamen
2015 3384 329 62 Bekannten
2387 3381 120 61 und
2547 3380 92 61 die
2679 3372 220 67 Freude

652 3513 125 38 war
818 3489 156 77 groß.
1017 3488 83 61 Im
1139 3486 202 61 Innern
1384 3484 100 61 der
1524 3480 280 81 Republik
1846 3478 309 63 Salvador!

732 3584 125 60 Am
891 3582 263 61 nächsten
1187 3575 127 82 Tag
1354 3588 158 51 ritten
1545 3586 106 52 wir
1684 3597 351 46 zusammen,
2076 3569 268 64 nachdem
2376 3578 104 52 mir
2512 3568 141 61 Don
2686 3565 214 61 Arturo

658 3687 90 52 ein
787 3677 146 61 Paar
981 3673 534 78 handtellergroßer,
1555 3672 290 76 gezackter
1888 3664 349 65 Silberräder
2287 3688 74 36 an
2411 3662 91 61 die
2543 3659 219 65 Schuhe
2810 3674 94 58 ge*

659 3771 230 61 bunden
929 3770 174 70 hatte,
1144 3768 110 61 auf
1287 3766 423 62 einheimischen
1745 3761 260 70 Pferden,
2047 3760 91 60 die
2179 3757 110 62 den
2324 3757 313 77 bequemen
2673 3749 117 64 und
2824 3747 81 60 für

663 3865 109 60 den
819 3865 190 60 Reiter
1056 3871 187 68 wenig
1300 3859 385 63 ermüdenden
1735 3856 266 76 Paßgang
2057 3862 222 68 gingen,
2338 3859 89 52 ein
2475 3845 430 82 gleichmäßiges,

663 3958 217 61 rasches
913 3955 326 77 Mittelding
1279 3954 275 61 zwischen
1587 3947 156 64 Trab
1787 3949 118 61 und
1938 3947 216 70 Schritt,
2194 3946 135 60 nach
2364 3944 130 61 dem
2526 3926 387 76 Indianerdorf
