3202 4572
981 452 181 51 Wafter
1184 452 356 57 Hasencfever,
1717 454 142 50 Soßn

2419 451 123 49 1109

375 674 133 61 Der
548 665 240 61 Vater:
832 656 208 63 Danke
1084 656 219 62 deinem
1354 657 288 80 Schöpfer,
1701 658 109 63 daß
1860 660 74 61 ich
1985 667 55 52 in
2091 657 184 62 dieser
2315 657 227 62 Stunde

304 792 68 40 zu
412 762 73 63 alt
516 780 137 40 war.
696 754 178 62 Sonst
910 799 11 14 .
960 799 12 14 ,
1011 799 12 13 .
1067 751 168 61 Aber
1275 752 138 60 noch
1454 761 70 52 ist
1567 752 102 63 das
1711 752 166 63 letzte
1910 754 168 61 Wort
2119 754 139 59 nicht
2296 775 211 56 gespro-

305 862 137 59 chen,
484 849 159 63 Rede
684 846 149 61 also!
870 844 141 62 Auf
1035 853 242 52 meinem
1310 839 340 67 Totenbette
1683 845 111 61 will
1827 848 76 59 ich
1937 846 109 60 den
2078 845 295 61 Vorwurf
2398 845 142 60 nicht

306 971 204 56 tragen,
559 943 99 61 der
697 940 177 61 Erste
922 961 268 54 gewesen
1231 962 75 37 zu
1348 947 137 53 sein.
1543 938 159 62 Rede
1741 963 75 37 zu
1856 939 195 62 Ende!
2110 939 82 61 Ich
2234 939 113 61 will
2388 938 152 61 volle

305 1042 244 66 Klarheit
596 1036 141 62 über
778 1033 115 61 dich
944 1030 204 73 haben,
1199 1030 69 63 eh
1319 1033 76 60 ich
1437 1033 136 61 auch
1622 1033 103 61 das
1766 1034 162 61 Band
1967 1034 266 70 zerreiße,
2275 1033 104 61 das
2422 1032 117 61 dich

308 1137 127 62 noch
477 1156 71 37 an
588 1130 135 60 mich
765 1127 184 61 kettet.

377 1230 134 60 Der
550 1222 206 64 Sohn:
808 1221 174 77 Papa,
1039 1218 79 61 du
1160 1226 157 53 wirst
1366 1218 167 63 nichts
1585 1218 158 63 mehr
1781 1221 301 61 zerreißen.
2143 1220 101 61 Ob
2288 1240 68 41 so
2399 1218 143 61 oder

306 1348 64 38 so
408 1320 105 62 auf
546 1317 221 61 deinem
807 1310 340 65 Totenbette
1306 1314 134 59 mich
1481 1312 189 63 rührst
1711 1314 77 61 du
1830 1315 139 61 nicht
2008 1314 172 62 mehr.
2223 1312 317 63 Überlasse

308 1415 124 62 mich
473 1436 104 36 nur
616 1409 109 61 den
766 1408 239 61 Furien:
1051 1428 167 55 sorge
1260 1405 98 71 du,
1401 1405 109 62 daß
1553 1406 79 61 du
1673 1415 54 52 in
1768 1406 165 63 Ruhe
1973 1408 224 61 sterben
2238 1406 220 61 kannst.

380 1504 249 65 Deshalb
678 1502 140 61 höre
866 1500 120 61 und
1034 1499 206 79 glaube
1291 1524 123 37 was
1463 1502 77 59 ich
1589 1500 83 61 dir
1720 1524 159 55 sage:
1931 1500 105 79 gib
2078 1502 149 61 midi
2270 1500 141 61 frei.
2456 1500 84 61 Ich

309 1601 148 63 stehe
497 1608 52 51 in
592 1594 370 64 furchtbarem
1002 1593 215 62 Ernste
1256 1617 108 37 vor
1405 1593 107 62 dir!

384 1693 134 61 Der
557 1690 240 61 Vater:
842 1688 84 60 Ich
959 1686 150 62 lache
1142 1686 141 62 über
1317 1687 201 61 deinen
1552 1687 192 61 Ernst.
1781 1687 114 61 Ein
1927 1687 140 61 Irrer
2100 1687 147 61 steht
2277 1710 108 38 vor
2418 1696 120 52 mir.

386 1787 134 60 Der
551 1782 207 64 Sohn:
802 1782 157 78 Papa
1101 1781 91 61 laß
1226 1805 106 37 uns
1368 1781 135 61 alles
1537 1805 320 53 vergessen.
1893 1781 165 61 Aber
2091 1781 104 60 hör
2227 1790 99 52 mit
2359 1780 184 62 dieser

311 1880 138 60 Pose
488 1878 122 59 auf!
662 1875 89 61 Es
799 1874 136 78 geht
976 1898 96 37 um
1123 1874 128 61 dein
1292 1872 245 63 Leben!!
1589 1874 166 61 Alles
1804 1883 81 52 sei
1933 1874 404 77 ungeschehen,
2380 1872 163 74 Qual

310 1972 111 60 und
450 1972 179 59 Rache
662 1968 119 62 und
814 1968 311 61 Hinterlist,
1171 1966 245 64 Streiche
1457 1968 133 61 mich
1631 1977 55 52 in
1729 1966 217 63 deinem
1979 1969 230 60 Herzen
2242 1968 84 61 als
2362 1966 178 64 Sohn.

313 2064 133 61 Und
484 2064 88 61 laß
612 2064 135 60 mich
789 2073 135 67 jetzt
963 2062 206 78 gehen!

383 2158 133 60 Der
555 2157 217 61 Vater
805 2163 284 56 (höhnisdi):
1133 2154 170 63 Noch
1346 2154 157 70 nicht,
1545 2163 146 52 mein
1733 2153 175 64 Sohn,

385 2251 132 61 Der
558 2250 206 63 Sohn;
807 2250 151 62 Nun
993 2250 149 62 denn
1183 2275 85 37 —:
1306 2248 81 63 als
1424 2250 75 61 ich
1532 2266 221 61 gestern
1787 2274 104 37 aus
1923 2248 191 63 deiner
2147 2248 237 63 Gewalt
2416 2265 93 44 ent-

314 2342 124 71 floh,
493 2342 333 79 begleiteten
882 2344 136 59 mich
1065 2342 165 71 viele,
1288 2342 90 63 die
1437 2351 73 54 im
1570 2342 221 61 Garten
1847 2344 269 59 versteckt
2172 2364 216 48 waren,
2445 2350 100 52 mit

318 2436 327 63 Revolvern,

386 2529 132 61 Der
558 2530 217 61 Vater
813 2539 353 56 <aufmerksam>
1180 2556 10 37 ;
1236 2530 154 61 Was
1551 2529 105 62 soll
1697 2529 102 62 das
1840 2529 228 61 heißen?

388 2622 132 61 Der
568 2623 184 62 Sohn
802 2632 327 56 <fortfahrend>
1143 2648 10 37 ;
1216 2623 143 62 Und
1416 2633 55 52 in
1531 2622 290 62 derselben
1879 2622 205 71 Nacht,
2140 2631 123 52 eine
2322 2620 222 63 Stunde

318 2723 194 68 später,
569 2717 109 61 hab
729 2718 76 60 ich
864 2742 75 37 zu
996 2717 168 62 ihnen
1221 2717 230 79 geredet
1509 2739 178 57 gegen
1734 2717 152 70 euch,
1943 2714 82 63 ihr
2070 2711 333 82 Tyrannen,
2460 2714 84 61 ihr

318 2806 193 74 Väter,
545 2810 81 61 ihr
651 2812 312 62 Verächter
995 2812 136 61 alles
1169 2811 240 62 Großen
1537 2812 79 78 Ja,
1651 2810 248 62 erblasse
1931 2834 105 35 nur
2168 2810 75 59 ich
2276 2808 95 61 bin
2404 2810 141 59 nicht

323 2899 148 62 mehr
517 2911 53 52 in
614 2904 162 62 deine
817 2905 215 62 Hände
1071 2905 279 79 gegeben:
1402 2906 153 60 Dein
1598 2902 248 63 Intellekt
1885 2902 161 61 reicht
2086 2902 138 60 nicht
2265 2925 105 37 aus
2412 2925 136 37 zum

322 2991 327 77 Gedanken,
706 3023 68 37 so
817 2999 185 79 beuge
1044 3000 116 60 dich
1202 3024 106 37 vor
1352 2998 99 62 der
1491 2994 137 66 Tat!
1687 2999 123 61 Wir
1851 2995 123 62 sind
2014 2995 159 61 keine
2214 2995 170 70 Irren,
2442 3004 108 52 wir

322 3085 116 61 sind
477 3087 382 76 Menschen,
902 3092 119 61 und
1062 3102 104 52 wir
1207 3092 218 62 leben:
1472 3090 161 63 leben
1677 3089 247 80 doppelt,
1965 3088 128 61 weil
2130 3088 83 60 ihr
2246 3112 106 37 uns
2388 3097 160 52 töten

322 3179 163 63 wollt.
543 3184 101 61 Du
692 3195 160 53 wirst
899 3187 201 61 keinen
1142 3187 192 62 Schritt
1374 3210 106 37 aus
1524 3184 212 61 diesem
1777 3183 250 61 Zimmer
2067 3198 120 55 tun,
2244 3182 151 61 ohne
2439 3182 111 62 daß

322 3262 315 86 Tausende,
695 3278 90 63 die
850 3281 75 61 ich
982 3281 123 71 rief,
1171 3281 115 60 dich
1345 3278 368 77 zerschlagen,
1772 3276 284 79 bespeien,
2112 3291 292 46 zertreten.
2465 3276 84 62 So

320 3365 186 62 rächen
553 3380 104 51 wir
705 3396 107 39 uns
863 3398 72 37 an
978 3376 134 60 euch
1155 3374 118 62 und
1313 3398 74 35 an
1429 3395 164 40 eurer
1632 3371 211 69 Macht,
1894 3369 118 60 und
2051 3367 188 62 keiner
2279 3393 118 36 von
2440 3369 112 62 den

323 3452 232 69 Göttern
588 3466 143 60 wird
764 3490 107 37 uns
897 3468 307 61 verlassen,
1242 3475 99 55 <Da
1373 3492 48 31 er
1453 3484 260 38 antworten
1745 3470 130 56 will.)
1907 3462 80 78 Ja,
2020 3462 74 60 ich
2129 3461 146 61 habe
2309 3461 92 61 die
2432 3462 122 61 Re**

322 3549 246 67 volution
609 3556 317 80 begonnen,
968 3570 246 53 inmitten
1256 3562 99 61 der
1388 3559 463 69 Folterkammer,
1890 3579 97 38 wo
2021 3556 75 60 ich
2131 3555 159 61 stehe
2434 3556 120 61 und

322 3636 124 67 bald
484 3650 140 60 wird
663 3663 148 51 mein
842 3654 202 62 Name
1085 3656 141 60 über
1258 3652 355 64 Leitartikeln
1647 3650 176 63 stehn.
1860 3650 138 78 Jetzt
2028 3648 210 79 kämpft
2271 3657 89 53 ein
2392 3649 164 62 Volk

324 3753 109 42 von
474 3739 249 77 Söhnen,
765 3771 169 38 wenn
977 3748 77 62 du
1089 3750 184 77 längst
1313 3758 55 51 in
1413 3746 180 63 Staub
1633 3744 267 63 zerfallen
1933 3744 125 60 bist.

395 3828 139 65 Hier
649 3838 99 61 lies
783 3850 53 52 in
871 3842 192 62 deiner
1096 3843 267 78 Zeitung,
1399 3855 68 49 <er
1498 3849 119 49 wirft
1658 3846 91 51 ihm
1782 3851 72 45 ein
1886 3845 126 49 Blatt
2044 3850 266 56 entgegen);
2347 3845 209 52 zitterst

325 3916 105 66 du?
446 3924 123 64 Das
588 3939 69 53 ist
675 3932 127 63 dein
821 3935 223 63 wahres
1066 3936 254 62 Gesicht!
1343 3936 78 78 Ja,
1440 3935 75 61 ich
1534 3935 93 60 bin
1646 3957 61 38 es
1725 3932 289 78 gewesen!
2035 3931 81 61 Ich
2135 3930 146 62 habe
2299 3930 254 79 geredet!
