3340 4572
736 507 21 22 j|c
769 511 10 11 *
871 507 20 23 >|C
944 511 48 12 ■■■*
1005 507 20 23 !(!
1030 511 94 12 ■♦—*
1139 507 19 23 5fc
1272 508 20 22 jfc
1406 508 20 24 *
1440 513 85 12 *■—*
1539 509 20 23 5j£
1649 513 10 11 ♦
1673 509 19 23 *
1806 509 21 23 5(C
1839 514 24 11 *■
1940 509 19 24 5$i
2013 515 30 10 ■■■■'
2050 514 10 11 *
2074 509 19 23 *
2107 514 9 11 ♦
2136 515 21 9 ■■■
2163 513 30 11 ■■■»
2207 509 20 23 5jc
2300 515 10 8 ■
2317 513 10 11 ♦
2340 509 21 22 *
2474 508 20 23 *

731 682 274 59 Schweigen
1035 683 176 60 bringt,
1244 685 62 43 ist
1338 686 75 43 die
1447 687 267 59 Stimmung
1747 686 83 43 der
1863 687 185 44 Lieder.
2082 687 112 56 „Ich
2225 696 145 34 warte
2403 687 106 43 hier

727 743 139 43 müde
903 744 207 43 Stunden
1141 746 98 42 und
1268 746 151 44 breite
1454 748 75 42 die
1556 748 165 43 Gaben
1754 748 78 42 für
1865 748 120 55 dich,
2021 748 74 43 die
2119 748 388 58 Vorübergehen-

729 802 89 42 den
850 803 204 44 nehmen
1093 805 75 43 die
1201 807 215 56 Blumen,
1451 809 102 41 eine
1596 823 82 27 um
1711 808 74 42 die
1828 809 171 42 andere
2034 833 54 7 —
2128 809 128 41 mein
2289 809 126 41 Korb
2449 809 61 41 ist

728 863 93 41 fast
863 864 144 43 leer.“
1049 867 95 41 Das
1186 882 146 42 ganze
1374 868 162 42 Leben
1582 869 125 57 folgt
1746 868 82 43 der
1868 868 273 55 Sehnsucht,
2175 868 78 43 das
2294 869 119 42 Eine
2453 883 56 27 zu

731 923 155 42 fassen
908 925 68 41 im
999 925 153 57 Spiele
1186 928 77 41 des
1290 928 180 55 Vielen,
1494 929 83 41 auf
1597 929 89 42 den
1718 928 211 44 fernsten
1954 931 182 55 Wegen
2168 943 81 27 zur
2269 928 240 42 innersten

733 983 161 57 Mitte,
939 985 147 43 durch
1128 986 74 43 die
1245 988 352 58 schwierigsten
1637 984 230 63 Übungen
1915 1003 105 28 zum
2060 988 290 43 einfachsten
2392 990 116 53 Ton,

729 1043 148 42 durch
915 1045 91 42 alle
1042 1047 206 42 äußeren
1280 1049 189 41 Welten
1501 1063 106 27 zum
1639 1049 379 56 Allerheiligsten
2052 1063 55 27 zu
2140 1049 243 57 gelangen.

729 1165 231 42 Kölnische
1003 1167 203 57 Zeitung:
1245 1169 117 41 Man
1394 1169 102 41 läßt
1534 1168 98 43 sich
1670 1169 78 42 bei
1789 1169 83 42 der
1912 1169 206 42 Lektüre
2161 1168 83 42 der
2284 1167 225 57 „Sanges-

730 1224 164 54 opfer“
940 1226 111 41 bald
1093 1241 88 27 von
1215 1227 109 41 dem
1357 1228 208 42 weichen
1604 1228 286 56 Wohlklang
1923 1228 84 41 der
2038 1230 215 54 Hymnen
2284 1226 91 42 mit
2404 1226 103 42 hin-

729 1284 244 43 einziehen
1019 1287 50 39 in
1117 1286 75 41 die
1244 1287 438 57 Gebetsstimmung
1728 1287 96 42 und
1869 1287 250 41 feierliche
2166 1286 215 42 Andacht
2429 1286 78 41 des

727 1343 236 52 Dichters,
999 1344 83 42 der
1122 1360 56 26 zu
1218 1346 177 41 seinem
1432 1347 118 41 Gott
1588 1347 183 41 überall
1804 1345 192 57 spricht,
2031 1346 58 41 da
2129 1359 52 27 er
2211 1346 82 40 ihn
2324 1345 184 41 überall

728 1402 120 42 sieht
870 1404 96 40 und
988 1404 137 54 fühlt,
1157 1404 67 41 im
1245 1404 239 43 kleinsten
1507 1405 95 41 und
1625 1405 65 41 im
1714 1407 215 54 größten,
1954 1404 82 41 der
2068 1404 89 42 mit
2180 1404 83 42 der
2287 1404 222 41 Inbrunst

727 1461 77 42 des
829 1463 253 55 Mystikers
1107 1463 78 42 das
1211 1464 218 41 Einssein
1461 1464 90 41 mit
1583 1465 109 41 dem
1724 1463 410 42 welterfüllenden
2162 1464 117 41 Gott
2309 1463 200 57 begehrt

727 1520 92 41 und
849 1522 355 56 vorempfindet.

725 1639 121 43 Neue
878 1640 70 42 Pr,
983 1640 385 58 Kreuz-Zeitung:
1414 1635 200 49 Ähnlich
1662 1642 88 42 wie
1797 1642 68 42 im
1905 1641 293 43 Hohenliede
2248 1640 84 43 der
2371 1640 137 42 Bibel

726 1699 187 55 quellen
956 1699 124 42 diese
1117 1701 216 57 Gesänge
1376 1716 79 28 aus
1489 1702 158 41 einem
1685 1701 93 43 tief
1807 1702 238 41 frommen
2077 1703 184 40 Herzen
2301 1700 88 41 wie
2431 1699 75 42 die

722 1758 444 58 keusch-brünstige
1193 1760 260 43 Sehnsucht
1474 1762 120 42 nach
1618 1761 107 41 dem
1747 1762 247 57 Aufgehen
2025 1761 49 41 in
2093 1760 84 43 der
2201 1760 145 43 Liebe
2381 1759 124 42 eines

724 1817 175 43 andern
941 1821 207 52 Wesens,
1188 1819 105 43 hier
1341 1821 78 42 des
1467 1821 443 43 weltumfassenden
1955 1821 96 42 und
2098 1818 409 45 welterfüllenden

726 1879 179 41 Gottes.
934 1879 117 41 Man
1083 1879 126 42 fühlt
1242 1894 45 28 es
1321 1880 49 42 in
1401 1880 132 55 jeder
1556 1880 128 43 Zeile
1719 1881 88 42 wie
1841 1896 116 42 ganz
1991 1880 143 42 allein
2168 1880 153 42 dieser
2342 1880 165 56 Drang

722 1938 120 41 nach
873 1938 352 57 Entselbstung,
1260 1939 149 44 dieses
1434 1941 266 57 Verlangen
1731 1941 120 42 nach
1884 1941 92 42 den
2008 1941 172 41 immer
2213 1939 150 54 einen,
2392 1939 112 42 alles

721 1997 406 43 beherrschenden
1162 1999 127 41 Ziele
1332 2014 46 28 es
1419 2000 74 55 ist,
1527 2000 79 42 das
1649 2000 107 42 dem
1789 2002 177 56 Sänger
2006 2000 75 42 die
2116 2002 163 40 Worte
2314 1999 85 43 auf
2429 1998 74 42 die

723 2058 159 57 Zunge
906 2058 145 42 führt.
1077 2058 106 42 Und
1211 2066 122 35 trotz
1365 2060 117 41 aller
1514 2060 375 43 zeitentrückten
1907 2060 420 57 Weltverneinung
2351 2058 151 42 bleibt

721 2116 100 43 ihm
854 2117 78 42 das
965 2117 122 42 stille
1117 2119 169 53 Glück,
1315 2119 136 42 einen
1474 2120 208 57 Abglanz
1717 2120 78 42 des
1818 2121 197 56 Ewigen
2046 2120 97 42 und
2175 2118 325 44 Unendlichen

722 2176 143 42 schon
896 2178 50 40 in
969 2176 83 42 der
1075 2178 254 42 Schönheit
1361 2179 84 42 der
1477 2180 244 42 einzelnen
1745 2181 154 54 Blüte,
1923 2180 79 41 des
2027 2178 369 54 Sonnenstrahls,
2422 2178 77 41 des

722 2238 398 55 Wassertropfens
1145 2253 55 26 zu
1218 2239 206 41 erfassen
1442 2240 97 41 und
1564 2254 49 27 so
1630 2254 56 27 zu
1711 2239 131 43 einer
1857 2239 356 58 beglückenden
2241 2237 181 44 Freude
2443 2253 58 27 an

723 2296 89 42 den
823 2297 240 42 Wundern
1084 2297 78 42 des
1181 2299 273 56 Unewigen,
1474 2300 276 54 Zeitlichen,
1769 2300 393 57 Gegenwärtigen
2178 2314 57 27 zu
2252 2298 244 58 gelangen.

723 2357 118 40 Man
879 2356 126 43 kann
1037 2371 45 28 es
1123 2358 261 50 verstehen,
1418 2359 91 41 daß
1543 2359 155 43 dieser
1731 2360 150 42 Mann
1919 2358 79 43 bei
2031 2359 177 42 seinem
2241 2357 148 43 Volke
2424 2357 75 42 die

722 2416 277 58 Verehrung
1039 2417 125 42 eines
1207 2418 219 57 Heiligen
1468 2421 207 55 genießt.
1708 2420 92 41 Die
1835 2419 118 55 edle,
1994 2418 252 58 klingende
2281 2416 217 59 Sprache,

724 2475 75 42 die
825 2476 129 43 nicht
978 2491 116 42 ganz
1118 2477 119 42 ohne
1263 2478 329 43 orientalische
1615 2479 294 57 Blumigkeit
1942 2479 277 55 auskommt,
2247 2478 112 42 aber
2382 2477 118 42 doch

723 2534 200 44 schlicht
954 2550 156 43 genug
1141 2537 74 53 ist,
1249 2537 75 42 die
1357 2538 117 42 tiefe
1514 2539 241 56 Innigkeit
1794 2539 80 42 des
1910 2538 280 43 Gedankens
2231 2538 49 41 in
2311 2536 190 43 keinem

722 2595 295 57 Augenblick
1058 2610 56 27 zu
1152 2596 277 57 verdecken,
1464 2597 75 44 die
1581 2599 400 57 ausgesprochene
2022 2596 480 58 Unkompliziertheit

724 2654 78 42 des
828 2654 318 57 Empfindens,
1165 2656 75 42 die
1258 2657 99 41 sich
1373 2658 269 42 manchmal
1658 2659 90 42 mit
1765 2658 152 43 einem
1936 2658 346 42 dichterischen
2308 2656 188 44 Gleich-

720 2714 71 41 nis
817 2714 79 41 für
922 2714 136 43 einen
1086 2715 303 58 alltäglichen
1407 2717 180 42 Einfall
1611 2718 223 57 begnügt,
1853 2719 94 40 und
1976 2717 123 42 dann
2128 2718 82 41 der
2232 2716 121 43 hohe
2371 2716 130 57 hym-

720 2774 160 42 nische
908 2775 230 55 Schwung
1169 2775 51 41 in
1245 2775 83 42 der
1350 2778 142 40 Form
1517 2778 198 42 machen
1736 2777 83 42 ihn
1842 2793 106 26 zum
1966 2777 167 43 echten
2158 2776 341 46 Volksdichter.

722 2893 353 43 Hannoverscher
1110 2895 174 42 Courier
1292 2928 11 22 ,
1345 2896 252 44 Hannover:
1643 2896 119 43 Eine
1802 2911 120 27 neue
1955 2896 129 44 Welt
2131 2895 118 43 wird
2287 2895 104 42 hier
2432 2910 71 27 er-

722 2952 248 56 schlossen,
1013 2956 127 41 Töne
1191 2955 259 56 erklingen,
1491 2957 120 41 nach
1661 2956 152 43 denen
1860 2957 87 41 wir
1987 2971 84 26 uns
2111 2956 140 57 lange
2291 2955 208 58 gesehnt,

722 3013 182 41 Farben
936 3013 219 42 leuchten
1190 3015 92 53 auf,
1318 3015 74 41 die
1426 3030 84 27 uns
1552 3016 158 42 fremd
1749 3016 250 58 geworden
2031 3030 178 28 waren:
2253 3015 75 41 die
2360 3015 138 42 licht-

719 3072 234 57 freudige,
978 3073 339 43 frohlockende
1344 3076 420 57 Weltauffassung,
1800 3076 74 41 die
1907 3077 48 40 in
1984 3076 118 41 Gott
2133 3076 76 41 die
2242 3076 145 56 große
2410 3076 88 40 Be-

719 3131 175 58 jahung
934 3132 78 42 des
1054 3133 182 42 Lebens
1279 3133 222 57 erblickt,
1542 3136 208 42 bekennt
1799 3135 99 42 sich
1936 3135 105 42 hier
2081 3135 49 41 in
2168 3135 329 53 machtvollen,

719 3191 269 43 herrlichen
1019 3193 357 56 Dithyramben.

721 3312 302 42 Darmstädter
1050 3313 249 56 Tageblatt:
1329 3314 62 41 Es
1417 3313 104 43 sind
1544 3314 121 42 hohe
1693 3314 174 43 Lieder
1889 3315 51 41 in
1974 3314 77 43 des
2078 3317 186 40 Wortes
2298 3314 200 42 edelster

719 3371 237 58 Deutung.
990 3373 148 41 Keine
1164 3372 442 59 Reimdichtungen,
1636 3375 113 41 aber
1773 3374 186 55 Lieder,
1992 3389 49 27 so
2075 3374 423 42 sinfonisch-musi-

719 3430 181 43 kalisch
941 3432 302 56 empfunden,
1284 3447 48 27 so
1373 3434 95 41 voll
1507 3449 90 26 von
1637 3434 392 57 gedankentiefer
2070 3434 163 42 Poesie
2274 3433 97 43 und
2409 3448 88 28 von

722 3490 130 42 einer
874 3491 223 42 Reinheit
1130 3491 83 43 der
1241 3492 335 58 Empfindung,
1609 3493 92 43 daß
1726 3494 102 42 ihre
1855 3495 206 41 Lektüre
2094 3494 88 41 wie
2209 3493 104 43 eine
2337 3493 161 42 kunst-

720 3551 277 56 gewordene
1025 3551 219 58 religiöse
1271 3554 258 56 Erbauung
1554 3553 153 43 wirkt.
1733 3554 91 42 Die
1851 3554 48 42 in
1923 3554 154 42 ihrem
2102 3553 244 43 Ausdruck
2371 3554 127 41 naiv-

719 3611 264 42 natürliche
1026 3612 203 55 Sprache
1270 3613 61 43 ist
1369 3613 50 41 in
1461 3613 83 42 der
1583 3615 141 40 Form
1771 3629 90 27 von
1909 3613 154 44 edlem
2103 3613 259 57 Rhythmus
2402 3612 97 43 und

720 3670 403 56 poesieerfülltem
1150 3672 270 57 Schwünge.
1440 3672 254 44 Inhaltlich
1719 3673 164 58 singen
1909 3674 75 42 die
2009 3689 89 27 von
2124 3674 130 42 einer
2280 3673 219 57 symboli-

722 3730 245 42 sierenden
991 3730 178 57 Mystik
1200 3733 310 42 umwobenen
1533 3733 155 42 hohen
1714 3733 174 43 Lieder
1913 3733 316 43 ausnahmslos
2254 3748 89 27 von
2369 3732 131 43 einer

721 3804 152 28 neuen
905 3790 146 42 Ethik
1084 3791 78 41 des
1197 3792 341 46 Seelenlebens.
1570 3792 135 43 Doch
1749 3793 164 58 zeigen
1945 3794 82 54 sie,
2060 3793 91 41 daß
2187 3792 83 43 der
2300 3792 200 43 Dichter

723 3850 107 41 dem
870 3850 162 41 Leben
1070 3850 134 43 nicht
1240 3851 159 44 fremd
1438 3853 411 57 gegenübersteht,
1891 3853 90 42 daß
2023 3867 52 28 er
2115 3853 82 42 der
2237 3852 262 43 Menschen

2590 4015 61 40 \im
