3215 4572
1034 483 181 51 Welfter
1455 484 345 55 Hasenefever,
1801 484 116 51 Soßtt

2478 481 121 49 1099

429 701 133 59 Der
603 688 296 66 Freund:
945 687 97 62 Sei
1083 696 205 68 mutig/
1331 687 169 61 heute
1542 687 109 62 hist
1691 688 78 61 du
1811 688 211 61 besser.

429 793 135 60 Der
604 783 209 65 Sohn:
857 780 145 62 Und
1042 778 82 64 als
1158 780 77 60 ich
1277 788 73 52 im
1393 780 168 62 Saale
1601 781 165 61 stand
1837 813 14 11 -
1876 781 218 79 vergißt
2135 780 110 62 du?

430 886 135 61 Der
604 875 299 66 Freund:
946 875 141 77 Jetzt
1127 891 114 45 erst
1284 884 156 52 wirst
1479 875 78 61 du
1590 899 143 53 ganz
1775 875 78 62 du
1895 876 174 62 selbst
2100 884 136 53 sein.
2273 875 83 61 Ich
2390 873 205 63 nehme

357 973 278 71 Abschied
666 994 119 38 von
828 969 99 62 dir.
971 969 103 61 Du
1116 966 128 64 hast
1284 969 133 61 mich
1451 967 275 64 überholt.
1769 970 82 60 Ich
1893 969 149 61 kann
2084 969 84 61 dir
2216 969 168 61 nichts
2434 966 160 62 mehr

355 1072 190 80 geben.

430 1164 135 61 Der
606 1157 208 64 Sohn:
858 1155 84 61 Ich
983 1154 143 79 gehe
1167 1180 133 36 zum
1340 1150 184 66 Tode.
1567 1155 201 63 Weißt
1807 1155 98 72 du,
1945 1180 124 38 was
2112 1155 101 61 das
2251 1154 185 62 heißt?

432 1258 133 60 Der
604 1249 299 65 Freund:
933 1249 88 61 Er
1045 1248 140 62 oder
1211 1248 94 62 du!
1335 1249 123 61 Der
1482 1251 132 59 muß
1639 1249 243 72 sterben,
1909 1249 99 63 der
2039 1260 120 52 sein
2183 1248 409 79 Lebendigstes

358 1352 133 61 nicht
543 1346 306 62 vollbracht
908 1343 112 61 hat.
1072 1342 151 62 Wer
1280 1342 101 62 das
1431 1342 192 62 Leben
1680 1354 55 50 in
1784 1354 180 52 einem
2014 1343 213 63 andern
2276 1343 316 61 Menschen

359 1444 145 68 haßt,
538 1439 132 62 darf
703 1437 112 61 den
858 1446 198 68 eignen
1089 1431 135 66 Tod
1265 1436 139 61 nicht
1445 1435 259 63 fürchten.
1747 1436 115 61 Ein
1895 1436 182 62 Hund
2110 1436 295 78 unterliegt
2438 1435 154 61 ohne

357 1535 231 79 Kampf!
632 1534 127 60 Das
801 1533 161 59 beste
1003 1554 74 37 an
1119 1554 109 37 uns
1270 1539 87 62 ist,
1399 1530 109 61 daß
1550 1540 103 51 wir
1694 1530 89 62 die
1826 1530 295 62 Gefahren
2163 1530 274 71 wollen,
2480 1529 112 61 daß

358 1639 99 52 wir
496 1627 149 62 ohne
686 1635 80 53 sie
809 1625 141 61 nicht
981 1623 249 79 geboren
1272 1623 141 62 sind.
1467 1623 82 63 So
1596 1641 141 44 rette
1787 1624 147 61 denn
1976 1624 127 61 dein
2146 1623 328 62 Geschlecht

357 1746 166 39 unser
562 1719 134 63 aller
738 1718 351 64 Geschlecht:
1134 1717 103 62 das
1279 1718 268 70 Höchste,
1587 1742 122 37 was
1745 1727 103 52 wir
1895 1717 264 62 besitzen.
2202 1717 201 61 Wenn
2452 1718 139 58 auch

357 1815 231 63 schlimm
630 1812 119 61 und
782 1811 368 78 vergänglich,
1192 1809 203 63 einmal
1436 1822 230 50 müssen
1707 1820 102 52 wir
1850 1809 168 61 dahin
2060 1811 291 77 gelangen.

429 1909 135 59 Der
604 1905 209 63 Sohn:
858 1905 144 62 Und
1042 1905 103 62 das
1187 1905 151 61 Eine
1387 1928 176 55 gegen
1604 1903 190 63 Alles!
1837 1905 122 61 Hat
2009 1928 60 38 es
2109 1905 188 59 Raum
2348 1903 108 61 auf
2490 1902 102 61 der

357 2001 142 61 alten
539 1999 219 63 Welt?!

432 2094 133 60 Der
604 2091 300 63 Freund:
947 2090 245 73 Nieder,
1224 2116 124 36 was
1375 2114 107 38 uns
1516 2090 338 61 bewuchert!
1891 2090 118 62 Gib
2034 2089 198 62 keinen
2268 2089 225 61 Pardon

360 2188 130 58 auch
531 2185 82 63 dir
654 2185 98 63 hat
791 2210 133 36 man
965 2187 169 59 nichts
1168 2184 268 79 gegeben.

432 2279 278 63 Schaudre
752 2281 163 61 nicht:
961 2279 151 61 Gott
1150 2278 134 71 will,
1327 2278 109 61 daß
1478 2277 89 61 die
1609 2277 251 61 Gesetze
1901 2277 105 61 sich
2048 2274 229 63 ändern.

430 2373 135 63 Der
613 2373 210 63 Sohn:
876 2373 306 61 Erwarten
1230 2381 105 52 wir
1384 2372 90 61 die
1522 2371 221 61 Polizei.
1796 2371 177 60 Diese
2022 2368 209 63 kurzen
2282 2367 309 64 Sekunden

357 2466 119 61 sind
524 2466 101 62 das
677 2467 433 78 Gottesgericht.
1162 2467 84 60 Ich
1295 2465 93 62 bin
1437 2465 176 62 bereit
1652 2489 74 37 zu
1765 2464 163 77 gehn.
1980 2464 114 60 Die
2133 2461 234 62 Henker
2409 2461 182 62 sollen

357 2560 127 60 mich
524 2570 176 69 mutig
741 2560 205 62 finden.

429 2653 175 71 Nein,
647 2657 77 58 ich
767 2654 344 62 unterwerfe
1152 2654 133 61 mich
1328 2654 154 60 nicht.

429 2742 141 66 Tritt
609 2747 190 62 keiner
840 2749 119 61 hier
999 2758 109 61 ein,
1158 2748 135 60 mich
1335 2771 74 37 zu
1453 2744 222 70 fesseln,
1717 2767 67 38 so
1826 2742 112 62 will
1980 2743 76 60 ich
2097 2740 163 63 fliehn
2302 2742 120 61 und
2462 2740 127 63 kein

354 2837 156 63 Haar
566 2842 106 60 soll
730 2842 113 61 ihm
900 2842 314 79 gekrümmt
1262 2850 135 53 sein.
1456 2839 199 61 Wenn
1710 2837 135 61 aber
1900 2846 73 67 ja,
2020 2850 69 49 <er
2130 2842 109 51 hebt
2279 2842 89 50 den
2400 2842 189 61 Finger)

355 2932 73 60 ich
468 2935 272 62 schwöre!
793 2936 144 61 Und
987 2935 189 63 fordre
1225 2935 111 61 den
1384 2932 304 80 gräßlichen
1737 2928 367 79 Zweikampf
2145 2927 223 62 heraus.
2420 2928 171 61 Aber

355 3025 71 60 ich
453 3026 109 61 will
597 3027 103 63 das
722 3029 367 62 Verbrechen
1115 3029 160 70 sehn,
1309 3027 109 61 daß
1453 3036 87 52 ein
1557 3026 185 61 Vater
1766 3032 193 53 seinen
1986 3021 160 64 Sohn
2173 3021 110 61 den
2309 3021 279 79 Schergen

355 3116 327 69 überliefert.
726 3123 200 61 Wenn
969 3123 104 63 das
1115 3121 293 80 geschieht,
1450 3129 71 52 ist
1561 3119 88 62 die
1682 3118 199 62 Natur
1921 3114 451 63 entmenschlicht.
2410 3115 177 61 Dann

354 3208 155 66 führe
550 3224 87 52 ein
679 3215 203 63 andrer
922 3226 183 52 meine
1138 3214 193 62 Hand.

428 3304 133 64 Der
602 3309 299 64 Freund:
948 3309 281 63 Gedenke
1271 3308 182 62 dieses
1497 3306 285 63 Schwurs!

426 3398 135 64 Der
611 3402 208 64 Sohn:
872 3405 115 61 Die
1030 3403 214 63 Wolke
1294 3427 91 37 am
1426 3400 248 63 Himmel
1721 3398 204 61 raucht.
1985 3397 81 61 Ich
2123 3394 210 63 könnte
2390 3394 193 63 beten;

353 3487 225 69 Wende
618 3496 103 62 das
764 3496 154 64 Übel
959 3521 118 39 von
1119 3506 204 52 mir...

426 3584 135 64 Der
592 3589 298 65 Freund:
936 3593 103 61 Du
1070 3591 257 63 brauchst
1359 3590 196 61 keinen
1591 3586 265 64 Christus
1892 3609 91 37 am
2016 3584 213 61 Kreuz.
2264 3577 172 77 Töte,
2461 3607 126 36 was

353 3674 108 63 dich
501 3692 211 66 getötet
753 3684 120 63 hat!

425 3770 134 64 Der
600 3775 185 64 Sohn
818 3793 66 50 <in
917 3784 230 60 Tränen):
1187 3779 83 61 Ich
1312 3778 94 61 bin
1445 3775 243 64 schwach
1728 3783 111 52 wie
1881 3772 101 62 das
2009 3770 232 63 kleinste
2274 3769 314 79 Opfertier.

352 3858 134 67 Und
527 3867 152 63 doch.
724 3872 83 61 Ich
851 3872 147 62 habe
1040 3873 90 61 die
1169 3872 182 62 Kraft.

424 3956 133 65 Der
597 3962 274 64 Freund
904 3980 66 51 <in
1003 3975 132 51 tiefer
1163 3972 367 63 Ergriffenheit);
1575 3963 166 61 Auch
1776 3961 98 62 der
1898 3958 244 64 Zweifel
2177 3958 118 61 und
2321 3958 90 61 die
2428 3958 120 63 Ver-
