3075 4572
1156 484 166 51 Tranz
1348 484 122 56 Bfei,
1508 483 339 61 Marginafien
1880 501 67 30 zu
1990 482 274 49 Wedeßincf

569 490 120 48 1026

564 692 125 62 sind
736 691 472 76 Abrechnungen.
1268 688 127 61 Zur
1442 686 441 78 Überwindung
1940 686 214 62 kommt
2204 711 61 37 es
2317 686 212 60 darauf
2571 712 93 47 an,
2713 694 104 60 auf

563 786 206 61 welche
802 783 153 63 Seite
997 782 99 62 der
1129 783 124 61 also
1287 781 415 62 Abrechnende
1737 781 102 61 das
1875 780 382 63 Schuldkonto
2292 781 247 61 schreibt,
2584 781 227 65 Wede*

562 879 129 61 kind
732 877 207 61 schrieb
981 900 61 38 es
1085 885 310 68 ingrimmig
1436 875 108 61 auf
1578 875 90 61 die
1712 873 157 63 Seite
1911 873 100 61 der
2052 873 266 63 anderen.
2361 872 136 62 Sein
2530 873 145 61 Blatt
2707 876 103 65 ließ

563 995 58 39 er
677 971 115 61 leer
849 971 118 61 und
1015 971 149 61 weiß
1212 979 112 52 wie
1373 969 103 62 das
1530 967 275 64 Gewand
1862 976 154 54 eines
2073 966 339 80 Propheten,
2472 966 100 62 des
2623 978 187 56 reinen

561 1067 242 60 Helden,
844 1065 167 62 Nach
1053 1065 130 61 dem
1216 1065 369 70 Intermezzo,
1627 1063 132 61 nach
1805 1063 184 61 dieser
2022 1063 188 68 Krise,
2252 1061 93 61 die
2386 1084 60 38 er
2479 1063 205 59 einmal
2716 1074 95 53 mit

563 1159 128 62 dem
733 1159 231 62 Simson
1013 1183 75 37 zu
1138 1157 370 62 überwinden
1550 1158 208 69 suchte,
1809 1155 209 63 schrieb
2060 1178 61 38 er
2161 1178 108 37 nur
2309 1154 159 62 mehr
2509 1154 302 79 Exegesen

561 1254 142 61 über
745 1256 156 59 diese
940 1253 203 61 beiden
1176 1248 284 66 Themen:
1505 1251 99 62 der
1644 1251 310 61 verkannte
1987 1248 330 64 Wedekind
2358 1248 119 62 und
2516 1258 122 52 sein
2671 1252 143 61 miß*

563 1347 408 62 verstandenes
1014 1346 204 71 Werk,
1268 1356 56 51 in
1366 1346 263 70 Stücken,
1681 1345 91 61 die
1823 1345 107 61 alle
1970 1343 179 63 Form
2198 1343 262 63 verloren
2510 1342 187 62 haben

562 1441 180 62 kleine
790 1441 411 62 kristallinische
1243 1440 226 62 Szenen
1510 1439 75 61 da
1630 1439 119 61 und
1791 1439 131 61 dort
1961 1448 75 50 im
2078 1437 311 79 amorphen
2434 1436 245 62 Gestein
2721 1473 90 37 —,

562 1535 129 62 weil
741 1544 84 53 sie
865 1544 90 52 nie
997 1544 126 52 eine
1164 1544 190 52 innere
1396 1533 219 73 hatten,-
1665 1533 75 61 da
1780 1531 280 71 wechselt,
2110 1533 137 59 auch
2289 1540 55 52 in
2386 1531 214 61 diesem
2642 1530 170 64 Sinne

563 1630 100 61 der
703 1630 198 70 Form,
944 1629 90 61 die
1074 1629 179 61 Prosa
1293 1628 151 61 ohne
1479 1627 212 63 Grund
1733 1635 54 53 in
1828 1649 147 55 ganz
2016 1625 260 63 schlechte
2308 1625 231 79 Jamben
2582 1625 140 61 oder
2761 1635 51 53 in

564 1723 508 80 Operettenverse,
1119 1722 164 70 wird,
1331 1745 125 38 was
1508 1737 116 45 erst
1664 1721 182 61 Prosa
1893 1743 141 46 war,
2085 1728 54 51 in
2189 1719 232 78 Jamben
2472 1718 343 79 herüberge*

564 1817 303 70 schrieben,
917 1816 91 62 die
1048 1815 389 63 schauderhaft
1477 1815 147 69 sind,
1664 1813 131 61 weil
1829 1822 101 52 mit
1964 1812 129 62 dem
2125 1813 211 78 Finger
2369 1811 298 78 abgezählt
2700 1813 115 60 und

564 1911 141 61 nicht
746 1920 99 52 mit
886 1910 128 62 dem
1056 1920 230 51 inneren
1321 1909 131 62 Ohr
1493 1909 218 77 gehört,
1754 1906 338 62 bekommen
2126 1906 92 62 die
2250 1906 204 62 Stücke
2487 1905 329 78 polemische

566 2005 339 70 Vorworte,
954 2004 245 61 vielerlei
1239 1999 169 75 Titel,
1458 2001 309 62 Untertitel
1809 2000 91 62 die
1940 2000 160 62 Akte
2260 1999 310 62 äußerliche
2610 1999 205 71 Mittel,

567 2100 157 61 diese
750 2099 275 61 endlosen
1042 2098 325 77 Monologe
1392 2122 75 37 zu
1491 2105 299 61 variieren,
1818 2095 156 61 diese
1992 2094 380 80 persönlichen
2391 2093 425 61 Konfessionen

568 2218 104 37 zur
731 2203 235 69 eigenen
1005 2194 216 60 Person
1278 2217 75 37 zu
1410 2201 156 52 einer
1624 2188 556 80 bedeutungsvollen
2228 2187 459 78 Angelegenheit
2744 2211 72 35 zu

567 2288 242 61 machen.
868 2288 145 60 Dies
1062 2297 71 51 ist
1180 2284 361 64 Wedekinds
1590 2284 191 72 letzte,
1832 2283 91 61 die
1970 2281 846 81 pathetisch*deklamatorische

567 2381 255 62 Periode.
884 2380 395 63 Schwelender
1325 2380 191 61 Rauch
1575 2381 220 60 erstickt
1851 2377 104 61 das
2012 2377 211 71 Feuer,
2281 2376 103 61 das
2443 2375 199 72 kleine,
2704 2373 115 61 und

568 2476 253 78 tragisch,
864 2474 375 62 erschütternd
1279 2484 71 52 ist
1390 2474 190 61 keines
1624 2472 186 61 dieser
1843 2471 224 70 Stücke,
2109 2471 137 60 aber
2279 2469 103 62 das
2417 2467 270 64 Schicksal
2721 2466 98 62 des

571 2569 254 61 Dichters
884 2568 202 71 selber,
1145 2568 100 61 der
1292 2575 156 54 seine
1498 2566 277 77 Sendung
1824 2575 56 51 in
1932 2564 424 77 ohnmächtigen
2397 2563 253 61 Worten
2704 2559 116 62 und

568 2663 387 79 gebrochenen
990 2663 226 62 Gesten
1256 2660 334 71 verkündet,
1632 2671 197 50 immer
1870 2659 234 71 wieder,
2144 2659 141 60 nicht
2325 2655 243 71 ahnend,
2612 2655 111 61 daß
2763 2677 58 37 er

571 2767 99 51 mit
712 2757 194 61 diesen
940 2756 285 80 Epilogen
1265 2780 108 35 nur
1414 2771 145 61 sagt,
1601 2753 111 62 daß
1754 2776 61 38 er
1847 2761 100 53 mit
1979 2761 184 52 seiner
2195 2752 194 61 Kunst
2421 2749 159 63 mehr
2612 2747 208 70 wollte,

569 2852 84 61 als
695 2861 83 52 sie
818 2852 230 70 konnte,
1090 2850 119 62 und
1249 2850 112 61 daß
1401 2872 61 39 er
1503 2857 82 52 sie
1627 2857 55 52 in
1725 2847 144 61 eben
1912 2847 193 61 diesen
2147 2845 205 62 letzten
2386 2843 260 62 Werken
2679 2865 142 54 ganz

569 2946 303 61 vernichtet
911 2954 100 53 mit
1051 2944 148 72 dem,
1241 2966 123 39 was
1408 2965 61 38 er
1509 2941 94 61 für
1635 2950 156 52 seine
1824 2940 239 62 ethische
2096 2939 295 77 Sendung,
2431 2946 156 52 seine
2623 2936 198 61 Grün*

572 3040 156 78 düng
776 3039 102 62 des
929 3062 187 38 neuen
1156 3038 229 61 Reiches
1437 3036 132 63 hält.
1621 3035 118 61 Mit
1781 3032 423 64 abnehmender
2245 3031 374 62 dichterischer
2660 3025 162 65 Kraft

572 3135 190 61 wuchs
813 3134 113 61 ihm
976 3133 90 62 die
1107 3132 358 78 Wichtigkeit
1522 3130 121 61 und
1698 3129 343 76 Bedeutung
2097 3137 186 52 seiner
2337 3125 484 75 Anschauungen,

573 3228 173 61 deren
787 3227 284 61 Banalität
1110 3250 61 38 er
1212 3227 141 59 nicht
1394 3223 162 72 sieht,
1597 3223 131 62 weil
1771 3232 82 53 sie
1895 3223 107 60 sich
2044 3220 114 61 ihm
2190 3229 56 52 in
2281 3219 99 61 der
2413 3226 408 72 passionierten

574 3322 348 78 Gestaltung
962 3331 185 52 seines
1190 3320 266 62 früheren
1497 3317 251 62 Werkes
1789 3316 264 70 verhüllt,
2093 3314 173 61 deren
2307 3313 272 61 Blutfülle
2620 3320 82 53 sie
2742 3307 79 62 als

574 3426 89 51 ein
708 3416 284 77 Geringes
1033 3415 306 62 mitführte.
1390 3412 472 78 Vorstellungen,
1895 3420 113 51 wie
2050 3410 99 61 der
2189 3405 478 64 Primanereinfall
2708 3424 114 39 von

577 3510 268 62 Christus
897 3519 75 52 im
1022 3509 222 78 Olymp
1293 3516 99 52 mit
1430 3505 351 80 Aphrodite,
1834 3505 360 75 Meinungen
2243 3511 136 52 wie:
2433 3500 90 62 die
2563 3497 134 63 Ehe
2745 3501 80 55 sei

577 3604 91 61 für
700 3605 90 61 die
815 3604 313 61 Menschen
1161 3601 75 63 da
1269 3600 120 62 und
1413 3601 141 60 nicht
1579 3598 351 78 umgekehrt,
1956 3595 399 70 Nacktkultur,
2380 3594 158 62 diese
2563 3593 259 62 Schwär*

577 3708 170 51 merei
788 3698 134 62 aller
955 3695 696 79 Kunstgewerblerinnen,
1695 3693 103 61 das
1841 3716 150 53 mag,
2032 3701 86 52 ins
2151 3689 215 62 Fleisch
2410 3689 100 61 des
2546 3683 279 64 Theater*

580 3793 215 60 Stückes
853 3791 210 77 gehüllt
1119 3789 120 63 und
1286 3788 261 70 verhüllt,
1606 3796 157 53 seine
1814 3784 347 79 Dürftigkeit
2208 3784 326 61 verstecken
2585 3777 119 63 und
2759 3796 66 39 so

582 3895 180 51 einem
787 3886 448 61 beschriebenem
1259 3882 296 64 Publikum
1584 3881 282 77 erträglich
1898 3888 136 53 sein.
2079 3877 168 62 Aber
2272 3877 150 61 ohne
2449 3876 155 61 diese
2628 3873 197 61 künst*

582 3979 221 61 lerische
850 3977 485 77 Entschuldigung
1385 3975 118 61 und
1550 3975 444 77 Legitimierung
2043 3971 83 62 als
2176 3970 240 62 ethische
2468 3967 210 62 Werte
2725 3962 100 61 be*
