3148 4572
2454 436 121 49 1137

1266 444 388 61 Teststedungen

338 661 231 58 klatschen,
619 670 138 33 wenn
804 655 75 46 ein
927 647 222 63 tüchtiger
1180 646 348 51 Straßenfahrer
1576 651 100 45 eine
1723 645 136 49 halbe
1889 644 180 50 Stunde
2117 644 109 61 lang
2274 641 84 51 das
2392 639 185 63 Tempo

339 740 142 57 scharf
504 735 109 51 hält.

396 821 62 49 Ist
489 815 82 50 das
604 810 118 51 nicht
755 805 234 65 eigentlich
1025 811 100 43 eine
1173 804 216 50 seltsame
1422 802 189 59 Kultur,
1652 802 72 50 die
1765 821 50 31 es
1864 801 69 50 als
1966 802 293 59 Vergnügen
2309 797 268 56 betrachtet,

343 893 212 58 während
586 890 80 50 der
698 885 310 62 bürgerlichen
1042 884 342 59 Zeitrechnung
1416 901 96 31 von
1545 881 125 51 sechs
1702 880 162 62 Tagen
1897 881 84 48 das
2015 879 181 50 Gefühl
2230 880 75 47 für
2337 877 111 50 Zeit
2481 875 98 49 und

341 981 143 49 Raum
517 969 135 51 durch
687 965 84 49 das
805 964 81 50 der
901 961 318 61 Schnelligkeit
1252 980 60 31 zu
1345 973 219 38 ersetzen.
1599 961 122 48 Man
1754 960 119 48 fühlt
1905 959 128 57 doch,
2069 959 88 48 daß
2192 956 212 50 dahinter
2422 956 156 58 Dinge

341 1054 150 54 ruhen,
524 1049 71 49 die
626 1050 110 46 weit
769 1042 113 50 über
905 1041 111 50 alles
1033 1039 295 62 Ergötzliche
1345 1039 97 49 und
1458 1036 334 52 Sensationelle
1815 1036 328 61 hinausgehen.
2164 1035 136 49 Sechs
2319 1031 132 63 Tage
2467 1032 111 61 lang

343 1138 186 47 rotieren
562 1125 71 49 die
668 1121 261 51 Gedanken
962 1138 98 30 von
1098 1119 160 48 10000
1279 1117 254 50 Menschen
1566 1135 80 31 um
1679 1121 133 45 einen
1845 1115 179 49 kleinen
2057 1115 132 58 Ring,
2223 1119 46 43 in
2303 1114 103 48 dem
2441 1129 108 31 ener-

343 1210 138 64 gische
512 1206 146 48 Leute
691 1201 72 48 die
796 1199 110 49 Zeit
938 1199 230 58 besiegen.
1202 1197 108 49 Den
1343 1195 430 59 Zusammenhang,
1822 1194 80 49 der
1948 1199 160 43 immer
2140 1191 171 51 wieder
2353 1195 226 44 zerrissen

343 1285 120 58 wird,
485 1282 128 52 sucht
633 1298 110 31 man
764 1277 234 50 hinterher
1020 1276 137 48 durch
1182 1275 71 48 die
1272 1274 320 57 Preßberichte,
1611 1274 296 59 Programme
1924 1270 98 49 und
2037 1270 542 58 Auskundschaftungen

345 1370 133 58 gierig
509 1380 60 31 zu
602 1364 244 56 ergänzen.
871 1356 140 48 Denn
1045 1373 108 29 man
1186 1354 129 48 sucht
1347 1351 88 51 alle
1458 1348 228 64 Tätigkeit
1717 1348 221 51 während
1961 1348 144 50 dieser
2128 1347 109 50 Zeit
2260 1352 162 43 immer
2451 1345 128 49 rasch

348 1442 158 53 wieder
538 1445 46 43 in
617 1437 72 50 die
721 1434 324 59 Zeitlosigkeit
1077 1432 81 49 der
1188 1431 185 50 Zahlen
1406 1450 59 29 zu
1498 1430 207 49 erheben.

405 1520 118 51 Man
553 1517 124 49 kann
699 1512 328 61 Perspektiven
1061 1508 260 58 aufstellen,
1354 1514 45 43 in
1422 1507 149 51 denen
1595 1507 86 50 sich
1705 1506 125 49 diese
1850 1503 131 63 Tage
2004 1522 59 31 zu
2086 1503 235 58 Wochen,
2342 1502 237 48 Monaten

349 1597 90 52 und
468 1595 163 63 Jahren
663 1591 285 57 ausdehnen,
980 1608 80 30 wo
1094 1588 72 50 die
1199 1586 243 51 seelischen
1475 1586 164 49 Kräfte
1671 1602 79 31 um
1783 1601 120 43 ganz
1936 1581 193 51 anderes
2163 1581 180 49 kreisen
2377 1580 203 57 werden,

349 1677 63 50 als
444 1694 76 30 um
553 1679 72 44 ein
656 1689 116 43 paar
804 1668 210 61 gehetzte
1031 1666 269 57 Radfahrer,
1333 1684 80 30 um
1436 1676 145 38 etwas
1608 1663 208 56 anderes,
1840 1662 82 50 das
1945 1661 65 49 ich
2032 1660 114 49 noch
2170 1660 118 48 nicht
2310 1658 273 51 bezeichnen

349 1755 140 54 kann,-
518 1750 109 49 aber
659 1766 109 32 man
800 1746 117 51 wird
950 1751 83 44 mit
1065 1750 196 54 einigem
1294 1755 141 49 guten
1458 1741 169 51 Willen
1661 1741 70 49 die
1764 1741 143 48 Form
1940 1737 141 51 sehen
2129 1738 75 47 für
2235 1737 99 56 das,
2417 1760 6 10 -
2465 1736 120 48 Gott

350 1837 56 45 ist
437 1830 108 49 auch
576 1834 46 43 in
658 1827 88 50 den
779 1826 227 50 kleinsten
1039 1825 186 59 Dingen
1366 1840 99 30 was
1500 1826 101 44 eine
1633 1837 118 32 neue
1783 1817 212 61 Religion
2027 1822 97 45 sein
2156 1815 141 57 wird,-
2329 1832 109 31 man
2465 1812 119 50 sieht

351 1906 281 53 wundervoll
665 1905 210 57 deutlich,
917 1910 105 43 wie
1055 1920 86 30 aus
1176 1917 191 33 unserer
1414 1900 214 59 knappen
1676 1896 332 51 rechnerischen
2041 1896 110 47 Zeit
2199 1892 125 51 ohne
2356 1891 229 61 Aufgabe

353 1989 75 49 der
457 1985 331 51 Nüchternheit
820 1983 74 49 die
927 2000 118 32 neue
1078 1980 208 61 Religion
1319 1978 188 56 wächst,
1540 1976 95 51 und
1666 1982 84 42 wir
1782 1975 185 48 können
2009 1973 170 55 ahnen,
2211 1976 90 44 wie
2352 1969 113 50 auch
2499 1968 85 50 das

351 2079 93 37 tote
475 2066 139 58 Ding,
647 2063 72 50 die
739 2060 201 52 Technik
970 2060 118 49 wird
1121 2063 290 55 einspringen
1444 2057 184 48 können
1661 2072 84 32 zur
1776 2052 188 51 ideellen
1987 2051 140 49 Hilfe.
2154 2051 102 48 Das
2279 2047 309 51 romantische

353 2141 400 62 Befreiungsmittel
785 2157 101 31 war
918 2138 79 50 der
1013 2137 197 57 Rausch,
1242 2154 49 31 er
1321 2133 210 51 zerbrach
1555 2151 97 31 von
1684 2137 137 43 innen
1854 2131 72 49 die
1948 2128 221 50 sichtbare
2187 2126 152 58 Weit,
2372 2127 99 48 und
2493 2124 94 50 hob

354 2229 61 44 sie
447 2222 90 57 auf,
570 2221 138 48 heute
741 2220 111 48 aber
882 2217 174 50 wächst
1074 2216 71 49 die
1162 2213 338 60 Anschauung,
1536 2211 83 49 das
1652 2210 220 50 sichtbare
1888 2208 117 57 Bild,
2038 2213 46 44 in
2108 2207 72 50 die
2197 2204 359 60 Ausdehnungs-

354 2300 203 61 losigkeit
588 2297 98 50 und
716 2297 94 50 löst
842 2315 106 38 uns,
979 2293 124 50 wach
1139 2292 96 50 und
1268 2291 113 49 doch
1414 2290 117 49 nicht
1553 2288 256 62 gebunden,
1832 2292 46 43 in
1901 2286 71 49 die
1987 2286 240 58 Regionen
2250 2283 98 57 auf,
2371 2287 46 43 in
2441 2279 150 52 denen

357 2378 66 50 die
453 2378 230 60 Ewigkeit
715 2395 61 30 zu
810 2376 166 47 Hause
1009 2380 71 43 ist,
2039 2364 165 49 Ernst
2216 2363 306 48 Kamnitzer.

421 2456 230 49 Erederih
679 2474 99 30 van
795 2455 82 49 Es
877 2455 111 53 den,
1016 2448 269 54 Gfüchfiche
1309 2446 314 52 Menschheit.
1642 2446 54 49 S.
1727 2442 192 52 Eischer
1938 2443 184 60 Verfag,
2145 2441 185 49 Berhin,
2399 2439 70 47 Es
2493 2438 98 60 gibt

357 2533 260 58 Menschen,
649 2532 72 50 die
754 2532 163 50 stehen
950 2530 68 49 als
1051 2527 219 51 Redende
1300 2532 90 43 wie
1422 2542 89 32 vor
1544 2530 123 43 einer
1700 2521 178 54 Wand,
1911 2519 173 50 werfen
2135 2518 87 48 auf
2249 2522 67 43 sie
2349 2516 97 49 ihre
2481 2516 72 48 Ge-

357 2611 172 49 danken
561 2617 84 43 mit
677 2610 165 62 grober
861 2608 164 56 Geste,
1060 2606 97 51 und
1188 2611 68 44 sie
1287 2603 97 50 und
1416 2603 96 48 ihre
1534 2601 218 49 Zuhörer
1783 2611 176 37 starren
1994 2597 95 49 dies
2112 2596 293 49 Entäußerte
2437 2612 61 31 an
2522 2593 69 50 als

357 2688 121 51 ihren
510 2690 195 50 Willen.
740 2688 65 50 So
838 2687 104 51 sind
974 2687 71 48 die
1063 2682 429 60 Versammlungen
1524 2681 141 48 heute
1696 2683 82 43 mit
1809 2677 127 48 ihren
1969 2674 237 51 sinnlosen
2237 2672 354 49 Resolutionen,

358 2767 185 51 Andere
575 2767 254 51 Menschen
861 2767 162 48 stehen
1056 2770 47 43 in
1136 2763 80 48 der
1237 2763 138 48 Mitte
1409 2759 79 50 der
1521 2758 153 60 Dinge
1707 2756 95 49 und
1835 2754 225 60 beginnen
2094 2752 109 49 leise
2236 2770 88 30 aus
2358 2751 139 48 ihnen
2531 2768 62 30 zu

358 2846 147 57 reden,
538 2847 74 48 für
644 2847 88 48 sich
766 2845 174 49 selbst,'
957 2845 235 58 Langsam
1223 2839 174 50 wächst
1428 2838 70 48 ihr
1515 2837 138 48 Wort
1685 2851 84 32 zur
1787 2832 162 49 Musik
1972 2829 98 51 und
2093 2836 176 54 zwingt
2291 2828 87 51 alle
2397 2828 165 48 Hören-

360 2923 97 59 den,
489 2925 86 49 sich
607 2944 98 30 von
738 2923 229 51 stärkerer
999 2921 137 49 Kraft
1167 2919 185 60 bewegt
1381 2933 98 32 von
1520 2914 101 49 dem
1655 2911 161 50 Rande
1863 2909 118 50 ihres
2014 2909 208 49 Wesens
2272 2905 322 51 abzuwenden

359 3001 90 49 und
481 3020 116 43 ganz
630 3003 85 50 tief
741 3008 46 44 in
820 3002 90 50 sich
943 2999 145 51 selbst
1127 2994 420 54 zurückzukehren.
1582 2993 65 50 So
1680 2998 61 43 ist
1773 2991 72 49 die
1868 2991 236 57 Wirkung
2137 2987 112 49 alles
2283 2985 183 58 dessen,
2491 3003 102 32 was

360 3078 209 51 Frederik
599 3099 94 31 van
726 3079 164 50 Eeden
923 3090 118 49 sagt.

419 3159 67 49 Es
519 3159 108 50 muß
661 3166 46 43 in
741 3165 148 45 einem
913 3157 154 49 Leben
1100 3156 139 49 schon
1274 3165 143 39 etwas
1453 3161 184 52 gewagt
1668 3147 192 51 worden
1892 3151 114 50 sein,
2028 3162 138 32 wenn
2199 3161 110 30 man
2331 3147 103 44 eine
2452 3142 122 49 Schil-

362 3233 167 64 derung
561 3243 149 43 seines
743 3237 237 49 Ablaufes
1013 3239 83 45 mit
1127 3233 89 50 den
1324 3243 132 37 orten
1493 3227 261 51 Glückliche
1787 3223 289 51 Menschheit
2102 3220 345 50 überschreiben
2481 3219 117 50 darf.

362 3312 106 51 Van
500 3316 161 49 Eeden
703 3314 174 52 erzählt
910 3319 158 45 seinen
1101 3312 250 61 doppelten
1384 3309 136 59 Weg,
1553 3307 88 48 den
1674 3323 85 31 aus
1793 3304 79 49 der
1905 3299 222 51 Kindheit
2173 3317 108 30 zum

362 3391 91 49 und
484 3393 85 50 den
603 3394 136 50 durch
773 3394 73 50 die
867 3394 183 55 Berufe,
1083 3410 112 31 vom
1214 3392 127 48 Arzt
1364 3387 96 51 und
1477 3384 379 51 Sozialreformer
1888 3400 108 30 zum
2030 3378 291 60 einsichtigen
2339 3377 259 50 Erwecker,

363 3467 113 51 Nun
523 3472 183 51 schließt
754 3472 80 49 des
870 3472 231 61 Johannes
1133 3467 313 60 Wanderung
1494 3469 83 44 mit
1625 3462 80 49 der
1754 3459 276 59 Errichtung
2080 3463 127 43 einer
2258 3455 345 50 Gemeinschaft

364 3546 399 55 Kolonisierender
795 3558 47 43 in
875 3551 89 49 den
997 3551 303 58 Vereinigten
1332 3547 204 54 Staaten,
1572 3542 74 49 die
1676 3553 136 37 unter
1844 3540 311 58 Erneuerung
2188 3535 81 50 des
2305 3535 269 59 Obereigen-

364 3633 118 41 tums
515 3628 68 50 als
625 3634 123 45 einer
792 3627 419 63 privatrechtlichen
1244 3626 145 49 Form
1420 3620 251 51 versuchen
1703 3618 109 57 will,
1862 3615 88 51 den
1985 3613 357 52 Gemeinwillen
2391 3618 84 43 mit
2523 3612 81 50 der

364 3698 250 58 Triebkraft
646 3707 80 51 des
758 3706 361 53 Sonderwillens
1152 3722 110 32 zum
1294 3700 234 61 Einklang
1559 3717 61 30 zu
1652 3695 267 52 verbinden.
1954 3695 90 49 Die
2077 3692 324 49 Einzelheiten
2436 3690 167 51 dürfen

367 3775 91 54 hier
486 3783 92 50 fort
581 3784 211 61 gelassen
824 3784 201 51 werden.

421 3858 134 52 Aber
586 3862 115 51 über
732 3863 86 50 das
851 3863 214 50 Problem
1098 3861 82 50 des
1213 3858 285 62 Utopischen
1530 3861 60 44 ist
1621 3859 173 55 einiges
1827 3871 62 31 zu
1921 3868 159 45 sagen.
2114 3850 93 49 Die
2240 3854 138 45 naive
2410 3848 198 61 Utopie,

367 3944 117 42 etwa
531 3938 78 52 des
644 3942 265 51 Schneiders
942 3941 227 50 Wilhelm
1202 3937 244 60 Weitling,
1496 3935 81 50 hat
1624 3933 156 49 weder
1829 3930 72 50 die
1931 3929 279 60 Bedeutung
2258 3933 127 44 einer
2413 3928 195 60 Lösung
