3172 4572
994 455 207 49 Gustav
1232 452 250 63 Meyrinß,
1518 453 116 52 Der
1665 453 180 51 Gofem

2422 450 116 50 1131

305 670 187 66 trüben
528 660 320 66 Gedanken
890 684 74 37 zu
1003 658 441 64 verscheuchen.
1486 660 188 78 Sagen
1715 658 112 74 Sie,
1869 682 123 39 was
2025 657 96 64 Sie
2161 656 231 63 wollen:
2443 656 97 63 Sie

305 761 115 68 sind
459 756 152 64 noch
653 755 163 76 lange
865 752 124 61 kein
1040 752 359 79 ägyptischer
1450 752 311 71 Zauberer,
1811 752 244 61 sondern
2105 750 277 77 vorläufig
2431 773 110 38 nur

306 868 79 52 ein
415 863 194 67 junges
636 846 315 71 Mädchen,
987 846 128 61 dem
1149 846 99 61 der
1279 842 284 65 Tauwind
1595 846 151 61 noch
1779 846 279 61 manchen
2093 845 179 62 bösen
2309 844 227 62 Streich

305 949 195 83 spielen
542 945 206 60 kann.«

376 1043 91 62 Sie
508 1037 198 61 wurde
748 1034 264 80 plötzlich
1054 1056 145 56 ganz
1238 1033 188 79 lustig;

381 1136 106 77 »Ja,
523 1155 123 38 was
687 1140 70 50 ist
790 1130 146 60 denn
980 1128 102 61 das
1116 1128 166 61 heute
1315 1137 98 52 mit
1445 1128 190 71 Ihnen,
1669 1127 149 61 Herr
1851 1127 273 61 Pernath?
2157 1126 83 62 So
2274 1124 130 63 hab'
2444 1126 93 61 ich

306 1231 85 62 Sie
423 1225 148 63 noch
609 1232 90 52 nie
739 1222 264 79 gesehen!
1256 1220 280 78 Übrigens
1568 1217 300 76 ,Tauwind
1873 1226 15 23 /
1919 1245 96 37 —:
2050 1220 90 61 bei
2180 1243 107 38 uns
2326 1218 214 79 Juden*

306 1321 268 65 mädchen
608 1316 196 64 lenken
838 1315 357 62 bekanntlich
1229 1316 89 60 die
1350 1315 197 61 Eltern
1581 1315 108 61 den
1722 1310 302 75 Tauwind,
2066 1314 119 61 und
2217 1323 103 50 wir
2352 1311 188 62 haben

306 1441 98 39 nur
442 1438 71 37 zu
555 1411 341 79 gehorchen.
940 1405 167 66 Tuen
1150 1433 59 38 es
1251 1408 273 62 natürlich
1562 1408 166 62 auch,
1773 1408 86 61 Es
1892 1408 168 62 steckt
2099 1430 107 39 uns
2246 1406 183 63 schon
2472 1429 66 38 so

306 1522 67 52 im
406 1509 141 61 Blut.
805 1504 119 62 Mir
956 1513 57 67 ja
1044 1503 189 62 nicht«
1281 1538 92 37 —,
1415 1518 171 46 setzte
1627 1511 80 53 sie
1738 1502 327 62 ernsthafter
2096 1502 187 71 hinzu,
2321 1508 220 53 »meine

306 1604 209 61 Mutter
557 1601 97 59 hat
693 1597 107 63 bös
839 1597 276 79 gestreikt,
1158 1596 80 62 als
1279 1604 80 54 sie
1398 1596 108 61 den
1547 1594 320 79 gräßlichen
1900 1594 207 63 Aaron
2140 1593 397 62 Wassertrum

307 1698 234 60 heiraten
584 1692 216 64 sollte.«

382 1787 215 63 »Was?
645 1787 124 61 Ihre
809 1785 254 62 Mutter?
1111 1785 132 61 Den
1285 1778 237 67 Trödler
1563 1784 74 61 da
1677 1782 237 61 unten?«

377 1883 229 77 Mirjam
635 1880 189 62 nickte.
872 1880 186 62 »Gott
1089 1888 80 53 sei
1195 1878 173 60 Dank
1399 1886 69 52 ist
1501 1902 58 36 es
1592 1878 154 60 nicht
1778 1876 272 62 zustande
2081 1875 348 79 gekommen.

307 1978 111 61 Für
449 1977 107 59 den
592 1998 189 38 armen
815 1974 324 62 Menschen
1180 1972 212 62 freilich
1425 1996 122 36 war
1587 1994 60 38 es
1689 1979 86 53 ein
1809 1969 427 62 vernichtender
2269 1968 269 77 Schlag.«

382 2069 244 61 »Armer
665 2067 271 72 Mensch,
978 2090 172 54 sagen
1194 2064 161 64 Sie?«
1501 2064 127 61 fuhr
1667 2064 92 61 ich
1801 2063 111 62 auf.
1968 2063 156 60 »Der
2164 2062 138 61 Kerl
2344 2071 69 52 ist
2455 2069 89 52 ein

312 2163 385 63 Verbrecher.«

378 2257 93 62 Sie
501 2266 202 69 wiegte
738 2255 409 63 nachdenklich
1181 2253 110 61 den
1324 2252 181 79 Kopf:
1552 2252 264 73 »Gewiß,
1848 2275 59 37 er
1939 2260 67 52 ist
2039 2259 88 52 ein
2160 2250 382 63 Verbrecher,

409 2351 162 61 Aber
603 2374 121 38 wer
763 2360 55 51 in
852 2359 150 53 einer
1034 2347 233 64 solchen
1301 2347 163 61 Haut
1496 2346 167 62 steckt
1694 2345 117 63 und
1842 2345 121 61 kein
1996 2344 353 63 Verbrecher
2381 2342 163 71 wird,

308 2445 122 60 muß
472 2454 88 52 ein
602 2444 246 80 Prophet
887 2453 173 53 sein.«

379 2538 93 60 Ich
514 2537 183 62 rückte
738 2546 284 69 neugierig
1061 2535 199 61 näher;

383 2632 257 62 »Wissen
674 2632 95 62 Sie
801 2655 309 54 genaueres
1143 2631 139 61 über
1322 2628 126 62 ihn?
1487 2627 166 62 Mich
1695 2634 328 54 interessiert
2065 2624 118 63 das.
2227 2624 135 61 Aus
2396 2646 146 56 ganz

308 2723 342 64 besonderen
877 2750 31 32 «

386 2819 220 62 »Wenn
649 2819 96 62 Sie
786 2817 203 64 einmal
1030 2825 191 53 seinen
1254 2816 201 61 Laden
1497 2839 116 38 von
1655 2822 163 54 innen
1859 2812 239 79 gesehen
2140 2811 209 71 hätten,
2391 2810 153 61 Herr

310 2909 251 76 Pernath,
595 2914 230 61 wüßten
858 2911 97 63 Sie
987 2910 198 72 sofort,
1227 2919 110 52 wie
1373 2933 59 38 es
1472 2918 56 52 in
1568 2916 179 54 seiner
1779 2906 160 62 Seele
1971 2905 325 62 ausschaut.

311 3027 123 54 sage
482 3007 121 72 das,
655 3007 128 62 weil
833 3007 93 61 ich
976 3007 80 61 als
1106 3005 156 61 Kind
1312 3004 128 62 sehr
1487 3003 80 62 oft
1615 3004 121 60 drin
1784 3024 135 38 war.
2084 2999 237 61 Warum
2368 2998 174 61 sehen

313 3097 86 62 Sie
438 3102 147 60 mich
627 3125 67 37 so
730 3116 249 47 erstaunt
1014 3099 106 61 an?

312 3193 139 61 mich
491 3219 122 36 war
655 3220 58 37 er
754 3205 196 50 immer
989 3192 314 63 freundlich
1346 3191 117 61 und
1502 3198 169 70 gütig.
1815 3187 227 62 Einmal
2074 3208 185 56 sogar,
2295 3193 255 54 erinnere

312 3285 84 61 ich
443 3289 166 72 mich,
660 3289 269 62 schenkte
979 3311 60 37 er
1086 3295 102 53 mir
1238 3294 160 53 einen
1448 3283 208 78 großen
1705 3280 313 63 blitzenden
2067 3280 176 69 Stein,
2301 3278 98 61 der
2447 3287 104 52 mir

312 3376 297 69 besonders
651 3400 163 45 unter
853 3391 192 52 seinen
1087 3380 226 63 Sachen
1362 3377 237 80 gefallen
1649 3376 166 61 hatte.
1863 3376 197 60 Meine
2099 3375 224 60 Mutter
2371 3390 178 61 sagte,

313 3493 54 38 es
421 3483 78 52 sei
557 3485 87 52 ein
701 3476 245 72 Brillant,
1004 3474 118 62 und
1177 3474 91 61 ich
1326 3471 189 63 mußte
1571 3471 92 60 ihn
1727 3468 274 62 natürlich
2066 3466 180 63 sofort
2312 3466 239 61 zurück*

312 3578 197 65 tragen.

386 3658 133 65 Erst
566 3664 191 61 wollte
806 3687 60 38 er
914 3663 93 62 ihn
1056 3662 163 77 lange
1268 3659 155 63 nicht
1472 3657 464 71 wiedernehmen,
1990 3654 134 62 aber
2174 3654 152 61 dann
2370 3653 81 63 riß
2497 3677 58 39 er

313 3750 87 63 ihn
448 3766 102 52 mir
599 3783 103 38 aus
752 3758 100 61 der
898 3757 179 62 Hand
1125 3756 117 62 und
1289 3753 151 63 warf
1483 3753 94 61 ihn
1618 3751 113 62 voll
1771 3750 152 62 Wut
1961 3758 132 54 weit
2133 3772 117 38 von
2297 3748 139 62 sich.

315 3841 90 66 Ich
445 3849 145 63 habe
632 3852 134 61 aber
806 3851 264 62 dennoch
1111 3850 260 79 gesehen,
1412 3855 109 53 wie
1562 3845 113 62 ihm
1717 3845 162 61 dabei
1921 3843 89 63 die
2041 3840 231 64 Tränen
2307 3866 104 38 aus
2447 3845 109 59 den

315 3936 203 81 Augen
560 3957 247 50 stürzten
843 3981 97 36 —,•
979 3945 91 62 ich
1112 3944 209 62 konnte
1364 3941 150 63 auch
1555 3939 216 62 damals
1804 3939 181 62 schon
2018 3962 186 54 genug
2236 3937 320 72 hebräisch.
