3251 4572
2435 437 121 48 1077

992 438 185 49 Wafter
1201 438 354 55 Hasencfever,
1593 439 116 48 Der
1734 439 141 50 Soßn

390 655 135 60 Der
564 642 297 65 Freund:
897 644 77 77 Ja,
1002 642 83 61 Ich
1120 642 254 63 bekenne
1407 645 134 60 midi
1575 644 264 78 schuldig:
1885 646 75 60 ich
1994 644 111 62 hab
2138 668 108 38 vor
2279 644 100 62 der
2403 639 159 66 Türe

318 741 288 87 gelauscht.
659 738 87 61 Es
798 735 228 62 braucht
1077 735 126 62 also
1254 735 99 62 der
1393 736 455 79 Wiederholung
1896 739 153 61 nicht.
2095 738 81 61 Ich
2228 738 147 61 habe
2423 736 138 63 alles

318 840 206 80 gehört.
569 832 142 62 Und
752 830 76 61 ich
872 829 213 62 erkläre
1127 829 84 61 dir
1251 829 109 61 den
1401 830 239 79 Kampf!

394 928 394 66 Cherubim:
832 923 155 62 Was
1029 923 107 62 soll
1178 923 102 62 das
1324 923 231 62 heißen?

393 1027 136 60 Der
568 1018 306 64 Freund:
920 1018 126 60 Das
1090 1017 173 62 heißt;
1319 1027 53 51 in
1415 1018 144 61 zehn
1599 1020 269 60 Minuten
1910 1028 71 54 ist
2022 1020 99 60 der
2163 1018 135 64 Saal
2341 1017 220 62 drüben

319 1119 125 64 voll.
480 1117 101 60 Du
623 1122 157 52 wirst
821 1112 171 61 heute
1033 1111 190 62 Nacht
1263 1111 191 62 keine
1495 1112 159 62 Rede
1696 1114 202 60 halten.

397 1206 393 66 Cherubim;
835 1206 119 60 Bist
996 1204 77 62 du
1117 1204 100 62 des
1259 1200 261 66 Teufels!
1565 1206 81 60 Ich
1688 1206 150 61 muß
1879 1206 188 61 reden.
2112 1206 230 61 Woher
2376 1205 186 61 dieser

322 1303 156 65 Ton?

395 1398 137 60 Der
572 1392 297 62 Freund:
924 1392 125 61 Das
1103 1401 157 52 wirst
1310 1392 77 61 du
1438 1392 273 62 erfahren.
1764 1393 83 61 Ich
1896 1392 148 62 kann
2095 1393 114 61 dich
2260 1416 158 38 zwar
2469 1416 94 37 am

323 1491 189 63 Reden
553 1487 139 61 nicht
734 1486 265 72 hindern/
1039 1486 137 61 doch
1219 1487 75 60 ich
1336 1486 135 61 rede
1513 1487 131 60 nach
1687 1487 98 60 dir,

399 1581 367 63 Cherubim
817 1588 251 56 <erblaßt):
1113 1580 153 62 Was
1308 1590 158 51 wirst
1507 1581 77 60 du
1626 1581 204 61 reden?

398 1677 136 60 Der
573 1674 300 61 Freund:
939 1675 113 61 Die
1101 1674 326 71 Wahrheit,
1484 1684 146 51 mein
1687 1675 217 61 Lieber,
1965 1675 102 60 Du
2125 1674 128 62 hast
2310 1674 84 61 dir
2450 1672 113 63 viel

325 1769 181 63 Mühe
553 1768 273 78 gegeben,
875 1792 131 37 man
1057 1768 135 61 muß
1245 1790 61 39 es
1349 1792 191 53 sagen.
1584 1768 138 62 Nur
1764 1768 207 61 fürchte
2013 1769 95 70 ich,
2150 1768 235 61 diesmal

328 1886 165 54 sagen
535 1862 164 60 deine
739 1858 209 64 Tricks.

403 1954 391 62 Cherubim:
838 1956 202 60 Meine
1081 1950 189 65 Tricks
1316 2003 10 12 .
1376 2003 9 12 ,
1442 1956 10 59 !

403 2048 135 61 Der
577 2048 297 61 Freund:
920 2047 142 61 Und
1104 2047 90 62 die
1235 2048 214 68 Rosen,
1490 2056 147 52 mein
1677 2046 250 62 Freund,
1970 2047 160 61 Hüte
2164 2046 135 71 dich,
2342 2046 103 62 das
2481 2056 82 52 sie

329 2142 101 61 sich
470 2142 139 61 nicht
648 2150 56 53 in
747 2142 152 61 faule
940 2142 141 61 Eier
1113 2141 367 62 verwandeln
1514 2141 117 60 und
1663 2141 106 60 auf
1799 2140 255 61 deinem
2088 2141 238 77 Haupte
2360 2140 202 62 enden,

1105 2244 95 56 <Sie
1233 2244 286 61 umdrängen
1552 2243 76 48 ihn
1663 2243 122 55 alle.)

409 2328 395 63 Cherubim:
865 2330 140 78 Jetzt
1054 2330 199 79 sprich:
1313 2354 124 37 was
1489 2329 95 61 hat
1635 2329 114 61 didi
1801 2338 53 51 in
1895 2330 76 59 24
2012 2328 259 62 Stunden
2321 2352 68 38 so

333 2423 220 61 ändert?

408 2516 135 61 Der
582 2517 301 61 Freund:
935 2517 90 61 Ihr
1075 2517 141 71 seid,
1264 2518 255 70 scheints,
1569 2516 106 62 alle
1724 2516 129 62 sehr
1901 2532 290 61 gespannt.
2237 2516 125 59 Das
2416 2514 154 61 führt

336 2631 71 36 zu
461 2618 149 53 weit.
671 2610 114 62 Die
844 2610 222 62 Stunde
1123 2611 206 61 heischt
1378 2611 214 61 Kürze,
1654 2610 338 62 Cherubim!
2051 2608 215 61 Diesen
2324 2608 244 61 schönen

338 2701 230 62 Namen
602 2702 129 63 hast
764 2704 78 62 du
885 2705 84 61 dir
1010 2704 290 78 beigelegt.
1339 2705 175 62 Sonst
1555 2704 110 61 hab
1707 2705 75 60 ich
1823 2712 89 51 nie
1945 2704 132 59 mich
2119 2704 313 68 besonnen,
2467 2702 104 61 das

338 2792 170 63 Wort
548 2805 99 52 mit
685 2796 211 62 vollem
930 2796 225 79 Klange
1188 2822 76 36 zu
1297 2820 190 55 sagen.
1532 2798 150 60 Nun
1722 2796 93 61 bin
1849 2796 74 60 ich
1957 2795 113 61 voll
2105 2795 162 61 Ekel,
2304 2795 83 60 Ich
2421 2794 150 61 kann

338 2885 79 61 dir
465 2890 137 60 nicht
651 2892 157 60 mehr
858 2902 54 50 in
957 2892 90 60 die
1086 2893 219 76 Augen
1345 2890 158 62 sehn.
1559 2890 141 62 Wie
1741 2890 127 61 hast
1909 2889 76 61 du
2027 2905 244 61 gewagt,
2313 2889 116 61 dich
2472 2899 100 51 mit

338 2979 122 62 dem
507 2983 236 62 Namen
794 2984 102 62 des
945 2985 217 78 Engels
1213 3010 75 36 zu
1338 3008 222 38 nennen
1727 2983 78 61 du
1847 2983 151 79 Spiel
2050 2982 117 61 und
2206 2983 202 60 Laune
2453 3006 119 38 von

341 3079 209 72 einigen
598 3077 290 62 Nächten!
949 3077 143 61 Und
1148 3078 261 61 wirklich:
1471 3077 77 61 du
1598 3076 166 62 willst
1813 3085 194 52 weiter
2055 3074 193 63 diesen
2304 3076 272 61 Betörten

341 3159 235 70 Taumel
626 3170 117 62 und
784 3167 387 66 Trunkenheit
1212 3171 298 79 predigen?
1559 3171 245 77 Empört
1846 3170 105 61 sich
1993 3170 137 59 nicht
2172 3185 180 44 etwas
2396 3177 54 52 in
2493 3168 84 61 dir

342 3280 173 55 gegen
557 3262 90 63 die
686 3265 193 77 Lüge?
921 3266 319 76 Betrogene
1273 3265 460 76 Bewunderung,
1774 3262 91 61 die
1905 3271 104 51 wir
2050 3261 220 61 deinem

343 3350 164 66 haare
548 3358 231 62 zollten!
832 3360 102 60 Du
976 3359 345 62 Verkünder
1381 3359 206 61 Gottes
1637 3358 108 59 auf
1794 3356 195 61 Erden
2155 3364 112 52 wie
2317 3355 143 62 schal
2511 3365 71 51 ist

347 3443 121 63 dein
507 3448 179 65 Reich,

421 3538 364 69 Cherubim
827 3558 199 57 <springt
1059 3560 83 44 mit
1174 3553 119 51 allen
1315 3553 199 51 Zeichen
1547 3551 80 50 des
1661 3552 281 49 Entsetzens
1974 3549 185 56 zurück)
2173 3567 9 36 :
2244 3542 116 61 Ein
2411 3542 174 61 Aus*

346 3638 233 73 sätziger
621 3646 70 53 ist
733 3655 165 45 unter
940 3641 133 59 uns!

422 3725 137 64 Der
598 3730 276 64 Freund
919 3747 104 50 <mit
1044 3742 155 50 tiefem
1222 3742 165 55 Ernst)
1402 3756 9 37 :
1456 3731 185 62 Nein!
1686 3730 196 71 Einer,
1932 3728 100 63 der
2081 3728 110 63 den
2234 3728 217 64 Stachel

346 3812 166 68 kannt
559 3822 112 63 hat.
724 3825 154 62 Was
926 3827 225 77 genießt
1200 3826 83 61 ihr
1334 3826 180 60 denn?
1555 3825 152 60 Was
1750 3822 136 61 habt
1927 3824 84 59 ihr
2050 3822 334 63 vollbracht?
2426 3824 163 61 Habt

346 3908 81 60 ihr
466 3921 73 54 im
572 3915 277 66 Überfluß
884 3937 181 44 etwas
1100 3920 191 62 Gutes
1327 3919 140 62 oder
1499 3919 182 61 Böses
1714 3934 186 61 getan,
1943 3916 102 63 das
2081 3918 133 61 euch
2248 3916 92 64 die
2371 3918 218 77 Augen
