3198 4572
1016 433 183 51 Wafter
1432 433 271 55 Hasencfever,
1704 433 62 50 Der
1767 434 124 50 Sohn

2449 431 116 48 1101

1099 633 323 66 DRITTE
1462 639 323 63 SZENE

1089 780 143 56 <Man
1265 780 144 61 klopft
1440 799 60 31 an
1534 780 80 50 der
1644 779 166 57 Türe.)

407 917 139 60 Der
585 907 187 66 Sohn
808 920 105 51 <mit
943 913 153 50 lauter
1126 912 235 57 Stimme);
1404 906 242 61 Herein!

1074 1015 432 56 Kriminalbeamte
1528 1026 148 40 treten
1708 1021 110 50 ein.)

409 1118 141 60 Der
590 1113 446 61 Kommissar:
1096 1108 264 62 Welcher
1406 1132 115 37 von
1571 1108 109 61 den
1719 1109 224 61 Herren
1992 1117 70 52 ist
2111 1107 100 62 der
2253 1105 160 64 Sohn
2464 1104 100 62 des

335 1207 389 67 Geheimrats?

407 1303 135 61 Der
583 1298 207 64 Sohn:
834 1297 125 60 Der
997 1294 95 61 hin
1134 1296 93 59 ich.

407 1397 136 60 Der
583 1394 423 60 Kommissar
1046 1402 120 50 <tritt
1205 1397 86 49 auf
1319 1396 78 50 ihn
1429 1402 105 50 zu):
1577 1388 159 72 Bitte,
1779 1388 185 78 folgen
1999 1388 96 63 Sie
2128 1411 126 38 uns.

407 1491 138 60 Der
584 1485 208 63 Sohn:
837 1484 90 61 Ihr
966 1484 313 59 Ausweis?

407 1584 140 60 Der
587 1580 420 61 Kommissar
1050 1590 144 56 <zeigt
1224 1590 74 44 ein
1328 1584 192 56 Sdiild);
1564 1576 158 61 Hier,

407 1677 136 59 Der
584 1672 184 64 Sohn
810 1678 224 57 (höflich):
1092 1670 84 60 Ich
1227 1669 196 61 danke.
1474 1669 292 61 Erlauben
1815 1668 97 62 Sie
1967 1691 103 38 zur
2117 1668 259 76 Klärung
2423 1667 140 61 noch

335 1778 121 52 eine
496 1768 214 76 Frage:
754 1764 98 63 hat
893 1764 96 63 Sie
1028 1773 149 51 mein
1216 1763 187 62 Vater
1443 1763 292 79 geschickt?

409 1862 138 60 Der
587 1861 444 60 Kommissar:
1083 1857 135 61 Wir
1265 1856 184 62 haben
1488 1856 275 77 Auftrag,
1810 1856 96 62 Sie
1953 1879 75 36 zu
2069 1853 113 62 ihm
2221 1879 75 35 zu
2339 1852 225 63 führen.

410 1955 140 61 Der
590 1952 207 64 Sohn;
834 1952 89 61 Es
966 1961 71 52 ist
1075 1969 117 61 gut.

867 2063 120 56 (Der
1018 2062 129 50 Sohn
1180 2060 97 50 und
1308 2060 81 51 der
1420 2059 186 51 Freund
1637 2059 141 51 sehen
1811 2059 89 50 sich
1931 2063 97 51 an.)

409 2157 136 61 Der
584 2157 422 61 Kommissar
1039 2168 119 51 (tritt
1190 2168 131 45 einen
1354 2162 163 49 Schritt
1549 2161 183 55 näher);
1784 2152 97 61 Da
1920 2148 457 63 Fluchtverdacht
2424 2172 141 38 vor**

334 2251 142 76 liegt,
519 2251 132 61 muß
693 2251 76 59 ich
810 2250 174 60 Ihnen
1027 2250 90 60 die
1157 2248 213 62 Hände
1412 2247 221 62 fesseln.

409 2342 136 61 Der
585 2343 207 61 Sohn:
837 2343 98 63 Sie
975 2341 203 62 führen
1219 2342 123 60 also
1384 2350 161 52 einen
1586 2338 376 63 Verbrecher?

409 2436 134 61 Der
583 2437 421 61 Kommissar
1037 2444 381 57 (achselzuckend,
1462 2449 82 43 mit
1576 2441 418 60 Entschuldigung)
2006 2455 12 38 ;
2060 2431 82 61 Ich
2184 2429 252 62 bedaure
2464 2476 55 15 ..
2550 2476 13 15 .

409 2529 136 61 Der
584 2530 184 62 Sohn
810 2539 158 55 (reicht
998 2539 132 50 beide
1161 2538 172 49 Hände
1364 2538 122 54 hin);
1530 2529 83 60 Ich
1653 2526 229 63 sträube
1921 2525 134 61 midi
2094 2525 155 60 nicht.

397 2638 88 55 (Er
514 2639 117 50 wird
663 2641 230 61 gefesselt.
927 2642 93 49 Die
1040 2642 222 49 Beamten
1295 2639 196 51 nehmen
1524 2638 77 50 ihn
1634 2643 47 43 in
1714 2637 73 49 die
1807 2637 155 48 Mitte.
1996 2634 76 51 Sie
2104 2634 239 50 entfernen
2375 2632 127 56 sich.)

1097 2930 330 68 VIERTE
1468 2931 320 65 SZENE

410 3072 138 63 Der
587 3075 275 64 Freund
904 3086 173 59 (allein,
1108 3088 145 48 öffnet
1284 3085 82 50 das
1399 3085 233 54 Fenster);
1683 3074 62 61 In
1793 3072 111 61 den
1943 3070 231 76 Waagen
2222 3069 202 61 stoßen
2467 3067 98 63 Sie

335 3163 104 64 ihn.
498 3169 61 61 In
599 3170 233 64 Ketten!
889 3173 151 61 Nun
1089 3173 148 61 stellt
1282 3172 108 60 auf
1431 3170 90 61 die
1562 3168 331 70 Guillotine,
1942 3165 82 61 ihr
2062 3161 258 63 Henker!
2380 3161 186 61 Euer

335 3255 164 83 Kopf
523 3264 142 61 wird
700 3266 184 60 fallen.
929 3274 91 56 (Er
1049 3276 179 48 kommt
1258 3274 111 49 nach
1402 3278 180 50 vorne.)
1623 3263 86 61 Er
1741 3259 142 62 wird
1916 3282 60 38 es
2010 3274 117 45 tun,
2164 3252 302 82 Triumph!

335 3348 137 65 Hier
514 3363 70 54 ist
616 3367 184 53 meine
832 3359 171 61 Kraft
1042 3384 77 36 zu
1150 3358 187 62 Ende,
1382 3367 90 55 (Er
1500 3365 124 50 sinkt
1657 3368 46 44 in
1724 3367 133 45 einen
1877 3358 170 56 Stuhl.)
2078 3351 121 59 Mir
2231 3349 225 69 scheint,
2489 3372 75 36 an

334 3452 99 52 mir
480 3456 71 52 ist
599 3450 90 62 die
727 3452 281 64 Reihe...
1056 3461 361 56 (Erbetrachtet
1448 3459 90 49 sich
1568 3462 92 45 wie
1693 3461 73 45 ein
1788 3451 334 63 Photograph.)
2163 3442 77 61 Ist
2288 3442 90 60 die
2418 3441 150 62 Pose

334 3555 96 57 gut
476 3544 99 59 so?
622 3545 141 61 Bitte
811 3549 146 59 recht
1007 3547 325 61 freundlich!
1374 3545 150 61 Wer
1571 3542 183 79 knipst
1801 3540 109 61 den
1951 3540 269 60 Moment
2268 3535 99 62 der
2406 3535 120 61 Ver-

335 3638 264 75 wesung?
637 3647 92 54 (Er
762 3648 123 51 zieht
917 3655 103 44 eine
1050 3649 149 50 kleine
1220 3648 188 49 Flasche
1430 3647 202 53 hervor.)
1672 3635 200 62 Nichts
1912 3631 158 62 mehr
2109 3630 83 61 als
2226 3629 156 62 diese
2415 3629 153 62 Sen*

336 3735 179 54 sation
566 3733 108 60 auf
719 3733 100 62 der
867 3735 161 61 Erde
1187 3735 102 61 das
1338 3744 71 52 ist
1455 3742 202 67 wenig.
1716 3729 149 61 Man
1915 3727 161 62 sollte
2132 3725 141 60 nicht
2324 3747 72 37 an
2446 3732 120 52 sein

334 3813 166 68 Ende
564 3823 235 66 denken.
852 3837 91 56 (Er
973 3840 144 48 öffnet
1149 3838 73 50 die
1253 3836 190 51 Flasche
1476 3833 95 51 und
1601 3832 136 51 riecht
1770 3831 179 54 daran.)
2013 3818 367 63 Verdammt!
2455 3817 115 61 Die

334 3907 330 84 Neugierde
705 3930 71 51 ist
814 3923 157 75 groß.
1016 3922 174 64 Stirbt
1229 3946 131 37 man
1401 3918 235 64 wirklich
1670 3941 105 37 aus
1808 3914 308 63 Interesse?
2156 3913 236 61 Könnte
2434 3935 131 37 man
