3180 4572
1335 426 183 52 WaCter
1538 426 356 55 HasencCever,
2074 424 140 49 Soßn

650 437 120 49 1080

650 640 188 77 tigkeit
867 636 356 79 gesprochen.
1260 635 174 59 Dann
1462 632 184 62 haben
1674 631 95 62 Sie
1802 630 262 77 gelogen!
2094 628 97 63 Sie
2224 627 184 61 haben
2442 627 107 60 sich
2584 625 130 60 dem
2749 637 144 70 ewig

648 734 217 61 Neuen
907 729 386 62 unterworfen
1435 743 102 45 tun
1578 726 145 62 Sie's
1765 725 156 77 jetzt!

729 823 369 64 Cherubim
1142 835 66 51 <in
1241 828 403 62 Verzweiflung):
1677 819 183 70 Nein,
1902 818 76 59 ich
2020 833 63 46 tu
2133 839 61 38 es
2245 815 164 61 nicht!
2461 812 146 63 Lind
2657 812 76 61 ich
2784 816 109 60 will

649 943 61 38 es
752 919 136 60 auch
928 918 164 61 nicht!
1136 917 83 61 Ich
1261 914 147 61 kann
1450 915 155 60 nicht.

729 1014 140 60 Der
899 1011 278 61 Freund
1220 1022 118 51 (tritt
1370 1017 87 48 auf
1483 1016 79 49 ihn
1595 1021 104 49 zu):
1746 1004 340 64 Cherubim!
2139 1003 154 61 Zum
2343 998 317 63 letztenmal
2704 999 189 64 diesen

651 1105 323 63 lästernden
1006 1103 240 61 Namen
1290 1102 120 61 und
1451 1101 153 61 dann
1646 1110 84 50 ins
1773 1097 329 62 namenlose
2142 1094 149 63 Zelt,
2342 1094 208 61 Etwas
2586 1092 309 74 Größeres,

649 1224 123 37 was
809 1199 77 59 du
921 1199 139 59 nicht
1092 1196 127 71 bist,
1253 1196 130 60 kam
1416 1195 119 61 hier
1567 1195 191 61 herein
1902 1191 130 61 dem
2065 1191 133 76 füge
2232 1188 133 61 dich.
2400 1188 104 60 Du
2537 1186 129 61 hast
2699 1186 195 62 deinen

649 1291 126 65 Teil
815 1293 208 77 gehabt
1063 1315 93 37 am
1196 1289 456 62 Rosa*Gestirn:
1697 1287 91 61 laß
1830 1286 93 71 ab,
1956 1294 163 53 einen
2160 1284 240 61 falschen
2445 1281 193 62 Glanz
2678 1281 108 60 auf
2812 1281 85 61 die

651 1388 167 61 Urne
858 1411 75 36 zu
976 1385 205 61 heften.
1225 1384 105 61 Du
1371 1383 129 61 hast
1540 1383 130 59 dein
1711 1403 209 56 ganzes
1970 1379 160 61 Herz
2177 1374 443 71 verschwendet,
2667 1373 230 62 deshalb

653 1482 185 61 haben
880 1488 105 52 wir
1026 1479 116 60 dich
1182 1477 220 78 geliebt,
1446 1475 201 63 Wenn
1689 1474 79 61 du
1810 1474 137 60 auch
1989 1482 200 59 irrtest,
2230 1494 124 37 was
2395 1484 89 46 tut
2525 1491 86 38 es;
2655 1468 80 59 du
2776 1467 122 62 hast

653 1573 200 80 gelebt.
905 1573 157 60 Zum
1112 1571 266 61 höchsten
1427 1568 111 61 bist
1586 1568 79 61 du
1716 1568 139 60 nicht
1895 1564 240 79 gelangt.
2178 1559 311 65 Trotzdem
2531 1574 70 51 (er
2640 1568 137 51 reicht
2810 1569 88 50 ihm

658 1676 73 50 die
763 1674 164 55 Hand)
969 1665 110 61 hab
1123 1663 196 63 Dank!

735 1759 374 63 Cherubim
1150 1766 150 56 (stößt
1333 1765 78 48 ihn
1445 1765 136 55 fort):
1633 1755 83 61 Ich
1766 1754 112 61 will
1937 1752 200 61 Euern
2194 1750 174 62 Dank
2426 1750 154 59 nicht.
2640 1748 83 60 Ich
2781 1746 118 62 lebe

655 1856 163 60 noch!
853 1855 84 60 Ich
971 1853 202 62 nehme
1208 1851 110 61 den
1351 1850 225 79 Kampf
1600 1849 117 61 auf,
1749 1856 87 56 (Er
1865 1855 159 50 riditet
2056 1855 89 48 sich
2178 1858 198 57 empor.)
2401 1842 127 63 Wo
2564 1842 124 61 sind
2723 1850 176 52 meine

656 1948 301 62 Freunde?
999 1945 238 63 Wollen
1280 1944 160 70 sehn,
1482 1943 77 62 ob
1600 1952 83 50 sie
1722 1942 136 59 mich
1900 1940 108 61 alle
2046 1938 292 63 verlassen
2375 1985 11 14 .
2427 1985 10 14 .
2478 1985 10 12 .

1530 2053 92 55 (Er
1652 2051 133 49 blicht
1817 2069 80 30 um
1920 2049 126 55 sich.)

736 2175 133 37 von
910 2145 409 81 Tuchmeyer
1361 2159 120 50 (tritt
1511 2171 62 31 zu
1606 2152 140 55 ihm):
1796 2143 82 61 Ich
1920 2142 182 61 bleibe
2142 2141 92 61 bei
2274 2140 106 61 dir!

738 2245 139 61 Der
917 2240 299 63 Freund:
1265 2240 143 62 Gut,
1453 2240 103 60 Du
1596 2237 187 70 willst,
1825 2237 75 60 ich
1943 2235 105 62 soll
2090 2235 83 61 dir
2212 2258 108 37 vor
2370 2232 144 61 allen
2566 2231 91 61 die
2697 2229 206 62 Maske

660 2363 137 38 vom
841 2338 232 62 Gesicht
1112 2358 214 39 zerren.
1369 2334 84 61 Ich
1495 2331 194 63 werde
1731 2330 115 61 dich
1888 2330 140 60 nicht
2069 2330 257 60 schonen,
2377 2326 225 79 Kampf
2644 2326 84 60 bis
2780 2323 122 60 aufs

661 2433 249 61 Messer.
941 2430 182 61 Fällst
1156 2430 97 69 du,
1288 2437 157 52 wirst
1479 2425 78 61 du
1590 2434 98 51 mit
1721 2424 203 61 Füßen
1959 2439 247 61 getreten
2338 2419 118 62 und
2486 2419 79 61 du
2600 2418 172 61 fällst!
2801 2425 105 55 (Die

663 2527 214 50 Musiker
910 2531 63 43 im
1006 2524 108 50 Saal
1147 2530 214 43 stimmen
1394 2522 97 49 ihre
1524 2521 320 48 Instrumente.
1879 2517 275 49 Lichtschein
2177 2516 97 49 und
2296 2514 229 50 stärkeres
2550 2510 243 53 Geräusch
2814 2528 92 31 von

663 2612 165 57 vielen,
860 2611 139 49 schon
1025 2608 373 51 Versammelten
1440 2617 119 38 setzt
1603 2611 109 48 ein.)
1760 2597 184 58 Hörst
2000 2594 79 60 du
2136 2593 89 61 die
2282 2588 197 65 Töne?
2842 2624 8 10 -
2895 2617 6 7 '

665 2698 111 61 bist
799 2697 77 61 du
903 2696 150 61 ohne
1078 2696 226 76 Angst?
1333 2692 120 62 Gib
1478 2692 137 69 acht,
1642 2691 76 60 ich
1752 2688 136 63 rede
1928 2711 179 55 gegen
2141 2687 135 61 alles
2422 2683 118 62 und
2572 2705 180 56 gegen
2779 2681 125 61 dich.

665 2792 190 61 Deine
895 2790 243 61 Weiber
1195 2789 119 61 und
1371 2787 163 61 deine
1582 2785 224 61 Locken
1855 2794 210 48 nützen
2116 2781 83 61 dir
2248 2781 186 60 nichts.
2485 2778 84 60 Ich
2620 2775 171 62 weiß
2840 2784 67 67 ja,

667 2909 175 38 wozu
885 2885 89 61 die
1015 2885 195 60 Rosen
1253 2881 120 63 und
1413 2881 101 61 der
1554 2878 137 63 Sekt
1733 2878 174 60 dient!
1952 2878 100 59 Bei
2094 2884 249 52 meiner
2382 2871 160 64 Rede
2584 2870 144 62 wird
2776 2869 133 61 nicht

667 2978 250 80 gespielt.
961 2978 83 61 Ich
1086 2975 193 63 werde
1321 2975 90 61 die
1451 2971 343 78 Nichtigkeit
1835 2970 193 62 deiner
2060 2970 362 76 Argumente
2462 2966 352 60 nachweisen

668 3074 77 60 ich
787 3073 181 60 kenne
1009 3071 115 59 dich
1159 3068 360 76 auswendig!
1554 3067 83 61 Ich
1671 3065 149 60 lasse
1854 3063 89 61 die
1976 3062 330 61 Haubitzen
2340 3060 99 61 des
2474 3058 275 62 Zweifels
2785 3051 128 65 auf*

672 3166 219 62 fahren:
954 3165 119 60 sieh
1124 3189 94 45 zu,
1269 3163 109 60 daß
1429 3162 139 60 nicht
1617 3159 71 61 all
1731 3158 164 61 deine
1934 3156 269 62 Freuden
2257 3165 111 50 wie
2418 3152 331 62 Luftblasen
2790 3170 123 40 zer*

672 3261 222 80 platzen
935 3284 107 37 vor
1092 3259 212 60 diesem
1356 3256 179 62 Salut,
1589 3255 165 59 Mein
1806 3252 181 70 Sohn,
2038 3274 60 38 es
2149 3250 214 61 kommt
2413 3247 90 61 die
2545 3245 223 63 Stunde
2818 3241 94 61 des

674 3354 290 71 Gerichts,*
1003 3352 136 61 auch
1182 3352 76 60 ich
1309 3350 94 61 bin
1453 3361 341 65 gewappnet
1841 3355 99 51 mit
1989 3344 207 61 Feuer.
2234 3349 288 57 (Brausende
2554 3342 362 57 Versammlung

674 3463 61 43 im
768 3455 144 56 Saal.)
955 3448 184 59 Hörst
1180 3445 103 61 du!
1328 3445 186 60 Hörst
1554 3441 103 61 du!
1703 3440 183 62 Schon
1925 3448 159 52 wirst
2125 3438 78 59 du
2244 3436 145 61 blaß.
2432 3435 174 61 Nicht
2640 3443 89 52 ein
2763 3426 154 65 Erd*

674 3540 184 63 beben
891 3581 63 8 •
987 3549 89 51 ein
1133 3538 209 62 kleines
1392 3537 179 59 Wort
1619 3534 144 60 wird
1820 3533 128 61 dein
2005 3529 389 64 Himmelreich
2445 3528 334 61 vernichten.
2838 3519 78 62 Ich

677 3636 132 59 hole
851 3634 90 61 die
984 3633 358 79 Gespenster
1383 3655 105 37 aus
1533 3629 144 60 allen
1719 3628 193 61 Ecken
1962 3626 206 60 hervor
2210 3624 118 60 und
2368 3623 149 60 lasse
2560 3631 81 52 sie
2682 3615 236 64 Walzer

678 3744 220 45 tanzen.
951 3728 81 60 Ich
1077 3728 151 59 mach
1265 3735 161 52 einen
1460 3718 338 82 Totenkopf
1825 3744 104 36 aus
1966 3720 221 59 deinem
2222 3717 247 61 Gesicht,
2497 3714 142 61 Wie
2681 3721 90 52 ein
2804 3709 114 60 Re*

678 3830 155 51 visor
874 3821 88 60 die
1004 3820 511 76 Unterschlagung:
1561 3817 75 60 ich
1671 3815 132 61 deck
1838 3813 114 61 dich
1986 3812 125 61 auf!
2146 3812 151 60 Man
2330 3808 144 63 wird
2507 3808 114 60 dich
2657 3829 104 37 aus
2796 3801 123 59 dem

683 3914 170 61 Saale
893 3924 290 67 steinigen,
1225 3924 148 51 mein
1415 3909 259 63 Freund!
