2436 4257
2232 271 0 0 185

880 226 165 31 REVUE
1085 227 63 29 DE
1186 227 60 30 LA
1284 226 276 38 QUINZAINE

203 432 75 56 n'y
301 430 179 44 verrais
506 445 85 41 pas
636 430 416 48 d'inconvénients
1080 435 56 52 si,
1164 451 59 28 en
1264 447 178 44 retour,
1471 438 42 42 le
1555 438 155 43 même
1738 452 203 30 censeur
1967 452 59 28 ne
2058 439 173 56 parlait

202 510 83 42 pas
308 509 114 28 avec
451 509 66 27 un
563 495 364 44 enthousiasme
975 499 182 43 calculé
1181 501 57 43 de
1268 517 21 26 «
1330 502 240 57 triomphe
1603 503 210 43 colossal
1841 519 20 24 »
1887 512 45 34 et
1957 503 58 42 de
2054 517 24 28 «
2100 503 103 43 chef-

203 560 209 42 d'œuvre
440 559 264 43 admirable
731 574 21 26 »
778 560 219 56 lorsqu'il
1026 564 134 55 s'agit
1186 566 57 41 de
1276 567 130 57 Zaja
1415 600 10 21 }
1454 568 58 42 de
1537 567 70 43 La
1649 567 148 43 Tosca
1804 600 10 19 ,
1844 581 63 28 ou
1935 567 57 43 de
2019 567 214 52 Siberia,

202 624 116 42 dans
346 622 258 57 lesquelles
631 623 32 42 il
689 632 167 34 trouve
884 626 215 54 quantité
1127 629 57 42 de
1212 629 204 52 défauts,
1445 631 117 42 mais
1590 631 115 56 qu'il
1738 631 198 56 qualifie
1982 632 58 42 de
2077 630 130 44 chefs-

203 687 211 43 d'œuvre
449 696 102 33 tout
584 687 58 42 de
688 687 171 43 même.
897 689 82 42 S'il
1016 690 111 43 loue
1168 694 235 56 quelques
1432 694 173 56 parties
1640 696 56 41 de
1750 695 218 43 William
1995 696 237 61 Rattcliff,

203 752 113 42 c'est
341 765 114 29 avec
480 765 93 28 une
623 752 246 42 mauvaise
903 753 205 43 humeur
1127 755 237 52 évidente,
1392 768 43 32 et
1463 758 31 41 il
1524 774 47 27 se
1598 769 204 47 rattrape
1837 774 59 28 en
1921 759 237 43 éreintant
2190 762 46 40 la

202 830 177 42 pauvre
551 816 195 51 Mastio,
774 832 84 40 pas
885 818 94 42 très
1004 832 59 28 en
1089 819 111 41 voix
1240 833 52 28 ce
1331 821 184 51 soir-là,
1544 832 46 32 et
1615 837 59 28 en
1700 833 196 32 vantant
1922 824 25 42 à
1990 823 171 44 l'excès
2190 824 44 42 le

202 879 140 41 ténor
369 893 90 42 que
505 879 72 54 j'ai
615 882 165 40 trouvé
807 880 339 56 parfaitement
1174 884 307 56 désagréable
1529 887 64 41 Ce
1631 887 202 56 critique
1861 902 206 43 manque
2095 888 110 43 d'im-

202 942 238 57 partialité
474 952 45 33 et
557 944 57 41 de
637 943 271 57 générosité
937 956 44 31 et
1008 960 28 27 n
1056 960 25 28 a
1108 946 304 44 décidément
1438 949 57 42 de
1522 950 133 56 royal
1675 965 90 42 que
1790 965 87 28 son
1903 966 129 28 nom.

1211 1063 17 16 *

1191 1101 18 16 ★
1229 1102 17 15 *

263 1194 106 41 Une
398 1193 299 43 association
747 1209 22 28 «
812 1195 279 43 Beethoven
1117 1209 23 29 »
1179 1199 111 41 s'est
1320 1199 135 42 créée
1499 1214 109 28 sans
1636 1200 142 55 bruit,
1808 1212 45 32 et
1891 1203 118 41 dans
2038 1217 49 27 sa
2114 1217 81 41 pre-

205 1255 146 45 mière
376 1257 190 51 séance,
589 1272 60 28 au
677 1268 176 46 coquet
877 1258 185 43 théâtre
1089 1260 57 42 de
1173 1260 277 58 l'Olympia,
1477 1277 124 30 nous
1639 1279 25 28 a
1689 1265 197 42 exécuté
1912 1265 43 42 le
1983 1275 206 46 quatuor
2207 1267 25 41 à

205 1322 173 41 cordes
405 1336 78 41 op.
521 1322 52 43 35
613 1324 58 40 de
700 1323 192 55 Haydn,
926 1322 42 43 le
994 1333 200 47 quatuor
1226 1340 77 41 op.
1335 1327 50 42 16
1419 1337 44 32 et
1488 1327 42 42 le
1561 1327 139 44 Clair
1734 1328 54 42 de
1816 1328 104 42 lune
1947 1329 57 42 de
2022 1330 179 41 Beetho-

204 1399 104 29 ven.
337 1387 310 54 Programme
685 1385 289 43 intéressant
1011 1395 45 33 et
1082 1387 110 42 bien
1219 1388 213 43 exécuté.
1466 1390 65 41 Le
1557 1390 275 42 lendemain
1872 1405 66 27 un
1973 1392 102 41 seul
2107 1393 101 53 jour-

207 1449 76 42 nal
305 1463 25 28 a
356 1449 154 42 rendu
531 1459 191 47 compte
746 1450 58 41 de
826 1463 53 28 ce
907 1460 197 32 concert
1127 1465 58 28 en
1204 1452 167 43 louant
1398 1453 269 42 seulement
1691 1454 68 42 les
1779 1453 245 44 auditeurs
2051 1455 57 42 de
2131 1454 103 44 leur

205 1513 221 56 patience
452 1527 124 42 pour
609 1515 196 40 écouter
826 1514 213 55 pendant
1068 1515 122 42 deux
1217 1516 171 43 heures
1416 1517 56 42 de
1499 1517 44 42 la
1570 1518 220 55 musique
1829 1517 128 42 aussi
1985 1518 209 43 sérieuse
2225 1520 7 41 !

205 1590 52 32 je
285 1577 241 43 n'invente
555 1578 116 53 rien,
701 1579 115 42 lisez
840 1578 68 42 les
931 1578 237 54 journaux
1201 1580 155 55 niçois
1380 1581 62 42 du
1471 1580 119 42 mois
1619 1581 56 42 de
1702 1580 194 57 janvier.

265 1641 107 41 Ala
398 1641 115 42 salle
543 1642 166 54 Bellet,
737 1644 39 39 M
785 1644 39 24 lle
854 1642 166 50 Ninck,
1045 1656 94 29 une
1164 1644 160 42 bonne
1346 1643 204 57 pianiste
1579 1659 59 27 au
1667 1646 77 40 ieu
1770 1644 155 57 précis
1953 1655 44 32 et
2020 1644 212 55 brillant,

209 1715 43 32 et
272 1705 65 42 M.
376 1704 261 56 Ricardou,
661 1707 143 54 jeune
828 1715 45 32 et
897 1704 280 45 talentueux
1212 1707 463 54 violoniste-altiste,
1702 1708 109 56 plus
1836 1708 22 42 à
1888 1708 131 42 l'aise
2058 1722 177 29 encore

208 1783 79 28 sur
313 1768 127 41 l'alto
484 1782 92 42 que
606 1783 81 28 sur
718 1769 43 42 le
783 1768 181 51 violon,
1008 1782 122 30 nous
1164 1780 84 32 ont
1274 1772 160 41 donné
1461 1772 123 42 deux
1609 1772 199 42 séances
1835 1773 58 41 de
1919 1781 193 33 sonates
2141 1771 95 44 fort

209 1831 269 57 agréables.
511 1834 106 40 Aux
641 1844 331 45 programmes
995 1831 42 43 la
1066 1846 45 28 2e
1140 1844 44 32 et
1223 1835 44 41 la
1296 1836 44 40 5e
1365 1844 166 33 sonate
1560 1836 58 41 de
1643 1835 298 54 Beethoven,
1977 1835 118 42 dont
2119 1849 115 40 une,

209 1911 57 28 en
295 1896 66 50 fa,
388 1905 70 33 est
482 1896 95 42 très
605 1911 190 29 connue
816 1912 10 37 ;
854 1914 94 28 une
976 1896 57 42 de
1058 1898 347 42 Mendelssohn
1432 1898 271 56 également
1729 1908 204 32 souvent
1959 1899 156 48 jouée,
2141 1909 96 31 une

209 1969 132 33 autre
362 1961 57 40 de
468 1961 51 40 B.
576 1960 195 43 Godard
799 1976 59 28 en
907 1964 66 42 ré.
1003 1961 121 44 Mais
1155 1961 75 55 j'ai
1277 1961 442 56 particulièrement
1764 1962 144 56 goûté
1950 1962 43 41 la
2040 1962 197 41 robuste

209 2033 165 32 sonate
398 2024 57 41 de
483 2024 223 51 Hsendel,
730 2034 46 33 et
798 2027 119 42 celle
943 2028 56 41 de
1029 2026 147 42 César
1203 2025 204 51 Franck,
1435 2027 38 40 si
1502 2025 141 50 belle,
1672 2039 94 41 que
1802 2026 68 41 les
1898 2025 125 42 deux
2051 2024 187 43 artistes

209 2096 83 34 ont
318 2086 94 43 très
441 2087 110 42 bien
590 2089 182 53 jouées.
804 2091 106 42 Une
952 2089 275 52 cantatrice,
1256 2090 45 40 M
1308 2090 43 25 lle
1378 2089 133 42 Alice
1536 2088 260 52 Williams,
1839 2088 174 56 prêtait
2046 2089 43 41 le
2119 2102 88 28 con-

209 2165 140 28 cours
388 2150 57 43 de
490 2164 85 28 son
600 2151 150 43 talent
776 2153 175 43 délicat
977 2163 45 33 et
1051 2154 57 42 de
1133 2167 52 28 sa
1219 2151 94 43 très
1342 2152 110 47 jolie
1480 2152 111 42 voix
1618 2166 60 28 en
1706 2152 234 42 chantant
1965 2166 94 28 une
2100 2155 136 39 naïve

206 2213 237 57 pastorale
478 2215 56 41 de
565 2216 171 54 Haydn
758 2226 44 32 et
827 2217 42 41 le
891 2215 127 45 Rêve
1043 2216 182 53 d'Eisa,
1251 2215 414 43 délicieusement.

265 2279 131 40 Dans
411 2277 43 42 le
482 2278 159 42 désert
662 2279 130 42 aride
828 2281 82 42 des
934 2279 245 56 musiques
1207 2279 115 56 qu'il
1350 2293 122 28 nous
1502 2279 97 42 faut
1625 2277 150 49 subir,
1805 2278 31 41 il
1859 2288 69 32 est
1953 2277 256 56 particuliè-

209 2350 184 34 rement
420 2343 127 40 doux
572 2342 56 41 de
656 2356 48 28 se
723 2356 197 41 reposer
947 2343 120 43 ainsi
1092 2343 24 42 à
1138 2343 198 42 l'ombre
1367 2341 317 43 bienfaisante
1710 2343 56 41 de
1793 2342 207 42 fraîches
2028 2342 146 42 oasis.

1537 2406 221 40 Edouard
1790 2406 220 40 Perrin.

343 2735 374 48 COURRIER
751 2736 103 47 DE
892 2736 201 47 LYON

255 2881 73 33 LES
355 2891 207 23 CONCERTS.
647 2881 141 35 Société
807 2883 60 30 des
891 2882 130 41 grands
1044 2882 185 32 Concerts.
1259 2881 16 33 3
1280 2888 11 12 e
1309 2890 141 24 concert
1472 2883 42 30 de
1536 2882 278 32 l'abonnement.

255 2932 221 33 THÉÂTRES.
586 2932 167 41 Ttphaine
756 2956 9 13 ,
797 2932 118 31 drame
937 2931 140 42 lyrique
1118 2932 41 30 de
1180 2932 50 31 V.
1263 2933 210 37 Neuville,
1494 2942 60 21 sur
1590 2942 45 21 un
1670 2930 108 33 livret
1798 2932 41 30 de
1858 2932 127 31 Louis
2006 2933 158 36 Payen.

212 2982 120 42 Riquet
336 3008 8 14 }
367 2982 111 31 ballet
499 2981 42 31 de
558 2982 79 30 Pli.
659 2982 120 30 Flon.

271 3092 106 41 Une
401 3089 286 58 symphonie
722 3089 115 43 delà
863 3090 221 56 jeunesse
1111 3090 226 55 d'Haydn
1361 3101 8 29 :
1399 3088 114 41 c'est
1537 3101 66 27 un
1628 3089 195 42 terrible
1851 3088 190 42 remède
2065 3099 167 32 contre

212 3154 218 43 l'amour.
461 3154 115 42 Gela
601 3168 119 28 vous
758 3154 293 54 décompose
1077 3152 136 42 l'âme
1252 3166 58 28 en
1350 3165 94 27 une
1472 3150 120 42 série
1648 3152 57 41 de
1745 3152 172 55 petites
1959 3151 276 43 sensations

212 3222 163 38 naïves
402 3217 82 56 qui
512 3217 290 42 déchantent
824 3231 79 27 sur
929 3231 88 28 nos
1037 3215 349 43 industrieuses
1405 3213 240 57 passions.
1665 3215 52 42 Je
1739 3216 142 55 goûte
1907 3229 93 42 peu
2023 3215 66 41 les
2114 3215 100 55 plai-

215 3281 230 42 santeries
473 3281 59 42 de
575 3281 28 40 P
608 3281 150 42 Adieu
788 3281 273 54 (Abschieds
1101 3278 329 59 Symphonie).
1459 3278 129 41 Elles
1614 3276 209 57 pèchent
1849 3293 84 41 par
1967 3292 94 27 une
2089 3278 149 43 allure

214 3344 259 56 simiesque
501 3344 83 55 qui
609 3344 86 42 fait
719 3344 147 56 qu'on
891 3343 175 43 médite
1094 3356 113 30 avec
1226 3342 281 56 inquiétude
1534 3344 43 38 la
1601 3351 168 32 nature
1793 3342 221 56 présente
2054 3341 58 41 de
2149 3355 89 28 son

212 3422 242 42 coccyx...
480 3407 253 59 L'Allégro
772 3422 74 27 me
880 3406 181 43 semble
1086 3406 266 56 préférable
1381 3408 7 39 !

274 3473 88 40 Les
383 3470 375 43 chefs-d'œuvre
800 3471 56 42 de
891 3471 188 41 Mozart
1113 3469 197 42 doivent
1346 3469 97 41 être
1479 3468 222 42 admirés.
1744 3468 36 41 11
1806 3482 58 28 en
1891 3478 69 31 est
2002 3469 82 55 qui
2129 3480 110 32 sont

214 3549 186 28 comme
427 3533 206 43 certains
659 3533 188 42 enfants
877 3551 8 25 :
913 3533 57 42 ils
997 3534 287 41 intéressent
1307 3545 142 42 parce
1477 3532 137 54 qu'ils
1651 3540 83 32 ont
1766 3531 42 41 le
1835 3531 183 42 sourire
2042 3534 57 40 de
2136 3533 103 42 leur

215 3598 148 42 mère.
399 3598 154 55 (Cette
577 3596 91 43 fois
697 3598 43 41 la
774 3596 128 43 mère
937 3596 113 43 était
1074 3597 64 40 M.
1183 3595 178 41 Arthur
1400 3595 56 41 de
1485 3594 181 54 Greef).
1706 3595 64 40 Le
1818 3604 228 33 concerto
2096 3610 58 28 en
2192 3607 48 33 ut

215 3662 186 41 mineur
422 3674 58 28 ne
507 3660 294 42 m'intéresse
826 3674 103 42 pas.
1039 3661 61 41 M.
1131 3660 56 40 de
1214 3657 148 42 Greef
1381 3673 26 26 a
1440 3658 176 41 traduit
1649 3671 132 28 assez
1823 3658 304 56 simplement
2167 3660 70 42 les

213 3725 297 56 Arabesques
535 3724 206 56 perfides
760 3725 57 40 de
847 3725 277 42 Schumann
1153 3731 45 32 et
1221 3720 42 43 le
1294 3721 204 56 Caprice
1520 3722 57 41 de
1602 3721 70 43 M.
1707 3720 328 57 Saint-Saëns,
2062 3737 80 28 sur
2168 3723 68 43 les

216 3787 92 43 airs
334 3788 55 41 de
418 3787 144 42 ballet
595 3787 246 44 d'Alceste.

275 3853 66 40 La
364 3851 127 43 vraie
518 3850 94 55 joie
635 3852 64 40 du
721 3859 196 34 concert
942 3849 111 43 était
1080 3850 117 40 dans
1219 3861 95 29 une
1334 3847 350 51 introduction,
1713 3848 281 51 excellente,
2042 3864 91 28 aux
2159 3865 78 27 au-
