2436 4257
277 785 480 104 L'OPÉRA
831 811 665 86 POPULAIRE
1562 826 74 73 A
1702 818 399 87 VENISE

2129 805 41 56 (I
2180 805 15 56 >

1343 1351 282 45 FRANCE
1628 1354 124 43 SCO

287 1593 82 52 La
404 1593 128 70 plus
579 1593 258 53 fameuse
875 1597 169 49 scène
1082 1591 350 73 fantastique
1481 1594 69 52 de
1590 1607 127 40 tout
1755 1594 211 71 l'opéra
1998 1595 252 54 vénitien

216 1683 83 39 est
334 1669 398 55 l'incantation
766 1671 69 53 de
861 1670 223 62 Médée,
1115 1674 30 48 à
1167 1670 51 52 la
1240 1670 79 52 fin
1341 1671 74 53 du
1441 1670 250 71 premier
1717 1684 118 41 acte
1857 1673 69 52 de
1945 1673 176 52 Jason
2149 1673 97 71 (2).

218 1749 77 51 Le
332 1746 162 73 génie
529 1749 68 52 de
628 1746 218 56 Cavalli
874 1748 81 71 s'y
982 1749 187 52 révèle
1195 1760 126 41 tout
1347 1748 214 64 entier,
1599 1767 132 34 avec
1757 1768 87 34 ses
1877 1749 162 53 traits
2064 1767 155 35 carac-

216 1824 332 71 téristiques
572 1840 11 38 :
715 1826 120 52 l'un
863 1825 100 71 qui
999 1825 81 53 lui
1113 1839 85 38 est
1239 1843 276 35 commun
1564 1844 133 36 avec
1753 1826 188 54 Gluck
1976 1842 9 33 :
2026 1828 52 50 la
2123 1844 96 54 per-

214 1904 246 52 sistance
499 1904 138 52 d'un
670 1903 195 53 dessin
902 1903 387 71 harmonique
1331 1915 56 40 et
1443 1903 337 71 rythmique
1829 1906 219 68 répété,
2103 1922 152 52 pour

216 1983 203 52 rendre
452 1983 53 50 la
538 1981 354 71 persistance
925 1981 170 52 d'une
1122 1981 145 66 idée,
1293 1998 149 54 pour
1465 1981 313 54 l'enfoncer
1810 1981 142 54 dans
1993 1983 51 52 le
2069 1998 179 48 cœur,

214 2075 224 37 comme
474 2063 29 48 à
536 2077 181 53 coups
751 2060 67 52 de
869 2072 257 40 marteau
1148 2072 14 55 ;
1326 2059 197 53 l'autre
1575 2059 99 71 qui
1722 2059 80 53 lui
1844 2073 85 38 est
1969 2077 278 36 commun

216 2155 131 35 avec
381 2138 334 52 Beethoven
750 2138 72 69 (3)
846 2153 12 37 :
900 2154 113 36 une
1046 2136 381 70 prédilection
1461 2154 148 53 pour
1635 2136 81 52 les
1749 2136 222 54 thèmes
2002 2135 213 55 mélodi-

216 2232 141 53 ques
399 2214 314 53 construits
761 2232 98 35 sur
897 2214 244 52 l'accord
1176 2214 207 71 parfait
1423 2214 259 70 tonique.
1726 2215 206 52 Aucun
1966 2212 285 54 musicien

216 2295 75 51 du
325 2310 107 35 XVII
438 2300 18 23 6
496 2293 166 52 siècle
698 2294 88 51 n'a
835 2310 68 35 eu
936 2296 31 49 à
1007 2308 79 37 un
1127 2293 75 52 tel
1249 2294 170 67 degré
1460 2309 59 34 ce
1568 2296 137 66 goût
1754 2291 310 69 passionné
2098 2293 69 50 de
2200 2291 51 51 la

216 2370 243 53 tonalité
479 2389 12 37 :
536 2370 59 53 ni
620 2369 387 67 Monteverdi,
1056 2386 104 35 son
1194 2374 361 67 précurseur,
1598 2369 60 52 ni
1684 2369 177 64 Cesti,
1902 2385 104 36 son
2032 2386 189 35 succes-

219 2465 148 36 seur.
397 2449 44 51 Il
473 2447 119 54 faut
629 2466 37 53 y
690 2447 126 54 voir
853 2449 50 52 la
953 2464 239 52 marque
1223 2449 68 51 de
1319 2465 58 35 ce
1420 2450 423 67 tempérament
1877 2445 144 67 sain,
2076 2445 172 66 droit,

218 2524 199 67 entier,
445 2524 232 53 ennemi
712 2526 67 51 de
813 2538 126 39 tout
973 2543 59 33 ce
1053 2522 101 73 qui
1188 2538 86 39 est
1298 2524 216 52 mièvre
1550 2536 53 40 et
1630 2526 336 50 contourné.
2098 2521 123 53 L'in-

216 2602 292 52 cantation
541 2604 68 50 de
635 2602 201 54 Médée
878 2620 71 34 en
983 2615 84 39 est
1094 2602 49 52 le
1179 2601 265 53 meilleur
1477 2601 277 70 exemple.
1799 2602 81 51 La
1922 2599 299 69 simplifica-

219 2680 122 53 tion
389 2680 207 53 voulue
632 2681 97 51 des
764 2679 181 72 lignes
973 2693 54 39 et
1066 2680 51 52 la
1157 2680 240 70 vigueur
1432 2679 76 52 du
1543 2677 167 54 relief
1747 2677 124 54 font
1904 2694 207 53 penser
2142 2694 108 35 aux

219 2759 270 68 procédés
519 2759 67 52 de
614 2759 51 50 la
691 2759 290 68 sculpture
1015 2757 295 52 colossale.
1340 2757 155 51 Dans
1527 2754 361 67 l'harmonie,
1924 2755 146 52 deux
2098 2754 150 52 seuls

218 2837 252 63 accords,
502 2853 70 34 en
605 2835 76 53 mi
703 2835 231 53 mineur
959 2849 54 39 et
1039 2853 70 34 en
1132 2842 61 46 ut
1208 2834 240 68 majeur.
1472 2834 270 52 Léchant
1767 2850 202 53 repose
1997 2849 99 35 sur
2120 2832 103 52 l'ac-

219 2915 133 49 cord
407 2911 219 71 parfait.
663 2914 97 52 Un
804 2912 224 70 rythme
1090 2912 316 52 saisissant.
1460 2910 378 53 L'insistance
1880 2908 258 53 obstinée
2178 2908 68 53 de

220 3008 248 52 groupes
494 2988 381 72 rythmiques,
906 2990 214 51 formés
1156 3006 103 52 par
1291 3005 80 36 un
1406 2988 121 53 seul
1562 2987 224 65 accord,
1823 2990 193 65 répété
2043 2996 203 59 quatre

221 3065 127 67 fois,
385 3081 52 37 et
472 3066 147 53 suivi
647 3067 67 52 de
748 3065 261 67 silences,
1039 3066 140 52 dont
1212 3063 168 52 l'effet
1406 3076 84 39 est
1522 3061 301 72 poignant,
1860 3079 68 34 au
1956 3060 196 53 milieu
2180 3061 68 52 de

223 3143 50 52 la
305 3143 201 54 fureur
535 3146 74 51 du
644 3160 287 37 morceau.
963 3143 80 52 La
1082 3140 131 54 voix
1251 3140 224 67 bondit,
1513 3157 131 36 avec
1678 3141 98 52 des
1814 3151 154 41 sauts
1996 3140 251 52 d'octave

221 3240 299 52 sauvages,
552 3240 246 52 presque
831 3222 149 52 fous.

278 3483 58 54 (1)
365 3480 132 43 Suite
522 3489 45 34 et
591 3480 82 43 fin.
698 3479 118 43 Voir
836 3480 43 42 le
1602 3480 225 42 Mercure
2105 3476 148 43 musica
1383 3476 64 42 du
1480 3472 23 65 i
1526 3472 24 65 5
1573 3472 163 65 janvier
1767 3472 128 56 1906.

277 3546 60 56 (2)
364 3546 66 41 M.
459 3545 207 42 Gevaert
699 3559 24 28 a
753 3544 163 43 donné
944 3552 122 35 cette
1090 3541 142 46 scène
1259 3541 117 42 dans
1396 3540 69 42 les
1495 3539 189 43 Gloires
1708 3537 54 42 de
1783 3536 196 52 Vltalie\
2002 3544 46 35 et
2068 3536 183 43 Robert

221 3608 169 44 Eitner
412 3622 25 28 a
460 3607 166 59 publié
649 3607 42 43 le
724 3622 14 27 i
751 3616 34 25 er
809 3617 103 33 acte
938 3608 58 42 de
1858 3608 148 44 Jason
1212 3605 118 41 dans
1354 3603 42 41 le
1421 3612 32 34 t.
1484 3602 89 41 XII
1602 3601 57 42 de
1700 3613 49 30 sa
1776 3599 284 44 collection:

220 3672 163 43 kation
408 3672 193 43 œlterer
616 3671 305 58 praktischer
943 3671 90 42 und
1066 3667 338 46 theoretischer
1419 3663 324 44 Musikwerke
1761 3663 11 55 (
1785 3663 129 53 1883,
1936 3662 199 56 Berlin).

277 3737 61 54 (3)
376 3737 66 42 La
469 3735 196 56 plupart
689 3735 84 42 des
798 3733 185 44 thèmes
1006 3734 59 43 de
1096 3730 295 50 Beethoven,
1420 3726 170 59 depuis
1628 3728 41 43 le
1698 3725 207 59 premier
1940 3739 226 29 morceau
2191 3725 59 42 de

221 3799 112 57 l'op.
367 3813 38 39 1,
430 3810 53 31 n°
527 3813 38 38 1,
592 3798 222 57 jusqu'au
840 3796 208 57 premier
1075 3806 227 32 morceau
1325 3791 57 43 de
1411 3791 45 41 la
1495 3790 260 44 Neuvième
1792 3789 315 58 Symphonie,
2142 3799 110 33 sont

220 3861 263 46 construits
508 3876 115 30 avec
648 3876 79 30 ces
751 3861 118 43 trois
897 3870 136 34 notes
1057 3860 58 43 de
1142 3855 210 47 l'accord
1377 3855 191 56 parfait.
