2436 4257
808 214 165 33 REVUE
1011 217 63 30 DE
1111 218 59 30 LA
1205 217 273 39 QUINZAINE

2066 223 78 44 175

133 421 95 43 sive
278 421 58 43 de
372 434 51 29 sa
467 421 260 46 formation
764 424 360 56 intellectuelle,
1164 429 216 57 l'empire
1423 430 170 45 exercé
1628 444 82 31 sur
1732 431 190 45 Berlioz
1957 445 85 45 par
2081 433 69 44 les

132 487 180 52 leçons,
343 482 68 46 les
438 487 383 54 conversations,
864 490 69 43 les
961 505 208 39 œuvres,
1202 492 253 59 l'exemple
1479 495 262 56 journalier
1764 496 58 43 de
1849 510 90 29 son
1962 496 186 52 maître,

132 548 68 43 fut
240 548 171 43 absolu
437 548 187 59 jusqu'à
642 565 64 29 un
730 552 138 56 point
894 568 91 44 que
1007 570 91 43 peu
1135 558 206 44 d'autres
1369 557 306 60 biographies
1704 560 227 45 révèlent.
1961 562 127 42 C'est
2126 562 25 42 à

130 614 42 41 la
198 612 145 57 loupe
369 623 43 32 et
456 627 86 42 par
566 628 95 29 une
689 615 291 47 minutieuse
1019 621 195 57 analyse
1239 622 113 57 qu'il
1371 622 101 44 faut
1515 623 249 55 chercher,
1803 624 117 45 chez
1944 626 206 43 d'autres

129 675 177 57 grands
332 675 244 45 créateurs
603 676 58 45 de
708 678 104 43 l'art
847 680 84 43 des
965 695 131 41 sons,
1124 683 68 44 les
1224 693 154 36 traces
1419 687 58 43 de
1507 685 273 46 l'influence
1831 688 179 44 directe
2037 688 113 44 d'un

129 737 291 58 professeur.
447 740 128 43 Chez
612 740 203 53 Berlioz,
838 744 115 43 elles
975 745 152 44 crient
1158 746 104 43 leur
1284 749 249 56 présence.
1550 751 42 42 A
1615 759 179 36 travers
1816 751 198 46 l'ombre
2056 767 92 43 que

128 802 260 57 projettent
417 816 84 29 sur
544 803 68 44 lui
649 805 68 43 les
755 806 121 43 trois
919 809 141 43 dieux
1094 811 338 57 germaniques
1458 814 58 43 de
1571 828 49 29 sa
1656 814 204 57 religion
1900 816 247 53 musicale,

132 864 291 54 Beethoven,
456 867 172 53 Gluck,
655 869 196 53 Weber,
890 873 288 56 transparaît
1204 883 261 35 nettement
1511 876 43 43 le
1580 887 184 46 spectre
1804 878 57 44 de
1915 880 233 45 Lesueur.

132 930 91 41 Par
250 930 233 51 Lesueur,
506 929 31 43 il
572 932 214 58 échappe
812 936 26 40 à
863 948 54 29 ce
960 936 297 55 qu'auraient
1289 951 59 29 eu
1393 939 292 56 d'oppressif
1703 955 123 43 pour
1850 956 89 29 son
1964 946 153 56 tempé-

129 1000 186 35 rament
339 991 118 45 latin
483 993 70 43 les
576 993 271 47 influences
876 998 288 56 étrangères,
1193 1009 46 32 et
1263 998 33 42 il
1326 1013 48 29 se
1398 1003 211 42 rattache
1632 1003 24 42 à
1681 1003 46 42 la
1750 1003 176 58 longue
1976 1007 146 56 généa-

130 1054 126 58 logie
283 1055 84 43 des
401 1056 504 56 peintres-musiciens
945 1060 223 56 français,
1197 1061 83 56 qui
1301 1073 218 34 remonte
1540 1065 188 56 jusqu'à
1747 1066 292 57 Jannequin,
2066 1085 85 42 par

129 1131 94 29 une
242 1117 173 45 chaîne
442 1120 119 43 dont
586 1120 69 44 les
701 1135 221 29 anneaux
947 1123 283 56 s'appellent
1279 1125 232 52 Lesueur,
1539 1127 201 52 Gossec,
1783 1130 207 56 Daquin,
2039 1134 84 43 Cal-

129 1179 144 55 vière,
323 1183 228 50 Rameau,
593 1183 170 54 Rebel,
797 1184 262 58 Couperin,
1087 1187 330 56 Charpentier,
1442 1190 177 43 Marais
1644 1200 45 34 et
1714 1201 175 36 autres.

189 1244 37 43 Il
243 1244 101 45 faut
376 1245 104 54 lire,
501 1248 120 42 dans
671 1248 41 43 le
735 1248 116 43 livre
884 1249 58 43 de
979 1249 67 45 M.
1097 1250 230 54 Boschot,
1353 1252 66 43 les
1446 1253 197 44 extraits
1666 1264 44 35 et
1734 1254 69 45 les
1831 1258 213 45 résumés
2067 1261 83 43 des

130 1306 141 45 écrits
317 1308 248 58 imprimés
609 1324 65 28 ou
711 1309 175 44 inédits
934 1311 57 44 de
1041 1313 232 52 Lesueur,
1306 1328 124 42 pour
1475 1329 212 31 mesurer
1709 1332 57 29 en
1820 1319 113 56 quoi
1961 1322 189 44 Berlioz

130 1371 248 53 continue,
406 1371 160 57 répète
599 1388 65 28 ou
701 1374 208 44 réforme
943 1375 201 43 l'auteur
1182 1377 85 42 des
1315 1379 193 44 Bardes.
1543 1381 61 41 Le
1637 1381 217 57 disciple,
1896 1385 259 55 professait

134 1436 233 46 Lesueur,
397 1435 102 43 doit
524 1450 24 28 «
574 1437 174 43 rendre
769 1436 193 44 siennes
990 1438 75 44 les
1088 1437 133 45 idées
1249 1440 116 56 qu'il
1386 1441 136 56 puise
1538 1444 120 41 dans
1681 1457 65 28 un
1760 1446 150 55 grand
1931 1446 221 55 homme;

132 1498 33 42 il
191 1497 102 44 doit
315 1499 151 44 sentir
492 1499 68 44 les
599 1499 241 59 principes
868 1502 57 43 de
970 1516 89 28 son
1102 1502 187 52 maître,
1318 1515 46 31 et
1408 1518 98 30 non
1543 1520 82 42 pas
1649 1508 270 43 seulement
1957 1508 68 45 les
2067 1526 54 42 ap-

133 1562 206 56 prendre
359 1574 86 45 par
472 1577 135 29 cœur
627 1579 38 27 ».
687 1563 137 44 Ainsi
852 1564 206 52 Berlioz,
1084 1564 159 45 moins
1285 1567 178 56 pédant
1488 1568 118 43 mais
1647 1579 104 33 tout
1798 1571 128 44 aussi
1982 1573 146 45 intolé-

136 1634 106 33 rant
264 1638 92 43 que
384 1625 235 52 Lesueur,
646 1640 27 30 a
711 1642 188 29 comme
941 1628 66 43 lui
1032 1629 183 43 détesté
1240 1629 45 43 la
1318 1630 222 57 musique
1566 1647 134 42 pure,
1718 1633 44 42 la
1788 1634 160 57 fugue,
1973 1635 43 43 le
2034 1651 88 29 con-

138 1687 226 56 trepoint,
472 1689 131 43 Bach
627 1699 46 34 et
701 1690 289 52 Palestrina;
1094 1691 158 45 moins
1279 1692 298 60 chimérique
1611 1706 45 32 et
1701 1696 158 43 moins
1883 1699 184 56 prolixe
2091 1715 59 30 en

136 1750 203 53 théorie,
382 1752 118 41 mais
525 1752 334 56 pareillement
892 1753 209 44 excessif
1143 1765 44 33 et
1215 1756 108 55 plus
1351 1757 156 57 génial
1534 1772 58 28 en
1639 1758 236 59 pratique,
1901 1761 33 42 il
1953 1775 25 29 a
2005 1776 83 29 cru
2107 1774 43 34 et

136 1827 207 43 presque
368 1816 179 53 prouvé
585 1830 92 42 que
721 1817 44 42 la
806 1817 239 56 musique,
1072 1832 22 28 «
1118 1832 87 42 par
1229 1818 44 43 la
1298 1819 152 55 magie
1496 1821 58 43 de
1588 1836 75 28 ses
1712 1822 133 43 effets
1868 1838 42 39 »,
1954 1826 196 56 pouvait

137 1891 23 27 «
184 1877 198 55 peindre
423 1887 121 43 tout,
593 1893 59 28 en
691 1879 208 57 quelque
937 1889 126 35 sorte
1091 1896 21 26 »
1136 1899 10 32 ;
1182 1896 185 29 comme
1402 1898 89 28 son
1540 1885 165 42 maître
1737 1887 146 51 aussi,
1931 1889 118 43 mais
2090 1905 57 27 en

136 1941 288 55 prétendant
459 1941 42 44 le
527 1941 115 45 faire
665 1943 26 43 à
726 1955 343 42 contre-cœur,
1111 1946 190 44 Berlioz
1345 1962 24 28 a
1414 1949 331 42 énormément
1792 1950 115 42 écrit
1944 1962 46 33 et
2027 1953 123 43 aimé

139 2002 197 45 d'écrire
372 2018 81 29 sur
476 2004 46 43 la
536 2005 238 56 musique.
801 2007 131 42 Dans
953 2007 44 44 le
1014 2009 110 43 trait
1148 2009 251 43 dominant
1416 2010 57 42 de
1494 2010 105 43 leur
1623 2011 238 45 caractère
1887 2015 169 51 moral,
2080 2018 68 41 les

138 2066 126 43 deux
288 2066 218 44 hommes
541 2081 49 31 se
618 2079 109 33 sont
758 2070 131 43 aussi
917 2072 276 43 ressemblé.
1229 2072 51 42 \J
1305 2087 22 27 «
1347 2072 217 43 enfantin
1590 2075 185 56 orgueil
1794 2092 24 23 »
1854 2076 57 43 de
1938 2079 213 43 Lesueur

139 2129 125 43 avait
287 2129 96 57 pris
410 2131 115 41 chez
551 2132 186 43 Berlioz
755 2147 94 29 une
877 2133 151 45 forme
1046 2133 158 59 aiguë,
1226 2136 290 43 combattive
1536 2146 46 33 et
1602 2136 179 45 altière.
1809 2139 69 42 De
1897 2148 157 36 toutes
2080 2142 68 43 les

138 2193 188 54 paroles
353 2193 81 57 qui
459 2194 158 43 furent
632 2194 168 57 jamais
842 2198 299 55 prononcées
1176 2212 81 28 sur
1300 2198 46 43 la
1369 2208 142 42 terre,
1538 2199 120 43 celle
1699 2200 99 56 qui,
1832 2202 57 43 de
1916 2202 234 45 l'enfance

137 2255 188 57 jusqu'à
365 2255 46 43 la
437 2265 139 45 mort,
604 2256 67 43 lui
707 2268 127 33 resta
858 2259 42 43 le
938 2260 108 56 plus
1089 2260 266 57 étrangère,
1383 2270 44 35 et
1454 2263 118 42 dont
1610 2261 33 42 il
1684 2277 49 29 se
1787 2264 142 43 serait
1954 2268 194 54 moqué,

138 2316 39 43 si
204 2317 43 43 le
274 2317 132 57 doigt
430 2320 113 43 d'un
576 2320 93 43 ami
691 2321 157 43 l'avait
892 2322 249 58 soulignée
1167 2338 123 42 pour
1317 2324 68 43 lui
1407 2325 118 42 dans
1550 2338 66 29 un
1648 2324 116 44 livre
1790 2340 92 42 que
1906 2329 244 54 peut-être

139 2380 31 41 il
193 2381 172 43 n'avait
390 2382 165 55 jamais
581 2392 184 43 ouvert,
797 2385 155 43 c'était
1002 2387 44 41 la
1072 2386 154 44 douce
1252 2396 46 33 et
1327 2386 206 57 paisible
1571 2387 203 43 maxime
1797 2388 312 58 évangélique
2134 2406 9 26 :

139 2458 22 26 «
189 2444 155 57 Soyez
376 2446 130 41 doux
530 2456 46 33 et
599 2446 222 44 humbles
844 2449 57 42 de
941 2462 150 29 cœur.
1113 2465 23 25 »

195 2508 123 42 D'un
344 2507 155 44 alinéa
524 2508 64 43 où
609 2510 66 42 M.
702 2510 213 43 Boschot
939 2512 246 43 condense
1202 2512 43 43 le
1266 2512 202 55 portrait
1492 2513 57 42 de
1578 2514 230 53 Lesueur,
1834 2517 317 42 retranchons

139 2570 242 57 l'épithète
405 2570 143 44 finale
591 2581 46 33 et
664 2573 231 57 quelques
932 2584 124 33 mots
1105 2575 266 55 restrictifs,
1422 2585 44 33 et
1512 2590 123 30 nous
1682 2579 325 55 posséderons
2056 2594 92 28 une

139 2636 205 55 épreuve
382 2647 133 30 assez
542 2644 126 35 nette
693 2636 58 43 de
790 2637 44 42 la
871 2637 352 57 photographie
1267 2640 59 42 de
1372 2639 216 43 Berlioz:
1635 2642 229 55 «Malgré
1914 2642 232 58 quelques

139 2696 270 54 faiblesses,
442 2697 78 56 qui
547 2707 108 34 sont
673 2698 57 43 de
757 2698 226 45 l'homme
1008 2710 47 34 et
1085 2702 280 56 auxquelles
1395 2703 218 41 Lesueur
1638 2712 76 33 sut
1738 2703 238 58 échapper
2016 2719 132 29 assez

141 2768 218 46 souvent,
383 2761 155 43 c'était
561 2774 204 44 presque
790 2776 95 29 une
906 2764 178 56 grande
1108 2766 122 52 âme,
1257 2778 206 42 presque
1488 2778 65 29 un
1574 2766 152 55 grand
1773 2767 238 44 caractère
2030 2782 11 38 ;
2081 2782 70 28 un

141 2823 147 56 esprit
310 2823 152 53 hardi,
487 2838 68 29 un
579 2835 232 33 novateur
843 2825 80 56 qui
969 2827 125 43 avait
1126 2828 253 56 beaucoup
1426 2828 161 56 appris
1629 2842 85 42 par
1760 2828 269 53 lui-même,
2067 2832 81 56 qui

141 2886 148 46 savait
315 2886 251 57 beaucoup
593 2888 58 43 de
675 2889 173 43 choses
873 2889 195 44 inutiles
1091 2903 63 29 ou
1178 2890 202 51 fausses,
1406 2904 66 28 un
1498 2891 235 43 musicien
1760 2893 80 55 qui
1867 2894 148 43 savait
2054 2908 94 43 peu

141 2950 57 43 de
224 2948 221 58 musique
473 2951 117 41 mais
610 2950 81 56 qui
716 2950 123 44 avait
856 2951 40 43 le
923 2965 108 29 sens
1058 2952 129 52 inné,
1212 2951 94 44 très
1333 2952 282 56 développé,
1633 2954 96 41 très
1753 2955 145 42 averti
1926 2959 222 54 (presque

138 3011 42 43 le
203 3011 155 58 génie)
383 3013 57 42 de
466 3012 326 56 l'expression,
835 3013 65 42 du
942 3013 297 56 pittoresque
1262 3023 47 33 et
1329 3016 64 42 du
1418 3016 322 56 dramatique;
1764 3030 64 28 un
1867 3018 162 42 artiste
2068 3018 83 56 qui

141 3075 152 42 s'était
317 3075 408 44 laborieusement
745 3075 257 58 improvisé
1027 3091 67 28 un
1127 3077 120 57 style
1273 3081 26 38 à
1324 3077 84 54 lui,
1453 3092 66 28 un
1562 3079 119 55 style
1709 3078 83 43 fait
1831 3081 58 41 de
1916 3081 45 41 la
2001 3079 126 59 bigar-

141 3152 106 29 rure
274 3139 206 42 d'autres
506 3138 145 57 styles
678 3149 44 33 et
750 3140 62 41 où
839 3153 52 29 ce
918 3140 80 56 qui
1042 3140 154 42 aurait
1237 3142 63 40 dû
1347 3140 97 42 être
1492 3150 253 45 purement
1792 3143 198 42 musical
2038 3144 113 43 était

141 3200 97 58 régi
263 3214 85 43 par
373 3201 81 42 des
477 3200 264 44 intentions
769 3201 258 57 picturales
1044 3216 63 28 ou
1132 3202 281 54 littéraires;
1439 3216 64 28 un
1540 3202 253 44 inventeur
1817 3214 46 33 et
1886 3219 64 28 un
1977 3206 170 54 érudit,

139 3279 66 28 un
231 3265 193 43 homme
450 3265 26 42 à
500 3263 187 49 idées...
715 3266 72 42 En
810 3280 202 39 somme,
1035 3280 94 29 une
1155 3276 129 33 sorte
1315 3267 59 42 de
1397 3267 149 56 grand
1569 3266 138 57 génie
1733 3269 178 44 avorté.
1945 3284 21 26 »

198 3327 40 43 Il
264 3327 143 43 serait
429 3337 105 33 tout
555 3328 184 43 naturel
764 3329 141 56 qu'en
931 3329 209 44 écrivant
1183 3338 121 35 cette
1343 3343 137 44 page,
1519 3329 63 45 M.
1632 3331 212 43 Boschot
1888 3331 65 43 ait
1987 3341 165 34 autant

142 3392 148 54 songé
313 3393 23 39 à
364 3389 163 45 l'élève
553 3392 141 54 qu'au
713 3392 294 56 professeur.
1122 3393 223 43 D'autant
1369 3393 106 56 plus
1502 3406 93 43 que
1626 3402 124 34 cette
1780 3408 22 27 «
1827 3393 203 43 filiation
2057 3396 70 55 spi-

143 3451 187 45 rituelle
364 3468 22 27 »
412 3453 158 43 devait
590 3453 45 44 le
679 3454 191 43 séduire
895 3455 278 56 davantage.
1200 3455 91 43 Car
1315 3455 32 42 il
1374 3464 72 33 est
1469 3454 192 43 ennemi
1684 3455 59 42 de
1790 3455 46 43 la
1875 3456 185 44 théorie
2093 3458 61 42 de

142 3515 260 54 l'hérédité,
447 3526 44 33 et
529 3517 155 56 prend
729 3517 151 45 Taine
918 3519 239 43 vivement
1202 3519 27 42 à
1273 3519 166 56 partie,
1465 3533 60 28 en
1557 3519 306 43 démontrant
1905 3534 92 41 que
2035 3521 116 43 chez

143 3594 158 28 aucun
326 3580 260 43 ascendant
621 3581 57 42 de
706 3580 186 44 Berlioz
915 3582 74 42 n'a
1014 3581 148 43 existé
1188 3596 23 28 «
1237 3581 44 44 le
1313 3581 204 57 pouvoir
1541 3581 59 42 de
1625 3581 249 43 combiner
1898 3582 70 45 les
2014 3594 140 34 notes

143 3642 141 42 d'une
310 3641 209 43 manière
543 3642 81 56 qui
646 3643 161 42 donne
833 3643 42 43 le
903 3643 165 43 branle
1094 3643 26 42 à
1144 3643 44 43 la
1228 3643 264 43 sensibilité
1540 3643 83 42 des
1668 3652 157 33 autres
1869 3644 219 45 hommes
2109 3662 43 28 ».

148 3705 71 42 En
241 3705 98 42 bon
374 3705 275 56 biographe,
677 3705 33 42 il
735 3707 116 43 cède
876 3708 267 56 cependant
1169 3708 26 42 à
1219 3707 44 43 la
1284 3707 235 44 tentation
1545 3707 56 42 de
1628 3714 194 36 trouver
1839 3708 115 43 chez
1981 3709 43 43 le
2041 3709 111 56 père

144 3766 113 44 d'un
282 3768 193 42 homme
499 3768 58 42 de
580 3768 138 55 génie
750 3769 207 56 quelque
990 3769 146 43 chose
1163 3770 82 56 qui
1282 3779 126 33 sorte
1456 3770 64 41 du
1566 3783 243 30 commun.
1853 3771 67 42 M.
1964 3771 191 45 Tiersot

144 3831 106 56 déjà
275 3844 122 29 nous
425 3830 122 43 avait
567 3832 220 56 présenté
812 3832 42 44 le
881 3832 220 44 médecin
1126 3832 306 56 dauphinois,
1456 3831 148 43 Louis
1629 3832 205 52 Berlioz,
1875 3848 187 30 comme
2088 3849 66 30 un
