2819 4028
1121 333 263 38 MERCURE
1420 330 243 38 MUSICAL
1699 328 68 36 ET
1809 327 42 34 S.
1892 326 35 35 I.
1965 323 59 37 M.

491 346 128 51 1272

605 496 75 55 Ce
722 491 152 57 n'est
916 506 109 57 pas
1067 489 156 53 tout.
1272 481 50 56 Il
1362 499 76 38 ne
1479 476 177 75 s'agit
1700 494 109 54 pas
1849 472 334 58 seulement
2229 470 74 57 de
2346 462 171 60 vivre
2562 466 74 56 de

488 597 108 38 son
666 589 346 51 commerce,
1070 566 149 58 mais
1275 569 75 54 de
1387 563 191 56 forcer
1635 563 160 53 cette
1834 556 210 57 valeur
2086 550 372 59 marchande
2500 547 109 58 elle-

491 660 208 56 même.
736 657 50 56 Il
817 654 175 75 s'agit
1026 651 364 59 d'atteindre
1423 664 147 38 avec
1600 645 84 56 les
1716 640 282 77 produits
2031 638 55 58 le
2105 637 137 75 plus
2258 652 138 59 gros
2421 632 215 57 chiffre

489 745 74 55 de
609 748 179 49 vente
833 735 279 77 possible,
1160 753 67 37 ce
1274 731 103 74 qui
1424 748 74 38 ne
1546 732 146 70 peut
1722 727 125 55 être
1894 725 230 56 obtenu
2172 739 83 54 qu
2281 737 78 37 au
2408 718 228 72 dépens

491 828 72 56 de
615 825 57 56 la
725 823 244 73 qualité,
1025 820 141 58 d'où
1219 823 163 50 cette
1434 811 358 59 inondation
1847 809 75 57 de
1974 806 198 70 livres,
2228 801 406 79 périodiques,

489 909 301 74 peintures
831 911 61 51 et
930 901 311 77 imageries
1280 903 323 54 honteuses
1759 899 60 52 et
1861 890 306 77 j'entends
2208 908 113 56 par
2361 889 273 54 honteux

488 1011 122 36 non
640 990 331 57 seulement
1004 1005 66 39 ce
1103 986 103 73 qui
1240 990 91 52 est
1364 984 103 68 vil,
1503 980 151 58 mais
1705 997 66 38 ce
1820 978 104 73 qui
1959 983 91 50 est
2100 974 130 75 plat
2407 971 104 74 qui
2562 989 74 37 ne

489 1075 280 56 rebutent
858 1089 199 38 aucun
1114 1065 442 60 intermédiaire
1659 1068 61 50 et
1811 1061 106 73 qui
2007 1058 303 58 voisinent
2422 1055 175 56 triom-

488 1158 343 74 phalement
907 1157 36 53 à
1042 1154 133 56 côté
1273 1154 104 56 des
1485 1148 136 76 plus
1698 1145 258 75 grandes
2036 1160 239 40 œuvres
2361 1141 76 56 de
2520 1158 112 38 nos

489 1239 257 57 artistes.

605 1322 148 57 Mais
788 1319 377 75 l'exploiteur
1199 1318 56 56 le
1289 1315 135 74 plus
1461 1314 277 74 cynique,
1777 1310 151 59 celui
1965 1310 104 74 qui
2106 1308 267 58 rabaisse
2407 1306 55 58 le
2498 1306 135 74 plus

487 1407 54 57 le
588 1406 220 57 niveau
855 1403 237 75 général
1142 1408 90 51 est
1282 1417 141 41 sans
1471 1404 272 51 conteste
1790 1398 56 56 le
1896 1395 298 59 directeur
2244 1395 75 56 de
2369 1393 263 56 théâtre*.

489 1491 219 68 Certes,
747 1488 291 56 d'aucuns
1087 1489 268 70 peuvent
1407 1483 247 72 profiter
1706 1482 74 56 de
1832 1498 66 38 ce
1951 1498 117 55 que
2122 1480 79 55 M.
2257 1479 84 55 Le
2394 1479 240 55 Dantec

488 1571 229 73 appelle
758 1571 60 55 la
860 1591 22 29 «
925 1567 396 58 canalisation
1364 1567 82 56 du
1489 1566 223 55 hasard
1754 1586 41 49 »,
1841 1562 394 58 l'évaluation
2261 1560 375 58 marchande

491 1657 269 56 donnant
812 1658 254 52 souvent
1118 1654 104 55 des
1272 1649 287 74 surprises
1608 1649 263 56 néfastes
1914 1651 74 55 de
2037 1647 124 56 loin
2206 1666 75 37 en
2331 1646 143 69 loin,
2528 1643 105 75 qui

489 1742 362 69 permettent
892 1738 35 54 à
965 1755 116 38 une
1122 1753 204 37 œuvre
1366 1752 194 38 neuve
1600 1734 75 55 de
1714 1732 245 74 remplir
1997 1731 54 57 le
2091 1729 123 58 rôle
2255 1731 74 56 de
2368 1728 225 59 bouche-

489 1827 155 50 trou.
677 1820 360 68 Seulement,
1070 1839 72 36 en
1166 1817 255 74 général,
1453 1816 41 54 il
1518 1817 137 57 n'en
1687 1836 79 37 va
1790 1835 108 54 pas
1922 1813 170 59 ainsi.
2120 1816 102 57 Un
2243 1814 180 74 jeune
2454 1816 180 72 poète

488 1903 197 56 arrivé
734 1905 73 55 de
855 1901 282 75 province
1186 1921 96 37 me
1330 1900 268 71 confiait,
1647 1900 219 57 l'autre
1893 1898 287 71 semaine,
2213 1916 92 38 ses
2337 1897 293 58 déboires.

488 1986 104 56 Tel
645 1986 291 57 directeur
990 1985 166 56 avait
1211 1986 243 71 accepté
1507 2004 118 37 une
1681 1985 73 56 de
1806 2002 93 37 ses
1954 1983 214 73 pièces,
2225 1981 153 57 mais
2441 1987 191 51 avant

489 2068 187 58 d'être
722 2068 157 73 joué,
927 2067 42 55 il
1018 2067 232 57 devrait
1301 2085 198 38 verser
1547 2066 216 74 quinze
1813 2066 161 57 mille
2021 2067 202 55 francs
2251 2087 12 50 ;
2322 2065 86 57 tel
2455 2071 178 52 autre

491 2151 287 56 recevrait
817 2170 65 37 sa
920 2151 284 72 tragédie,
1247 2148 149 58 mais
1437 2151 35 53 à
1505 2148 310 59 condition
1851 2150 147 73 qu'il
2030 2150 294 57 entretînt
2365 2148 267 59 l'actrice

491 2232 102 74 qui
635 2234 256 72 jouerait
935 2234 55 55 le
1034 2234 292 73 principal
1371 2234 139 55 rôle.
1681 2236 80 53 Et
1808 2253 153 38 vous
2004 2253 154 38 vous
2204 2234 294 74 plaignez,
2545 2234 87 57 lui

492 2315 192 72 dis-je,
729 2317 35 54 ô
805 2316 176 72 jeune
1024 2317 240 55 homme
1293 2322 24 50 ?
1364 2317 223 56 Sachez
1631 2319 154 54 donc
1830 2336 117 54 que
1990 2317 85 56 tel
2119 2317 235 58 illustre
2406 2317 224 58 rimeur

488 2399 259 56 n'aurait
780 2399 213 72 jamais
1026 2400 247 72 conquis
1306 2419 91 37 ses
1428 2400 265 70 lauriers,
1730 2400 91 56 s'il
1854 2401 233 57 n'avait
2111 2404 158 71 payé
2294 2408 138 50 cent
2469 2402 160 56 mille

489 2480 196 56 francs
727 2481 81 56 les
850 2481 142 56 frais
1035 2481 71 57 de
1150 2500 90 38 ses
1284 2484 224 68 décors,
1555 2489 59 51 et
1659 2502 118 53 que
1800 2484 217 72 jamais
2060 2485 83 57 tel
2189 2485 440 57 chef-d'œuvre

489 2564 73 56 de
600 2564 57 56 la
696 2565 272 72 musique
1007 2565 488 75 contemporaine
1527 2566 261 57 n'aurait
1829 2587 84 36 vu
1942 2569 59 56 la
2040 2588 229 56 rampe,
2312 2570 50 56 si
2402 2569 199 57 l'inter-

487 2646 167 73 prète
694 2648 171 55 rêvée
905 2648 228 55 n'avait
1175 2650 199 55 exalté
1414 2650 84 56 les
1538 2650 357 57 sentiments
1937 2654 83 56 du
2063 2653 134 56 chef
2239 2654 388 57 d'orchestre.

487 2730 132 56 Une
668 2749 204 38 œuvre
922 2730 177 73 d'art,
1151 2733 103 72 qui
1303 2734 153 56 n'est
1507 2752 109 56 pas
1672 2735 236 57 d'ordre
1937 2736 297 74 comique,
2271 2744 62 50 et
2376 2757 214 38 encore
2613 2742 11 55 !

487 2829 73 37 ne
597 2811 127 56 voit
760 2813 58 56 la
852 2813 246 58 lumière
1133 2834 79 37 au
1246 2818 238 56 théâtre
1520 2818 182 71 qu'en
1738 2824 190 69 ayant
1964 2839 153 55 pour
2155 2827 218 50 auteur
2398 2820 118 57 soit
2544 2841 84 38 un

487 2894 237 56 héritier
760 2898 261 71 précoce,
1061 2898 117 56 soit
1214 2917 84 37 un
1352 2899 252 74 critique
1660 2902 74 55 de
1792 2903 239 72 journal
2068 2903 278 72 influent,
2397 2908 85 67 (et
2521 2905 107 73 j'ai

485 2993 196 39 connu
715 2998 87 36 un
837 2979 252 72 critique
1127 2982 101 72 qui
1269 2982 109 57 dut
1420 2984 240 55 acheter
1698 2998 228 59 50.000
1965 2987 199 57 francs
2204 2987 299 59 d'actions
2543 2989 82 57 du

484 3059 235 71 journal
755 3063 78 53 où
870 3062 41 54 il
946 3063 458 75 s'embusquait)
1444 3065 117 58 soit
1598 3067 254 57 l'amant
1891 3070 74 56 de
2004 3088 164 40 cœur
2208 3072 181 57 d'une
2425 3073 198 57 étoile.

487 3142 169 55 Cette
692 3144 263 57 dernière
991 3147 307 57 condition
1334 3152 153 53 n'est
1524 3168 110 54 pas
1672 3152 402 73 désagréable,
2114 3154 109 59 elle
2258 3162 113 65 est,
2412 3158 212 71 depuis

488 3225 222 56 Racine
755 3246 143 38 avec
941 3229 59 55 la
1044 3230 435 73 Champmeslé,
1526 3233 309 74 classique.
1884 3238 586 60 Malheureusement
2516 3243 111 57 elle

485 3323 74 38 ne
600 3326 62 37 se
703 3312 351 56 commande
1096 3331 127 53 pas,
1269 3319 61 51 et
1360 3316 284 57 d'autant
1687 3318 195 57 moins
1926 3322 216 72 qu'elle
2176 3342 62 38 se
2280 3326 345 73 complique

485 3397 254 47 souvent
788 3408 150 54 pour
985 3393 219 57 l'étoile
1253 3396 147 55 d'un
1446 3397 118 57 lien
1609 3399 138 74 plus
1792 3421 80 37 ou
1924 3403 195 59 moins
2167 3408 159 56 noué
2375 3426 148 39 avec
2571 3410 54 57 le

484 3468 292 75 principal
821 3477 428 71 protagoniste,
1275 3482 209 69 quand
1529 3500 66 38 ce
1641 3483 158 57 n'est
1846 3505 109 53 pas
2007 3507 148 38 avec
2204 3490 53 58 le
2324 3492 301 59 directeur

484 3568 73 38 en
601 3572 312 53 personne.
965 3558 136 56 Cela
1155 3561 241 58 devient
1446 3566 121 54 très
1618 3567 402 75 compliqué...

596 3637 159 56 Tant
828 3641 40 53 d
889 3638 489 79 intermédiaires,
1438 3648 229 59 mêlant
1739 3651 231 75 l'esprit
2044 3658 382 58 commercial
2501 3679 121 38 aux

484 3717 257 58 affinités
786 3722 296 74 électives,
1131 3745 75 38 ne
1250 3730 243 71 prêtent
1529 3751 110 55 pas
1684 3735 398 72 précisément
2130 3741 37 55 à
2200 3741 61 57 la
2307 3744 313 57 naissance
