2819 4028
1038 265 195 35 NICOLO
1271 267 259 35 PAGANINI

2340 326 0 0 1241

231 429 67 55 de
336 424 58 53 la
433 416 293 78 produire.
772 414 51 54 Il
865 412 200 56 faisait
1106 415 36 53 à
1168 419 158 51 cette
1355 415 249 72 époque,
1636 416 71 55 de
1736 415 100 56 dix
1865 418 35 54 à
1928 420 184 56 douze
2139 423 207 57 heures

231 511 69 56 de
330 501 213 60 travail
575 518 108 56 par
712 499 154 72 jour,
900 501 61 51 et
992 495 252 56 finissait
1276 501 257 51 souvent
1564 515 68 37 sa
1661 498 244 72 journée
1938 519 107 53 par
2078 504 99 54 des
2210 505 101 55 éva-

228 589 427 62 nouissements
691 581 103 74 qui
832 579 327 57 donnaient
1197 580 73 56 de
1307 579 167 57 vives
1510 580 380 72 inquiétudes
1925 584 36 54 à
1995 602 107 38 son
2137 592 173 50 entou-

228 693 150 55 rage.
408 672 156 55 C'est
589 669 36 53 à
650 685 108 37 son
782 682 272 54 courage,
1083 668 61 51 et
1172 664 36 55 à
1233 682 116 37 une
1375 666 421 70 persévérance
1822 666 351 73 incessante,
2202 670 144 71 qu'il

230 755 236 79 parvint
512 755 34 54 à
594 749 240 58 devenir
880 749 215 55 maître
1142 746 209 56 absolu
1398 748 71 54 de
1515 765 109 39 son
1669 749 381 74 instrument,
2099 757 59 50 et
2205 753 35 54 à
2285 772 61 37 se

228 846 162 71 jouer
418 839 99 55 des
545 834 320 58 difficultés
889 832 84 55 les
998 832 133 72 plus
1157 830 521 57 insurmontables.

341 923 50 56 Il
423 936 345 53 commença
797 933 92 38 ses
919 915 280 55 tournées
1230 914 36 55 à
1299 915 232 69 Parme,
1566 933 75 37 en
1675 932 163 57 1797,
1872 923 60 50 et
1962 918 70 56 fit
2064 937 143 37 avec
2239 937 105 37 son

230 1011 151 73 père,
425 1023 83 38 un
550 1019 230 56 voyage
825 1000 149 56 dans
1016 998 85 56 les
1143 998 357 74 principales
1544 998 167 57 villes
1755 1000 71 56 de
1869 1002 57 54 la
1968 1002 374 56 Lombardie.

232 1093 151 56 C'est
423 1106 78 38 au
538 1091 201 50 retour
781 1084 71 56 de
891 1087 159 51 cette
1089 1082 290 72 première
1418 1087 63 49 et
1519 1082 358 73 triomphale
1915 1086 246 54 tournée
2201 1084 145 73 qu'il

232 1174 181 59 sentit
458 1172 52 55 le
555 1168 206 57 besoin
809 1167 71 56 de
926 1183 61 38 se
1035 1164 375 56 débarrasser
1458 1166 82 54 du
1585 1164 141 74 joug
1773 1168 72 55 de
1891 1185 107 38 son
2042 1168 154 72 père,
2244 1167 103 72 qui

234 1257 217 72 malgré
496 1272 66 37 sa
608 1251 276 57 célébrité
931 1249 339 56 continuait
1317 1249 35 55 à
1397 1248 54 56 le
1498 1249 209 56 traiter
1755 1249 72 58 de
1873 1249 177 73 façon
2093 1251 251 54 brutale.

343 1343 86 54 La
458 1336 421 59 Saint-Martin
910 1333 251 57 donnait
1190 1332 119 58 lieu
1337 1333 231 73 chaque
1603 1334 188 55 année
1821 1336 36 53 à
1886 1352 114 37 une
2031 1332 289 57 solennité

232 1425 295 67 musicale,
566 1422 36 53 à
637 1420 251 73 laquelle
926 1436 61 37 se
1022 1417 314 57 rendaient
1374 1416 74 56 de
1483 1417 332 56 nombreux
1851 1418 288 71 étangers.
2164 1417 148 72 Paga-

232 1508 121 58 nini
378 1506 235 74 supplia
639 1522 110 37 son
773 1505 139 71 père
940 1502 72 55 de
1039 1501 54 56 le
1119 1500 204 57 laisser
1351 1500 238 54 assister
1618 1502 34 53 à
1680 1505 156 50 cette
1862 1500 120 55 fête
2009 1519 75 36 en
2111 1517 195 54 compa-

234 1591 128 74 gnie
395 1590 71 57 de
496 1608 108 36 son
634 1587 148 55 frère
809 1609 13 48 ;
855 1604 85 38 un
969 1585 166 54 refus
1163 1582 215 57 formel
1406 1582 85 56 lui
1520 1581 97 56 fut
1650 1583 251 56 d'abord
1929 1582 240 72 opposé,
2203 1580 148 54 mais

232 1675 358 56 l'insistance
617 1674 83 54 du
726 1671 90 55 fils
843 1674 62 52 et
933 1670 85 54 les
1044 1667 219 74 prières
1290 1666 74 57 de
1389 1666 61 55 la
1476 1666 177 70 mère,
1683 1667 238 54 finirent
1947 1682 108 55 par
2083 1663 269 55 arracher

232 1759 52 56 le
307 1759 446 56 consentement
776 1757 137 52 tant
938 1752 205 56 désiré.
1171 1754 254 54 Devenu
1445 1750 166 68 libre,
1636 1751 54 53 le
1713 1751 177 72 jeune
1912 1746 207 57 artiste
2142 1764 61 38 se
2244 1746 110 56 mit

236 1862 75 38 en
333 1845 188 65 route,
548 1856 144 37 avec
719 1839 101 56 des
844 1837 168 55 rêves
1039 1837 71 55 de
1134 1836 204 56 succès
1363 1837 61 52 et
1450 1834 73 55 de
1547 1832 287 57 bonheur.
1863 1834 270 68 Lucques
2179 1828 83 55 lui
2286 1830 70 53 fit

236 1945 81 38 un
354 1922 221 58 accueil
611 1921 429 69 enthousiaste,
1082 1920 134 55 Pise
1255 1922 61 53 et
1356 1917 264 56 d'autres
1657 1915 168 56 villes
1860 1914 84 55 lui
1980 1914 202 54 furent
2220 1916 136 51 tout

240 2008 154 57 aussi
434 2005 353 56 favorables.
835 2002 134 58 Ceci
1011 2020 61 38 se
1115 2001 227 74 passait
1385 2019 75 37 en
1506 2014 165 58 1799,
1717 2005 60 48 et
1822 1994 289 76 Paganini
2152 1994 205 55 venait

242 2090 357 59 d'atteindre
630 2108 66 35 sa
725 2088 335 73 quinzième
1092 2086 206 55 année.

352 2176 120 55 Son
510 2171 320 58 éducation
871 2175 188 69 ayant
1100 2170 96 55 été
1237 2168 466 72 complètement
1744 2164 278 73 négligée,
2064 2162 40 54 il
2144 2160 217 72 profita

242 2258 70 57 de
338 2276 66 36 sa
427 2255 229 70 liberté,
687 2273 143 38 avec
857 2259 173 51 toute
1055 2254 60 55 la
1139 2251 243 56 naïveté
1411 2251 72 56 de
1509 2265 91 38 ses
1627 2248 213 73 quinze
1868 2264 124 37 ans.
2022 2246 337 55 Savourant

242 2359 141 38 avec
427 2339 213 57 délices
681 2358 108 37 son
830 2338 451 72 indépendance
1322 2333 295 70 nouvelle,
1660 2333 42 56 il
1742 2350 63 37 se
1844 2330 178 55 laissa
2060 2329 299 54 entraîner

242 2443 75 37 au
341 2424 159 73 jeu...
528 2420 226 74 Depuis
781 2441 63 36 ce
871 2425 290 65 moment,
1189 2420 41 54 il
1255 2419 85 56 lui
1365 2416 199 58 arriva
1587 2415 440 73 fréquemment
2055 2409 71 57 de
2152 2409 207 74 perdre

241 2527 73 37 en
338 2527 115 36 une
479 2507 200 70 soirée,
707 2507 52 54 le
785 2505 146 56 fruit
960 2505 71 55 de
1056 2504 294 74 plusieurs
1375 2504 329 53 concerts...

353 2592 145 53 Lors
532 2590 143 55 d'un
707 2607 230 55 voyage
970 2606 117 54 que
1123 2585 289 75 Paganini
1444 2584 70 55 fit
1548 2583 36 53 à
1617 2582 318 66 Livourne,
1968 2577 42 55 il
2047 2577 108 54 dut
2192 2571 165 58 avoir

241 2692 231 38 recours
490 2673 108 56 àla
631 2673 196 55 bonne
862 2670 243 56 volonté
1142 2672 144 54 d'un
1319 2667 319 75 négociant
1671 2662 257 71 français
1944 2658 183 58 établi
2142 2657 214 67 là-bas,

242 2759 79 55 M.
374 2756 238 71 Livron,
663 2757 190 72 grand
895 2761 272 50 amateur
1206 2756 73 54 de
1314 2751 291 72 musique,
1644 2747 105 73 qui
1784 2747 348 70 s'empressa
2170 2740 71 55 de
2276 2738 82 56 lui

242 2841 195 73 prêter
463 2858 82 37 un
571 2839 289 58 excellent
888 2838 379 56 Guarnerius.

355 2924 188 72 Après
566 2923 54 55 le
644 2927 255 66 concert,
928 2921 290 73 Paganini
1239 2921 56 56 le
1321 2922 240 70 reporta
1585 2917 35 54 à
1643 2933 109 37 son
1777 2907 405 78 propriétaire,
2211 2905 148 56 mais

245 3007 226 57 celui-ci
501 3007 205 56 s'écria
733 3029 10 33 :
777 3029 22 28 «
839 3007 75 72 Je
945 3024 95 38 me
1069 3003 272 75 garderai
1368 3002 141 57 bien
1543 3001 71 54 de
1643 2997 247 56 toucher
1919 3012 85 37 un
2033 2991 201 55 violon
2262 3006 99 39 sur

242 3092 192 73 lequel
462 3109 151 38 vous
644 3110 142 37 avez
816 3091 197 74 joué...
1048 3091 146 54 c'est
1224 3091 36 53 à
1289 3105 152 39 vous
1470 3102 117 56 que
1618 3100 142 37 mon
1787 3078 203 57 violon
2019 3073 342 75 appartient

245 3176 102 55 dès
381 3175 35 53 à
452 3176 298 71 présent...
797 3205 23 29 »

358 3259 155 54 C'est
546 3276 65 37 ce
644 3257 191 56 même
867 3256 366 57 instrument
1266 3253 104 74 qui
1402 3250 185 57 servit
1620 3250 36 53 à
1690 3242 291 77 Paganini
2012 3241 269 73 pendant
2311 3237 54 55 le

244 3346 152 51 reste
419 3342 72 55 de
512 3360 109 36 son
641 3340 316 71 existence,
983 3345 61 52 et
1067 3358 99 38 sur
1186 3337 198 73 lequel
1404 3336 42 56 il
1468 3335 145 72 joua
1636 3332 149 56 dans
1807 3335 138 49 tous
1966 3342 91 38 ses
2079 3326 284 53 concerts.

358 3425 51 54 Il
432 3431 90 50 est
545 3426 35 53 à
603 3424 184 57 croire
811 3444 116 53 que
950 3425 54 56 le
1026 3425 179 72 jeune
1229 3421 267 56 virtuose
1521 3415 167 58 avait
1711 3432 118 37 une
1851 3408 332 77 prescience
2208 3407 70 55 de
2302 3421 66 37 sa

245 3506 198 59 future
490 3507 295 72 célébrité,
835 3525 100 37 car
983 3507 124 55 rien
1156 3524 73 37 ne
1277 3500 279 61 semblait
1601 3499 301 69 l'effrayer
1949 3511 74 37 en
2070 3495 135 51 tant
2253 3504 115 54 que

249 3590 319 57 difficultés
598 3590 471 72 violonistiques.

359 3674 217 71 Pasini,
615 3675 228 72 peintre
882 3673 317 72 distingué,
1237 3675 60 51 et
1335 3666 288 59 excellent
1661 3666 271 52 amateur
1970 3657 71 56 de
2079 3652 288 73 musique,
