2819 4028
559 3690 103 36 VIII

650 389 274 264 h
1005 369 793 284 VA-VU
1889 369 559 274 PRESS

919 743 281 68 Newton
1275 737 242 67 Center
1588 733 192 67 Mass
1855 729 103 85 (U.
1990 727 65 70 S.
2085 722 99 95 A.)

654 866 357 38 PUBLICATIONS
1062 871 62 30 OF
1167 860 165 39 MUSIC
1378 866 156 30 BASED
1580 864 64 29 ON
1698 854 264 39 AMERICAN
2012 849 183 39 INDIAN
2244 846 209 39 THÈMES

656 1049 301 50 ARTHUR
992 1045 349 51 FARWELL

655 1146 394 51 American
1103 1144 259 50 Indian
1414 1141 393 54 Mélodies,
1848 1137 82 47 for
1981 1134 164 49 Piano

2042 1205 105 47 Net

794 1283 90 36 The
910 1280 223 38 collection
1162 1279 231 45 comprises
1422 1282 72 32 ten
1522 1277 202 36 mélodies
1752 1276 162 46 mostly
1940 1275 170 36 Omaha
2135 1286 8 26 :

795 1331 90 35 The
902 1329 229 45 Approach
1150 1329 44 35 of
1218 1328 72 36 the
1309 1327 203 36 Thunder
1529 1327 108 40 God,
1658 1325 90 35 The
1766 1324 82 36 Old
1865 1324 141 36 Man's
2025 1323 119 36 Love

797 1378 125 47 Song,
956 1377 113 46 Song
1102 1376 43 36 of
1185 1376 72 36 the
1294 1375 228 36 Deathless
1560 1374 143 42 Voice,
1745 1371 266 42 Ichibuzzhi,
2053 1371 91 36 The

796 1426 204 35 Mother's
1026 1425 117 41 Vow,
1176 1423 282 47 Inketunga's
1484 1422 205 36 Thunder
1715 1421 128 47 Song,
1867 1420 115 46 Song
1997 1420 45 36 of
2070 1419 73 36 the

797 1473 136 37 Ghost
962 1475 157 39 Dance,
1148 1472 114 47 Song
1293 1475 46 32 to
1365 1472 72 34 the
1470 1470 145 45 Spirit,
1643 1470 115 47 Song
1787 1470 44 35 of
1867 1468 73 37 the
1962 1468 179 42 Leader,

796 1522 85 35 and
907 1520 166 37 Choral.

659 1588 500 61 Impressions
1205 1586 88 51 of
1334 1586 127 49 the
1500 1585 375 51 Wa-Wan
1928 1585 215 50 Cere-

796 1670 249 46 mony,
1082 1654 53 49 of
1169 1654 90 48 the
1291 1654 233 48 Omahas

798 1727 83 35 For
894 1725 147 42 Piano,
1057 1724 257 47 comprising
1328 1724 114 48 eight
1460 1724 202 36 mélodies
1679 1725 85 35 and
1777 1735 57 25 an
1846 1723 299 37 introduction

799 1773 237 47 describing
1061 1774 72 34 the
1160 1783 240 36 ceremony.

664 1843 211 48 From
912 1843 218 50 Mesa
1162 1844 153 49 and
1351 1842 235 57 Plain,
1619 1840 104 49 For
1761 1839 167 50 Piano
2009 1880 29 10 ..
2117 1880 29 10 ..

802 1910 167 42 Indian,
994 1911 198 46 Cowboy,
1218 1910 83 37 and
1327 1911 141 46 Negro
1491 1909 219 38 Sketches.

665 1979 174 51 Folk
885 1992 200 47 song
1144 1979 89 49 of
1277 1980 127 48 the
1453 1983 193 47 west
1694 1980 153 50 and
1898 1979 249 58 south,

802 2046 169 42 Indian,
998 2047 199 46 Cowboy,
1226 2044 432 48 Spanish-American
1684 2048 83 35 and
1795 2048 158 45 Negro.

664 2128 297 48 HARVEY
999 2126 544 50 WORTHINGTON
1580 2129 265 49 LOOMIS

669 2225 258 59 Lyrics
948 2224 87 50 of
1054 2225 125 49 the
1201 2227 131 48 red
1360 2239 197 47 mari,
1590 2224 151 48 Book
1771 2241 46 43 i,
1847 2225 106 49 For
1981 2224 167 51 Piano

806 2293 138 35 Based
968 2303 55 25 on
1044 2294 144 35 actual
1207 2293 155 36 Indian
1383 2294 214 44 mélodies,
1623 2296 83 35 and
1734 2296 251 46 containing
2011 2296 137 36 Music

804 2341 43 34 of
870 2341 71 35 the
962 2341 209 41 Calumet,
1189 2342 36 34 A
1240 2341 114 47 Song
1373 2342 43 35 of
1435 2342 179 41 Sorrow,
1633 2344 178 35 Around
1831 2344 72 36 the
1921 2345 223 46 Wigwam,

803 2388 88 35 The
914 2387 133 38 Silent
1072 2390 258 45 Conqueror,
1356 2390 86 35 and
1468 2390 225 37 Warrior's
1719 2392 160 36 Dance.

666 2449 254 60 Lyrics
947 2450 94 50 of
1063 2451 125 49 the
1215 2454 128 47 red
1373 2465 199 45 man,
1604 2450 151 50 Book
1783 2467 47 45 2,
1854 2454 105 47 For
1986 2453 164 49 Piano

804 2517 128 47 Eight
957 2519 224 37 mélodies:
1208 2520 158 46 Prayer
1392 2523 45 33 to
1458 2521 238 43 Wakonda,
1724 2522 66 37 On
1813 2522 188 38 theWar
2019 2524 126 42 Path,

805 2562 108 49 Ripe
928 2566 111 36 Corn
1056 2568 160 41 Dance,
1235 2567 195 48 Evening
1450 2573 44 32 at
1515 2569 71 36 the
1602 2570 156 48 Lodge,
1782 2571 91 36 The
1893 2571 257 48 Chattering

805 2612 167 49 Squaw,
988 2614 125 46 Scalp
1125 2615 159 42 Dance,
1299 2616 89 35 The
1405 2616 202 37 Thunder
1621 2619 94 36 God
1730 2619 86 36 and
1833 2620 72 35 the
1919 2620 226 43 Rainbow,

804 2662 88 35 The
912 2662 224 36 Warrior's
1157 2663 104 35 Last
1282 2663 145 37 Word,

663 2733 265 52 CARLOS
965 2737 296 48 TROYER

661 2832 455 51 Traditional
1166 2849 245 47 songs
1445 2836 89 50 of
1563 2837 127 50 the
1722 2836 249 66 Zunis,
2010 2839 141 49 First

797 2898 163 50 Sériés

804 2969 111 35 Four
941 2969 147 48 Songs,
1120 2971 106 35 with
1248 2970 180 48 English
1447 2974 86 35 and
1567 2974 109 36 Zuni
1705 2975 111 37 Text
1839 2987 8 26 :
1878 2987 34 27 i.
1938 2983 18 25 «
1980 2978 168 37 Zunian

802 3016 185 48 Lullaby
1004 3029 30 32 »;
1052 3029 36 25 2.
1119 3019 205 37 «Lover's
1343 3021 183 47 Wooing
1545 3033 32 32 »;
1606 3033 37 36 3.
1670 3023 119 36 «The
1808 3023 175 39 Sunrise
2003 3027 92 36 Call
2115 3039 32 31 »;

802 3075 38 34 4.
872 3075 17 23 «
905 3064 88 36 The
1015 3065 178 49 Coming
1215 3067 44 35 of
1280 3068 295 37 Monte-zuma
1595 3083 31 24 ».

661 3128 458 56 Traditional
1141 3149 247 48 songs
1414 3137 89 51 of
1525 3138 127 50 the
1671 3137 254 59 Zunis,
1945 3140 206 51 Second

797 3199 163 49 Sériés

802 3267 101 38 Two
924 3268 149 47 Songs,
1097 3271 105 36 with
1225 3271 179 49 English
1425 3273 290 41 Translation.

2328 1216 127 36 1.00

2329 1665 128 35 1.00

2328 1852 130 35 1.00

2331 1992 127 34 1.00

2329 2244 23 35 I
2372 2243 88 37 .00

2330 2472 23 33 I
2373 2470 88 36 .00

2329 2925 23 34 I
2372 2924 89 37 .00

2328 3229 24 33 I
2372 3226 88 37 .00

661 3368 150 40 SEND
838 3372 114 37 FOR
978 3373 303 38 COMPLETE
1308 3377 345 38 CATALOGUE
1681 3380 74 38 OF
1781 3381 124 38 OUR
1931 3384 432 39 PUBLICATIONS
2386 3385 76 37 TO

661 3443 131 40 THE
834 3448 265 38 WA-WAN
1134 3452 202 37 PRESS
1371 3453 287 40 NEWTON
1695 3457 285 46 CENTER,
2014 3461 166 38 MASS
2218 3464 71 47 (U.
2319 3464 40 36 S.
2389 3462 72 47 A.)
