2819 4028
965 333 67 34 LA
1069 333 265 37 NOTATION
1370 337 273 36 MUSICALE

2228 354 123 46 1301

248 478 199 57 sibles.
495 479 150 57 Mais
689 479 127 57 rien
859 498 74 38 ne
979 498 226 55 prouve
1252 479 147 74 qu'il
1445 500 73 36 en
1563 500 129 39 sera
1739 488 270 70 toujours
2054 494 167 58 ainsi.
2272 501 83 54 La

247 559 220 73 poésie,
494 560 59 56 la
580 560 273 75 musique
881 562 329 54 elle-même
1237 567 109 51 ont
1374 566 340 54 commencé
1742 585 108 53 par
1878 569 122 56 être
2026 591 328 57 anonymes

248 648 190 52 avant
478 643 409 74 d'appartenir
925 662 122 38 aux
1084 642 201 75 génies
1324 644 318 56 créateurs.
1682 647 350 75 L'inégalité
2070 661 285 56 naturelle

247 729 169 51 entre
458 726 84 55 les
584 727 288 70 hommes,
919 726 252 57 d'abord
1209 726 471 72 imperceptible,
1724 729 281 59 s'affirme
2049 736 35 52 à
2124 755 231 42 mesure

246 807 178 72 qu'ils
466 826 61 38 se
572 808 402 73 développent
1002 828 11 35 :
1059 808 82 57 tel
1183 813 90 51 est
1315 807 54 57 le
1412 809 240 72 progrès
1696 809 73 56 de
1809 812 372 60 l'humanité.
2227 821 131 56 Une

248 888 246 57 volonté
523 889 175 72 forte,
729 910 82 35 un
839 889 184 74 esprit
1052 889 324 74 supérieur,
1405 895 108 49 ont
1545 888 71 57 de
1645 891 134 72 plus
1808 911 74 37 en
1910 895 134 71 plus
2073 897 285 76 d'empire

247 986 102 39 sur
384 972 85 55 les
508 972 153 56 êtres
699 977 61 51 et
797 972 85 55 les
920 972 225 56 choses.
1187 971 155 72 Déjà
1379 988 115 37 une
1532 971 234 72 langue,
1785 972 377 74 l'espéranto,
2203 1000 36 37 a
2275 1000 83 55 pu

247 1052 127 56 être
402 1053 301 70 inventée,
721 1071 61 38 se
800 1055 311 71 répandre,
1129 1052 166 57 vivre
1314 1052 286 72 quelques
1629 1055 218 54 années
1868 1076 11 33 :
1910 1056 53 54 le
1991 1057 246 78 langage
2267 1068 91 51 est

243 1137 360 70 cependant,
649 1136 71 57 de
762 1141 201 51 toutes
1003 1136 84 56 les
1130 1152 235 40 œuvres
1393 1135 331 71 humaines,
1756 1136 141 57 celle
1939 1138 103 73 qui
2082 1143 276 58 semblait

242 1216 285 57 réclamer
552 1217 58 55 la
636 1217 134 74 plus
796 1217 287 57 immense
1111 1222 61 51 et
1197 1217 59 55 la
1282 1216 134 72 plus
1441 1215 452 73 impersonnelle
1912 1218 294 61 collabora
2212 1225 142 56 tien.

243 1297 99 57 Un
374 1300 262 71 système
670 1301 73 55 de
774 1300 280 56 notation
1085 1317 232 37 comme
1351 1297 148 57 celui
1534 1300 72 54 de
1640 1300 79 53 M.
1755 1300 360 72 Hautstont,
2150 1305 96 71 qui
2283 1325 74 37 ne

243 1380 226 56 détruit
516 1380 147 72 rien,
711 1381 151 56 mais
908 1381 222 72 corrige
1177 1378 333 59 seulement
1554 1378 85 58 les
1685 1380 240 57 défauts
1972 1383 81 55 du
2099 1387 258 70 système

240 1461 199 57 actuel
481 1467 61 50 et
582 1462 55 56 le
679 1467 124 51 met
847 1463 280 56 d'accord
1168 1479 146 39 avec
1355 1461 58 56 la
1455 1460 298 73 pratique,
1798 1480 35 38 a
1875 1463 154 56 donc
2070 1465 157 57 aussi
2256 1469 101 55 des

241 1545 254 54 chances
528 1546 71 55 de
631 1545 310 72 s'imposer
971 1564 117 53 peu
1121 1546 34 53 à
1186 1563 136 54 peu.
1357 1545 85 54 La
1474 1542 97 56 vie
1601 1549 90 49 est
1724 1550 206 51 courte
1958 1568 14 48 ;
2004 1551 61 51 et
2095 1547 138 57 l'art
2265 1556 92 50 est

241 1623 260 58 difficile.
541 1627 90 55 De
666 1626 248 72 longues
948 1627 230 68 heures,
1216 1623 186 74 prises
1438 1641 108 56 par
1582 1623 208 58 l'aride
1826 1625 221 75 solfège
2084 1646 119 38 aux
2240 1631 117 55 clés

237 1705 469 72 innombrables,
755 1726 74 37 ne
877 1706 516 74 pourraient-elles
1444 1706 123 56 être
1593 1706 397 57 économisées
2019 1710 335 72 utilement,

240 1790 149 54 dans
428 1789 364 55 l'éducation
833 1791 80 55 du
951 1789 175 72 jeune
1167 1787 287 57 musicien
1484 1792 24 51 ?
1550 1789 51 53 Il
1638 1806 74 38 ne
1751 1789 180 55 serait
1971 1809 108 53 pas
2123 1792 194 56 embar-

237 1872 182 68 rassé,
459 1871 59 73 je
560 1889 279 55 suppose,
882 1889 153 55 pour
1074 1871 127 55 leur
1242 1876 245 50 trouver
1527 1888 84 38 un
1652 1870 221 56 nouvel
1912 1872 220 73 emploi
2162 1894 11 34 :
2217 1891 137 39 sans

237 1952 196 73 parler
482 1955 103 55 des
635 1954 209 57 études
892 1970 245 56 propres
1187 1954 36 53 à
1270 1970 108 37 son
1427 1957 116 65 art,
1592 1970 74 37 ne
1715 1954 341 71 pourrait-il
2104 1957 253 74 prendre

238 2034 289 72 quelques
561 2032 240 59 notions
838 2034 329 71 d'histoire,
1204 2035 72 56 de
1311 2032 318 74 physique,
1665 2032 104 58 lire
1806 2035 287 72 quelques
2128 2038 226 71 poètes,

240 2134 78 38 ou
345 2116 381 74 simplement
753 2118 143 55 aller
923 2135 60 37 se
1010 2134 313 56 promener
1352 2118 150 54 dans
1527 2115 59 56 la
1612 2134 328 56 campagne
1968 2137 74 38 en
2070 2119 285 56 écoutant

235 2196 85 56 les
360 2198 193 57 bruits
596 2199 73 56 de
709 2198 60 57 la
809 2204 215 52 nature
1055 2204 24 49 ?
1122 2198 87 55 La
1237 2195 271 74 musique
1531 2201 94 51 est
1651 2198 433 57 certainement
2113 2199 241 73 appelée

235 2279 36 54 à
307 2280 155 56 tenir
497 2299 116 38 une
649 2281 168 74 place
856 2280 71 57 de
952 2281 133 73 plus
1122 2299 74 37 en
1231 2279 135 73 plus
1399 2279 370 72 importante
1807 2281 150 55 dans
1982 2288 171 49 notre
2170 2281 113 57 vie.
2303 2283 51 54 Il

237 2359 135 57 faut
400 2379 115 55 que
543 2380 151 39 ceux
722 2361 102 74 qui
853 2380 61 39 se
942 2366 227 53 vouent
1198 2363 36 53 à
1261 2366 95 50 cet
1385 2365 94 51 art
1508 2378 61 38 se
1596 2361 255 56 rendent
1880 2360 207 75 dignes
2124 2364 80 55 du
2232 2363 118 57 rôle

236 2441 104 73 qui
364 2441 127 59 leur
514 2462 132 38 sera
670 2444 236 57 dévolu.
934 2443 149 58 Sauf
1108 2444 71 55 de
1205 2444 122 53 très
1348 2441 261 56 illustres
1632 2443 368 73 exceptions,
2024 2443 71 57 ils
2118 2463 75 37 en
2216 2450 137 51 sont

233 2523 140 58 bien
389 2525 125 57 loin
552 2544 230 38 encore.
826 2528 80 54 Et
947 2546 79 36 on
1065 2544 74 37 ne
1178 2529 147 69 peut
1364 2524 128 56 leur
1531 2543 74 37 en
1644 2524 253 71 vouloir,
1920 2526 122 55 s'ils
2082 2526 270 58 arrivent

231 2604 244 75 jusqu'à
522 2608 152 73 l'âge
725 2609 301 56 d'homme
1075 2626 75 38 en
1197 2606 283 73 ignorant
1530 2610 138 51 tout
1719 2605 81 57 du
1850 2609 217 55 monde
2118 2608 100 73 qui
2268 2608 84 56 les

231 2693 250 52 entoure
500 2681 14 19 r
510 2711 12 34 :
556 2689 496 74 l'apprentissage
1087 2707 35 35 a
1158 2688 217 56 dévoré
1411 2693 139 49 tous
1582 2686 156 56 leurs
1770 2688 283 57 instants.
2091 2690 88 55 De
2214 2688 136 73 quel

228 2768 222 58 intérêt
482 2770 353 59 ne~serait-il
866 2789 109 52 pas
1007 2770 279 71 d'alléger
1315 2769 54 56 le
1400 2769 173 72 poids
1604 2770 274 56 écrasant
1910 2772 82 55 du
2023 2770 207 57 métier
2258 2772 9 53 !

1735 2934 195 56 Louis
1964 2936 230 54 Laloy.
