2819 4028
713 294 98 34 LES
846 292 304 36 MUSICIENS
1189 293 71 33 DE
1298 294 250 34 PHILIPPE
1585 294 65 34 LE
1691 297 168 34 HARDI

2213 290 123 61 1287

228 444 147 56 dans
403 461 89 37 ses
520 442 353 70 résidences,
902 440 69 55 ils
998 458 61 37 se
1085 440 343 72 présentent
1457 442 34 53 à
1515 440 102 69 lui,
1645 440 174 56 isolés
1846 461 78 37 ou
1951 463 107 52 par
2086 447 243 57 bandes.

226 526 52 53 A
299 527 59 53 la
380 524 173 55 veille
582 526 74 54 de
677 542 111 37 son
809 523 259 71 mariage
1090 539 145 36 avec
1259 520 357 73 Marguerite
1640 523 72 53 de
1735 522 306 71 Flandres,
2068 527 273 73 Philippe

225 607 226 54 octroie
488 611 135 50 cent
657 607 198 53 francs
889 607 35 53 à
955 626 22 29 «
1010 603 288 72 plusieurs
1332 603 225 53 heraux
1592 608 58 50 et
1684 604 376 56 menestriers
2094 609 103 69 qui
2230 616 106 48 ont

226 691 124 52 esté
388 707 73 36 en
497 688 195 55 l'ostel
727 689 73 54 de
835 689 156 52 Mme
1026 687 73 56 de
1134 683 301 70 Flandres,
1472 687 78 52 où
1570 687 188 53 Mons.
1777 686 53 54 le
1849 687 113 54 duc
1983 688 71 53 de
2087 689 249 71 Berryet

229 772 380 70 d'Auvergne
647 774 59 50 et
747 772 127 68 Mgr
912 773 106 50 ont
1058 768 193 56 donné
1292 768 34 53 à
1366 764 195 57 disner
1599 772 60 49 et
1698 785 215 53 souper
1966 785 76 38 au
2096 771 113 53 duc
2265 773 71 54 de

228 852 293 67 Clarence,
543 852 94 53 filz
658 852 79 53 du
756 851 86 54 roi
863 849 486 73 d'Angleterre,et
1369 848 289 71 plusieurs
1677 853 199 50 autres
1895 849 297 71 seigneurs
2214 874 20 27 »
2256 854 80 66 (i)

230 937 60 52 et
328 934 123 54 l'on
489 950 181 54 pense
710 950 118 37 aux
866 931 210 56 festins
1117 931 334 71 analogues,
1495 928 217 57 décrits
1752 947 109 54 par
1901 931 312 70 Froissart,
2258 934 78 54 où

231 1017 59 53 la
319 1018 171 54 chère
520 1016 148 54 était
699 1013 222 73 grande
950 1036 22 28 «
1004 1020 58 49 et
1092 1013 94 55 bel
1216 1018 59 50 et
1307 1013 136 54 bien
1473 1013 218 55 étoffée
1722 1013 73 55 de
1825 1018 200 50 toutes
2056 1014 205 54 choses
2291 1037 41 47 »,

229 1100 77 53 où
346 1096 374 57 accouraient
760 1117 20 28 «
818 1094 189 73 grand
1042 1094 191 55 foison
1273 1092 71 57 de
1382 1093 399 56 menestrieux
1820 1116 41 47 »,
1901 1098 60 50 et
2002 1096 76 53 où
2115 1096 82 54 les
2235 1096 66 54 hé-

229 1186 166 48 rauts
432 1202 22 28 «
492 1178 245 56 crioient
774 1178 252 71 largesse
1063 1178 35 54 à
1133 1177 192 72 pleine
1359 1176 269 73 gueule...
1670 1199 40 31 ».
1752 1177 146 53 Lors
1937 1174 103 58 des
2077 1176 150 56 fêtes
2263 1180 73 54 de

228 1280 91 37 ses
357 1279 194 50 noces,
593 1262 36 52 à
670 1260 191 68 Gand,
901 1258 54 55 le
996 1258 113 56 duc
1150 1260 200 54 donna
1390 1274 108 39 200
1537 1257 198 56 francs
1776 1276 120 36 aux
1937 1257 260 70 hérauts,
2239 1265 61 48 et

228 1350 217 49 autant
477 1365 21 28 «
531 1361 118 36 aux
682 1341 399 56 menestrieux
1112 1364 21 29 »
1166 1345 102 66 (2).
1303 1342 94 53 En
1429 1355 144 56 1371
1607 1345 60 50 et
1701 1355 146 57 1373
1880 1338 41 55 il
1951 1340 69 53 fit
2053 1341 100 54 des
2186 1340 150 55 dons

229 1425 71 56 de
343 1442 106 39 100
485 1425 200 53 francs
723 1441 118 37 aux
878 1445 23 28 «
938 1422 348 56 menestrelz
1324 1421 102 74 qui
1463 1422 201 55 furent
1703 1422 35 55 à
1772 1421 58 56 la
1868 1422 153 55 feste
2059 1422 102 55 des
2197 1422 112 55 rele-

226 1507 206 55 vailles
473 1507 72 55 de
586 1505 277 54 Madame
899 1526 22 29 »
962 1507 80 68 (3)
1085 1503 60 56 Si
1181 1503 54 56 le
1274 1506 113 55 duc
1425 1522 78 36 ou
1541 1503 58 55 la
1640 1503 284 55 duchesse
1964 1503 255 56 marient
2257 1522 83 36 un

231 1589 73 57 de
334 1590 158 56 leurs
524 1586 340 70 serviteurs,
898 1605 81 36 un
1010 1606 23 30 «
1066 1585 221 56 escuier
1319 1608 40 47 »,
1393 1604 82 37 un
1506 1606 22 30 «
1561 1585 192 56 varlet
1787 1585 74 56 de
1890 1585 282 56 chambre
2205 1608 39 47 »,
2279 1590 59 49 et

230 1671 280 56 assistent
545 1671 34 53 à
612 1686 91 38 ses
736 1685 193 52 noces,
964 1667 84 55 les
1082 1667 375 56 menestriers
1490 1686 41 54 y
1565 1667 281 69 arrivent,
1881 1672 61 50 et
1975 1667 362 71 participent

230 1773 118 35 aux
395 1750 269 57 cadeaux
713 1750 72 56 de
832 1749 404 55 circonstance
1286 1752 100 68 (4).
1435 1750 225 54 Tantôt
1708 1749 273 71 Philippe
2027 1754 60 49 et
2134 1751 204 52 tantôt

230 1856 22 28 «
289 1835 275 55 Madame
600 1854 21 28 »
657 1832 281 54 écoutent
973 1835 59 49 et
1068 1832 451 69 récompensent
1556 1848 81 36 un
1672 1849 77 35 ou
1785 1830 290 71 plusieurs
2111 1848 188 36 menes-

228 1916 172 55 triers
436 1916 80 55 du
549 1912 86 56 roi
671 1915 71 55 de
776 1915 244 65 France,
1058 1910 80 57 du
1174 1912 113 55 duc
1321 1914 282 69 d'Anjou,
1641 1911 80 56 du
1757 1914 114 53 duc
1905 1914 71 54 de
2012 1914 204 71 Berry,
2255 1914 81 53 du

229 1999 113 53 duc
380 1996 330 67 d'Orléans,
750 1995 80 55 du
865 1997 196 51 comte
1099 1994 72 54 de
1207 1992 233 70 Savoie,
1480 1995 79 53 du
1594 1994 352 54 connétable
1983 1994 72 54 de
2092 1995 244 67 France,

229 2102 21 28 «
283 2081 190 54 Mons.
497 2079 282 53 Bertrant
800 2076 70 55 de
889 2074 253 57 Glesclin
1160 2097 40 45 »,
1218 2075 81 53 les
1317 2095 22 29 «
1357 2074 144 54 trois
1520 2080 328 50 menestrez
1881 2075 73 56 de
1984 2076 353 71 l'empereur

226 2161 71 55 de
336 2159 488 58 Constentinoble
860 2179 42 48 »,
940 2157 154 70 Jean
1133 2156 26 54 I
1200 2156 373 73 Paléologue,
1609 2157 296 54 entendus
1942 2157 36 54 à
2013 2157 222 72 Troyes
2272 2164 61 49 et

225 2245 36 53 à
291 2243 321 68 Châtillon,
647 2259 148 38 ceux
828 2241 80 54 du
940 2239 85 54 roi
1057 2239 319 71 d'Aragon,
1411 2240 79 53 du
1523 2239 113 54 duc
1669 2240 74 55 de
1774 2239 301 70 Lorraine,
2110 2241 81 55 du
2223 2241 114 55 duc

228 2325 368 67 d'Autriche,
625 2343 150 35 ceux
803 2323 80 54 du
913 2324 113 53 duc
1054 2342 22 29 «
1104 2321 221 71 Stephe
1353 2321 72 55 de
1453 2319 252 56 Bavière
1733 2343 41 47 »,
1806 2321 103 71 qui
1934 2339 63 37 se
2023 2326 312 51 nomment

226 2409 196 71 Jehan
469 2405 303 73 Monguin,
822 2404 390 72 Quoinchelin
1256 2408 60 49 et
1364 2404 196 66 Yolin,
1609 2405 79 67 (5)
1739 2422 147 36 ceux
1933 2405 73 53 de
2050 2404 285 71 quelques

228 2488 301 57 moindres
555 2486 319 73 seigneurs,
906 2485 110 55 tels
1044 2503 116 53 que
1185 2485 54 55 le
1265 2484 113 54 sire
1407 2483 74 57 de
1509 2484 243 70 Chalon,
1782 2485 53 55 le
1862 2485 113 55 sire
2006 2485 327 71 d'Epoisse,

228 2571 53 55 le
318 2570 112 55 sire
469 2571 71 55 de
578 2566 334 70 Ghistelles,
948 2566 54 55 le
1038 2565 112 56 sire
1186 2565 221 57 Olivier
1444 2566 80 56 du
1561 2566 293 69 Guesclin,
1893 2566 151 55 frère
2081 2565 80 56 du
2201 2585 101 37 con-

224 2653 259 70 nétable,
520 2652 53 54 le
605 2650 112 55 sire
752 2648 71 57 de
854 2649 59 55 la
948 2649 254 69 Rivière,
1239 2648 100 72 qui
1373 2646 390 74 représentait
1796 2648 53 56 le
1881 2648 86 54 roi
2003 2650 72 55 de
2108 2650 224 55 France

224 2752 231 38 comme
494 2732 259 73 parrain,
795 2749 76 37 au
911 2730 279 71 baptême
1231 2732 71 54 de
1354 2729 126 56 l'un
1532 2729 101 56 des
1686 2730 90 55 fils
1832 2729 72 56 de
1957 2729 271 74 Philippe
2280 2732 53 53 le

223 2815 190 57 Hardi
455 2818 100 68 (6).
602 2815 139 55 Plus
781 2831 158 36 rares
977 2818 136 49 sont
1152 2814 84 53 les
1275 2813 343 54 ménestrels
1660 2814 102 53 des
1801 2813 168 56 villes
2013 2834 10 33 :
2067 2832 148 37 ceux
2257 2814 72 55 de

221 2902 282 68 Tournay
534 2903 61 49 et
629 2898 72 54 de
733 2897 221 71 Troyes
988 2898 101 70 (7).
1127 2895 80 55 Et
1239 2894 40 55 il
1311 2913 42 55 y
1386 2913 34 36 a
1452 2895 157 55 enfin
1640 2895 60 54 la
1731 2895 160 55 foule
1926 2894 101 57 des
2073 2913 256 55 pauvres

339 3058 63 48 (1)
437 3057 97 39 Art.
568 3064 102 40 907.

339 3119 63 48 (2)
436 3118 98 39 Art.
573 3126 124 37 1104.

337 3182 63 49 (3)
433 3180 99 39 Art.
572 3186 108 40 1427
706 3180 49 35 et
785 3176 123 50 1786.

338 3245 64 49 (4)
435 3241 97 40 Art.
560 3241 127 44 2008,
714 3240 127 49 2758,
869 3248 126 41 3220.

338 3306 62 50 (5)
435 3303 82 41 Cet
543 3300 157 41 article
727 3304 70 36 est
823 3300 56 40 de
905 3299 179 40 l'année
1115 3308 122 41 1371.
1268 3298 101 41 Une
1396 3298 236 52 vingtaine
1660 3299 215 40 d'années
1900 3302 102 51 plus
2030 3300 117 46 tard,
2175 3300 41 39 le
2243 3300 88 40 duc

216 3382 18 28 «
252 3367 170 53 Stephe
438 3377 31 37 »,
490 3377 58 28 ou
570 3363 196 40 Etienne
784 3361 56 41 de
858 3361 205 46 Bavière,
1085 3361 128 40 avait
1231 3360 141 41 marié
1388 3372 52 28 sa
1458 3360 89 40 fille
1564 3373 59 28 au
1642 3360 66 41 roi
1727 3363 56 39 de
1799 3361 186 47 France,
2007 3365 47 36 et
2070 3374 69 27 ses
2158 3361 143 41 ménes-

216 3429 108 40 trels
343 3425 352 56 reparaissaient
711 3422 28 40 à
757 3424 46 38 la
819 3434 110 28 cour
948 3422 57 38 de
1023 3421 181 41 Charles
1225 3422 78 41 VI.
1326 3421 154 53 Voyez
1496 3422 61 41 M.
1579 3422 232 47 Thibault,
1835 3422 193 41 Isabeau
2049 3425 54 38 de
2125 3424 202 44 Bavière,

217 3492 141 45 Paris,
400 3501 122 38 1903,
559 3501 43 40 p.
639 3497 99 40 203.

336 3553 63 50 (6)
432 3552 98 38 Art.
570 3560 124 35 1222,
734 3547 124 51 1362,
898 3556 122 40 1374,
1061 3557 123 38 1414,
1226 3557 123 39 1433,
1390 3548 123 48 1985,
1553 3548 122 47 1989,
1712 3549 126 47 2087,
1875 3558 126 36 2110,
2037 3546 126 50 2296,
2199 3557 125 38 2342,

217 3628 127 38 2444,
377 3614 126 48 2652,
536 3622 127 39 3°73-

336 3679 63 50 (7)
432 3676 98 40 Art.
569 3687 15 27 1
595 3685 99 33 222,
731 3681 125 42 3114.
