2819 4028
513 270 125 48 1280

1117 279 264 34 MERCURE
1422 275 241 37 MUSICAL
1700 277 70 34 ET
1811 275 44 35 S.
1895 275 35 35 I.
1973 274 57 34 M.

513 424 131 57 baie
703 423 150 56 mais
910 421 207 57 c'était
1180 441 118 37 une
1362 418 225 58 fidélité
1662 418 72 57 de
1805 418 222 72 grands
2092 414 325 75 seigneurs.
2483 417 165 57 Avec

511 512 76 53 M.
635 509 296 70 Debussy,
971 506 57 55 la
1082 504 204 73 parole
1342 504 156 57 n'est
1554 502 61 57 ni
1659 508 141 67 trop
1866 499 300 70 annoblie,
2231 499 62 56 ni
2354 503 291 71 trompée,

508 591 110 58 elle
652 597 89 50 est
775 588 377 73 simplement
1185 592 313 53 soutenue.
1536 588 82 55 Et
1653 602 66 39 ce
1753 586 156 55 n'est
1945 601 110 56 pas
2088 582 337 58 seulement
2457 584 152 59 admi-

510 675 181 69 rable,
734 675 144 55 c'est
920 671 489 71 extraordinaire,
1452 688 178 56 parce
1670 688 117 55 que
1829 686 153 39 vous
2022 686 178 39 savez
2243 667 278 74 qu'entre
2562 669 84 58 les

508 758 342 57 intervalles
896 755 73 57 de
1011 760 140 50 tons
1193 757 105 72 qui
1345 753 370 60 constituent
1761 770 109 39 nos
1914 768 271 56 gammes
2229 757 61 51 et
2336 751 85 57 les
2465 753 150 57 inter-

508 841 186 57 valles
728 841 103 74 qui
867 845 349 68 composent
1250 838 53 59 le
1324 842 183 53 chant
1545 838 72 57 de
1654 837 60 56 la
1747 836 224 73 parole,
2010 835 41 55 il
2086 855 42 53 y
2163 855 36 37 a
2233 841 174 52 toute
2444 836 58 57 la
2530 837 84 56 dis-

507 930 177 51 tance
729 923 102 73 qui
875 925 205 71 sépare
1124 922 59 55 la
1227 921 362 60 convention
1635 923 72 55 de
1752 921 59 55 la
1855 926 235 51 nature.
2140 921 113 55 Les
2298 920 347 58 intervalles

511 1006 71 57 de
634 1007 57 54 la
743 1006 200 75 parole
996 1011 136 51 sont
1199 1006 339 57 infiniment
1590 1003 135 74 plus
1792 1003 366 73 rapprochés
2213 1009 61 49 et
2332 1002 150 57 dans
2543 1005 102 57 des

508 1096 277 66 rapports
841 1091 273 71 toujours
1171 1091 385 72 changeants.
1618 1091 317 53 Comment
1996 1091 155 55 donc
2213 1090 76 54 M.
2360 1089 279 74 Debussy

510 1172 158 56 est-il
713 1190 269 55 parvenu
1028 1174 34 53 à
1105 1190 151 38 nous
1303 1189 313 41 conserver
1660 1176 174 51 notre
1877 1172 186 56 verbe
2111 1170 150 57 dans
2308 1191 66 39 sa
2410 1171 232 59 fluidité

508 1275 356 38 savoureuse
888 1264 23 48 ?
941 1274 107 55 par
1077 1256 58 56 la
1160 1256 231 69 liberté,
1420 1275 108 54 par
1561 1257 57 56 la
1649 1257 212 56 liberté
1891 1263 60 49 et
1977 1256 57 57 la
2053 1257 350 58 délicatesse
2422 1257 59 56 la
2500 1259 133 73 plus

507 1339 221 72 grande
760 1340 147 56 dans
936 1339 83 57 les
1049 1339 440 57 combinaisons
1521 1339 445 72 harmoniques,
1994 1346 60 49 et
2090 1359 110 55 par
2228 1358 118 39 une
2370 1340 269 58 intimité

507 1420 272 71 toujours
808 1420 132 74 plus
974 1421 291 71 profonde
1297 1439 145 38 avec
1471 1420 57 57 la
1566 1429 235 49 nature.

633 1504 168 54 Nous
834 1520 224 38 venons
1091 1504 71 57 de
1189 1503 130 57 voir
1364 1503 83 58 les
1494 1505 202 71 points
1748 1504 357 73 principaux
2152 1506 104 73 qui
2304 1514 108 50 ont
2460 1509 179 56 attiré

506 1584 129 57 l'un
680 1603 132 38 vers
855 1584 213 57 l'autre
1117 1588 78 52 M.
1242 1586 280 71 Debussy
1551 1594 60 50 et
1639 1589 78 53 M.
1752 1588 410 57 Maeterlinck.
2205 1590 351 71 Cependant
2600 1591 39 55 il

507 1665 252 59 n'existe
788 1685 108 54 pas
928 1666 156 56 deux
1114 1669 469 71 tempéraments
1615 1669 133 74 plus
1786 1669 453 60 dissemblables
2285 1678 81 65 et,
2417 1674 220 74 malgré

513 1764 96 41 ces
635 1749 200 70 points
860 1749 322 70 d'attache,
1216 1751 156 55 deux
1399 1750 353 74 techniques
1785 1754 157 56 d'art
1978 1754 136 74 plus
2143 1757 311 71 opposées.

634 1830 75 55 Ce
741 1837 136 48 sont
910 1829 156 58 deux
1096 1833 262 56 sensuels
1401 1834 135 72 plus
1582 1853 115 55 que
1745 1835 160 56 deux
1960 1837 370 73 passionnés.
2387 1840 151 56 Mais
2581 1840 55 59 la

510 1911 316 58 sensualité
858 1910 70 59 de
958 1915 77 52 M.
1077 1915 388 57 Maeterlinck
1512 1923 89 49 est
1631 1924 173 51 toute
1852 1922 375 68 concentrée,
2278 1928 175 52 toute
2486 1924 119 57 inté-

510 1993 205 68 rieure,
766 1994 212 55 sourde
1029 2000 59 50 et
1141 1995 301 57 réticente.
1498 1999 127 56 Elle
1677 2018 61 37 se
1789 2003 232 55 nourrit
2076 2003 414 58 d'elle-même.
2552 2008 84 55 La

510 2077 315 54 sensualité
860 2077 71 55 de
967 2079 76 52 M.
1080 2080 274 74 Debussy
1390 2087 108 65 est,
1535 2101 78 37 au
1648 2085 313 70 contraire,
1984 2088 122 53 très
2126 2089 352 71 extérieure,
2500 2091 136 55 vive

508 2164 61 50 et
624 2158 385 74 pittoresque.
1067 2163 78 53 M.
1203 2164 385 56 Maeterlinck
1644 2165 184 58 ferme
1884 2169 222 71 parfois
2161 2171 83 55 les
2299 2191 160 55 yeux
2487 2193 147 51 ;en

506 2246 136 49 tout
680 2259 114 53 cas,
835 2243 39 52 il
911 2243 81 55 les
1028 2244 115 56 fixe
1182 2263 97 37 sur
1311 2246 52 55 le
1395 2248 123 55 seul
1556 2249 167 71 objet
1763 2251 73 55 de
1872 2270 111 38 son
2022 2253 170 56 désir.
2237 2257 79 53 M.
2355 2258 277 73 Debussy

507 2324 81 55 les
633 2327 278 68 promène
955 2331 135 50 tout
1138 2334 216 50 autour
1404 2351 10 33 :
1463 2329 126 57 rien
1632 2333 332 75 n'échappe
2013 2338 102 55 des
2162 2338 208 59 choses
2417 2342 104 72 qui
2575 2360 58 37 se

506 2412 301 63 meuvent,
855 2408 102 71 qui
1001 2409 255 71 brillent,
1307 2412 102 71 qui
1456 2414 307 73 chantent,
1935 2419 104 72 qui
2098 2423 407 75 enveloppent
2571 2430 58 50 et

506 2488 101 71 qui
642 2489 324 71 dispersent
999 2493 148 56 ainsi
1179 2512 107 37 son
1319 2497 266 57 étreinte.

619 2573 89 55 De
750 2573 56 55 là
847 2574 381 74 l'opposition
1273 2577 103 57 des
1419 2582 376 72 techniques;
1843 2586 140 57 celle
2031 2588 81 55 du
2156 2592 177 70 poète
2378 2599 90 49 est
2512 2593 120 55 très

505 2653 223 73 simple,
767 2675 249 54 presque
1052 2679 244 52 pauvre,
1336 2662 144 56 c'est
1519 2666 73 53 de
1627 2666 139 54 l'art
1803 2671 311 70 populaire
2139 2693 111 53 par
2275 2676 352 70 excellence,

507 2736 144 56 dont
705 2738 82 55 les
841 2759 245 54 moyens
1140 2761 61 37 se
1255 2747 311 56 ramènent
1622 2750 36 53 à
1714 2752 287 73 quelques
2057 2761 177 69 types
2297 2761 330 56 restreints.

505 2820 407 72 L'expression
957 2825 137 56 n'en
1138 2832 90 49 est
1275 2835 256 49 souvent
1578 2850 117 52 que
1740 2834 134 71 plus
1924 2839 376 69 pénétrante.
2360 2844 154 56 Celle
2552 2844 79 56 du

503 2905 300 69 musicien,
841 2926 78 36 au
954 2911 311 69 contraire,
1287 2919 88 49 est
1396 2914 179 58 d'une
1599 2917 253 59 richesse
1875 2921 199 59 inouïe
2102 2924 149 58 dans
2275 2927 58 55 la
2358 2929 270 73 légèreté,

501 2986 143 53 c'est
686 3006 115 37 une
845 2987 253 60 dentelle
1142 2995 71 54 de
1256 2996 119 56 soie
1420 2996 71 57 de
1536 3004 202 52 toutes
1778 3002 83 56 les
1905 3008 291 72 couleurs,
2242 3030 84 37 un
2369 3011 227 57 chatoie-

501 3074 164 49 ment
698 3071 34 53 à
759 3070 133 71 jour
921 3090 99 37 sur
1049 3074 58 55 la
1136 3076 161 56 chair
1329 3096 133 39 nue.

616 3234 345 74 Mesdames,
1008 3240 325 72 Messieurs,
1377 3245 59 70 je
1480 3248 348 72 m'aperçois
1872 3255 140 52 tout
2057 3255 35 56 à
2134 3275 174 56 coup,
2356 3260 150 55 mais
2547 3279 82 36 un

498 3331 115 54 peu
670 3316 146 69 tard,
867 3339 115 53 que
1029 3322 57 72 je
1135 3325 166 56 viens
1352 3328 364 74 d'employer
1766 3352 151 53 pour
1966 3355 151 39 vous
2153 3339 147 58 faire
2350 3349 278 67 partager

498 3414 115 37 une
660 3397 212 59 double
916 3404 380 73 admiration,
1343 3429 115 37 une
1504 3414 102 55 des
1650 3414 219 57 formes
1913 3418 84 56 les
2040 3422 136 72 plus
2220 3424 290 72 périmées
2557 3427 70 54 de

497 3476 57 56 la
592 3477 282 74 critique.
919 3484 52 54 le
1013 3489 294 68 parallèle.
1352 3491 310 60 Vraiment
1705 3516 151 53 pour
1897 3502 335 73 quelqu'un
2271 3508 104 72 qui
2408 3527 150 38 vous
2592 3526 33 36 a

497 3564 135 51 tant
689 3564 160 68 parlé
906 3566 71 54 de
1034 3579 358 66 nouveauté,
1449 3578 145 54 c'est
1650 3598 84 36 un
1789 3599 118 54 peu
1961 3583 121 58 fort
2110 3588 9 53 !
2184 3589 440 70 Excusez-moi,

496 3658 29 35 c
550 3648 85 48 est
684 3644 58 53 la
788 3645 165 60 faute
999 3668 77 38 au
1123 3672 393 57 programme,
1565 3667 58 49 et
1673 3665 338 70 cependant
2059 3669 55 56 le
2163 3691 380 54 programme
2591 3693 34 36 a
