2819 4028
474 305 126 62 1276

1080 312 260 35 MERCURE
1378 310 240 36 MUSICAL
1652 310 72 35 ET
1764 309 43 36 S.
1848 309 34 36 I.
1921 309 60 36 M.

476 467 157 56 tions
664 462 352 57 semblables
1046 461 264 57 existant
1343 457 150 57 dans
1524 458 83 56 les
1638 462 231 51 centres
1902 454 351 74 artistiques
2303 453 74 57 de
2432 453 131 60 l'Eu-

476 566 157 54 rope.
671 548 53 54 A
762 546 183 68 Paris,
980 564 117 36 une
1133 542 232 56 maison
1403 538 103 59 des
1543 545 124 50 arts
1703 540 198 55 réunis
1938 557 76 37 ne
2049 543 146 68 peut
2232 556 110 53 pas
2378 556 74 37 ne
2488 557 107 54 pas

477 632 122 54 être
655 627 472 59 internationale.
1190 627 110 55 Les
1360 623 240 57 artistes
1656 628 61 50 et
1774 622 372 56 littérateurs
2204 620 258 72 français
2521 641 73 38 en

476 715 292 56 bâtissant
818 714 124 54 leur
993 712 274 55 demeure
1317 707 341 57 allaient-ils
1712 706 200 57 dénier
1959 725 85 36 un
2094 705 112 57 fait
2264 705 330 73 historique

475 796 101 74 qui
623 795 296 72 témoigne
970 794 71 55 de
1089 799 171 50 notre
1309 792 235 56 vitalité
1592 791 224 56 morale
1864 790 441 68 intellectuelle,
2357 790 204 56 c'est-à-

475 880 122 57 -dire
645 885 90 49 cet
783 882 459 68 empressement
1290 894 132 38 vers
1469 893 150 38 nous
1670 874 178 57 d'une
1895 872 195 73 partie
2140 871 73 57 de
2259 874 180 55 l'élite
2488 874 104 59 des

473 966 197 51 autres
711 959 237 57 nations
974 981 12 47 ;
1030 959 340 56 allaient-ils
1409 957 224 56 refuser
1674 957 35 54 à
1751 975 149 37 ceux
1944 956 81 56 du
2068 956 214 56 dehors
2321 957 60 56 la
2420 948 168 80 place

472 1045 173 72 qu'ils
687 1044 277 54 méritent
1009 1061 77 36 au
1127 1044 167 71 foyer
1336 1060 282 37 commun
1647 1046 23 49 ?
1717 1042 86 54 La
1846 1040 245 74 plupart
2137 1040 74 57 de
2253 1059 95 38 ces
2392 1042 163 58 étran-

470 1145 128 54 gers
630 1145 62 36 se
725 1131 136 50 sont
894 1125 48 56 si
975 1124 137 57 bien
1146 1125 281 56 reformés
1461 1125 35 53 à
1530 1129 171 49 notre
1737 1124 231 56 culture
2002 1129 61 49 et
2098 1124 49 54 si
2183 1124 138 56 bien
2354 1128 230 57 nourris

473 1211 71 55 de
585 1228 108 37 nos
734 1208 157 57 idées
933 1209 172 71 qu'ils
1146 1214 136 49 sont
1327 1208 263 55 devenus
1633 1213 136 50 tout
1813 1209 36 53 à
1891 1208 111 54 fait
2044 1209 219 54 nôtres.
2311 1229 22 29 »
2376 1210 96 55 On
2512 1232 72 38 ne

470 1291 222 56 saurait
735 1296 135 68 trop
913 1309 333 55 approuver
1287 1296 158 51 cette
1487 1290 260 57 manière
1793 1293 71 54 de
1906 1290 149 57 voir.
2104 1291 51 55 Il
2197 1296 90 51 est
2333 1298 136 67 trop
2513 1295 71 57 de

468 1373 176 57 mode
691 1393 73 36 en
812 1373 143 56 effet
1004 1373 149 57 dans
1190 1373 255 56 certains
1483 1373 245 57 milieux
1779 1375 309 69 d'oublier,
2141 1393 77 37 au
2267 1374 317 61 soi-disant

468 1458 178 71 profit
708 1454 71 58 de
823 1474 90 37 ses
956 1456 244 69 racines,
1246 1456 59 56 la
1348 1456 345 58 frondaison
1736 1459 353 56 universelle
2135 1459 72 56 de
2250 1458 59 56 la
2356 1462 228 58 culture

467 1538 304 72 française.
814 1540 153 55 C'est
1007 1540 152 56 alors
1199 1557 115 53 que
1350 1558 150 38 nous
1538 1542 191 54 étions
1766 1543 54 54 le
1858 1543 132 70 plus
2035 1544 549 70 scrupuleusement

467 1622 251 71 français
741 1641 113 53 que
875 1641 148 36 nous
1044 1623 280 56 ouvrions
1346 1629 171 50 notre
1539 1623 166 73 foyer
1728 1625 34 54 à
1783 1625 336 58 l'affluence
2143 1624 73 57 de
2245 1628 334 75 l'étranger.

467 1704 184 56 Grâce
682 1707 34 53 à
744 1710 156 50 cette
929 1705 361 73 hospitalité,
1322 1726 106 37 nos
1458 1724 240 39 romans
1728 1710 74 55 de
1831 1709 331 57 chevalerie
2194 1717 108 49 ont
2335 1713 247 57 essaimé

466 1804 106 54 par
607 1793 171 50 toute
812 1787 299 72 l'Europe,
1150 1793 170 51 notre
1357 1789 197 73 poésie
1591 1790 231 73 lyrique
1863 1793 78 55 du
1981 1811 220 53 moyen
2229 1796 107 71 âge
2381 1813 34 36 a
2455 1798 127 56 créé

464 1874 169 51 toute
660 1870 57 54 la
744 1870 231 73 lyrique
1003 1873 102 55 des
1131 1890 150 54 pays
1310 1873 245 70 voisins,
1586 1879 61 51 et
1675 1876 82 54 les
1788 1876 146 55 filles
1963 1878 72 55 de
2065 1895 109 38 nos
2209 1878 371 60 cathédrales

463 1950 455 58 s'établissaient
951 1953 274 72 jusqu'en
1261 1956 209 69 Suède,
1508 1975 73 36 en
1616 1958 265 73 Hongrie
1915 1964 60 50 et
2011 1978 74 37 en
2112 1961 227 56 Orient.

578 2034 110 55 Sur
731 2039 155 51 cette
928 2034 141 57 base
1111 2036 477 73 internationale,
1633 2041 246 56 l'Union
1921 2061 36 36 a
2001 2042 182 57 fondé
2227 2043 59 56 la
2335 2047 244 56 Maison

464 2116 92 53 des
593 2117 134 53 Arts
765 2117 102 71 qui
904 2123 88 50 est
1028 2118 372 73 l'originalité
1440 2121 71 57 de
1547 2141 110 38 son
1693 2126 341 71 entreprise.
2077 2127 112 55 Les
2208 2128 258 71 artistes,
2507 2150 72 37 en

463 2196 162 71 effet,
663 2199 35 54 à
732 2199 182 70 Paris,
951 2201 169 54 n'ont
1143 2220 108 53 pas
1286 2203 73 55 de
1394 2210 197 50 centre
1614 2225 300 53 commun,
1950 2227 108 55 pas
2095 2208 73 57 de
2202 2211 185 72 foyer.
2413 2215 166 57 Dans

462 2283 198 52 toutes
710 2282 81 55 les
842 2282 280 72 capitales
1176 2283 71 56 de
1296 2286 300 73 l'Europe,
1635 2291 101 53 des
1789 2292 236 56 artistes
2077 2298 107 50 ont
2237 2295 173 56 édifié
2461 2316 115 38 une

466 2362 270 57 demeure
774 2365 140 55 bien
955 2366 35 53 à
1031 2385 132 37 eux.
1209 2368 164 55 Paris
1414 2389 74 35 ne
1529 2373 247 72 possède
1818 2391 231 40 aucune
2093 2376 72 55 de
2207 2395 95 37 ces
2344 2382 198 70 organi-

457 2442 241 58 sations.
734 2447 111 55 Les
877 2446 239 58 artistes
1146 2450 103 71 n'y
1281 2456 108 51 ont
1421 2469 112 56 pas
1563 2453 127 56 leur
1722 2455 211 73 cercle;
1962 2457 71 55 ils
2061 2464 138 50 sont
2230 2458 124 58 loin
2389 2462 186 59 d'être

458 2528 141 54 chez
652 2547 115 37 eux
821 2530 146 57 dans
1022 2533 100 54 des
1174 2533 215 58 cercles
1441 2540 316 56 mondains
1811 2558 232 39 comme
2095 2544 55 54 le
2209 2546 223 73 Volney
2513 2555 58 50 et

472 2607 315 76 l'Epatant,
792 2615 79 54 où
905 2612 461 62 l'amateurisme
1399 2619 335 72 s'épanouit
1773 2624 148 55 dans
1957 2630 171 53 toute
2161 2645 111 41 son
2309 2632 260 56 horreur.

457 2693 85 53 La
583 2693 224 58 Maison
847 2693 100 59 des
984 2699 142 53 Arts
1163 2705 90 49 est
1294 2701 152 56 donc
1487 2711 185 50 avant
1712 2711 137 51 tout
1889 2726 83 39 un
2010 2710 185 57 cercle
2232 2715 80 53 où
2350 2712 121 58 l'on
2509 2734 64 39 se

453 2775 179 68 reçoit
680 2782 59 49 et
785 2781 78 55 où
908 2779 118 55 l'on
1072 2790 308 49 rencontre
1426 2787 133 70 près
1607 2791 102 55 des
1755 2791 171 56 salles
1973 2791 433 74 d'expositions
2452 2817 118 39 une

453 2857 141 56 salle
627 2859 72 55 de
730 2865 519 71 correspondance,
1284 2885 116 40 une
1431 2871 143 55 salle
1607 2874 73 56 de
1712 2874 224 58 lecture
1962 2898 14 48 ;
2013 2879 36 54 à
2080 2880 132 55 côté
2246 2884 103 55 des
2380 2881 157 72 pério-

454 2939 225 72 diques,
699 2944 341 73 figureront,
1075 2947 60 72 je
1152 2966 199 56 pense,
1383 2950 233 61 bientôt
1647 2956 82 56 les
1768 2960 240 71 poèmes
2044 2966 61 51 et
2142 2963 81 57 les
2248 2965 318 73 partitions

454 3022 308 71 originales
807 3026 72 57 de
927 3030 223 57 France
1196 3038 61 49 et
1306 3035 73 57 de
1422 3038 335 76 l'étranger,
1808 3041 186 58 début
2043 3047 179 57 d'une
2269 3048 299 72 précieuse

451 3105 424 76 bibliothèque.
917 3114 48 53 L
985 3114 377 60 Association
1399 3120 203 71 publie
1639 3143 117 38 une
1794 3143 202 55 revue,
2015 3147 212 39 encore
2249 3134 277 73 embryon-

449 3189 182 68 naire,
665 3191 102 71 qui
797 3210 128 40 sera
956 3195 22 53 1
999 3213 216 57 organe
1239 3199 73 57 de
1342 3219 93 40 ses
1467 3208 295 56 membres
1795 3227 75 39 en
1896 3212 193 57 même
2122 3219 198 69 temps
2353 3217 213 72 qu'elle

449 3269 367 75 renseignera
859 3294 102 38 sur
1004 3283 201 53 toutes
1251 3283 83 56 les
1381 3304 234 41 œuvres
1661 3297 62 49 et
1769 3292 84 57 les
1900 3293 249 58 intérêts
2197 3298 364 76 artistiques.

451 3353 118 55 Des
622 3355 298 60 auditions
975 3361 71 56 de
1099 3365 206 69 poètes
1359 3374 59 50 et
1477 3368 71 60 de
1604 3373 316 60 musiciens
1973 3381 436 72 compléteront
2480 3382 84 57 les

448 3435 361 73 expositions
866 3441 101 56 des
1025 3445 260 71 peintres
1341 3457 62 49 et
1461 3455 265 59 d'autres
1784 3461 362 72 plasticiens.
2207 3468 122 55 Des
2387 3466 140 57 mati-

447 3519 137 53 nées
627 3537 227 42 comme
909 3527 224 57 celle-ci
1176 3549 78 40 au
1310 3537 178 70 profit
1535 3537 72 58 de
1649 3542 59 53 la
1751 3544 231 60 maison
2027 3548 102 56 des
2173 3551 143 54 Arts
2358 3555 202 53 seront

448 3600 254 59 données
734 3623 77 37 au
840 3624 169 41 cours
1041 3610 74 58 de
1144 3613 22 53 1
1190 3633 203 40 annee.
1430 3621 179 57 Enfin
1639 3641 79 39 on
1750 3627 230 58 éditera
2013 3633 104 55 des
2150 3651 233 39 œuvres
2414 3652 114 38 nou-

444 3683 196 55 velles.
