<?xml version="1.0" encoding="UTF-8"?>
<alto xmlns:xsi="http://www.w3.org/2001/XMLSchema-instance" xmlns="http://www.loc.gov/standards/alto/ns-v2#" xsi:schemaLocation="http://www.loc.gov/standards/alto/ns-v2# http://www.loc.gov/standards/alto/alto-v2.0.xsd" xmlns:xlink="http://www.w3.org/1999/xlink">
	<Description>
		<MeasurementUnit>mm10</MeasurementUnit>
		<sourceImageInformation>
			<fileName>//fileserver7/IN2/Princeton/Batch3/bmtnabh/1907/12/15_01/00000451.tif</fileName>
		</sourceImageInformation>
		<OCRProcessing ID="OCRPROCESSING_1">
			<preProcessingStep>
				<processingSoftware>
					<softwareCreator>CCS Content Conversion Specialists GmbH, Germany</softwareCreator>
					<softwareName>CCS docWORKS</softwareName>
					<softwareVersion>6.6-1.18</softwareVersion>
				</processingSoftware>
			</preProcessingStep>
			<ocrProcessingStep>
				<processingSoftware>
					<softwareCreator>ABBYY (BIT Software), Russia</softwareCreator>
					<softwareName>FineReader</softwareName>
					<softwareVersion>10.0</softwareVersion>
				</processingSoftware>
			</ocrProcessingStep>
		</OCRProcessing>
	</Description>
	<Styles>
		<TextStyle ID="TXT_0" FONTSIZE="2" FONTFAMILY="Gotham-Light-OV-HDADYA"/>
		<TextStyle ID="TXT_1" FONTSIZE="14" FONTFAMILY="Times New Roman" FONTSTYLE="bold"/>
		<TextStyle ID="TXT_2" FONTSIZE="22" FONTFAMILY="Times New Roman"/>
		<TextStyle ID="TXT_3" FONTSIZE="22" FONTFAMILY="Times New Roman" FONTSTYLE="italics"/>
		<ParagraphStyle ID="PAR_LEFT" ALIGN="Left"/>
		<ParagraphStyle ID="PAR_RIGHT" ALIGN="Right"/>
		<ParagraphStyle ID="PAR_BLOCK" ALIGN="Block"/>
	</Styles>
	<Layout>
		<Page ID="P91" PHYSICAL_IMG_NR="91" HEIGHT="4028" WIDTH="2819" PC="0.939">
			<TopMargin ID="P91_TM00001" HPOS="0" VPOS="0" WIDTH="2819" HEIGHT="286">
				<TextBlock ID="P91_TB00001" HPOS="556" VPOS="224" WIDTH="127" HEIGHT="62" STYLEREFS="TXT_0 PAR_LEFT">
					<TextLine ID="P91_TL00001" HPOS="683" VPOS="286" WIDTH="0" HEIGHT="0">
						<String ID="P91_ST00001" HPOS="683" VPOS="286" WIDTH="0" HEIGHT="0" CONTENT="1318" WC="1.00" CC="0000"/>
					</TextLine>
				</TextBlock>
				<TextBlock ID="P91_TB00002" HPOS="1160" VPOS="225" WIDTH="909" HEIGHT="41" STYLEREFS="TXT_1 PAR_RIGHT">
					<TextLine ID="P91_TL00002" HPOS="1161" VPOS="225" WIDTH="908" HEIGHT="41">
						<String ID="P91_ST00002" HPOS="1161" VPOS="231" WIDTH="265" HEIGHT="35" CONTENT="MERCURE" WC="0.99" CC="4001200"/>
						<SP ID="P91_SP00001" HPOS="1426" VPOS="266" WIDTH="37"/>
						<String ID="P91_ST00003" HPOS="1463" VPOS="228" WIDTH="244" HEIGHT="37" CONTENT="MUSICAL" WC="1.00" CC="0002020"/>
						<SP ID="P91_SP00002" HPOS="1707" VPOS="266" WIDTH="34"/>
						<String ID="P91_ST00004" HPOS="1741" VPOS="227" WIDTH="70" HEIGHT="35" CONTENT="ET" WC="0.98" CC="00"/>
						<SP ID="P91_SP00003" HPOS="1811" VPOS="266" WIDTH="40"/>
						<String ID="P91_ST00005" HPOS="1851" VPOS="225" WIDTH="45" HEIGHT="37" CONTENT="S." WC="0.79" CC="40"/>
						<SP ID="P91_SP00004" HPOS="1896" VPOS="266" WIDTH="38"/>
						<String ID="P91_ST00006" HPOS="1934" VPOS="225" WIDTH="37" HEIGHT="36" CONTENT="I." WC="0.81" CC="03"/>
						<SP ID="P91_SP00005" HPOS="1971" VPOS="266" WIDTH="38"/>
						<String ID="P91_ST00007" HPOS="2009" VPOS="225" WIDTH="60" HEIGHT="37" CONTENT="M." WC="0.85" CC="02"/>
					</TextLine>
				</TextBlock>
			</TopMargin>
			<LeftMargin ID="P91_LM00001" HPOS="0" VPOS="269" WIDTH="532" HEIGHT="3426"/>
			<RightMargin ID="P91_RM00001" HPOS="2675" VPOS="269" WIDTH="144" HEIGHT="3426"/>
			<BottomMargin ID="P91_BM00001" HPOS="0" VPOS="3695" WIDTH="2819" HEIGHT="333"/>
			<PrintSpace ID="P91_PS00001" HPOS="532" VPOS="269" WIDTH="2143" HEIGHT="3426">
				<TextBlock ID="P91_TB00003" HPOS="532" VPOS="371" WIDTH="2143" HEIGHT="3324" STYLEREFS="TXT_2 PAR_BLOCK">
					<TextLine ID="P91_TL00003" HPOS="555" VPOS="371" WIDTH="2119" HEIGHT="83">
						<String ID="P91_ST00008" HPOS="555" VPOS="385" WIDTH="71" HEIGHT="58" CONTENT="de" WC="0.77" CC="40"/>
						<SP ID="P91_SP00006" HPOS="626" VPOS="443" WIDTH="32"/>
						<String ID="P91_ST00009" HPOS="658" VPOS="384" WIDTH="57" HEIGHT="55" CONTENT="la" WC="0.48" CC="45"/>
						<SP ID="P91_SP00007" HPOS="715" VPOS="443" WIDTH="34"/>
						<String ID="P91_ST00010" HPOS="749" VPOS="382" WIDTH="173" HEIGHT="72" CONTENT="façon" WC="0.99" CC="00053"/>
						<SP ID="P91_SP00008" HPOS="922" VPOS="454" WIDTH="33"/>
						<String ID="P91_ST00011" HPOS="955" VPOS="378" WIDTH="164" HEIGHT="57" CONTENT="vraie" WC="0.99" CC="22003"/>
						<SP ID="P91_SP00009" HPOS="1119" VPOS="454" WIDTH="33"/>
						<String ID="P91_ST00012" HPOS="1152" VPOS="380" WIDTH="75" HEIGHT="55" CONTENT="de" WC="1.00" CC="00"/>
						<SP ID="P91_SP00010" HPOS="1227" VPOS="454" WIDTH="33"/>
						<String ID="P91_ST00013" HPOS="1260" VPOS="379" WIDTH="227" HEIGHT="56" CONTENT="donner" WC="0.99" CC="031003"/>
						<SP ID="P91_SP00011" HPOS="1487" VPOS="454" WIDTH="34"/>
						<String ID="P91_ST00014" HPOS="1521" VPOS="394" WIDTH="117" HEIGHT="37" CONTENT="une" WC="0.99" CC="300"/>
						<SP ID="P91_SP00012" HPOS="1638" VPOS="454" WIDTH="34"/>
						<String ID="P91_ST00015" HPOS="1672" VPOS="392" WIDTH="209" HEIGHT="39" CONTENT="œuvre" WC="0.98" CC="06040"/>
						<SP ID="P91_SP00013" HPOS="1881" VPOS="454" WIDTH="31"/>
						<String ID="P91_ST00016" HPOS="1912" VPOS="371" WIDTH="266" HEIGHT="77" CONTENT="pareille." WC="0.99" CC="604074204"/>
						<SP ID="P91_SP00014" HPOS="2178" VPOS="454" WIDTH="38"/>
						<String ID="P91_ST00017" HPOS="2216" VPOS="371" WIDTH="52" HEIGHT="55" CONTENT="Il" WC="1.00" CC="00"/>
						<SP ID="P91_SP00015" HPOS="2268" VPOS="454" WIDTH="47"/>
						<String ID="P91_ST00018" HPOS="2315" VPOS="375" WIDTH="93" HEIGHT="52" CONTENT="est" WC="0.99" CC="030"/>
						<SP ID="P91_SP00016" HPOS="2408" VPOS="454" WIDTH="35"/>
						<String ID="P91_ST00019" HPOS="2443" VPOS="371" WIDTH="198" HEIGHT="73" CONTENT="aujour" SUBS_TYPE="HypPart1" SUBS_CONTENT="aujourd'hui" WC="0.98" CC="066015"/>
						<HYP HPOS="2641" VPOS="371" WIDTH="33" CONTENT="-"/>
					</TextLine>
					<TextLine ID="P91_TL00004" HPOS="553" VPOS="453" WIDTH="2122" HEIGHT="85">
						<String ID="P91_ST00020" HPOS="553" VPOS="464" WIDTH="166" HEIGHT="60" CONTENT="d'hui" SUBS_TYPE="HypPart2" SUBS_CONTENT="aujourd'hui" WC="0.98" CC="03306"/>
						<SP ID="P91_SP00017" HPOS="719" VPOS="524" WIDTH="26"/>
						<String ID="P91_ST00021" HPOS="745" VPOS="464" WIDTH="226" HEIGHT="74" CONTENT="prouvé" WC="0.98" CC="444702"/>
						<SP ID="P91_SP00018" HPOS="971" VPOS="538" WIDTH="28"/>
						<String ID="P91_ST00022" HPOS="999" VPOS="479" WIDTH="116" HEIGHT="56" CONTENT="que" WC="0.98" CC="040"/>
						<SP ID="P91_SP00019" HPOS="1115" VPOS="538" WIDTH="25"/>
						<String ID="P91_ST00023" HPOS="1140" VPOS="460" WIDTH="59" HEIGHT="58" CONTENT="la" WC="0.79" CC="40"/>
						<SP ID="P91_SP00020" HPOS="1199" VPOS="538" WIDTH="28"/>
						<String ID="P91_ST00024" HPOS="1227" VPOS="458" WIDTH="274" HEIGHT="75" CONTENT="musique" WC="0.99" CC="0400060"/>
						<SP ID="P91_SP00021" HPOS="1501" VPOS="538" WIDTH="28"/>
						<String ID="P91_ST00025" HPOS="1529" VPOS="459" WIDTH="74" HEIGHT="59" CONTENT="de" WC="1.00" CC="00"/>
						<SP ID="P91_SP00022" HPOS="1603" VPOS="538" WIDTH="27"/>
						<String ID="P91_ST00026" HPOS="1630" VPOS="459" WIDTH="313" HEIGHT="55" CONTENT="Bruckner" WC="0.71" CC="60500216"/>
						<SP ID="P91_SP00023" HPOS="1943" VPOS="538" WIDTH="25"/>
						<String ID="P91_ST00027" HPOS="1968" VPOS="474" WIDTH="79" HEIGHT="38" CONTENT="en" WC="0.50" CC="36"/>
						<SP ID="P91_SP00024" HPOS="2047" VPOS="538" WIDTH="39"/>
						<String ID="P91_ST00028" HPOS="2086" VPOS="453" WIDTH="242" HEIGHT="76" CONTENT="général" WC="0.99" CC="9135000"/>
						<SP ID="P91_SP00025" HPOS="2328" VPOS="538" WIDTH="26"/>
						<String ID="P91_ST00029" HPOS="2354" VPOS="459" WIDTH="63" HEIGHT="51" CONTENT="et" WC="1.00" CC="00"/>
						<SP ID="P91_SP00026" HPOS="2417" VPOS="538" WIDTH="26"/>
						<String ID="P91_ST00030" HPOS="2443" VPOS="459" WIDTH="232" HEIGHT="57" CONTENT="surtout" WC="0.99" CC="0520050"/>
					</TextLine>
					<TextLine ID="P91_TL00005" HPOS="551" VPOS="535" WIDTH="2123" HEIGHT="85">
						<String ID="P91_ST00031" HPOS="551" VPOS="548" WIDTH="84" HEIGHT="56" CONTENT="les" WC="1.00" CC="000"/>
						<SP ID="P91_SP00027" HPOS="635" VPOS="604" WIDTH="33"/>
						<String ID="P91_ST00032" HPOS="668" VPOS="544" WIDTH="382" HEIGHT="76" CONTENT="symphonies" WC="1.00" CC="0400550000"/>
						<SP ID="P91_SP00028" HPOS="1050" VPOS="620" WIDTH="36"/>
						<String ID="P91_ST00033" HPOS="1086" VPOS="544" WIDTH="390" HEIGHT="69" CONTENT="démesurées," WC="1.00" CC="00000420104"/>
						<SP ID="P91_SP00029" HPOS="1476" VPOS="620" WIDTH="36"/>
						<String ID="P91_ST00034" HPOS="1512" VPOS="543" WIDTH="71" HEIGHT="69" CONTENT="V," WC="0.73" CC="04"/>
						<SP ID="P91_SP00030" HPOS="1583" VPOS="620" WIDTH="37"/>
						<String ID="P91_ST00035" HPOS="1620" VPOS="542" WIDTH="177" HEIGHT="68" CONTENT="VIII," WC="0.86" CC="20004"/>
						<SP ID="P91_SP00031" HPOS="1797" VPOS="620" WIDTH="34"/>
						<String ID="P91_ST00036" HPOS="1831" VPOS="545" WIDTH="62" HEIGHT="51" CONTENT="et" WC="0.71" CC="50"/>
						<SP ID="P91_SP00032" HPOS="1893" VPOS="620" WIDTH="22"/>
						<String ID="P91_ST00037" HPOS="1915" VPOS="540" WIDTH="114" HEIGHT="69" CONTENT="IX," WC="0.87" CC="003"/>
						<SP ID="P91_SP00033" HPOS="2029" VPOS="620" WIDTH="19"/>
						<String ID="P91_ST00038" HPOS="2048" VPOS="538" WIDTH="50" HEIGHT="56" CONTENT="si" WC="1.00" CC="00"/>
						<SP ID="P91_SP00034" HPOS="2098" VPOS="620" WIDTH="34"/>
						<String ID="P91_ST00039" HPOS="2132" VPOS="557" WIDTH="80" HEIGHT="37" CONTENT="on" WC="0.69" CC="60"/>
						<SP ID="P91_SP00035" HPOS="2212" VPOS="620" WIDTH="33"/>
						<String ID="P91_ST00040" HPOS="2245" VPOS="537" WIDTH="60" HEIGHT="57" CONTENT="la" WC="0.96" CC="00"/>
						<SP ID="P91_SP00036" HPOS="2305" VPOS="620" WIDTH="34"/>
						<String ID="P91_ST00041" HPOS="2339" VPOS="535" WIDTH="113" HEIGHT="57" CONTENT="fait" WC="1.00" CC="0000"/>
						<SP ID="P91_SP00037" HPOS="2452" VPOS="620" WIDTH="34"/>
						<String ID="P91_ST00042" HPOS="2486" VPOS="537" WIDTH="188" HEIGHT="64" CONTENT="suivre" WC="0.98" CC="262032"/>
					</TextLine>
					<TextLine ID="P91_TL00006" HPOS="551" VPOS="620" WIDTH="2124" HEIGHT="78">
						<String ID="P91_ST00043" HPOS="551" VPOS="631" WIDTH="163" HEIGHT="55" CONTENT="selon" WC="0.99" CC="00233"/>
						<SP ID="P91_SP00038" HPOS="714" VPOS="686" WIDTH="41"/>
						<String ID="P91_ST00044" HPOS="755" VPOS="631" WIDTH="82" HEIGHT="55" CONTENT="les" WC="0.99" CC="100"/>
						<SP ID="P91_SP00039" HPOS="837" VPOS="686" WIDTH="40"/>
						<String ID="P91_ST00045" HPOS="877" VPOS="627" WIDTH="331" HEIGHT="57" CONTENT="intentions" WC="1.00" CC="6200400300"/>
						<SP ID="P91_SP00040" HPOS="1208" VPOS="686" WIDTH="41"/>
						<String ID="P91_ST00046" HPOS="1249" VPOS="628" WIDTH="82" HEIGHT="56" CONTENT="du" WC="0.65" CC="07"/>
						<SP ID="P91_SP00041" HPOS="1331" VPOS="686" WIDTH="43"/>
						<String ID="P91_ST00047" HPOS="1374" VPOS="627" WIDTH="215" HEIGHT="54" CONTENT="maître" WC="1.00" CC="000050"/>
						<SP ID="P91_SP00042" HPOS="1589" VPOS="686" WIDTH="41"/>
						<String ID="P91_ST00048" HPOS="1630" VPOS="643" WIDTH="110" HEIGHT="55" CONTENT="par" WC="0.98" CC="004"/>
						<SP ID="P91_SP00043" HPOS="1740" VPOS="698" WIDTH="42"/>
						<String ID="P91_ST00049" HPOS="1782" VPOS="642" WIDTH="110" HEIGHT="38" CONTENT="son" WC="0.98" CC="040"/>
						<SP ID="P91_SP00044" HPOS="1892" VPOS="698" WIDTH="428"/>
						<String ID="P91_ST00050" HPOS="2320" VPOS="620" WIDTH="355" HEIGHT="61" CONTENT="nécessitent" WC="1.00" CC="30020140230"/>
					</TextLine>
					<TextLine ID="P91_TL00007" HPOS="553" VPOS="704" WIDTH="2122" HEIGHT="79">
						<String ID="P91_ST00051" HPOS="553" VPOS="713" WIDTH="103" HEIGHT="57" CONTENT="des" WC="0.98" CC="040"/>
						<SP ID="P91_SP00045" HPOS="656" VPOS="770" WIDTH="45"/>
						<String ID="P91_ST00052" HPOS="701" VPOS="709" WIDTH="336" HEIGHT="60" CONTENT="conditions" WC="1.00" CC="4200001220"/>
						<SP ID="P91_SP00046" HPOS="1037" VPOS="770" WIDTH="46"/>
						<String ID="P91_ST00053" HPOS="1083" VPOS="709" WIDTH="286" HEIGHT="74" CONTENT="spéciales" WC="1.00" CC="000300000"/>
						<SP ID="P91_SP00047" HPOS="1369" VPOS="783" WIDTH="46"/>
						<String ID="P91_ST00054" HPOS="1415" VPOS="714" WIDTH="62" HEIGHT="51" CONTENT="et" WC="1.00" CC="00"/>
						<SP ID="P91_SP00048" HPOS="1477" VPOS="783" WIDTH="47"/>
						<String ID="P91_ST00055" HPOS="1524" VPOS="727" WIDTH="76" HEIGHT="38" CONTENT="en" WC="0.77" CC="04"/>
						<SP ID="P91_SP00049" HPOS="1600" VPOS="783" WIDTH="47"/>
						<String ID="P91_ST00056" HPOS="1647" VPOS="713" WIDTH="140" HEIGHT="51" CONTENT="tous" WC="0.98" CC="0071"/>
						<SP ID="P91_SP00050" HPOS="1787" VPOS="783" WIDTH="45"/>
						<String ID="P91_ST00057" HPOS="1832" VPOS="725" WIDTH="103" HEIGHT="38" CONTENT="cas" WC="1.00" CC="000"/>
						<SP ID="P91_SP00051" HPOS="1935" VPOS="783" WIDTH="47"/>
						<String ID="P91_ST00058" HPOS="1982" VPOS="704" WIDTH="290" HEIGHT="57" CONTENT="méritent" WC="1.00" CC="00000120"/>
						<SP ID="P91_SP00052" HPOS="2272" VPOS="783" WIDTH="48"/>
						<String ID="P91_ST00059" HPOS="2320" VPOS="722" WIDTH="234" HEIGHT="39" CONTENT="comme" WC="0.99" CC="02004"/>
						<SP ID="P91_SP00053" HPOS="2554" VPOS="783" WIDTH="44"/>
						<String ID="P91_ST00060" HPOS="2598" VPOS="705" WIDTH="77" HEIGHT="59" CONTENT="les" WC="0.98" CC="005"/>
					</TextLine>
					<TextLine ID="P91_TL00008" HPOS="551" VPOS="787" WIDTH="2124" HEIGHT="80">
						<String ID="P91_ST00061" HPOS="551" VPOS="793" WIDTH="383" HEIGHT="74" CONTENT="symphonies" WC="1.00" CC="0000004030"/>
						<SP ID="P91_SP00054" HPOS="934" VPOS="867" WIDTH="31"/>
						<String ID="P91_ST00062" HPOS="965" VPOS="794" WIDTH="47" HEIGHT="69" CONTENT="I," WC="0.79" CC="04"/>
						<SP ID="P91_SP00055" HPOS="1012" VPOS="867" WIDTH="33"/>
						<String ID="P91_ST00063" HPOS="1045" VPOS="793" WIDTH="83" HEIGHT="70" CONTENT="11," WC="0.85" CC="004"/>
						<SP ID="P91_SP00056" HPOS="1128" VPOS="867" WIDTH="31"/>
						<String ID="P91_ST00064" HPOS="1159" VPOS="793" WIDTH="96" HEIGHT="55" CONTENT="111" WC="1.00" CC="000"/>
						<SP ID="P91_SP00057" HPOS="1255" VPOS="867" WIDTH="30"/>
						<String ID="P91_ST00065" HPOS="1285" VPOS="798" WIDTH="61" HEIGHT="51" CONTENT="et" WC="1.00" CC="00"/>
						<SP ID="P91_SP00058" HPOS="1346" VPOS="867" WIDTH="29"/>
						<String ID="P91_ST00066" HPOS="1375" VPOS="792" WIDTH="85" HEIGHT="56" CONTENT="VI" WC="0.88" CC="20"/>
						<SP ID="P91_SP00059" HPOS="1460" VPOS="867" WIDTH="31"/>
						<String ID="P91_ST00067" HPOS="1491" VPOS="792" WIDTH="75" HEIGHT="57" CONTENT="de" WC="0.86" CC="02"/>
						<SP ID="P91_SP00060" HPOS="1566" VPOS="867" WIDTH="30"/>
						<String ID="P91_ST00068" HPOS="1596" VPOS="789" WIDTH="229" HEIGHT="59" CONTENT="Mahler" WC="0.90" CC="000040"/>
						<SP ID="P91_SP00061" HPOS="1825" VPOS="867" WIDTH="28"/>
						<String ID="P91_ST00069" HPOS="1853" VPOS="789" WIDTH="75" HEIGHT="59" CONTENT="de" WC="0.90" CC="10"/>
						<SP ID="P91_SP00062" HPOS="1928" VPOS="867" WIDTH="28"/>
						<String ID="P91_ST00070" HPOS="1956" VPOS="787" WIDTH="247" HEIGHT="75" CONTENT="remplir" WC="1.00" CC="0000000"/>
						<SP ID="P91_SP00063" HPOS="2203" VPOS="867" WIDTH="28"/>
						<String ID="P91_ST00071" HPOS="2231" VPOS="788" WIDTH="272" HEIGHT="56" CONTENT="chacune" WC="0.99" CC="0005650"/>
						<SP ID="P91_SP00064" HPOS="2503" VPOS="867" WIDTH="29"/>
						<String ID="P91_ST00072" HPOS="2532" VPOS="807" WIDTH="143" HEIGHT="55" CONTENT="pour" WC="0.97" CC="0056"/>
					</TextLine>
					<TextLine ID="P91_TL00009" HPOS="550" VPOS="869" WIDTH="2125" HEIGHT="78">
						<String ID="P91_ST00073" HPOS="550" VPOS="876" WIDTH="86" HEIGHT="54" CONTENT="soi" WC="1.00" CC="000"/>
						<SP ID="P91_SP00065" HPOS="636" VPOS="930" WIDTH="37"/>
						<String ID="P91_ST00074" HPOS="673" VPOS="895" WIDTH="84" HEIGHT="37" CONTENT="un" WC="0.62" CC="70"/>
						<SP ID="P91_SP00066" HPOS="757" VPOS="932" WIDTH="37"/>
						<String ID="P91_ST00075" HPOS="794" VPOS="874" WIDTH="189" HEIGHT="58" CONTENT="entier" WC="0.99" CC="050006"/>
						<SP ID="P91_SP00067" HPOS="983" VPOS="932" WIDTH="38"/>
						<String ID="P91_ST00076" HPOS="1021" VPOS="879" WIDTH="258" HEIGHT="51" CONTENT="concert." WC="0.99" CC="07030001"/>
						<SP ID="P91_SP00068" HPOS="1279" VPOS="932" WIDTH="42"/>
						<String ID="P91_ST00077" HPOS="1321" VPOS="876" WIDTH="73" HEIGHT="71" CONTENT="Je" WC="0.83" CC="03"/>
						<SP ID="P91_SP00069" HPOS="1394" VPOS="947" WIDTH="35"/>
						<String ID="P91_ST00078" HPOS="1429" VPOS="873" WIDTH="179" HEIGHT="57" CONTENT="laisse" WC="1.00" CC="400000"/>
						<SP ID="P91_SP00070" HPOS="1608" VPOS="947" WIDTH="40"/>
						<String ID="P91_ST00079" HPOS="1648" VPOS="873" WIDTH="74" HEIGHT="59" CONTENT="de" WC="1.00" CC="00"/>
						<SP ID="P91_SP00071" HPOS="1722" VPOS="947" WIDTH="38"/>
						<String ID="P91_ST00080" HPOS="1760" VPOS="874" WIDTH="136" HEIGHT="56" CONTENT="côté" WC="1.00" CC="0000"/>
						<SP ID="P91_SP00072" HPOS="1896" VPOS="947" WIDTH="37"/>
						<String ID="P91_ST00081" HPOS="1933" VPOS="869" WIDTH="404" HEIGHT="77" CONTENT="l'impression" WC="1.00" CC="030005300054"/>
						<SP ID="P91_SP00073" HPOS="2337" VPOS="947" WIDTH="39"/>
						<String ID="P91_ST00082" HPOS="2376" VPOS="888" WIDTH="76" HEIGHT="38" CONTENT="en" WC="1.00" CC="00"/>
						<SP ID="P91_SP00074" HPOS="2452" VPOS="947" WIDTH="38"/>
						<String ID="P91_ST00083" HPOS="2490" VPOS="871" WIDTH="185" HEIGHT="58" CONTENT="même" WC="1.00" CC="0002"/>
					</TextLine>
					<TextLine ID="P91_TL00010" HPOS="550" VPOS="953" WIDTH="2124" HEIGHT="78">
						<String ID="P91_ST00084" HPOS="550" VPOS="963" WIDTH="197" HEIGHT="66" CONTENT="temps" WC="1.00" CC="01000"/>
						<SP ID="P91_SP00075" HPOS="747" VPOS="1029" WIDTH="36"/>
						<String ID="P91_ST00085" HPOS="783" VPOS="957" WIDTH="325" HEIGHT="58" CONTENT="d'intimité" WC="1.00" CC="0003000001"/>
						<SP ID="P91_SP00076" HPOS="1108" VPOS="1029" WIDTH="37"/>
						<String ID="P91_ST00086" HPOS="1145" VPOS="963" WIDTH="60" HEIGHT="51" CONTENT="et" WC="1.00" CC="00"/>
						<SP ID="P91_SP00077" HPOS="1205" VPOS="1029" WIDTH="38"/>
						<String ID="P91_ST00087" HPOS="1243" VPOS="959" WIDTH="74" HEIGHT="55" CONTENT="de" WC="1.00" CC="00"/>
						<SP ID="P91_SP00078" HPOS="1317" VPOS="1029" WIDTH="38"/>
						<String ID="P91_ST00088" HPOS="1355" VPOS="956" WIDTH="269" HEIGHT="75" CONTENT="chapelle" WC="1.00" CC="00002010"/>
						<SP ID="P91_SP00079" HPOS="1624" VPOS="1031" WIDTH="37"/>
						<String ID="P91_ST00089" HPOS="1661" VPOS="975" WIDTH="117" HEIGHT="56" CONTENT="que" WC="0.97" CC="070"/>
						<SP ID="P91_SP00080" HPOS="1778" VPOS="1031" WIDTH="39"/>
						<String ID="P91_ST00090" HPOS="1817" VPOS="958" WIDTH="79" HEIGHT="54" CONTENT="M." WC="0.78" CC="04"/>
						<SP ID="P91_SP00081" HPOS="1896" VPOS="1031" WIDTH="42"/>
						<String ID="P91_ST00091" HPOS="1938" VPOS="953" WIDTH="357" HEIGHT="61" CONTENT="Frenzdorff" WC="0.77" CC="0000505506"/>
						<SP ID="P91_SP00082" HPOS="2295" VPOS="1031" WIDTH="38"/>
						<String ID="P91_ST00092" HPOS="2333" VPOS="972" WIDTH="35" HEIGHT="38" CONTENT="a" WC="1.00" CC="0"/>
						<SP ID="P91_SP00083" HPOS="2368" VPOS="1031" WIDTH="37"/>
						<String ID="P91_ST00093" HPOS="2405" VPOS="954" WIDTH="167" HEIGHT="56" CONTENT="créée" WC="1.00" CC="00000"/>
						<SP ID="P91_SP00084" HPOS="2572" VPOS="1031" WIDTH="34"/>
						<String ID="P91_ST00094" HPOS="2606" VPOS="973" WIDTH="68" HEIGHT="41" CONTENT="en" WC="1.00" CC="00"/>
					</TextLine>
					<TextLine ID="P91_TL00011" HPOS="551" VPOS="1036" WIDTH="2123" HEIGHT="76">
						<String ID="P91_ST00095" HPOS="551" VPOS="1040" WIDTH="377" HEIGHT="57" CONTENT="dissimulant" WC="1.00" CC="00000073800"/>
						<SP ID="P91_SP00085" HPOS="928" VPOS="1097" WIDTH="26"/>
						<String ID="P91_ST00096" HPOS="954" VPOS="1041" WIDTH="342" HEIGHT="56" CONTENT="l'orchestre" WC="1.00" CC="04700000031"/>
						<SP ID="P91_SP00086" HPOS="1296" VPOS="1097" WIDTH="27"/>
						<String ID="P91_ST00097" HPOS="1323" VPOS="1041" WIDTH="253" HEIGHT="58" CONTENT="derrière" WC="1.00" CC="00020010"/>
						<SP ID="P91_SP00087" HPOS="1576" VPOS="1099" WIDTH="24"/>
						<String ID="P91_ST00098" HPOS="1600" VPOS="1059" WIDTH="85" HEIGHT="36" CONTENT="un" WC="0.65" CC="70"/>
						<SP ID="P91_SP00088" HPOS="1685" VPOS="1099" WIDTH="24"/>
						<String ID="P91_ST00099" HPOS="1709" VPOS="1038" WIDTH="212" HEIGHT="59" CONTENT="rideau" WC="0.99" CC="000007"/>
						<SP ID="P91_SP00089" HPOS="1921" VPOS="1099" WIDTH="24"/>
						<String ID="P91_ST00100" HPOS="1945" VPOS="1038" WIDTH="242" HEIGHT="56" CONTENT="sombre" WC="0.98" CC="060650"/>
						<SP ID="P91_SP00090" HPOS="2187" VPOS="1099" WIDTH="24"/>
						<String ID="P91_ST00101" HPOS="2211" VPOS="1043" WIDTH="63" HEIGHT="51" CONTENT="et" WC="1.00" CC="00"/>
						<SP ID="P91_SP00091" HPOS="2274" VPOS="1099" WIDTH="26"/>
						<String ID="P91_ST00102" HPOS="2300" VPOS="1055" WIDTH="76" HEIGHT="39" CONTENT="en" WC="0.79" CC="04"/>
						<SP ID="P91_SP00092" HPOS="2376" VPOS="1099" WIDTH="24"/>
						<String ID="P91_ST00103" HPOS="2400" VPOS="1036" WIDTH="274" HEIGHT="76" CONTENT="exigeant" WC="1.00" CC="00060000"/>
					</TextLine>
					<TextLine ID="P91_TL00012" HPOS="548" VPOS="1118" WIDTH="2126" HEIGHT="76">
						<String ID="P91_ST00104" HPOS="548" VPOS="1121" WIDTH="376" HEIGHT="57" CONTENT="l'extinction" WC="1.00" CC="100001100000"/>
						<SP ID="P91_SP00093" HPOS="924" VPOS="1178" WIDTH="36"/>
						<String ID="P91_ST00105" HPOS="960" VPOS="1125" WIDTH="81" HEIGHT="55" CONTENT="du" WC="0.64" CC="07"/>
						<SP ID="P91_SP00094" HPOS="1041" VPOS="1180" WIDTH="34"/>
						<String ID="P91_ST00106" HPOS="1075" VPOS="1122" WIDTH="206" HEIGHT="70" CONTENT="lustre," WC="0.99" CC="0600303"/>
						<SP ID="P91_SP00095" HPOS="1281" VPOS="1192" WIDTH="37"/>
						<String ID="P91_ST00107" HPOS="1318" VPOS="1127" WIDTH="61" HEIGHT="51" CONTENT="et" WC="1.00" CC="00"/>
						<SP ID="P91_SP00096" HPOS="1379" VPOS="1192" WIDTH="24"/>
						<String ID="P91_ST00108" HPOS="1403" VPOS="1121" WIDTH="160" HEIGHT="57" CONTENT="aussi" WC="0.99" CC="06000"/>
						<SP ID="P91_SP00097" HPOS="1563" VPOS="1192" WIDTH="37"/>
						<String ID="P91_ST00109" HPOS="1600" VPOS="1121" WIDTH="201" HEIGHT="58" CONTENT="divers" WC="1.00" CC="000030"/>
						<SP ID="P91_SP00098" HPOS="1801" VPOS="1192" WIDTH="28"/>
						<String ID="P91_ST00110" HPOS="1829" VPOS="1126" WIDTH="205" HEIGHT="52" CONTENT="autres" WC="0.99" CC="060001"/>
						<SP ID="P91_SP00099" HPOS="2034" VPOS="1192" WIDTH="37"/>
						<String ID="P91_ST00111" HPOS="2071" VPOS="1118" WIDTH="219" HEIGHT="61" CONTENT="détails" WC="1.00" CC="0000000"/>
						<SP ID="P91_SP00100" HPOS="2290" VPOS="1192" WIDTH="24"/>
						<String ID="P91_ST00112" HPOS="2314" VPOS="1118" WIDTH="328" HEIGHT="76" CONTENT="d'organisa" SUBS_TYPE="HypPart1" SUBS_CONTENT="d'organisation" WC="1.00" CC="0100000010"/>
						<HYP HPOS="2642" VPOS="1118" WIDTH="32" CONTENT="-"/>
					</TextLine>
					<TextLine ID="P91_TL00013" HPOS="548" VPOS="1203" WIDTH="2126" HEIGHT="74">
						<String ID="P91_ST00113" HPOS="548" VPOS="1203" WIDTH="131" HEIGHT="56" CONTENT="tion" SUBS_TYPE="HypPart2" SUBS_CONTENT="d'organisation" WC="0.99" CC="0005"/>
						<SP ID="P91_SP00101" HPOS="679" VPOS="1259" WIDTH="37"/>
						<String ID="P91_ST00114" HPOS="716" VPOS="1205" WIDTH="258" HEIGHT="57" CONTENT="destinés" WC="1.00" CC="00000000"/>
						<SP ID="P91_SP00102" HPOS="974" VPOS="1262" WIDTH="37"/>
						<String ID="P91_ST00115" HPOS="1011" VPOS="1207" WIDTH="35" HEIGHT="53" CONTENT="à" WC="1.00" CC="0"/>
						<SP ID="P91_SP00103" HPOS="1046" VPOS="1262" WIDTH="33"/>
						<String ID="P91_ST00116" HPOS="1079" VPOS="1222" WIDTH="233" HEIGHT="38" CONTENT="assurer" WC="1.00" CC="5000000"/>
						<SP ID="P91_SP00104" HPOS="1312" VPOS="1262" WIDTH="35"/>
						<String ID="P91_ST00117" HPOS="1347" VPOS="1205" WIDTH="54" HEIGHT="57" CONTENT="le" WC="1.00" CC="00"/>
						<SP ID="P91_SP00105" HPOS="1401" VPOS="1262" WIDTH="35"/>
						<String ID="P91_ST00118" HPOS="1436" VPOS="1205" WIDTH="238" HEIGHT="55" CONTENT="confort" WC="0.99" CC="0406500"/>
						<SP ID="P91_SP00106" HPOS="1674" VPOS="1262" WIDTH="35"/>
						<String ID="P91_ST00119" HPOS="1709" VPOS="1205" WIDTH="215" HEIGHT="57" CONTENT="absolu" WC="0.99" CC="000406"/>
						<SP ID="P91_SP00107" HPOS="1924" VPOS="1262" WIDTH="38"/>
						<String ID="P91_ST00120" HPOS="1962" VPOS="1207" WIDTH="105" HEIGHT="56" CONTENT="des" WC="1.00" CC="000"/>
						<SP ID="P91_SP00108" HPOS="2067" VPOS="1263" WIDTH="36"/>
						<String ID="P91_ST00121" HPOS="2103" VPOS="1203" WIDTH="334" HEIGHT="60" CONTENT="auditeurs." WC="1.00" CC="0700004004"/>
						<SP ID="P91_SP00109" HPOS="2437" VPOS="1263" WIDTH="41"/>
						<String ID="P91_ST00122" HPOS="2478" VPOS="1205" WIDTH="72" HEIGHT="72" CONTENT="Je" WC="1.00" CC="00"/>
						<SP ID="P91_SP00110" HPOS="2550" VPOS="1277" WIDTH="37"/>
						<String ID="P91_ST00123" HPOS="2587" VPOS="1224" WIDTH="87" HEIGHT="39" CONTENT="me" WC="1.00" CC="00"/>
					</TextLine>
					<TextLine ID="P91_TL00014" HPOS="548" VPOS="1286" WIDTH="2126" HEIGHT="75">
						<String ID="P91_ST00124" HPOS="548" VPOS="1292" WIDTH="263" HEIGHT="66" CONTENT="permets" WC="0.99" CC="9000200"/>
						<SP ID="P91_SP00111" HPOS="811" VPOS="1358" WIDTH="37"/>
						<String ID="P91_ST00125" HPOS="848" VPOS="1286" WIDTH="287" HEIGHT="57" CONTENT="toutefois" WC="0.99" CC="026006000"/>
						<SP ID="P91_SP00112" HPOS="1135" VPOS="1358" WIDTH="41"/>
						<String ID="P91_ST00126" HPOS="1176" VPOS="1287" WIDTH="274" HEIGHT="57" CONTENT="d'attirer" WC="1.00" CC="030000010"/>
						<SP ID="P91_SP00113" HPOS="1450" VPOS="1358" WIDTH="36"/>
						<String ID="P91_ST00127" HPOS="1486" VPOS="1286" WIDTH="353" HEIGHT="58" CONTENT="l'attention" WC="1.00" CC="14000000030"/>
						<SP ID="P91_SP00114" HPOS="1839" VPOS="1358" WIDTH="37"/>
						<String ID="P91_ST00128" HPOS="1876" VPOS="1305" WIDTH="101" HEIGHT="38" CONTENT="sur" WC="0.98" CC="032"/>
						<SP ID="P91_SP00115" HPOS="1977" VPOS="1358" WIDTH="26"/>
						<String ID="P91_ST00129" HPOS="2003" VPOS="1287" WIDTH="55" HEIGHT="57" CONTENT="le" WC="1.00" CC="00"/>
						<SP ID="P91_SP00116" HPOS="2058" VPOS="1358" WIDTH="37"/>
						<String ID="P91_ST00130" HPOS="2095" VPOS="1286" WIDTH="117" HEIGHT="58" CONTENT="fait" WC="0.99" CC="6000"/>
						<SP ID="P91_SP00117" HPOS="2212" VPOS="1358" WIDTH="28"/>
						<String ID="P91_ST00131" HPOS="2240" VPOS="1288" WIDTH="147" HEIGHT="73" CONTENT="qu'à" WC="0.97" CC="0543"/>
						<SP ID="P91_SP00118" HPOS="2387" VPOS="1361" WIDTH="38"/>
						<String ID="P91_ST00132" HPOS="2425" VPOS="1305" WIDTH="249" HEIGHT="47" CONTENT="œuvres," WC="1.00" CC="0601000"/>
					</TextLine>
					<TextLine ID="P91_TL00015" HPOS="551" VPOS="1368" WIDTH="2123" HEIGHT="77">
						<String ID="P91_ST00133" HPOS="551" VPOS="1368" WIDTH="34" HEIGHT="54" CONTENT="à" WC="1.00" CC="0"/>
						<SP ID="P91_SP00119" HPOS="585" VPOS="1422" WIDTH="28"/>
						<String ID="P91_ST00134" HPOS="613" VPOS="1368" WIDTH="172" HEIGHT="56" CONTENT="salles" WC="1.00" CC="001200"/>
						<SP ID="P91_SP00120" HPOS="785" VPOS="1424" WIDTH="28"/>
						<String ID="P91_ST00135" HPOS="813" VPOS="1375" WIDTH="61" HEIGHT="49" CONTENT="et" WC="0.94" CC="10"/>
						<SP ID="P91_SP00121" HPOS="874" VPOS="1424" WIDTH="30"/>
						<String ID="P91_ST00136" HPOS="904" VPOS="1370" WIDTH="36" HEIGHT="54" CONTENT="à" WC="1.00" CC="0"/>
						<SP ID="P91_SP00122" HPOS="940" VPOS="1424" WIDTH="29"/>
						<String ID="P91_ST00137" HPOS="969" VPOS="1387" WIDTH="249" HEIGHT="55" CONTENT="moyens" WC="1.00" CC="020020"/>
						<SP ID="P91_SP00123" HPOS="1218" VPOS="1442" WIDTH="29"/>
						<String ID="P91_ST00138" HPOS="1247" VPOS="1389" WIDTH="342" HEIGHT="52" CONTENT="nouveaux," WC="0.99" CC="174000704"/>
						<SP ID="P91_SP00124" HPOS="1589" VPOS="1442" WIDTH="30"/>
						<String ID="P91_ST00139" HPOS="1619" VPOS="1370" WIDTH="43" HEIGHT="56" CONTENT="il" WC="1.00" CC="00"/>
						<SP ID="P91_SP00125" HPOS="1662" VPOS="1442" WIDTH="28"/>
						<String ID="P91_ST00140" HPOS="1690" VPOS="1376" WIDTH="93" HEIGHT="51" CONTENT="est" WC="0.99" CC="300"/>
						<SP ID="P91_SP00126" HPOS="1783" VPOS="1442" WIDTH="29"/>
						<String ID="P91_ST00141" HPOS="1812" VPOS="1370" WIDTH="163" HEIGHT="73" CONTENT="juste" WC="0.98" CC="66000"/>
						<SP ID="P91_SP00127" HPOS="1975" VPOS="1443" WIDTH="30"/>
						<String ID="P91_ST00142" HPOS="2005" VPOS="1371" WIDTH="306" HEIGHT="74" CONTENT="d'ajouter" WC="0.99" CC="020456024"/>
						<SP ID="P91_SP00128" HPOS="2311" VPOS="1445" WIDTH="29"/>
						<String ID="P91_ST00143" HPOS="2340" VPOS="1368" WIDTH="334" HEIGHT="60" CONTENT="l'abolition" WC="1.00" CC="03000000000"/>
					</TextLine>
					<TextLine ID="P91_TL00016" HPOS="550" VPOS="1448" WIDTH="2125" HEIGHT="79">
						<String ID="P91_ST00144" HPOS="550" VPOS="1451" WIDTH="72" HEIGHT="56" CONTENT="de" WC="1.00" CC="00"/>
						<SP ID="P91_SP00129" HPOS="622" VPOS="1507" WIDTH="22"/>
						<String ID="P91_ST00145" HPOS="644" VPOS="1448" WIDTH="289" HEIGHT="59" CONTENT="certaines" WC="1.00" CC="101000000"/>
						<SP ID="P91_SP00130" HPOS="933" VPOS="1507" WIDTH="24"/>
						<String ID="P91_ST00146" HPOS="957" VPOS="1451" WIDTH="284" HEIGHT="57" CONTENT="routines." WC="0.99" CC="206000402"/>
						<SP ID="P91_SP00131" HPOS="1241" VPOS="1508" WIDTH="26"/>
						<String ID="P91_ST00147" HPOS="1267" VPOS="1452" WIDTH="99" HEIGHT="55" CONTENT="Du" WC="0.66" CC="06"/>
						<SP ID="P91_SP00132" HPOS="1366" VPOS="1508" WIDTH="23"/>
						<String ID="P91_ST00148" HPOS="1389" VPOS="1457" WIDTH="198" HEIGHT="69" CONTENT="temps" WC="1.00" CC="00000"/>
						<SP ID="P91_SP00133" HPOS="1587" VPOS="1526" WIDTH="24"/>
						<String ID="P91_ST00149" HPOS="1611" VPOS="1456" WIDTH="73" HEIGHT="56" CONTENT="de" WC="1.00" CC="00"/>
						<SP ID="P91_SP00134" HPOS="1684" VPOS="1526" WIDTH="26"/>
						<String ID="P91_ST00150" HPOS="1710" VPOS="1454" WIDTH="230" HEIGHT="73" CONTENT="Haydn" WC="1.00" CC="20000"/>
						<SP ID="P91_SP00135" HPOS="1940" VPOS="1527" WIDTH="21"/>
						<String ID="P91_ST00151" HPOS="1961" VPOS="1452" WIDTH="59" HEIGHT="57" CONTENT="la" WC="1.00" CC="00"/>
						<SP ID="P91_SP00136" HPOS="2020" VPOS="1527" WIDTH="26"/>
						<String ID="P91_ST00152" HPOS="2046" VPOS="1454" WIDTH="273" HEIGHT="57" CONTENT="Création" WC="0.99" CC="06614004" STYLEREFS="TXT_3"/>
						<SP ID="P91_SP00137" HPOS="2319" VPOS="1527" WIDTH="21"/>
						<String ID="P91_ST00153" HPOS="2340" VPOS="1471" WIDTH="63" HEIGHT="40" CONTENT="se" WC="0.97" CC="00"/>
						<SP ID="P91_SP00138" HPOS="2403" VPOS="1527" WIDTH="25"/>
						<String ID="P91_ST00154" HPOS="2428" VPOS="1454" WIDTH="247" HEIGHT="58" CONTENT="donnait" WC="0.99" CC="0404000"/>
					</TextLine>
					<TextLine ID="P91_TL00017" HPOS="548" VPOS="1531" WIDTH="2127" HEIGHT="81">
						<String ID="P91_ST00155" HPOS="548" VPOS="1532" WIDTH="36" HEIGHT="54" CONTENT="à" WC="1.00" CC="0"/>
						<SP ID="P91_SP00139" HPOS="584" VPOS="1586" WIDTH="29"/>
						<String ID="P91_ST00156" HPOS="613" VPOS="1531" WIDTH="225" HEIGHT="57" CONTENT="Vienne" WC="0.99" CC="020401"/>
						<SP ID="P91_SP00140" HPOS="838" VPOS="1588" WIDTH="30"/>
						<String ID="P91_ST00157" HPOS="868" VPOS="1536" WIDTH="150" HEIGHT="55" CONTENT="dans" WC="1.00" CC="0000"/>
						<SP ID="P91_SP00141" HPOS="1018" VPOS="1591" WIDTH="27"/>
						<String ID="P91_ST00158" HPOS="1045" VPOS="1553" WIDTH="117" HEIGHT="39" CONTENT="une" WC="0.95" CC="706"/>
						<SP ID="P91_SP00142" HPOS="1162" VPOS="1592" WIDTH="29"/>
						<String ID="P91_ST00159" HPOS="1191" VPOS="1534" WIDTH="144" HEIGHT="57" CONTENT="salle" WC="1.00" CC="00000"/>
						<SP ID="P91_SP00143" HPOS="1335" VPOS="1592" WIDTH="30"/>
						<String ID="P91_ST00160" HPOS="1365" VPOS="1539" WIDTH="74" HEIGHT="55" CONTENT="de" WC="0.96" CC="00"/>
						<SP ID="P91_SP00144" HPOS="1439" VPOS="1594" WIDTH="42"/>
						<String ID="P91_ST00161" HPOS="1481" VPOS="1536" WIDTH="193" HEIGHT="74" CONTENT="palais" WC="1.00" CC="000000"/>
						<SP ID="P91_SP00145" HPOS="1674" VPOS="1610" WIDTH="30"/>
						<String ID="P91_ST00162" HPOS="1704" VPOS="1550" WIDTH="187" HEIGHT="43" CONTENT="xvin®" WC="0.46" CC="09584"/>
						<SP ID="P91_SP00146" HPOS="1891" VPOS="1610" WIDTH="28"/>
						<String ID="P91_ST00163" HPOS="1919" VPOS="1535" WIDTH="175" HEIGHT="59" CONTENT="siècle" WC="1.00" CC="000004"/>
						<SP ID="P91_SP00147" HPOS="2094" VPOS="1610" WIDTH="28"/>
						<String ID="P91_ST00164" HPOS="2122" VPOS="1560" WIDTH="15" HEIGHT="50" CONTENT=";" WC="0.01" CC="9"/>
						<SP ID="P91_SP00148" HPOS="2137" VPOS="1610" WIDTH="29"/>
						<String ID="P91_ST00165" HPOS="2166" VPOS="1537" WIDTH="88" HEIGHT="57" CONTENT="les" WC="1.00" CC="000"/>
						<SP ID="P91_SP00149" HPOS="2254" VPOS="1610" WIDTH="34"/>
						<String ID="P91_ST00166" HPOS="2288" VPOS="1536" WIDTH="387" HEIGHT="76" CONTENT="symphonies" WC="1.00" CC="0000000002"/>
					</TextLine>
					<TextLine ID="P91_TL00018" HPOS="547" VPOS="1615" WIDTH="2128" HEIGHT="79">
						<String ID="P91_ST00167" HPOS="547" VPOS="1615" WIDTH="73" HEIGHT="56" CONTENT="de" WC="0.76" CC="40"/>
						<SP ID="P91_SP00150" HPOS="620" VPOS="1671" WIDTH="40"/>
						<String ID="P91_ST00168" HPOS="660" VPOS="1615" WIDTH="348" HEIGHT="56" CONTENT="Beethoven" WC="1.00" CC="005000050"/>
						<SP ID="P91_SP00151" HPOS="1008" VPOS="1671" WIDTH="40"/>
						<String ID="P91_ST00169" HPOS="1048" VPOS="1622" WIDTH="334" HEIGHT="51" CONTENT="connurent" WC="1.00" CC="030061000"/>
						<SP ID="P91_SP00152" HPOS="1382" VPOS="1673" WIDTH="38"/>
						<String ID="P91_ST00170" HPOS="1420" VPOS="1617" WIDTH="85" HEIGHT="56" CONTENT="les" WC="0.98" CC="400"/>
						<SP ID="P91_SP00153" HPOS="1505" VPOS="1673" WIDTH="39"/>
						<String ID="P91_ST00171" HPOS="1544" VPOS="1617" WIDTH="221" HEIGHT="74" CONTENT="petites" WC="1.00" CC="0000020"/>
						<SP ID="P91_SP00154" HPOS="1765" VPOS="1691" WIDTH="39"/>
						<String ID="P91_ST00172" HPOS="1804" VPOS="1619" WIDTH="176" HEIGHT="57" CONTENT="salles" WC="0.99" CC="000540"/>
						<SP ID="P91_SP00155" HPOS="1980" VPOS="1691" WIDTH="40"/>
						<String ID="P91_ST00173" HPOS="2020" VPOS="1621" WIDTH="79" HEIGHT="56" CONTENT="de" WC="1.00" CC="00"/>
						<SP ID="P91_SP00156" HPOS="2099" VPOS="1691" WIDTH="39"/>
						<String ID="P91_ST00174" HPOS="2138" VPOS="1626" WIDTH="247" HEIGHT="51" CONTENT="concert" WC="0.99" CC="6400000"/>
						<SP ID="P91_SP00157" HPOS="2385" VPOS="1691" WIDTH="48"/>
						<String ID="P91_ST00175" HPOS="2433" VPOS="1619" WIDTH="242" HEIGHT="75" CONTENT="Empire" WC="0.99" CC="500062"/>
					</TextLine>
					<TextLine ID="P91_TL00019" HPOS="550" VPOS="1696" WIDTH="2123" HEIGHT="78">
						<String ID="P91_ST00176" HPOS="550" VPOS="1697" WIDTH="100" HEIGHT="66" CONTENT="(on" WC="0.97" CC="250"/>
						<SP ID="P91_SP00158" HPOS="650" VPOS="1763" WIDTH="36"/>
						<String ID="P91_ST00177" HPOS="686" VPOS="1696" WIDTH="90" HEIGHT="56" CONTENT="dit" WC="0.97" CC="800"/>
						<SP ID="P91_SP00159" HPOS="776" VPOS="1763" WIDTH="33"/>
						<String ID="P91_ST00178" HPOS="809" VPOS="1714" WIDTH="75" HEIGHT="38" CONTENT="en" WC="0.83" CC="02"/>
						<SP ID="P91_SP00160" HPOS="884" VPOS="1763" WIDTH="34"/>
						<String ID="P91_ST00179" HPOS="918" VPOS="1697" WIDTH="288" HEIGHT="58" CONTENT="Autriche" WC="0.99" CC="07000005"/>
						<SP ID="P91_SP00161" HPOS="1206" VPOS="1763" WIDTH="42"/>
						<String ID="P91_ST00180" HPOS="1248" VPOS="1700" WIDTH="466" HEIGHT="72" CONTENT="Vieux-Vienne)" WC="1.00" CC="0025020010201" STYLEREFS="TXT_3"/>
						<SP ID="P91_SP00162" HPOS="1714" VPOS="1772" WIDTH="27"/>
						<String ID="P91_ST00181" HPOS="1741" VPOS="1724" WIDTH="25" HEIGHT="44" CONTENT=";" WC="1.00" CC="0" STYLEREFS="TXT_3"/>
						<SP ID="P91_SP00163" HPOS="1766" VPOS="1772" WIDTH="32"/>
						<String ID="P91_ST00182" HPOS="1798" VPOS="1701" WIDTH="352" HEIGHT="59" CONTENT="l'orchestre" WC="1.00" CC="03630040020"/>
						<SP ID="P91_SP00164" HPOS="2150" VPOS="1772" WIDTH="37"/>
						<String ID="P91_ST00183" HPOS="2187" VPOS="1704" WIDTH="75" HEIGHT="57" CONTENT="de" WC="0.69" CC="06"/>
						<SP ID="P91_SP00165" HPOS="2262" VPOS="1772" WIDTH="26"/>
						<String ID="P91_ST00184" HPOS="2288" VPOS="1704" WIDTH="385" HEIGHT="70" CONTENT="Glazounow," WC="0.74" CC="2005066004"/>
					</TextLine>
					<TextLine ID="P91_TL00020" HPOS="547" VPOS="1777" WIDTH="2128" HEIGHT="75">
						<String ID="P91_ST00185" HPOS="547" VPOS="1777" WIDTH="71" HEIGHT="56" CONTENT="de" WC="1.00" CC="00"/>
						<SP ID="P91_SP00166" HPOS="618" VPOS="1833" WIDTH="41"/>
						<String ID="P91_ST00186" HPOS="659" VPOS="1779" WIDTH="325" HEIGHT="71" CONTENT="Bruckner," WC="0.75" CC="626000024"/>
						<SP ID="P91_SP00167" HPOS="984" VPOS="1850" WIDTH="42"/>
						<String ID="P91_ST00187" HPOS="1026" VPOS="1782" WIDTH="72" HEIGHT="56" CONTENT="de" WC="0.71" CC="05"/>
						<SP ID="P91_SP00168" HPOS="1098" VPOS="1850" WIDTH="41"/>
						<String ID="P91_ST00188" HPOS="1139" VPOS="1782" WIDTH="258" HEIGHT="70" CONTENT="Strauss," WC="0.99" CC="00207004"/>
						<SP ID="P91_SP00169" HPOS="1397" VPOS="1852" WIDTH="43"/>
						<String ID="P91_ST00189" HPOS="1440" VPOS="1784" WIDTH="74" HEIGHT="58" CONTENT="de" WC="0.75" CC="04"/>
						<SP ID="P91_SP00170" HPOS="1514" VPOS="1852" WIDTH="42"/>
						<String ID="P91_ST00190" HPOS="1556" VPOS="1785" WIDTH="228" HEIGHT="56" CONTENT="Mahler" WC="0.98" CC="000010"/>
						<SP ID="P91_SP00171" HPOS="1784" VPOS="1852" WIDTH="38"/>
						<String ID="P91_ST00191" HPOS="1822" VPOS="1790" WIDTH="62" HEIGHT="51" CONTENT="et" WC="0.94" CC="10"/>
						<SP ID="P91_SP00172" HPOS="1884" VPOS="1852" WIDTH="42"/>
						<String ID="P91_ST00192" HPOS="1926" VPOS="1788" WIDTH="74" HEIGHT="55" CONTENT="de" WC="0.98" CC="00"/>
						<SP ID="P91_SP00173" HPOS="2000" VPOS="1852" WIDTH="41"/>
						<String ID="P91_ST00193" HPOS="2041" VPOS="1788" WIDTH="127" HEIGHT="55" CONTENT="Suk" WC="0.77" CC="060"/>
						<SP ID="P91_SP00174" HPOS="2168" VPOS="1852" WIDTH="40"/>
						<String ID="P91_ST00194" HPOS="2208" VPOS="1793" WIDTH="150" HEIGHT="52" CONTENT="veut" WC="0.99" CC="0060"/>
						<SP ID="P91_SP00175" HPOS="2358" VPOS="1852" WIDTH="50"/>
						<String ID="P91_ST00195" HPOS="2408" VPOS="1788" WIDTH="267" HEIGHT="58" CONTENT="d'autres" WC="1.00" CC="03070000"/>
					</TextLine>
					<TextLine ID="P91_TL00021" HPOS="547" VPOS="1859" WIDTH="2128" HEIGHT="86">
						<String ID="P91_ST00196" HPOS="547" VPOS="1859" WIDTH="512" HEIGHT="75" CONTENT="parallélipipèdes" WC="0.91" CC="0040501100000000"/>
						<SP ID="P91_SP00176" HPOS="1059" VPOS="1934" WIDTH="32"/>
						<String ID="P91_ST00197" HPOS="1091" VPOS="1864" WIDTH="73" HEIGHT="57" CONTENT="de" WC="1.00" CC="00"/>
						<SP ID="P91_SP00177" HPOS="1164" VPOS="1934" WIDTH="32"/>
						<String ID="P91_ST00198" HPOS="1196" VPOS="1869" WIDTH="197" HEIGHT="68" CONTENT="temps" WC="1.00" CC="00000"/>
						<SP ID="P91_SP00178" HPOS="1393" VPOS="1937" WIDTH="32"/>
						<String ID="P91_ST00199" HPOS="1425" VPOS="1870" WIDTH="61" HEIGHT="52" CONTENT="et" WC="1.00" CC="00"/>
						<SP ID="P91_SP00179" HPOS="1486" VPOS="1937" WIDTH="33"/>
						<String ID="P91_ST00200" HPOS="1519" VPOS="1865" WIDTH="294" HEIGHT="75" CONTENT="d'espace." WC="1.00" CC="010000004"/>
						<SP ID="P91_SP00180" HPOS="1813" VPOS="1940" WIDTH="36"/>
						<String ID="P91_ST00201" HPOS="1849" VPOS="1869" WIDTH="123" HEIGHT="56" CONTENT="Dès" WC="1.00" CC="100"/>
						<SP ID="P91_SP00181" HPOS="1972" VPOS="1940" WIDTH="31"/>
						<String ID="P91_ST00202" HPOS="2003" VPOS="1868" WIDTH="120" HEIGHT="57" CONTENT="lors" WC="0.97" CC="3540"/>
						<SP ID="P91_SP00182" HPOS="2123" VPOS="1940" WIDTH="32"/>
						<String ID="P91_ST00203" HPOS="2155" VPOS="1869" WIDTH="302" HEIGHT="76" CONTENT="pourquoi" WC="0.99" CC="00140730"/>
						<SP ID="P91_SP00183" HPOS="2457" VPOS="1945" WIDTH="33"/>
						<String ID="P91_ST00204" HPOS="2490" VPOS="1889" WIDTH="75" HEIGHT="38" CONTENT="ne" WC="1.00" CC="00"/>
						<SP ID="P91_SP00184" HPOS="2565" VPOS="1945" WIDTH="31"/>
						<String ID="P91_ST00205" HPOS="2596" VPOS="1868" WIDTH="79" HEIGHT="58" CONTENT="lui" WC="0.98" CC="060"/>
					</TextLine>
					<TextLine ID="P91_TL00022" HPOS="546" VPOS="1942" WIDTH="2128" HEIGHT="86">
						<String ID="P91_ST00206" HPOS="546" VPOS="1942" WIDTH="471" HEIGHT="58" CONTENT="accorderait-on" WC="1.00" CC="00000005000300"/>
						<SP ID="P91_SP00185" HPOS="1017" VPOS="2000" WIDTH="25"/>
						<String ID="P91_ST00207" HPOS="1042" VPOS="1963" WIDTH="110" HEIGHT="54" CONTENT="pas" WC="1.00" CC="000"/>
						<SP ID="P91_SP00186" HPOS="1152" VPOS="2017" WIDTH="25"/>
						<String ID="P91_ST00208" HPOS="1177" VPOS="1965" WIDTH="109" HEIGHT="54" CONTENT="par" WC="0.98" CC="004"/>
						<SP ID="P91_SP00187" HPOS="1286" VPOS="2019" WIDTH="26"/>
						<String ID="P91_ST00209" HPOS="1312" VPOS="1948" WIDTH="255" HEIGHT="57" CONTENT="surcroit" WC="1.00" CC="07002000"/>
						<SP ID="P91_SP00188" HPOS="1567" VPOS="2019" WIDTH="28"/>
						<String ID="P91_ST00210" HPOS="1595" VPOS="1955" WIDTH="137" HEIGHT="51" CONTENT="tout" WC="0.99" CC="0060"/>
						<SP ID="P91_SP00189" HPOS="1732" VPOS="2019" WIDTH="27"/>
						<String ID="P91_ST00211" HPOS="1759" VPOS="1969" WIDTH="66" HEIGHT="38" CONTENT="ce" WC="0.94" CC="10"/>
						<SP ID="P91_SP00190" HPOS="1825" VPOS="2019" WIDTH="28"/>
						<String ID="P91_ST00212" HPOS="1853" VPOS="1950" WIDTH="105" HEIGHT="74" CONTENT="qui" WC="0.97" CC="070"/>
						<SP ID="P91_SP00191" HPOS="1958" VPOS="2024" WIDTH="27"/>
						<String ID="P91_ST00213" HPOS="1985" VPOS="1970" WIDTH="204" HEIGHT="40" CONTENT="assure" WC="0.99" CC="000601"/>
						<SP ID="P91_SP00192" HPOS="2189" VPOS="2024" WIDTH="27"/>
						<String ID="P91_ST00214" HPOS="2216" VPOS="1953" WIDTH="458" HEIGHT="75" CONTENT="l'appréciation" WC="1.00" CC="03000000000000"/>
					</TextLine>
					<TextLine ID="P91_TL00023" HPOS="546" VPOS="2021" WIDTH="2129" HEIGHT="88">
						<String ID="P91_ST00215" HPOS="546" VPOS="2021" WIDTH="284" HEIGHT="75" CONTENT="intégrale" WC="0.99" CC="030290000"/>
						<SP ID="P91_SP00193" HPOS="830" VPOS="2096" WIDTH="33"/>
						<String ID="P91_ST00216" HPOS="863" VPOS="2029" WIDTH="105" HEIGHT="53" CONTENT="des" WC="0.98" CC="400"/>
						<SP ID="P91_SP00194" HPOS="968" VPOS="2096" WIDTH="33"/>
						<String ID="P91_ST00217" HPOS="1001" VPOS="2047" WIDTH="254" HEIGHT="53" CONTENT="œuvres," WC="0.99" CC="0600004"/>
						<SP ID="P91_SP00195" HPOS="1255" VPOS="2100" WIDTH="33"/>
						<String ID="P91_ST00218" HPOS="1288" VPOS="2035" WIDTH="139" HEIGHT="51" CONTENT="tout" WC="0.99" CC="0060"/>
						<SP ID="P91_SP00196" HPOS="1427" VPOS="2100" WIDTH="35"/>
						<String ID="P91_ST00219" HPOS="1462" VPOS="2050" WIDTH="66" HEIGHT="37" CONTENT="ce" WC="0.88" CC="02"/>
						<SP ID="P91_SP00197" HPOS="1528" VPOS="2100" WIDTH="33"/>
						<String ID="P91_ST00220" HPOS="1561" VPOS="2033" WIDTH="104" HEIGHT="72" CONTENT="qui" WC="0.98" CC="040"/>
						<SP ID="P91_SP00198" HPOS="1665" VPOS="2105" WIDTH="33"/>
						<String ID="P91_ST00221" HPOS="1698" VPOS="2033" WIDTH="134" HEIGHT="59" CONTENT="aide" WC="1.00" CC="0000"/>
						<SP ID="P91_SP00199" HPOS="1832" VPOS="2105" WIDTH="35"/>
						<String ID="P91_ST00222" HPOS="1867" VPOS="2035" WIDTH="36" HEIGHT="55" CONTENT="à" WC="0.78" CC="2"/>
						<SP ID="P91_SP00200" HPOS="1903" VPOS="2105" WIDTH="32"/>
						<String ID="P91_ST00223" HPOS="1935" VPOS="2054" WIDTH="283" HEIGHT="55" CONTENT="procurer" WC="0.99" CC="03205400"/>
						<SP ID="P91_SP00201" HPOS="2218" VPOS="2109" WIDTH="32"/>
						<String ID="P91_ST00224" HPOS="2250" VPOS="2038" WIDTH="56" HEIGHT="57" CONTENT="le" WC="1.00" CC="00"/>
						<SP ID="P91_SP00202" HPOS="2306" VPOS="2109" WIDTH="33"/>
						<String ID="P91_ST00225" HPOS="2339" VPOS="2036" WIDTH="336" HEIGHT="59" CONTENT="maximum" WC="1.00" CC="0000040"/>
					</TextLine>
					<TextLine ID="P91_TL00024" HPOS="546" VPOS="2104" WIDTH="2129" HEIGHT="86">
						<String ID="P91_ST00226" HPOS="546" VPOS="2104" WIDTH="72" HEIGHT="56" CONTENT="de" WC="1.00" CC="00"/>
						<SP ID="P91_SP00203" HPOS="618" VPOS="2160" WIDTH="36"/>
						<String ID="P91_ST00227" HPOS="654" VPOS="2104" WIDTH="334" HEIGHT="71" CONTENT="jouissance" WC="1.00" CC="4560000001"/>
						<SP ID="P91_SP00204" HPOS="988" VPOS="2175" WIDTH="35"/>
						<String ID="P91_ST00228" HPOS="1023" VPOS="2110" WIDTH="357" HEIGHT="75" CONTENT="esthétique." WC="1.00" CC="10000000700"/>
						<SP ID="P91_SP00205" HPOS="1380" VPOS="2185" WIDTH="45"/>
						<String ID="P91_ST00229" HPOS="1425" VPOS="2114" WIDTH="194" HEIGHT="56" CONTENT="Même" WC="1.00" CC="0000"/>
						<SP ID="P91_SP00206" HPOS="1619" VPOS="2185" WIDTH="37"/>
						<String ID="P91_ST00230" HPOS="1656" VPOS="2115" WIDTH="95" HEIGHT="56" CONTENT="s'il" WC="0.99" CC="0200"/>
						<SP ID="P91_SP00207" HPOS="1751" VPOS="2185" WIDTH="38"/>
						<String ID="P91_ST00231" HPOS="1789" VPOS="2116" WIDTH="179" HEIGHT="74" CONTENT="s'agit" WC="0.99" CC="030900"/>
						<SP ID="P91_SP00208" HPOS="1968" VPOS="2190" WIDTH="38"/>
						<String ID="P91_ST00232" HPOS="2006" VPOS="2122" WIDTH="77" HEIGHT="55" CONTENT="de" WC="0.26" CC="59"/>
						<SP ID="P91_SP00209" HPOS="2083" VPOS="2190" WIDTH="38"/>
						<String ID="P91_ST00233" HPOS="2121" VPOS="2119" WIDTH="279" HEIGHT="58" CONTENT="s'asseoir" WC="0.99" CC="040000604"/>
						<SP ID="P91_SP00210" HPOS="2400" VPOS="2190" WIDTH="39"/>
						<String ID="P91_ST00234" HPOS="2439" VPOS="2123" WIDTH="37" HEIGHT="54" CONTENT="à" WC="0.58" CC="4"/>
						<SP ID="P91_SP00211" HPOS="2476" VPOS="2190" WIDTH="37"/>
						<String ID="P91_ST00235" HPOS="2513" VPOS="2119" WIDTH="162" HEIGHT="58" CONTENT="table" WC="0.99" CC="00405"/>
					</TextLine>
					<TextLine ID="P91_TL00025" HPOS="546" VPOS="2186" WIDTH="2128" HEIGHT="77">
						<String ID="P91_ST00236" HPOS="546" VPOS="2186" WIDTH="155" HEIGHT="56" CONTENT="deux" WC="0.98" CC="0260"/>
						<SP ID="P91_SP00212" HPOS="701" VPOS="2242" WIDTH="71"/>
						<String ID="P91_ST00237" HPOS="772" VPOS="2189" WIDTH="208" HEIGHT="56" CONTENT="heures" WC="0.99" CC="027130"/>
						<SP ID="P91_SP00213" HPOS="980" VPOS="2245" WIDTH="71"/>
						<String ID="P91_ST00238" HPOS="1051" VPOS="2210" WIDTH="78" HEIGHT="37" CONTENT="au" WC="0.66" CC="06"/>
						<SP ID="P91_SP00214" HPOS="1129" VPOS="2247" WIDTH="68"/>
						<String ID="P91_ST00239" HPOS="1197" VPOS="2193" WIDTH="117" HEIGHT="57" CONTENT="lieu" WC="0.98" CC="0056"/>
						<SP ID="P91_SP00215" HPOS="1314" VPOS="2250" WIDTH="71"/>
						<String ID="P91_ST00240" HPOS="1385" VPOS="2196" WIDTH="181" HEIGHT="58" CONTENT="d'une" WC="0.98" CC="03602"/>
						<SP ID="P91_SP00216" HPOS="1566" VPOS="2254" WIDTH="57"/>
						<String ID="P91_ST00241" HPOS="1623" VPOS="2217" WIDTH="80" HEIGHT="38" CONTENT="on" WC="0.76" CC="04"/>
						<SP ID="P91_SP00217" HPOS="1703" VPOS="2255" WIDTH="63"/>
						<String ID="P91_ST00242" HPOS="1766" VPOS="2217" WIDTH="37" HEIGHT="38" CONTENT="a" WC="0.73" CC="2"/>
						<SP ID="P91_SP00218" HPOS="1803" VPOS="2255" WIDTH="69"/>
						<String ID="P91_ST00243" HPOS="1872" VPOS="2199" WIDTH="133" HEIGHT="58" CONTENT="soin" WC="0.98" CC="0510"/>
						<SP ID="P91_SP00219" HPOS="2005" VPOS="2257" WIDTH="72"/>
						<String ID="P91_ST00244" HPOS="2077" VPOS="2202" WIDTH="75" HEIGHT="59" CONTENT="de" WC="0.68" CC="06"/>
						<SP ID="P91_SP00220" HPOS="2152" VPOS="2261" WIDTH="73"/>
						<String ID="P91_ST00245" HPOS="2225" VPOS="2203" WIDTH="449" HEIGHT="60" CONTENT="différemment" WC="0.99" CC="006625700020"/>
					</TextLine>
					<TextLine ID="P91_TL00026" HPOS="543" VPOS="2270" WIDTH="2129" HEIGHT="92">
						<String ID="P91_ST00246" HPOS="543" VPOS="2270" WIDTH="276" HEIGHT="71" CONTENT="ménager" WC="0.99" CC="0300004"/>
						<SP ID="P91_SP00221" HPOS="819" VPOS="2341" WIDTH="33"/>
						<String ID="P91_ST00247" HPOS="852" VPOS="2288" WIDTH="108" HEIGHT="39" CONTENT="son" WC="0.98" CC="040"/>
						<SP ID="P91_SP00222" HPOS="960" VPOS="2341" WIDTH="35"/>
						<String ID="P91_ST00248" HPOS="995" VPOS="2274" WIDTH="254" HEIGHT="72" CONTENT="appétit," WC="1.00" CC="00000004"/>
						<SP ID="P91_SP00223" HPOS="1249" VPOS="2346" WIDTH="36"/>
						<String ID="P91_ST00249" HPOS="1285" VPOS="2294" WIDTH="91" HEIGHT="38" CONTENT="ses" WC="1.00" CC="000"/>
						<SP ID="P91_SP00224" HPOS="1376" VPOS="2346" WIDTH="36"/>
						<String ID="P91_ST00250" HPOS="1412" VPOS="2278" WIDTH="151" HEIGHT="56" CONTENT="aises" WC="1.00" CC="00000"/>
						<SP ID="P91_SP00225" HPOS="1563" VPOS="2346" WIDTH="33"/>
						<String ID="P91_ST00251" HPOS="1596" VPOS="2285" WIDTH="62" HEIGHT="51" CONTENT="et" WC="1.00" CC="00"/>
						<SP ID="P91_SP00226" HPOS="1658" VPOS="2346" WIDTH="36"/>
						<String ID="P91_ST00252" HPOS="1694" VPOS="2280" WIDTH="160" HEIGHT="57" CONTENT="aussi" WC="0.99" CC="07000"/>
						<SP ID="P91_SP00227" HPOS="1854" VPOS="2346" WIDTH="34"/>
						<String ID="P91_ST00253" HPOS="1888" VPOS="2283" WIDTH="432" HEIGHT="61" CONTENT="l'ordonnance" WC="1.00" CC="042306020401"/>
						<SP ID="P91_SP00228" HPOS="2320" VPOS="2346" WIDTH="36"/>
						<String ID="P91_ST00254" HPOS="2356" VPOS="2290" WIDTH="83" HEIGHT="56" CONTENT="du" WC="0.68" CC="06"/>
						<SP ID="P91_SP00229" HPOS="2439" VPOS="2346" WIDTH="42"/>
						<String ID="P91_ST00255" HPOS="2481" VPOS="2304" WIDTH="191" HEIGHT="58" CONTENT="repas." WC="1.00" CC="000004"/>
					</TextLine>
					<TextLine ID="P91_TL00027" HPOS="660" VPOS="2350" WIDTH="2015" HEIGHT="95">
						<String ID="P91_ST00256" HPOS="660" VPOS="2350" WIDTH="142" HEIGHT="56" CONTENT="Bref" WC="0.97" CC="5114"/>
						<SP ID="P91_SP00230" HPOS="802" VPOS="2406" WIDTH="44"/>
						<String ID="P91_ST00257" HPOS="846" VPOS="2359" WIDTH="157" HEIGHT="51" CONTENT="cette" WC="0.99" CC="13000"/>
						<SP ID="P91_SP00231" HPOS="1003" VPOS="2410" WIDTH="46"/>
						<String ID="P91_ST00258" HPOS="1049" VPOS="2359" WIDTH="355" HEIGHT="70" CONTENT="symphonie" WC="1.00" CC="000006300"/>
						<SP ID="P91_SP00232" HPOS="1404" VPOS="2429" WIDTH="47"/>
						<String ID="P91_ST00259" HPOS="1451" VPOS="2367" WIDTH="267" HEIGHT="52" CONTENT="monstre" WC="1.00" CC="0020030"/>
						<SP ID="P91_SP00233" HPOS="1718" VPOS="2429" WIDTH="47"/>
						<String ID="P91_ST00260" HPOS="1765" VPOS="2364" WIDTH="103" HEIGHT="74" CONTENT="qui" WC="0.97" CC="070"/>
						<SP ID="P91_SP00234" HPOS="1868" VPOS="2438" WIDTH="47"/>
						<String ID="P91_ST00261" HPOS="1915" VPOS="2367" WIDTH="236" HEIGHT="57" CONTENT="n'avait" WC="0.99" CC="6200000"/>
						<SP ID="P91_SP00235" HPOS="2151" VPOS="2438" WIDTH="47"/>
						<String ID="P91_ST00262" HPOS="2198" VPOS="2372" WIDTH="180" HEIGHT="72" CONTENT="guère" WC="0.97" CC="95040"/>
						<SP ID="P91_SP00236" HPOS="2378" VPOS="2444" WIDTH="47"/>
						<String ID="P91_ST00263" HPOS="2425" VPOS="2369" WIDTH="250" HEIGHT="76" CONTENT="dépassé" WC="0.99" CC="7100251"/>
					</TextLine>
					<TextLine ID="P91_TL00028" HPOS="543" VPOS="2433" WIDTH="2132" HEIGHT="90">
						<String ID="P91_ST00264" HPOS="543" VPOS="2449" WIDTH="116" HEIGHT="38" CONTENT="une" WC="0.97" CC="600"/>
						<SP ID="P91_SP00237" HPOS="659" VPOS="2487" WIDTH="32"/>
						<String ID="P91_ST00265" HPOS="691" VPOS="2433" WIDTH="175" HEIGHT="57" CONTENT="heure" WC="0.98" CC="05610"/>
						<SP ID="P91_SP00238" HPOS="866" VPOS="2490" WIDTH="30"/>
						<String ID="P91_ST00266" HPOS="896" VPOS="2453" WIDTH="118" HEIGHT="38" CONTENT="aux" WC="0.97" CC="070"/>
						<SP ID="P91_SP00239" HPOS="1014" VPOS="2491" WIDTH="31"/>
						<String ID="P91_ST00267" HPOS="1045" VPOS="2438" WIDTH="193" HEIGHT="57" CONTENT="mains" WC="0.99" CC="00250"/>
						<SP ID="P91_SP00240" HPOS="1238" VPOS="2495" WIDTH="32"/>
						<String ID="P91_ST00268" HPOS="1270" VPOS="2439" WIDTH="72" HEIGHT="58" CONTENT="de" WC="0.70" CC="05"/>
						<SP ID="P91_SP00241" HPOS="1342" VPOS="2497" WIDTH="31"/>
						<String ID="P91_ST00269" HPOS="1373" VPOS="2442" WIDTH="77" HEIGHT="54" CONTENT="M." WC="0.84" CC="03"/>
						<SP ID="P91_SP00242" HPOS="1450" VPOS="2497" WIDTH="33"/>
						<String ID="P91_ST00270" HPOS="1483" VPOS="2443" WIDTH="401" HEIGHT="77" CONTENT="Schnéevoigt" WC="1.00" CC="00000000000"/>
						<SP ID="P91_SP00243" HPOS="1884" VPOS="2520" WIDTH="32"/>
						<String ID="P91_ST00271" HPOS="1916" VPOS="2466" WIDTH="36" HEIGHT="38" CONTENT="a" WC="1.00" CC="0"/>
						<SP ID="P91_SP00244" HPOS="1952" VPOS="2520" WIDTH="28"/>
						<String ID="P91_ST00272" HPOS="1980" VPOS="2448" WIDTH="125" HEIGHT="75" CONTENT="pris" WC="0.98" CC="0502"/>
						<SP ID="P91_SP00245" HPOS="2105" VPOS="2523" WIDTH="28"/>
						<String ID="P91_ST00273" HPOS="2133" VPOS="2468" WIDTH="141" HEIGHT="41" CONTENT="sous" WC="0.98" CC="0060"/>
						<SP ID="P91_SP00246" HPOS="2274" VPOS="2523" WIDTH="28"/>
						<String ID="P91_ST00274" HPOS="2302" VPOS="2453" WIDTH="61" HEIGHT="57" CONTENT="la" WC="1.00" CC="00"/>
						<SP ID="P91_SP00247" HPOS="2363" VPOS="2523" WIDTH="36"/>
						<String ID="P91_ST00275" HPOS="2399" VPOS="2453" WIDTH="276" HEIGHT="57" CONTENT="nouvelle" WC="0.99" CC="06306007"/>
					</TextLine>
					<TextLine ID="P91_TL00029" HPOS="545" VPOS="2511" WIDTH="2130" HEIGHT="97">
						<String ID="P91_ST00276" HPOS="545" VPOS="2511" WIDTH="287" HEIGHT="59" CONTENT="direction" WC="0.99" CC="038600056"/>
						<SP ID="P91_SP00248" HPOS="832" VPOS="2570" WIDTH="47"/>
						<String ID="P91_ST00277" HPOS="879" VPOS="2517" WIDTH="208" HEIGHT="58" CONTENT="Alfred" WC="0.98" CC="014770"/>
						<SP ID="P91_SP00249" HPOS="1087" VPOS="2575" WIDTH="51"/>
						<String ID="P91_ST00278" HPOS="1138" VPOS="2522" WIDTH="294" HEIGHT="73" CONTENT="Westarp," WC="0.75" CC="07000804"/>
						<SP ID="P91_SP00250" HPOS="1432" VPOS="2595" WIDTH="52"/>
						<String ID="P91_ST00279" HPOS="1484" VPOS="2528" WIDTH="414" HEIGHT="72" CONTENT="pseudonyme" WC="0.99" CC="0075007007"/>
						<SP ID="P91_SP00251" HPOS="1898" VPOS="2600" WIDTH="51"/>
						<String ID="P91_ST00280" HPOS="1949" VPOS="2532" WIDTH="74" HEIGHT="56" CONTENT="de" WC="0.62" CC="07"/>
						<SP ID="P91_SP00252" HPOS="2023" VPOS="2600" WIDTH="49"/>
						<String ID="P91_ST00281" HPOS="2072" VPOS="2533" WIDTH="110" HEIGHT="74" CONTENT="qui" WC="0.98" CC="060"/>
						<SP ID="P91_SP00253" HPOS="2182" VPOS="2607" WIDTH="48"/>
						<String ID="P91_ST00282" HPOS="2230" VPOS="2534" WIDTH="127" HEIGHT="57" CONTENT="l'on" WC="0.99" CC="0300"/>
						<SP ID="P91_SP00254" HPOS="2357" VPOS="2607" WIDTH="46"/>
						<String ID="P91_ST00283" HPOS="2403" VPOS="2537" WIDTH="139" HEIGHT="71" CONTENT="sait," WC="0.99" CC="00004"/>
						<SP ID="P91_SP00255" HPOS="2542" VPOS="2608" WIDTH="51"/>
						<String ID="P91_ST00284" HPOS="2593" VPOS="2536" WIDTH="82" HEIGHT="55" CONTENT="les" WC="0.94" CC="376"/>
					</TextLine>
					<TextLine ID="P91_TL00030" HPOS="541" VPOS="2598" WIDTH="2133" HEIGHT="96">
						<String ID="P91_ST00285" HPOS="541" VPOS="2598" WIDTH="377" HEIGHT="68" CONTENT="proportions" WC="0.99" CC="07707400030"/>
						<SP ID="P91_SP00256" HPOS="918" VPOS="2666" WIDTH="28"/>
						<String ID="P91_ST00286" HPOS="946" VPOS="2600" WIDTH="325" HEIGHT="59" CONTENT="suivantes." WC="1.00" CC="0700300201"/>
						<SP ID="P91_SP00257" HPOS="1271" VPOS="2666" WIDTH="44"/>
						<String ID="P91_ST00287" HPOS="1315" VPOS="2607" WIDTH="96" HEIGHT="56" CONTENT="On" WC="0.67" CC="06"/>
						<SP ID="P91_SP00258" HPOS="1411" VPOS="2666" WIDTH="26"/>
						<String ID="P91_ST00288" HPOS="1437" VPOS="2624" WIDTH="37" HEIGHT="37" CONTENT="a" WC="1.00" CC="0"/>
						<SP ID="P91_SP00259" HPOS="1474" VPOS="2666" WIDTH="38"/>
						<String ID="P91_ST00289" HPOS="1512" VPOS="2612" WIDTH="346" HEIGHT="54" CONTENT="commencé" WC="0.99" CC="05007703"/>
						<SP ID="P91_SP00260" HPOS="1858" VPOS="2666" WIDTH="39"/>
						<String ID="P91_ST00290" HPOS="1897" VPOS="2614" WIDTH="37" HEIGHT="55" CONTENT="à" WC="0.42" CC="5"/>
						<SP ID="P91_SP00261" HPOS="1934" VPOS="2669" WIDTH="39"/>
						<String ID="P91_ST00291" HPOS="1973" VPOS="2616" WIDTH="135" HEIGHT="55" CONTENT="huit" WC="0.99" CC="0600"/>
						<SP ID="P91_SP00262" HPOS="2108" VPOS="2671" WIDTH="30"/>
						<String ID="P91_ST00292" HPOS="2138" VPOS="2618" WIDTH="214" HEIGHT="57" CONTENT="heures" WC="0.98" CC="077700"/>
						<SP ID="P91_SP00263" HPOS="2352" VPOS="2675" WIDTH="39"/>
						<String ID="P91_ST00293" HPOS="2391" VPOS="2626" WIDTH="62" HEIGHT="51" CONTENT="et" WC="0.62" CC="70"/>
						<SP ID="P91_SP00264" HPOS="2453" VPOS="2677" WIDTH="42"/>
						<String ID="P91_ST00294" HPOS="2495" VPOS="2623" WIDTH="179" HEIGHT="71" CONTENT="quart" WC="0.98" CC="06070"/>
					</TextLine>
					<TextLine ID="P91_TL00031" HPOS="541" VPOS="2678" WIDTH="2133" HEIGHT="100">
						<String ID="P91_ST00295" HPOS="541" VPOS="2678" WIDTH="270" HEIGHT="71" CONTENT="précises," WC="0.99" CC="074350204"/>
						<SP ID="P91_SP00265" HPOS="811" VPOS="2749" WIDTH="47"/>
						<String ID="P91_ST00296" HPOS="858" VPOS="2687" WIDTH="200" HEIGHT="52" CONTENT="toutes" WC="0.99" CC="006040"/>
						<SP ID="P91_SP00266" HPOS="1058" VPOS="2749" WIDTH="42"/>
						<String ID="P91_ST00297" HPOS="1100" VPOS="2692" WIDTH="204" HEIGHT="65" CONTENT="portes" WC="0.98" CC="057070"/>
						<SP ID="P91_SP00267" HPOS="1304" VPOS="2757" WIDTH="43"/>
						<String ID="P91_ST00298" HPOS="1347" VPOS="2688" WIDTH="206" HEIGHT="72" CONTENT="closes," WC="0.98" CC="0360704"/>
						<SP ID="P91_SP00268" HPOS="1553" VPOS="2760" WIDTH="44"/>
						<String ID="P91_ST00299" HPOS="1597" VPOS="2710" WIDTH="110" HEIGHT="53" CONTENT="pas" WC="1.00" CC="000"/>
						<SP ID="P91_SP00269" HPOS="1707" VPOS="2763" WIDTH="42"/>
						<String ID="P91_ST00300" HPOS="1749" VPOS="2712" WIDTH="118" HEIGHT="39" CONTENT="une" WC="0.95" CC="770"/>
						<SP ID="P91_SP00270" HPOS="1867" VPOS="2763" WIDTH="43"/>
						<String ID="P91_ST00301" HPOS="1910" VPOS="2697" WIDTH="171" HEIGHT="72" CONTENT="place" WC="0.99" CC="02030"/>
						<SP ID="P91_SP00271" HPOS="2081" VPOS="2769" WIDTH="42"/>
						<String ID="P91_ST00302" HPOS="2123" VPOS="2701" WIDTH="242" HEIGHT="57" CONTENT="n'étant" WC="0.99" CC="0040060"/>
						<SP ID="P91_SP00272" HPOS="2365" VPOS="2769" WIDTH="43"/>
						<String ID="P91_ST00303" HPOS="2408" VPOS="2703" WIDTH="266" HEIGHT="75" CONTENT="imposée" WC="0.98" CC="7000097"/>
					</TextLine>
					<TextLine ID="P91_TL00032" HPOS="542" VPOS="2757" WIDTH="2132" HEIGHT="100">
						<String ID="P91_ST00304" HPOS="542" VPOS="2757" WIDTH="241" HEIGHT="58" CONTENT="debout." WC="0.98" CC="0705701"/>
						<SP ID="P91_SP00273" HPOS="783" VPOS="2815" WIDTH="47"/>
						<String ID="P91_ST00305" HPOS="830" VPOS="2763" WIDTH="148" HEIGHT="56" CONTENT="Sont" WC="0.97" CC="0570"/>
						<SP ID="P91_SP00274" HPOS="978" VPOS="2819" WIDTH="43"/>
						<String ID="P91_ST00306" HPOS="1021" VPOS="2773" WIDTH="185" HEIGHT="50" CONTENT="restes" WC="0.98" CC="770070"/>
						<SP ID="P91_SP00275" HPOS="1206" VPOS="2823" WIDTH="43"/>
						<String ID="P91_ST00307" HPOS="1249" VPOS="2769" WIDTH="228" HEIGHT="57" CONTENT="debout" WC="0.97" CC="977460"/>
						<SP ID="P91_SP00276" HPOS="1477" VPOS="2826" WIDTH="44"/>
						<String ID="P91_ST00308" HPOS="1521" VPOS="2774" WIDTH="239" HEIGHT="56" CONTENT="ceux-là" WC="0.98" CC="0760305"/>
						<SP ID="P91_SP00277" HPOS="1760" VPOS="2830" WIDTH="41"/>
						<String ID="P91_ST00309" HPOS="1801" VPOS="2778" WIDTH="158" HEIGHT="57" CONTENT="seuls" WC="0.98" CC="07702"/>
						<SP ID="P91_SP00278" HPOS="1959" VPOS="2835" WIDTH="45"/>
						<String ID="P91_ST00310" HPOS="2004" VPOS="2781" WIDTH="104" HEIGHT="73" CONTENT="qui" WC="0.97" CC="060"/>
						<SP ID="P91_SP00279" HPOS="2108" VPOS="2854" WIDTH="44"/>
						<String ID="P91_ST00311" HPOS="2152" VPOS="2802" WIDTH="42" HEIGHT="55" CONTENT="y" WC="1.00" CC="0"/>
						<SP ID="P91_SP00280" HPOS="2194" VPOS="2857" WIDTH="44"/>
						<String ID="P91_ST00312" HPOS="2238" VPOS="2786" WIDTH="294" HEIGHT="58" CONTENT="tenaient." WC="1.00" CC="007000004"/>
						<SP ID="P91_SP00281" HPOS="2532" VPOS="2857" WIDTH="62"/>
						<String ID="P91_ST00313" HPOS="2594" VPOS="2787" WIDTH="80" HEIGHT="55" CONTENT="Le" WC="0.62" CC="07"/>
					</TextLine>
					<TextLine ID="P91_TL00033" HPOS="540" VPOS="2840" WIDTH="2134" HEIGHT="105">
						<String ID="P91_ST00314" HPOS="540" VPOS="2840" WIDTH="204" HEIGHT="56" CONTENT="rideau" WC="0.98" CC="126007"/>
						<SP ID="P91_SP00282" HPOS="744" VPOS="2896" WIDTH="22"/>
						<String ID="P91_ST00315" HPOS="766" VPOS="2845" WIDTH="236" HEIGHT="58" CONTENT="sombre" WC="0.99" CC="000015"/>
						<SP ID="P91_SP00283" HPOS="1002" VPOS="2903" WIDTH="23"/>
						<String ID="P91_ST00316" HPOS="1025" VPOS="2866" WIDTH="34" HEIGHT="37" CONTENT="a" WC="1.00" CC="0"/>
						<SP ID="P91_SP00284" HPOS="1059" VPOS="2903" WIDTH="23"/>
						<String ID="P91_ST00317" HPOS="1082" VPOS="2851" WIDTH="81" HEIGHT="54" CONTENT="du" WC="0.64" CC="07"/>
						<SP ID="P91_SP00285" HPOS="1163" VPOS="2905" WIDTH="17"/>
						<String ID="P91_ST00318" HPOS="1180" VPOS="2852" WIDTH="193" HEIGHT="56" CONTENT="moins" WC="0.99" CC="05000"/>
						<SP ID="P91_SP00286" HPOS="1373" VPOS="2908" WIDTH="21"/>
						<String ID="P91_ST00319" HPOS="1394" VPOS="2859" WIDTH="95" HEIGHT="50" CONTENT="cet" WC="1.00" CC="000"/>
						<SP ID="P91_SP00287" HPOS="1489" VPOS="2909" WIDTH="18"/>
						<String ID="P91_ST00320" HPOS="1507" VPOS="2862" WIDTH="301" HEIGHT="70" CONTENT="avantage" WC="1.00" CC="00020000"/>
						<SP ID="P91_SP00288" HPOS="1808" VPOS="2932" WIDTH="15"/>
						<String ID="P91_ST00321" HPOS="1823" VPOS="2858" WIDTH="451" HEIGHT="79" CONTENT="inappréciable" WC="1.00" CC="0600022000000"/>
						<SP ID="P91_SP00289" HPOS="2274" VPOS="2937" WIDTH="19"/>
						<String ID="P91_ST00322" HPOS="2293" VPOS="2870" WIDTH="381" HEIGHT="75" CONTENT="d'empêcher" WC="1.00" CC="0200000605"/>
					</TextLine>
					<TextLine ID="P91_TL00034" HPOS="541" VPOS="2919" WIDTH="2132" HEIGHT="97">
						<String ID="P91_ST00323" HPOS="541" VPOS="2919" WIDTH="19" HEIGHT="55" CONTENT="1" WC="0.71" CC="2"/>
						<SP ID="P91_SP00290" HPOS="560" VPOS="2974" WIDTH="23"/>
						<String ID="P91_ST00324" HPOS="583" VPOS="2924" WIDTH="297" HEIGHT="57" CONTENT="orchestre" WC="0.99" CC="650930020"/>
						<SP ID="P91_SP00291" HPOS="880" VPOS="2981" WIDTH="34"/>
						<String ID="P91_ST00325" HPOS="914" VPOS="2929" WIDTH="71" HEIGHT="55" CONTENT="de" WC="0.75" CC="05"/>
						<SP ID="P91_SP00292" HPOS="985" VPOS="2984" WIDTH="33"/>
						<String ID="P91_ST00326" HPOS="1018" VPOS="2947" WIDTH="61" HEIGHT="38" CONTENT="se" WC="0.97" CC="00"/>
						<SP ID="P91_SP00293" HPOS="1079" VPOS="2985" WIDTH="32"/>
						<String ID="P91_ST00327" HPOS="1111" VPOS="2934" WIDTH="378" HEIGHT="74" CONTENT="préoccuper," WC="0.99" CC="05660060354"/>
						<SP ID="P91_SP00294" HPOS="1489" VPOS="3008" WIDTH="21"/>
						<String ID="P91_ST00328" HPOS="1510" VPOS="2937" WIDTH="101" HEIGHT="71" CONTENT="lui," WC="0.97" CC="4604"/>
						<SP ID="P91_SP00295" HPOS="1611" VPOS="3008" WIDTH="31"/>
						<String ID="P91_ST00329" HPOS="1642" VPOS="2941" WIDTH="80" HEIGHT="54" CONTENT="du" WC="0.41" CC="65"/>
						<SP ID="P91_SP00296" HPOS="1722" VPOS="3008" WIDTH="33"/>
						<String ID="P91_ST00330" HPOS="1755" VPOS="2942" WIDTH="223" HEIGHT="74" CONTENT="public," WC="0.99" CC="0760004"/>
						<SP ID="P91_SP00297" HPOS="1978" VPOS="3016" WIDTH="33"/>
						<String ID="P91_ST00331" HPOS="2011" VPOS="2946" WIDTH="434" HEIGHT="63" CONTENT="inconvénient" WC="1.00" CC="020040004300"/>
						<SP ID="P91_SP00298" HPOS="2445" VPOS="3016" WIDTH="16"/>
						<String ID="P91_ST00332" HPOS="2461" VPOS="2971" WIDTH="212" HEIGHT="40" CONTENT="encore" WC="0.99" CC="000370"/>
					</TextLine>
					<TextLine ID="P91_TL00035" HPOS="538" VPOS="3008" WIDTH="2134" HEIGHT="88">
						<String ID="P91_ST00333" HPOS="538" VPOS="3019" WIDTH="125" HEIGHT="54" CONTENT="pire" WC="0.99" CC="0400"/>
						<SP ID="P91_SP00299" HPOS="663" VPOS="3073" WIDTH="38"/>
						<String ID="P91_ST00334" HPOS="701" VPOS="3023" WIDTH="114" HEIGHT="55" CONTENT="que" WC="0.98" CC="060"/>
						<SP ID="P91_SP00300" HPOS="815" VPOS="3078" WIDTH="37"/>
						<String ID="P91_ST00335" HPOS="852" VPOS="3008" WIDTH="58" HEIGHT="56" CONTENT="la" WC="1.00" CC="00"/>
						<SP ID="P91_SP00301" HPOS="910" VPOS="3078" WIDTH="37"/>
						<String ID="P91_ST00336" HPOS="947" VPOS="3013" WIDTH="468" HEIGHT="75" CONTENT="préoccupation" WC="1.00" CC="0006006000000"/>
						<SP ID="P91_SP00302" HPOS="1415" VPOS="3088" WIDTH="39"/>
						<String ID="P91_ST00337" HPOS="1454" VPOS="3021" WIDTH="72" HEIGHT="56" CONTENT="de" WC="1.00" CC="00"/>
						<SP ID="P91_SP00303" HPOS="1526" VPOS="3088" WIDTH="37"/>
						<String ID="P91_ST00338" HPOS="1563" VPOS="3021" WIDTH="348" HEIGHT="62" CONTENT="l'orchestre" WC="1.00" CC="03200620030"/>
						<SP ID="P91_SP00304" HPOS="1911" VPOS="3088" WIDTH="39"/>
						<String ID="P91_ST00339" HPOS="1950" VPOS="3035" WIDTH="63" HEIGHT="50" CONTENT="et" WC="1.00" CC="00"/>
						<SP ID="P91_SP00305" HPOS="2013" VPOS="3088" WIDTH="40"/>
						<String ID="P91_ST00340" HPOS="2053" VPOS="3032" WIDTH="75" HEIGHT="56" CONTENT="de" WC="1.00" CC="00"/>
						<SP ID="P91_SP00306" HPOS="2128" VPOS="3088" WIDTH="38"/>
						<String ID="P91_ST00341" HPOS="2166" VPOS="3051" WIDTH="113" HEIGHT="40" CONTENT="son" WC="1.00" CC="001"/>
						<SP ID="P91_SP00307" HPOS="2279" VPOS="3091" WIDTH="37"/>
						<String ID="P91_ST00342" HPOS="2316" VPOS="3037" WIDTH="140" HEIGHT="57" CONTENT="chef" WC="0.98" CC="0205"/>
						<SP ID="P91_SP00308" HPOS="2456" VPOS="3094" WIDTH="46"/>
						<String ID="P91_ST00343" HPOS="2502" VPOS="3038" WIDTH="75" HEIGHT="58" CONTENT="de" WC="0.83" CC="03"/>
						<SP ID="P91_SP00309" HPOS="2577" VPOS="3096" WIDTH="38"/>
						<String ID="P91_ST00344" HPOS="2615" VPOS="3037" WIDTH="57" HEIGHT="55" CONTENT="la" WC="1.00" CC="00"/>
					</TextLine>
					<TextLine ID="P91_TL00036" HPOS="538" VPOS="3088" WIDTH="2134" HEIGHT="107">
						<String ID="P91_ST00345" HPOS="538" VPOS="3092" WIDTH="135" HEIGHT="61" CONTENT="part" WC="0.99" CC="0300"/>
						<SP ID="P91_SP00310" HPOS="673" VPOS="3153" WIDTH="42"/>
						<String ID="P91_ST00346" HPOS="715" VPOS="3088" WIDTH="79" HEIGHT="55" CONTENT="du" WC="0.65" CC="07"/>
						<SP ID="P91_SP00311" HPOS="794" VPOS="3153" WIDTH="39"/>
						<String ID="P91_ST00347" HPOS="833" VPOS="3091" WIDTH="218" HEIGHT="69" CONTENT="public." WC="0.99" CC="0503004"/>
						<SP ID="P91_SP00312" HPOS="1051" VPOS="3160" WIDTH="44"/>
						<String ID="P91_ST00348" HPOS="1095" VPOS="3096" WIDTH="110" HEIGHT="56" CONTENT="Les" WC="1.00" CC="000"/>
						<SP ID="P91_SP00313" HPOS="1205" VPOS="3160" WIDTH="39"/>
						<String ID="P91_ST00349" HPOS="1244" VPOS="3099" WIDTH="319" HEIGHT="59" CONTENT="musiciens" WC="1.00" CC="060000130"/>
						<SP ID="P91_SP00314" HPOS="1563" VPOS="3160" WIDTH="38"/>
						<String ID="P91_ST00350" HPOS="1601" VPOS="3121" WIDTH="74" HEIGHT="38" CONTENT="ne" WC="0.79" CC="04"/>
						<SP ID="P91_SP00315" HPOS="1675" VPOS="3160" WIDTH="39"/>
						<String ID="P91_ST00351" HPOS="1714" VPOS="3105" WIDTH="212" HEIGHT="72" CONTENT="jouent" WC="0.98" CC="466030"/>
						<SP ID="P91_SP00316" HPOS="1926" VPOS="3177" WIDTH="77"/>
						<String ID="P91_ST00352" HPOS="2003" VPOS="3113" WIDTH="331" HEIGHT="61" CONTENT="désormais" WC="1.00" CC="000530000"/>
						<SP ID="P91_SP00317" HPOS="2334" VPOS="3177" WIDTH="38"/>
						<String ID="P91_ST00353" HPOS="2372" VPOS="3120" WIDTH="139" HEIGHT="72" CONTENT="plus" WC="0.99" CC="0040"/>
						<SP ID="P91_SP00318" HPOS="2511" VPOS="3192" WIDTH="45"/>
						<String ID="P91_ST00354" HPOS="2556" VPOS="3138" WIDTH="116" HEIGHT="57" CONTENT="que" WC="1.00" CC="000"/>
					</TextLine>
					<TextLine ID="P91_TL00037" HPOS="537" VPOS="3169" WIDTH="2134" HEIGHT="102">
						<String ID="P91_ST00355" HPOS="537" VPOS="3182" WIDTH="150" HEIGHT="52" CONTENT="pour" WC="0.97" CC="0770"/>
						<SP ID="P91_SP00319" HPOS="687" VPOS="3234" WIDTH="24"/>
						<String ID="P91_ST00356" HPOS="711" VPOS="3169" WIDTH="57" HEIGHT="55" CONTENT="la" WC="0.82" CC="30"/>
						<SP ID="P91_SP00320" HPOS="768" VPOS="3234" WIDTH="28"/>
						<String ID="P91_ST00357" HPOS="796" VPOS="3173" WIDTH="271" HEIGHT="75" CONTENT="musique" WC="0.99" CC="0700050"/>
						<SP ID="P91_SP00321" HPOS="1067" VPOS="3248" WIDTH="26"/>
						<String ID="P91_ST00358" HPOS="1093" VPOS="3183" WIDTH="61" HEIGHT="49" CONTENT="et" WC="0.93" CC="10"/>
						<SP ID="P91_SP00322" HPOS="1154" VPOS="3248" WIDTH="27"/>
						<String ID="P91_ST00359" HPOS="1181" VPOS="3179" WIDTH="126" HEIGHT="56" CONTENT="leur" WC="0.98" CC="0061"/>
						<SP ID="P91_SP00323" HPOS="1307" VPOS="3248" WIDTH="25"/>
						<String ID="P91_ST00360" HPOS="1332" VPOS="3200" WIDTH="216" HEIGHT="56" CONTENT="propre" WC="0.99" CC="062050"/>
						<SP ID="P91_SP00324" HPOS="1548" VPOS="3256" WIDTH="27"/>
						<String ID="P91_ST00361" HPOS="1575" VPOS="3185" WIDTH="406" HEIGHT="64" CONTENT="satisfaction." WC="1.00" CC="0001050000301"/>
						<SP ID="P91_SP00325" HPOS="1981" VPOS="3256" WIDTH="32"/>
						<String ID="P91_ST00362" HPOS="2013" VPOS="3196" WIDTH="84" HEIGHT="57" CONTENT="Le" WC="1.00" CC="00"/>
						<SP ID="P91_SP00326" HPOS="2097" VPOS="3256" WIDTH="25"/>
						<String ID="P91_ST00363" HPOS="2122" VPOS="3201" WIDTH="262" HEIGHT="70" CONTENT="premier" WC="1.00" CC="0100004"/>
						<SP ID="P91_SP00327" HPOS="2384" VPOS="3271" WIDTH="40"/>
						<String ID="P91_ST00364" HPOS="2424" VPOS="3223" WIDTH="206" HEIGHT="38" CONTENT="mouve" SUBS_TYPE="HypPart1" SUBS_CONTENT="mouvement," WC="0.99" CC="03700"/>
						<HYP HPOS="2630" VPOS="3223" WIDTH="41" CONTENT="-"/>
					</TextLine>
					<TextLine ID="P91_TL00038" HPOS="538" VPOS="3252" WIDTH="2131" HEIGHT="103">
						<String ID="P91_ST00365" HPOS="538" VPOS="3256" WIDTH="184" HEIGHT="63" CONTENT="ment," SUBS_TYPE="HypPart2" SUBS_CONTENT="mouvement," WC="0.98" CC="02404"/>
						<SP ID="P91_SP00328" HPOS="722" VPOS="3319" WIDTH="40"/>
						<String ID="P91_ST00366" HPOS="762" VPOS="3252" WIDTH="176" HEIGHT="58" CONTENT="d'une" WC="0.98" CC="03620"/>
						<SP ID="P91_SP00329" HPOS="938" VPOS="3319" WIDTH="37"/>
						<String ID="P91_ST00367" HPOS="975" VPOS="3258" WIDTH="139" HEIGHT="57" CONTENT="telle" WC="0.99" CC="00005"/>
						<SP ID="P91_SP00330" HPOS="1114" VPOS="3319" WIDTH="35"/>
						<String ID="P91_ST00368" HPOS="1149" VPOS="3263" WIDTH="273" HEIGHT="71" CONTENT="ampleur" WC="0.99" CC="0000074"/>
						<SP ID="P91_SP00331" HPOS="1422" VPOS="3334" WIDTH="34"/>
						<String ID="P91_ST00369" HPOS="1456" VPOS="3267" WIDTH="493" HEIGHT="71" CONTENT="passionnément" WC="1.00" CC="0000030400050"/>
						<SP ID="P91_SP00332" HPOS="1949" VPOS="3338" WIDTH="37"/>
						<String ID="P91_ST00370" HPOS="1986" VPOS="3279" WIDTH="333" HEIGHT="76" CONTENT="religieuse," WC="1.00" CC="30000006004"/>
						<SP ID="P91_SP00333" HPOS="2319" VPOS="3355" WIDTH="39"/>
						<String ID="P91_ST00371" HPOS="2358" VPOS="3286" WIDTH="311" HEIGHT="69" CONTENT="religieuse" WC="1.00" CC="0000400600"/>
					</TextLine>
					<TextLine ID="P91_TL00039" HPOS="537" VPOS="3331" WIDTH="2132" HEIGHT="111">
						<String ID="P91_ST00372" HPOS="537" VPOS="3345" WIDTH="75" HEIGHT="38" CONTENT="en" WC="0.69" CC="06"/>
						<SP ID="P91_SP00334" HPOS="612" VPOS="3383" WIDTH="30"/>
						<String ID="P91_ST00373" HPOS="642" VPOS="3331" WIDTH="192" HEIGHT="69" CONTENT="pleine" WC="0.99" CC="030060"/>
						<SP ID="P91_SP00335" HPOS="834" VPOS="3400" WIDTH="32"/>
						<String ID="P91_ST00374" HPOS="866" VPOS="3342" WIDTH="213" HEIGHT="55" CONTENT="nature" WC="0.98" CC="500760"/>
						<SP ID="P91_SP00336" HPOS="1079" VPOS="3400" WIDTH="33"/>
						<String ID="P91_ST00375" HPOS="1112" VPOS="3376" WIDTH="75" HEIGHT="7" CONTENT="-" WC="0.65" CC="3"/>
						<SP ID="P91_SP00337" HPOS="1187" VPOS="3400" WIDTH="29"/>
						<String ID="P91_ST00376" HPOS="1216" VPOS="3362" WIDTH="80" HEIGHT="37" CONTENT="on" WC="0.81" CC="03"/>
						<SP ID="P91_SP00338" HPOS="1296" VPOS="3400" WIDTH="31"/>
						<String ID="P91_ST00377" HPOS="1327" VPOS="3365" WIDTH="182" HEIGHT="53" CONTENT="pense" WC="0.98" CC="06230"/>
						<SP ID="P91_SP00339" HPOS="1509" VPOS="3418" WIDTH="33"/>
						<String ID="P91_ST00378" HPOS="1542" VPOS="3350" WIDTH="35" HEIGHT="54" CONTENT="à" WC="1.00" CC="0"/>
						<SP ID="P91_SP00340" HPOS="1577" VPOS="3418" WIDTH="34"/>
						<String ID="P91_ST00379" HPOS="1611" VPOS="3351" WIDTH="80" HEIGHT="55" CONTENT="du" WC="0.64" CC="07"/>
						<SP ID="P91_SP00341" HPOS="1691" VPOS="3418" WIDTH="36"/>
						<String ID="P91_ST00380" HPOS="1727" VPOS="3353" WIDTH="277" HEIGHT="78" CONTENT="Wagner," WC="0.98" CC="0084054"/>
						<SP ID="P91_SP00342" HPOS="2004" VPOS="3431" WIDTH="37"/>
						<String ID="P91_ST00381" HPOS="2041" VPOS="3364" WIDTH="35" HEIGHT="53" CONTENT="à" WC="0.44" CC="5"/>
						<SP ID="P91_SP00343" HPOS="2076" VPOS="3431" WIDTH="33"/>
						<String ID="P91_ST00382" HPOS="2109" VPOS="3369" WIDTH="175" HEIGHT="54" CONTENT="toute" WC="0.99" CC="00700"/>
						<SP ID="P91_SP00344" HPOS="2284" VPOS="3431" WIDTH="32"/>
						<String ID="P91_ST00383" HPOS="2316" VPOS="3367" WIDTH="60" HEIGHT="58" CONTENT="la" WC="1.00" CC="00"/>
						<SP ID="P91_SP00345" HPOS="2376" VPOS="3431" WIDTH="48"/>
						<String ID="P91_ST00384" HPOS="2424" VPOS="3371" WIDTH="245" HEIGHT="71" CONTENT="passion" WC="1.00" CC="0000007"/>
					</TextLine>
					<TextLine ID="P91_TL00040" HPOS="579" VPOS="3423" WIDTH="2090" HEIGHT="97">
						<String ID="P91_ST00385" HPOS="579" VPOS="3428" WIDTH="30" HEIGHT="36" CONTENT="e" WC="1.00" CC="0"/>
						<SP ID="P91_SP00346" HPOS="609" VPOS="3464" WIDTH="116"/>
						<String ID="P91_ST00386" HPOS="725" VPOS="3432" WIDTH="198" HEIGHT="56" CONTENT="agner," WC="0.81" CC="006004"/>
						<SP ID="P91_SP00347" HPOS="923" VPOS="3488" WIDTH="84"/>
						<String ID="P91_ST00387" HPOS="1007" VPOS="3423" WIDTH="234" HEIGHT="59" CONTENT="éversée" WC="0.64" CC="0077307"/>
						<SP ID="P91_SP00348" HPOS="1241" VPOS="3488" WIDTH="41"/>
						<String ID="P91_ST00388" HPOS="1282" VPOS="3430" WIDTH="149" HEIGHT="54" CONTENT="dans" WC="0.99" CC="0060"/>
						<SP ID="P91_SP00349" HPOS="1431" VPOS="3488" WIDTH="41"/>
						<String ID="P91_ST00389" HPOS="1472" VPOS="3432" WIDTH="84" HEIGHT="56" CONTENT="les" WC="0.97" CC="060"/>
						<SP ID="P91_SP00350" HPOS="1556" VPOS="3488" WIDTH="38"/>
						<String ID="P91_ST00390" HPOS="1594" VPOS="3432" WIDTH="456" HEIGHT="69" CONTENT="interminables" WC="0.99" CC="5706600500000"/>
						<SP ID="P91_SP00351" HPOS="2050" VPOS="3501" WIDTH="39"/>
						<String ID="P91_ST00391" HPOS="2089" VPOS="3446" WIDTH="173" HEIGHT="60" CONTENT="frises" WC="0.98" CC="733070"/>
						<SP ID="P91_SP00352" HPOS="2262" VPOS="3506" WIDTH="47"/>
						<String ID="P91_ST00392" HPOS="2309" VPOS="3469" WIDTH="360" HEIGHT="51" CONTENT="pompeuses" WC="0.98" CC="300666076"/>
					</TextLine>
					<TextLine ID="P91_TL00041" HPOS="580" VPOS="3502" WIDTH="2089" HEIGHT="93">
						<String ID="P91_ST00393" HPOS="580" VPOS="3510" WIDTH="60" HEIGHT="35" CONTENT="es" WC="1.00" CC="00"/>
						<SP ID="P91_SP00353" HPOS="640" VPOS="3545" WIDTH="28"/>
						<String ID="P91_ST00394" HPOS="668" VPOS="3511" WIDTH="68" HEIGHT="38" CONTENT="ru" WC="0.65" CC="07"/>
						<SP ID="P91_SP00354" HPOS="736" VPOS="3549" WIDTH="47"/>
						<String ID="P91_ST00395" HPOS="783" VPOS="3513" WIDTH="196" HEIGHT="56" CONTENT="nques" WC="0.63" CC="80630"/>
						<SP ID="P91_SP00355" HPOS="979" VPOS="3569" WIDTH="29"/>
						<String ID="P91_ST00396" HPOS="1008" VPOS="3502" WIDTH="73" HEIGHT="57" CONTENT="de" WC="0.90" CC="02"/>
						<SP ID="P91_SP00356" HPOS="1081" VPOS="3569" WIDTH="30"/>
						<String ID="P91_ST00397" HPOS="1111" VPOS="3506" WIDTH="273" HEIGHT="60" CONTENT="Haendel" WC="0.87" CC="5002001"/>
						<SP ID="P91_SP00357" HPOS="1384" VPOS="3569" WIDTH="121"/>
						<String ID="P91_ST00398" HPOS="1505" VPOS="3533" WIDTH="28" HEIGHT="35" CONTENT="s" WC="1.00" CC="0"/>
						<SP ID="P91_SP00358" HPOS="1533" VPOS="3569" WIDTH="24"/>
						<String ID="P91_ST00399" HPOS="1557" VPOS="3521" WIDTH="90" HEIGHT="48" CONTENT="est" WC="0.99" CC="020"/>
						<SP ID="P91_SP00359" HPOS="1647" VPOS="3569" WIDTH="30"/>
						<String ID="P91_ST00400" HPOS="1677" VPOS="3517" WIDTH="157" HEIGHT="57" CONTENT="alors" WC="1.00" CC="00010"/>
						<SP ID="P91_SP00360" HPOS="1834" VPOS="3574" WIDTH="17"/>
						<String ID="P91_ST00401" HPOS="1851" VPOS="3522" WIDTH="244" HEIGHT="63" CONTENT="déroulé" WC="0.99" CC="0003500"/>
						<SP ID="P91_SP00361" HPOS="2095" VPOS="3585" WIDTH="29"/>
						<String ID="P91_ST00402" HPOS="2124" VPOS="3548" WIDTH="149" HEIGHT="40" CONTENT="avec" WC="1.00" CC="0002"/>
						<SP ID="P91_SP00362" HPOS="2273" VPOS="3588" WIDTH="23"/>
						<String ID="P91_ST00403" HPOS="2296" VPOS="3553" WIDTH="119" HEIGHT="39" CONTENT="une" WC="0.96" CC="650"/>
						<SP ID="P91_SP00363" HPOS="2415" VPOS="3592" WIDTH="17"/>
						<String ID="P91_ST00404" HPOS="2432" VPOS="3536" WIDTH="237" HEIGHT="59" CONTENT="lenteur" WC="0.99" CC="0000035"/>
					</TextLine>
					<TextLine ID="P91_TL00042" HPOS="533" VPOS="3576" WIDTH="2135" HEIGHT="119">
						<String ID="P91_ST00405" HPOS="533" VPOS="3576" WIDTH="262" HEIGHT="72" CONTENT="fluviale," WC="0.99" CC="867000104"/>
						<SP ID="P91_SP00364" HPOS="795" VPOS="3648" WIDTH="32"/>
						<String ID="P91_ST00406" HPOS="827" VPOS="3581" WIDTH="148" HEIGHT="57" CONTENT="dans" WC="1.00" CC="0000"/>
						<SP ID="P91_SP00365" HPOS="975" VPOS="3648" WIDTH="27"/>
						<String ID="P91_ST00407" HPOS="1002" VPOS="3604" WIDTH="117" HEIGHT="39" CONTENT="une" WC="0.97" CC="600"/>
						<SP ID="P91_SP00366" HPOS="1119" VPOS="3648" WIDTH="28"/>
						<String ID="P91_ST00408" HPOS="1147" VPOS="3593" WIDTH="383" HEIGHT="72" CONTENT="atmosphère" WC="1.00" CC="0006000020"/>
						<SP ID="P91_SP00367" HPOS="1530" VPOS="3665" WIDTH="31"/>
						<String ID="P91_ST00409" HPOS="1561" VPOS="3597" WIDTH="72" HEIGHT="56" CONTENT="de" WC="1.00" CC="00"/>
						<SP ID="P91_SP00368" HPOS="1633" VPOS="3665" WIDTH="30"/>
						<String ID="P91_ST00410" HPOS="1663" VPOS="3599" WIDTH="219" HEIGHT="61" CONTENT="délicat" WC="1.00" CC="0020000"/>
						<SP ID="P91_SP00369" HPOS="1882" VPOS="3665" WIDTH="30"/>
						<String ID="P91_ST00411" HPOS="1912" VPOS="3607" WIDTH="300" HEIGHT="63" CONTENT="demi-ton" WC="1.00" CC="01004000"/>
						<SP ID="P91_SP00370" HPOS="2212" VPOS="3670" WIDTH="27"/>
						<String ID="P91_ST00412" HPOS="2239" VPOS="3621" WIDTH="61" HEIGHT="51" CONTENT="et" WC="1.00" CC="00"/>
						<SP ID="P91_SP00371" HPOS="2300" VPOS="3672" WIDTH="31"/>
						<String ID="P91_ST00413" HPOS="2331" VPOS="3618" WIDTH="74" HEIGHT="57" CONTENT="de" WC="1.00" CC="00"/>
						<SP ID="P91_SP00372" HPOS="2405" VPOS="3675" WIDTH="28"/>
						<String ID="P91_ST00414" HPOS="2433" VPOS="3625" WIDTH="235" HEIGHT="70" CONTENT="respect" WC="1.00" CC="3000000"/>
					</TextLine>
				</TextBlock>
			</PrintSpace>
		</Page>
	</Layout>
</alto>
