2819 4028
470 347 129 63 1316

1077 350 265 37 MERCURE
1380 347 242 36 MUSICAL
1654 343 74 38 ET
1767 343 46 38 S.
1852 341 37 40 I.
1927 340 55 37 M.

469 506 274 60 Lassalle.
787 506 95 55 On
919 518 151 39 nous
1108 518 35 37 a
1181 496 114 56 fait
1334 494 312 57 connaître
1686 494 104 56 des
1829 491 210 55 choses
2078 487 329 73 nouvelles,
2449 489 146 59 dont

468 590 458 74 quelques-unes
958 583 74 58 de
1062 583 142 54 chez
1234 597 171 38 nous.
1439 575 169 58 Voici
1640 593 94 39 ces
1766 573 377 57 nouveautés
2173 593 11 34 :
2218 571 376 75 Symphonie,

466 675 88 55 N°
585 688 52 53 2,
667 670 305 57 Bruckner
1001 665 203 71 (d'une
1231 678 263 57 coupure
1519 659 136 74 plus
1683 656 296 75 classique
2007 674 118 55 que
2153 655 58 56 la
2238 655 357 74 Symphonie

489 754 383 73 Romantique
878 753 81 54 du
983 748 193 56 même
1204 745 259 69 auteur),
1909 740 159 73 VJ.
2069 738 301 58 Sibelins
2371 738 137 73 (qui
2509 739 86 57 n'est

464 857 127 55 pas,
621 839 36 54 à
684 854 139 37 mon
850 832 147 69 avis,
1029 848 65 38 ce
1122 829 147 74 qu'il
1296 847 37 37 a
1358 827 147 55 écrit
1536 825 76 57 de
1640 824 137 74 plus
1804 824 415 69 intéréssant),
2275 821 284 58 Sérénade

463 919 296 68 italienne,
795 917 77 53 H.
908 912 160 58 Wolf
1101 912 79 72 (je
1212 909 229 75 préfère
1472 926 93 38 ses
1597 907 250 69 Lieder),
1881 905 291 57 Sérénade
2178 952 14 23 ,
2228 905 142 55 Max
2405 905 189 74 Reger

464 1001 399 71 (absolument
914 997 301 73 superbe),
1251 993 249 57 Prélude
1556 990 315 58 Valdemar
1921 989 180 71 Daal,
2154 989 63 56 C.
2270 988 322 72 Taltabull,

461 1089 60 51 et
696 1081 388 76 Impressions
1542 1077 67 75 Symphoniques,
1610 1077 84 56 de
1695 1074 133 73 J.
1829 1073 226 56 Garreta.

576 1167 71 70 Je
690 1163 253 74 parlerai
986 1167 240 51 surtout
1270 1162 73 56 de
1386 1177 95 38 ces
1526 1158 299 58 dernières
1867 1154 398 75 productions
2308 1154 283 74 puisqu'il

459 1248 176 74 s'agit
673 1246 303 59 d'artistes
1014 1243 72 59 de
1122 1244 143 55 chez
1301 1260 170 38 nous.

573 1332 61 55 C.
673 1327 305 58 Taltabull
1015 1332 90 51 est
1142 1345 85 37 un
1264 1326 164 54 élève
1469 1324 82 58 du
1589 1324 216 55 maître
1846 1322 254 57 Pedrell.
2143 1322 161 57 C'est
2342 1341 84 37 un
2464 1321 94 73 pio-

458 1412 198 69 cheur,
703 1430 82 37 un
830 1408 302 59 studieux.
1181 1409 122 55 Son
1348 1406 251 56 Prélude
1646 1411 93 51 est
1786 1404 122 56 fort
1955 1404 442 74 remarquable.
2448 1404 139 56 Très

459 1495 344 55 clairement
842 1510 209 54 conçu,
1090 1491 42 54 il
1169 1510 73 37 ne
1282 1489 230 74 fatigue
1550 1507 109 56 pas
1696 1507 110 56 par
1846 1506 119 38 une
2002 1488 249 74 longeur
2289 1487 302 57 excessive

459 1578 82 66 (et
567 1581 256 51 souvent
851 1573 211 56 inutile
1090 1575 38 68 !)
1157 1578 61 51 et
1248 1575 340 71 représente
1616 1569 302 60 vraiment
1945 1590 85 37 un
2055 1569 296 59 excellent
2379 1571 207 57 début.

458 1658 269 74 Quoique
756 1658 165 55 élève
953 1656 72 58 de
1057 1656 253 71 Pedrell,
1343 1656 307 56 Taltabull
1678 1656 159 56 n'est
1866 1672 131 56 pas,
2027 1674 155 54 pour
2211 1655 55 57 le
2297 1660 289 66 moment,

456 1759 65 37 ce
563 1741 184 71 qu'on
788 1738 270 75 pourrait
1103 1740 241 72 appeler
1386 1756 84 38 un
1512 1738 406 73 compositeur
1961 1737 398 57 nationaliste.
2407 1738 52 56 Il
2501 1756 57 38 re-

455 1821 199 74 garde,
693 1840 76 37 au
804 1822 315 70 contraire,
1157 1839 135 38 vers
1328 1821 393 72 l'Allemagne
1757 1826 62 51 et
1860 1822 73 55 R.
1973 1821 245 56 Strauss
2252 1821 227 56 l'attire
2507 1822 77 56 !...

571 1906 111 53 Les
1021 1905 388 73 Impressions
1900 1903 488 75 Symphoniques,
1711 1923 154 54 pour
1914 1905 308 57 orchestre
2272 1906 36 55 à
2359 1903 226 73 cordes,

458 1985 71 57 de
555 1987 58 70 J.
643 1987 271 69 Garreta,
941 1991 139 51 sont
1105 1987 336 71 également
1467 1985 121 57 fort
1613 1986 450 57 intéressantes.
2095 1987 53 56 Il
2172 2008 42 53 y
2241 2006 35 38 a
2303 1987 75 57 de
2403 1987 183 57 belles

456 2067 159 57 idées
652 2067 150 57 dans
839 2072 395 52 cette-œuvre
1269 2070 59 53 là
1371 2069 170 71 mais,
1579 2088 76 38 en
1698 2071 259 71 général,
1996 2070 113 57 elle
2151 2076 93 52 est
2281 2071 305 74 peut-être

455 2152 395 70 gauchement
886 2151 346 56 construite.
1272 2154 96 54 On
1401 2157 136 51 sent
1573 2157 260 51 souvent
1870 2171 117 55 que
2024 2154 262 57 l'auteur
2323 2160 90 51 est
2450 2154 135 73 plus

456 2231 248 56 habitué
729 2234 36 53 à
788 2232 244 73 peindre
1057 2235 72 55 de
1155 2234 169 72 jolies
1348 2235 310 71 tablettes,
1683 2235 50 56 si
1757 2236 58 73 je
1838 2236 137 73 puis
2001 2237 153 58 ainsi
2180 2239 402 72 m'exprimer,

454 2330 115 55 que
601 2312 71 58 de
703 2314 252 72 grandes
986 2315 190 56 toiles.
1212 2318 95 54 En
1338 2335 228 38 somme
1596 2318 41 54 il
1668 2337 41 54 y
1739 2337 36 36 a
1806 2320 73 56 de
1910 2319 122 56 fort
2063 2320 138 72 jolis
2234 2321 167 56 coins
2432 2320 152 58 dans

453 2400 162 51 cette
633 2395 446 72 production-là
1095 2403 61 50 et
1183 2399 106 57 elle
1305 2400 339 72 représente
1654 2401 303 57 vraiment
1974 2422 118 38 une
2111 2404 154 57 belle
2280 2420 304 58 promesse

454 2476 148 57 dans
637 2479 250 56 l'avenir
924 2479 81 57 du
1042 2481 420 73 compositeur.
1505 2484 364 72 J'ajouterai
1905 2504 234 55 encore,
2180 2489 35 55 à
2251 2505 222 56 propos
2510 2489 74 56 de

453 2559 267 71 Garreta,
745 2561 146 73 qu'il
910 2580 35 37 a
963 2563 146 54 écrit
1131 2565 103 55 des
1254 2565 292 56 Sardanes
1569 2568 197 68 (notre
1789 2568 194 58 danse
2003 2570 282 57 catalane
2305 2570 276 59 devenue

450 2641 390 56 Nationaliste
846 2645 40 69 ),
922 2643 120 58 fort
1077 2646 465 74 remarquables.

566 2725 311 57 Granados
924 2733 61 49 et
1035 2729 237 71 Malats,
1321 2748 109 38 nos
1480 2732 159 57 deux
1687 2733 312 72 pianistes,
2049 2742 109 50 ont
2209 2738 198 56 donné
2454 2737 127 57 leur

450 2805 210 56 séance
685 2809 320 56 annoncée.
1035 2810 82 55 Ils
1142 2817 109 49 ont
1279 2812 160 73 joué,
1467 2815 36 54 à
1531 2814 157 57 deux
1715 2815 232 73 pianos,
1975 2818 55 56 le
2054 2837 384 56 programme
2463 2837 118 56 que

450 2886 152 55 voici
633 2909 10 33 :
963 2889 136 72 Sonate,
1100 2894 118 56 Mozart
1248 2917 14 48 ;
2197 2897 79 54 Le
2468 2898 127 55 Rou
2147 2903 390 57 Saint-Saëns
2565 2923 13 50 ;

463 2969 204 56 Theme
931 2972 155 55 varié
892 3020 201 23 y
1094 2974 146 60 Schumann
1267 2999 14 49 ;
2201 2980 338 56 Variations

447 3049 381 60 Saint-Saëns
855 3076 14 48 ;
921 3057 130 56 Duo
1113 3059 441 76 Symphonique
1560 3111 14 23 ,
1625 3064 247 59 Godard
1898 3087 15 50 ;
1964 3068 123 55 Pas
2135 3069 66 55 de
2253 3069 324 73 Cymbales,

449 3132 362 61 Chaminade
839 3160 14 47 ;
905 3139 172 56 Valse
1118 3144 363 74 romantique
1488 3193 14 24 ,
1549 3147 284 57 Chabrier
1861 3171 14 49 ;
1928 3151 341 57 Variations
2275 3199 14 24 ,
2335 3151 245 58 Fischof

445 3218 61 49 et
639 3215 215 73 Scherzo,
855 3219 377 60 Saint-Saëns.

560 3295 80 58 Ils
668 3304 108 50 ont
806 3299 111 57 fait
949 3302 102 58 des
1080 3308 333 57 merveilles
1439 3311 12 54 !

1977 3399 66 55 F.
2081 3399 301 55 Lliurat.
