2819 4028
1230 287 67 36 LE
1332 290 129 34 MOIS

293 448 117 55 que
457 431 102 58 des
604 431 117 73 jets
769 432 74 56 de
888 430 245 57 lumière
1179 431 248 58 violette
1471 454 79 38 ou
1594 456 257 55 pourpre
1897 455 372 63 parcourent,
2320 469 76 39 au

293 511 156 73 petit
481 513 288 71 bonheur,
803 513 61 56 la
895 514 172 55 scène
1100 513 78 56 où
1212 513 282 73 s'agitent
1526 536 85 38 un
1643 518 167 73 génie
1842 539 75 36 en
1950 525 226 58 maillot
2209 531 186 72 replet

294 597 61 52 et
404 595 60 55 la
514 596 349 56 charmante
914 595 137 55 Mlle
1100 595 304 69 Zambelli,
1459 615 119 37 aux
1627 598 243 74 longues
1920 603 228 70 jambes
2198 611 197 71 agiles,

294 694 314 39 nerveuses
665 682 61 51 et
779 675 404 59 frémissantes
1241 676 436 73 d'impatience.
1738 681 77 54 M.
1875 682 283 61 Gailhard
2210 692 185 55 sourit

294 774 143 39 avec
486 757 433 74 complaisance
966 758 35 54 à
1048 776 68 38 ce
1161 757 146 74 qu'il
1354 757 149 57 croit
1550 779 86 36 un
1681 761 297 74 triomphe
2026 771 60 50 et
2139 767 137 56 rêve
2325 774 71 54 de

293 837 231 57 revenir
547 838 254 71 bientôt,
826 840 173 72 grâce
1023 856 118 38 aux
1168 855 71 57 97
1266 838 69 56 fr.
1363 852 74 59 50
1464 840 73 57 de
1560 840 261 57 bénéfice
1845 843 143 72 qu'il
2014 865 35 37 a
2072 865 70 39 su
2167 849 231 57 réaliser

291 937 78 39 en
402 926 136 51 tout
573 940 108 38 son
714 921 299 74 privilège.
1051 921 470 58 Souhaitons-lui
1558 922 228 56 d'avoir
1822 925 112 56 mis
1969 927 74 56 de
2077 930 149 70 côté,
2251 950 147 55 pour

293 1019 109 39 son
443 1020 180 56 usage
665 1002 327 74 personnel,
1050 1003 283 73 quelques
1377 1002 348 70 économies,
1784 1011 59 50 et
1888 1007 374 59 donnons-lui
2317 1031 81 38 un

290 1082 122 57 bon
440 1082 191 71 adieu,
661 1101 137 40 sans
827 1101 75 38 au
930 1085 210 56 revoir.

1785 1167 193 56 Louis
2016 1167 231 56 Laloy.

296 1511 408 58 CONCERTS
746 1511 117 58 DU
904 1511 450 58 DIMANCHE.

410 1655 82 55 Ils
536 1674 76 37 ne
657 1673 150 38 nous
851 1660 108 51 ont
1005 1672 126 56 pas,
1178 1654 240 74 jusqu'à
1463 1673 66 37 ce
1573 1654 153 72 jour,
1774 1655 196 56 donné
2016 1656 219 72 grande
2280 1674 92 37 sur-

296 1735 173 75 prise.
510 1738 77 53 M.
626 1734 337 58 Chevillard
996 1754 35 37 a
1066 1734 138 58 bien
1239 1735 198 59 raison
1472 1735 71 57 de
1579 1754 151 37 nous
1766 1735 268 74 rappeler
2067 1734 336 60 l'existence

297 1819 74 56 de
416 1818 224 72 Haydn
684 1822 59 52 et
788 1819 75 55 de
907 1819 246 67 Mozart,
1199 1822 60 52 et
1303 1816 41 55 il
1387 1836 36 38 a
1465 1822 337 50 nettement
1848 1815 236 57 détaillé
2125 1816 60 56 la

299 1899 162 57 Suite
499 1900 74 56 de
611 1898 83 57 Cl.
734 1899 295 72 Debussy,
1071 1916 203 39 œuvre
1311 1898 283 57 ancienne
1631 1904 60 51 et
1729 1898 274 71 toujours
2039 1898 362 70 charmante,

297 1983 149 56 dont
506 1982 77 54 M.
643 1980 217 56 Busser
915 1999 36 37 a
1021 1979 139 57 bien
1216 1979 256 74 compris
1527 1979 84 56 les
1665 1979 264 57 velléités
2001 1978 401 58 orchestrales.

299 2062 241 57 Comme
574 2060 206 71 inédit,
817 2060 42 55 il
892 2060 142 57 s'est
1070 2062 278 57 contenté
1383 2060 146 59 d'un
1562 2059 298 74 fragment
1895 2060 74 57 de
2003 2062 208 72 poème
2244 2078 118 55 sym-

297 2144 304 74 phonique
637 2143 133 57 d'A.
811 2143 266 71 Roussel,
1813 2144 138 56 Faunes
1952 2140 108 59 dont
2061 2142 92 73 j'ai
2154 2143 161 72 goûté
2348 2142 54 55 le

296 2224 346 75 paganisme
687 2225 136 56 ému
871 2230 60 50 et
979 2224 234 71 discret,
1264 2227 37 53 à
1345 2224 59 57 la
1451 2224 259 57 manière
1757 2223 250 57 d'Henri
2031 2224 74 56 de
2130 2224 268 73 Régnier,

296 2305 59 59 la
388 2308 302 56 tendresse
724 2304 429 75 mélancolique
1186 2312 60 49 et
1280 2305 83 56 les
1399 2307 143 54 fines
1578 2305 268 56 couleurs
1884 2327 10 33 :
1932 2323 115 38 une
2081 2304 320 57 sensibilité

299 2387 348 73 distinguée,
680 2387 147 57 dont
855 2387 60 56 la
943 2387 259 57 vivacité
1231 2406 62 38 se
1322 2388 263 72 tempère
1616 2385 72 59 de
1719 2385 327 70 réflexions,
2078 2387 72 57 de
2172 2392 232 52 retours,

299 2476 61 50 et
396 2472 73 54 de
503 2474 240 69 regrets,
780 2468 159 57 voilà
974 2487 65 38 ce
1073 2469 103 73 qui
1213 2469 339 74 appartient
1589 2488 74 37 en
1697 2484 213 59 propre
1946 2471 35 53 à
2016 2469 77 54 M.
2135 2465 263 72 Roussel,

299 2557 59 51 et
388 2552 54 56 le
474 2557 122 51 met
626 2551 139 57 bien
794 2551 307 57 au-dessus
1133 2552 72 56 de
1235 2556 170 52 toute
1434 2549 418 74 scholastique.

414 2633 78 55 M.
546 2632 259 57 Colonne
856 2651 36 37 a
940 2650 100 39 sur
1094 2634 77 54 M.
1227 2632 334 57 Chevillard
1609 2632 342 73 l'avantage
2002 2632 73 56 de
2125 2629 270 74 posséder

297 2733 119 38 une
451 2719 172 52 vaste
658 2713 144 57 salle
840 2732 118 39 aux
993 2713 290 57 sonorités
1321 2714 277 69 chaudes,
1636 2714 79 55 où
1752 2731 63 39 se
1851 2730 196 55 presse
2083 2731 83 38 un
2201 2709 197 74 public

300 2796 179 57 dense
517 2801 61 52 et
617 2796 183 56 altéré
840 2796 72 56 de
951 2794 289 74 musique.
1282 2794 294 59 Plusieurs
1617 2796 72 56 de
1727 2812 94 38 ces
1860 2796 210 54 braves
2108 2810 139 55 gens
2285 2791 86 57 sui-

299 2882 144 51 vent
516 2893 143 40 avec
731 2876 300 57 attention
1100 2877 285 74 l'exégèse
1457 2877 72 56 de
1581 2876 60 56 la

299 2963 61 54 et
412 2965 293 67 prennent
756 2959 180 74 garde
991 2957 72 58 de
1115 2958 323 57 confondre
1489 2958 237 74 l'Orage
1778 2975 145 38 avec
1974 2956 54 57 le
2082 2956 192 56 Chant
2328 2952 71 57 de

300 3039 499 59 reconnaissance.
842 3041 52 53 Il
931 3046 90 51 est
1061 3038 151 60 donc
1241 3039 138 58 bien
1416 3039 207 58 inutile
1655 3038 71 57 de
1763 3056 62 39 se
1862 3043 258 51 torturer
2155 3033 244 74 l'esprit,

303 3123 73 56 de
433 3122 277 57 chercher
770 3122 101 56 des
930 3121 328 58 intentions
1316 3122 262 69 cachées,
1641 3122 102 55 des
1802 3121 466 54 renversements
2328 3113 73 56 de

300 3220 279 52 nuances,
614 3203 103 56 des
747 3202 258 57 brisures
1039 3202 73 57 de
1142 3203 258 71 rythme,
1434 3207 61 52 et
1529 3203 75 56 de
1636 3205 217 52 mettre
1885 3205 135 50 tout
2053 3198 36 55 à
2110 3197 249 56 l'envers
2385 3215 12 34 :

299 3283 277 57 l'endroit
610 3304 37 36 a
678 3302 150 55 pour
863 3302 114 38 eux
1010 3288 171 52 toute
1213 3285 57 55 la
1303 3283 294 57 fraîcheur
1630 3282 81 57 du
1743 3279 158 72 neuf,
1937 3285 61 50 et
2031 3279 77 55 M.
2147 3277 255 57 Colonne

301 3366 54 56 le
404 3366 126 57 leur
579 3371 234 52 montre
861 3385 146 38 avec
1056 3385 116 38 une
1222 3366 259 56 honnête
1529 3362 294 58 franchise
1847 3384 15 48 ;
1912 3379 137 39 sans
2100 3358 179 57 doute
2327 3372 77 41 on

1330 3447 9 8 •
2087 3442 14 15 /
2147 3440 10 8 9
2359 3436 10 9 #

300 3447 269 74 pourrait
602 3446 297 75 épiloguer
932 3466 101 38 sur
1066 3447 84 57 tel
1184 3446 183 58 détail
1401 3446 119 56 mal
1553 3464 159 38 venu
1744 3462 79 38 ou
1857 3460 116 54 peu
2006 3457 185 57 précis
2216 3461 14 48 ;
2257 3452 146 40 mais

303 3526 54 57 le
398 3526 322 58 sentiment
764 3527 233 73 général
1040 3532 89 51 est
1171 3526 178 72 juste,
1392 3525 342 57 l'orchestre
1773 3541 37 37 a
1852 3521 102 58 des
1995 3520 409 55 mouvements

304 3607 170 73 aisés,
530 3629 117 38 une
700 3611 221 72 grande
974 3608 143 59 voix
1171 3606 410 60 harmonieuse
1633 3603 103 75 qui
1788 3603 204 57 s'enfle
2045 3606 58 51 et
2157 3596 247 73 s'apaise

2392 351 0 0 1311
