2819 4028
1172 295 265 37 MERCURE
1475 292 244 38 MUSICAL
1756 290 68 36 ET
1866 288 43 35 S.
1950 286 37 36 I.
2026 285 59 36 M.

680 355 0 0 1290

668 447 238 60 Vander
930 449 275 56 Straeten
1231 461 35 37 a
1289 459 197 39 connu
1512 458 64 38 ce
1602 437 232 59 dernier
1860 435 208 56 article
2092 439 61 50 et
2176 433 84 55 l'a
2282 432 117 55 cité
2427 431 233 74 d'après

558 536 82 54 les
677 534 271 54 Archives
987 531 93 55 des
1118 532 115 50 arts
1275 529 103 67 (i).
1420 526 166 53 Nous
1625 520 387 57 reviendrons
2049 521 139 51 tout
2229 517 37 55 à
2301 515 227 56 l'heure
2564 534 98 39 sur

557 618 83 54 les
681 614 349 58 déductions
1068 609 341 72 singulières
1447 605 146 75 qu'il
1633 623 35 36 a
1707 621 103 37 cru
1849 600 258 73 pouvoir
2147 616 73 38 en
2261 597 160 56 tirer.
2464 599 157 72 Aupa-

555 703 234 62 ravant,
827 712 150 39 nous
1012 693 468 71 rapprocherons
1517 690 104 55 des
1658 690 198 52 textes
1893 680 447 75 bourguignons
2376 680 284 73 quelques

557 781 347 55 documents
944 775 369 56 semblables.

668 863 82 53 Le
785 859 268 74 premier,
1092 874 108 56 par
1239 856 171 56 ordre
1449 853 71 57 de
1559 851 190 69 dates,
1790 854 91 51 est
1919 865 84 38 un
2042 845 209 57 article
2268 846 106 56 des
2390 851 267 68 comptes

557 947 80 54 du
673 944 87 55 roi
798 945 72 55 de
907 944 287 66 Navarre,
1236 939 239 57 Charles
1509 938 55 54 le
1603 933 292 69 Mauvais,
1937 933 74 54 de
2047 931 235 55 l'année
2323 929 146 73 1369
2498 950 12 33 :
2550 950 22 30 «
2611 930 50 56 A

555 1025 242 56 maistre
832 1025 194 70 Jehan
1059 1029 61 50 et
1158 1020 261 73 Jehanin
1456 1019 72 57 de
1566 1019 353 65 Ronneaux,
1957 1014 201 67 frères,
2196 1011 361 73 Jacquemin
2591 1014 71 54 de

555 1109 122 55 Mes
714 1112 60 50 et
813 1104 316 58 Guillemin
1164 1104 54 56 le
1256 1101 261 70 Maistre,
1592 1098 395 57 menesterelx
2026 1096 74 56 de
2138 1096 148 71 Mgr,
2326 1112 155 54 pour
2515 1095 143 56 faire

555 1190 154 55 leurs
744 1189 247 71 despens
1025 1204 74 37 en
1132 1188 165 54 alant
1331 1203 120 37 aux
1485 1183 279 68 Escolles,
1802 1194 112 57 250
1948 1180 72 55 fr.
2058 1202 21 29 »
2117 1181 82 69 (2)

667 1273 149 56 Sous
838 1272 58 54 la
920 1272 142 54 date
1087 1270 73 55 de
1186 1283 343 57 1370-1371,
1557 1263 240 58 Vander
1821 1264 279 56 Straeten
2126 1281 37 36 a
2188 1260 117 56 cité
2332 1279 83 36 un
2440 1260 218 57 extrait

555 1354 103 55 des
684 1357 284 67 comptes,
997 1369 74 37 en
1096 1352 214 71 langue
1336 1348 318 68 flamande,
1686 1344 72 58 de
1786 1347 155 69 Jean
1971 1345 61 55 II
2064 1345 74 55 de
2166 1343 323 70 Châtillon,
2519 1343 142 72 qu'il

554 1439 315 68 emprunte
894 1435 35 54 à
953 1434 303 71 l'ouvrage
1282 1432 238 56 intitulé
1550 1432 78 53 les
1656 1429 136 55 Arts
1820 1448 70 36 en
1915 1429 265 55 Brabant
2209 1429 104 67 (3),
2342 1432 61 50 et
2431 1428 229 71 d'après

557 1517 191 72 lequel
784 1517 53 54 le
873 1515 199 73 prince
1108 1522 249 66 octroya
1391 1532 84 37 un
1510 1510 242 59 subside
1788 1512 36 54 à
1861 1528 93 38 ses
1990 1510 367 69 ménestrels,
2398 1509 259 70 Hansen,

555 1599 17 71 j
583 1617 183 37 oueur
789 1601 71 53 de
884 1598 155 72 pipe,
1066 1603 59 51 et
1152 1595 304 70 Henselin,
1480 1595 18 72 j
1509 1612 185 39 oueur
1719 1593 73 57 de
1815 1615 23 29 «
1862 1593 238 74 bonghe
2122 1616 44 47 »,
2191 1611 154 53 pour
2368 1609 62 39 se
2454 1592 204 56 rendre

555 1682 35 53 à
616 1681 208 55 cheval
852 1698 117 36 aux
996 1681 204 68 écoles,
1231 1701 21 29 «
1279 1684 94 50 ter
1397 1678 197 55 scolen
1622 1682 61 51 te
1708 1675 171 58 riden
1904 1698 42 32 ».

670 1764 95 54 En
799 1763 163 69 1406,
996 1763 84 55 les
1113 1766 268 66 comptes
1416 1759 389 71 municipaux
1840 1761 73 54 de
1946 1759 58 54 la
2039 1758 139 56 ville
2214 1757 74 57 de
2323 1758 170 55 Mons
2528 1775 99 38 con-

558 1843 268 55 tiennent
850 1844 82 54 les
955 1843 184 74 lignes
1164 1843 325 69 suivantes,
1517 1860 116 53 que
1659 1841 241 55 Vander
1924 1842 281 56 Straeten
2230 1858 37 37 a
2293 1838 367 74 reproduites

558 1927 231 70 d'après
823 1927 70 53 A.
932 1926 249 56 Lacroix
1211 1947 10 33 :
1260 1947 23 28 «
1319 1924 95 55 Au
1449 1942 110 55 roy
1595 1922 102 57 des
1736 1929 384 51 menestreux
2158 1924 74 55 de
2271 1924 295 72 Haynaut
2601 1927 59 51 et

557 2008 35 52 à
637 2006 285 72 plusieurs
969 2007 422 72 compaignons
1438 2006 349 56 menestrelz
1834 2006 122 72 qui,
2050 2025 76 37 en
2172 2023 110 39 son
2328 2021 328 56 quaresme,

558 2090 239 54 avoient
831 2095 173 49 tenut
1035 2090 127 54 leur
1193 2090 240 54 escolles
1465 2107 74 36 en
1570 2088 58 55 la
1660 2088 140 55 ville
1834 2088 73 56 de
1942 2091 189 67 Mons,
2167 2090 96 54 fut
2319 2087 226 57 donnet
2592 2088 69 55 de

558 2171 312 54 courtoisie
897 2189 72 36 en
997 2172 151 70 ayde
1176 2171 73 56 de
1275 2168 155 56 fraix
1457 2171 74 70 4L
1565 2186 68 38 10
1660 2187 45 37 s.
1736 2192 22 30 »
1788 2173 103 69 (4).

671 2253 81 54 Le
784 2253 189 55 même
1006 2252 398 72 musicologue
1437 2270 34 37 a
1501 2253 192 54 relevé
1727 2253 150 55 dans
1909 2253 86 56 les
2027 2260 272 66 comptes
2333 2255 74 54 de
2437 2253 59 55 la
2528 2252 132 56 ville

559 2333 434 70 d'Audenarde,
1025 2352 73 37 en
1125 2352 157 36 mars
1313 2350 164 56 1409,
1508 2336 58 53 la
1594 2335 271 54 mention
1895 2337 146 55 d'un
2072 2337 122 55 don
2221 2337 36 54 à
2286 2337 103 55 des
2418 2336 242 55 femmes

557 2416 396 55 ménestrelles
987 2415 71 57 de
1092 2417 371 71 Bourgogne,
1499 2416 103 72 qui
1635 2417 346 56 revenaient
2018 2416 103 57 des
2154 2420 210 68 écoles,
2399 2440 23 29 «
2455 2418 171 72 ghege-

555 2514 132 50 ven,
728 2496 113 56 den
878 2498 140 55 Bten
1054 2497 153 57 dach
1242 2497 61 55 in
1340 2504 244 64 maerte,
1626 2516 123 38 mer
1787 2516 286 40 vrauwen
2111 2502 398 55 menestruele
2543 2516 118 40 van

557 2578 406 74 Bourgognen,
1002 2581 153 55 doen
1186 2598 70 53 sy
1289 2596 261 55 quamen
1581 2598 121 38 van
1736 2580 103 58 der
1871 2582 218 71 schole,
2125 2585 75 67 36
2233 2601 46 37 s.
2315 2601 129 54 par.
2482 2606 21 30 »
2530 2606 13 47 ;
2578 2587 79 64 et,

558 2661 146 55 dans
725 2662 83 55 les
831 2669 267 66 comptes
1122 2664 73 55 de
1214 2664 61 54 la
1297 2662 138 56 ville
1459 2665 274 70 d'Ypres,
1759 2683 74 38 en
1860 2681 147 59 1429
2032 2672 61 51 et
2121 2683 167 55 1432,
2313 2669 61 54 la
2397 2666 264 57 mention

557 2742 100 55 des
697 2744 281 72 dépenses
1016 2745 413 56 occasionnées
1467 2764 109 53 par
1613 2749 59 52 la
1710 2749 279 69 présence
2028 2750 105 56 des
2172 2750 366 70 ménestrels,
2563 2746 99 75 qui

554 2825 222 56 étaient
819 2844 186 38 venus
1045 2827 154 55 tenir
1239 2845 74 38 en
1352 2832 160 51 cette
1550 2829 138 56 ville
1727 2830 126 56 leur
1908 2832 326 56 assemblée
2291 2834 103 56 des
2450 2832 205 69 écoles,

557 2925 22 29 «
617 2909 459 71 vergaderinghe
1114 2926 121 39 van
1275 2911 103 55 der
1415 2911 198 55 scoole
1653 2934 21 28 »
1716 2915 103 67 (5).

670 2990 162 55 Nous
871 3009 149 37 nous
1058 2992 332 55 arrêterons
1429 2994 34 53 à
1505 3009 145 57 1427
1689 3000 61 50 et
1791 2996 36 54 à
1865 3000 94 51 cet
1998 2996 208 57 article
2246 2999 104 54 des
2389 3003 267 67 comptes

670 3183 61 47 (1)
764 3182 180 40 Vander
972 3184 221 48 Straeten,
1225 3186 43 37 la
1296 3186 213 52 Musique
1538 3199 89 28 aux
1655 3189 248 49 Pays-Bas,
1933 3193 34 37 t.
1998 3189 78 49 IV,
2107 3206 43 40 p.
2186 3206 94 28 121.
2310 3196 65 39 Le
2401 3199 125 37 tome
2552 3198 45 36 et
2622 3194 42 39 la

550 3253 116 40 page
698 3245 76 38 des
807 3244 207 42 Archives
1047 3248 71 37 des
1152 3251 87 34 arts
1272 3260 57 26 ne
1359 3253 107 35 sont
1497 3260 82 40 pas
1612 3250 225 52 indiqués.

670 3306 62 47 (2)
763 3307 63 38 Le
847 3312 183 48 compte
1053 3309 78 38 des
1154 3313 171 36 recette
1346 3313 47 36 et
1416 3311 198 52 dépense
1637 3313 61 39 du
1722 3314 67 38 roi
1813 3314 57 39 de
1892 3314 210 43 Navarre
2124 3330 57 28 en
2205 3320 175 40 France
2402 3324 48 36 et
2474 3332 55 27 en
2552 3320 84 39 Nor-

552 3367 182 38 mandie
760 3368 56 39 de
849 3368 104 51 1367
984 3371 27 37 à
1044 3380 121 40 1370,
1195 3372 155 50 publié
1376 3384 85 39 par
1489 3374 52 40 E.
1573 3374 147 48 Izarn,
1752 3377 141 47 Paris,
1928 3379 123 50 1885,
2082 3382 110 40 in-8.

670 3428 61 50 (3)
763 3429 183 40 Vander
969 3431 221 49 Straeten,
1216 3445 129 29 ouvr.
1371 3436 101 45 cité,
1498 3439 35 37 t.
1560 3435 78 48 IV,
1664 3450 44 39 p.
1739 3448 94 41 154.
1939 3441 69 40 La
2030 3443 195 41 citation
2248 3445 78 40 des
2351 3446 106 39 Arts
2479 3457 54 30 en
2556 3447 81 38 Bra-

553 3489 103 38 bant
681 3493 70 35 est
777 3491 114 39 faite
917 3504 104 28 sans
1049 3495 254 41 indication
1332 3497 56 39 de
1414 3499 128 38 tome
1568 3502 48 36 et
1644 3499 57 40 de
1729 3513 131 41 page.

671 3554 61 48 (4)
765 3553 182 40 Vander
970 3555 222 50 Straeten,
1218 3561 34 37 t.
1280 3558 78 47 IV,
1383 3572 45 39 p.
1456 3560 98 48 246.
1661 3563 54 39 A.
1741 3564 207 50 Lacroix,
1977 3567 223 53 Episodes
2224 3570 63 40 du
2310 3572 138 50 règne
2470 3571 58 39 de
2552 3571 112 52 Jean

553 3614 56 38 de
644 3614 202 48 Bavière,
884 3629 44 38 p.
965 3629 69 38 43.

670 3677 62 50 (5)
764 3678 181 40 Vander
969 3680 221 49 Straeten,
1213 3685 36 38 t.
1275 3682 78 48 IV,
1378 3696 44 39 p.
1451 3695 78 40 132
1553 3688 48 36 et
1627 3688 93 48 138.
