2819 4028
180 1247 104 107 A
396 1246 610 108 PROPOS
1117 1246 201 103 DE
1422 1246 863 105 BRUCKNER

1455 1668 275 68 Munich,
1769 1668 70 54 16
1876 1669 207 53 octobre
2122 1683 161 58 1907.

559 1851 42 39 N
639 1837 237 51 concert
927 1833 137 55 hors
1098 1830 129 73 pair
1262 1829 125 57 hier
1425 1829 137 71 soir,
1613 1830 103 73 qui
1761 1830 193 55 révèle
1998 1830 35 54 à
2074 1830 57 56 la
2177 1829 111 56 fois

603 1933 84 37 un
736 1913 134 56 chef
928 1914 362 57 d'orchestre
1337 1913 263 55 inconnu
1656 1918 60 50 et
1775 1931 116 37 une
1938 1910 352 74 symphonie

603 1996 72 57 de
724 1997 306 54 Bruckner
1065 1996 348 54 méconnue.
1460 1994 426 55 L'événement
1925 1998 90 50 est
2048 1994 73 55 de
2154 1992 136 57 telle

606 2078 372 71 importance
1030 2096 115 53 que
1199 2077 15 72 j
1225 2076 286 57 en'hésite
1561 2093 108 55 pas
1708 2077 36 53 à
1788 2076 253 72 prendre
2083 2092 173 55 excep-

611 2158 470 70 tionnellement,
1110 2159 151 58 dans
1298 2158 58 56 la
1380 2157 253 57 relation
1674 2159 103 55 des
1801 2157 143 56 faits
1982 2156 310 55 musicaux

184 2248 72 56 de
284 2242 262 70 Munich,
574 2242 58 55 la
659 2241 168 72 place
853 2241 73 57 de
954 2258 142 37 mon
1123 2239 138 70 ami,
1291 2242 79 53 M.
1401 2238 218 57 Marcel
1647 2238 373 57 Montandon
2060 2237 230 57 absent.

183 2330 82 54 Le
305 2344 34 55 7
380 2326 229 72 janvier
649 2324 192 72 passé,
882 2324 79 54 M.
1004 2321 414 75 Schnéevoigt,
1460 2319 103 75 qui
1603 2322 155 55 n'est
1796 2338 108 55 pas
1943 2319 52 58 le
2042 2319 249 73 premier

183 2427 179 51 venu,
388 2404 369 69 assommait,
783 2404 221 73 malgré
1030 2424 115 36 une
1182 2402 464 74 interprétation
1669 2401 251 75 fignolée
1945 2407 60 51 et
2031 2401 261 56 nuancée

184 2493 37 55 à
254 2491 235 68 l'excès,
526 2490 53 55 le
615 2486 200 75 public
852 2487 103 57 des
990 2492 268 51 concerts
1296 2484 185 58 Kaim
1515 2504 145 36 avec
1694 2490 159 50 cette
1888 2484 191 55 même
2114 2483 53 55 V
2168 2496 19 24 e
2220 2482 71 57 de

184 2573 306 56 Bruckner
526 2573 147 55 dont
705 2568 43 55 il
780 2587 77 37 va
889 2567 195 74 s'agir,
1117 2573 63 50 et
1203 2566 379 57 commettait
1605 2566 59 56 la
1695 2564 226 59 bourde
1951 2562 341 74 incroyable

185 2657 73 56 de
296 2655 58 56 la
395 2653 225 58 donner
659 2669 146 38 avec
844 2670 83 37 un
965 2656 277 49 concerto
1283 2653 72 54 de
1396 2650 349 55 Beethoven
1930 2647 253 67 mineur)
2231 2650 62 50 et

184 2755 146 38 avec
361 2735 337 56 l'étonnant
730 2733 210 72 poème
968 2731 436 74 symphonique
1435 2731 71 57 de
1539 2732 79 53 M.
1653 2731 216 54 Ernest
1901 2728 187 56 Bœhe

188 2817 185 70 mina,
401 2817 83 56 lui
534 2816 158 56 aussi
726 2816 71 57 de
848 2813 361 59 dimensions
1247 2811 415 76 respectables.
1705 2811 477 57 Naturellement
2221 2807 71 57 de

180 2900 450 57 l'entassement
675 2897 72 57 de
791 2896 147 56 trois
982 2895 271 73 pareilles
1296 2895 195 73 pièces
1537 2896 73 55 de
1656 2891 320 58 résistance
2019 2910 75 37 en
2137 2891 158 56 deux

184 2984 230 67 heures,
471 2999 138 38 sans
655 2979 302 73 préjudice
1015 2980 102 56 des
1157 2980 209 71 égards
1422 2995 115 55 que
1600 2973 264 58 méritait
1919 2975 246 56 l'œuvre
2222 2973 71 55 de

187 3065 78 54 M.
316 3062 187 57 Bœhe
540 3064 259 71 présent,
847 3079 65 37 ce
949 3060 93 56 fut
1088 3061 59 55 la
1192 3057 357 59 formidable
1596 3053 353 77 symphonie
1998 3056 81 56 du
2130 3050 165 75 génie

187 3146 213 59 défunt
433 3145 101 72 qui
566 3144 179 73 pâtit.
781 3144 353 55 Escamotée
1166 3141 190 74 grand
1387 3140 179 70 train,
1599 3140 108 56 elle
1740 3144 179 67 parut
1952 3140 340 61 monotone,

187 3226 193 74 pleine
411 3225 545 74 d'insupportables
984 3225 338 72 longueurs,
1352 3227 63 51 et
1444 3221 112 56 mit
1585 3239 76 38 en
1689 3219 150 55 fuite
1867 3219 53 54 le
1951 3215 218 73 public.

302 3310 81 56 Or
434 3326 85 37 un
569 3307 176 73 jeune
797 3309 239 53 homme
1088 3304 334 61 autrichien
1473 3304 260 71 présent,
1788 3302 77 54 M.
1928 3293 365 70 Frenzdorff,

187 3391 316 74 passionné
554 3390 365 58 admirateur
971 3390 82 56 du
1101 3389 182 56 vieux
1332 3387 234 68 maître,
1618 3379 382 77 aujourd'hui
2051 3379 244 58 docteur

188 3474 171 72 après
400 3474 58 54 la
499 3478 362 50 soutenance
905 3473 178 57 d'une
1125 3470 279 56 brillante
1448 3467 166 55 thèse
1657 3462 300 70 musicale,
2000 3466 61 51 et
2103 3457 102 74 qui
2259 3475 36 37 a

185 3555 115 56 fait
326 3555 71 57 de
423 3554 249 57 l'œuvre
698 3554 73 57 de
797 3555 308 53 Bruckner
1129 3570 117 37 une
1272 3551 179 55 étude
1477 3545 274 74 spéciale,
1779 3544 168 56 vient
1976 3542 71 56 de
2074 3539 219 55 relever

187 3638 330 72 justement
551 3638 58 56 la
645 3634 356 75 symphonie
1026 3634 239 57 tombée
1302 3636 62 52 et
1402 3631 71 57 de
1500 3633 197 52 tenter
1731 3627 58 55 la
1821 3620 472 62 démonstration
