2819 4028
2292 277 127 61 1265

1113 294 197 34 NICOLO
1347 293 258 35 PAGANINI

413 439 389 59 Castil-Blaze
830 439 246 59 écrivait
1110 442 148 57 dans
1284 443 55 57 le

397 616 21 29 «
447 602 204 47 Tartini
682 603 79 47 vit
793 620 65 30 en
889 620 158 46 songe
1076 620 74 31 un
1181 604 190 49 démon
1404 604 90 62 qui
1526 604 169 61 jouait
1726 620 103 31 une
1862 602 300 62 diabolique
2194 607 184 43 sonate
2406 617 10 41 ;

295 683 56 33 ce
375 669 190 47 démon
592 670 130 49 était
747 673 266 48 sûrement
1040 673 268 62 Paganini.
1339 673 128 47 Mais
1491 688 122 42 non,
1639 674 45 46 le
1707 673 136 47 lutin
1869 673 63 47 de
1957 670 201 49 Tartini
2185 686 125 31 avec
2335 686 80 33 ses

294 736 216 49 doubles
541 738 178 58 trilles,
766 754 80 32 ses
891 740 355 48 modulations
1292 740 241 59 bizarres,
1579 755 79 33 ses
1702 740 205 64 rapides
1952 740 229 62 arpèges,
2227 738 188 48 n'était

294 804 165 63 qu'un
498 805 136 62 petit
675 806 184 47 écolier
898 823 64 30 en
1001 809 363 61 comparaison
1404 809 70 45 du
1513 809 232 47 virtuose
1785 823 100 48 que
1923 821 131 35 nous
2093 805 284 63 possédons
2402 823 13 40 ;

295 872 179 48 c'était
501 889 72 31 un
599 874 257 49 diabletot
884 875 201 57 timide,
1112 876 265 57 innocent,
1402 891 74 32 un
1501 893 101 47 peu
1627 876 132 48 niais
1785 876 184 57 même,
1997 876 62 47 de
2100 876 50 47 la
2190 890 115 33 race
2352 875 63 48 de

295 955 131 32 ceux
456 941 64 47 de
553 940 371 64 Papefiguière,
955 957 102 47 que
1085 942 51 48 la
1167 943 235 47 moindre
1433 942 154 50 chose
1616 943 194 63 effraye
1841 947 50 43 et
1924 943 89 61 qui
2042 942 149 48 n'ont
2224 942 189 62 jamais

292 1023 72 31 vu
399 1008 46 47 le
482 1008 143 48 soleil
662 1025 100 45 que
799 1026 94 46 par
927 1025 73 31 un
1037 1014 136 44 trou.

360 1077 141 47 Vous
526 1092 165 47 voyez
717 1093 101 50 que
844 1078 48 62 je
917 1093 83 32 me
1029 1078 174 50 donne
1231 1094 66 32 au
1325 1079 173 47 diable
1524 1094 131 47 pour
1681 1094 132 32 vous
1837 1079 128 47 faire
1992 1079 340 62 comprendre
2360 1094 55 34 ce

294 1158 101 47 que
422 1145 127 46 c'est
577 1159 100 47 que
706 1144 271 64 Paganini,
1006 1162 131 47 pour
1162 1147 259 62 exprimer
1448 1161 56 33 ce
1531 1162 100 47 que
1656 1145 92 64 j'ai
1773 1147 135 47 senti
1933 1162 64 32 en
2022 1145 309 59 l'écoutant,
2359 1162 56 33 ce

292 1227 102 48 que
409 1211 92 63 j'ai
518 1213 229 62 éprouvé
764 1215 149 61 après
929 1215 185 47 l'avoir
1131 1214 249 58 entendu,
1396 1215 299 62 l'agitation
1711 1215 90 62 qui
1816 1215 106 50 m'a
1940 1214 144 63 privé
2102 1214 64 47 de
2182 1216 235 49 sommeil

291 1284 151 44 toute
473 1281 51 46 la
554 1280 116 48 nuit
703 1286 50 42 et
786 1282 107 47 m'a
924 1281 96 48 fait
1053 1282 187 49 danser
1270 1282 50 47 la
1352 1282 161 47 danse
1543 1282 64 47 de
1641 1281 313 64 Saint-Guy,
1987 1286 53 43 et
2072 1286 259 57 pourtant
2364 1282 51 63 je

290 1347 93 62 n'y
422 1348 239 47 réussirai
704 1365 109 47 pas.

393 1432 21 30 «
449 1417 75 46 La
560 1421 287 58 trompette
887 1418 62 47 de
985 1418 50 47 la
1072 1417 295 52 renommée
1404 1418 134 47 n'est
1575 1418 164 63 qu'un
1776 1417 273 48 misérable
2087 1417 152 51 sifflet
2279 1434 134 47 pour

294 1484 224 47 célébrer
546 1484 75 49 les
649 1486 158 48 hauts
837 1486 123 48 faits
991 1487 71 47 du
1091 1487 337 49 merveilleux
1456 1487 193 47 violon.
1681 1487 45 47 A
1754 1487 122 62 quoi
1907 1486 241 47 servirait
2178 1486 64 47 de
2271 1486 117 48 l'em-

292 1552 228 48 boucher
548 1552 17 48 ?
597 1554 224 61 J'avoue
849 1569 124 33 mon
1001 1555 329 47 insuffisance
1358 1559 51 43 et
1438 1554 241 64 préviens
1706 1569 108 35 mes
1841 1554 224 47 lecteurs
2095 1568 101 46 que
2225 1568 55 33 ce
2310 1569 105 47 que

295 1619 91 62 j'ai
421 1620 77 47 dit
532 1624 54 43 et
620 1622 114 47 vais
769 1622 109 47 dire
911 1637 88 32 sur
1034 1622 253 63 Paganini
1320 1623 133 46 n'est
1489 1623 126 54 rien,
1651 1622 329 48 absolument
2016 1620 126 56 rien,
2177 1636 64 31 en
2276 1636 106 33 com-

292 1689 244 60 paraison
568 1689 65 47 de
665 1704 55 33 ce
752 1690 130 62 qu'il
913 1689 113 58 fait,
1060 1695 52 42 et
1143 1704 110 36 mes
1282 1689 223 48 lecteurs
1537 1704 64 32 en
1632 1688 379 48 conviendront
2045 1688 150 59 après
2225 1689 188 47 l'avoir

292 1757 249 50 entendu.

393 1841 21 31 «
444 1825 132 65 Cinq
606 1826 163 64 pieds,
802 1827 119 60 cinq
950 1841 207 47 pouces,
1190 1826 144 47 taille
1364 1825 64 47 de
1458 1825 215 62 dragon,
1705 1825 176 61 visage
1910 1823 122 61 long
2060 1830 52 42 et
2144 1822 133 64 pâle,
2309 1823 78 47 for-

292 1897 201 46 tement
534 1893 325 57 caractérisé,
901 1893 119 47 bien
1060 1892 261 64 avantagé
1359 1909 62 30 en
1461 1907 109 41 nez,
1613 1892 85 47 œil
1736 1891 205 61 d'aigle,
1982 1890 236 49 cheveux
2253 1891 158 56 noirs,

295 1962 150 62 longs
461 1967 52 43 et
540 1961 447 58 bouclés,flottant
1014 1977 86 32 sur
1126 1976 92 32 son
1245 1961 169 56 collet,
1441 1959 260 63 maigreur
1725 1958 249 56 extrême,
2001 1958 139 48 deux
2164 1958 152 56 rides,
2343 1973 68 32 on

292 2032 238 61 pourrait
564 2030 109 49 dire
704 2030 213 61 qu'elles
949 2034 91 43 ont
1071 2029 159 62 gravé
1259 2044 79 32 ses
1368 2029 225 61 exploits
1623 2043 87 32 sur
1740 2041 78 34 ses
1848 2027 163 61 joues,
2044 2043 85 32 car
2159 2027 121 48 elles
2309 2041 77 33 res-

295 2098 258 49 semblent
583 2114 106 32 aux
717 2098 78 48 SS
823 2098 127 47 d'un
978 2098 178 47 violon
1183 2112 66 33 ou
1278 2097 156 47 d'une
1463 2095 348 49 contrebasse.

393 2183 20 29 «
450 2166 89 49 Ses
574 2166 275 63 prunelles,
887 2164 341 49 étincelantes
1264 2164 63 48 de
1362 2180 157 31 verve
1554 2169 52 42 et
1644 2164 63 47 de
1742 2163 163 63 génie,
1943 2166 266 59 voyagent
2247 2161 130 49 dans

292 2235 209 47 l'orbite
534 2235 63 47 de
629 2249 79 33 ses
739 2250 139 47 yeux
910 2239 52 43 et
996 2249 52 33 se
1081 2237 250 45 tournent
1364 2232 289 50 lentement
1687 2245 114 33 vers
1834 2230 131 48 celui
1999 2231 63 47 de
2095 2245 80 33 ses
2208 2245 166 36 accom-

291 2307 319 59 pagnateurs
649 2302 130 49 dont
817 2302 259 64 l'attaque
1114 2301 73 47 lui
1227 2301 170 48 donne
1437 2301 223 62 quelque
1700 2298 308 49 sollicitude.
2051 2298 103 49 Son
2194 2298 212 63 poignet

292 2371 134 47 tient
454 2386 66 32 au
546 2371 121 47 bras
692 2386 93 46 par
812 2371 90 47 des
927 2370 366 48 articulations
1319 2370 42 47 si
1386 2368 226 63 simples,
1641 2382 102 49 que
1768 2368 50 61 je
1843 2382 65 32 ne
1933 2366 200 47 saurais
2158 2366 177 49 mieux
2360 2366 46 48 le

292 2453 267 47 comparer
593 2438 124 62 qu'à
748 2455 73 30 un
854 2438 268 47 mouchoir
1155 2438 146 61 placé
1335 2452 66 33 au
1435 2437 130 47 bout
1599 2436 127 48 d'un
1762 2436 179 55 bâton,
1976 2439 51 44 et
2063 2450 101 47 que
2196 2433 46 48 le
2277 2439 126 44 vent

291 2505 97 49 fait
423 2507 176 47 flotter
633 2505 65 49 de
731 2512 120 42 tous
883 2507 74 47 les
991 2507 141 47 côtés
1167 2521 35 31 ».

417 2655 168 56 Cette
630 2655 363 74 description
1039 2657 71 55 de
1161 2657 286 72 Paganini
1500 2663 146 67 peut
1703 2655 221 57 donner
1975 2676 117 36 une
2145 2657 131 57 idée
2328 2659 73 56 de

292 2735 331 59 l'immense
656 2738 303 56 sensation
1006 2738 146 72 qu'il
1195 2737 329 73 produisait
1574 2738 148 57 dans
1769 2744 139 51 tous
1935 2738 81 56 les
2060 2737 242 57 milieux
2340 2744 61 50 et

295 2820 102 55 des
455 2819 236 57 articles
753 2819 80 57 du
901 2825 197 68 temps
1142 2820 293 72 signalent
1481 2839 64 39 ce
1598 2820 110 56 fait
1755 2819 487 69 extraordinaire,
2286 2838 115 54 que

291 2900 261 58 l'intérêt
620 2900 240 58 soulevé
911 2921 105 53 par
1072 2903 286 72 Paganini
1414 2902 372 72 supplantait
1844 2902 149 57 celui
2045 2902 102 56 des
2190 2902 211 56 débats

291 2980 503 75 parlementaires,
826 2983 212 56 débats
1070 2982 101 73 qui
1221 2984 226 56 étaient
1481 2984 433 56 extrêmement
1949 2983 187 71 agités
2173 2983 36 53 à
2241 2989 158 51 cette

294 3066 230 71 époque
567 3066 218 80 (1831).

416 3146 285 72 Paganini
737 3146 196 55 arriva
972 3147 34 53 à
1043 3144 164 59 Paris
1246 3166 78 35 au
1363 3153 265 50 moment
1670 3146 78 55 où
1799 3146 137 54 l'art
1980 3152 59 49 et
2077 3146 58 55 la
2173 3144 198 57 littéra-

291 3233 134 52 ture
491 3246 61 39 se
609 3227 506 57 transformaient.
1181 3229 366 69 Lamartine,
1607 3229 206 55 Victor
1879 3229 198 73 Hugo,
2149 3228 249 69 Dumas,

292 3309 225 73 George
560 3311 166 56 Sand
759 3311 398 56 entraînaient
1193 3312 34 53 à
1268 3311 126 57 leur
1429 3311 156 56 suite
1620 3317 171 50 toute
1830 3309 58 56 la
1919 3311 344 72 génération
2299 3311 102 56 des

292 3393 206 70 poètes
538 3398 59 49 et
635 3393 102 55 des
776 3391 239 57 artistes
1046 3392 252 70 d'alors;
1330 3392 165 72 Jules
1526 3393 428 71 Janinchange
1993 3392 84 56 les
2119 3389 280 58 formules

295 3472 72 58 de
419 3472 58 57 la
517 3473 253 71 critique
825 3478 59 51 et
935 3473 279 73 peintres,
1263 3474 332 68 musiciens,
1649 3472 350 72 sculpteurs,
2046 3472 355 57 architectes

292 3554 355 73 s'ingénient
695 3557 36 52 à
775 3561 193 51 tracer
1020 3557 102 53 des
1176 3556 163 56 voies
1381 3556 303 58 nouvelles
1724 3556 150 57 dans
1917 3556 53 56 le
2009 3556 276 57 domaine
2328 3553 71 57 de

292 3636 127 56 leur
440 3643 114 50 art.
599 3636 287 72 Paganini
920 3637 449 56 enthousiasma
1406 3637 238 56 artistes
1675 3643 61 50 et
1781 3636 401 68 littérateurs;
2219 3636 180 67 Liszt,
