3261 4214
2926 3788 64 49 55

414 310 122 48 dem
596 308 318 50 Publikum?
985 306 124 48 Sind
1166 306 83 48 Sie
1306 304 259 49 vielleicht

414 391 305 61 Zaungäste
778 388 142 47 einer
977 384 441 64 Zeitgeschichte,
1474 400 92 31 aus

417 471 94 48 der
568 485 98 33 nur
724 468 94 49 das
878 467 133 48 dazu
1068 466 272 63 geborene
1399 464 169 49 Genie

416 550 404 49 herausfindet?
877 548 269 49 Erwarten
1188 546 82 48 Sie
1312 561 102 33 von
1456 561 113 43 uns,

418 631 103 48 daß
563 632 95 47 wir
698 644 62 33 zu
799 627 200 64 spielen
1038 626 297 49 aufhören?

287 732 108 49 Der
442 730 225 49 Offizier
714 729 145 48 klirrt
907 730 93 46 mit
1047 727 121 49 dem
1218 726 155 48 Säbel
1420 729 153 45 unter

286 812 200 49 seinem
526 809 349 50 Zivilmantel.

289 913 284 63 Eleganter
614 910 218 60 Zivilist,
873 909 192 48 zündet
1104 909 279 62 ungeniert
1422 908 123 62 Ziga-

289 995 132 47 rette
463 1008 89 33 an:

422 1079 246 60 Hahaha,
700 1079 83 48 die
812 1077 193 49 führen
1035 1092 97 33 uns
1164 1077 272 61 Impotenz
1466 1091 112 44 vor,

425 1160 106 49 und
569 1159 94 50 das
703 1158 282 49 Publikum
1023 1155 99 51 soll
1159 1157 92 48 das
1287 1155 85 50 für
1408 1157 136 47 Wirk-

425 1240 212 50 lichkeit
675 1239 195 60 halten,
908 1237 120 50 weil
1066 1238 109 48 sich
1216 1239 167 50 Kunst
1423 1237 156 48 heute

425 1324 232 49 sowieso
696 1320 143 50 nicht
877 1319 176 50 halten
1093 1319 153 48 kann.

293 1423 259 61 Schulrat,
594 1425 110 47 tritt
746 1439 90 33 zur
879 1422 226 62 Rampe:

428 1512 144 48 Aber
609 1511 80 49 ich
723 1511 131 49 bitte
891 1510 155 59 doch,
1081 1524 106 33 nun
1223 1507 360 51 verwechseln

430 1593 82 49 Sie
563 1592 155 60 mich,
767 1591 102 48 den
919 1587 369 65 Schauspieler
1334 1590 62 58 X,
1444 1588 141 49 nicht

430 1676 92 47 mit
560 1675 230 47 meinem
830 1671 169 48 Autor
1037 1670 106 49 und
1182 1671 200 47 meiner
1419 1667 165 53 Rolle.

427 1756 123 50 Und
585 1755 315 59 außerdem,
919 1755 264 47 vertreten
1204 1751 83 48 Sie
1319 1766 96 33 uns
1449 1750 135 49 doch

431 1839 248 62 potenter
740 1835 74 48 als
877 1834 84 49 die
1021 1831 365 50 Verhältnisse
1447 1831 140 48 sind!

432 1917 196 50 Stellen
662 1916 84 48 Sie
779 1915 86 49 Ihr
896 1915 207 48 Niveau
1135 1911 88 51 auf
1256 1912 84 49 die
1362 1912 225 49 Bretter!

298 2019 219 61 Zivilist,
560 2020 181 62 pustet
785 2015 499 66 Zigarettenrauch:

435 2107 324 59 Lächerlich,
790 2107 146 48 diese
968 2104 325 62 Anmaßung
1322 2101 272 50 bezahlter

432 2189 339 50 Grimassen!

304 2286 213 59 Lehrer,
566 2284 259 49 entrüstet
870 2298 65 33 an
982 2282 84 48 die
1113 2281 202 62 Rampe
1361 2278 232 50 tretend:

439 2375 53 47 In
531 2373 94 49 der
661 2369 374 66 bürgerlichen
1070 2367 359 51 Gesellschaft
1463 2367 133 49 wird

437 2455 122 64 jede
607 2452 357 51 menschliche
1015 2451 305 62 Beziehung
1366 2448 90 50 auf
1503 2448 93 48 das

437 2537 207 47 Niveau
693 2535 157 48 barer
898 2532 245 64 Zahlung
1189 2529 283 67 gedrückt!

304 2635 46 46 2.
384 2630 249 49 Arbeiter
671 2631 69 47 im
781 2627 282 51 Publikum
1104 2643 118 33 zum
1265 2627 66 47 1.:

442 2720 207 48 Siehste
681 2717 142 61 woll,
855 2719 103 62 jetz
990 2716 127 48 muß
1151 2730 55 33 er
1237 2715 89 48 det
1357 2714 204 49 kommu-

440 2800 251 51 nistische
737 2797 255 51 Manifest
1035 2797 206 49 zitiern!

308 2897 242 59 Offizier,
601 2897 191 48 nimmt
842 2894 103 48 den
996 2891 272 50 Zivilisten
1320 2905 82 35 am
1457 2889 146 61 Arm,

306 2979 131 66 geht
475 2980 93 47 mit
604 2978 108 48 ihm
748 2975 91 51 auf
874 2977 84 48 die
997 2975 185 49 Bühne
1217 2989 86 33 zu:

444 3068 130 47 Hier
611 3064 181 50 fehlen
831 3065 227 47 Männer
1095 3062 94 48 der
1225 3062 118 58 Tat,
1381 3060 226 47 Männer

446 3149 95 48 der
572 3148 297 58 Tradition,
898 3147 244 57 Männer,
1173 3143 83 48 die
1286 3140 321 51 Geschichte

447 3229 242 60 machen,
743 3227 230 49 Helden.
1046 3227 66 48 Es
1169 3224 126 50 muß
1352 3238 109 34 was
1516 3237 61 49 ge-

447 3311 252 59 schehen,
740 3311 151 48 sonst
929 3305 109 51 hält
1077 3321 121 34 man
1237 3304 224 50 Mensch
1502 3302 106 49 und

447 3392 225 51 Mensch
712 3391 136 49 noch
886 3388 86 51 für
1011 3387 235 51 einerlei!

317 3491 67 48 Er
425 3488 130 66 geht
596 3486 89 51 auf
727 3487 84 48 die
854 3485 203 59 Bühne,
1099 3483 138 49 zieht
1278 3479 332 51 Zivilmantel

315 3587 112 46 aus,
459 3571 137 49 linke
625 3568 162 50 Hand
817 3567 396 65 eingestemmt,
1245 3563 178 50 rechte
1452 3562 160 50 Hand

314 3651 385 52 befehlerisch:

1792 307 122 46 Fort
1949 304 91 49 mit
2072 304 119 47 dem
2227 304 412 49 erzieherischen
2671 303 257 50 Gemüse!

1791 384 128 47 Zivil
1974 398 97 33 nur
2124 384 187 47 soweit
2363 383 327 62 zugelassen,
2744 383 72 48 als
2871 400 61 31 zu

1792 464 393 49 verwertbaren
2239 464 155 47 Ideen
2446 463 148 62 fähig
2647 503 9 8 .
2693 503 7 7 .
2737 503 8 7 .
2801 463 131 48 Bitte

1792 543 140 60 sehr,
1964 544 138 47 Herr
2131 543 425 62 Oberingenieur
2589 583 7 7 .
2633 583 8 7 .
2678 581 7 9 .

1664 638 92 47 Ein
1818 640 387 48 Kameramann
2266 637 203 48 kommt
2525 636 196 48 schnell
2780 652 127 47 ange-

1664 721 150 44 rannt
1848 718 106 47 und
1988 717 207 48 kurbelt
2229 717 83 48 die
2349 717 463 62 Diktatorengeste
2846 716 92 48 des

1664 797 268 60 Offiziers,
1982 800 148 45 rennt
2176 797 198 48 wieder
2420 811 136 47 weg.
2617 797 186 46 Hinter
2850 796 92 48 der

1667 878 205 51 Kulisse
1927 877 157 52 Rufe:
2140 878 89 59 ~B.
2251 878 74 58 Z.,
2377 877 92 48 der
2521 876 275 48 drohende
2850 876 62 48 Be-

2303 957 107 48 Der
2458 957 240 62 elegante
2747 956 200 48 Zivilist

1665 1041 112 48 tritt
1832 1055 117 33 zum
2004 1038 239 49 Offizier.
2314 1038 205 51 Kulisse
2575 1037 188 48 Schule
2816 1037 130 48 wird

1669 1120 405 63 hochgezogen,
2123 1120 82 47 die
2255 1119 204 50 Kulisse
2509 1119 141 46 eines
2697 1116 221 49 General-

1669 1202 145 49 stabs
1857 1218 83 31 am
1983 1200 209 59 Tische,
2234 1199 254 49 Offiziere
2528 1197 292 65 gleichfalls
2862 1199 58 47 be-

1670 1281 260 64 wegliche
2002 1279 380 64 Pappfiguren,
2467 1279 131 49 wird
2683 1279 240 47 herunter-

1670 1362 265 65 gelassen.
1983 1361 240 50 Schulrat
2255 1361 104 48 und
2393 1361 194 48 Lehrer
2617 1360 172 62 gehen
2822 1357 130 50 nach

1673 1444 193 48 beiden
1926 1442 174 49 Seiten
2159 1441 254 48 dienernd
2472 1441 82 60 ab,
2612 1442 176 46 setzen
2845 1439 108 48 sich

1674 1527 181 46 unters
1903 1522 297 50 Publikum.

1676 1605 217 60 Zivilist,
1936 1604 136 49 zieht
2114 1602 578 65 Ingenieurzeichnung
2732 1616 93 33 aus
2866 1600 94 48 der

1677 1686 225 60 Tasche,
1941 1684 350 50 verbindlich:

1811 1775 141 47 Herr
1984 1771 137 51 Chef
2157 1812 9 9 .
2201 1812 9 9 .
2246 1812 9 8 .

1682 1863 107 48 Der
1824 1860 225 50 Offizier
2081 1861 109 47 tritt
2223 1858 75 49 als
2331 1854 504 53 Generalstabschef
2869 1872 94 33 vor

1681 1944 83 48 die
1806 1940 477 52 Offizierskulisse:

1815 2037 222 49 Wieviel
2077 2035 291 50 Menschen
2407 2034 194 50 könnte
2642 2048 117 33 man
2799 2072 9 9 .
2845 2071 8 9 .
2888 2071 11 9 .

1684 2121 307 63 Ingenieur:

1820 2202 54 47 In
1908 2201 128 48 zwei
2069 2201 184 62 Tagen
2285 2197 281 49 immerhin
2598 2197 113 47 eine
2745 2193 223 49 mittlere

1819 2281 316 50 Großstadt.

1686 2376 162 51 Chef:

1823 2460 77 47 Zu
1933 2457 173 64 lange.

1688 2555 309 63 Ingenieur:

1828 2635 152 49 Dann
2018 2634 127 48 aber
2184 2629 317 53 ratzenkahl.

1691 2716 162 50 Chef:

1827 2799 78 48 Zu
1949 2796 174 65 lange,
2166 2810 128 50 sage
2337 2794 98 49 ich.

1696 2888 306 63 Ingenieur:

1833 2968 93 48 Ein
1985 2964 416 51 Häusermassiv
2459 2960 221 51 braucht
2740 2959 240 49 mehrere

1833 3048 241 49 Bomben
2115 3076 62 5 —
2215 3076 60 3 —
2314 3043 339 63 Parallelflug
2694 3070 60 6 —
2793 3072 61 4 —
2892 3040 92 48 mit

1830 3130 111 50 Gas
1982 3131 134 47 etwa
2153 3128 151 49 sechs
2345 3125 235 50 Stunden
2619 3163 9 9 .
2664 3163 10 10 .
2708 3163 10 8 .

1698 3218 163 51 Chef:

1834 3302 78 47 Zu
1971 3299 173 64 lange.
2220 3295 322 51 Inzwischen
2601 3290 385 52 Massenflucht

1834 3380 134 51 nach
2011 3380 190 50 außen.

1705 3482 42 46 1.
1781 3477 225 51 Offizier
2045 3474 182 65 klappt
2266 3473 160 50 hoch:

1837 3558 245 50 Gestatte
2139 3557 97 48 mir
2293 3553 311 51 einwenden
2660 3566 61 34 zu
2777 3548 213 51 dürfen:

1838 3638 432 52 konzentrisches
2314 3634 306 65 Vorgehen.
