3261 4214
324 3868 66 48 54

334 374 45 47 5.
413 369 234 60 Schüler,
682 369 150 47 einen
866 362 329 66 Augenblick
1230 364 214 55 stumm,
1477 358 139 48 dann

333 449 175 51 scharf
549 449 107 49 und
696 448 250 62 spontan:

468 561 72 47 Im
583 554 423 63 Klassenkampf.

334 646 240 50 Schulrat
629 644 239 57 entsetzt,
935 637 255 52 während
1260 636 94 48 der
1423 634 194 48 Lehrer

333 728 170 48 hinter
535 726 199 47 seinem
769 721 212 54 Rücken
1014 716 275 51 drohende
1324 715 257 62 Bewegun-

330 824 103 48 gen
473 808 91 48 mit
601 805 121 48 dem
760 802 158 50 Stock
954 800 197 49 macht:

464 900 162 47 Was?
677 899 101 46 Wo
814 894 252 49 befinden
1104 893 94 49 wir
1235 905 95 35 uns
1369 889 148 48 hier?

329 1012 45 47 5.
409 1007 242 51 Schüler:

465 1097 53 47 In
560 1096 143 47 einer
743 1089 206 51 Anstalt
987 1103 90 35 zur
1115 1087 357 61 Verbreitung
1513 1098 103 33 von

464 1176 326 61 Meinungen
836 1171 94 48 der
974 1167 393 51 herrschenden
1414 1164 200 51 Klasse.

330 1283 263 50 Schulrat:

465 1373 172 61 Junge
685 1398 62 5 —
786 1370 210 46 träume
1043 1365 77 50 ich
1166 1364 132 48 oder
1343 1361 156 50 willst
1545 1359 69 48 du

465 1453 92 47 mit
607 1465 96 33 uns
755 1448 191 49 Scherz
995 1445 241 50 treiben?
1298 1443 198 47 Meinst
1547 1440 70 47 du

464 1534 100 47 den
600 1529 193 63 Kampf
825 1529 113 48 hier
969 1529 49 47 in
1051 1526 94 49 der
1178 1525 181 51 Klasse
1392 1538 88 33 um
1514 1521 102 49 den

463 1614 174 48 ersten
681 1610 179 48 Platz?

328 1723 110 48 tritt
489 1721 137 48 nahe
680 1736 63 32 an
798 1718 86 48 ihn
939 1717 181 58 heran,
1175 1714 91 49 mit
1320 1709 293 66 hysterisch

328 1799 544 65 überschnappender
907 1798 244 48 Stimme:

463 1891 121 62 Sag,
620 1888 70 49 du
725 1887 119 50 hast
879 1887 150 48 einen
1066 1883 253 50 dummen
1357 1881 134 48 Witz
1524 1893 62 50 ge-

463 1970 196 49 macht!
713 1968 174 64 Sag's!

327 2076 44 47 5.
407 2071 241 51 Schüler:

464 2161 107 49 Der
600 2159 119 49 Tod
748 2158 201 48 meines
979 2155 188 48 Vaters
1198 2151 105 50 und
1335 2150 93 49 der
1458 2150 160 47 Väter

461 2241 162 50 vieler
677 2239 225 49 anderer
957 2236 199 52 Kinder
1222 2249 109 34 war
1399 2231 219 48 bitterer

463 2325 171 47 Ernst.
682 2323 98 47 Die
809 2315 604 62 Geschichtsfälschung
1444 2314 49 47 in
1524 2311 94 48 der

463 2403 207 61 Schule,
771 2401 84 49 die
958 2400 448 61 Aussperrungen
1510 2391 107 50 und

461 2480 560 55 Arbeitslosenziffern
1070 2479 240 49 draußen
1355 2475 117 50 sind
1519 2474 74 48 bit-

459 2570 142 46 terer
652 2567 170 46 Ernst.
889 2563 97 48 Die
1037 2559 299 51 Tatsachen
1386 2556 118 50 sind
1555 2569 63 34 zu

461 2650 160 57 ernst,
663 2662 87 34 um
791 2647 169 48 Witze
1001 2659 62 33 zu
1105 2641 239 50 machen.

327 2751 264 50 Schulrat:

461 2837 367 51 Schuldiener!
892 2833 367 50 Schuldiener!
1321 2828 104 51 Hol
1475 2829 145 47 einer

460 2920 173 49 sofort
671 2918 101 49 den
813 2916 367 49 Schuldiener!

327 3039 117 34 zum
482 3022 219 49 Lehrer:

461 3109 242 65 Kollege,
746 3121 175 36 sowas
964 3106 48 47 in
1059 3104 147 48 Ihrer
1250 3101 206 52 Klasse!
1532 3097 84 51 Ich

460 3193 180 49 werde
680 3191 81 49 ein
802 3184 602 67 Disziplinarverfahren
1440 3196 178 50 gegen

461 3274 83 49 Sie
600 3271 266 50 einleiten!

328 3375 213 61 Lehrer,
583 3372 374 63 unterwürfig:

460 3464 141 47 Herr
631 3459 241 51 Schulrat
1085 3457 129 49 bitte
1246 3471 62 33 zu
1338 3453 280 51 bedenken

657 3543 94 50 der
789 3544 137 47 erste
964 3541 130 48 Fall!
1148 3539 94 49 Ein
1278 3539 151 47 sonst
1463 3537 158 62 guter

463 3626 240 50 Schüler!
779 3624 108 49 Das
948 3621 265 59 erstemal,
1273 3618 103 50 daß
1439 3647 61 4 —
1560 3646 61 5 —

461 3706 330 64 ahnungslos
836 3745 10 9 .
880 3744 11 10 .
926 3744 10 9 .

1706 354 264 50 Schulrat:

1841 442 207 48 Wollen
2100 441 82 48 Sie
2232 438 136 50 noch
2418 437 367 62 verteidigen?
2864 434 130 50 Kein

1839 523 154 47 Wort
2034 521 171 48 mehr!
2247 517 361 58 Schuldiener,
2647 515 223 61 bringen
2911 512 84 48 Sie

1841 603 181 48 diesen
2067 599 218 50 Schüler
2327 601 187 47 hinaus
2556 595 107 50 und
2704 594 291 50 bewachen

1842 683 82 47 Sie
1961 682 107 58 ihn,
2103 681 80 48 bis
2220 679 80 50 ich
2337 679 216 49 weitere
2591 674 404 62 Anordnungen

1839 763 164 62 gebe!
2067 761 85 49 Ich
2202 789 63 5 —
2312 759 84 49 Ich
2446 789 63 5 —
2554 757 85 49 Ich
2691 785 61 4 —
2799 754 85 48 Ich
2935 783 62 6 —

1842 843 84 50 Ich
1968 882 11 9 .
2012 881 11 10 .
2059 882 8 8 .

1707 937 324 51 Inzwischen
2068 936 117 49 sind
2220 936 129 48 zwei
2388 929 362 67 Pappschüler
2785 929 181 49 hinaus-

1706 1018 312 65 geschnellt,
2059 1017 94 48 der
2194 1013 363 61 Schuldiener,
2597 1013 115 47 eine
2751 1026 65 33 an
2857 1011 143 47 einer

1707 1100 368 63 sogenannten
2107 1095 349 63 Nürnberger
2487 1093 193 49 Schere
2709 1089 287 63 befestigte

1708 1178 313 65 Pappfigur,
2063 1178 206 49 kommt
2309 1172 498 66 hereingeschnellt.
2892 1171 107 47 Der

1708 1261 243 49 Schulrat
2008 1261 141 48 tanzt
2209 1256 286 65 aufgeregt
2552 1253 263 51 zwischen
2874 1251 122 48 dem

1708 1341 346 49 Schuldiener
2091 1338 106 49 und
2233 1338 122 47 dem
2392 1336 197 48 Lehrer
2622 1335 87 48 hin
2746 1332 107 50 und
2887 1332 110 47 her.

1710 1424 108 46 Der
1851 1424 68 46 im
1941 1420 283 49 Publikum
2244 1417 237 50 sitzende
2500 1415 224 49 Offizier
2755 1415 70 47 im
2844 1411 130 49 Zivil-

1708 1502 197 50 mantel
1955 1502 89 49 hat
2091 1501 109 50 sich
2251 1497 317 51 inzwischen
2616 1496 167 49 schon
2834 1493 165 50 durch

1707 1581 690 62 Zwischenbemerkungen
2465 1577 197 50 hörbar
2727 1573 274 66 gemacht:

1708 1665 290 61 „Blödsinn
2049 1693 63 4 —
2159 1691 64 6 —
2269 1658 373 51 Affentheater
2693 1686 62 4 —
2803 1686 62 5 —
2911 1655 60 48 ab-

1706 1745 269 66 geschafft
2013 1744 220 50 werden
2275 1742 240 47 —Er
2553 1738 141 50 steht
2733 1738 126 63 jetzt
2898 1751 102 33 von

1707 1830 202 47 seinem
1954 1826 144 50 Platz
2139 1824 112 50 auf:

1843 1923 175 62 Sagen
2075 1920 84 48 Sie
2218 1918 119 60 mal,
2394 1918 84 48 Sie
2531 1915 195 50 führen
2782 1928 97 33 uns
2935 1911 68 48 da

1843 2004 184 47 mitten
2060 2001 50 49 in
2142 2001 114 47 eine
2286 1996 228 52 konfuse
2545 1994 310 63 Handlung.
2901 1992 100 49 Wo

1842 2085 66 47 ist
1948 2083 84 49 die
2075 2081 315 64 Exposition
2432 2079 94 48 des
2567 2092 204 49 ganzen
2816 2072 187 67 Spiels,

1843 2166 84 49 die
1969 2164 222 63 richtige
2230 2160 347 64 Vorstellung
2616 2159 96 48 der
2749 2155 224 51 handeln-

1843 2246 102 49 den
2009 2245 291 57 Personen,
2364 2243 82 48 die
2511 2239 335 62 Einführung
2909 2236 94 49 des

1843 2328 235 48 Themas
2135 2356 61 3 —
2248 2325 101 50 wie
2402 2321 98 51 soll
2556 2337 120 33 man
2731 2320 66 48 da
2851 2320 152 47 einen

1843 2406 474 63 Zusammenhang
2364 2403 288 50 verstehn?

1711 2506 284 63 Eleganter
2049 2502 202 49 Zivilist
2303 2500 171 50 neben
2528 2498 127 60 ihm,
2705 2494 298 66 gleichfalls

1708 2584 416 66 aufgestanden:

1847 2671 308 66 Empörend
2209 2669 146 50 finde
2411 2668 80 50 ich
2545 2667 113 48 dies
2713 2663 292 65 Vorgehen

1842 2771 179 50 gegen
2056 2754 86 49 die
2173 2752 230 49 Gesetze
2440 2751 93 48 des
2568 2748 280 50 Theaters.
2882 2744 123 51 Und

1842 2852 98 49 gar
1981 2836 526 62 Parteiprogramme
2548 2870 10 9 .
2594 2870 9 8 .
2639 2869 9 9 .
2689 2843 104 35 von
2832 2828 172 48 einem

1844 2921 210 61 Jungen
2108 2956 11 9 .
2153 2955 11 9 .
2200 2955 9 9 .
2276 2914 201 49 ebenso
2530 2909 309 65 unmöglich
2906 2908 100 50 wie

1844 3001 146 48 diese
2027 3000 97 47 Art
2158 2996 191 51 Schule
2385 2997 93 47 mit
2512 2993 158 50 Stock
2705 2993 49 48 in
2789 3006 216 34 unserm

1844 3082 268 48 humanen
2147 3077 251 51 Zeitalter
2430 3077 254 48 existiert.

1710 3177 199 50 Lehrer
1955 3175 104 49 ruft
2103 3175 173 48 hinter
2321 3172 83 49 die
2451 3170 232 52 Kulisse:

1844 3266 143 47 Herr
2053 3261 456 54 Kultusminister!
2590 3259 140 48 Herr
2797 3255 182 52 Kultus-

1847 3348 260 48 minister!
2181 3342 85 50 Ich
2322 3340 188 51 berufe
2567 3339 136 49 mich
2759 3336 90 51 auf
2905 3337 101 49 den

1848 3428 158 49 Erlaß
2051 3442 103 34 von
2204 3426 147 49 1928!

1710 3523 249 51 Offizier:

1846 3613 127 48 Wer
1992 3609 156 66 spielt
2167 3610 138 49 denn
2326 3607 302 63 überhaupt
2648 3605 130 60 hier,
2808 3602 202 64 spielen

1847 3694 84 49 Sie
1969 3708 98 35 uns
2103 3707 111 34 was
2253 3706 96 33 vor
2384 3688 135 49 oder
2553 3687 203 64 spielen
2794 3685 84 49 Sie
2916 3684 94 48 mit
