2956 4028
743 440 264 101 LES
1093 437 427 102 FAITS

1355 645 211 100 DU
1665 645 368 100 MOIS

816 1128 71 43 10
927 1126 333 48 OCTOBRE
1291 1128 112 44 AU
1434 1128 72 43 10
1542 1129 409 49 NOVEMBRE

401 1318 173 48 Match
804 1321 50 45 de
959 1322 100 44 boxe
1232 1338 49 28 en
1408 1332 159 51 quatre
1801 1322 156 44 rounds
2164 1332 122 34 entre
2460 1319 161 47 Albert
1710 1322 74 48 M
1792 1328 15 19 x

114 1389 53 46 de
269 1389 46 47 la
400 1389 244 62 perception
941 1392 58 44 du
1112 1392 121 44 droit
1399 1392 70 44 des
1572 1401 197 52 pauvres
2011 1407 14 29 :
2093 1392 37 45 le
2215 1390 219 47 directeur

92 1462 103 60 plus
221 1460 233 47 hautaines
480 1462 236 62 allégories,
744 1463 136 47 avait
915 1462 219 64 symbolisé
1154 1463 40 46 /'
1202 1462 239 48 Assistance
1467 1463 215 65 Publique
1713 1475 93 54 par
1831 1487 57 27 un
1916 1470 205 47 touchant
2150 1474 197 46 escadron
2373 1473 287 65 d'ouvreuses,

100 1531 38 46 le
162 1533 214 47 brassard
412 1533 28 47 à
482 1533 243 47 l'humérus
763 1545 42 35 et
842 1531 259 49 Vescarcelle
1138 1552 58 28 au
1221 1534 172 63 fémur.
1435 1534 71 47 M
1511 1538 14 19 r
1549 1534 266 66 Mesureur,
1850 1540 76 62 qui
1953 1540 207 49 n'entend
2183 1544 94 46 rien
2305 1563 57 28 au
2389 1547 256 54 symbolisme

114 1602 111 46 croit
409 1602 28 46 à
546 1622 82 27 une
781 1604 231 62 sanglante
1317 1602 138 47 ironie
1666 1615 43 34 et
1825 1604 165 62 appelle
2204 1604 27 45 à
2311 1622 69 27 son
2502 1623 156 28 secours

113 1674 139 63 quelle
442 1675 169 46 ardeur
828 1693 58 28 ces
998 1674 129 47 hauts
1321 1684 284 53 personnages
1961 1675 213 47 discutent
2461 1677 113 46 leurs

100 1743 257 47 s'humecter
381 1746 51 44 de
457 1745 94 45 bien
576 1746 143 46 douces
744 1745 173 48 larmes.
1059 1745 72 47 M
1135 1749 15 20 T
1178 1746 195 47 Camille
1398 1749 37 44 le
1461 1747 136 49 Senne
1623 1754 200 59 apprend
1845 1771 90 28 aux
1962 1755 218 47 musiciens
2203 1757 75 63 qui
2305 1757 292 61 Vignoraient
2621 1773 42 34 et

119 1817 193 62 rappelle
559 1816 26 47 à
664 1835 104 28 ceux
951 1816 75 63 qui
1145 1817 230 46 l'avaient
1651 1817 145 46 oublié
2009 1836 79 45 que
2222 1817 173 64 Chopin
2622 1829 46 53 rep

94 1887 129 63 peine
268 1898 161 36 autour
467 1888 52 46 de
557 1900 106 34 cette
694 1888 213 61 glorieuse
943 1890 135 44 tombe
1117 1890 193 63 quelques
1348 1909 124 29 rares
1510 1892 250 48 mélomanes
1785 1896 154 63 fidèles
1976 1897 27 46 h
2044 1898 45 46 la
2133 1900 182 61 religion
2353 1902 58 45 du
2442 1903 203 46 souvenir

101 1961 87 57 S?
214 1956 74 48 M
289 1961 16 20 T
332 1958 59 47 G.
419 1959 52 45 de
496 1957 277 48 Pawlowski
799 1958 177 64 affirme
1131 1961 40 45 il
1190 1961 131 45 existe
1346 1981 28 27 a
1402 1961 140 48 Parts
1566 1963 191 64 quelques
1782 1967 290 61 compositeurs
2107 1970 52 45 de
2196 1971 154 59 talent,
2380 1972 124 46 voire
2530 1975 130 45 même

98 2030 53 45 de
169 2030 157 60 grand
349 2029 156 62 talent,
533 2030 111 46 mais
668 2048 77 45 que
773 2030 202 47 Gustave
1003 2030 305 64 Charpentier
1345 2044 59 35 est
1439 2034 292 49 évidemment
1768 2037 36 46 le
1836 2039 93 46 seul
1959 2039 75 63 qui
2069 2041 68 45 ait
2173 2043 209 46 construit
2420 2043 27 46 à
2486 2043 176 50 l'heure

111 2100 181 46 actuelle
522 2118 82 28 une
731 2118 159 29 œuvre
1100 2100 198 47 musicale
1548 2100 338 49 véritablement
2273 2103 208 48 nouvelle.

96 2180 84 54 pas
297 2171 155 63 partie
656 2173 52 44 de
814 2171 231 47 l'lnstitut
1324 2171 41 47 il
1445 2184 58 36 est
1613 2184 123 34 notre
1915 2174 101 62 plus
2177 2177 156 59 grand
2547 2185 121 54 compo

96 2241 222 47 démission
357 2243 50 45 de
440 2244 242 63 professeur
719 2244 52 46 de
809 2244 44 46 la
891 2244 125 46 classe
1051 2244 268 48 d'orchestre
1356 2264 57 28 au
1453 2248 339 48 Conservatoire
1831 2262 42 34 et
1911 2249 75 48 M
1986 2254 15 20 r
2039 2251 127 68 Jean
2207 2253 204 63 Nougués
2446 2259 136 45 donne
2616 2259 44 46 la

119 2314 226 47 Danseuse
617 2315 52 46 de
771 2314 185 63 Pompeï
1181 2314 28 47 à
1293 2314 434 66 l'Opéra-Comique
1743 2334 14 29 :
2287 2335 58 28 ces
2453 2319 112 45 deux

216 2384 72 48 La
313 2385 150 47 section
503 2386 200 47 musicale
740 2387 51 45 de
818 2386 227 47 l'lnstitut
1073 2389 136 63 refuse
1233 2390 51 44 de
1308 2408 39 28 se
1373 2408 165 44 ranger
1563 2391 27 46 à
1619 2390 142 48 l'avis
1785 2394 52 45 de
1864 2384 28 68 M
1919 2384 28 68 1
1974 2384 55 68 de
2055 2395 279 48 Pawlowski
2371 2410 42 34 et
2448 2405 143 42 écarte
2616 2401 46 47 la

109 2455 297 47 candidature
736 2457 52 45 de
898 2456 200 47 Gustave
1357 2456 304 63 Charpentier
2014 2476 57 28 au
2143 2460 209 63 fauteuil
2596 2461 52 46 de

100 2526 150 48 milieu
277 2528 69 45 des
358 2527 291 62 prétendants
673 2545 15 29 :
713 2526 252 65 Messager,
993 2530 222 47 Broussan
1242 2542 40 35 et
1312 2532 151 47 Carré
1488 2533 43 46 la
1558 2545 168 34 serrent
1750 2536 52 44 de
1820 2536 100 61 près
1945 2547 42 35 et
2013 2537 63 46 lui
2088 2538 106 64 font
2220 2538 28 47 à
2276 2538 184 50 l'oreille
2486 2544 55 44 les
2563 2544 100 61 plus

99 2597 261 47 séduisantes
377 2607 226 53 promesses
622 2621 17 34 ;
665 2603 85 42 très
776 2601 282 59 embarrassé,
1087 2601 166 61 Fauré,
1280 2602 75 63 qui
1380 2621 28 28 a
1434 2605 69 44 des
1529 2603 160 61 lettres,
1718 2605 95 47 leur
1840 2608 161 60 répond
2024 2626 78 45 que
2124 2627 68 28 son
2218 2610 310 48 orchestration
2556 2612 108 48 n'est

92 2678 84 54 pas
202 2669 222 49 terminée.
553 2669 74 47 M
628 2669 41 27 ne
692 2671 141 47 Cécile
858 2671 126 48 Sorel
989 2672 103 65 fait
1119 2691 80 28 une
1224 2674 237 64 conférence
1483 2693 78 28 sur
1586 2677 37 44 le
1648 2677 202 62 mariage
1868 2679 52 45 de
1940 2679 45 46 la
2005 2679 189 64 musique
2212 2693 42 35 et
2278 2683 51 46 de
2354 2683 46 46 la
2427 2683 144 49 Poésie
2587 2685 81 57 ;il

108 2739 134 62 s'agit
429 2739 292 47 évidemment
1060 2740 108 46 d'un
1322 2742 200 62 mariage
1770 2743 52 46 de
1925 2743 161 47 raison.
2537 2744 131 47 Gusta

99 2812 56 45 les
166 2810 210 62 peintres,
400 2812 53 45 les
472 2812 231 62 sculpteurs
722 2824 41 35 et
783 2813 55 47 les
851 2831 224 44 graveurs
1093 2815 52 45 de
1166 2815 43 46 la
1230 2813 190 49 Maison
1440 2833 15 29 :
1481 2815 73 47 M
1555 2819 14 19 r
1592 2817 195 48 Gabriel
1801 2818 177 62 Pierné,,
2001 2822 106 45 beau
2114 2822 177 62 joueur,
2312 2824 153 47 inscrit
2484 2825 178 47 aussitôt

110 2902 28 26 a
219 2900 68 28 son
397 2893 283 52 programme
1016 2902 81 28 une
1241 2902 157 29 œuvre
1622 2885 57 46 du
1793 2885 199 47 musicien
2244 2885 76 64 qui
2448 2886 127 47 vient

98 2952 177 63 Astruc,
302 2952 163 49 s'étant
489 2955 288 47 adroitement
796 2956 152 61 grimé
975 2975 50 28 en
1063 2958 143 63 Ulysse
1229 2959 254 46 descendant
1507 2960 60 45 du
1592 2960 179 47 dernier
1808 2963 175 62 bateau,
2010 2983 40 28 se
2077 2972 199 54 présente
2310 2969 297 62 brusquement
2631 2969 29 47 à

99 3025 208 62 Pénélope
344 3025 75 63 qui
448 3044 39 27 se
513 3025 122 47 laisse
661 3027 162 46 tomber
846 3029 110 45 dans
980 3046 56 28 ses
1063 3030 100 44 bras
1186 3046 14 28 :
1232 3029 54 47 les
1310 3041 149 35 autres
1477 3031 289 61 prétendants
1790 3035 162 64 affolés,
1978 3034 299 51 s'entretuent,
2418 3039 72 47 M
2493 3043 16 19 r
2533 3038 127 67 Jean

99 3095 206 62 Nougués
329 3096 170 46 déclare
528 3096 311 64 officiellement
863 3116 79 45 que
974 3116 46 30 sa
1059 3100 223 46 Danseuse
1318 3101 52 45 de
1407 3100 189 63 Pompéï
1682 3114 59 35 est
1780 3104 38 45 le
1856 3106 187 46 résultat
2077 3106 110 47 d'un
2225 3109 185 47 travail
2439 3110 144 46 assidu
2621 3121 42 35 et

96 3166 210 66 d'efforts
326 3168 155 64 loyaux
506 3186 106 28 avec
649 3168 221 47 lui-même
900 3180 116 52 pour
1054 3171 185 62 toujours
1268 3181 247 52 progresser
1539 3173 109 46 dans
1675 3175 44 45 la
1746 3175 95 48 voie
1878 3176 117 64 qu'il
2018 3177 92 49 s'est
2136 3180 154 47 tracée.
2382 3180 73 47 La
2480 3181 182 47 cruauté

110 3238 142 46 inouïe
443 3238 52 46 de
595 3250 106 34 cette
858 3256 168 29 menace
1215 3248 220 55 provoque
1705 3260 83 28 une
1915 3242 317 46 consternation
2587 3248 81 56 gén

95 3309 190 64 d'lndy,
329 3308 223 47 directeur
584 3311 52 45 de
678 3311 43 45 la
763 3311 149 47 Schola
960 3313 249 46 Cantorum
1249 3325 59 35 est
1324 3321 172 39 nommé
1530 3314 28 46 à
1615 3317 45 46 la
1708 3317 126 47 classe
1888 3317 269 50 d'orchestre
2210 3323 57 44 du
2324 3322 339 47 Conservatoire

109 3380 232 47 National
641 3382 52 44 de
806 3380 189 64 musique
1242 3393 40 34 et
1371 3401 54 28 ae
1521 3383 288 48 déclamation
2133 3401 16 30 :
2216 3397 88 34 tous
2443 3386 56 45 les
2606 3403 62 30 mu

101 3450 337 63 décontenancés,
1303 3454 161 64 guelfes
1671 3466 42 35 et
1808 3455 55 46 les
1950 3455 135 63 petits
2257 3455 185 63 gibelins

2332 3593 178 50 Swift.
