2956 4028
724 129 490 71 L'HOMME
1277 129 183 81 QUI
1526 129 562 71 IMPROVISE

2639 156 35 69 3

124 300 159 60 pour
316 280 55 57 la
405 280 147 57 voix
588 280 71 58 de
696 294 171 44 toute
900 280 56 57 la
992 292 231 45 nature.
1262 277 133 57 Elle
1430 290 86 43 est
1564 274 77 73 là,
1686 276 296 62 heureuse
2032 295 58 43 et
2138 281 280 60 brillante
2452 308 14 47 ;
2522 297 58 45 et
2630 285 53 57 le

127 369 299 62 chanteur
459 393 59 36 se
551 371 267 58 l'associe
851 393 10 35 :
901 371 41 56 il
976 385 148 43 veut
1159 367 219 82 qu'elle
1411 367 164 80 parle
1611 391 14 46 ;
1663 381 59 43 et
1756 369 43 57 il
1834 369 221 60 chante
2088 394 157 58 pour
2278 374 130 59 elle.

313 463 168 57 Mais
529 463 55 57 la
635 461 255 57 douleur
940 460 152 57 n'est
1140 479 104 60 pas
1293 457 47 58 si
1390 463 197 63 naïve,
1635 471 59 44 et
1740 479 105 37 son
1879 460 215 80 procès
2127 484 72 37 va
2234 464 134 80 plus
2403 485 74 37 au
2512 463 169 60 fond.

129 553 380 58 L'immense
562 568 214 42 nature
834 565 85 45 est
970 572 83 37 un
1103 548 256 59 témoin.
1401 548 86 57 Le
1538 546 186 59 chant
1773 550 54 57 la
1877 572 340 62 convoque,
2268 577 156 57 pour
2466 555 217 80 qu'elle

124 643 485 80 l'accompagne.
649 643 78 57 Et
787 639 130 81 déjà
973 642 54 57 le
1084 639 184 58 chant
1328 652 85 43 est
1468 638 46 57 si
1572 635 143 73 fort,
1775 640 155 79 qu'il
1978 662 75 37 ne
2103 644 194 59 craint
2348 666 102 58 pas
2498 645 186 59 d'être

128 733 306 58 contredit
470 755 105 58 par
607 733 56 57 la
697 747 230 43 nature.
966 732 88 57 La
1088 730 239 80 passion
1361 724 136 61 finit
1533 748 108 60 par
1676 727 165 59 créer
1886 746 158 44 cette
2095 736 310 57 merveille
2443 756 12 37 :
2509 736 71 58 de
2630 737 53 58 la

128 840 232 54 nature,
398 824 112 58 elle
543 821 109 61 fait
687 824 54 56 la
778 822 160 58 basse
974 822 72 57 de
1082 842 104 37 son
1224 818 206 60 chant.

312 916 356 57 Merveilles
725 913 74 59 de
854 911 285 71 l'accord,
1205 908 310 60 adorables
1580 911 294 79 prestiges
1917 932 12 37 :
1990 913 71 58 ils
2123 915 393 61 s'annoncent
2580 918 102 70 ici,

128 1028 246 36 comme
429 1028 74 35 au
555 1002 448 61 frémissement
1059 1002 100 59 des
1210 1001 161 70 ailes,
1430 1000 227 80 l'Ange
1707 1000 326 61 s'annonce
2089 1002 32 60 à
2179 1005 225 73 Marie,
2462 1021 60 43 et
2578 1030 106 59 par

127 1096 230 80 l'Ange
391 1098 54 55 le
481 1094 220 82 parfait
736 1092 282 83 mystère.
1059 1094 201 56 Notre
1294 1090 286 81 musique
1615 1105 85 43 est
1736 1091 53 57 la
1825 1092 306 82 conquête
2180 1095 71 57 de
2301 1095 380 62 l'harmonie.

129 1188 89 57 La
269 1185 334 60 révélation
654 1185 72 57 de
774 1184 386 68 l'harmonie,
1214 1183 138 57 telle
1402 1195 86 43 est
1539 1197 175 43 notre
1748 1184 285 80 musique
2071 1205 12 37 :
2137 1205 119 51 car,
2293 1186 73 58 de
2399 1188 285 58 l'Ancien

127 1277 382 69 Testament,
547 1296 151 36 nous
732 1294 185 38 avons
951 1271 165 83 passé
1152 1293 135 38 sous
1321 1273 55 56 la
1409 1271 84 58 loi
1529 1270 81 59 du
1634 1271 329 61 Nouveau.
1990 1273 419 73 L'harmonie,
2438 1278 248 58 miracle

128 1368 75 58 de
236 1367 376 70 l'Occident,
647 1381 85 43 est
766 1367 57 56 la
857 1365 204 79 magie
1111 1363 81 58 du
1243 1362 207 72 chant,
1500 1362 421 59 l'incantation
1972 1364 72 59 de
2091 1365 261 59 l'amour
2400 1382 60 43 et
2509 1367 73 59 de
2632 1371 55 55 la

128 1457 385 60 mélancolie.
552 1457 88 57 Le
691 1456 217 80 simple
959 1453 207 72 chant,
1216 1453 55 57 la
1321 1452 266 60 mélodie
1639 1454 320 80 populaire
2016 1456 149 57 n'est
2221 1456 154 58 belle
2433 1457 136 80 qu'à
2632 1459 56 58 la

127 1547 179 81 façon
362 1548 80 59 du
495 1567 260 61 paysage
791 1570 14 47 ;
858 1547 151 57 mais
1060 1546 56 57 le
1171 1546 132 79 plus
1357 1543 153 59 beau
1566 1566 260 62 paysage
1878 1560 152 44 reste
2089 1567 74 37 en
2213 1546 146 81 deçà
2409 1547 72 59 de
2531 1550 155 71 l'art,

127 1640 44 57 il
205 1640 195 79 aspire
434 1660 74 36 au
546 1635 470 71 chef-d'œuvre,
1044 1636 42 57 il
1121 1633 266 60 cherche
1417 1633 405 60 Rembrandt.
1841 1636 301 81 J'appelai
2159 1636 156 80 jadis
2340 1639 55 57 la
2422 1636 266 61 mélodie

132 1730 316 80 populaire
484 1750 81 36 un
600 1748 282 62 paysage,
919 1741 57 44 et
1012 1726 55 57 le
1101 1746 261 60 paysage
1398 1748 118 35 une
1552 1724 268 59 mélodie
1855 1726 73 59 de
1962 1727 56 58 la
2053 1741 230 45 nature.

313 1819 381 81 Cependant,
731 1839 69 37 ce
834 1819 154 57 n'est
1025 1838 102 60 pas
1160 1838 162 37 assez
1356 1816 184 59 d'une
1576 1818 166 58 basse
1776 1816 270 61 confuse.
2086 1819 170 71 Non,
2292 1820 47 57 si
2385 1819 152 60 beau
2573 1821 115 59 soit

127 1912 53 57 le
216 1910 207 70 chant,
459 1910 49 59 si
542 1905 198 62 sacrée
774 1929 120 59 que
928 1909 199 79 puisse
1162 1908 125 57 être
1333 1908 56 57 la
1436 1908 187 80 ligne,
1674 1909 55 56 le
1779 1906 185 60 chant
2014 1909 154 58 n'est
2217 1931 102 59 pas
2368 1931 219 38 encore
2635 1912 54 57 la

129 2002 285 80 musique
449 2023 12 36 :
500 2000 43 58 il
576 1999 153 59 n'est
766 2021 119 58 que
919 1998 221 81 l'appel
1174 1997 32 59 à
1239 1999 55 57 la
1329 1999 303 80 musique.
1672 1999 206 80 Appel
1926 1998 99 60 sûr
2076 1999 186 59 d'être
2311 2000 286 60 entendu.
2637 2002 52 57 Il

128 2106 86 44 est
266 2092 55 57 le
379 2089 158 60 désir
590 2091 79 57 du
724 2089 250 59 miracle
1011 2114 12 45 ;
1080 2089 44 58 il
1176 2110 73 37 en
1300 2105 85 43 est
1435 2089 206 58 même
1691 2089 56 59 la
1801 2111 322 60 promesse.
2183 2091 53 58 Il
2287 2088 132 61 faut
2471 2112 216 38 encore

127 2181 346 81 l'évangile,
510 2202 156 60 pour
703 2202 118 59 que
857 2178 234 61 révélée
1127 2181 116 58 soit
1277 2181 56 57 la
1369 2182 284 79 musique
1686 2201 12 37 :
1737 2182 43 56 il
1812 2178 133 61 faut
1980 2181 382 61 l'harmonie.

312 2274 111 69 Or,
459 2271 301 58 l'homme
797 2272 106 80 qui
938 2271 336 80 improvise
1309 2284 86 45 est
1428 2271 56 57 le
1520 2270 185 59 chant
1742 2272 108 80 qui
1886 2272 250 57 invente
2169 2293 107 38 son
2323 2271 318 61 harmonie
2672 2298 12 47 ;

128 2378 57 44 et
222 2365 146 57 c'est
405 2362 71 59 de
509 2364 89 57 lui
635 2383 119 59 que
779 2362 63 79 je
876 2383 163 37 veux
1074 2361 127 57 dire
1235 2383 12 37 :
1286 2357 163 63 enfin
1483 2362 55 58 le
1573 2360 299 60 chanteur
1906 2378 85 43 est
2028 2364 302 80 musique.

303 2454 344 79 J'entrerai,
686 2453 401 69 maintenant,
1124 2450 144 60 dans
1300 2454 55 56 la
1404 2453 98 57 vie
1552 2450 348 62 intérieure.
1945 2454 74 77 Je
2069 2453 281 59 voudrais
2409 2451 278 84 pénétrer

128 2566 96 36 ces
260 2564 207 38 suaves
501 2540 298 74 ténèbres,
835 2539 79 61 où
950 2543 53 57 la
1039 2541 248 59 chaleur
1323 2543 72 57 de
1440 2543 56 57 la
1544 2544 98 57 vie
1693 2557 86 44 est
1829 2541 292 61 ramassée
2170 2566 99 36 sur
2317 2545 370 70 elle-même,

128 2657 248 37 comme
409 2635 54 58 la
496 2633 245 60 femelle
776 2634 106 80 qui
918 2655 217 50 couve,
1169 2634 55 57 la
1260 2634 120 57 tête
1416 2634 338 71 endormie,
1783 2633 227 82 repliée
2046 2635 143 59 dans
2215 2635 53 59 le
2296 2637 115 68 col,
2442 2635 246 80 pareille

128 2746 100 38 sur
261 2723 182 61 l'œuf
467 2723 188 60 caché
691 2723 30 59 à
762 2746 76 36 un
876 2743 138 60 gros
1049 2721 138 61 œuf
1213 2722 73 58 de
1321 2724 259 79 plumes.

1387 2918 61 58 II

312 3087 90 58 La
440 3087 129 79 joie
618 3086 74 58 de
741 3086 249 58 l'oiseau
1041 3086 147 58 n'est
1240 3086 159 58 donc
1448 3107 101 60 pas
1582 3087 56 57 la
1672 3087 162 58 seule
1869 3088 106 80 qui
2011 3102 176 66 porte
2222 3088 283 80 musique
2538 3090 18 55 ?
2596 3088 88 57 Ni

127 3180 151 59 celle
313 3178 73 58 de
420 3176 273 72 l'enfant,
730 3178 108 79 qui
873 3176 221 60 chante
1130 3197 245 39 comme
1409 3178 45 58 il
1488 3199 57 37 se
1596 3192 170 45 meut
1803 3200 13 37 :
1869 3181 43 56 il
1961 3181 143 70 crie,
2156 3181 45 56 il
2237 3178 146 80 joue
2433 3200 145 37 avec
2627 3200 60 37 sa

127 3271 148 57 voix
326 3284 59 43 et
434 3289 146 38 avec
630 3269 129 57 l'air
809 3269 153 80 qu'il
1008 3267 243 80 respire.
1291 3267 120 57 Son
1463 3266 185 60 chant
1700 3284 85 43 est
1836 3291 83 36 un
1969 3270 107 70 cri,
2128 3270 107 79 qui
2284 3290 33 37 a
2366 3266 216 60 trouvé
2631 3269 55 57 le

129 3360 314 83 rhythme.
475 3360 90 57 La
589 3360 164 56 vraie
782 3359 283 80 musique
1101 3360 170 56 vient
1307 3358 71 58 de
1413 3360 135 79 plus
1581 3360 147 58 loin.
1756 3360 133 58 Elle
1925 3382 32 36 a
1981 3382 80 36 un
2096 3360 80 74 jet
2203 3360 135 80 plus
2364 3359 150 58 haut
2544 3359 142 59 dans

128 3453 57 57 la
218 3449 281 60 solitude.
539 3450 82 57 Et
656 3449 151 80 qu'il
842 3449 117 58 soit
995 3448 110 72 dit,
1141 3448 272 72 d'abord,
1450 3471 118 58 que
1602 3450 56 57 la
1693 3451 283 79 musique
2027 3449 146 60 d'un
2223 3464 200 65 temps
2474 3448 212 61 révolu

128 3542 149 59 n'est
315 3542 133 79 plus
481 3540 53 58 la
567 3540 165 59 vraie
768 3540 302 80 musique.
1107 3540 207 56 Toute
1350 3542 283 78 musique
1668 3561 167 59 passe
1869 3562 244 37 comme
2147 3540 83 59 les
2281 3539 180 59 belles
2510 3540 74 59 de
2631 3542 56 57 la
