2956 4028
248 890 98 47 Peu
374 890 56 47 de
457 907 115 47 gens
596 901 162 36 savent
785 907 55 28 ce
865 888 114 63 qu'il
1009 899 83 48 est,
1120 899 47 34 et
1193 885 100 47 cela
1319 896 68 35 est
1415 884 107 45 bien
1550 881 202 61 naturel,
1786 900 77 28 car
1891 884 28 45 il
1954 884 78 48 n'a
2065 885 148 62 qu'un
2253 905 57 30 an
2359 888 303 52 d'existence.

102 960 41 47 Il
172 973 252 50 emprunte
451 978 83 29 son
564 960 288 47 mécanisme
879 959 27 47 à
931 957 122 49 celui
1082 957 56 46 de
1164 974 85 29 son
1275 954 124 61 aîné,
1427 954 124 45 deux
1580 952 85 47 fois
1691 955 287 60 centenaire,
2006 955 42 47 le
2128 956 139 48 Salon
2299 959 56 47 de
2394 961 216 60 peinture

200 1034 108 44 bien
334 1034 229 58 entendu,
591 1031 25 47 à
643 1031 43 46 la
711 1028 254 49 différence
993 1028 102 63 près
1122 1028 78 46 des
1226 1027 250 62 exigences
1501 1022 319 64 particulières
1846 1025 25 45 à
1898 1027 202 47 chacun.

249 1103 142 47 Voilà
437 1105 108 45 bien
591 1102 43 47 le
678 1114 219 35 moment
938 1102 55 45 de
1033 1098 209 64 rappeler
1280 1097 42 47 le
1360 1096 154 48 cliché
1554 1107 102 35 tant
1694 1096 56 46 de
1780 1096 85 47 fois
1890 1100 212 45 entendu
2126 1115 10 30 :
2379 1120 65 28 un
2472 1103 108 49 clou
2605 1122 61 31 au

104 1192 125 43 mur,
258 1175 43 47 le
329 1176 181 59 peintre
540 1185 111 49 peut
677 1190 193 44 exposer
896 1189 83 29 son
1009 1171 185 47 tableau
1218 1191 12 37 ;
1260 1168 116 46 mais
1402 1167 42 47 le
1471 1167 230 46 musicien
1731 1163 63 51 !...
1877 1166 38 47 11
1945 1181 66 33 est
2039 1168 54 47 de
2122 1171 233 47 notoriété
2380 1173 150 62 qu'un
2558 1175 109 48 clou

106 1263 61 30 ne
203 1247 172 46 saurait
418 1244 65 47 lui
510 1244 156 47 suffire
690 1261 10 30 :
741 1261 54 29 ce
833 1242 108 48 clou
981 1242 195 63 n'ayant
1212 1257 48 31 sa
1298 1239 151 46 raison
1490 1238 147 46 d'être
1675 1255 91 44 que
1800 1235 305 67 figurément,
2131 1252 69 36 est
2215 1243 241 47 considéré
2477 1262 190 31 comme

103 1318 177 62 grande
320 1317 253 47 attraction
621 1314 113 47 d'un
776 1329 300 47 programme
1106 1310 63 50 !...
1211 1310 144 60 Mais,
1396 1309 118 64 déjà,
1552 1326 107 30 sous
1698 1308 42 47 le
1778 1323 197 33 couvert
2013 1310 145 47 d'une
2190 1329 151 47 vague
2365 1319 302 61 synonymie,

103 1389 123 46 voici
254 1406 92 44 que
374 1387 42 47 le
442 1387 96 47 lien
564 1385 205 47 s'établit
795 1397 132 34 entre
955 1384 65 46 les
1047 1384 123 46 deux
1251 1382 163 48 Salons
1491 1397 10 30 :
1531 1379 123 47 celui
1682 1380 80 47 des
1792 1382 207 59 peintres
2037 1394 46 35 et
2121 1383 122 47 celui
2282 1385 79 46 des
2399 1388 268 48 musiciens.

249 1459 139 48 Dans
412 1459 42 46 le
482 1459 219 61 premier,
729 1458 281 45 fonctionne
1037 1473 64 28 un
1124 1455 111 64 jury
1261 1453 253 47 d'examen
1541 1450 173 64 chargé
1740 1451 301 63 d'admettre,
2082 1454 56 47 de
2178 1455 191 62 refuser,
2409 1458 58 45 de
2505 1459 165 47 classer

104 1543 49 35 et
181 1530 56 47 de
264 1529 331 62 récompenser
621 1528 65 47 les
723 1544 187 31 œuvres
946 1525 249 65 envoyées.
1237 1523 134 48 C'est
1407 1533 305 37 exactement
1750 1540 54 30 ce
1843 1524 80 62 qui
1962 1540 47 30 se
2049 1542 127 44 passe
2211 1543 61 29 au
2591 1530 79 47 des

104 1603 270 49 musiciens.
417 1600 70 47 Le
520 1601 110 64 jury
670 1599 57 45 de
765 1599 216 61 peinture
1020 1609 67 34 est
1126 1594 223 63 composé
1386 1595 228 46 d'artistes
1639 1606 143 52 ayant
1809 1594 82 47 fait
1917 1594 123 48 leurs
2065 1613 197 44 preuves
2289 1619 13 38 ;
2329 1597 44 47 le
2398 1600 178 47 comité

104 1690 93 43 car,
226 1674 121 45 chez
372 1670 66 48 les
465 1671 271 59 musiciens,
762 1669 42 47 le
832 1679 381 53 gouvernement
1240 1666 147 62 prend
1415 1683 52 29 ce
1495 1683 117 29 nom
1735 1666 56 46 de
1819 1666 361 61 professionnels
2205 1685 249 33 reconnus.

249 1742 71 48 Ce
338 1741 177 48 comité
530 1741 160 47 réunit
706 1740 65 47 les
788 1757 138 30 noms
943 1740 56 45 de
1018 1738 144 47 MM.
1183 1737 163 65 Balay,
1366 1736 86 48 Ph.
1472 1736 238 62 Bellenot,
1730 1736 215 65 Georges
1962 1736 252 63 Caussade,
2225 1738 61 47 M
2291 1742 51 21 me
2356 1740 314 63 Chaminade,

106 1815 146 49 MM.
281 1816 220 62 Auguste
527 1813 228 63 Chapuis,
785 1812 153 46 Henri
968 1810 199 60 Dallier,
1206 1810 184 48 Claude
1430 1808 239 66 Debussy,
1710 1807 57 50 E.
1810 1808 262 66 Destenay,
2115 1810 146 48 Louis
2300 1811 216 63 Diémer,
2557 1813 115 49 Paul

107 1887 183 60 Dukas,
320 1884 206 49 Camille
555 1883 249 64 Erlanger,
845 1881 66 50 G.
953 1881 313 63 Falkenberg,
1306 1879 201 64 Eugène
1547 1878 205 66 Gigout,
1792 1879 253 65 Reynaldo
2086 1881 163 62 Hahn,
2290 1879 213 68 Georges
2543 1886 129 62 Hue,

104 1959 122 64 Jean
256 1957 153 61 Huré,
437 1956 172 47 Albert
637 1954 259 64 Lavignac,
925 1954 222 46 Fernand
1176 1953 238 60 Leborne,
1443 1951 198 49 Charles
1667 1952 251 61 Lefebvre,
1948 1952 138 48 René
2128 1952 323 63 Lenormand,
2492 1956 182 48 Xavier

106 2029 212 60 Leroux,
360 2028 64 47 H.
465 2027 243 59 Letocart,
751 2025 152 47 Henri
944 2024 183 61 Libert,
1167 2024 154 46 Henri
1362 2022 146 61 Lutz,
1552 2023 153 46 Henri
1752 2022 268 62 Maréchal,
2072 2023 133 65 Jules
2256 2024 244 64 Meunier,
2542 2027 133 63 Jules

107 2102 262 61 Mouquet,
398 2098 241 62 Périlhou,
668 2098 94 48 Ch.
793 2097 247 61 Planchet,
1071 2095 114 49 Paul
1226 2095 169 64 Puget,
1424 2094 155 47 Raoul
1621 2094 185 65 Pugno,
1837 2095 153 46 Henri
2034 2095 215 63 Rabaud,
2282 2097 199 48 Charles
2519 2099 153 61 René,

106 2173 95 47 Ch.
242 2170 162 61 Silver,
445 2169 216 63 Georges
705 2169 193 62 Sporck,
945 2166 224 49 Maxime
1207 2168 237 59 Thomas,
1485 2165 56 50 F.
1580 2165 57 47 de
1677 2166 43 47 la
1767 2165 278 64 Tombelle,
2087 2166 198 49 Charles
2331 2168 343 64 Tournemire,

106 2243 118 49 Paul
252 2241 159 61 Vidal,
441 2241 166 47 André
633 2241 269 46 Wormser.

252 2312 103 47 Nul
383 2330 58 28 ne
470 2329 169 46 pourra
666 2312 101 45 nier
793 2310 43 47 le
863 2309 235 48 caractère
1126 2309 264 63 largement
1424 2307 260 64 éclectique
1722 2307 117 49 d'un
1879 2307 64 47 tel
1981 2323 318 49 groupement
2324 2333 13 38 ;
2379 2324 46 34 et
2463 2329 52 29 ce
2557 2310 118 49 n'est

106 2404 105 30 sans
238 2386 145 46 doute
409 2401 79 45 pas
513 2400 105 31 sans
644 2382 206 64 quelque
874 2382 199 63 surprise
1101 2381 58 47 de
1183 2399 47 29 se
1269 2392 191 36 trouver
1499 2380 156 48 réunis
1692 2392 171 35 autour
1903 2381 62 46 du
2004 2381 159 47 même
2202 2382 117 61 tapis
2356 2394 102 35 vert
2601 2401 76 30 ces

106 2469 147 36 sortes
280 2457 56 46 de
362 2456 117 62 tapis
503 2466 109 36 sont
638 2453 414 65 obligatoirement
1079 2464 123 35 verts
1230 2450 9 49 !
1363 2470 91 44 que
1481 2470 76 29 ces
1584 2469 137 30 noms
1747 2451 250 62 s'unirent,
2042 2452 296 62 néanmoins,
2368 2455 113 47 dans
2506 2453 43 47 la
2575 2455 102 62 plus

107 2527 204 50 cordiale
339 2527 79 46 des
442 2537 234 36 ententes.

254 2598 212 62 Lorsque
493 2597 65 47 les
582 2610 183 47 statuts,
794 2594 44 50 le
863 2594 282 65 règlement,
1173 2594 41 47 le
1244 2596 193 59 bureau,
1472 2592 148 63 enfin,
1647 2594 163 47 furent
1835 2593 276 62 constitués,
2150 2594 27 49 à
2202 2594 196 49 l'entrée
2426 2597 56 47 de
2509 2596 168 48 l'hiver

116 2685 151 45 IQII,
308 2686 95 29 une
449 2679 111 35 note
607 2668 73 46 fut
720 2666 210 48 adressée
973 2666 26 48 à
1042 2666 43 47 la
1129 2682 151 46 presse
1326 2666 56 45 de
1423 2664 127 49 Paris
1587 2677 47 34 et
1672 2666 81 45 des
1790 2664 365 64 départements.
2199 2666 101 48 Des
2337 2667 240 47 centaines
2620 2668 57 46 de

104 2743 240 63 journaux
372 2739 256 47 voulurent
656 2739 106 46 bien
790 2737 65 47 lui
884 2738 154 62 prêter
1063 2737 125 47 leurs
1213 2748 281 50 trompettes
1518 2748 63 50 et,
1609 2735 27 49 à
1661 2735 44 47 la
1729 2737 119 45 suite
1877 2735 143 49 d'une
2048 2737 109 47 telle
2196 2738 192 60 fanfare,
2416 2737 65 48 les
2517 2739 162 46 envois

111 2831 61 29 ne
217 2810 317 64 manquèrent
578 2827 79 44 pas
703 2808 221 48 d'arriver
964 2809 286 58 nombreux,
1296 2806 216 49 d'autant
1552 2806 118 64 plus,
1711 2824 90 46 que
1839 2819 107 36 tous
1984 2806 65 50 les
2086 2826 167 45 genres
2279 2808 174 48 étaient
2479 2809 149 47 admis
2652 2809 27 47 à

111 2884 289 61 l'exception
440 2883 78 45 des
555 2880 149 48 seules
741 2881 339 61 compositions
1118 2878 287 48 d'orchestre
1428 2900 14 37 ;
1482 2878 42 47 le
1607 2878 141 48 Salon
1829 2895 60 30 ne
1928 2892 211 49 pouvant
2176 2897 184 47 songer,
2387 2879 133 61 alors,
2548 2880 25 46 à
2610 2898 67 28 un

111 2955 211 48 coûteux
348 2953 398 62 développement
771 2950 117 63 qu'il
926 2951 122 47 n'est
1086 2968 79 44 pas
1190 2950 98 46 loin
1316 2950 56 47 de
1399 2950 217 62 prendre,
1642 2949 252 49 d'ailleurs.
1924 2949 145 63 Mais,
2108 2950 319 63 n'anticipons
2464 2968 93 44 pas.
2586 2950 95 48 Ces

111 3027 164 46 envois
291 3026 56 46 de
366 3024 282 47 manuscrits
750 3040 63 29 ou
831 3021 237 48 d'œuvres
1089 3020 209 65 publiées
1400 3022 358 60 comprenaient
1780 3021 80 47 des
1877 3034 200 49 sonates,
2097 3022 79 47 des
2196 3024 127 61 trios,
2342 3022 78 46 des
2439 3034 240 51 quatuors,

111 3099 81 47 des
211 3099 274 61 quintettes,
508 3096 79 46 des
609 3094 241 60 mélodies,
873 3095 80 45 des
972 3095 206 58 chœurs,
1200 3092 79 47 des
1298 3091 84 48 soli
1405 3110 118 44 pour
1541 3094 153 45 divers
1715 3094 324 60 instruments,
2063 3094 79 46 des
2161 3094 152 60 pièces
2331 3094 209 62 d'orgue,
2562 3105 118 47 etc.;

113 3170 55 47 ils
193 3170 163 45 furent
383 3166 191 47 d'abord
601 3165 244 47 examinés
863 3187 14 37 ;
906 3166 117 60 puis,
1049 3163 27 47 à
1101 3163 44 47 la
1169 3165 120 45 suite
1317 3163 145 47 d'une
1487 3163 180 47 lecture
1692 3182 61 28 au
1781 3165 155 61 piano,
1964 3163 165 49 classés
2155 3163 393 47 définitivement.

256 3240 86 59 Ici,
356 3256 94 29 une
463 3237 276 64 parenthèse
756 3255 10 29 :
788 3236 94 49 Cet
893 3254 201 30 examen
1113 3254 61 29 ne
1190 3247 134 51 porta
1340 3234 269 47 nullement
1620 3252 77 31 sur
1715 3234 65 49 les
2031 3236 318 62 particulières
2364 3254 91 29 aux
2467 3248 210 36 auteurs:

112 3330 76 30 ces
201 3312 256 46 tendances
468 3309 132 47 étant
616 3307 159 48 affaire
792 3321 134 34 entre
939 3326 91 29 eux
1049 3320 47 34 et
1114 3307 41 47 le
1174 3306 159 63 public
2600 3308 82 45 seul
1475 3308 132 60 mais,
1622 3308 76 60 ici,
1712 3307 43 46 le
2022 3308 80 47 des
2117 3309 205 60 peintres
2333 3308 156 45 donne
2507 3323 174 31 encore

115 3382 252 62 l'exemple
388 3398 9 31 :
423 3383 115 45 dans
557 3397 83 31 son
659 3397 202 29 examen
880 3378 233 63 préalable
1136 3378 30 47 il
1183 3397 26 28 a
1226 3377 42 48 le
1287 3378 159 47 devoir
1463 3377 229 48 d'écarter
1712 3378 66 47 les
1797 3378 234 47 chimères
2053 3379 54 46 de
2129 3396 194 44 pauvres
2341 3377 245 63 détraqués
2601 3379 79 61 qui

112 3473 61 29 ne
193 3466 164 36 savent
379 3469 78 45 pas
477 3469 59 30 au
551 3453 125 63 juste
696 3452 35 45 si
753 3450 42 47 le
817 3468 93 29 nez
929 3463 68 34 est
1024 3449 281 47 réellement
1315 3467 58 28 au
1388 3449 166 47 milieu
1575 3450 62 46 du
1658 3452 118 59 petit
1796 3450 174 63 visage;
1995 3449 64 47 les
2078 3450 198 46 audaces
2296 3450 58 46 de
2379 3450 202 46 certains
2601 3450 80 61 qui

115 3523 370 52 cambriolentla
503 3521 305 49 notoriétéau
827 3521 252 65 moyendu
1098 3520 218 47 scandale
1329 3538 58 29 en
1401 3532 189 35 tentant
1608 3520 243 62 d'exposer
1868 3520 65 47 les
1950 3521 119 61 pires
2081 3520 284 59 obscénités;
2383 3519 65 48 les
2464 3521 218 61 opinions

113 3599 57 46 de
198 3595 228 65 quelques
445 3607 169 47 autres,
640 3593 220 47 affichées
877 3610 59 30 en
959 3593 79 47 des
1057 3591 135 49 toiles
1217 3591 62 47 où
1306 3604 107 34 sont
1440 3590 187 48 bravées
1653 3591 66 47 les
1738 3591 327 49 élémentaires
2086 3608 345 44 convenances,
2453 3603 109 49 etc.,
2589 3602 91 36 etc.
