2956 4028
737 115 485 71 L'HOMME
1288 118 183 78 QUI
1537 115 559 71 IMPROVISE

2605 132 86 46 11

138 262 220 83 pensée
407 267 357 70 seulement,
809 266 62 80 je
926 266 227 58 touche
1205 266 55 58 le
1313 280 207 43 retour
1573 263 73 59 de
1698 263 200 59 l'onde
1950 286 100 37 sur
2107 263 353 59 elle-même
2509 275 59 43 et
2620 258 80 59 du

139 356 332 58 sentiment
506 357 108 80 qui
650 357 381 79 s'augmente
1064 378 11 36 :
1115 352 181 73 enfin,
1332 356 55 56 la
1421 352 397 83 mystérieuse
1855 352 324 61 résonance
2215 355 106 80 qui
2357 374 58 38 se
2452 351 156 58 brise
2643 364 58 44 et

142 466 58 39 se
230 444 376 76 démembre,
628 468 106 38 son
763 446 32 59 à
821 469 127 51 son,
979 469 156 58 pour
1162 468 58 37 se
1246 445 147 58 faire
1422 446 212 57 mieux
1663 444 333 61 connaître.
2024 446 184 57 Point
2236 445 73 58 de
2337 441 364 71 confession,

141 557 129 38 sans
303 538 214 58 l'aveu.
557 538 80 58 Et
688 558 130 38 sans
867 534 333 73 confiance,
1242 536 174 80 point
1468 534 71 58 de
1590 531 373 64 confidence.
2004 535 160 60 C'est
2215 557 58 36 se
2323 535 181 58 livrer
2554 552 146 38 avec

141 648 218 38 amour
387 649 79 37 ou
503 628 80 58 du
618 630 201 56 moins
854 649 144 37 avec
1034 625 278 61 sécurité.
1340 625 108 71 Là,
1486 640 136 45 tout
1657 640 85 44 est
1778 624 108 72 foi,
1911 642 135 43 tout
2081 643 85 43 est
2193 624 249 61 fidélité.
2471 625 79 57 Et
2574 624 46 58 si
2649 624 55 56 le

142 717 185 61 chant
349 719 170 57 vient
555 719 73 59 de
663 720 180 58 l'âme
877 715 177 61 fidèle
1088 717 32 58 à
1147 738 104 38 son
1281 717 281 58 bonheur
1590 731 57 43 et
1676 715 31 59 à
1733 738 59 36 sa
1818 717 200 80 peine,
2043 715 141 61 bref
2208 715 31 60 à
2272 719 54 56 la
2363 718 94 56 vie
2495 739 13 47 ;
2547 736 79 37 ou
2654 713 47 58 si

139 809 56 57 la
216 804 230 62 fidélité
481 808 80 58 du
599 831 169 37 cœur
802 809 126 57 nait
962 807 32 58 à
1028 809 55 56 la
1116 827 239 38 mesure
1390 806 80 58 du
1517 806 206 72 chant,
1754 807 42 57 il
1831 808 328 79 n'importe
2190 828 11 37 :
2232 808 72 57 ils
2330 803 370 84 s'épousent,

141 900 70 58 ils
245 915 134 43 sont
416 901 136 57 unis
586 901 406 57 tendrement.
1025 900 199 57 Notre
1261 897 187 60 chant
1483 912 84 43 est
1604 898 162 80 plein
1804 897 73 58 de
1911 894 211 63 fiance.
2161 900 88 57 La
2287 896 88 59 foi
2410 896 290 58 musicale

141 1005 84 43 est
263 990 273 73 toujours
570 988 356 83 profession.

322 1081 170 59 Tout
551 1082 171 69 ainsi,
781 1080 528 80 l'lmprovisateur
1365 1079 306 80 suprême,
1729 1080 107 79 qui
1895 1094 85 43 est
2038 1079 306 68 l'Amour,
2400 1076 179 60 mène
2645 1076 55 57 le

141 1187 402 41 mouvement
579 1171 317 59 universel.
931 1171 86 57 Le
1054 1170 298 57 musicien
1383 1171 108 79 qui
1528 1170 331 80 improvise
1895 1185 167 43 entre
2090 1170 144 57 dans
2268 1190 66 37 ce
2364 1166 294 83 rhythme
2683 1187 12 36 :

141 1261 40 58 il
216 1261 54 58 le
306 1275 186 58 tente,
529 1261 205 58 même
769 1260 205 80 quand
1009 1261 41 56 il
1086 1281 72 36 ne
1192 1258 111 59 fait
1341 1259 185 81 qu'un
1577 1282 78 35 ou
1704 1260 161 57 deux
1898 1281 121 59 pas.
2062 1260 208 57 L'âme
2306 1258 72 58 de
2411 1258 290 57 l'univers

141 1352 148 58 n'est
325 1372 103 60 pas
463 1373 80 36 un
581 1366 132 43 mot
749 1373 156 59 pour
948 1352 55 56 le
1037 1352 122 56 vrai
1202 1350 298 59 musicien
1535 1371 12 37 :
1585 1352 111 56 elle
1742 1364 87 45 est
1864 1350 273 79 toujours
2170 1348 74 72 là,
2282 1371 72 35 en
2391 1345 306 84 présence.

141 1443 134 57 Elle
310 1458 86 43 est
433 1463 104 37 son
574 1439 231 61 souffle.

322 1532 245 58 L'oubli
604 1533 71 57 de
711 1533 349 70 soi-même,
1097 1554 74 35 au
1210 1547 276 43 moment
1524 1529 78 61 où
1638 1533 55 57 le
1729 1533 144 57 Moi
1910 1555 71 34 en
2018 1533 232 79 passion
2291 1551 56 37 se
2394 1527 227 82 répand
2672 1524 30 60 à

141 1620 240 75 l'infini,
409 1621 132 60 élan
571 1622 267 59 cardinal
866 1621 72 58 de
965 1623 55 56 la
1055 1623 306 79 musique,
1387 1620 262 61 délivrée
1677 1621 73 58 de
1776 1636 173 43 toute
1985 1621 263 58 formule
2282 1641 10 36 :
2333 1618 369 78 l'arabesque

141 1735 57 37 se
235 1715 230 57 calcule
501 1714 172 69 ainsi,
710 1734 129 38 sans
873 1714 55 57 le
962 1714 219 71 savoir,
1216 1734 101 38 sur
1350 1715 54 56 le
1442 1714 138 80 plan
1616 1714 169 57 divin
1823 1714 72 57 de
1933 1714 317 57 l'instinct.
2291 1712 265 56 Comme
2592 1709 112 57 elle

141 1820 86 43 est
277 1825 237 50 amour,
565 1805 54 56 la
670 1805 286 79 musique
1006 1819 83 43 est
1141 1825 120 37 une
1314 1801 273 61 création
1639 1801 79 60 où
1768 1804 53 57 le
1856 1801 295 71 créateur,
2190 1823 79 35 un
2309 1814 301 55 moment,
2645 1819 59 37 se

141 1916 282 36 renonce.
462 1894 112 70 Or,
612 1916 67 36 ce
713 1893 265 83 mystère
1013 1909 85 43 est
1133 1895 54 57 le
1225 1895 134 79 plus
1393 1894 152 58 beau
1580 1909 58 43 et
1672 1895 55 56 le
1755 1895 134 79 plus
1923 1894 154 57 saint
2112 1891 72 59 de
2221 1907 136 42 tous
2392 1910 158 37 ceux
2585 1909 119 59 que

138 1985 304 59 l'homme
476 2001 147 66 peut
660 1984 337 74 connaître,
1032 1999 59 45 et
1127 1987 105 80 qui
1270 2007 57 37 se
1364 1984 238 60 dévoile
1653 1983 31 60 à
1733 1985 108 70 lui,
1889 1983 196 60 tandis
2132 1983 150 80 qu'il
2324 1980 331 82 improvise
2688 2002 12 35 :

138 2077 56 57 la
230 2074 269 60 création
536 2091 86 43 est
656 2076 141 58 bien
834 2097 80 36 un
952 2091 438 43 renoncement
1427 2076 80 58 du
1531 2073 273 60 créateur
1836 2096 12 37 :
1887 2074 42 57 il
1957 2095 57 36 se
2042 2093 264 37 renonce
2334 2092 105 60 par
2467 2091 233 37 amour.

326 2168 86 57 Le
447 2168 228 57 sourire
711 2167 184 58 d'une
931 2166 214 59 beauté
1182 2168 102 80 qui
1324 2168 182 69 aime,
1557 2167 54 57 la
1661 2162 80 61 fin
1796 2166 181 57 d'une
2030 2186 130 36 rose
2215 2163 146 57 dans
2409 2157 306 62 l'excessif

141 2256 193 60 délice
371 2258 71 58 de
477 2279 57 37 sa
569 2258 134 80 plus
738 2279 181 37 suave
955 2257 209 70 odeur,
1200 2258 54 58 la
1304 2258 204 80 parole
1552 2256 78 58 du
1686 2255 179 81 poète
1903 2256 107 80 qui
2044 2255 252 57 domine
2333 2274 58 36 sa
2427 2252 277 67 douleur,

138 2349 87 57 lui
261 2347 273 59 donnant
564 2370 58 36 sa
647 2346 197 60 forme
880 2349 52 55 la
960 2350 134 79 plus
1122 2349 221 80 pleine,
1375 2364 56 42 et
1460 2349 54 55 le
1542 2345 180 82 génie
1750 2346 80 57 du
1862 2346 297 57 musicien
2189 2366 103 59 qui
2320 2344 334 78 improvise
2686 2363 11 35 :

138 2436 161 60 voilà
324 2439 293 78 quelques
639 2451 308 45 moments
970 2437 72 59 de
1070 2459 69 37 ce
1167 2436 270 60 créateur
1469 2437 142 59 dans
1634 2458 104 37 son
1770 2450 457 43 renoncement.
2257 2435 87 56 Le
2372 2434 329 57 sentiment

141 2530 125 59 seul
322 2530 332 80 improvise
692 2551 11 36 :
758 2530 43 56 il
837 2551 30 35 a
917 2529 363 58 l'invention
1318 2528 395 81 perpétuelle.
1752 2528 167 58 C'est
1957 2524 253 82 Orphée
2248 2525 106 80 qui
2390 2521 226 60 délivre
2650 2523 56 57 la

141 2618 269 60 mélodie
444 2620 244 79 captive
722 2619 145 57 dans
901 2619 83 57 les
1018 2618 267 58 accords.
1317 2619 71 79 Je
1426 2619 164 80 parle
1638 2639 156 59 pour
1843 2618 53 56 le
1948 2617 324 68 musicien,
2323 2631 58 41 et
2432 2634 118 37 non
2606 2633 100 60 pas

145 2732 154 60 pour
332 2711 84 57 les
452 2711 381 57 raisonneurs
867 2711 73 57 de
975 2711 305 78 musique.

327 2801 88 57 La
451 2799 303 82 grandeur
788 2799 73 59 de
899 2799 353 59 Beethoven
1290 2801 150 57 n'est
1487 2799 165 58 nulle
1689 2813 133 66 part
1858 2799 152 56 aussi
2048 2794 318 61 manifeste
2403 2796 180 78 qu'en
2621 2813 86 37 ses

143 2907 215 66 quatre
411 2914 79 35 ou
541 2892 145 80 cinq
736 2891 267 58 derniers
1044 2892 327 64 Quatuors.
1425 2891 78 57 Ils
1554 2905 135 43 sont
1738 2890 56 57 la
1845 2890 339 80 perfection
2237 2887 78 58 du
2370 2885 177 81 génie
2598 2885 103 78 qui

142 2982 353 82 improvise.
545 2982 71 78 Je
666 3003 163 36 veux
881 2979 408 82 précisément
1341 2980 128 58 dire
1511 3001 118 60 que
1679 2981 157 57 leurs
1888 2981 134 79 plus
2071 2979 182 58 belles
2302 2976 220 80 parties
2571 2972 134 59 font

145 3071 195 83 figure
399 3072 182 59 d'une
639 3072 466 82 improvisation
1167 3070 277 82 parfaite.
1508 3072 87 58 Le
1658 3069 111 61 fait
1835 3071 204 57 même
2098 3069 72 58 de
2235 3067 300 60 l'homme
2602 3065 105 80 qui

145 3165 355 80 improvise,
538 3177 56 44 et
631 3184 104 37 son
772 3164 136 80 plus
959 3163 149 58 haut
1158 3164 257 79 exploit,
1458 3163 62 80 je
1569 3163 280 57 l'admire
1901 3161 143 59 dans
2094 3161 53 56 le
2202 3156 208 63 thème
2460 3177 145 36 avec
2655 3158 52 54 la

141 3254 303 60 variation
480 3252 380 82 inépuisable
893 3276 10 35 :
942 3254 103 70 ici,
1083 3252 368 81 l'arabesque
1487 3249 135 61 finit
1657 3273 108 60 par
1801 3266 205 66 porter
2039 3252 55 57 le
2130 3250 327 57 sentiment
2508 3244 30 60 à
2591 3266 115 36 une

142 3346 349 81 expression
543 3346 278 58 sublime.
863 3344 167 59 Dans
1081 3366 96 37 ces
1227 3365 236 38 œuvres
1512 3346 46 55 si
1610 3340 211 61 chères
1869 3365 75 35 au
2000 3342 317 68 musicien,
2370 3339 81 57 les
2485 3337 222 81 parties

143 3436 329 81 caduques,
509 3436 83 57 les
626 3436 189 57 seules
851 3436 106 78 qui
995 3434 209 80 gâtent
1241 3456 78 36 ou
1355 3448 287 66 rompent
1675 3432 344 70 l'émotion,
2071 3432 107 80 qui
2229 3427 224 82 parfois
2505 3427 202 57 même

141 3530 56 58 la
231 3526 134 61 font
402 3526 347 72 descendre,
778 3540 134 46 sont
941 3525 146 59 dues
1119 3523 31 60 à
1185 3526 54 57 la
1267 3526 394 80 superstition
1693 3525 72 57 de
1790 3525 56 57 la
1873 3522 198 60 forme
2104 3547 13 36 :
2159 3522 139 57 elles
2326 3541 74 37 ne
2428 3520 277 57 tiennent
