2956 4028
634 175 173 69 LES
870 175 376 68 VIRGIN
1254 177 63 66 A
1330 172 333 69 LISTES
1726 175 449 69 ANGLAIS

2591 201 100 70 29

302 1615 103 59 On
460 1636 75 37 ne
587 1635 239 37 reverra
878 1613 157 82 plus,
1090 1626 60 43 et
1203 1609 74 60 de
1326 1609 376 82 longtemps,
1759 1608 74 59 de
1886 1609 219 82 pareils
2158 1611 234 81 visages
2449 1612 145 57 dans
2646 1615 56 57 la

117 1707 288 80 musique
440 1705 73 59 de
548 1705 246 58 clavier.
833 1701 394 61 L'orchestre
1263 1701 148 71 seul,
1448 1715 58 44 et
1542 1698 361 61 l'orchestre
1937 1700 316 72 moderne,
2291 1722 127 39 sera
2453 1702 249 81 capable

117 1799 74 58 de
219 1797 327 82 reprendre
583 1818 159 59 pour
767 1816 107 39 son
904 1809 252 66 compte
1184 1815 95 37 ces
1307 1794 325 58 tentatives
1660 1791 241 60 hardies
1928 1808 58 43 et
2014 1792 75 59 de
2116 1794 83 58 les
2234 1815 211 38 mener
2479 1794 31 59 à
2538 1796 160 60 bien.

120 1890 176 59 Seule
332 1889 153 58 aussi
540 1902 178 44 notre
769 1900 175 45 toute
986 1885 186 81 jeune
1228 1885 287 81 musique
1570 1904 152 38 nous
1776 1882 271 60 donnera
2082 1885 54 57 la
2172 1882 128 61 clef
2326 1885 81 58 du
2442 1885 262 83 langage

117 1980 436 80 harmonique,
591 1978 148 59 dont
775 1978 84 58 les
894 1976 409 82 virginalistes
1338 1990 107 45 ont
1482 1973 268 62 cherché
1781 1976 80 59 les
1894 1973 297 62 formules
2224 1992 61 43 et
2321 1979 293 79 pressenti
2648 1979 56 58 la

115 2070 242 73 beauté,
394 2068 462 85 parallèlement
892 2091 122 37 aux
1047 2067 222 82 grands
1305 2067 431 61 chromatistes
1776 2068 260 60 italiens.

304 2164 146 59 Non
488 2163 178 81 point
704 2183 120 60 que
859 2159 367 60 l'harmonie
1263 2159 73 60 de
1367 2159 138 60 Bull
1532 2161 118 58 soit
1686 2159 149 59 celle
1872 2159 73 59 de
1974 2159 170 60 Bach
2173 2182 79 37 ou
2289 2161 75 58 de
2402 2162 298 72 Rameau,

118 2256 150 58 celle
305 2255 191 82 qu'on
531 2269 149 67 peut
715 2253 250 83 appeler
992 2253 297 80 classique
1324 2266 61 43 et
1420 2251 151 59 dont
1598 2251 322 59 l'essentiel
1948 2266 87 44 est
2064 2251 237 59 d'avoir
2334 2250 112 60 fait
2482 2255 185 57 triom-

117 2346 156 83 pher
305 2346 442 81 l'omnipotent
798 2343 253 75 majeur.
1106 2345 153 57 Bien
1310 2365 77 37 au
1437 2343 327 72 contraire,
1811 2342 113 59 elle
1959 2343 303 82 participe
2296 2341 32 61 à
2362 2345 56 57 la
2450 2342 117 61 fois
2602 2345 102 59 des

116 2439 329 59 anciennes
479 2451 60 45 et
592 2436 102 59 des
747 2436 315 59 nouvelles
1115 2434 329 59 tendances
1494 2435 251 70 tonales,
1783 2435 112 57 elle
1947 2431 197 62 hésite
2190 2449 170 44 entre
2394 2434 308 61 l'écriture

116 2529 293 61 verticale
443 2543 60 44 et
537 2526 315 60 l'écriture
888 2526 410 71 horizontale,
1334 2526 113 59 elle
1484 2525 268 60 cherche
1786 2539 171 45 entre
1990 2525 83 60 les
2107 2547 137 38 sons
2277 2525 103 61 des
2416 2528 287 59 relations

118 2623 252 57 intimes
404 2634 60 45 et
499 2618 259 61 hardies.
800 2618 82 58 Et
916 2632 137 46 tout
1082 2618 153 71 ceci,
1264 2639 148 37 avec
1440 2638 121 37 une
1589 2614 485 84 indépendance,
2113 2638 79 37 un
2232 2618 153 80 goût
2420 2639 248 61 progres-

117 2714 161 70 siste,
316 2711 300 81 auxquels
650 2711 55 58 la
741 2708 241 61 théorie
1034 2709 74 59 de
1161 2709 159 80 l'âge
1373 2709 243 59 suivant
1669 2728 75 38 va
1796 2707 240 61 bientôt
2088 2723 222 43 mettre
2346 2708 119 60 bon
2503 2709 199 73 ordre,

118 2805 154 58 mais
308 2824 120 61 que
462 2803 86 59 les
583 2802 333 58 musiciens
964 2802 231 58 actuels
1231 2813 361 46 trouveront
1628 2798 489 84 sympathiques.
2157 2801 230 64 Quand
2421 2822 77 37 on
2535 2822 167 60 passe

118 2895 77 59 de
228 2896 55 57 la
318 2893 282 83 tyrannie
649 2892 84 59 du
788 2892 149 59 Code
983 2891 66 58 de
1097 2890 248 83 musique
1393 2905 59 44 et
1504 2890 72 59 de
1626 2911 61 38 sa
1734 2890 166 59 basse
1942 2888 476 74 fondamentale,
2455 2891 146 60 dans
2648 2893 56 58 le

118 2987 229 82 joyeux
382 2984 362 61 tohu-bohu
797 2984 81 59 du
931 2984 404 59 Fitzwilliam
1387 2981 197 72 Book,
1636 3004 79 37 on
1762 2980 271 84 éprouve
2083 2984 56 57 la
2183 2984 304 58 sensation
2522 2984 182 59 d'une

120 3078 369 59 délivrance.
554 3076 116 59 Les
723 3072 307 63 confrères
1084 3074 73 59 de
1218 3072 282 83 Farnaby
1553 3088 60 44 et
1649 3072 73 61 de
1758 3074 166 82 Byrd
1957 3089 139 44 sont
2153 3072 32 60 à
2242 3095 119 61 peu
2413 3072 136 84 près
2583 3074 32 59 à
2648 3076 56 57 la

120 3170 205 60 même
361 3168 274 59 distance
671 3189 119 60 que
845 3188 155 38 nous
1052 3165 73 60 de
1176 3187 71 38 ce
1296 3164 231 60 XVIII
1534 3168 18 20 e
1584 3163 203 75 siècle,
1840 3187 120 59 que
2008 3165 128 60 l'on
2173 3180 148 66 peut
2356 3164 348 61 considérer

118 3282 251 39 comme
402 3260 54 58 le
493 3259 177 81 point
705 3272 165 46 mort
907 3258 74 58 de
1025 3272 177 44 notre
1237 3254 320 62 évolution
1593 3255 434 84 harmonique.
2068 3257 175 58 Chez
2276 3278 141 51 eux,
2454 3278 248 38 comme

120 3351 155 61 chez
309 3371 175 51 nous,
525 3351 56 57 la
615 3351 288 80 musique
937 3363 88 45 est
1061 3370 75 38 en
1170 3346 275 73 marche,
1482 3348 157 58 mais
1672 3347 144 59 dans
1853 3370 81 36 un
1970 3368 132 40 sens
2148 3346 247 83 opposé.
2437 3348 80 60 Ils
2552 3363 151 45 vont

117 3465 133 38 vers
285 3438 411 62 l'unification
733 3440 103 59 des
871 3440 211 59 modes
1114 3465 14 48 ;
1170 3460 154 38 nous
1358 3460 154 38 nous
1546 3461 73 37 en
1656 3437 342 84 éloignons.

302 3535 178 58 Avec
516 3547 162 45 cette
720 3530 334 62 différence
1091 3530 365 83 cependant,
1494 3553 120 60 que
1649 3553 153 38 nous
1837 3553 209 50 avons,
2083 3553 157 60 pour
2275 3553 152 38 nous
2463 3532 239 81 guider,

116 3624 416 84 l'expérience
592 3624 72 59 de
701 3625 148 58 trois
897 3622 231 74 siècles,
1164 3639 59 44 et
1271 3624 56 58 le
1362 3622 185 60 credo
1598 3622 74 60 de
1722 3644 108 37 nos
1866 3622 221 82 grands
2121 3621 267 61 maîtres.
2428 3622 117 60 Les
2578 3625 95 58 vir-
