3052 4293
1474 216 66 71 S.
1606 216 56 71 I.
1733 216 108 71 M.

483 303 0 0 42

524 360 135 47 Dans
687 360 199 45 l'ombre
913 360 64 47 les
1003 375 200 47 groupes
1228 379 47 29 se
1302 362 209 46 forment
1536 379 9 29 :
1583 377 61 31 on
1675 362 166 47 devine
1870 362 198 48 étendus
2092 381 78 29 sur
2198 366 79 47 des
2303 369 116 59 tapis
2448 369 182 47 bossués
2655 370 55 46 de
2739 374 203 44 coussins

379 431 78 46 des
486 432 361 60 mercures,*des
872 432 230 60 vulcains,
1131 432 79 46 des
1238 433 227 61 Actéons,
1494 433 80 47 des
1602 433 198 63 Dianes,
1830 435 77 45 des
1932 435 188 62 Junons
2144 452 9 31 :
2184 437 225 61 quelques
2435 438 217 49 lumières
2674 442 166 62 jouent
2867 460 74 29 sur

1705 505 78 46 des
1825 506 150 59 tiares,
2016 506 78 46 des
2135 506 197 63 colliers,
2375 510 243 47 modèlent
2662 513 78 45 des
2784 527 154 47 torses,

1706 576 319 62 badigeonnés
2050 577 25 46 à
2104 577 41 46 la
2184 578 238 66 Nijinsky,
2451 581 219 47 danseurs
2710 585 232 47 inconnus

1703 659 47 32 et
1794 647 177 62 indigo,
2013 648 77 46 des
2141 649 123 46 faces
2308 652 266 46 cramoisies
2620 653 54 46 de
2720 654 174 48 Silènes
2927 673 10 30 :

1703 718 140 45 dieux
1882 719 129 45 bleus
2046 732 45 33 et
2137 738 91 28 nez
2256 738 179 46 rouges.
2466 722 63 47 Et
2558 736 103 34 tout
2689 742 52 29 ce
2768 727 172 46 monde

1702 788 176 47 étonné
1906 788 167 48 écoute
2101 802 46 34 et
2174 793 206 61 regarde.

1847 860 93 47 Car
1992 861 103 64 déjà
2140 861 42 46 la
2232 863 367 61 représentation
2646 884 292 31 commence.

1703 930 136 48 Dans
1859 950 53 28 ce
1935 933 140 46 décor
2097 933 133 60 idéal,
2249 952 106 29 sous
2374 947 122 34 cette
2520 936 194 47 lumière
2736 941 204 59 exquise,

1701 1002 65 46 les
1793 1004 332 61 pantomimes,
2155 1004 63 47 les
2259 1006 161 47 ballets
2456 1007 234 47 semblent
2724 1026 66 29 un
2817 1011 121 46 rêve.

1702 1073 64 47 Et
1785 1074 221 46 l'illusion
2021 1077 187 61 grandit
2220 1094 170 29 encore
2409 1096 91 27 aux
2519 1082 221 58 premiers
2752 1082 190 45 accords

1702 1146 56 45 de
1786 1145 271 48 l'orchestre
2086 1165 88 44 que
2203 1148 145 63 dirige
2388 1149 41 46 le
2468 1162 160 33 savant
2668 1150 270 62 Desportes.

1701 1218 136 46 Avec
1865 1236 183 43 amour,
2078 1219 28 44 il
2134 1237 26 27 a
2188 1220 232 61 retrouvé,
2453 1222 251 60 orchestré,
2739 1223 201 45 restauré

1700 1290 56 44 de
1780 1291 140 44 vieux
1941 1291 87 45 airs
2050 1308 187 28 comme
2261 1304 75 33 cet
2355 1292 216 46 adorable
2599 1293 150 46 Ballet
2776 1294 162 45 Italien

1699 1361 56 45 de
1785 1359 64 50 G.
1880 1362 44 44 di
1955 1361 309 64 Caravaggio,
2293 1375 46 33 et
2367 1363 29 45 il
2429 1364 166 45 mérite
2620 1365 105 46 bien
2765 1364 174 47 d'avoir

1699 1432 253 46 rencontré
1990 1451 64 27 un
2095 1435 156 45 artiste
2292 1435 75 61 qui
2409 1434 64 47 lui
2515 1436 158 45 donne
2712 1453 52 29 ce
2804 1437 134 45 cadre

1698 1505 191 61 unique.

1842 1575 108 46 Puis
1967 1576 119 45 voici
2111 1576 207 46 Bernard
2344 1578 211 59 Naudin,
2575 1580 78 60 qui
2683 1577 115 47 l'eut
2826 1577 113 47 cru?

1698 1647 115 46 Non
1854 1664 76 43 pas
1967 1648 193 45 Naudin
2199 1648 41 45 le
2268 1665 211 45 graveur,
2509 1649 116 46 dont
2653 1649 41 46 le
2725 1649 210 46 Pavillon

1698 1718 54 45 de
1775 1717 195 47 Marsan
1993 1719 177 45 admire
2193 1718 40 46 le
2259 1721 135 44 burin
2418 1720 170 62 féroce,
2609 1722 114 44 mais
2741 1721 195 46 Naudin

1697 1790 246 59 musicien,
1986 1790 194 45 Naudin
2221 1794 315 57 compositeur
2582 1805 46 32 et
2674 1794 264 59 pasticheur

1697 1861 55 44 de
1793 1860 216 46 Rameau
2049 1861 113 46 dans
2200 1879 65 28 un
2307 1875 199 49 quatuor
2589 1863 70 46 Le
2689 1863 178 46 Butard

1699 1931 232 61 Pourquoi
1986 1950 58 27 ne
2096 1949 78 44 pas
2226 1933 181 45 donner
2460 1934 222 61 quelques
2742 1951 195 44 preuves

1696 2003 61 45 du
1798 2002 147 46 talent
1985 2004 55 44 de
2083 2016 74 33 cet
2202 2016 165 34 auteur
2407 2006 214 45 inconnu
2662 2017 46 34 et
2745 2006 116 45 dont
2894 2005 41 46 la

1695 2074 213 61 musique
1937 2074 252 46 deviendra
2216 2093 98 27 rare
2336 2074 14 47 ?

646 2045 246 38 P
892 2045 47 38 aul
955 2045 79 38 P...t
1050 2045 47 38 par
1113 2045 32 38 H.
1161 2045 110 38 Berquin
