2736 3904
1321 298 159 32 330

476 423 49 63 Le
556 420 157 66 dernier
740 419 130 72 poème
901 416 176 71 composé
1105 425 71 61 par
1202 414 84 72 Ary
1313 414 190 64 Justman.

895 561 255 99 Jeu
1226 551 678 107 d'Enfant

477 737 274 56 L'enfant
787 736 175 54 laissé
998 741 32 47 à
1070 733 88 54 soi

477 831 158 56 Bâtit
668 849 108 37 son
818 830 106 54 ciel
961 847 142 36 avec
1145 846 94 37 ses
1280 826 189 53 mains
1510 840 247 38 menues

477 925 161 56 Ecrit
678 924 209 54 dessus
922 941 94 36 ses
1055 927 170 49 rêves
1265 917 391 74 fantastiques

480 1076 75 55 Sa
595 1075 236 73 logique
875 1072 332 55 s'enchaîne
1252 1087 104 56 par
1397 1068 104 54 des
1547 1066 331 55 merveilles
1915 1065 277 54 violettes

480 1169 76 56 Sa
593 1168 138 54 voix
767 1170 273 70 pressent
1080 1164 105 54 des
1220 1162 226 55 visions

481 1261 76 58 Sa
600 1261 157 55 main
805 1261 84 54 les
931 1259 214 55 touche

480 1411 268 73 Lorsque
786 1427 108 36 son
936 1409 104 53 ciel
1079 1405 348 56 s'obscurcit
1466 1404 284 54 s'écroule

481 1498 98 54 Un
603 1502 263 49 monstre
895 1500 340 69 grotesque,
1270 1512 80 37 un
1378 1493 421 73 hippopotame
1834 1491 53 54 le
1924 1490 221 56 dévore

482 1590 132 55 Une
654 1589 354 56 contrariété
1047 1587 427 73 mélancolique

1606 1679 104 54 des
1752 1679 217 55 larmes

480 1833 85 55 La
605 1833 138 53 voix
778 1834 262 51 nuancée
1079 1829 141 55 d'un
1262 1829 136 54 bleu

477 1926 73 54 de
588 1942 273 37 nouveau
910 1922 243 56 l'enfant
1196 1941 142 35 avec
1381 1940 94 35 ses
1517 1923 191 53 mains
1764 1940 244 36 menues
2053 1921 150 55 bâtit
2245 1942 109 36 son

478 2020 107 53 ciel
624 2037 131 36 rose

1538 2093 141 70 Ary
1734 2093 396 55 JUSTMAN

1107 2377 547 75 Allusions

308 2534 111 36 Juan
443 2533 98 38 Gris
564 2534 121 48 peint
703 2544 171 27 comme
908 2538 99 35 tous
1030 2536 62 37 les
1115 2536 196 49 peintres
1336 2538 104 37 c'est
1477 2538 22 37 à
1523 2538 93 39 dire
1648 2551 78 27 sur
1747 2540 53 38 de
1821 2541 40 37 la
1894 2541 104 37 toile
2023 2553 56 27 ou
2107 2542 57 38 du
2188 2545 153 35 carton
2365 2554 56 27 ou
2446 2543 58 39 du

261 2582 115 38 bois.
410 2582 113 50 Ai-je
555 2583 63 37 dit
642 2583 104 49 qu'il
769 2596 54 25 ne
849 2584 187 39 différai!
1058 2597 77 37 pas
1158 2586 78 37 des
1258 2587 181 38 autres?
1482 2589 31 36 Il
1536 2601 26 37 y
1584 2601 20 25 a
1640 2590 201 49 toujours
1864 2603 57 26 un
1958 2591 166 39 certain
2159 2595 143 35 secret
2335 2593 148 50 profes-

262 2632 185 44 sionnel,
473 2633 230 48 beaucoup
727 2633 52 37 de
804 2644 108 38 gens
934 2634 263 39 voudraient
1217 2636 41 38 le
1570 2639 102 48 Moi,
1714 2633 8 7 *
1748 2641 44 50 je
1816 2653 54 25 ne
1894 2653 136 37 pense
2053 2653 78 38 pas
2155 2654 86 37 que
2279 2643 224 39 l'émotion

266 2682 212 37 ressentie
510 2683 159 36 devant
690 2695 56 25 un
773 2684 173 37 tableau
980 2685 85 37 soit
1087 2684 85 39 due
1196 2686 22 37 à
1241 2686 38 37 la
1304 2688 166 47 qualité
1489 2688 77 38 des
1590 2690 214 48 pinceaux
1825 2702 55 26 ou
1905 2691 77 38 des
2004 2692 219 39 couleurs.

516 2731 103 38 Seul
655 2732 39 37 le
720 2733 183 39 résultat
925 2733 204 50 importe.
1190 2735 94 38 Une
1319 2740 126 35 route
1494 2750 25 37 y
1548 2741 127 36 mène
1698 2741 76 48 qui
1807 2742 207 48 s'appelle
2037 2742 303 50 l'Esthétique.
2386 2744 31 37 Il
2453 2756 54 26 en

269 2783 62 35 est
365 2780 53 38 de
442 2780 98 49 plus
581 2792 56 26 ou
661 2782 144 37 moins
833 2783 182 38 bonnes.
1078 2785 72 44 Ici,
1173 2785 94 38 l'air
1289 2789 66 35 est
1377 2789 203 48 toujours
1611 2790 97 48 plus
1750 2803 95 32 pur.
1908 2792 229 38 L'horizon
2178 2796 65 35 est
2274 2804 87 27 une
2388 2794 120 49 ligne

268 2830 409 46 conventionnelle;
709 2830 28 39 il
758 2832 66 49 n'y
853 2843 22 26 a
900 2844 76 37 pas
998 2834 54 36 de
1080 2834 162 38 bornes
1264 2836 352 51 kilométriques.
1687 2840 85 38 Par
1799 2843 274 48 conséquent
2107 2843 93 38 rien
2234 2844 22 37 à
2292 2843 215 48 craindre,

268 2881 63 36 les
359 2879 173 38 voleurs
551 2892 55 26 ne
635 2886 176 32 sauronl
840 2893 76 37 pas
939 2884 54 36 où
1019 2895 46 26 se
1087 2885 148 37 cache.

311 2929 245 49 Quelqu'un
590 2942 222 37 prononce
837 2943 56 25 un
920 2935 104 35 mot.
1070 2933 67 38 On
1169 2937 172 47 repète:
1383 2937 216 39 PRISON.
1644 2940 67 37 Un
1745 2941 94 37 seul
1865 2941 116 38 avait
2004 2943 196 38 entendu
2227 2944 38 37 le
2306 2944 203 39 PINSON

257 2979 77 50 qui
355 2981 209 48 pourtant
584 2980 159 40 chante
764 2980 96 39 nuit
877 2983 45 37 et
938 2981 139 50 jourr.

310 3030 62 37 De
403 3031 143 37 même
583 3031 167 37 chacun
772 3031 63 37 dit
861 3033 121 36 avoir
1015 3043 79 27 son
1117 3033 181 48 opinion
1320 3046 75 26 sur
1430 3036 39 38 la
1508 3038 219 48 peinture.
1775 3041 108 38 Mais
1906 3044 97 37 tout
2035 3043 39 38 le
2117 3043 161 39 monde
2320 3044 66 39 n'a
2429 3055 80 38 pas

261 3079 160 38 raison.
464 3081 113 37 Juan
600 3081 97 37 Gris
718 3092 23 26 a
766 3093 51 25 vu
841 3081 39 37 la
903 3081 159 38 beauté
1091 3082 54 37 de
1170 3086 98 35 tous
1290 3084 62 38 les
1371 3085 127 50 jours
1527 3088 53 38 de
1616 3089 40 38 la
1679 3091 214 47 semaine,
1917 3104 26 37 y
1966 3093 192 49 compris
2194 3094 39 38 le
2257 3094 249 39 dimanche,

259 3129 40 37 la
320 3129 97 48 plus
438 3130 136 48 petite
598 3131 54 36 de
673 3142 68 26 ses
771 3133 179 35 natures
972 3133 164 36 mortes
1158 3133 110 38 n'est
1287 3145 77 37 pas
1388 3147 84 26 une
1502 3153 18 17 «
1546 3139 131 38 étude
1699 3155 56 22 ».
1800 3142 32 36 11
1873 3155 25 36 y
1937 3154 22 26 a
1994 3155 85 26 une
2103 3144 101 48 pipe
2232 3145 132 47 qu'on
2388 3142 119 42 fume

260 3178 39 38 le
322 3178 106 39 soir.
471 3180 56 37 La
549 3179 200 38 dernière
771 3180 149 38 heure.
948 3180 116 45 Plus,
1085 3193 86 26 nne
1193 3183 186 48 guitare,
1418 3198 87 26 non
1545 3189 106 37 c'est
1688 3201 57 26 un
1779 3191 161 39 violon.

311 3230 178 35 Comme
517 3232 93 34 tout
632 3229 232 49 classique,
904 3229 100 38 Gris
1026 3241 23 26 a
1072 3231 39 37 le
1134 3232 122 37 souci
1277 3233 77 38 des
1378 3238 297 47 proportions.
1701 3241 51 37 Je
1785 3242 120 48 parle
1938 3243 77 38 des
2053 3243 234 40 véritables
2324 3255 159 37 propor-

263 3277 115 38 tions
409 3279 75 47 qui
515 3282 101 35 sont
641 3279 109 38 dans
774 3280 165 49 l'esprit
969 3283 43 33 et
1035 3292 85 26 non
1146 3292 77 37 pas
1251 3293 47 27 ce
1322 3295 86 37 que
1437 3285 39 38 le
1501 3288 196 49 vulgaire
1727 3302 176 28 nomme
1936 3292 112 40 ainsi

261 3326 62 38 les
347 3328 208 38 cocktails
593 3332 100 34 sont
727 3330 264 48 supprimés.
1048 3330 154 48 Quand
1233 3332 45 49 je
1317 3333 217 41 demande
1576 3338 23 37 à
1622 3338 125 39 boire
1775 3340 29 37 il
1845 3354 26 35 y
1893 3353 23 27 a
1954 3343 201 46 toujours
2197 3344 40 38 le
2261 3345 96 43 ciel,
2388 3356 58 27 ou
2468 3345 40 38 le

263 3376 157 49 siphon
442 3378 75 48 qui
539 3381 66 35 est
621 3378 54 38 de
697 3378 39 39 la
760 3381 140 36 même
923 3378 195 39 couleur.

1575 3518 243 50 Raymond
1859 3522 323 41 RADIGUET
