3513 4371
1687 120 65 51 14

181 268 265 66 zwanzigste
475 268 45 48 in
546 265 80 50 der
654 263 311 66 Reihenfolge,
996 263 68 48 ein
1091 263 147 48 Werk
1269 280 84 32 von
1383 262 302 49 mauerfesten

181 347 215 54 Formen,
438 344 79 47 das
558 343 151 47 seinen
752 341 136 47 Mann
930 340 145 55 sucht,
1117 339 81 48 der
1245 340 80 47 das
1365 338 320 49 erforderliche

181 424 127 61 Zeug
334 438 54 30 zu
415 420 158 47 dessen
602 418 469 63 charaktergemässer
1101 416 305 64 Ausführung
1434 415 251 64 mitbringt.

184 500 117 46 Dass
329 513 45 32 es
403 496 42 47 in
475 496 151 47 Herrn
657 495 155 47 Straus
841 494 84 46 den
949 493 201 48 Bechten
1174 491 243 66 gefunden,
1440 491 106 49 darf
1569 491 93 47 hier-

186 575 80 47 mit
309 573 242 48 versichert
591 571 195 49 werden.
841 570 254 47 Männliche
1124 570 132 47 Kraft
1290 570 59 47 im
1382 569 190 48 Vereine
1609 568 79 46 mit

186 649 358 63 schwungvoller
573 645 378 65 Bogenführung,
993 644 71 48 die
1104 646 143 47 nichts
1287 645 176 65 gemein
1503 645 77 47 hat
1608 642 79 47 mit

184 725 80 48 der
294 725 227 48 widerlich
549 722 237 49 süsslichen
813 722 147 47 Glätte
988 721 78 48 des
1090 724 179 62 Bogens
1297 722 134 47 vieler
1459 720 80 48 der
1560 719 105 64 jetzi-

189 818 85 48 gen
321 801 182 64 Geiger,
542 799 233 63 gestaltete
822 797 71 49 die
930 799 216 64 Leistung
1183 800 43 46 in
1256 800 150 61 Bezug
1447 796 82 48 auf
1564 797 119 46 Ton-

184 877 201 58 Qualität
426 874 87 48 und
544 874 200 47 Technik
789 891 52 31 zu
885 875 122 47 einer
1047 874 224 49 wahrhaft
1312 872 371 65 preiswürdigen.

181 954 87 48 Die
297 951 299 64 Tonfärbung
638 950 271 65 anlangend,
955 950 71 48 die
1061 950 263 65 Ingredienz
1363 950 211 56 nämlich,
1616 949 69 46 die

182 1045 82 32 von
294 1027 85 47 den
412 1026 205 50 Werken
655 1027 81 47 der
777 1029 211 45 früheren
1019 1027 180 47 Meister
1237 1026 327 65 vorzugsweise
1608 1025 51 48 be-

179 1103 245 66 ansprucht
452 1103 129 58 wird,
609 1120 48 32 so
686 1105 161 63 gehört
874 1103 119 49 diese
1024 1103 259 65 überhaupt
1308 1121 54 29 zu
1392 1103 85 47 den
1508 1102 151 48 iobens-

182 1181 272 48 werthesten
482 1181 345 63 Eigenschaften
859 1180 76 48 des
964 1181 151 47 Herrn
1146 1181 172 47 Straus.
1372 1181 115 47 Was
1519 1178 165 65 jedoch

179 1256 71 49 die
272 1257 264 47 ästhetische
559 1257 118 47 Seite
701 1256 76 47 des
804 1257 234 64 Vortrags,
1067 1256 305 48 vornehmlich
1402 1256 43 47 in
1470 1256 85 47 den
1580 1257 79 47 Pas-

179 1350 139 48 sagen
342 1333 183 56 betrifft,
553 1333 42 47 in
624 1350 48 30 so
696 1332 93 48 fern
813 1332 196 48 dieselbe
1039 1333 114 47 auch
1177 1349 84 31 von
1285 1332 82 48 der
1388 1332 300 65 Adjustirung

183 1410 80 49 der
285 1411 174 48 Violine
483 1410 183 63 bedingt
687 1408 129 56 wird,
838 1408 56 50 da
918 1413 121 45 wäre
1064 1411 131 47 mehr
1210 1410 477 64 Uebereinstimmung

181 1486 215 48 zwischen
422 1486 98 45 dem
542 1484 272 65 subjectiven
835 1486 199 48 Gefühle
1056 1486 92 49 und
1176 1486 102 48 dem
1310 1486 247 64 objectiven
1584 1487 76 47 Mit-

177 1563 56 47 tel
273 1580 52 29 zu
365 1561 156 48 dessen
551 1561 240 48 Ausdruck
833 1580 52 30 zu
930 1563 245 47 wünschen
1217 1580 228 48 gewesen,
1487 1580 75 30 um
1607 1563 78 47 das

175 1638 178 48 Schöne
379 1638 42 47 in
443 1637 131 65 jeder
602 1639 137 47 Stelle
776 1639 216 49 makellos
1026 1657 79 31 zur
1133 1641 316 63 Erscheinung
1475 1657 53 31 zu
1558 1639 96 49 brin-

177 1732 101 48 gen.
318 1717 96 47 Der
451 1716 85 47 den
567 1716 262 57 modernen,
869 1717 198 48 überaus
1095 1718 320 47 notenreichen
1447 1718 206 64 Composi-

179 1793 150 47 tionen
358 1792 356 65 entsprechende
755 1793 188 48 dünne
979 1794 303 65 Saitenbezug
1308 1796 104 47 lässt
1442 1794 69 49 die
1541 1794 120 49 erfor-

177 1868 197 48 derliche
404 1869 385 65 Kraltäusserung
826 1869 117 49 beim
974 1872 229 62 Auflegen
1241 1871 77 48 des
1346 1872 181 63 Bogens
1562 1871 122 48 nicht

175 1963 68 31 zu.
272 1945 77 49 Bei
374 1947 109 47 aller
507 1945 206 49 Vorsicht
736 1947 109 48 wird
869 1948 70 47 die
964 1948 175 48 Wucht
1161 1948 76 48 des
1260 1949 180 64 Bogens
1470 1948 69 48 die
1561 1948 122 48 Saite

179 2022 229 49 bisweilen
429 2023 244 48 schwirren
705 2024 188 47 machen
923 2024 91 48 und
1039 2024 202 50 dadurch
1265 2025 86 49 den
1378 2025 276 65 beabsichtig-

174 2105 74 42 ten
278 2099 137 48 Glanz
445 2099 80 47 der
556 2100 216 65 Färbung
803 2102 397 63 beeinträchtigen.
1231 2104 61 46 Es
1320 2102 113 48 wird
1463 2102 81 49 der
1572 2103 83 65 phy-

174 2175 170 49 sischen
372 2175 134 49 Kraft
532 2175 78 49 des
639 2178 150 46 Herrn
821 2178 157 47 Straus
1009 2178 68 47 ein
1104 2179 208 47 Leichtes
1340 2180 111 54 sein,
1485 2180 94 46 sein
1611 2182 49 45 In-

178 2258 221 42 strument
417 2268 53 31 zu
492 2252 351 49 vollkommener
869 2253 312 66 Wiedergabe
1199 2254 130 65 jener
1350 2271 184 35 grossen
1561 2255 91 49 Ton-

177 2328 204 66 gemälde
403 2328 43 47 in
469 2328 141 48 Stand
631 2347 52 30 zu
706 2337 146 40 setzen
883 2330 89 47 und
1002 2330 43 49 in
1076 2332 115 48 allen
1214 2332 168 48 Stellen
1406 2330 277 51 kunstschön

179 2405 231 64 erklingen
438 2422 52 30 zu
522 2406 155 49 lassen.
793 2406 86 49 Die
908 2424 71 32 am
1012 2408 210 48 Schlüsse
1250 2408 77 48 des
1357 2417 147 40 ersten
1533 2410 154 47 Satzes

178 2483 248 64 eingelegte
456 2483 174 48 Cadenz
673 2500 96 32 war
810 2484 129 48 keine
979 2486 252 64 glückliche
1270 2486 273 65 Erfindung.
1599 2488 86 47 Ein

182 2559 200 49 Gehäufe
412 2575 81 32 von
523 2560 233 48 Accorden
786 2563 130 47 allein
945 2563 53 47 ist
1026 2563 113 48 noch
1171 2563 131 49 keine
1326 2564 192 48 Cadenz.
1548 2564 136 48 Diese

181 2638 80 47 soll
291 2636 95 49 ihre
414 2638 315 48 wesentlichen
761 2639 330 49 Bestandteile
1127 2657 80 31 aus
1250 2640 85 48 den
1365 2641 290 65 Haupt-Moti-

181 2729 78 32 ven
290 2713 77 47 des
395 2714 153 47 Satzes
574 2714 230 66 schöpfen,
846 2715 155 48 dessen
1030 2716 316 49 Abschliessen
1377 2718 62 48 sie
1467 2718 217 64 glänzend

183 2789 86 48 und
299 2790 144 64 sinnig
473 2789 229 51 bewirken
734 2793 101 47 will.
864 2794 330 65 Heterogenes,
1223 2795 338 65 etudenartiges
1584 2796 76 47 Bei-

183 2867 221 64 gemische
431 2869 77 47 soll
542 2869 93 47 fern
668 2870 192 48 bleiben.
916 2870 143 48 Nebst
1099 2871 165 49 diesem
1308 2873 56 47 ist
1405 2874 100 47 eine
1543 2874 116 48 wohl-

183 2959 239 48 erwogene
451 2946 145 46 Kürze
625 2945 69 47 ein
729 2947 489 65 Haupt-Erforderniss
1247 2949 82 48 der
1359 2949 193 49 Cadenz.
1584 2950 76 48 Lei-

184 3020 79 48 der
301 3021 54 46 ist
393 3021 43 47 in
478 3021 82 47 den
592 3022 232 50 Cadenzen
855 3024 80 48 der
964 3027 368 64 gegenwärtigen
1363 3027 242 49 Virtuosen
1633 3045 54 31 zu

186 3096 61 48 oft
274 3096 78 48 das
380 3114 110 47 pure
521 3099 259 63 Gegentheil
810 3100 144 49 dieser
983 3102 337 50 Erfordernisse
1350 3104 184 49 hörbar.

300 3175 48 46 In
385 3175 102 47 dem
527 3177 393 63 ausgezeichneten
949 3180 202 56 Beifalle,
1190 3180 155 49 dessen
1374 3182 125 47 Herr
1527 3184 161 47 Straus

183 3250 91 48 sich
302 3268 53 30 zu
384 3251 207 47 erfreuen
619 3252 184 64 gehabt,
842 3254 148 49 dürfte
1029 3274 48 30 er
1105 3259 199 62 zugleich
1336 3257 73 50 die
1439 3259 218 48 Aufforde-

184 3345 118 47 rung
330 3327 167 57 finden,
526 3328 69 47 die
625 3331 292 64 Gelegenheit
946 3334 395 59 wahrzunehmen,
1372 3354 76 29 um
1481 3336 103 48 bald
1613 3337 70 47 ein

183 3405 191 48 anderes
415 3405 144 48 dieser
601 3407 174 48 Werke
814 3426 51 29 zu
912 3410 152 48 Gehör
1104 3430 51 29 zu
1198 3412 208 55 bringen,
1448 3414 235 48 weiterbin

1301 3455 25 23 O
1395 3455 10 15 7

186 3482 108 47 aher
321 3482 116 48 auch
468 3482 162 50 einmal
659 3500 55 30 an
746 3501 189 33 unseren
964 3486 241 51 deutschen
1247 3491 170 48 Louis
1458 3492 229 47 Maurer

186 3575 52 30 zu
266 3557 193 57 denken,
497 3575 82 32 von
622 3558 155 50 dessen
822 3562 258 65 prächtigen
1120 3565 247 51 Conceiten
1410 3584 159 32 ausser
1604 3567 81 49 der

191 3635 293 49 Concertante
515 3637 74 47 für
611 3637 90 47 vier
725 3638 202 50 Violinen
951 3657 187 32 unserer
1156 3643 98 47 Zeit
1282 3645 118 48 Alles
1431 3645 144 49 fremd
1607 3662 51 35 ge-

1607 3694 26 16 o

189 3711 196 49 worden.
438 3712 111 50 Wie
602 3712 79 50 das
736 3715 271 49 frankfurter
1053 3718 354 51 musikliebende
1443 3722 241 48 Publicum

191 3787 254 48 werthvolle
474 3791 362 63 Compositionen
880 3809 79 31 aus
1000 3792 80 50 der
1122 3796 210 48 früheren
1360 3800 184 63 Epoche
1586 3800 74 48 auf-

191 3863 174 56 nimmt,
401 3881 131 32 wenn
573 3868 60 47 sie
675 3876 81 56 gut
803 3877 298 57 vorgetragen
1147 3873 199 56 werden,
1388 3875 78 49 das
1513 3877 78 48 hat
1640 3894 45 31 es

189 3941 157 64 jüngst
384 3942 42 47 in
468 3943 78 47 der
587 3946 174 48 fünften
793 3947 423 67 Quartett-Sitzung
1244 3950 77 49 des
1348 3953 150 47 Herrn
1528 3956 160 47 Straus

196 4017 80 48 mit
320 4018 361 52 Beethoven's
730 4024 287 50 Serenade
1058 4026 88 65 Op.
1188 4027 30 53 8
1264 4027 98 64 (aus
1404 4030 102 49 dem
1546 4032 141 50 Jahre

1767 260 160 66 1798)
1959 261 248 49 wiederum
2239 260 268 66 dargethan.
2558 260 133 50 Diese
2721 263 43 48 in
2793 263 178 64 einigen
3000 260 159 51 Sätzen
3190 264 67 47 rei-

1758 338 112 47 zend
1912 338 167 48 schöne
2122 338 309 64 Composition
2472 336 83 47 voll
2599 338 184 49 Humor
2825 339 89 48 und
2957 339 208 47 Naivetät
3204 339 79 48 hat

1759 414 114 48 nach
1918 414 146 48 einem
2107 415 217 56 Quartett
2362 430 85 32 von
2477 413 263 49 Schumann
2779 416 44 46 in
2850 415 174 59 F-dur,
3072 415 89 65 Op.
3193 415 89 53 41,

1759 491 83 47 auf
1863 490 73 47 die
1965 508 141 47 ganze
2138 491 351 63 Versammlung
2519 489 85 48 wie
2634 490 179 48 Balsam
2845 491 211 65 gewirkt.

1873 566 84 48 Mit
1984 566 81 48 der
2093 568 329 46 Tarlini'schen
2451 568 169 46 Sonate
2651 565 251 63 (Pastorale
2931 569 42 47 in
3204 584 53 30 zu-

1759 642 118 65 folge
1900 640 291 70 Programm)
2218 646 75 45 für
2318 644 282 48 Violin-Solo
2629 642 79 49 hat
2728 644 126 48 Herr
2875 646 159 47 Straus
3065 663 86 30 nur
3178 661 76 50 spo-

1759 720 238 48 radischen
2026 720 156 48 Beifall
2213 725 232 60 geärntet;
2488 720 80 48 mit
2596 720 161 56 Recht,
2797 719 118 49 denn
2945 721 139 48 derlei
3113 721 170 48 Stücke

1758 795 203 65 gehören
1992 796 41 48 in
2065 796 71 48 die
2166 796 308 57 Studirslube,
2503 797 124 47 nicht
2654 797 44 47 in
2728 796 88 48 den
2846 797 306 49 Concertsaal.
3193 797 86 49 Die

1760 871 314 65 Verbannung
2112 872 81 47 der
2233 872 230 49 wahrhaft
2501 872 300 49 lächerlichen
2842 874 138 47 Mode
3023 874 80 47 mit
3140 874 138 48 derlei

1758 949 394 64 Solo-Vorträgen
2193 950 160 47 würde
2397 949 85 48 den
2525 950 60 48 im
2625 951 183 47 Ganzen
2851 950 432 65 achtungswerthen

1760 1025 256 48 Charakter
2037 1025 80 48 der
2140 1025 485 49 Museums-Concerte
2652 1026 235 48 sicherlich
2916 1027 114 49 noch
3062 1027 220 49 erhöhen.

1759 1102 85 47 Die
1871 1103 178 46 Herren
2079 1119 100 31 vom
2204 1102 249 48 Orchester
2483 1103 235 49 bedauern
2747 1105 179 63 gewiss,
2955 1103 218 50 während
3203 1103 81 49 der

1758 1177 277 50 Production
2066 1178 129 47 meist
2223 1178 184 49 elender
2435 1178 298 49 Salonstücke
2770 1181 171 63 passive
2963 1181 211 48 Zuhörer
3202 1178 54 50 ab-

1759 1255 147 63 geben
1936 1272 50 31 zu
2018 1260 197 52 müssen,
2258 1255 90 48 und
2393 1256 190 48 würden
2627 1256 92 48 sich
2765 1257 316 48 unbezweifelt
3110 1258 173 54 freuen,

1762 1332 198 47 kleinere
1993 1333 176 47 Werke
2211 1333 82 47 mit
2332 1332 564 66 Orchester-Begleitung,
2936 1333 140 49 deren
3118 1351 46 31 es
3208 1335 77 47 für

1759 1408 260 49 Pianoforte
2045 1410 90 47 und
2159 1410 114 48 auch
2300 1410 75 47 für
2400 1410 176 47 Violine
2604 1410 110 48 viele
2745 1410 90 48 und
2867 1411 270 63 gehaltvolle
3166 1410 115 66 gibt,

1760 1492 134 41 unter
1915 1484 124 49 ihrer
2055 1486 298 64 Mitwirkung
2369 1501 78 32 zur
2461 1486 308 65 Ausführung
2794 1487 192 64 bringen
3008 1505 52 30 zu
3086 1487 197 48 können.

2761 1564 58 48 A.
2855 1564 313 48 Schindler.

1970 1849 92 54 Die
2093 1849 398 54 herabgesetzte
2522 1849 552 54 Orchesterstimmung.

1872 2004 48 46 In
1951 2001 262 66 Beziehung
2240 2003 84 48 auf
2346 2001 72 50 die
2441 2003 245 48 Annahme
2717 2003 81 48 der
2826 2003 171 64 pariser
3019 2004 262 65 Stimmung

1757 2080 78 48 hat
1862 2080 91 47 sieh
1984 2080 43 47 in
2058 2079 246 49 Dresden
2334 2080 101 48 eine
2461 2080 456 66 Warnungsstimme
2947 2080 221 58 erhoben,
3198 2097 83 33 aus

1757 2158 196 47 welcher
1983 2156 83 47 wir
2094 2158 65 47 als
2190 2156 190 49 Curiosa
2409 2156 211 65 folgende
2648 2158 170 47 Stellen
2849 2158 278 48 miltheilen:

1875 2252 147 54 „Dem
2054 2249 292 50 Vernehmen
2381 2250 116 49 nach
2531 2249 303 66 beabsichtigt
2863 2267 104 33 man
2996 2252 45 48 in
3068 2253 211 49 Dresden

1757 2326 233 58 ebenfalls,
2013 2328 85 47 wie
2121 2328 43 47 in
2188 2328 145 56 Paris,
2355 2326 72 49 die
2451 2328 120 49 hohe
2587 2328 502 66 Orchesterstimmung
3114 2330 140 50 herab-

1757 2412 222 50 zusetzen,
2008 2404 93 48 und
2130 2405 140 48 sollen
2305 2404 71 49 die
2407 2404 247 49 dresdener
2684 2406 343 65 Capellmeister
3057 2408 81 48 mit
3168 2409 87 48 Vor-

1758 2483 212 63 schlägen
2013 2481 202 50 darüber
2254 2498 86 32 von
2381 2481 83 49 der
2506 2481 288 65 königlichen
2826 2484 457 49 General-Direction

1758 2560 77 48 des
1866 2559 293 49 Hoftheaters
2191 2559 262 65 beauftragt
2480 2559 190 49 worden
2699 2561 109 49 sein.
2864 2560 137 48 Diese
3030 2561 227 50 Bereitwil-

1757 2636 156 65 ligkeit
1960 2636 54 49 ist
2064 2636 80 49 mit
2186 2636 134 49 Dank
2371 2636 365 50 anzuerkennen.
2785 2639 101 47 Nur
2929 2638 204 49 übereile
3175 2655 104 33 man

1756 2715 92 47 sich
1879 2715 124 47 nicht
2046 2714 92 48 und
2178 2715 165 47 nehme
2378 2715 49 64 ja
2469 2715 123 48 nicht
2621 2715 72 48 die
2722 2733 117 30 neue
2869 2715 174 65 pariser
3070 2718 184 48 Normal-

1757 2791 247 65 stimmung
2027 2808 74 39 an,
2124 2790 57 50 da
2206 2791 197 50 dieselbe
2426 2791 58 49 im
2512 2791 308 50 Verhältnisse
2842 2809 79 31 zur
2938 2793 195 64 jetzigen
3159 2793 100 49 dres-

1757 2869 141 48 dener
1927 2869 261 65 Stimmung
2218 2885 87 31 nur
2345 2887 75 30 um
2461 2869 101 48 eine
2592 2870 292 65 Kleinigkeit,
2926 2870 195 48 nämlich
3166 2870 120 50 bloss

1758 2946 132 48 einen
1922 2946 260 56 Achtelton,
2225 2946 130 48 tiefer
2388 2946 71 57 ist,
2507 2946 220 50 während
2756 2946 406 66 Sachverständige
3190 2949 93 48 sich

1759 3024 130 48 mehr
1913 3025 76 46 für
2011 3024 71 48 die
2106 3022 341 68 Erniedrigung
2470 3025 233 63 ungefähr
2723 3043 76 31 um
2831 3026 114 48 fast
2973 3025 160 49 einen
3164 3027 92 47 hal-

1760 3101 101 48 ben
1904 3102 110 47 Ton
2059 3101 303 66 aussprechen
2404 3105 197 46 müssen.
2660 3102 138 50 Offen
2826 3110 176 57 gesagt,
3032 3102 152 50 haben
3215 3102 71 51 die

1758 3180 256 47 Franzosen
2045 3179 72 48 die
2146 3179 190 63 richtige
2357 3180 190 65 Lösung
2576 3179 146 49 dieser
2752 3181 242 65 wichtigen
3024 3181 94 48 und
3149 3181 108 48 über-

1758 3273 80 33 aus
1867 3256 297 65 schwierigen
2196 3257 151 64 Frage
2379 3257 108 49 total
2516 3257 192 49 verfehlt
2736 3257 92 50 und
2856 3259 82 48 der
2967 3260 150 47 Kunst
3138 3259 145 48 damit

1759 3334 161 48 keinen
1953 3334 188 47 wahren
2167 3334 162 48 Dienst
2357 3335 235 48 erwiesen.
2619 3334 44 66 (!)

1882 3410 115 56 „Die
2042 3410 181 57 Fehler,
2266 3410 71 49 die
2375 3411 46 48 in
2468 3411 127 48 Paris
2638 3411 131 50 dabei
2817 3414 217 63 gemacht
3070 3412 212 54 wurden,

1756 3486 97 49 sind
1890 3487 234 65 folgende:

1881 3566 76 56 „1.
1989 3565 279 49 Frankreich
2299 3566 122 50 hätte
2450 3566 121 48 nicht
2610 3567 77 49 für
2715 3567 92 49 sich
2837 3567 134 49 allein
3000 3569 100 48 eine
3128 3570 155 51 solche

1757 3642 209 65 wichtige
1989 3643 335 65 Veränderung
2346 3645 279 48 vornehmen
2648 3645 159 57 sollen,
2836 3645 198 49 sondern
3060 3664 47 30 es
3129 3647 154 51 hätten

1756 3720 443 66 Unterhandlungen
2239 3722 80 47 mit
2348 3721 468 66 Kunstverständigen
2855 3722 197 50 anderer
3080 3725 207 57 Staaten,

1757 3798 81 47 mit
1865 3798 327 58 Deutschland,
2220 3800 175 56 Italien,
2425 3798 231 66 England,
2684 3800 232 48 Russland
2949 3800 93 49 und
3072 3802 215 51 America

1757 3877 118 47 Statt
1903 3875 152 48 finden
2094 3876 159 54 sollen,
2306 3876 194 60 welche,
2548 3892 134 33 wenn
2723 3877 117 48 auch
2882 3882 115 60 spät,
3039 3877 116 52 doch
3198 3881 89 49 den

1758 3955 175 47 Nutzen
1969 3952 174 66 gehabt
2172 3953 171 57 hälten,
2373 3953 101 49 dass
2503 3953 101 50 eine
2633 3955 43 48 in
2713 3953 81 50 der
2822 3971 174 50 ganzen
3027 3956 130 52 Welt
3185 3958 78 66 gül-

1759 4031 90 66 tige
1879 4031 228 49 Tonhöhe
2136 4032 268 66 eingeführt
2432 4032 189 51 worden
2652 4037 138 46 wäre.
2821 4033 46 66 (!)
