2329 4252
952 197 57 30 LE
1044 194 241 33 MERCURE
1319 194 220 33 MUSICAL

327 242 0 0 322

245 417 156 51 nant,
427 419 141 35 vous
595 413 188 39 autres
816 395 451 73 compositeurs;
1297 409 53 40 et
1374 396 50 69 je
1457 395 148 54 crois
1631 395 377 69 comprendre
2033 396 201 70 d'après

241 482 121 50 cela
388 495 110 54 que
529 494 141 35 vous
703 493 69 34 ne
796 492 197 53 croyez
1020 493 99 52 pas
1143 479 29 47 à
1204 492 110 35 une
1342 473 149 64 élite,
1529 490 145 52 pour
1699 473 144 50 ainsi
1882 469 135 67 dire,
2042 476 166 66 spécia-

242 558 214 51 lement
488 551 312 71 organisée.

1002 690 62 34 LE
1097 686 393 37 COMPOSITEUR.

311 769 304 71 Pourquoi
654 786 112 35 une
794 769 128 52 élite
949 770 20 51 ?
1009 770 45 51 Il
1081 786 68 35 ne
1175 769 167 52 serait
1374 786 100 52 pas
1509 767 144 68 juste
1702 784 108 52 que
1858 766 77 51 les
1968 779 184 42 autres
2173 788 59 35 ne

240 860 246 60 pussent
537 845 137 53 faire
724 864 59 34 ce
818 864 109 51 que
954 863 146 35 nous
1135 845 215 53 faisons
1390 857 53 40 et
1479 861 110 54 que
1637 860 145 36 nous
1815 860 71 36 ne
1934 842 224 55 fissions
2192 846 43 55 la

240 931 184 47 même
452 923 165 53 chose
637 923 221 69 qu'eux.

1015 1068 62 35 LE
1110 1067 363 36 SPECTATEUR.

311 1148 143 54 Mais
480 1150 148 50 alors
649 1148 37 54 il
712 1166 89 34 me
835 1148 233 56 semble,
1095 1147 45 53 si
1173 1164 186 38 aucun
1392 1147 67 51 de
1487 1164 140 35 vous
1660 1162 70 33 ne
1752 1142 336 71 composait,
2105 1161 127 37 vous

239 1227 175 52 seriez
447 1240 126 39 tout
594 1226 154 53 aussi
776 1226 207 71 pareils
1009 1240 53 38 et
1102 1242 131 36 sans
1267 1226 245 51 endurer
1537 1235 123 40 tant
1713 1222 67 52 de
1815 1221 238 71 fatigues
2078 1238 10 46 ;
2122 1238 84 37 seu-

237 1303 277 52 lement...
588 1303 49 68 je
692 1303 405 70 comprends...
1153 1302 133 52 c'est
1326 1318 131 35 sans
1519 1301 170 50 doute
1752 1315 77 35 un
1876 1296 202 53 métier
2132 1299 102 51 très

239 1379 240 55 lucratif.

794 1522 63 34 LE
894 1522 373 35 COMPOSITEUR

308 1607 96 56 On
428 1625 70 35 ne
517 1622 133 57 peut
673 1608 119 55 dire
828 1627 108 52 que
959 1626 59 35 ce
1045 1608 111 55 soit
1181 1622 349 41 exactement
1552 1607 244 65 lucratif,
1829 1604 139 55 mais
1992 1605 80 70 (se

245 1685 222 70 surant)
486 1684 37 54 il
548 1703 37 52 y
625 1703 29 35 a
686 1685 52 53 la
768 1685 193 70 gloire.

1012 1821 64 36 LE
1101 1819 363 39 SPECTATEUR.

308 1908 256 53 Excusez
594 1924 94 37 ma
733 1908 304 65 franchise,
1077 1908 146 53 mais
1265 1906 34 55 il
1328 1924 92 37 me
1460 1906 215 55 semble
1719 1923 108 55 que
1867 1905 53 52 la
1966 1904 175 72 gloire
2174 1904 60 53 de

418 1984 210 55 millier
665 1986 70 53 de
762 1985 194 70 jeunes
983 1986 286 54 confrères
1302 1986 144 54 n'est
1470 2003 98 55 pas
1594 1989 114 48 très
1735 1984 288 71 répandue
2056 1983 67 53 de
2145 1997 90 56 par

230 2060 54 55 ie
317 2064 230 51 monde.

993 2210 63 36 LE
1078 2209 394 37 COMPOSITEUR.

307 2287 81 53 La
405 2291 161 49 nôtre
593 2289 145 53 n'est
757 2307 100 52 pas
876 2289 51 53 la
952 2290 266 53 célébrité
1244 2291 99 52 des
1365 2307 224 53 grosses
1611 2307 216 36 masses
1854 2307 74 36 ou
1948 2289 75 53 du
2052 2286 185 73 public

227 2362 295 55 ordinaire
543 2378 14 54 ;
593 2365 133 53 c'est
775 2383 110 35 une
921 2366 177 70 gloire
1131 2366 279 54 d'estime.
1453 2367 164 53 Nous
1664 2384 176 36 avons
1883 2383 80 37 un
2025 2365 212 53 cénacle

228 2440 218 53 ■d'élite.
477 2441 164 53 Nous
667 2441 249 55 fondons
942 2445 98 52 des
1067 2444 238 54 sociétés
1323 2444 404 54 d'admiration
1770 2442 277 55 mutuelle
2083 2455 52 41 et
2177 2442 59 54 de

236 2519 213 68 mépris
472 2519 297 54 extérieur.

1018 2663 61 37 LE
1105 2665 363 38 SPECTATEUR.

301 2751 65 51 Je
392 2750 126 53 vois
545 2768 132 36 avec
693 2751 200 72 plaisir
917 2770 110 52 que
1050 2771 142 36 vous
1223 2754 298 71 pratiquez
1539 2754 53 53 la
1623 2754 293 54 fraternité
1943 2752 154 55 aussi
2116 2752 121 55 bien

228 2844 120 52 -que
381 2827 258 71 l'égalité.

993 2975 63 35 LE
1078 2975 392 38 COMPOSITEUR.

305 3057 109 56 Ces
442 3058 256 69 sociétés,
754 3062 429 71 remarquables
1216 3080 102 53 par
1349 3063 124 55 leur
1517 3062 314 69 solidarité,
1867 3065 255 52 donnent
2146 3061 91 55 des

231 3150 263 40 concerts
526 3138 68 52 de
626 3151 164 41 notre
814 3140 287 71 musique.

1013 3293 65 35 LE
1110 3292 363 38 SPECTATEUR.

301 3375 108 54 J'ai
441 3378 86 51 été
554 3378 30 51 à
609 3394 79 36 un
710 3378 70 54 de
804 3395 91 37 ces
927 3391 278 56 concerts,
1242 3380 145 54 mais
1421 3380 37 53 il
1478 3382 112 52 m'a
1636 3381 215 53 semblé
1886 3399 109 53 que
2032 3381 80 53 les
2152 3395 57 53 ap-

230 3453 486 70 plaudissements
742 3456 212 54 étaient
985 3474 176 35 rares.

983 3607 63 36 LE
1074 3607 395 39 COMPOSITEUR.

308 3690 155 54 C'est
505 3710 111 53 que
655 3693 295 55 l'émotion
998 3696 278 71 profonde
1308 3697 100 71 qui
1443 3712 85 41 est
1573 3700 50 52 le
1656 3698 159 73 signe
1862 3702 77 54 du
1977 3697 260 59 véritable

228 3771 201 49 succès
454 3781 86 41 est
571 3770 263 55 ennemie
856 3772 70 53 de
949 3789 92 36 ces
1079 3772 285 72 vulgaires
1388 3776 463 55 manifestations
1883 3778 353 55 extérieures.
