2329 4252
203 221 87 54 336

897 239 59 30 LE
991 240 240 31 MERCURE
1265 242 216 32 MUSICAL

201 441 96 42 Mrs
320 442 482 57 Patrick-Campbell,
830 446 45 42 la
916 447 257 57 Margarita
1214 451 153 44 Duval
1411 453 57 42 de
1493 453 45 42 la
1566 453 193 57 signora
1802 456 145 51 Duse,
1975 458 67 42 les
2070 460 99 57 Sym-

198 504 205 55 phonies
421 506 56 41 de
506 507 217 50 Brahms,
743 507 68 43 les
833 523 21 26 «
877 509 141 57 Stage
1046 512 146 45 danse
1209 529 42 40 »,
1271 518 209 54 Wagner
1503 525 45 33 et
1561 517 42 42 le
1628 518 72 41 roi
1724 519 285 57 d'Espagne,
2100 524 76 56 éga-

198 567 178 42 lement
401 568 265 55 applaudis.
693 570 65 41 Ce
781 585 265 43 monarque
1092 578 178 42 excelle
1307 580 118 42 dans
1451 580 104 42 l'art
1581 581 62 41 du
1672 581 59 41 tir
1758 595 90 28 aux
1872 583 214 56 pigeons,
2121 590 78 52 qui

200 639 70 32 est
306 644 93 27 une
437 630 210 42 manière
685 634 232 43 moderne
960 636 58 42 de
1060 637 340 59 siegfriediser,
1430 651 44 33 et
1511 642 33 41 il
1588 643 275 45 chevauche
1898 660 184 29 comme
2108 663 91 31 une

200 692 257 56 Walkyrie.
501 694 133 41 Tous
661 695 140 54 deux,
826 697 248 56 Alphonse
1115 711 45 33 et
1204 703 223 55 Richard,
1459 714 108 34 sont
1611 707 97 42 rois
1743 721 58 28 en
1838 709 135 41 West
2000 711 106 42 End
2126 714 71 53 ;le

199 754 322 55 compositeur
558 756 56 42 de
655 758 168 58 Rienp
846 775 29 40 y
899 761 143 55 règne
1087 766 152 42 même
1266 768 435 55 despotiquement,
1726 779 45 33 et
1804 771 192 42 Richter
2022 782 68 33 est
2115 789 84 30 son

196 817 206 56 premier
427 818 231 45 ministre.
678 821 194 44 Richter
892 824 7 41 !
920 825 151 56 Après
1096 827 67 43 les
1206 830 178 42 soirées
1421 832 286 42 mondaines
1730 834 57 41 de
1826 835 150 42 Faust
1981 869 10 17 ,
2020 837 181 45 Govent

198 880 187 42 Garden
405 881 192 43 devient
626 896 65 28 un
715 886 193 54 temple,
927 889 125 41 alors
1079 903 92 42 que
1197 893 168 55 Hagen
1390 895 271 55 contemple
1673 895 42 41 le
1741 895 152 44 fleuve
1922 896 276 60 silencieux,

200 956 91 41 que
317 943 182 43 Wotan
521 946 185 55 pérore,
734 962 92 41 que
860 950 147 43 Mime
1039 952 144 56 geint,
1212 969 91 40 que
1338 956 67 42 les
1431 956 121 43 filles
1595 958 63 42 du
1686 957 124 43 Rhin
1841 959 168 56 jouent
2034 972 167 35 autour

198 1006 56 41 de
287 1006 14 40 1
320 1020 52 27 or
394 1006 258 45 étincelant
674 1027 11 34 ;
712 1010 67 42 les
807 1011 244 45 diadèmes
1078 1016 81 42 des
1185 1016 127 57 loges
1336 1020 189 42 n'osent
1549 1020 105 54 plus
1683 1021 176 54 briller,
1879 1032 44 33 et
1949 1023 37 42 si
2009 1027 189 56 grande,

200 1068 38 41 si
282 1069 242 43 studieuse
569 1081 69 33 est
662 1072 45 42 la
731 1073 220 44 sincérité
987 1078 227 55 anglaise,
1243 1082 142 54 qu'on
1412 1096 58 28 ne
1503 1083 200 43 s'ébahit
1726 1098 100 42 pas,
1861 1100 98 28 non
1988 1088 126 55 plus,
2147 1091 53 42 de

198 1130 104 43 voir
344 1131 42 42 le
428 1133 193 56 Dragon
661 1135 238 44 discourir
943 1154 111 29 avec
1089 1156 49 27 sa
1180 1142 172 57 langue
1395 1159 58 28 en
1490 1147 175 42 dehors
1715 1149 56 41 de
1820 1163 50 27 sa
1905 1152 188 53 gueule,
2122 1152 80 42 fait

201 1204 302 45 surprenant,
531 1198 152 42 même
722 1200 56 41 de
815 1200 44 42 la
904 1211 105 46 part
1046 1204 56 42 de
1136 1206 174 43 Fafner
1338 1209 289 42 s'adressant
1661 1210 26 42 à
1722 1211 126 42 Herr
1875 1214 196 42 Krauss.
2114 1215 86 43 Les

197 1257 252 43 traditions
497 1261 57 41 de
595 1262 238 55 Bayreuth
858 1274 110 33 sont
1006 1269 447 54 scrupuleusement
1492 1272 272 44 observées.

255 1320 74 41 Au
360 1321 272 44 lendemain
656 1324 56 42 de
734 1339 78 29 ces
852 1330 216 42 sombres
1103 1331 224 44 lumières
1360 1343 45 33 et
1445 1334 56 42 de
1528 1349 76 28 ces
1649 1336 258 44 éclatantes
1937 1339 260 45 obscurités

202 1384 62 54 (et
288 1384 135 54 après
448 1393 101 34 tant
589 1387 55 41 de
689 1389 148 54 Gilea,
866 1391 56 41 de
956 1392 260 56 Giordano,
1240 1396 56 41 de
1336 1397 337 52 Léoncavallo,
1698 1414 59 28 au
1780 1401 184 43 théâtre
1988 1403 149 42 Sarah
2161 1414 41 34 et

200 1459 59 28 au
279 1446 227 44 Waldorf
517 1448 211 56 theatre),
750 1451 31 41 il
803 1461 69 33 est
889 1454 360 46 rafraîchissant
1274 1459 240 43 d'écouter
1540 1462 184 42 Maurel
1747 1464 118 42 dans
1886 1465 43 42 II
1961 1466 240 53 Barbiere,

200 1509 178 42 Jeanne
414 1511 197 55 Raunay
633 1513 115 43 dans
786 1515 182 55 Orphée
972 1551 11 17 ,
1014 1519 183 43 Caruso
1222 1522 117 41 dans
1368 1524 70 40 Un
1465 1524 122 42 ballo
1614 1539 46 27 in
1686 1527 258 43 maschera.
1973 1529 231 44 Combien

200 1571 108 55 plus
355 1573 165 54 exquis
565 1588 174 30 encore
776 1578 277 45 d'entendre
1095 1584 46 40 M
1148 1595 30 21 m
1183 1596 17 21 °
1233 1584 159 43 Melba
1439 1587 116 42 dans
1595 1587 252 58 n'importe
1874 1591 113 55 quoi
2016 1593 9 41 !
2061 1593 114 43 Inou-

200 1634 176 42 bliable
397 1636 165 55 plaisir
595 1639 29 41 d
642 1639 71 42 été
736 1643 6 38 !
766 1641 38 41 Il
842 1643 180 43 semble
1049 1659 92 41 que
1173 1646 209 58 l'organe
1428 1650 56 41 de
1527 1658 121 35 cette
1689 1653 181 55 unique
1898 1654 160 43 artiste
2086 1671 116 29 vous

202 1705 69 33 est
302 1711 94 27 une
437 1698 198 44 boisson
670 1702 160 55 glacée
867 1706 203 54 parfaite
1097 1717 44 32 et
1165 1723 174 43 propre
1364 1712 24 40 à
1416 1712 175 43 calmer
1618 1714 82 43 des
1747 1716 115 42 soifs
1910 1718 153 43 même
2099 1719 80 43 lon-

202 1759 286 45 doniennes.
534 1763 74 40 On
653 1778 18 27 s
692 1773 174 35 etonne
912 1781 62 42 qu
993 1770 89 41 elle
1126 1771 63 42 ait
1215 1787 24 26 a
1280 1775 197 54 mourir,
1521 1776 133 42 Mimi
1681 1792 62 28 ou
1783 1779 227 54 Violetta,
2036 1782 166 56 qu'elle

202 1822 64 41 ait
286 1822 25 42 à
336 1822 186 43 donner
538 1839 91 27 aux
646 1836 123 33 mots
793 1843 66 27 un
884 1841 166 32 accent
1069 1834 278 55 pathétique
1369 1850 9 38 ;
1404 1851 63 28 on
1483 1851 49 28 se
1555 1842 317 42 contenterait
1894 1844 58 41 de
1984 1845 218 44 déguster

204 1897 49 28 sa
296 1898 118 41 pure
454 1886 110 43 voix
593 1888 226 44 chantant
856 1892 81 42 des
972 1895 122 41 «Ha
1122 1898 7 39 !
1157 1897 74 40 Ah
1251 1898 7 40 !
1288 1912 21 26 »
1336 1912 61 28 ou
1423 1901 57 41 de
1523 1901 193 56 simples
1758 1921 22 22 «
1803 1906 198 43 A-a-a-a.
2030 1923 75 27 »...
2157 1924 45 28 se

203 1960 204 41 comme,
436 1950 276 44 consciente
746 1953 56 42 de
843 1968 86 29 son
963 1966 84 44 art,
1076 1958 85 41 M®
1164 1970 19 22 e
1207 1961 163 42 Melba
1409 1963 98 42 s'en
1547 1966 117 42 rend
1708 1977 207 47 compte,
1940 1970 89 42 elle
2063 1984 58 29 ne
2149 1973 55 41 Et

200 2009 176 56 fatigue
414 2011 137 54 point
576 2013 25 42 à
628 2015 56 42 de
729 2017 241 57 tragiques
1023 2020 149 45 effets.
1204 2023 66 42 La
1307 2038 187 43 sagesse
1535 2027 179 57 inspire
1754 2045 50 27 sa
1827 2033 227 43 conduite
2081 2052 9 24 :
2118 2035 84 43 elle

201 2071 117 55 plaît
337 2072 25 41 à
386 2081 124 36 tous.

259 2135 121 42 Mais
407 2136 32 41 il
472 2150 30 28 n
520 2152 29 41 y
567 2152 24 27 a
614 2152 85 42 pas
719 2155 92 41 que
839 2143 82 43 des
949 2145 168 43 étoiles
1145 2161 24 28 a
1188 2149 186 44 Covent
1399 2152 206 53 Garden,
1623 2154 82 42 des
1726 2156 259 54 premières
2011 2175 29 40 y
2062 2159 117 45 sévis-

202 2206 105 34 sent
350 2199 142 53 aussi,
540 2202 229 44 Madama
811 2208 244 58 Butterfly
1060 2244 10 18 ,
1103 2212 297 53 puccinisme
1452 2229 90 42 que
1584 2217 43 55 je
1670 2218 268 44 n'entendis
1983 2223 153 55 point,
2162 2233 43 34 et

202 2260 13 41 1
238 2260 199 43 Oracolo
451 2263 113 42 dont
581 2265 42 54 je
642 2265 161 44 frémis
821 2281 189 34 encore.
1026 2273 86 41 Cet
1134 2283 101 33 acte
1260 2276 485 47 dramatico-musical
1765 2292 70 32 est
1861 2284 56 42 de
1934 2285 65 41 M.
2022 2287 179 43 Franco

206 2323 167 52 Léoni,
402 2325 80 54 qui
510 2327 302 56 s'apparente
859 2333 24 40 à
932 2334 202 44 d'autres
1175 2339 259 43 musiciens
1458 2354 56 29 en
1540 2342 15 41 i
1587 2357 10 27 :
1642 2357 65 27 un
1732 2347 69 40 lot
1841 2347 56 42 de
1938 2361 263 40 romances,

203 2386 82 42 des
313 2386 149 43 bruits
485 2389 56 42 de
567 2388 92 45 fête
686 2401 44 33 et
748 2393 57 42 de
831 2394 144 57 foule,
997 2398 83 42 des
1098 2413 151 44 coups
1276 2402 56 42 de
1352 2412 235 34 couteaux
1614 2415 44 32 et
1679 2406 83 43 des
1779 2422 149 44 coups
1952 2412 57 41 de
2038 2426 162 43 gongs,

200 2448 85 44 des
311 2448 269 56 glissandos
607 2453 57 42 de
685 2455 148 56 harpe
857 2466 45 34 et
927 2459 63 41 du
1016 2460 328 60 glockenspiel
1366 2467 24 40 à
1416 2466 330 57 indiscrétion,
1765 2471 56 43 de
1846 2476 200 52 grandes
2064 2476 115 55 repri-

202 2524 73 29 ses
301 2513 315 52 passionnées
661 2518 311 57 d'orchestre,
999 2537 64 27 un
1091 2524 289 45 intermezzo
1406 2530 190 54 gracile,
1625 2532 82 41 des
1733 2544 243 35 costumes
2000 2538 198 54 chinois,

204 2573 57 44 de
308 2588 23 27 a
355 2575 155 43 fumée
538 2577 27 42 d
585 2579 164 54 opium
775 2580 62 55 (la
859 2582 140 44 scène
1036 2600 48 28 se
1112 2601 139 41 passe
1279 2591 25 40 à
1338 2591 420 62 San-Francisco),
1783 2611 89 43 que
1893 2600 306 45 voulez-vous

204 2638 56 40 de
282 2650 28 41 p
334 2651 54 27 us
415 2638 17 42 ?
458 2640 151 41 Scotti
651 2642 263 57 barytonne
940 2648 347 54 puissamment
1312 2662 45 33 et
1377 2655 161 44 André
1563 2659 245 57 Messager
1829 2664 198 42 conduit
2049 2678 50 28 ce
2124 2665 78 42 fait

205 2699 155 44 divers
397 2714 186 31 comme
621 2704 63 42 du
724 2707 224 57 Debussy
969 2725 9 35 ;
1009 2720 45 33 et
1096 2715 235 53 peut-être
1365 2732 91 40 que
1505 2720 42 43 le
1593 2723 163 54 public
1801 2725 67 56 s'y
1893 2728 255 42 amuserait
2166 2728 35 42 si

202 2765 15 36 I
237 2765 144 38 heure
424 2765 56 40 de
531 2779 177 43 souper
740 2770 330 56 n'approchait
1095 2776 198 53 bientôt,
1325 2781 149 43 suivie
1508 2784 56 42 de
1602 2799 51 29 ce
1682 2786 211 45 fantôme
1937 2799 260 42 menaçant,

207 2840 21 21 «
252 2827 186 53 closmg
460 2834 114 35 time
597 2844 38 27 ».

820 2993 77 8 ,■,
1168 2975 26 30 *
1224 2971 26 29 *

260 3079 211 56 L'Opéra
513 3083 150 55 Royal
698 3092 44 33 et
784 3085 67 42 les
875 3102 21 25 «
922 3087 202 43 musical
1149 3091 243 43 comedies
1427 3108 19 24 »
1475 3106 59 29 ne
1562 3092 216 45 suffisent
1801 3097 139 55 point
1962 3112 91 28 aux
2085 3100 87 40 Lon-

203 3143 208 41 donners
426 3156 11 38 ;
464 3143 57 43 ils
545 3158 48 28 se
630 3156 139 33 ruent
794 3149 25 40 à
847 3149 79 42 dix
950 3160 218 34 concerts
1207 3167 84 41 par
1317 3155 230 52 semaine,
1573 3182 54 6 -
1647 3157 44 43 le
1715 3158 107 56 plus
1864 3160 338 43 sérieusement

203 3206 63 41 du
292 3207 190 41 monde.
510 3208 53 41 Je
590 3209 122 41 crois
753 3210 110 44 bien
904 3214 136 54 qu'ils
1086 3214 304 57 s'inquiètent
1411 3232 94 41 peu
1532 3220 63 42 du
1620 3234 318 43 programme,
1968 3233 44 33 et
2046 3238 90 42 que
2161 3223 40 41 le

202 3268 169 55 simple
397 3269 85 42 fait
504 3271 28 40 d
551 3273 230 42 entendre
808 3274 57 42 de
889 3275 45 42 la
958 3277 220 57 musique
1207 3279 164 55 (terme
1406 3285 172 52 vague)
1605 3284 202 43 satisfait
1844 3285 127 44 leurs
2004 3285 169 44 musica-

200 3330 123 44 lités.
373 3334 104 52 Que
511 3347 52 28 ce
591 3335 93 41 soit
717 3336 153 43 Raoul
898 3339 167 56 Pugno
1093 3349 46 33 et
1176 3341 67 43 les
1277 3343 270 45 Variations
1578 3349 358 55 symphoniques
1944 3384 9 18 ,
1988 3349 212 42 Joachim

201 3402 45 34 et
273 3394 68 42 les
369 3405 229 46 quatuors
631 3398 56 42 de
715 3400 290 56 Beethoven,
1033 3403 185 43 Harold
1253 3405 167 56 Bauer,
1447 3408 204 54 pianiste
1677 3409 245 53 littéraire,
1940 3412 261 42 l'excellent

201 3457 202 56 baryton
446 3461 175 41 Ernest
662 3462 196 53 Groom,
889 3464 158 44 Frank
1092 3467 222 55 Haskoll,
1341 3469 277 59 professeur
1650 3473 210 56 émérite,
1896 3489 62 27 ou
1992 3474 207 42 Maurice

202 3518 89 44 Far
295 3520 60 42 ko
364 3535 39 39 a,
428 3522 230 43 chanteur
680 3524 190 55 délicat,
898 3528 123 42 Herr
1044 3530 238 42 Kreissler
1302 3545 63 29 ou
1388 3533 117 43 Jean
1533 3535 225 57 Gérardy,
1781 3537 176 42 Arthur
1982 3538 55 42 de
2067 3534 138 47 Greef

202 3596 62 28 ou
306 3584 212 43 Armand
545 3586 153 55 Ferté,
728 3601 62 43 qu
808 3589 204 57 importe
1042 3593 7 41 !
1075 3594 132 41 Tous
1252 3607 77 29 ces
1370 3596 188 44 artistes
1582 3607 109 33 sont
1715 3600 191 43 écoutés
1936 3614 113 29 avec
2075 3599 100 43 défé-

200 3658 158 41 rence,
387 3656 44 33 et
456 3649 244 55 appréciés
728 3655 127 48 (avec
882 3654 80 45 des
990 3654 282 45 différences
1296 3658 164 60 aussi).

258 3706 39 42 D
318 3722 180 31 aucuns
543 3713 337 45 bouleversent
926 3717 68 44 les
1020 3732 157 29 cœurs
1211 3728 43 34 et
1291 3720 68 42 les
1385 3722 190 43 oreilles
1599 3724 234 45 sensibles
1863 3743 10 26 :
1902 3739 52 29 ce
1997 3734 107 34 sont
2136 3725 63 45 les

199 3769 140 54 petits
372 3774 225 57 prodiges
642 3777 115 43 dont
794 3779 328 57 l'inquiétante
1167 3783 185 43 théorie
1380 3784 213 45 s'avance
1627 3802 110 29 avec
1766 3802 94 30 une
1887 3789 177 42 audace
2098 3787 102 57 plus

200 3830 157 45 vieille
380 3849 91 41 que
497 3838 103 42 leur
621 3840 237 54 jeunesse.
886 3845 184 43 Devant
1114 3859 92 30 eux
1237 3847 263 43 s'attendrit
1521 3849 43 42 le
1588 3850 253 56 populaire
1868 3861 45 34 et
1942 3852 195 42 s'émeut
2161 3850 40 42 la
