2329 4252
734 228 166 31 REVUE
936 229 63 29 DE
1037 228 58 30 LA
1132 227 269 37 QUINZAINE

1978 230 85 41 343

74 436 40 41 le
151 429 259 57 rapproche
448 429 82 42 des
553 429 249 56 partitions
839 428 98 43 alla
969 429 256 57 Sonzogno
1273 431 80 56 qui
1377 430 270 58 pastichent
1677 430 316 57 gauchement
2020 432 43 42 le

78 494 195 46 vérisme
300 492 57 42 de
386 490 277 44 Cavalleria
690 492 257 50 rusticana,
968 504 58 29 en
1047 491 142 43 haine
1215 494 56 42 de
1291 495 226 57 Wagner,
1544 503 45 34 et
1611 493 80 57 qui
1717 494 193 43 choient
1935 502 116 34 sotte-

78 565 124 37 ment
225 555 116 42 dans
367 553 44 42 la
440 551 233 58 première
706 553 210 43 manière
943 554 57 41 de
1024 555 166 41 Verdi.
1212 570 21 26 »

138 620 59 41 Le
218 615 162 44 succès
405 629 57 30 va
486 624 202 46 surtout,
715 629 185 28 comme
925 615 33 41 il
981 624 69 33 est
1066 617 140 54 juste,
1233 619 23 40 à
1281 618 403 44 l'extraordinaire
1710 619 330 56 Méphistophé-

79 683 63 43 lès
167 693 89 43 que
283 679 88 42 sait
403 678 96 42 être
530 678 70 46 M.
648 677 298 57 Chaliapine,
973 691 65 28 un
1075 680 163 54 grand,
1263 680 95 43 très
1393 683 148 54 grand
1571 682 160 43 artiste
1768 681 302 57 comparable

80 759 55 29 au
160 741 98 43 seul
286 740 378 56 Mounet-Suliy.
690 741 98 41 Mlle
817 740 118 41 Lina
962 740 233 43 Gavalieri
1230 751 71 33 est
1319 756 96 30 une
1437 744 288 57 Marguerite
1760 744 138 42 d'une
1933 746 139 55 grâce

81 805 108 45 frêle
215 812 45 34 et
283 817 65 28 un
371 816 93 43 peu
482 802 223 55 fatiguée,
732 801 388 45 semblerait-i1...

136 866 159 43 Mieux
317 873 112 35 vaut
454 878 57 29 ne
553 865 103 42 rien
685 864 99 43 dire
812 865 82 42 des
932 864 255 43 chanteurs
1225 866 81 42 des
1339 867 214 53 Troyens
1559 902 10 18 ,
1597 868 47 41 ni
1672 868 55 42 de
1753 868 125 43 leurs
1899 876 173 47 gestes,

84 931 43 43 ni
153 930 54 41 de
252 929 102 41 leur
391 927 302 56 plastique...
745 927 118 42 Mais
904 941 52 28 ce
1000 927 141 42 serait
1174 941 66 28 un
1273 928 132 42 oubli
1445 928 397 56 impardonnable
1889 943 89 43 que
2016 930 57 42 de

85 1007 52 28 ne
161 1005 81 42 pas
290 989 204 57 signaler
528 989 44 42 la
606 988 112 53 fine,
762 987 200 44 discrète
1010 998 44 33 et
1085 988 37 43 si
1166 990 282 43 émouvante
1496 990 219 57 musique
1752 993 57 42 de
1849 992 140 43 scène
2016 992 56 42 de

85 1056 59 41 M.
172 1052 189 43 Gabriel
388 1052 168 50 Fauré,
579 1051 117 43 dans
723 1050 41 44 le
789 1051 131 43 Jules
949 1051 149 43 César
1121 1052 58 42 de
1217 1051 314 57 Shakspeare.

139 1185 168 41 Nîmes.
414 1179 273 44 L'insuccès
711 1195 25 28 a
761 1181 199 56 dépassé
991 1190 133 33 toute
1151 1190 190 41 attente,
1368 1190 45 33 et
1433 1180 83 43 dès
1553 1182 44 41 la
1630 1183 207 41 seconde
1861 1183 150 41 soirée
2034 1182 41 42 le

90 1247 160 42 rideau
281 1243 162 43 restait
467 1243 155 43 baissé
650 1244 173 43 devant
856 1257 64 28 un
962 1243 163 55 public
1149 1257 93 42 peu
1267 1244 281 53 nombreux,
1576 1244 117 41 mais
1729 1244 93 41 fort
1854 1245 222 55 bruyant,

87 1307 149 44 tandis
264 1320 90 42 que
380 1306 67 42 les
485 1306 232 42 choristes
741 1304 325 52 vociféraient,
1110 1320 113 28 avec
1260 1319 66 27 un
1352 1305 241 42 ensemble
1625 1319 119 40 rare,
1771 1320 77 28 ces
1887 1306 190 54 paroles

92 1371 271 54 éloquentes
385 1383 9 28 :
424 1386 21 21 «
491 1368 144 43 Point
674 1369 224 55 d'argent,
936 1367 136 56 point
1097 1369 55 40 de
1190 1368 188 41 chœurs
1404 1367 8 42 !
1454 1384 22 21 »
1512 1369 71 39 En
1616 1367 125 50 effet,
1778 1367 43 42 la
1847 1367 230 56 première

93 1430 374 58 représentation
492 1430 189 57 n'ayant
717 1430 195 56 produit
951 1432 146 54 qu'un
1138 1429 161 42 déficit
1323 1430 56 41 de
1418 1443 167 29 20.000
1626 1428 76 55 fi\,
1728 1443 62 28 on
1818 1430 169 41 n'avait
2012 1444 65 41 pu

93 1494 265 43 rémunérer
383 1493 41 42 le
450 1492 101 43 zèle
588 1493 56 42 de
673 1506 77 29 ces
786 1493 166 41 braves
979 1506 132 42 gens,
1138 1492 80 56 qui
1250 1505 59 29 ne
1336 1504 48 29 se
1415 1491 276 43 trouvèrent
1713 1506 85 42 pas
1840 1491 212 42 suffisam-

94 1565 125 34 ment
244 1555 336 56 récompensés
604 1569 86 42 par
715 1572 22 21 «
762 1555 252 42 l'honneur
1045 1569 23 28 »
1096 1554 177 43 d'avoir
1298 1554 168 42 chanté
1492 1554 163 41 Arnica
1679 1554 56 42 de
1759 1553 244 56 Mascagni
2036 1562 45 34 et

98 1621 142 42 Vénus
272 1626 43 33 et
344 1618 178 43 Adonis
548 1618 56 41 de
629 1618 56 41 X.
722 1618 203 41 Leroux.
953 1617 74 41 On
1049 1630 59 29 ne
1131 1616 177 43 saurait
1331 1625 105 46 trop
1458 1616 69 42 les
1559 1630 287 42 approuver.

144 1749 159 53 Vichy.
405 1747 66 43 M.
494 1746 165 42 Danbé
682 1747 160 41 donne
859 1745 59 43 ici
938 1746 82 42 des
1045 1754 216 34 concerts
1291 1746 262 56 classiques
1573 1746 80 55 qui
1677 1746 278 56 pourraient
1981 1759 76 29 ser-

95 1811 65 42 vir
184 1811 55 40 de
266 1807 188 44 modèle
497 1809 25 41 à
546 1809 106 55 plus
690 1809 110 42 d'un
841 1809 146 55 grand
1014 1818 193 33 concert
1236 1807 227 57 parisien.
1492 1808 124 43 C'est
1653 1809 118 41 ainsi
1806 1822 106 41 que,
1957 1809 42 42 le
2034 1823 50 28 10

97 1873 122 51 août,
261 1885 61 28 on
353 1879 85 47 put
464 1871 226 42 entendre
717 1872 64 40 M.
810 1871 166 41 Cortot
1000 1872 117 41 dans
1159 1871 43 41 le
1244 1879 211 33 concerto
1496 1884 57 28 en
1592 1871 69 41 sol
1694 1871 56 42 de
1792 1871 290 53 Beethoven,

96 1936 73 40 MU
175 1943 14 18 e
215 1935 57 41 de
301 1933 205 43 Tréviile
541 1934 117 41 dans
699 1933 124 41 deux
849 1932 90 42 airs
981 1933 56 41 de
1061 1934 45 40 la
1145 1932 139 42 Flûte
1318 1933 248 41 enchantée
1571 1966 10 20 ,
1608 1941 45 33 et
1695 1946 91 42 que
1812 1932 273 42 l'orchestre

99 1998 210 51 exécuta,
337 2009 113 29 avec
478 2009 93 28 une
596 1994 175 43 finesse
794 2004 44 33 et
868 2008 94 29 une
993 1994 241 55 précision
1256 1994 370 54 merveilleuses,
1654 1995 284 42 l'ouverture
1965 1995 55 42 de
2042 1995 45 41 la

97 2059 195 42 Fiancée
316 2058 174 41 vendue
513 2057 56 42 de
605 2057 238 50 Smetana,
866 2057 216 55 YEspaha
1110 2058 56 40 de
1192 2057 243 53 Chabrier,
1462 2056 25 40 Y
1493 2057 370 42 Enchantement
1881 2058 57 40 du
1971 2058 87 41 Ven-

102 2122 129 42 dredi
262 2120 140 41 Saint
426 2120 56 41 de
507 2119 233 54 Parsifal,
774 2128 44 32 et
841 2119 43 41 le
906 2119 219 55 magique
1151 2118 202 43 Prélude
1376 2119 27 41 à
1435 2119 328 55 VAprès-midi
1780 2119 103 41 d'un
1907 2119 179 52 Faune,

103 2184 52 41 de
182 2183 230 54 Debussy.
443 2181 75 42 On
544 2195 57 28 ne
628 2181 88 42 sait
748 2195 52 28 ce
827 2180 112 56 qu'il
964 2181 99 41 faut
1087 2180 132 43 louer
1244 2181 41 42 le
1320 2180 124 55 plus,
1472 2195 62 27 ou
1557 2181 63 41 du
1642 2181 113 55 goût
1789 2181 126 54 large
1941 2189 43 34 et
2010 2181 77 41 sûr

102 2245 76 55 qui
202 2258 24 28 a
242 2244 186 56 présidé
456 2258 57 27 au
550 2242 142 44 choix
714 2244 56 40 de
797 2257 77 29 ces
901 2256 272 37 morceaux,
1200 2257 64 28 ou
1296 2243 56 42 de
1383 2242 327 56 l'intelligente
1736 2242 209 42 maîtrise
1979 2256 110 30 avec

102 2306 195 56 laquelle
323 2305 56 43 ils
413 2305 159 43 furent
597 2305 239 43 conduits.

155 2436 163 52 Vevey.
423 2434 67 41 La
514 2433 91 42 fête
633 2434 82 41 des
738 2433 256 56 vignerons
1019 2441 70 34 est
1111 2446 94 29 une
1240 2433 95 42 fête
1355 2432 250 56 populaire
1630 2446 10 39 ;
1666 2446 63 29 on
1754 2433 97 42 s'en
1879 2432 217 55 aperçoit

106 2510 144 40 assez,
266 2497 24 41 à
316 2496 191 42 écouter
531 2495 237 55 l'insipide
790 2496 235 56 musique,
1047 2504 134 34 terne
1203 2495 223 43 ramassis
1443 2494 56 43 de
1523 2493 95 44 très
1642 2494 183 44 vieilles
1847 2493 244 52 formules,

108 2559 161 54 qu'elle
292 2559 180 54 inspira
492 2572 59 28 au
573 2558 324 56 compositeur
918 2560 162 40 Doret.
1113 2558 37 41 Il
1176 2566 69 33 est
1277 2557 232 43 vraiment
1533 2557 328 55 remarquable
1887 2570 89 41 que
2002 2569 87 28 nos

108 2620 247 42 musiciens
396 2620 67 42 les
488 2620 107 55 plus
635 2620 398 55 démocratiques,
1060 2620 241 55 lorsqu'ils
1338 2618 207 44 écrivent
1576 2633 122 42 pour
1735 2620 42 41 le
1799 2619 188 55 peuple,
2031 2631 58 29 ne

106 2683 186 42 sachent
312 2682 65 42 lui
393 2682 132 42 offrir
543 2696 89 42 que
652 2682 67 42 les
737 2691 149 33 restes
913 2682 253 42 défraîchis
1189 2682 56 42 de
1272 2696 88 28 nos
1387 2681 387 52 cafés-concerts,
1792 2682 56 42 de
1870 2694 88 28 nos
1983 2680 84 56 opé-

106 2757 67 29 ras
198 2746 242 55 comiques
468 2759 62 28 ou
566 2745 56 42 de
649 2759 88 28 nos
777 2745 377 43 conservatoires
1182 2757 9 30 :
1229 2745 64 41 tel
1329 2743 70 43 fut
1441 2744 41 42 le
1519 2758 77 28 cas
1636 2758 121 41 pour
1785 2742 312 57 Charpentier

109 2820 176 29 comme
309 2821 122 42 pour
457 2809 237 40 Bruneau.
720 2809 67 40 De
802 2808 170 48 même,
998 2807 66 42 les
1085 2814 213 35 orateurs
1322 2806 56 42 de
1404 2806 227 42 réunions
1647 2805 241 44 ouvrières
1910 2812 187 36 servent

110 2869 23 41 à
155 2868 96 42 leur
286 2869 153 43 docile
466 2869 233 43 auditoire
738 2869 67 42 les
831 2869 183 43 vieilles
1048 2869 183 42 âneries
1258 2869 117 41 dont
1399 2882 123 28 nous
1566 2882 56 28 ne
1647 2868 206 43 voulons
1880 2867 105 55 plus
2013 2880 56 28 en-

109 2932 155 41 tendre
289 2931 154 57 parler
469 2948 9 26 :
511 2931 121 56 péril
668 2931 206 52 clérical,
920 2931 329 56 superstition,
1284 2929 447 44 affranchissement
1769 2931 56 40 de
1851 2930 43 41 la
1919 2929 176 42 raison.

112 2992 88 42 Nul
224 3007 56 28 ne
306 2994 239 55 témoigne
572 3008 59 28 au
654 2994 174 55 peuple
854 2994 108 55 plus
990 2994 56 42 de
1073 2993 177 56 mépris
1292 3006 91 42 que
1426 3006 74 29 ses
1536 2992 226 43 flatteurs.
1785 2994 53 41 Je
1872 3006 57 28 ne
1973 2990 125 44 crois

111 3068 78 41 pas
215 3056 233 42 d'ailleurs
467 3070 91 42 que
583 3056 45 42 la
649 3056 175 56 pensée
852 3056 57 42 de
929 3058 66 40 M.
1023 3057 146 41 Doret
1194 3055 64 42 ait
1277 3056 71 41 été
1374 3055 376 42 consciemment
1771 3053 287 56 méprisante
2086 3065 10 30 :

115 3117 81 41 elle
223 3118 139 42 serait
391 3119 155 55 plutôt
570 3118 358 43 innocemment
962 3117 228 56 vulgaire,
1218 3126 44 34 et
1288 3117 181 42 semble
1494 3117 204 56 prendre
1735 3130 58 28 au
1820 3115 183 42 sérieux
2027 3128 72 28 ses

113 3192 240 30 romances
377 3180 235 43 vieillotes
640 3189 43 34 et
709 3195 87 27 son
831 3194 139 42 orage
997 3194 57 28 en
1082 3189 181 34 carton.
1296 3179 297 43 Laissons-la
1628 3178 110 43 bien
1762 3177 271 56 tranquille,
2057 3185 44 33 et

116 3253 359 32 amusons-nous
499 3243 158 55 plutôt
689 3242 62 42 du
774 3242 211 42 désarroi
1014 3242 82 42 des
1121 3241 232 56 figurants
1386 3240 138 58 après
1548 3255 67 27 un
1643 3253 142 42 orage
1821 3239 112 50 réel,
1960 3237 118 43 celui-

113 3301 56 49 là,
196 3304 79 41 des
300 3303 218 58 bergères
558 3307 237 48 Watteau,
836 3305 348 55 court-jupées,
1211 3304 80 56 qui
1318 3318 48 28 se
1402 3311 207 34 crottent
1640 3303 26 40 à
1699 3300 280 56 l'enjambée
2020 3300 80 40 des

118 3375 207 46 gouyats,
353 3368 63 40 du
440 3366 141 43 faune
607 3367 80 55 qui
711 3366 206 52 s'enfuit,
946 3380 72 28 ses
1061 3367 181 55 jambes
1273 3380 118 28 nues
1419 3366 270 54 émergeant
1709 3364 111 40 d'un
1844 3362 257 54 pardessus

120 3426 106 42 clair
249 3429 91 41 très
363 3430 360 42 Pariser-Mode
764 3430 80 53 (on
869 3429 140 41 dirait
1041 3442 93 28 une
1175 3429 260 41 caricature
1472 3427 56 41 de
1567 3427 179 56 Jugend
1752 3425 31 54 ),
1807 3425 57 40 de
1888 3422 215 42 l'anxiété

122 3488 76 42 des
221 3500 207 46 sergents
454 3491 57 42 de
536 3491 110 44 ville
672 3491 276 43 surveillant
971 3491 67 41 les
1061 3491 147 41 bancs
1231 3490 82 41 des
1330 3488 316 56 promenades
1670 3485 272 57 publiques,
1970 3484 107 42 deve-

122 3563 82 29 nus
230 3552 79 42 des
342 3554 153 42 hôtels
520 3567 59 29 en
619 3553 130 55 plein
783 3553 82 42 air.
896 3554 59 40 Et
978 3552 174 42 louons
1180 3552 42 42 le
1261 3550 181 44 service
1470 3549 240 50 sanitaire,
1746 3561 56 28 en
1823 3546 141 55 petits
1990 3546 86 41 bon-

116 3620 96 34 nets
238 3623 43 33 et
309 3616 192 41 tabliers
523 3616 183 52 blancs,
734 3615 38 42 si
798 3623 192 47 propret
1016 3627 89 43 que
1138 3614 83 41 des
1243 3612 251 43 roublards
1520 3610 213 55 feignent
1764 3622 64 28 un
1856 3620 213 30 commen-

126 3685 176 33 cement
327 3677 55 42 de
409 3677 339 56 congestion...

173 3737 115 43 Mais
314 3740 37 41 si
374 3740 68 42 les
466 3740 252 42 Armaillis
723 3773 11 19 ,
762 3740 116 42 dont
903 3752 122 29 nous
1064 3750 193 30 menace
1283 3733 471 59 l'Opéra-Comique,
1780 3732 318 44 ressemblent

128 3796 22 41 à
174 3811 48 30 ce
249 3802 141 54 qu'on
414 3801 129 45 vient
577 3801 277 43 d'entendre
878 3801 8 41 !
