2534 3398
247 421 40 22 sie
314 417 63 32 sich
401 432 57 21 vor
483 425 35 30 all
545 426 70 31 dem
638 428 101 30 Glanz
763 427 63 31 und
847 426 113 35 Flitter,
984 423 54 30 mit
1064 422 69 30 dem

246 470 69 22 man
344 465 42 32 sie
415 470 169 33 erdrücken
614 475 77 31 will?
741 475 122 30 Wohin
894 473 106 30 anders
1032 470 38 31 als
1096 479 37 20 zu

245 507 86 34 ihren
349 514 145 43 geistigen
508 520 128 39 Vätern,
658 533 39 20 zu
712 523 61 30 den
787 522 164 30 Künstlern
966 519 91 30 selbst
1071 515 62 32 und

246 562 37 23 zu
309 558 78 33 allen
413 563 110 40 denen,
550 568 48 30 die
625 580 30 20 es
682 570 55 31 mit
762 570 54 31 der
840 569 99 30 Kunst
964 574 82 23 ernst
1070 562 63 32 und

246 603 145 36 wahrhaft
411 612 132 33 meinen.

306 652 73 33 Eine
404 657 218 43 Spezialbühne
647 665 62 30 also
734 664 50 32 für
809 663 144 31 Künstler
977 659 65 31 und
1069 668 43 20 wo-

245 700 131 38 möglich
401 716 65 20 von
492 709 176 39 Künstlern,
695 712 67 31 eine
786 712 116 35 Bühne,
929 708 48 32 bei
1001 707 54 30 der
1080 705 52 30 alle

246 749 165 32 ausserhalb
434 753 54 31 der
502 757 100 31 Kunst
623 759 161 41 liegenden
798 757 163 32 Bedenken
982 753 150 32 fortfallen

245 789 132 45 können,
393 799 66 31 eine
474 803 106 32 Bühne
597 806 49 31 für
661 806 215 31 künstlerische
888 801 244 34 Sonderzwecke,

245 846 50 21 wo
307 841 125 36 Könner
446 851 63 30 und
520 852 125 32 Kenner
659 864 90 20 unter
764 854 64 30 sich
839 852 76 37 sind,
931 852 48 29 ein
990 848 142 32 intimes

246 885 135 36 Theater
405 895 75 38 (nun
501 899 68 30 sind
591 901 55 30 wir
668 901 72 31 dem
760 901 72 31 Sinn
853 900 55 31 der
929 898 92 30 Sache
1042 895 90 30 näher

247 933 188 48 gekommen)
629 950 61 29 Das
712 950 39 29 ist
772 949 49 30 die
842 948 147 37 Meinung
1010 942 49 32 bei
1079 941 53 30 der

245 987 101 26 neuen
372 987 175 47 Gründung
572 994 31 31 in
628 997 168 36 München,
824 996 94 30 deren
939 1000 93 23 erster
1054 989 58 30 Ver-

246 1027 73 32 such
331 1041 57 22 vor
404 1036 98 34 einem
516 1041 120 32 kleinen
648 1044 158 30 erlesenen
818 1043 155 31 Publikum
986 1033 146 46 glänzend

246 1073 149 44 gelungen
415 1082 45 34 ist.

305 1122 101 37 Schon
425 1132 116 40 einmal,
562 1137 32 31 in
615 1138 55 31 der
685 1136 445 35 Freien-Bühnen-Bewegung,

247 1166 50 32 bat
336 1173 53 32 der
424 1180 146 35 Gedanke
608 1186 53 30 des
698 1183 328 34 Zusammenschlusses
1064 1177 67 31 aller

246 1215 107 35 Reifen
378 1226 65 30 und
469 1229 112 33 Feinen
608 1233 69 31 eine
704 1234 113 31 schöne
844 1232 68 30 aber
934 1230 90 29 kurze
1044 1226 86 29 Blüte

246 1265 161 36 getrieben.
450 1276 63 31 Der
535 1279 296 33 Zusammenschluss
853 1279 69 30 aller
940 1275 108 32 Reifen
1068 1269 63 32 und

269 1317 100 28 einen!
411 1321 53 31 An
491 1325 105 33 diesen
619 1328 240 41 ureigentlichen
879 1318 252 46 Ausgangspunkt

246 1358 53 27 der
327 1362 122 36 «Freien
475 1371 148 34 Bühnen»
658 1375 111 42 knüpft
794 1375 75 30 auch
893 1381 91 22 unser
1010 1367 119 31 Intimes

254 1404 124 37 Theater
400 1424 44 21 an.
486 1419 58 31 Die
567 1423 104 40 Wege
693 1424 78 36 aber,
800 1421 54 31 auf
875 1420 100 31 denen
996 1416 49 31 das
1066 1411 63 32 Ziel

244 1456 129 31 erreicht
397 1464 126 33 werden
549 1469 64 38 soll,
641 1471 113 31 führen
781 1470 34 30 ab
840 1479 63 20 von
928 1466 99 30 denen
1047 1463 82 39 jener

243 1502 32 22 er
277 1506 65 25 sten
364 1505 184 50 Gründung.

303 1546 56 34 Die
378 1555 101 33 «Freie
493 1561 125 33 Bühne»
636 1576 63 20 war
714 1566 49 30 ein
774 1563 201 42 regelrechtes
987 1558 139 32 Theater,

244 1593 157 39 aufgebaut
423 1607 53 28 auf
491 1608 72 32 dem
577 1613 119 41 Prinzip
718 1613 54 31 der
792 1609 195 33 öffentlichen
1001 1605 127 30 Bühnen

243 1644 53 24 auc
298 1640 28 38 h,
352 1646 70 35 dem
442 1653 121 46 Prinzip
590 1659 54 31 der
671 1658 278 43 grösstmöglichen,
971 1651 157 33 denkbarst

243 1689 245 43 vollkommenen
509 1705 135 40 Illusion,
669 1708 85 32 nicht
778 1717 57 21 nur
856 1706 54 30 der
932 1699 195 36 Darstellung,

244 1736 134 35 sondern
393 1748 76 30 auch
481 1751 52 31 des
547 1756 177 30 seenischen
735 1756 176 40 Apparates.
937 1751 38 30 So
988 1745 139 33 brauchte

243 1785 67 26 man
343 1797 31 20 m
407 1802 95 25 erster
530 1800 88 32 Linie
648 1803 97 36 Geld,
775 1813 52 20 um
859 1800 48 31 die
937 1798 115 30 Kosten
1079 1790 48 32 für

243 1830 198 51 Ausstattung
476 1847 63 30 und
572 1850 205 41 Schauspieler
806 1847 228 37 aufzubringen,
1064 1837 63 32 und

244 1926 11 20 g
259 1917 6 5 .
264 1882 26 20 le
316 1889 122 28 weitere
460 1890 92 43 Folge
575 1896 101 31 davon
696 1908 71 26 war,
795 1897 66 30 dass
882 1903 68 22 man
972 1889 73 33 auch
1065 1886 61 31 hier

244 1926 11 20 s
258 1928 26 21 ic
286 1924 19 28 h
327 1931 51 29 auf
397 1934 92 34 einen
510 1942 59 30 viel
590 1944 148 31 weiteren
751 1944 85 31 Kreis
858 1939 189 43 angewiesen
1067 1933 59 35 sah,

244 1974 39 22 *s
308 1977 82 31 wohl
414 1990 214 39 ursprünglich
650 1992 48 29 die
720 1992 158 30 Intention
899 1994 139 34 gewesen
1059 1989 67 23 war.

281 2061 5 5 .
291 2027 29 21 As
342 2024 69 33 aber
432 2031 70 33 dem
523 2036 149 33 Feineren
694 2050 57 20 nur
773 2038 108 31 bittere
904 2028 222 39 Nothwendig-

333 2080 73 31 war,
436 2082 193 33 entwickelte
659 2087 64 30 sich
754 2086 69 30 bald
850 2094 69 21 zum
943 2075 183 36 Selbszweck

264 2114 40 27 nd
338 2116 77 36 hiess
454 2137 65 22 nun
553 2132 22 29 p
576 2143 185 32 ropaganna)
795 2130 205 37 Verbreitung
1034 2131 92 24 neuer

270 2165 37 23 Un
308 2171 30 49 _t
359 2165 40 33 im
420 2172 163 37 Publikum.
624 2182 112 31 Manch
758 2181 165 31 Verdienst
944 2173 81 33 ward
1045 2168 81 34 wohl

243 2209 34 22 au
280 2208 37 28 eh
337 2220 34 22 so
391 2223 168 32 erworben.

302 2254 79 38 Dem
406 2264 144 38 Künstler
575 2275 71 30 aber
675 2276 64 30 und
766 2272 180 34 schliesslich
974 2267 74 32 auch
1074 2264 52 29 der

243 2349 28 20 w
270 2306 68 26 Unst
359 2318 44 22 wa
405 2321 15 20 r
441 2317 53 30 auf
511 2319 49 31 die
579 2322 103 30 Dauer
702 2324 102 39 wenig
826 2326 179 37 gewonnen.
1034 2314 92 30 Denn

243 2395 20 22 u
286 2393 17 26 d
323 2361 32 54 ?
370 2356 120 37 dictirte
504 2365 50 32 flu-
575 2369 46 31 ihr
636 2371 83 30 Geld
734 2371 48 30 die
797 2371 98 30 Masse
911 2367 63 30 ihre
986 2363 140 31 Gesetze,

243 2433 24 31 2
326 2399 19 30 d
348 2411 7 41 !
358 2412 16 19 e
388 2406 98 35 Masse
504 2413 50 32 hat
569 2418 77 30 auch
660 2419 83 29 noch
757 2416 128 41 nirgend
900 2413 62 32 und
977 2421 37 21 zu
1027 2407 99 32 keiner

243 2478 38 33 Inj
286 2448 23 23 11
331 2457 47 22 em
393 2452 49 32 Ve
444 2462 165 32 rständniss
629 2465 51 31 für
701 2465 49 31 die
771 2464 139 32 feineren
922 2459 64 31 und
999 2456 127 31 tieferen

500 2507 134 34 Wirkun
635 2522 60 29 gen
716 2513 154 34 besessen,
896 2510 37 39 ja,
955 2507 40 30 sie
1016 2505 49 30 hat
1086 2501 40 29 sie

283 2543 86 29 nieist
401 2547 8 29 i
412 2558 21 20 n
464 2552 113 35 Grund
603 2559 65 31 und
700 2560 109 30 Boden
839 2556 130 42 gelacht,
1005 2561 50 21 wo
1084 2547 42 31 sie

262 2588 89 29 inmal
386 2592 10 29 i
397 2604 22 19 n
450 2608 110 26 neuem
593 2607 234 39 ungewohnten
859 2600 140 34 Gewand
1030 2595 80 40 aufge-

272 2637 70 26 eten
368 2642 76 31 sind.
491 2648 100 33 Wohl
618 2653 70 31 dem
713 2654 150 35 Künstler,
889 2651 53 30 der
963 2647 64 31 sich
1047 2644 79 30 diese

253 2681 161 37 Tatsache
435 2700 72 25 stets
529 2700 88 30 wach
638 2701 102 32 erhält.

244 2762 22 30 p
309 2731 73 30 Wer
415 2739 61 30 also
510 2744 108 33 einmal
651 2748 56 30 der
737 2750 98 29 Kunst
871 2747 67 30 eine
952 2731 14 61 |
966 2737 160 37 wahrhafte

244 2816 58 28 und
302 2785 69 59 \T
402 2785 132 36 Schaffen
562 2794 71 37 will,
662 2796 55 30 der
744 2796 79 31 halte
853 2794 47 30 die
933 2792 97 30 Masse
1060 2786 67 30 fern

331 2824 104 36 darum
463 2838 74 30 auch
562 2839 59 38 das,
644 2853 59 19 was
724 2843 108 30 immer
853 2840 82 31 noch
956 2838 53 30 der
1029 2835 97 31 Masse

1213 415 87 31 Thür
1326 409 62 32 und
1413 407 86 30 Thor
1524 400 117 34 öffnete,
1665 396 48 29 das
1734 390 98 33 Geld.
1861 389 57 29 Das
1943 386 120 29 «Intime

1212 463 147 29 Theater»
1393 453 66 33 darf
1483 449 81 32 nicht
1592 446 66 29 dem
1686 439 78 32 Geld
1793 433 171 42 zugänglich
1994 441 61 20 sein

1214 507 198 33 Geschlossen
1440 498 92 32 bleibe
1558 494 52 30 der
1636 488 78 32 Kreis
1740 495 61 20 von
1823 481 158 31 Kunstlern
2001 477 61 30 und

1213 549 251 37 Kunstfreunden,
1492 542 52 32 mit
1569 540 94 29 einem
1686 534 104 33 Wort,
1818 538 62 21 von
1901 526 141 30 Sachver-

1213 564 200 75 sXdigen,
1438 571 46 53 die
1512 589 60 31 hier
1596 588 46 27 nir
1666 582 71 30 ihre
1763 575 123 33 Zwecke
1912 573 60 29 sich
1995 580 66 20 eine

1211 651 103 29 Bühne
1336 642 133 38 gründen
1488 635 117 33 wollen.

1271 697 33 29 In
1333 693 101 30 diesen
1458 684 209 37 Bedingungen
1694 674 68 38 hegt
1787 670 69 30 kurz
1881 674 160 22 zusammen-

1213 744 77 32 las
1308 751 11 20 t
1362 746 58 22 was
1449 733 48 29 das
1530 725 119 32 «Intime
1677 720 144 31 Theater»
1854 713 121 31 sondert
1999 709 62 31 und

1227 750 122 71 St
1363 793 59 22 von
1437 780 66 31 dem
1514 773 109 33 Gebiet
1637 769 51 30 der
1706 763 117 32 «Freien
1833 760 129 30 Bühne».
1988 757 71 28 Wie

1228 801 37 67 bf
1299 798 132 65 Staltet
1452 825 59 31 sich
1525 822 45 30 die
1585 814 189 36 Ausführung
1796 808 49 30 des
1861 804 198 41 Programms?

1211 922 405 89 2icS
1634 918 51 68 r
1706 962 35 21 zu
1768 949 79 40 ieder
1868 943 192 38 Vorstellung

1210 989 134 71 Tanglo
1362 1030 14 19 e
1392 1013 197 36 Einladungen
1603 1014 36 20 an
1653 1000 51 32 alle
1715 998 163 38 diejenigen
1889 989 171 35 verschickt,

1211 1037 62 66 diT
1287 1077 100 24 unsres
1415 1061 133 32 Wissens
1579 1054 31 29 in
1638 1045 102 43 irgend
1767 1041 142 32 welchem
1937 1045 121 22 intimen

1210 1077 207 74 vXt
1434 1110 51 29 der
1498 1106 93 30 Kunst
1605 1097 108 31 stehen.
1740 1092 71 29 Dass
1825 1087 83 30 dabei
1923 1083 137 31 mancher

1210 1168 45 18 w
1592 1143 135 33 mancher
1740 1138 200 38 Ungeeignete
1958 1131 101 29 hinzu-

1615 1187 157 35 besonders
1787 1183 29 29 in
1831 1182 57 28 den
1901 1176 158 39 Anfängen

1210 1222 132 34 gezogen
1356 1222 48 16 wu
1431 1228 6 13 ,
1683 1229 175 35 vermeiden.
1907 1224 70 30 Bald
2009 1232 32 29 ge-

1210 1262 50 30 deS
1724 1287 61 22 von
1821 1282 102 22 aussen
1955 1270 101 29 heran-

1210 1296 440 91 SfÄ«rden
1667 1326 47 33 die
1728 1320 135 35 Auswahi
1878 1314 178 41 beriehrigen

1206 1413 43 22 Un
1250 1401 60 78 V„
1310 1409 15 19 e
1335 1394 93 80 d*
1430 1396 25 25 än
1456 1394 157 71 Fordes
1638 1416 210 39 ConvenriMs
1873 1411 109 39 zwing,
2002 1418 54 22 uns

1348 1491 15 14 u
1433 1484 46 21 Aio
1500 1474 155 31 Rücksicht
1682 1467 50 31 auf
1749 1464 64 31 eine
1834 1455 203 36 hochwohllob-

1208 1497 83 32 allein
1315 1491 93 31 schon
1433 1484 46 30 d-
1500 1477 121 33 R-k-
1624 1475 17 27 h
1812 1508 60 31 und
1983 1502 73 31 mch

1668 1652 118 36 Verein,
1813 1649 53 30 der
1891 1643 163 33 ausserdem

1266 1732 16 20 k
1304 1690 69 62 In
1398 1712 155 40 Nachtheil
1581 1711 59 32 hat,
1673 1704 62 30 dass
1760 1699 49 30 für
1833 1704 62 21 sein
1919 1690 136 40 Baargeld

1206 1745 21 21 n
1228 1744 18 19 °
1288 1775 45 29 ied
1352 1783 13 20 r
1503 1757 138 44 gendwer
1658 1758 87 24 unsre
1759 1744 99 32 Kreise
1879 1740 53 30 mit
1946 1747 109 21 seinem

1206 1790 62 23 nun
1288 1776 77 41 jeder
1380 1776 77 25 Herr
1470 1776 49 58 |b
1923 1795 46 20 em

1205 1829 140 42 plumpen
1378 1810 237 74 Rüssel_■£«
1718 1818 7 15 ,

1205 1873 180 35 schlossener
1809 1883 81 31 nicht
1922 1879 50 30 auf
1997 1878 58 29 den

1205 2018 50 32 teil
1274 2016 30 29 in
1325 2010 98 31 diesen
1443 1996 114 36 Zeiten!
1826 2017 228 37 enßcheidende

1263 2064 57 29 FÜr
1480 2093 17 30 d
1509 2103 16 18 e
1557 2080 228 37 Vorstellungen
1823 2071 50 30 des
1914 2066 141 31 «Intimen

1205 2115 144 30 Moment,
1383 2105 62 27 dass
1480 2105 17 18 a
1637 2129 15 8 ~
1696 2120 120 35 Beihilfe
1841 2127 29 20 se
1872 2116 62 30 iner
1961 2113 93 30 Gäste

1205 2160 158 32 Theaters»
1395 2146 89 31 ohne
1975 2159 35 30 da

1204 2206 62 34 und
1289 2198 164 35 Zuschauer
1536 2182 104 31 Stande
1830 2209 80 33 Gdd

1205 2256 52 30 der
1290 2249 119 32 Eintritt
1442 2248 31 20 in
1504 2237 65 27 kern
1605 2266 230 37 Aufführangen
1859 2254 108 32 dürfen
1994 2263 12 19 a
2009 2253 8 29 i
2019 2262 34 20 so

1205 2299 120 35 werden
1351 2297 80 26 kann.
1562 2322 62 21 rpr
1626 2319 5 24 i
1636 2325 50 18 n(TS
1689 2322 41 21 tes
1751 2310 113 31 kosten,
1886 2301 92 31 soviel
1998 2309 56 21 wie

1323 2340 72 31 oder
1419 2340 55 25 ««
1493 2321 281 84 «gSSSU
1795 2353 51 31 der
1861 2349 98 31 Leiter
1979 2347 74 29 oder

1205 2390 134 39 allenfalls
1361 2380 90 35 durch
1470 2375 47 32 Ae
1536 2373 122 37 Opterw
1699 2373 16 27 g

1205 2446 36 29 de
1243 2452 14 22 r
1280 2426 225 45 Mitwirkenden
1532 2419 48 31 für
1606 2413 47 30 das
1679 2413 108 30 Oehng

1205 2481 185 48 aufgebracht
1409 2471 120 35 werden
1548 2467 83 28 kann-
1818 2503 35 21 zu
1905 2489 60 32 aufs
1977 2496 76 22 erste

1263 2535 38 31 So
1313 2529 150 33 schwierig
1474 2524 62 23 eine
1548 2522 32 20 so
1593 2514 36 24 cn
1842 2540 59 30 den

1205 2584 72 34 auch
1288 2589 38 55 f
1327 2575 50 32 sch
1405 2581 19 20 n
1421 2627 20 17 n
1427 2578 37 20 en
1453 2624 19 20 v
1475 2573 354 68 rßühnenausstattung
1842 2585 63 32 und
1915 2584 138 30 Bühnen-

1205 2627 236 39 Anschauungen
1453 2621 62 23 von
1529 2609 63 29 Buh
1807 2655 17 3 _
1992 2629 47 29 Qe
2041 2645 13 5 _

1529 2700 87 33 selbst
1634 2657 79 67 Lht
1734 2688 39 30 sie
1791 2680 262 45 glückhcherweise

1206 2734 101 26 setzen
1328 2720 49 30 des
1392 2718 88 27 Dram
1734 2735 114 32 hiermit
1873 2724 109 43 ]mupfe
2007 2723 48 30 ich

1205 2773 109 82 Ä
1315 2776 28 24 Ä
1344 2747 264 98 JEÄ
1634 2789 92 32 **
1750 2778 211 36 B—
1964 2783 19 19 n
2009 2779 35 21 an
2046 2791 6 7 -

1283 3012 40 0 107
