<?xml version="1.0" encoding="UTF-8"?>
<alto xmlns:xsi="http://www.w3.org/2001/XMLSchema-instance" xmlns="http://www.loc.gov/standards/alto/ns-v2#" xsi:schemaLocation="http://www.loc.gov/standards/alto/ns-v2# http://www.loc.gov/standards/alto/alto-v2.0.xsd" xmlns:xlink="http://www.w3.org/1999/xlink">
	<Description>
		<MeasurementUnit>mm10</MeasurementUnit>
		<sourceImageInformation>
			<fileName>//fileserver7/IN2/Princeton/jp2/pudl0097/2980652/014/19230501_01/00000092.jp2</fileName>
		</sourceImageInformation>
		<OCRProcessing ID="OCRPROCESSING_1">
			<preProcessingStep>
				<processingSoftware>
					<softwareCreator>CCS Content Conversion Specialists GmbH, Germany</softwareCreator>
					<softwareName>CCS docWORKS</softwareName>
					<softwareVersion>6.6-0.29</softwareVersion>
				</processingSoftware>
			</preProcessingStep>
			<ocrProcessingStep>
				<processingSoftware>
					<softwareCreator>ABBYY (BIT Software), Russia</softwareCreator>
					<softwareName>FineReader</softwareName>
					<softwareVersion>10.0</softwareVersion>
				</processingSoftware>
			</ocrProcessingStep>
		</OCRProcessing>
		<OCRProcessing ID="OCRPROCESSING_2">
			<preProcessingStep>
				<processingSoftware>
					<softwareCreator>CCS Content Conversion Specialists GmbH, Germany</softwareCreator>
					<softwareName>CCS docWORKS</softwareName>
					<softwareVersion>6.6-0.29</softwareVersion>
				</processingSoftware>
			</preProcessingStep>
			<ocrProcessingStep>
				<processingSoftware>
					<softwareCreator>ABBYY (BIT Software), Russia</softwareCreator>
					<softwareName>NA</softwareName>
				</processingSoftware>
			</ocrProcessingStep>
		</OCRProcessing>
	</Description>
	<Styles>
		<TextStyle ID="TXT_0" FONTSIZE="10" FONTFAMILY="Times New Roman"/>
		<ParagraphStyle ID="PAR_LEFT" ALIGN="Left"/>
		<ParagraphStyle ID="PAR_BLOCK" ALIGN="Block"/>
		<ParagraphStyle ID="PAR_RIGHT" ALIGN="Right"/>
	</Styles>
	<Layout>
		<Page ID="P4" PHYSICAL_IMG_NR="4" HEIGHT="6967" WIDTH="5103" PRINTED_IMG_NR="66" PC="0.928">
			<TopMargin ID="P4_TM00001" HPOS="0" VPOS="0" WIDTH="5103" HEIGHT="5"/>
			<LeftMargin ID="P4_LM00001" HPOS="0" VPOS="5" WIDTH="4" HEIGHT="6712"/>
			<RightMargin ID="P4_RM00001" HPOS="5097" VPOS="5" WIDTH="6" HEIGHT="6712"/>
			<BottomMargin ID="P4_BM00001" HPOS="0" VPOS="6717" WIDTH="5103" HEIGHT="250">
				<TextBlock ID="P4_TB00001" HPOS="550" VPOS="6720" WIDTH="121" HEIGHT="101" STYLEREFS="TXT_0 PAR_LEFT">
					<TextLine ID="P4_TL00001" HPOS="557" VPOS="6732" WIDTH="103" HEIGHT="66">
						<String ID="P4_ST00001" HPOS="557" VPOS="6732" WIDTH="103" HEIGHT="66" CONTENT="66" WC="0.34" CC="66"/>
					</TextLine>
				</TextBlock>
			</BottomMargin>
			<PrintSpace ID="P4_PS00001" HPOS="4" VPOS="5" WIDTH="5093" HEIGHT="6712">
				<TextBlock ID="P4_TB00002" HPOS="522" VPOS="374" WIDTH="1990" HEIGHT="1733" STYLEREFS="TXT_0 PAR_BLOCK">
					<TextLine ID="P4_TL00002" HPOS="587" VPOS="374" WIDTH="1880" HEIGHT="28">
						<String ID="P4_ST00002" HPOS="587" VPOS="374" WIDTH="620" HEIGHT="28" CONTENT="f\\l'*" WC="0.12" CC="898467"/>
						<SP ID="P4_SP00001" HPOS="1207" VPOS="402" WIDTH="334"/>
						<String ID="P4_ST00003" HPOS="1541" VPOS="381" WIDTH="11" HEIGHT="20" CONTENT="112" WC="0.54" CC="400"/>
						<SP ID="P4_SP00002" HPOS="1552" VPOS="402" WIDTH="19"/>
						<String ID="P4_ST00004" HPOS="1571" VPOS="378" WIDTH="13" HEIGHT="20" CONTENT="i" WC="0.14" CC="8"/>
						<SP ID="P4_SP00003" HPOS="1584" VPOS="402" WIDTH="346"/>
						<String ID="P4_ST00005" HPOS="1930" VPOS="376" WIDTH="5" HEIGHT="7" CONTENT="'" WC="0.57" CC="4"/>
						<SP ID="P4_SP00004" HPOS="1935" VPOS="402" WIDTH="68"/>
						<String ID="P4_ST00006" HPOS="2003" VPOS="375" WIDTH="6" HEIGHT="12" CONTENT="'" WC="0.61" CC="3"/>
						<SP ID="P4_SP00005" HPOS="2009" VPOS="402" WIDTH="448"/>
						<String ID="P4_ST00007" HPOS="2457" VPOS="374" WIDTH="10" HEIGHT="8" CONTENT="*" WC="0.47" CC="5"/>
					</TextLine>
					<TextLine ID="P4_TL00003" HPOS="566" VPOS="391" WIDTH="1944" HEIGHT="88">
						<String ID="P4_ST00008" HPOS="566" VPOS="399" WIDTH="140" HEIGHT="80" CONTENT="das" WC="0.96" CC="920"/>
						<SP ID="P4_SP00006" HPOS="706" VPOS="479" WIDTH="19"/>
						<String ID="P4_ST00009" HPOS="725" VPOS="398" WIDTH="422" HEIGHT="81" CONTENT="Moskauer" WC="0.99" CC="10110516"/>
						<SP ID="P4_SP00007" HPOS="1147" VPOS="479" WIDTH="13"/>
						<String ID="P4_ST00010" HPOS="1160" VPOS="391" WIDTH="684" HEIGHT="88" CONTENT="Kammertheater" WC="0.99" CC="9050060700807"/>
						<SP ID="P4_SP00008" HPOS="1844" VPOS="479" WIDTH="26"/>
						<String ID="P4_ST00011" HPOS="1870" VPOS="401" WIDTH="216" HEIGHT="74" CONTENT="nicht" WC="0.98" CC="10026"/>
						<SP ID="P4_SP00009" HPOS="2086" VPOS="479" WIDTH="29"/>
						<String ID="P4_ST00012" HPOS="2115" VPOS="392" WIDTH="395" HEIGHT="83" CONTENT="natürlich" WC="0.98" CC="720055346"/>
					</TextLine>
					<TextLine ID="P4_TL00004" HPOS="562" VPOS="516" WIDTH="1948" HEIGHT="98">
						<String ID="P4_ST00013" HPOS="562" VPOS="519" WIDTH="256" HEIGHT="95" CONTENT="spielt." WC="0.99" CC="0400704"/>
						<SP ID="P4_SP00010" HPOS="818" VPOS="614" WIDTH="125"/>
						<String ID="P4_ST00014" HPOS="943" VPOS="519" WIDTH="226" HEIGHT="78" CONTENT="Auch" WC="0.97" CC="3602"/>
						<SP ID="P4_SP00011" HPOS="1169" VPOS="614" WIDTH="86"/>
						<String ID="P4_ST00015" HPOS="1255" VPOS="543" WIDTH="88" HEIGHT="53" CONTENT="er" WC="0.65" CC="05"/>
						<SP ID="P4_SP00012" HPOS="1343" VPOS="614" WIDTH="73"/>
						<String ID="P4_ST00016" HPOS="1416" VPOS="521" WIDTH="244" HEIGHT="73" CONTENT="kennt" WC="1.00" CC="30000"/>
						<SP ID="P4_SP00013" HPOS="1660" VPOS="614" WIDTH="69"/>
						<String ID="P4_ST00017" HPOS="1729" VPOS="516" WIDTH="129" HEIGHT="75" CONTENT="die" WC="1.00" CC="010"/>
						<SP ID="P4_SP00014" HPOS="1858" VPOS="614" WIDTH="76"/>
						<String ID="P4_ST00018" HPOS="1934" VPOS="516" WIDTH="576" HEIGHT="95" CONTENT="Entwicklung," WC="0.99" CC="001020065392"/>
					</TextLine>
					<TextLine ID="P4_TL00005" HPOS="562" VPOS="630" WIDTH="1950" HEIGHT="98">
						<String ID="P4_ST00019" HPOS="562" VPOS="633" WIDTH="378" HEIGHT="95" CONTENT="nämlich," WC="0.99" CC="40040062"/>
						<SP ID="P4_SP00015" HPOS="940" VPOS="728" WIDTH="36"/>
						<String ID="P4_ST00020" HPOS="976" VPOS="633" WIDTH="225" HEIGHT="88" CONTENT="„dass" WC="0.73" CC="48000"/>
						<SP ID="P4_SP00016" HPOS="1201" VPOS="728" WIDTH="24"/>
						<String ID="P4_ST00021" HPOS="1225" VPOS="635" WIDTH="130" HEIGHT="76" CONTENT="die" WC="1.00" CC="000"/>
						<SP ID="P4_SP00017" HPOS="1355" VPOS="728" WIDTH="20"/>
						<String ID="P4_ST00022" HPOS="1375" VPOS="630" WIDTH="554" HEIGHT="96" CONTENT="Entwicklung" WC="1.00" CC="50000001330"/>
						<SP ID="P4_SP00018" HPOS="1929" VPOS="728" WIDTH="22"/>
						<String ID="P4_ST00023" HPOS="1951" VPOS="631" WIDTH="144" HEIGHT="73" CONTENT="der" WC="0.98" CC="006"/>
						<SP ID="P4_SP00019" HPOS="2095" VPOS="728" WIDTH="20"/>
						<String ID="P4_ST00024" HPOS="2115" VPOS="630" WIDTH="397" HEIGHT="76" CONTENT="wahrhaft" WC="0.99" CC="00760058"/>
					</TextLine>
					<TextLine ID="P4_TL00006" HPOS="564" VPOS="746" WIDTH="1948" HEIGHT="95">
						<String ID="P4_ST00025" HPOS="564" VPOS="748" WIDTH="591" HEIGHT="78" CONTENT="dramatischen" WC="1.00" CC="907000000043"/>
						<SP ID="P4_SP00020" HPOS="1155" VPOS="826" WIDTH="71"/>
						<String ID="P4_ST00026" HPOS="1226" VPOS="750" WIDTH="253" HEIGHT="76" CONTENT="Kunst" WC="0.98" CC="64023"/>
						<SP ID="P4_SP00021" HPOS="1479" VPOS="826" WIDTH="72"/>
						<String ID="P4_ST00027" HPOS="1551" VPOS="746" WIDTH="295" HEIGHT="77" CONTENT="andere" WC="1.00" CC="000020"/>
						<SP ID="P4_SP00022" HPOS="1846" VPOS="826" WIDTH="51"/>
						<String ID="P4_ST00028" HPOS="1897" VPOS="748" WIDTH="240" HEIGHT="93" CONTENT="Wege" WC="1.00" CC="0000"/>
						<SP ID="P4_SP00023" HPOS="2137" VPOS="841" WIDTH="76"/>
						<String ID="P4_ST00029" HPOS="2213" VPOS="746" WIDTH="299" HEIGHT="75" CONTENT="suchen" WC="0.99" CC="062100"/>
					</TextLine>
					<TextLine ID="P4_TL00007" HPOS="568" VPOS="862" WIDTH="1944" HEIGHT="96">
						<String ID="P4_ST00030" HPOS="568" VPOS="870" WIDTH="294" HEIGHT="71" CONTENT='muss".' WC="0.68" CC="640016"/>
						<SP ID="P4_SP00024" HPOS="862" VPOS="941" WIDTH="97"/>
						<String ID="P4_ST00031" HPOS="959" VPOS="863" WIDTH="205" HEIGHT="75" CONTENT="Herr" WC="0.97" CC="5046"/>
						<SP ID="P4_SP00025" HPOS="1164" VPOS="941" WIDTH="49"/>
						<String ID="P4_ST00032" HPOS="1213" VPOS="865" WIDTH="244" HEIGHT="93" CONTENT="Engel" WC="0.99" CC="04004"/>
						<SP ID="P4_SP00026" HPOS="1457" VPOS="958" WIDTH="52"/>
						<String ID="P4_ST00033" HPOS="1509" VPOS="863" WIDTH="136" HEIGHT="73" CONTENT="hat" WC="0.98" CC="510"/>
						<SP ID="P4_SP00027" HPOS="1645" VPOS="958" WIDTH="49"/>
						<String ID="P4_ST00034" HPOS="1694" VPOS="862" WIDTH="169" HEIGHT="76" CONTENT="sich" WC="0.99" CC="0004"/>
						<SP ID="P4_SP00028" HPOS="1863" VPOS="958" WIDTH="66"/>
						<String ID="P4_ST00035" HPOS="1929" VPOS="863" WIDTH="583" HEIGHT="73" CONTENT="unentwirrbar" WC="1.00" CC="402000027106"/>
					</TextLine>
					<TextLine ID="P4_TL00008" HPOS="561" VPOS="977" WIDTH="1947" HEIGHT="98">
						<String ID="P4_ST00036" HPOS="561" VPOS="978" WIDTH="83" HEIGHT="73" CONTENT="in" WC="0.58" CC="17"/>
						<SP ID="P4_SP00029" HPOS="644" VPOS="1051" WIDTH="39"/>
						<String ID="P4_ST00037" HPOS="683" VPOS="978" WIDTH="166" HEIGHT="73" CONTENT="sein" WC="0.98" CC="2014"/>
						<SP ID="P4_SP00030" HPOS="849" VPOS="1051" WIDTH="39"/>
						<String ID="P4_ST00038" HPOS="888" VPOS="977" WIDTH="541" HEIGHT="98" CONTENT="persönliches" WC="0.99" CC="332060300410"/>
						<SP ID="P4_SP00031" HPOS="1429" VPOS="1075" WIDTH="29"/>
						<String ID="P4_ST00039" HPOS="1458" VPOS="977" WIDTH="544" HEIGHT="74" CONTENT="Kunstknäuel" WC="1.00" CC="20100022001"/>
						<SP ID="P4_SP00032" HPOS="2002" VPOS="1075" WIDTH="29"/>
						<String ID="P4_ST00040" HPOS="2031" VPOS="980" WIDTH="477" HEIGHT="92" CONTENT="verwickelt," WC="1.00" CC="00600400403"/>
					</TextLine>
					<TextLine ID="P4_TL00009" HPOS="561" VPOS="1092" WIDTH="1951" HEIGHT="98">
						<String ID="P4_ST00041" HPOS="561" VPOS="1092" WIDTH="386" HEIGHT="78" CONTENT="trotzdem" WC="0.99" CC="50004020"/>
						<SP ID="P4_SP00033" HPOS="947" VPOS="1170" WIDTH="34"/>
						<String ID="P4_ST00042" HPOS="981" VPOS="1092" WIDTH="472" HEIGHT="76" CONTENT="bewundert" WC="1.00" CC="510000050"/>
						<SP ID="P4_SP00034" HPOS="1453" VPOS="1170" WIDTH="34"/>
						<String ID="P4_ST00043" HPOS="1487" VPOS="1114" WIDTH="86" HEIGHT="52" CONTENT="er" WC="0.67" CC="06"/>
						<SP ID="P4_SP00035" HPOS="1573" VPOS="1170" WIDTH="39"/>
						<String ID="P4_ST00044" HPOS="1612" VPOS="1094" WIDTH="217" HEIGHT="82" CONTENT="„eine" WC="0.98" CC="64030"/>
						<SP ID="P4_SP00036" HPOS="1829" VPOS="1176" WIDTH="34"/>
						<String ID="P4_ST00045" HPOS="1863" VPOS="1094" WIDTH="474" HEIGHT="93" CONTENT="flügelweite" WC="0.68" CC="55090405400"/>
						<SP ID="P4_SP00037" HPOS="2337" VPOS="1187" WIDTH="27"/>
						<String ID="P4_ST00046" HPOS="2364" VPOS="1117" WIDTH="99" HEIGHT="73" CONTENT="op" SUBS_TYPE="HypPart1" SUBS_CONTENT="optische" WC="0.98" CC="00"/>
						<HYP HPOS="2463" VPOS="1117" WIDTH="49" CONTENT="-"/>
					</TextLine>
					<TextLine ID="P4_TL00010" HPOS="561" VPOS="1207" WIDTH="1947" HEIGHT="78">
						<String ID="P4_ST00047" HPOS="561" VPOS="1209" WIDTH="249" HEIGHT="74" CONTENT="tische" SUBS_TYPE="HypPart2" SUBS_CONTENT="optische" WC="0.98" CC="651020"/>
						<SP ID="P4_SP00038" HPOS="810" VPOS="1283" WIDTH="35"/>
						<String ID="P4_ST00048" HPOS="845" VPOS="1209" WIDTH="488" HEIGHT="76" CONTENT='Phantasie".' WC="0.99" CC="12304325034"/>
						<SP ID="P4_SP00039" HPOS="1333" VPOS="1285" WIDTH="86"/>
						<String ID="P4_ST00049" HPOS="1419" VPOS="1209" WIDTH="144" HEIGHT="72" CONTENT="Die" WC="1.00" CC="100"/>
						<SP ID="P4_SP00040" HPOS="1563" VPOS="1285" WIDTH="48"/>
						<String ID="P4_ST00050" HPOS="1611" VPOS="1207" WIDTH="208" HEIGHT="76" CONTENT="wird" WC="0.99" CC="0060"/>
						<SP ID="P4_SP00041" HPOS="1819" VPOS="1285" WIDTH="36"/>
						<String ID="P4_ST00051" HPOS="1855" VPOS="1209" WIDTH="199" HEIGHT="74" CONTENT="Herr" WC="0.97" CC="5106"/>
						<SP ID="P4_SP00042" HPOS="2054" VPOS="1285" WIDTH="36"/>
						<String ID="P4_ST00052" HPOS="2090" VPOS="1209" WIDTH="218" HEIGHT="74" CONTENT="Stahl" WC="0.98" CC="07044"/>
						<SP ID="P4_SP00043" HPOS="2308" VPOS="1285" WIDTH="39"/>
						<String ID="P4_ST00053" HPOS="2347" VPOS="1232" WIDTH="161" HEIGHT="49" CONTENT="nun" WC="0.99" CC="100"/>
					</TextLine>
					<TextLine ID="P4_TL00011" HPOS="562" VPOS="1322" WIDTH="1950" HEIGHT="75">
						<String ID="P4_ST00054" HPOS="562" VPOS="1322" WIDTH="302" HEIGHT="75" CONTENT="wieder" WC="0.99" CC="050004"/>
						<SP ID="P4_SP00044" HPOS="864" VPOS="1397" WIDTH="73"/>
						<String ID="P4_ST00055" HPOS="937" VPOS="1324" WIDTH="130" HEIGHT="73" CONTENT="für" WC="0.98" CC="006"/>
						<SP ID="P4_SP00045" HPOS="1067" VPOS="1397" WIDTH="59"/>
						<String ID="P4_ST00056" HPOS="1126" VPOS="1324" WIDTH="508" HEIGHT="73" CONTENT="unnatürlich" WC="1.00" CC="11200004300"/>
						<SP ID="P4_SP00046" HPOS="1634" VPOS="1397" WIDTH="55"/>
						<String ID="P4_ST00057" HPOS="1689" VPOS="1322" WIDTH="289" HEIGHT="75" CONTENT="halten." WC="0.98" CC="4067033"/>
						<SP ID="P4_SP00047" HPOS="1978" VPOS="1397" WIDTH="103"/>
						<String ID="P4_ST00058" HPOS="2081" VPOS="1322" WIDTH="180" HEIGHT="75" CONTENT="Und" WC="0.97" CC="350"/>
						<SP ID="P4_SP00048" HPOS="2261" VPOS="1397" WIDTH="52"/>
						<String ID="P4_ST00059" HPOS="2313" VPOS="1324" WIDTH="199" HEIGHT="73" CONTENT="Herr" WC="0.96" CC="6075"/>
					</TextLine>
					<TextLine ID="P4_TL00012" HPOS="562" VPOS="1437" WIDTH="1950" HEIGHT="95">
						<String ID="P4_ST00060" HPOS="562" VPOS="1439" WIDTH="244" HEIGHT="93" CONTENT="Engel" WC="0.98" CC="80007"/>
						<SP ID="P4_SP00049" HPOS="806" VPOS="1532" WIDTH="65"/>
						<String ID="P4_ST00061" HPOS="871" VPOS="1439" WIDTH="98" HEIGHT="73" CONTENT="ist" WC="0.98" CC="005"/>
						<SP ID="P4_SP00050" HPOS="969" VPOS="1532" WIDTH="49"/>
						<String ID="P4_ST00062" HPOS="1018" VPOS="1439" WIDTH="474" HEIGHT="93" CONTENT="wenigstens" WC="0.99" CC="8460070000"/>
						<SP ID="P4_SP00051" HPOS="1492" VPOS="1532" WIDTH="53"/>
						<String ID="P4_ST00063" HPOS="1545" VPOS="1439" WIDTH="279" HEIGHT="93" CONTENT="klüger" WC="1.00" CC="031000"/>
						<SP ID="P4_SP00052" HPOS="1824" VPOS="1532" WIDTH="49"/>
						<String ID="P4_ST00064" HPOS="1873" VPOS="1441" WIDTH="117" HEIGHT="71" CONTENT="als" WC="0.95" CC="059"/>
						<SP ID="P4_SP00053" HPOS="1990" VPOS="1532" WIDTH="52"/>
						<String ID="P4_ST00065" HPOS="2042" VPOS="1437" WIDTH="144" HEIGHT="75" CONTENT="der" WC="1.00" CC="010"/>
						<SP ID="P4_SP00054" HPOS="2186" VPOS="1532" WIDTH="53"/>
						<String ID="P4_ST00066" HPOS="2239" VPOS="1439" WIDTH="273" HEIGHT="74" CONTENT="blinde" WC="0.98" CC="773400"/>
					</TextLine>
					<TextLine ID="P4_TL00013" HPOS="561" VPOS="1551" WIDTH="1947" HEIGHT="96">
						<String ID="P4_ST00067" HPOS="561" VPOS="1554" WIDTH="249" HEIGHT="75" CONTENT="Seher" WC="0.98" CC="00426"/>
						<SP ID="P4_SP00055" HPOS="810" VPOS="1629" WIDTH="64"/>
						<String ID="P4_ST00068" HPOS="874" VPOS="1552" WIDTH="139" HEIGHT="75" CONTENT="des" WC="0.98" CC="500"/>
						<SP ID="P4_SP00056" HPOS="1013" VPOS="1629" WIDTH="51"/>
						<String ID="P4_ST00069" HPOS="1064" VPOS="1551" WIDTH="469" HEIGHT="96" CONTENT="Tageblatts," WC="0.99" CC="02914326024"/>
						<SP ID="P4_SP00057" HPOS="1533" VPOS="1647" WIDTH="52"/>
						<String ID="P4_ST00070" HPOS="1585" VPOS="1551" WIDTH="275" HEIGHT="76" CONTENT="indem" WC="1.00" CC="03000"/>
						<SP ID="P4_SP00058" HPOS="1860" VPOS="1647" WIDTH="52"/>
						<String ID="P4_ST00071" HPOS="1912" VPOS="1576" WIDTH="88" HEIGHT="51" CONTENT="er" WC="0.79" CC="04"/>
						<SP ID="P4_SP00059" HPOS="2000" VPOS="1647" WIDTH="49"/>
						<String ID="P4_ST00072" HPOS="2049" VPOS="1556" WIDTH="144" HEIGHT="74" CONTENT="mit" WC="0.97" CC="700"/>
						<SP ID="P4_SP00060" HPOS="2193" VPOS="1647" WIDTH="51"/>
						<String ID="P4_ST00073" HPOS="2244" VPOS="1557" WIDTH="264" HEIGHT="73" CONTENT="einem" WC="0.99" CC="03300"/>
					</TextLine>
					<TextLine ID="P4_TL00014" HPOS="557" VPOS="1666" WIDTH="1951" HEIGHT="98">
						<String ID="P4_ST00074" HPOS="557" VPOS="1669" WIDTH="392" HEIGHT="95" CONTENT="gewissen" WC="0.99" CC="82010000"/>
						<SP ID="P4_SP00061" HPOS="949" VPOS="1764" WIDTH="57"/>
						<String ID="P4_ST00075" HPOS="1006" VPOS="1666" WIDTH="215" HEIGHT="76" CONTENT="Grad" WC="0.99" CC="5000"/>
						<SP ID="P4_SP00062" HPOS="1221" VPOS="1764" WIDTH="76"/>
						<String ID="P4_ST00076" HPOS="1297" VPOS="1691" WIDTH="156" HEIGHT="51" CONTENT="von" WC="0.97" CC="403"/>
						<SP ID="P4_SP00063" HPOS="1453" VPOS="1764" WIDTH="56"/>
						<String ID="P4_ST00077" HPOS="1509" VPOS="1668" WIDTH="445" HEIGHT="76" CONTENT="Bonhomie" WC="0.87" CC="70003000"/>
						<SP ID="P4_SP00064" HPOS="1954" VPOS="1764" WIDTH="75"/>
						<String ID="P4_ST00078" HPOS="2029" VPOS="1690" WIDTH="240" HEIGHT="74" CONTENT="gegen" WC="0.99" CC="50000"/>
						<SP ID="P4_SP00065" HPOS="2269" VPOS="1764" WIDTH="70"/>
						<String ID="P4_ST00079" HPOS="2339" VPOS="1671" WIDTH="169" HEIGHT="73" CONTENT="sich" WC="0.98" CC="0503"/>
					</TextLine>
					<TextLine ID="P4_TL00015" HPOS="559" VPOS="1784" WIDTH="1949" HEIGHT="88">
						<String ID="P4_ST00080" HPOS="559" VPOS="1784" WIDTH="244" HEIGHT="73" CONTENT="selbst" WC="0.99" CC="006600"/>
						<SP ID="P4_SP00066" HPOS="803" VPOS="1857" WIDTH="34"/>
						<String ID="P4_ST00081" HPOS="837" VPOS="1786" WIDTH="335" HEIGHT="71" CONTENT="äussert:" WC="0.99" CC="83000005"/>
						<SP ID="P4_SP00067" HPOS="1172" VPOS="1857" WIDTH="46"/>
						<String ID="P4_ST00082" HPOS="1218" VPOS="1784" WIDTH="218" HEIGHT="85" CONTENT="„Man" WC="0.97" CC="2360"/>
						<SP ID="P4_SP00068" HPOS="1436" VPOS="1869" WIDTH="27"/>
						<String ID="P4_ST00083" HPOS="1463" VPOS="1791" WIDTH="117" HEIGHT="66" CONTENT="tut" WC="0.96" CC="056"/>
						<SP ID="P4_SP00069" HPOS="1580" VPOS="1869" WIDTH="29"/>
						<String ID="P4_ST00084" HPOS="1609" VPOS="1784" WIDTH="218" HEIGHT="75" CONTENT="nicht" WC="0.98" CC="24015"/>
						<SP ID="P4_SP00070" HPOS="1827" VPOS="1869" WIDTH="28"/>
						<String ID="P4_ST00085" HPOS="1855" VPOS="1784" WIDTH="353" HEIGHT="75" CONTENT="schlecht" WC="1.00" CC="00041000"/>
						<SP ID="P4_SP00071" HPOS="2208" VPOS="1869" WIDTH="28"/>
						<String ID="P4_ST00086" HPOS="2236" VPOS="1786" WIDTH="272" HEIGHT="86" CONTENT="daran," WC="0.99" CC="040007"/>
					</TextLine>
					<TextLine ID="P4_TL00016" HPOS="559" VPOS="1894" WIDTH="1951" HEIGHT="99">
						<String ID="P4_ST00087" HPOS="559" VPOS="1896" WIDTH="217" HEIGHT="76" CONTENT="diese" WC="0.98" CC="05043"/>
						<SP ID="P4_SP00072" HPOS="776" VPOS="1972" WIDTH="35"/>
						<String ID="P4_ST00088" HPOS="811" VPOS="1894" WIDTH="251" HEIGHT="99" CONTENT="Dinge" WC="1.00" CC="01100"/>
						<SP ID="P4_SP00073" HPOS="1062" VPOS="1993" WIDTH="51"/>
						<String ID="P4_ST00089" HPOS="1113" VPOS="1920" WIDTH="152" HEIGHT="51" CONTENT="nur" WC="0.95" CC="335"/>
						<SP ID="P4_SP00074" HPOS="1265" VPOS="1993" WIDTH="44"/>
						<String ID="P4_ST00090" HPOS="1309" VPOS="1898" WIDTH="468" HEIGHT="76" CONTENT="abwartend" WC="0.99" CC="070352020"/>
						<SP ID="P4_SP00075" HPOS="1777" VPOS="1993" WIDTH="33"/>
						<String ID="P4_ST00091" HPOS="1810" VPOS="1940" WIDTH="87" HEIGHT="10" CONTENT="—" WC="0.20" CC="8"/>
						<SP ID="P4_SP00076" HPOS="1897" VPOS="1993" WIDTH="37"/>
						<String ID="P4_ST00092" HPOS="1934" VPOS="1900" WIDTH="576" HEIGHT="74" CONTENT="beschreibend" WC="1.00" CC="310024002330"/>
					</TextLine>
					<TextLine ID="P4_TL00017" HPOS="559" VPOS="2015" WIDTH="600" HEIGHT="92">
						<String ID="P4_ST00093" HPOS="559" VPOS="2037" WIDTH="97" HEIGHT="51" CONTENT="zu" WC="0.58" CC="16"/>
						<SP ID="P4_SP00077" HPOS="656" VPOS="2088" WIDTH="50"/>
						<String ID="P4_ST00094" HPOS="706" VPOS="2015" WIDTH="453" HEIGHT="92" CONTENT='begleiten."' WC="0.99" CC="61970041643"/>
					</TextLine>
				</TextBlock>
				<TextBlock ID="P4_TB00003" HPOS="554" VPOS="2241" WIDTH="1956" HEIGHT="4354" STYLEREFS="TXT_0 PAR_BLOCK">
					<TextLine ID="P4_TL00018" HPOS="562" VPOS="2242" WIDTH="1942" HEIGHT="99">
						<String ID="P4_ST00095" HPOS="562" VPOS="2244" WIDTH="179" HEIGHT="75" CONTENT="Man" WC="0.97" CC="402"/>
						<SP ID="P4_SP00078" HPOS="741" VPOS="2319" WIDTH="37"/>
						<String ID="P4_ST00096" HPOS="778" VPOS="2251" WIDTH="119" HEIGHT="66" CONTENT="tut" WC="0.95" CC="445"/>
						<SP ID="P4_SP00079" HPOS="897" VPOS="2319" WIDTH="37"/>
						<String ID="P4_ST00097" HPOS="934" VPOS="2244" WIDTH="269" HEIGHT="73" CONTENT="besser" WC="0.99" CC="510040"/>
						<SP ID="P4_SP00080" HPOS="1203" VPOS="2319" WIDTH="36"/>
						<String ID="P4_ST00098" HPOS="1239" VPOS="2242" WIDTH="274" HEIGHT="95" CONTENT="daran," WC="1.00" CC="000020"/>
						<SP ID="P4_SP00081" HPOS="1513" VPOS="2337" WIDTH="38"/>
						<String ID="P4_ST00099" HPOS="1551" VPOS="2244" WIDTH="130" HEIGHT="75" CONTENT="die" WC="1.00" CC="000"/>
						<SP ID="P4_SP00082" HPOS="1681" VPOS="2337" WIDTH="25"/>
						<String ID="P4_ST00100" HPOS="1706" VPOS="2246" WIDTH="481" HEIGHT="95" CONTENT="Trompeten" WC="0.99" CC="073400642"/>
						<SP ID="P4_SP00083" HPOS="2187" VPOS="2341" WIDTH="44"/>
						<String ID="P4_ST00101" HPOS="2231" VPOS="2248" WIDTH="273" HEIGHT="74" CONTENT="blasen" WC="0.99" CC="600421"/>
					</TextLine>
					<TextLine ID="P4_TL00019" HPOS="558" VPOS="2359" WIDTH="1946" HEIGHT="78">
						<String ID="P4_ST00102" HPOS="558" VPOS="2383" WIDTH="98" HEIGHT="51" CONTENT="zu" WC="0.69" CC="32"/>
						<SP ID="P4_SP00084" HPOS="656" VPOS="2434" WIDTH="36"/>
						<String ID="P4_ST00103" HPOS="692" VPOS="2361" WIDTH="285" HEIGHT="74" CONTENT="lassen." WC="0.99" CC="1500514"/>
						<SP ID="P4_SP00085" HPOS="977" VPOS="2435" WIDTH="50"/>
						<String ID="P4_ST00104" HPOS="1027" VPOS="2359" WIDTH="219" HEIGHT="76" CONTENT="Nach" WC="0.97" CC="9005"/>
						<SP ID="P4_SP00086" HPOS="1246" VPOS="2435" WIDTH="37"/>
						<String ID="P4_ST00105" HPOS="1283" VPOS="2359" WIDTH="154" HEIGHT="76" CONTENT="den" WC="0.98" CC="014"/>
						<SP ID="P4_SP00087" HPOS="1437" VPOS="2435" WIDTH="41"/>
						<String ID="P4_ST00106" HPOS="1478" VPOS="2361" WIDTH="831" HEIGHT="76" CONTENT="Bühnen-Versuchen" WC="1.00" CC="3013354604050303"/>
						<SP ID="P4_SP00088" HPOS="2309" VPOS="2437" WIDTH="41"/>
						<String ID="P4_ST00107" HPOS="2350" VPOS="2385" WIDTH="154" HEIGHT="50" CONTENT="von" WC="0.98" CC="004"/>
					</TextLine>
					<TextLine ID="P4_TL00020" HPOS="560" VPOS="2473" WIDTH="1946" HEIGHT="100">
						<String ID="P4_ST00108" HPOS="560" VPOS="2474" WIDTH="356" HEIGHT="75" CONTENT="William" WC="0.99" CC="0005605"/>
						<SP ID="P4_SP00089" HPOS="916" VPOS="2549" WIDTH="37"/>
						<String ID="P4_ST00109" HPOS="953" VPOS="2474" WIDTH="294" HEIGHT="75" CONTENT="Wauer" WC="0.79" CC="00405"/>
						<SP ID="P4_SP00090" HPOS="1247" VPOS="2549" WIDTH="34"/>
						<String ID="P4_ST00110" HPOS="1281" VPOS="2473" WIDTH="165" HEIGHT="76" CONTENT="und" WC="0.96" CC="740"/>
						<SP ID="P4_SP00091" HPOS="1446" VPOS="2549" WIDTH="37"/>
						<String ID="P4_ST00111" HPOS="1483" VPOS="2476" WIDTH="298" HEIGHT="73" CONTENT="Lothar" WC="0.99" CC="002003"/>
						<SP ID="P4_SP00092" HPOS="1781" VPOS="2549" WIDTH="35"/>
						<String ID="P4_ST00112" HPOS="1816" VPOS="2474" WIDTH="381" HEIGHT="99" CONTENT="Schreyer" WC="0.85" CC="00520003"/>
						<SP ID="P4_SP00093" HPOS="2197" VPOS="2573" WIDTH="34"/>
						<String ID="P4_ST00113" HPOS="2231" VPOS="2478" WIDTH="98" HEIGHT="73" CONTENT="ist" WC="0.99" CC="002"/>
						<SP ID="P4_SP00094" HPOS="2329" VPOS="2573" WIDTH="36"/>
						<String ID="P4_ST00114" HPOS="2365" VPOS="2476" WIDTH="141" HEIGHT="76" CONTENT="das" WC="1.00" CC="000"/>
					</TextLine>
					<TextLine ID="P4_TL00021" HPOS="560" VPOS="2590" WIDTH="1949" HEIGHT="96">
						<String ID="P4_ST00115" HPOS="560" VPOS="2590" WIDTH="489" HEIGHT="74" CONTENT="Moskauer" WC="1.00" CC="40000040"/>
						<SP ID="P4_SP00095" HPOS="1049" VPOS="2664" WIDTH="75"/>
						<String ID="P4_ST00116" HPOS="1124" VPOS="2590" WIDTH="797" HEIGHT="76" CONTENT="Kammertheater" WC="1.00" CC="0600300000400"/>
						<SP ID="P4_SP00096" HPOS="1921" VPOS="2666" WIDTH="75"/>
						<String ID="P4_ST00117" HPOS="1996" VPOS="2591" WIDTH="140" HEIGHT="73" CONTENT="das" WC="0.93" CC="890"/>
						<SP ID="P4_SP00097" HPOS="2136" VPOS="2666" WIDTH="77"/>
						<String ID="P4_ST00118" HPOS="2213" VPOS="2593" WIDTH="296" HEIGHT="93" CONTENT="einzige" WC="0.99" CC="0631000"/>
					</TextLine>
					<TextLine ID="P4_TL00022" HPOS="560" VPOS="2703" WIDTH="1947" HEIGHT="98">
						<String ID="P4_ST00119" HPOS="560" VPOS="2705" WIDTH="342" HEIGHT="74" CONTENT="Theater" WC="0.99" CC="0400606"/>
						<SP ID="P4_SP00098" HPOS="902" VPOS="2779" WIDTH="25"/>
						<String ID="P4_ST00120" HPOS="927" VPOS="2703" WIDTH="383" HEIGHT="98" CONTENT="Europas." WC="1.00" CC="02000004"/>
						<SP ID="P4_SP00099" HPOS="1310" VPOS="2801" WIDTH="78"/>
						<String ID="P4_ST00121" HPOS="1388" VPOS="2705" WIDTH="256" HEIGHT="74" CONTENT="Wenn" WC="0.99" CC="0042"/>
						<SP ID="P4_SP00100" HPOS="1644" VPOS="2801" WIDTH="39"/>
						<String ID="P4_ST00122" HPOS="1683" VPOS="2705" WIDTH="377" HEIGHT="76" CONTENT="deutsche" WC="0.99" CC="00430023"/>
						<SP ID="P4_SP00101" HPOS="2060" VPOS="2801" WIDTH="36"/>
						<String ID="P4_ST00123" HPOS="2096" VPOS="2706" WIDTH="411" HEIGHT="75" CONTENT="Geldleute" WC="0.99" CC="021640500"/>
					</TextLine>
					<TextLine ID="P4_TL00023" HPOS="560" VPOS="2820" WIDTH="1946" HEIGHT="95">
						<String ID="P4_ST00124" HPOS="560" VPOS="2820" WIDTH="166" HEIGHT="81" CONTENT="und" WC="0.95" CC="830"/>
						<SP ID="P4_SP00102" HPOS="726" VPOS="2901" WIDTH="37"/>
						<String ID="P4_ST00125" HPOS="763" VPOS="2820" WIDTH="356" HEIGHT="76" CONTENT="Berliner" WC="0.99" CC="30450332"/>
						<SP ID="P4_SP00103" HPOS="1119" VPOS="2901" WIDTH="34"/>
						<String ID="P4_ST00126" HPOS="1153" VPOS="2820" WIDTH="342" HEIGHT="76" CONTENT="Kritiker" WC="0.99" CC="07200046"/>
						<SP ID="P4_SP00104" HPOS="1495" VPOS="2901" WIDTH="50"/>
						<String ID="P4_ST00127" HPOS="1545" VPOS="2820" WIDTH="217" HEIGHT="74" CONTENT="nicht" WC="0.98" CC="05263"/>
						<SP ID="P4_SP00105" HPOS="1762" VPOS="2901" WIDTH="51"/>
						<String ID="P4_ST00128" HPOS="1813" VPOS="2845" WIDTH="90" HEIGHT="51" CONTENT="so" WC="0.83" CC="03"/>
						<SP ID="P4_SP00106" HPOS="1903" VPOS="2901" WIDTH="45"/>
						<String ID="P4_ST00129" HPOS="1948" VPOS="2822" WIDTH="226" HEIGHT="72" CONTENT="blind" WC="0.98" CC="33320"/>
						<SP ID="P4_SP00107" HPOS="2174" VPOS="2901" WIDTH="35"/>
						<String ID="P4_ST00130" HPOS="2209" VPOS="2827" WIDTH="297" HEIGHT="88" CONTENT="wären," WC="0.99" CC="034003"/>
					</TextLine>
					<TextLine ID="P4_TL00024" HPOS="558" VPOS="2933" WIDTH="1944" HEIGHT="80">
						<String ID="P4_ST00131" HPOS="558" VPOS="2937" WIDTH="212" HEIGHT="73" CONTENT="hätte" WC="0.98" CC="50270"/>
						<SP ID="P4_SP00108" HPOS="770" VPOS="3010" WIDTH="39"/>
						<String ID="P4_ST00132" HPOS="809" VPOS="2935" WIDTH="254" HEIGHT="75" CONTENT="durch" WC="1.00" CC="00000"/>
						<SP ID="P4_SP00109" HPOS="1063" VPOS="3010" WIDTH="37"/>
						<String ID="P4_ST00133" HPOS="1100" VPOS="2935" WIDTH="215" HEIGHT="78" CONTENT="diese" WC="1.00" CC="00000"/>
						<SP ID="P4_SP00110" HPOS="1315" VPOS="3013" WIDTH="37"/>
						<String ID="P4_ST00134" HPOS="1352" VPOS="2933" WIDTH="431" HEIGHT="77" CONTENT="deutschen" WC="0.99" CC="002300406"/>
						<SP ID="P4_SP00111" HPOS="1783" VPOS="3013" WIDTH="37"/>
						<String ID="P4_ST00135" HPOS="1820" VPOS="2937" WIDTH="371" HEIGHT="74" CONTENT="Künstler" WC="0.99" CC="00580300"/>
						<SP ID="P4_SP00112" HPOS="2191" VPOS="3013" WIDTH="50"/>
						<String ID="P4_ST00136" HPOS="2241" VPOS="2937" WIDTH="261" HEIGHT="74" CONTENT="Berlin" WC="0.99" CC="500200"/>
					</TextLine>
					<TextLine ID="P4_TL00025" HPOS="560" VPOS="3050" WIDTH="1947" HEIGHT="97">
						<String ID="P4_ST00137" HPOS="560" VPOS="3050" WIDTH="142" HEIGHT="75" CONTENT="das" WC="1.00" CC="000"/>
						<SP ID="P4_SP00113" HPOS="702" VPOS="3125" WIDTH="51"/>
						<String ID="P4_ST00138" HPOS="753" VPOS="3050" WIDTH="308" HEIGHT="97" CONTENT="gehabt," WC="0.98" CC="9530502"/>
						<SP ID="P4_SP00114" HPOS="1061" VPOS="3147" WIDTH="53"/>
						<String ID="P4_ST00139" HPOS="1114" VPOS="3072" WIDTH="166" HEIGHT="53" CONTENT="was" WC="1.00" CC="000"/>
						<SP ID="P4_SP00115" HPOS="1280" VPOS="3147" WIDTH="37"/>
						<String ID="P4_ST00140" HPOS="1317" VPOS="3052" WIDTH="327" HEIGHT="73" CONTENT="Moskau" WC="1.00" CC="002002"/>
						<SP ID="P4_SP00116" HPOS="1644" VPOS="3147" WIDTH="44"/>
						<String ID="P4_ST00141" HPOS="1688" VPOS="3052" WIDTH="186" HEIGHT="93" CONTENT="jetzt" WC="0.99" CC="10400"/>
						<SP ID="P4_SP00117" HPOS="1874" VPOS="3147" WIDTH="34"/>
						<String ID="P4_ST00142" HPOS="1908" VPOS="3052" WIDTH="481" HEIGHT="74" CONTENT="vorbildlich" WC="0.99" CC="02050604331"/>
						<SP ID="P4_SP00118" HPOS="2389" VPOS="3147" WIDTH="37"/>
						<String ID="P4_ST00143" HPOS="2426" VPOS="3055" WIDTH="81" HEIGHT="71" CONTENT="in" WC="1.00" CC="00"/>
					</TextLine>
					<TextLine ID="P4_TL00026" HPOS="560" VPOS="3164" WIDTH="1950" HEIGHT="100">
						<String ID="P4_ST00144" HPOS="560" VPOS="3165" WIDTH="268" HEIGHT="75" CONTENT="Berlin" WC="0.98" CC="355506"/>
						<SP ID="P4_SP00119" HPOS="828" VPOS="3240" WIDTH="37"/>
						<String ID="P4_ST00145" HPOS="865" VPOS="3167" WIDTH="289" HEIGHT="97" CONTENT="gezeigt" WC="0.98" CC="9000790"/>
						<SP ID="P4_SP00120" HPOS="1154" VPOS="3264" WIDTH="36"/>
						<String ID="P4_ST00146" HPOS="1190" VPOS="3165" WIDTH="156" HEIGHT="77" CONTENT="hat." WC="0.98" CC="5003"/>
						<SP ID="P4_SP00121" HPOS="1346" VPOS="3264" WIDTH="101"/>
						<String ID="P4_ST00147" HPOS="1447" VPOS="3164" WIDTH="154" HEIGHT="78" CONTENT="Der" WC="0.97" CC="016"/>
						<SP ID="P4_SP00122" HPOS="1601" VPOS="3264" WIDTH="38"/>
						<String ID="P4_ST00148" HPOS="1639" VPOS="3165" WIDTH="254" HEIGHT="78" CONTENT="Name" WC="0.99" CC="0040"/>
						<SP ID="P4_SP00123" HPOS="1893" VPOS="3264" WIDTH="37"/>
						<String ID="P4_ST00149" HPOS="1930" VPOS="3165" WIDTH="254" HEIGHT="77" CONTENT="dieses" WC="1.00" CC="000010"/>
						<SP ID="P4_SP00124" HPOS="2184" VPOS="3264" WIDTH="37"/>
						<String ID="P4_ST00150" HPOS="2221" VPOS="3169" WIDTH="241" HEIGHT="74" CONTENT="Künst" SUBS_TYPE="HypPart1" SUBS_CONTENT="Künstlers" WC="1.00" CC="00002"/>
						<HYP HPOS="2462" VPOS="3169" WIDTH="48" CONTENT="-"/>
					</TextLine>
					<TextLine ID="P4_TL00027" HPOS="558" VPOS="3279" WIDTH="1952" HEIGHT="78">
						<String ID="P4_ST00151" HPOS="558" VPOS="3282" WIDTH="158" HEIGHT="73" CONTENT="lers" SUBS_TYPE="HypPart2" SUBS_CONTENT="Künstlers" WC="0.98" CC="7040"/>
						<SP ID="P4_SP00125" HPOS="716" VPOS="3355" WIDTH="64"/>
						<String ID="P4_ST00152" HPOS="780" VPOS="3302" WIDTH="144" HEIGHT="53" CONTENT="aus" WC="0.97" CC="035"/>
						<SP ID="P4_SP00126" HPOS="924" VPOS="3355" WIDTH="66"/>
						<String ID="P4_ST00153" HPOS="990" VPOS="3279" WIDTH="398" HEIGHT="76" CONTENT="Russland" WC="1.00" CC="01006000"/>
						<SP ID="P4_SP00127" HPOS="1388" VPOS="3355" WIDTH="59"/>
						<String ID="P4_ST00154" HPOS="1447" VPOS="3282" WIDTH="100" HEIGHT="73" CONTENT="ist" WC="0.97" CC="024"/>
						<SP ID="P4_SP00128" HPOS="1547" VPOS="3355" WIDTH="51"/>
						<String ID="P4_ST00155" HPOS="1598" VPOS="3280" WIDTH="379" HEIGHT="77" CONTENT="Tairoff." WC="0.92" CC="00010004"/>
						<SP ID="P4_SP00129" HPOS="1977" VPOS="3357" WIDTH="104"/>
						<String ID="P4_ST00156" HPOS="2081" VPOS="3282" WIDTH="108" HEIGHT="75" CONTENT="Er" WC="0.71" CC="05"/>
						<SP ID="P4_SP00130" HPOS="2189" VPOS="3357" WIDTH="74"/>
						<String ID="P4_ST00157" HPOS="2263" VPOS="3282" WIDTH="247" HEIGHT="75" CONTENT="bildet" WC="0.99" CC="605000"/>
					</TextLine>
					<TextLine ID="P4_TL00028" HPOS="560" VPOS="3396" WIDTH="1946" HEIGHT="94">
						<String ID="P4_ST00158" HPOS="560" VPOS="3396" WIDTH="146" HEIGHT="74" CONTENT="mit" WC="0.96" CC="910"/>
						<SP ID="P4_SP00131" HPOS="706" VPOS="3470" WIDTH="74"/>
						<String ID="P4_ST00159" HPOS="780" VPOS="3397" WIDTH="415" HEIGHT="73" CONTENT="absoluten" WC="0.99" CC="050044006"/>
						<SP ID="P4_SP00132" HPOS="1195" VPOS="3470" WIDTH="80"/>
						<String ID="P4_ST00160" HPOS="1275" VPOS="3396" WIDTH="411" HEIGHT="94" CONTENT="optischen" WC="1.00" CC="000000000"/>
						<SP ID="P4_SP00133" HPOS="1686" VPOS="3490" WIDTH="80"/>
						<String ID="P4_ST00161" HPOS="1766" VPOS="3396" WIDTH="164" HEIGHT="74" CONTENT="und" WC="0.98" CC="410"/>
						<SP ID="P4_SP00134" HPOS="1930" VPOS="3490" WIDTH="76"/>
						<String ID="P4_ST00162" HPOS="2006" VPOS="3399" WIDTH="500" HEIGHT="75" CONTENT="akustischen" WC="1.00" CC="40104004003"/>
					</TextLine>
					<TextLine ID="P4_TL00029" HPOS="557" VPOS="3509" WIDTH="1952" HEIGHT="98">
						<String ID="P4_ST00163" HPOS="557" VPOS="3511" WIDTH="301" HEIGHT="74" CONTENT="Mitteln" WC="0.99" CC="0100222"/>
						<SP ID="P4_SP00135" HPOS="858" VPOS="3585" WIDTH="102"/>
						<String ID="P4_ST00164" HPOS="960" VPOS="3509" WIDTH="140" HEIGHT="75" CONTENT="das" WC="0.99" CC="010"/>
						<SP ID="P4_SP00136" HPOS="1100" VPOS="3585" WIDTH="100"/>
						<String ID="P4_ST00165" HPOS="1200" VPOS="3509" WIDTH="469" HEIGHT="93" CONTENT="organische" WC="0.99" CC="2780440050"/>
						<SP ID="P4_SP00137" HPOS="1669" VPOS="3602" WIDTH="100"/>
						<String ID="P4_ST00166" HPOS="1769" VPOS="3511" WIDTH="484" HEIGHT="96" CONTENT="Schauspiel." WC="1.00" CC="00540000063"/>
						<SP ID="P4_SP00138" HPOS="2253" VPOS="3607" WIDTH="149"/>
						<String ID="P4_ST00167" HPOS="2402" VPOS="3518" WIDTH="107" HEIGHT="69" CONTENT="Er" WC="0.82" CC="03"/>
					</TextLine>
					<TextLine ID="P4_TL00030" HPOS="558" VPOS="3623" WIDTH="1949" HEIGHT="79">
						<String ID="P4_ST00168" HPOS="558" VPOS="3626" WIDTH="403" HEIGHT="74" CONTENT="kümmert" WC="1.00" CC="0000203"/>
						<SP ID="P4_SP00139" HPOS="961" VPOS="3700" WIDTH="71"/>
						<String ID="P4_ST00169" HPOS="1032" VPOS="3624" WIDTH="171" HEIGHT="76" CONTENT="sich" WC="0.97" CC="2525"/>
						<SP ID="P4_SP00140" HPOS="1203" VPOS="3700" WIDTH="66"/>
						<String ID="P4_ST00170" HPOS="1269" VPOS="3623" WIDTH="275" HEIGHT="76" CONTENT="weder" WC="0.99" CC="01017"/>
						<SP ID="P4_SP00141" HPOS="1544" VPOS="3700" WIDTH="84"/>
						<String ID="P4_ST00171" HPOS="1628" VPOS="3648" WIDTH="136" HEIGHT="51" CONTENT="um" WC="0.71" CC="22"/>
						<SP ID="P4_SP00142" HPOS="1764" VPOS="3700" WIDTH="78"/>
						<String ID="P4_ST00172" HPOS="1842" VPOS="3628" WIDTH="391" HEIGHT="72" CONTENT="Literatur" WC="0.99" CC="000070054"/>
						<SP ID="P4_SP00143" HPOS="2233" VPOS="3700" WIDTH="68"/>
						<String ID="P4_ST00173" HPOS="2301" VPOS="3628" WIDTH="206" HEIGHT="74" CONTENT="noch" WC="0.99" CC="1004"/>
					</TextLine>
					<TextLine ID="P4_TL00031" HPOS="562" VPOS="3736" WIDTH="1948" HEIGHT="100">
						<String ID="P4_ST00174" HPOS="562" VPOS="3763" WIDTH="137" HEIGHT="53" CONTENT="um" WC="0.68" CC="60"/>
						<SP ID="P4_SP00144" HPOS="699" VPOS="3816" WIDTH="84"/>
						<String ID="P4_ST00175" HPOS="783" VPOS="3739" WIDTH="542" HEIGHT="97" CONTENT="Psychologie," WC="1.00" CC="000040409203"/>
						<SP ID="P4_SP00145" HPOS="1325" VPOS="3836" WIDTH="83"/>
						<String ID="P4_ST00176" HPOS="1408" VPOS="3739" WIDTH="131" HEIGHT="75" CONTENT="die" WC="1.00" CC="000"/>
						<SP ID="P4_SP00146" HPOS="1539" VPOS="3836" WIDTH="89"/>
						<String ID="P4_ST00177" HPOS="1628" VPOS="3743" WIDTH="116" HEIGHT="71" CONTENT="als" WC="0.99" CC="030"/>
						<SP ID="P4_SP00147" HPOS="1744" VPOS="3836" WIDTH="91"/>
						<String ID="P4_ST00178" HPOS="1835" VPOS="3736" WIDTH="630" HEIGHT="100" CONTENT="Erfahrungsfest" SUBS_TYPE="HypPart1" SUBS_CONTENT="Erfahrungsfeststellungen" WC="1.00" CC="23206455000003"/>
						<HYP HPOS="2465" VPOS="3736" WIDTH="45" CONTENT="-"/>
					</TextLine>
					<TextLine ID="P4_TL00032" HPOS="562" VPOS="3855" WIDTH="1947" HEIGHT="94">
						<String ID="P4_ST00179" HPOS="562" VPOS="3858" WIDTH="440" HEIGHT="91" CONTENT="stellungen" SUBS_TYPE="HypPart2" SUBS_CONTENT="Erfahrungsfeststellungen" WC="0.99" CC="0610150004"/>
						<SP ID="P4_SP00148" HPOS="1002" VPOS="3949" WIDTH="54"/>
						<String ID="P4_ST00180" HPOS="1056" VPOS="3855" WIDTH="254" HEIGHT="74" CONTENT="nichts" WC="1.00" CC="000200"/>
						<SP ID="P4_SP00149" HPOS="1310" VPOS="3949" WIDTH="63"/>
						<String ID="P4_ST00181" HPOS="1373" VPOS="3856" WIDTH="145" HEIGHT="73" CONTENT="mit" WC="1.00" CC="010"/>
						<SP ID="P4_SP00150" HPOS="1518" VPOS="3949" WIDTH="49"/>
						<String ID="P4_ST00182" HPOS="1567" VPOS="3856" WIDTH="251" HEIGHT="73" CONTENT="Kunst" WC="0.97" CC="04490"/>
						<SP ID="P4_SP00151" HPOS="1818" VPOS="3949" WIDTH="58"/>
						<String ID="P4_ST00183" HPOS="1876" VPOS="3880" WIDTH="96" HEIGHT="49" CONTENT="zu" WC="0.94" CC="01"/>
						<SP ID="P4_SP00152" HPOS="1972" VPOS="3949" WIDTH="61"/>
						<String ID="P4_ST00184" HPOS="2033" VPOS="3863" WIDTH="137" HEIGHT="66" CONTENT="tun" WC="0.97" CC="132"/>
						<SP ID="P4_SP00153" HPOS="2170" VPOS="3949" WIDTH="56"/>
						<String ID="P4_ST00185" HPOS="2226" VPOS="3858" WIDTH="283" HEIGHT="76" CONTENT="haben." WC="0.98" CC="703441"/>
					</TextLine>
					<TextLine ID="P4_TL00033" HPOS="560" VPOS="3968" WIDTH="1950" HEIGHT="80">
						<String ID="P4_ST00186" HPOS="560" VPOS="3970" WIDTH="108" HEIGHT="74" CONTENT="Er" WC="0.71" CC="05"/>
						<SP ID="P4_SP00154" HPOS="668" VPOS="4044" WIDTH="53"/>
						<String ID="P4_ST00187" HPOS="721" VPOS="3970" WIDTH="388" HEIGHT="74" CONTENT="überlässt" WC="0.82" CC="042050002"/>
						<SP ID="P4_SP00155" HPOS="1109" VPOS="4044" WIDTH="52"/>
						<String ID="P4_ST00188" HPOS="1161" VPOS="3968" WIDTH="129" HEIGHT="76" CONTENT="die" WC="1.00" CC="000"/>
						<SP ID="P4_SP00156" HPOS="1290" VPOS="4044" WIDTH="61"/>
						<String ID="P4_ST00189" HPOS="1351" VPOS="3971" WIDTH="391" HEIGHT="73" CONTENT="beliebten" WC="0.99" CC="415035244"/>
						<SP ID="P4_SP00157" HPOS="1742" VPOS="4044" WIDTH="68"/>
						<String ID="P4_ST00190" HPOS="1810" VPOS="3971" WIDTH="435" HEIGHT="75" CONTENT="seelischen" WC="1.00" CC="0006300400"/>
						<SP ID="P4_SP00158" HPOS="2245" VPOS="4046" WIDTH="62"/>
						<String ID="P4_ST00191" HPOS="2307" VPOS="3973" WIDTH="153" HEIGHT="75" CONTENT="Aus" SUBS_TYPE="HypPart1" SUBS_CONTENT="Ausdeutungen" WC="0.98" CC="060"/>
						<HYP HPOS="2460" VPOS="3973" WIDTH="50" CONTENT="-"/>
					</TextLine>
					<TextLine ID="P4_TL00034" HPOS="558" VPOS="4083" WIDTH="1948" HEIGHT="95">
						<String ID="P4_ST00192" HPOS="558" VPOS="4083" WIDTH="449" HEIGHT="95" CONTENT="deutungen" SUBS_TYPE="HypPart2" SUBS_CONTENT="Ausdeutungen" WC="0.99" CC="010456900"/>
						<SP ID="P4_SP00159" HPOS="1007" VPOS="4178" WIDTH="103"/>
						<String ID="P4_ST00193" HPOS="1110" VPOS="4083" WIDTH="185" HEIGHT="76" CONTENT="dem" WC="0.99" CC="020"/>
						<SP ID="P4_SP00160" HPOS="1295" VPOS="4178" WIDTH="83"/>
						<String ID="P4_ST00194" HPOS="1378" VPOS="4085" WIDTH="471" HEIGHT="91" CONTENT="Beschauer," WC="1.00" CC="0000524030"/>
						<SP ID="P4_SP00161" HPOS="1849" VPOS="4178" WIDTH="98"/>
						<String ID="P4_ST00195" HPOS="1947" VPOS="4086" WIDTH="157" HEIGHT="73" CONTENT="wie" WC="1.00" CC="000"/>
						<SP ID="P4_SP00162" HPOS="2104" VPOS="4178" WIDTH="98"/>
						<String ID="P4_ST00196" HPOS="2202" VPOS="4109" WIDTH="83" HEIGHT="50" CONTENT="es" WC="1.00" CC="00"/>
						<SP ID="P4_SP00163" HPOS="2285" VPOS="4178" WIDTH="94"/>
						<String ID="P4_ST00197" HPOS="2379" VPOS="4086" WIDTH="127" HEIGHT="77" CONTENT="die" WC="1.00" CC="000"/>
					</TextLine>
					<TextLine ID="P4_TL00035" HPOS="558" VPOS="4198" WIDTH="1944" HEIGHT="97">
						<String ID="P4_ST00198" HPOS="558" VPOS="4200" WIDTH="251" HEIGHT="76" CONTENT="Natur" WC="0.98" CC="00547"/>
						<SP ID="P4_SP00164" HPOS="809" VPOS="4276" WIDTH="46"/>
						<String ID="P4_ST00199" HPOS="855" VPOS="4200" WIDTH="83" HEIGHT="73" CONTENT="in" WC="0.82" CC="03"/>
						<SP ID="P4_SP00165" HPOS="938" VPOS="4276" WIDTH="50"/>
						<String ID="P4_ST00200" HPOS="988" VPOS="4198" WIDTH="261" HEIGHT="75" CONTENT="ihrem" WC="0.98" CC="21602"/>
						<SP ID="P4_SP00166" HPOS="1249" VPOS="4276" WIDTH="63"/>
						<String ID="P4_ST00201" HPOS="1312" VPOS="4200" WIDTH="675" HEIGHT="93" CONTENT="unbegreiflichen" WC="1.00" CC="603006003500604"/>
						<SP ID="P4_SP00167" HPOS="1987" VPOS="4293" WIDTH="56"/>
						<String ID="P4_ST00202" HPOS="2043" VPOS="4202" WIDTH="303" HEIGHT="93" CONTENT="Mangel" WC="1.00" CC="000024"/>
						<SP ID="P4_SP00168" HPOS="2346" VPOS="4295" WIDTH="56"/>
						<String ID="P4_ST00203" HPOS="2402" VPOS="4225" WIDTH="100" HEIGHT="51" CONTENT="an" WC="0.69" CC="14"/>
					</TextLine>
					<TextLine ID="P4_TL00036" HPOS="558" VPOS="4313" WIDTH="1948" HEIGHT="100">
						<String ID="P4_ST00204" HPOS="558" VPOS="4315" WIDTH="380" HEIGHT="75" CONTENT="Interesse" WC="0.99" CC="464074050"/>
						<SP ID="P4_SP00169" HPOS="938" VPOS="4390" WIDTH="35"/>
						<String ID="P4_ST00205" HPOS="973" VPOS="4315" WIDTH="129" HEIGHT="73" CONTENT="für" WC="0.96" CC="306"/>
						<SP ID="P4_SP00170" HPOS="1102" VPOS="4390" WIDTH="34"/>
						<String ID="P4_ST00206" HPOS="1136" VPOS="4313" WIDTH="967" HEIGHT="97" CONTENT="literar-psychologische" WC="0.78" CC="3000505400006054900040"/>
						<SP ID="P4_SP00171" HPOS="2103" VPOS="4410" WIDTH="27"/>
						<String ID="P4_ST00207" HPOS="2130" VPOS="4317" WIDTH="329" HEIGHT="96" CONTENT="Wichtig" SUBS_TYPE="HypPart1" SUBS_CONTENT="Wichtigkeiten" WC="0.99" CC="1604360"/>
						<HYP HPOS="2459" VPOS="4317" WIDTH="47" CONTENT="-"/>
					</TextLine>
					<TextLine ID="P4_TL00037" HPOS="558" VPOS="4430" WIDTH="1946" HEIGHT="97">
						<String ID="P4_ST00208" HPOS="558" VPOS="4430" WIDTH="261" HEIGHT="75" CONTENT="keiten" SUBS_TYPE="HypPart2" SUBS_CONTENT="Wichtigkeiten" WC="1.00" CC="000301"/>
						<SP ID="P4_SP00172" HPOS="819" VPOS="4505" WIDTH="75"/>
						<String ID="P4_ST00209" HPOS="894" VPOS="4430" WIDTH="436" HEIGHT="93" CONTENT="gleichfalls" WC="0.99" CC="91000600560"/>
						<SP ID="P4_SP00173" HPOS="1330" VPOS="4523" WIDTH="77"/>
						<String ID="P4_ST00210" HPOS="1407" VPOS="4454" WIDTH="96" HEIGHT="51" CONTENT="zu" WC="0.73" CC="31"/>
						<SP ID="P4_SP00174" HPOS="1503" VPOS="4523" WIDTH="73"/>
						<String ID="P4_ST00211" HPOS="1576" VPOS="4439" WIDTH="139" HEIGHT="66" CONTENT="tun" WC="0.97" CC="600"/>
						<SP ID="P4_SP00175" HPOS="1715" VPOS="4523" WIDTH="62"/>
						<String ID="P4_ST00212" HPOS="1777" VPOS="4432" WIDTH="254" HEIGHT="95" CONTENT="pflegt." WC="0.98" CC="0330983"/>
						<SP ID="P4_SP00176" HPOS="2031" VPOS="4527" WIDTH="99"/>
						<String ID="P4_ST00213" HPOS="2130" VPOS="4434" WIDTH="374" HEIGHT="76" CONTENT="Planeten" WC="0.99" CC="03004700"/>
					</TextLine>
					<TextLine ID="P4_TL00038" HPOS="560" VPOS="4545" WIDTH="1947" HEIGHT="80">
						<String ID="P4_ST00214" HPOS="560" VPOS="4545" WIDTH="552" HEIGHT="75" CONTENT="interessieren" WC="1.00" CC="1100000050002"/>
						<SP ID="P4_SP00177" HPOS="1112" VPOS="4620" WIDTH="85"/>
						<String ID="P4_ST00215" HPOS="1197" VPOS="4545" WIDTH="169" HEIGHT="77" CONTENT="sich" WC="1.00" CC="0002"/>
						<SP ID="P4_SP00178" HPOS="1366" VPOS="4622" WIDTH="86"/>
						<String ID="P4_ST00216" HPOS="1452" VPOS="4569" WIDTH="165" HEIGHT="51" CONTENT="nun" WC="0.96" CC="560"/>
						<SP ID="P4_SP00179" HPOS="1617" VPOS="4622" WIDTH="84"/>
						<String ID="P4_ST00217" HPOS="1701" VPOS="4549" WIDTH="300" HEIGHT="73" CONTENT="einmal" WC="0.98" CC="303056"/>
						<SP ID="P4_SP00180" HPOS="2001" VPOS="4622" WIDTH="85"/>
						<String ID="P4_ST00218" HPOS="2086" VPOS="4550" WIDTH="218" HEIGHT="73" CONTENT="nicht" WC="0.99" CC="10120"/>
						<SP ID="P4_SP00181" HPOS="2304" VPOS="4623" WIDTH="75"/>
						<String ID="P4_ST00219" HPOS="2379" VPOS="4554" WIDTH="128" HEIGHT="71" CONTENT="für" WC="1.00" CC="000"/>
					</TextLine>
					<TextLine ID="P4_TL00039" HPOS="557" VPOS="4659" WIDTH="1949" HEIGHT="96">
						<String ID="P4_ST00220" HPOS="557" VPOS="4659" WIDTH="1046" HEIGHT="96" CONTENT="Gesellschaftsunordnung" WC="1.00" CC="5000350020070350006100"/>
						<SP ID="P4_SP00182" HPOS="1603" VPOS="4755" WIDTH="85"/>
						<String ID="P4_ST00221" HPOS="1688" VPOS="4661" WIDTH="166" HEIGHT="74" CONTENT="und" WC="0.96" CC="530"/>
						<SP ID="P4_SP00183" HPOS="1854" VPOS="4755" WIDTH="72"/>
						<String ID="P4_ST00222" HPOS="1926" VPOS="4662" WIDTH="532" HEIGHT="76" CONTENT="Weltsauwirt" SUBS_TYPE="HypPart1" SUBS_CONTENT="Weltsauwirtschaft." WC="1.00" CC="00500040350"/>
						<HYP HPOS="2458" VPOS="4662" WIDTH="48" CONTENT="-"/>
					</TextLine>
					<TextLine ID="P4_TL00040" HPOS="557" VPOS="4772" WIDTH="1950" HEIGHT="92">
						<String ID="P4_ST00223" HPOS="557" VPOS="4772" WIDTH="276" HEIGHT="76" CONTENT="schaft." SUBS_TYPE="HypPart2" SUBS_CONTENT="Weltsauwirtschaft." WC="0.98" CC="0257972"/>
						<SP ID="P4_SP00184" HPOS="833" VPOS="4848" WIDTH="101"/>
						<String ID="P4_ST00224" HPOS="934" VPOS="4774" WIDTH="371" HEIGHT="76" CONTENT="Künstler" WC="0.99" CC="00503310"/>
						<SP ID="P4_SP00185" HPOS="1305" VPOS="4850" WIDTH="51"/>
						<String ID="P4_ST00225" HPOS="1356" VPOS="4776" WIDTH="154" HEIGHT="74" CONTENT="wie" WC="0.99" CC="020"/>
						<SP ID="P4_SP00186" HPOS="1510" VPOS="4850" WIDTH="35"/>
						<String ID="P4_ST00226" HPOS="1545" VPOS="4776" WIDTH="219" HEIGHT="74" CONTENT="Alice" WC="0.98" CC="07700"/>
						<SP ID="P4_SP00187" HPOS="1764" VPOS="4850" WIDTH="35"/>
						<String ID="P4_ST00227" HPOS="1799" VPOS="4777" WIDTH="353" HEIGHT="87" CONTENT="Koonen," WC="0.89" CC="0043000"/>
						<SP ID="P4_SP00188" HPOS="2152" VPOS="4864" WIDTH="39"/>
						<String ID="P4_ST00228" HPOS="2191" VPOS="4779" WIDTH="316" HEIGHT="75" CONTENT="Nikolai" WC="1.00" CC="8000000"/>
					</TextLine>
					<TextLine ID="P4_TL00041" HPOS="555" VPOS="4889" WIDTH="1952" HEIGHT="80">
						<String ID="P4_ST00229" HPOS="555" VPOS="4889" WIDTH="362" HEIGHT="75" CONTENT="Zeretelli" WC="0.66" CC="006360651"/>
						<SP ID="P4_SP00189" HPOS="917" VPOS="4964" WIDTH="51"/>
						<String ID="P4_ST00230" HPOS="968" VPOS="4891" WIDTH="166" HEIGHT="74" CONTENT="und" WC="0.96" CC="650"/>
						<SP ID="P4_SP00190" HPOS="1134" VPOS="4965" WIDTH="49"/>
						<String ID="P4_ST00231" HPOS="1183" VPOS="4891" WIDTH="423" HEIGHT="76" CONTENT="Wladimir" WC="0.99" CC="54000665"/>
						<SP ID="P4_SP00191" HPOS="1606" VPOS="4967" WIDTH="48"/>
						<String ID="P4_ST00232" HPOS="1654" VPOS="4891" WIDTH="362" HEIGHT="76" CONTENT="Sokoloff" WC="0.70" CC="00006277"/>
						<SP ID="P4_SP00192" HPOS="2016" VPOS="4967" WIDTH="43"/>
						<String ID="P4_ST00233" HPOS="2059" VPOS="4893" WIDTH="179" HEIGHT="74" CONTENT="sind" WC="1.00" CC="0000"/>
						<SP ID="P4_SP00193" HPOS="2238" VPOS="4967" WIDTH="53"/>
						<String ID="P4_ST00234" HPOS="2291" VPOS="4894" WIDTH="216" HEIGHT="75" CONTENT="nicht" WC="0.99" CC="30050"/>
					</TextLine>
					<TextLine ID="P4_TL00042" HPOS="555" VPOS="5004" WIDTH="1952" HEIGHT="102">
						<String ID="P4_ST00235" HPOS="555" VPOS="5028" WIDTH="184" HEIGHT="52" CONTENT="zum" WC="0.96" CC="431"/>
						<SP ID="P4_SP00194" HPOS="739" VPOS="5080" WIDTH="28"/>
						<String ID="P4_ST00236" HPOS="767" VPOS="5006" WIDTH="282" HEIGHT="74" CONTENT="Zweck" WC="1.00" CC="00020"/>
						<SP ID="P4_SP00195" HPOS="1049" VPOS="5080" WIDTH="19"/>
						<String ID="P4_ST00237" HPOS="1068" VPOS="5004" WIDTH="142" HEIGHT="76" CONTENT="der" WC="1.00" CC="000"/>
						<SP ID="P4_SP00196" HPOS="1210" VPOS="5080" WIDTH="17"/>
						<String ID="P4_ST00238" HPOS="1227" VPOS="5006" WIDTH="447" HEIGHT="95" CONTENT="Stimmung" WC="1.00" CC="00000300"/>
						<SP ID="P4_SP00197" HPOS="1674" VPOS="5101" WIDTH="27"/>
						<String ID="P4_ST00239" HPOS="1701" VPOS="5006" WIDTH="197" HEIGHT="76" CONTENT="oder" WC="0.99" CC="0004"/>
						<SP ID="P4_SP00198" HPOS="1898" VPOS="5101" WIDTH="22"/>
						<String ID="P4_ST00240" HPOS="1920" VPOS="5008" WIDTH="587" HEIGHT="98" CONTENT="Verstimmung" WC="0.99" CC="50503000530"/>
					</TextLine>
					<TextLine ID="P4_TL00043" HPOS="557" VPOS="5119" WIDTH="1947" HEIGHT="78">
						<String ID="P4_ST00241" HPOS="557" VPOS="5119" WIDTH="591" HEIGHT="77" CONTENT="menschlicher" WC="1.00" CC="002004500410"/>
						<SP ID="P4_SP00199" HPOS="1148" VPOS="5196" WIDTH="74"/>
						<String ID="P4_ST00242" HPOS="1222" VPOS="5121" WIDTH="481" HEIGHT="75" CONTENT="Lebewesen" WC="1.00" CC="001004000"/>
						<SP ID="P4_SP00200" HPOS="1703" VPOS="5196" WIDTH="78"/>
						<String ID="P4_ST00243" HPOS="1781" VPOS="5121" WIDTH="494" HEIGHT="75" CONTENT="vorhanden." WC="0.99" CC="0046550144"/>
						<SP ID="P4_SP00201" HPOS="2275" VPOS="5196" WIDTH="126"/>
						<String ID="P4_ST00244" HPOS="2401" VPOS="5125" WIDTH="103" HEIGHT="72" CONTENT="Es" WC="1.00" CC="00"/>
					</TextLine>
					<TextLine ID="P4_TL00044" HPOS="557" VPOS="5235" WIDTH="1949" HEIGHT="94">
						<String ID="P4_ST00245" HPOS="557" VPOS="5236" WIDTH="138" HEIGHT="75" CONTENT="hat" WC="0.98" CC="600"/>
						<SP ID="P4_SP00202" HPOS="695" VPOS="5311" WIDTH="77"/>
						<String ID="P4_ST00246" HPOS="772" VPOS="5235" WIDTH="205" HEIGHT="77" CONTENT="auch" WC="0.98" CC="0046"/>
						<SP ID="P4_SP00203" HPOS="977" VPOS="5312" WIDTH="77"/>
						<String ID="P4_ST00247" HPOS="1054" VPOS="5238" WIDTH="287" HEIGHT="73" CONTENT="keinen" WC="0.99" CC="000116"/>
						<SP ID="P4_SP00204" HPOS="1341" VPOS="5312" WIDTH="50"/>
						<String ID="P4_ST00248" HPOS="1391" VPOS="5238" WIDTH="309" HEIGHT="91" CONTENT="Zweck," WC="1.00" CC="000002"/>
						<SP ID="P4_SP00205" HPOS="1700" VPOS="5329" WIDTH="77"/>
						<String ID="P4_ST00249" HPOS="1777" VPOS="5236" WIDTH="581" HEIGHT="76" CONTENT="beschreibend" WC="1.00" CC="400020002010"/>
						<SP ID="P4_SP00206" HPOS="2358" VPOS="5329" WIDTH="49"/>
						<String ID="P4_ST00250" HPOS="2407" VPOS="5263" WIDTH="99" HEIGHT="51" CONTENT="zu" WC="0.95" CC="00"/>
					</TextLine>
					<TextLine ID="P4_TL00045" HPOS="557" VPOS="5350" WIDTH="1945" HEIGHT="100">
						<String ID="P4_ST00251" HPOS="557" VPOS="5351" WIDTH="416" HEIGHT="94" CONTENT="begleiten." WC="0.99" CC="6005340054"/>
						<SP ID="P4_SP00207" HPOS="973" VPOS="5445" WIDTH="97"/>
						<String ID="P4_ST00252" HPOS="1070" VPOS="5351" WIDTH="284" HEIGHT="77" CONTENT="Zweck" WC="1.00" CC="00000"/>
						<SP ID="P4_SP00208" HPOS="1354" VPOS="5445" WIDTH="76"/>
						<String ID="P4_ST00253" HPOS="1430" VPOS="5353" WIDTH="136" HEIGHT="73" CONTENT="hat" WC="0.98" CC="500"/>
						<SP ID="P4_SP00209" HPOS="1566" VPOS="5445" WIDTH="74"/>
						<String ID="P4_ST00254" HPOS="1640" VPOS="5375" WIDTH="109" HEIGHT="70" CONTENT="es," WC="0.99" CC="001"/>
						<SP ID="P4_SP00210" HPOS="1749" VPOS="5445" WIDTH="79"/>
						<String ID="P4_ST00255" HPOS="1828" VPOS="5350" WIDTH="131" HEIGHT="76" CONTENT="die" WC="0.98" CC="040"/>
						<SP ID="P4_SP00211" HPOS="1959" VPOS="5445" WIDTH="62"/>
						<String ID="P4_ST00256" HPOS="2021" VPOS="5353" WIDTH="481" HEIGHT="97" CONTENT="Trompeten" WC="1.00" CC="043000004"/>
					</TextLine>
					<TextLine ID="P4_TL00046" HPOS="555" VPOS="5467" WIDTH="1951" HEIGHT="77">
						<String ID="P4_ST00257" HPOS="555" VPOS="5489" WIDTH="96" HEIGHT="50" CONTENT="zu" WC="0.71" CC="50"/>
						<SP ID="P4_SP00212" HPOS="651" VPOS="5539" WIDTH="38"/>
						<String ID="P4_ST00258" HPOS="689" VPOS="5467" WIDTH="298" HEIGHT="74" CONTENT="blasen." WC="0.99" CC="5500034"/>
						<SP ID="P4_SP00213" HPOS="987" VPOS="5541" WIDTH="67"/>
						<String ID="P4_ST00259" HPOS="1054" VPOS="5467" WIDTH="419" HEIGHT="74" CONTENT="Posaunen" WC="0.99" CC="03005234"/>
						<SP ID="P4_SP00214" HPOS="1473" VPOS="5541" WIDTH="40"/>
						<String ID="P4_ST00260" HPOS="1513" VPOS="5467" WIDTH="165" HEIGHT="74" CONTENT="und" WC="0.99" CC="020"/>
						<SP ID="P4_SP00215" HPOS="1678" VPOS="5541" WIDTH="35"/>
						<String ID="P4_ST00261" HPOS="1713" VPOS="5467" WIDTH="129" HEIGHT="76" CONTENT="die" WC="1.00" CC="000"/>
						<SP ID="P4_SP00216" HPOS="1842" VPOS="5543" WIDTH="29"/>
						<String ID="P4_ST00262" HPOS="1871" VPOS="5467" WIDTH="298" HEIGHT="76" CONTENT="Tuben." WC="0.99" CC="041021"/>
						<SP ID="P4_SP00217" HPOS="2169" VPOS="5543" WIDTH="71"/>
						<String ID="P4_ST00263" HPOS="2240" VPOS="5470" WIDTH="266" HEIGHT="74" CONTENT="Damit" WC="0.99" CC="00006"/>
					</TextLine>
					<TextLine ID="P4_TL00047" HPOS="557" VPOS="5577" WIDTH="1949" HEIGHT="81">
						<String ID="P4_ST00264" HPOS="557" VPOS="5577" WIDTH="130" HEIGHT="76" CONTENT="die" WC="0.96" CC="900"/>
						<SP ID="P4_SP00218" HPOS="687" VPOS="5653" WIDTH="51"/>
						<String ID="P4_ST00265" HPOS="738" VPOS="5578" WIDTH="411" HEIGHT="77" CONTENT="Lesenden" WC="1.00" CC="00042000"/>
						<SP ID="P4_SP00219" HPOS="1149" VPOS="5655" WIDTH="76"/>
						<String ID="P4_ST00266" HPOS="1225" VPOS="5604" WIDTH="97" HEIGHT="51" CONTENT="zu" WC="0.68" CC="33"/>
						<SP ID="P4_SP00220" HPOS="1322" VPOS="5655" WIDTH="76"/>
						<String ID="P4_ST00267" HPOS="1398" VPOS="5580" WIDTH="415" HEIGHT="76" CONTENT="schreiben" WC="0.99" CC="045033600"/>
						<SP ID="P4_SP00221" HPOS="1813" VPOS="5656" WIDTH="80"/>
						<String ID="P4_ST00268" HPOS="1893" VPOS="5583" WIDTH="391" HEIGHT="75" CONTENT="aufhören" WC="1.00" CC="05000004"/>
						<SP ID="P4_SP00222" HPOS="2284" VPOS="5658" WIDTH="56"/>
						<String ID="P4_ST00269" HPOS="2340" VPOS="5583" WIDTH="166" HEIGHT="73" CONTENT="und" WC="0.97" CC="610"/>
					</TextLine>
					<TextLine ID="P4_TL00048" HPOS="557" VPOS="5693" WIDTH="1950" HEIGHT="78">
						<String ID="P4_ST00270" HPOS="557" VPOS="5693" WIDTH="128" HEIGHT="75" CONTENT="die" WC="0.97" CC="600"/>
						<SP ID="P4_SP00223" HPOS="685" VPOS="5768" WIDTH="36"/>
						<String ID="P4_ST00271" HPOS="721" VPOS="5693" WIDTH="589" HEIGHT="77" CONTENT="Schreibenden" WC="1.00" CC="032000650012"/>
						<SP ID="P4_SP00224" HPOS="1310" VPOS="5770" WIDTH="51"/>
						<String ID="P4_ST00272" HPOS="1361" VPOS="5719" WIDTH="98" HEIGHT="51" CONTENT="zu" WC="0.88" CC="02"/>
						<SP ID="P4_SP00225" HPOS="1459" VPOS="5770" WIDTH="51"/>
						<String ID="P4_ST00273" HPOS="1510" VPOS="5697" WIDTH="244" HEIGHT="74" CONTENT="lesen." WC="0.99" CC="300024"/>
						<SP ID="P4_SP00226" HPOS="1754" VPOS="5771" WIDTH="98"/>
						<String ID="P4_ST00274" HPOS="1852" VPOS="5695" WIDTH="264" HEIGHT="76" CONTENT="Damit" WC="1.00" CC="00000"/>
						<SP ID="P4_SP00227" HPOS="2116" VPOS="5771" WIDTH="51"/>
						<String ID="P4_ST00275" HPOS="2167" VPOS="5699" WIDTH="113" HEIGHT="72" CONTENT="sie" WC="0.98" CC="500"/>
						<SP ID="P4_SP00228" HPOS="2280" VPOS="5771" WIDTH="51"/>
						<String ID="P4_ST00276" HPOS="2331" VPOS="5699" WIDTH="132" HEIGHT="72" CONTENT="auf" SUBS_TYPE="HypPart1" SUBS_CONTENT="aufhören." WC="0.97" CC="044"/>
						<HYP HPOS="2463" VPOS="5699" WIDTH="44" CONTENT="-"/>
					</TextLine>
					<TextLine ID="P4_TL00049" HPOS="557" VPOS="5809" WIDTH="1949" HEIGHT="81">
						<String ID="P4_ST00277" HPOS="557" VPOS="5809" WIDTH="274" HEIGHT="74" CONTENT="hören." SUBS_TYPE="HypPart2" SUBS_CONTENT="aufhören." WC="0.98" CC="590024"/>
						<SP ID="P4_SP00229" HPOS="831" VPOS="5883" WIDTH="103"/>
						<String ID="P4_ST00278" HPOS="934" VPOS="5810" WIDTH="290" HEIGHT="77" CONTENT="Hören." WC="0.98" CC="306133"/>
						<SP ID="P4_SP00230" HPOS="1224" VPOS="5887" WIDTH="103"/>
						<String ID="P4_ST00279" HPOS="1327" VPOS="5812" WIDTH="180" HEIGHT="75" CONTENT="Und" WC="0.99" CC="300"/>
						<SP ID="P4_SP00231" HPOS="1507" VPOS="5887" WIDTH="76"/>
						<String ID="P4_ST00280" HPOS="1583" VPOS="5812" WIDTH="264" HEIGHT="76" CONTENT="sehen." WC="0.99" CC="004004"/>
						<SP ID="P4_SP00232" HPOS="1847" VPOS="5888" WIDTH="105"/>
						<String ID="P4_ST00281" HPOS="1952" VPOS="5814" WIDTH="188" HEIGHT="74" CONTENT="Hier" WC="0.98" CC="1005"/>
						<SP ID="P4_SP00233" HPOS="2140" VPOS="5888" WIDTH="73"/>
						<String ID="P4_ST00282" HPOS="2213" VPOS="5815" WIDTH="100" HEIGHT="73" CONTENT="ist" WC="1.00" CC="000"/>
						<SP ID="P4_SP00234" HPOS="2313" VPOS="5888" WIDTH="50"/>
						<String ID="P4_ST00283" HPOS="2363" VPOS="5814" WIDTH="143" HEIGHT="76" CONTENT="das" WC="0.99" CC="030"/>
					</TextLine>
					<TextLine ID="P4_TL00050" HPOS="557" VPOS="5922" WIDTH="1949" HEIGHT="98">
						<String ID="P4_ST00284" HPOS="557" VPOS="5922" WIDTH="216" HEIGHT="98" CONTENT="Spiel" WC="0.98" CC="00047"/>
						<SP ID="P4_SP00235" HPOS="773" VPOS="6020" WIDTH="80"/>
						<String ID="P4_ST00285" HPOS="853" VPOS="5924" WIDTH="256" HEIGHT="76" CONTENT="durch" WC="0.98" CC="04046"/>
						<SP ID="P4_SP00236" HPOS="1109" VPOS="6020" WIDTH="76"/>
						<String ID="P4_ST00286" HPOS="1185" VPOS="5924" WIDTH="132" HEIGHT="76" CONTENT="die" WC="1.00" CC="000"/>
						<SP ID="P4_SP00237" HPOS="1317" VPOS="6020" WIDTH="74"/>
						<String ID="P4_ST00287" HPOS="1391" VPOS="5925" WIDTH="239" HEIGHT="77" CONTENT="Sinne" WC="0.98" CC="06330"/>
						<SP ID="P4_SP00238" HPOS="1630" VPOS="6020" WIDTH="73"/>
						<String ID="P4_ST00288" HPOS="1703" VPOS="5951" WIDTH="183" HEIGHT="49" CONTENT="zum" WC="0.96" CC="162"/>
						<SP ID="P4_SP00239" HPOS="1886" VPOS="6020" WIDTH="54"/>
						<String ID="P4_ST00289" HPOS="1940" VPOS="5927" WIDTH="317" HEIGHT="75" CONTENT="Sinnen." WC="0.99" CC="0020043"/>
						<SP ID="P4_SP00240" HPOS="2257" VPOS="6020" WIDTH="105"/>
						<String ID="P4_ST00290" HPOS="2362" VPOS="5931" WIDTH="144" HEIGHT="72" CONTENT="Die" WC="1.00" CC="000"/>
					</TextLine>
					<TextLine ID="P4_TL00051" HPOS="557" VPOS="6039" WIDTH="1952" HEIGHT="79">
						<String ID="P4_ST00291" HPOS="557" VPOS="6039" WIDTH="286" HEIGHT="74" CONTENT="Kultur" WC="0.98" CC="045750"/>
						<SP ID="P4_SP00241" HPOS="843" VPOS="6113" WIDTH="73"/>
						<String ID="P4_ST00292" HPOS="916" VPOS="6041" WIDTH="99" HEIGHT="72" CONTENT="ist" WC="0.95" CC="713"/>
						<SP ID="P4_SP00242" HPOS="1015" VPOS="6113" WIDTH="60"/>
						<String ID="P4_ST00293" HPOS="1075" VPOS="6042" WIDTH="128" HEIGHT="71" CONTENT="für" WC="0.97" CC="206"/>
						<SP ID="P4_SP00243" HPOS="1203" VPOS="6113" WIDTH="50"/>
						<String ID="P4_ST00294" HPOS="1253" VPOS="6041" WIDTH="130" HEIGHT="76" CONTENT="die" WC="0.98" CC="050"/>
						<SP ID="P4_SP00244" HPOS="1383" VPOS="6117" WIDTH="51"/>
						<String ID="P4_ST00295" HPOS="1434" VPOS="6042" WIDTH="545" HEIGHT="76" CONTENT="Sinnlichkeit." WC="1.00" CC="0030300000044"/>
						<SP ID="P4_SP00245" HPOS="1979" VPOS="6118" WIDTH="107"/>
						<String ID="P4_ST00296" HPOS="2086" VPOS="6044" WIDTH="423" HEIGHT="74" CONTENT="Worunter" WC="0.98" CC="03744504"/>
					</TextLine>
					<TextLine ID="P4_TL00052" HPOS="555" VPOS="6152" WIDTH="1949" HEIGHT="80">
						<String ID="P4_ST00297" HPOS="555" VPOS="6156" WIDTH="115" HEIGHT="71" CONTENT="sie" WC="0.98" CC="103"/>
						<SP ID="P4_SP00246" HPOS="670" VPOS="6227" WIDTH="27"/>
						<String ID="P4_ST00298" HPOS="697" VPOS="6154" WIDTH="230" HEIGHT="75" CONTENT="einen" WC="1.00" CC="00002"/>
						<SP ID="P4_SP00247" HPOS="927" VPOS="6229" WIDTH="29"/>
						<String ID="P4_ST00299" HPOS="956" VPOS="6152" WIDTH="1065" HEIGHT="78" CONTENT="Schlafzimmerschmarren" WC="1.00" CC="031000407000703000001"/>
						<SP ID="P4_SP00248" HPOS="2021" VPOS="6230" WIDTH="32"/>
						<String ID="P4_ST00300" HPOS="2053" VPOS="6179" WIDTH="156" HEIGHT="53" CONTENT="von" WC="0.99" CC="003"/>
						<SP ID="P4_SP00249" HPOS="2209" VPOS="6232" WIDTH="41"/>
						<String ID="P4_ST00301" HPOS="2250" VPOS="6159" WIDTH="254" HEIGHT="73" CONTENT="Herrn" WC="0.97" CC="60543"/>
					</TextLine>
					<TextLine ID="P4_TL00053" HPOS="555" VPOS="6269" WIDTH="1952" HEIGHT="78">
						<String ID="P4_ST00302" HPOS="555" VPOS="6269" WIDTH="440" HEIGHT="75" CONTENT="Schnitzler" WC="0.99" CC="0442035610"/>
						<SP ID="P4_SP00250" HPOS="995" VPOS="6344" WIDTH="75"/>
						<String ID="P4_ST00303" HPOS="1070" VPOS="6269" WIDTH="367" HEIGHT="75" CONTENT="versteht." WC="0.99" CC="007310663"/>
						<SP ID="P4_SP00251" HPOS="1437" VPOS="6344" WIDTH="125"/>
						<String ID="P4_ST00304" HPOS="1562" VPOS="6269" WIDTH="229" HEIGHT="76" CONTENT="Ohne" WC="1.00" CC="2000"/>
						<SP ID="P4_SP00252" HPOS="1791" VPOS="6345" WIDTH="75"/>
						<String ID="P4_ST00305" HPOS="1866" VPOS="6269" WIDTH="347" HEIGHT="78" CONTENT="Dessous" WC="1.00" CC="0300000"/>
						<SP ID="P4_SP00253" HPOS="2213" VPOS="6347" WIDTH="76"/>
						<String ID="P4_ST00306" HPOS="2289" VPOS="6274" WIDTH="218" HEIGHT="73" CONTENT="einer" WC="0.98" CC="04405"/>
					</TextLine>
					<TextLine ID="P4_TL00054" HPOS="558" VPOS="6384" WIDTH="1949" HEIGHT="78">
						<String ID="P4_ST00307" HPOS="558" VPOS="6386" WIDTH="466" HEIGHT="75" CONTENT="Weltfirma." WC="0.99" CC="0034505004"/>
						<SP ID="P4_SP00254" HPOS="1024" VPOS="6461" WIDTH="20"/>
						<String ID="P4_ST00308" HPOS="1044" VPOS="6384" WIDTH="242" HEIGHT="77" CONTENT="Unter" WC="0.98" CC="54104"/>
						<SP ID="P4_SP00255" HPOS="1286" VPOS="6461" WIDTH="17"/>
						<String ID="P4_ST00309" HPOS="1303" VPOS="6386" WIDTH="317" HEIGHT="75" CONTENT="solcher" WC="0.99" CC="0040430"/>
						<SP ID="P4_SP00256" HPOS="1620" VPOS="6461" WIDTH="15"/>
						<String ID="P4_ST00310" HPOS="1635" VPOS="6386" WIDTH="520" HEIGHT="76" CONTENT="Sinnlichkeit" WC="0.99" CC="006460050127"/>
						<SP ID="P4_SP00257" HPOS="2155" VPOS="6462" WIDTH="17"/>
						<String ID="P4_ST00311" HPOS="2172" VPOS="6389" WIDTH="335" HEIGHT="73" CONTENT="firmiert" WC="0.99" CC="11300050"/>
					</TextLine>
					<TextLine ID="P4_TL00055" HPOS="555" VPOS="6498" WIDTH="1949" HEIGHT="96">
						<String ID="P4_ST00312" HPOS="555" VPOS="6499" WIDTH="81" HEIGHT="73" CONTENT="in" WC="0.29" CC="76"/>
						<SP ID="P4_SP00258" HPOS="636" VPOS="6572" WIDTH="39"/>
						<String ID="P4_ST00313" HPOS="675" VPOS="6498" WIDTH="261" HEIGHT="78" CONTENT="dieser" WC="0.99" CC="050500"/>
						<SP ID="P4_SP00259" HPOS="936" VPOS="6576" WIDTH="32"/>
						<String ID="P4_ST00314" HPOS="968" VPOS="6503" WIDTH="525" HEIGHT="91" CONTENT="grossartigen" WC="0.99" CC="900000650901"/>
						<SP ID="P4_SP00260" HPOS="1493" VPOS="6594" WIDTH="32"/>
						<String ID="P4_ST00315" HPOS="1525" VPOS="6501" WIDTH="283" HEIGHT="75" CONTENT="Kultur" WC="0.98" CC="026445"/>
						<SP ID="P4_SP00261" HPOS="1808" VPOS="6594" WIDTH="36"/>
						<String ID="P4_ST00316" HPOS="1844" VPOS="6501" WIDTH="128" HEIGHT="75" CONTENT="die" WC="1.00" CC="000"/>
						<SP ID="P4_SP00262" HPOS="1972" VPOS="6594" WIDTH="27"/>
						<String ID="P4_ST00317" HPOS="1999" VPOS="6503" WIDTH="231" HEIGHT="76" CONTENT="Welt." WC="0.99" CC="00604"/>
						<SP ID="P4_SP00263" HPOS="2230" VPOS="6594" WIDTH="79"/>
						<String ID="P4_ST00318" HPOS="2309" VPOS="6503" WIDTH="195" HEIGHT="74" CONTENT="Eine" WC="0.97" CC="0542"/>
					</TextLine>
				</TextBlock>
				<TextBlock ID="P4_TB00004" HPOS="2738" VPOS="384" WIDTH="1955" HEIGHT="2052" STYLEREFS="TXT_0 PAR_BLOCK">
					<TextLine ID="P4_TL00056" HPOS="2744" VPOS="384" WIDTH="1949" HEIGHT="110">
						<String ID="P4_ST00319" HPOS="2744" VPOS="387" WIDTH="305" HEIGHT="105" CONTENT="Kultur," WC="0.98" CC="6680353"/>
						<SP ID="P4_SP00264" HPOS="3049" VPOS="492" WIDTH="54"/>
						<String ID="P4_ST00320" HPOS="3103" VPOS="386" WIDTH="363" HEIGHT="108" CONTENT="gemacht" WC="0.99" CC="0300473"/>
						<SP ID="P4_SP00265" HPOS="3466" VPOS="494" WIDTH="49"/>
						<String ID="P4_ST00321" HPOS="3515" VPOS="423" WIDTH="157" HEIGHT="51" CONTENT="von" WC="0.97" CC="035"/>
						<SP ID="P4_SP00266" HPOS="3672" VPOS="494" WIDTH="39"/>
						<String ID="P4_ST00322" HPOS="3711" VPOS="399" WIDTH="322" HEIGHT="95" CONTENT="Leuten," WC="0.99" CC="0254102"/>
						<SP ID="P4_SP00267" HPOS="4033" VPOS="494" WIDTH="37"/>
						<String ID="P4_ST00323" HPOS="4070" VPOS="396" WIDTH="129" HEIGHT="79" CONTENT="die" WC="0.93" CC="862"/>
						<SP ID="P4_SP00268" HPOS="4199" VPOS="494" WIDTH="35"/>
						<String ID="P4_ST00324" HPOS="4234" VPOS="384" WIDTH="295" HEIGHT="91" CONTENT="Dessus" WC="0.75" CC="902010"/>
						<SP ID="P4_SP00269" HPOS="4529" VPOS="494" WIDTH="37"/>
						<String ID="P4_ST00325" HPOS="4566" VPOS="398" WIDTH="127" HEIGHT="76" CONTENT="für" WC="0.97" CC="602"/>
					</TextLine>
					<TextLine ID="P4_TL00057" HPOS="2746" VPOS="514" WIDTH="1947" HEIGHT="80">
						<String ID="P4_ST00326" HPOS="2746" VPOS="518" WIDTH="345" HEIGHT="76" CONTENT="Dessous" WC="0.99" CC="6000030"/>
						<SP ID="P4_SP00270" HPOS="3091" VPOS="594" WIDTH="53"/>
						<String ID="P4_ST00327" HPOS="3144" VPOS="516" WIDTH="266" HEIGHT="78" CONTENT="halten" WC="0.99" CC="007000"/>
						<SP ID="P4_SP00271" HPOS="3410" VPOS="594" WIDTH="52"/>
						<String ID="P4_ST00328" HPOS="3462" VPOS="516" WIDTH="171" HEIGHT="75" CONTENT="und" WC="0.97" CC="510"/>
						<SP ID="P4_SP00272" HPOS="3633" VPOS="594" WIDTH="51"/>
						<String ID="P4_ST00329" HPOS="3684" VPOS="516" WIDTH="258" HEIGHT="75" CONTENT="denen" WC="0.99" CC="00015"/>
						<SP ID="P4_SP00273" HPOS="3942" VPOS="594" WIDTH="40"/>
						<String ID="P4_ST00330" HPOS="3982" VPOS="519" WIDTH="342" HEIGHT="73" CONTENT="Dessous" WC="0.99" CC="0000057"/>
						<SP ID="P4_SP00274" HPOS="4324" VPOS="594" WIDTH="37"/>
						<String ID="P4_ST00331" HPOS="4361" VPOS="514" WIDTH="143" HEIGHT="77" CONTENT="das" WC="1.00" CC="000"/>
						<SP ID="P4_SP00275" HPOS="4504" VPOS="594" WIDTH="37"/>
						<String ID="P4_ST00332" HPOS="4541" VPOS="516" WIDTH="102" HEIGHT="75" CONTENT="Le" SUBS_TYPE="HypPart1" SUBS_CONTENT="Leben" WC="0.96" CC="11"/>
						<HYP HPOS="4643" VPOS="516" WIDTH="50" CONTENT="-"/>
					</TextLine>
					<TextLine ID="P4_TL00058" HPOS="2744" VPOS="631" WIDTH="1946" HEIGHT="95">
						<String ID="P4_ST00333" HPOS="2744" VPOS="633" WIDTH="154" HEIGHT="73" CONTENT="ben" SUBS_TYPE="HypPart2" SUBS_CONTENT="Leben" WC="0.95" CC="625"/>
						<SP ID="P4_SP00276" HPOS="2898" VPOS="706" WIDTH="78"/>
						<String ID="P4_ST00334" HPOS="2976" VPOS="631" WIDTH="144" HEIGHT="75" CONTENT="der" WC="1.00" CC="000"/>
						<SP ID="P4_SP00277" HPOS="3120" VPOS="706" WIDTH="51"/>
						<String ID="P4_ST00335" HPOS="3171" VPOS="631" WIDTH="241" HEIGHT="75" CONTENT="Sinne" WC="0.98" CC="04060"/>
						<SP ID="P4_SP00278" HPOS="3412" VPOS="706" WIDTH="59"/>
						<String ID="P4_ST00336" HPOS="3471" VPOS="633" WIDTH="120" HEIGHT="74" CONTENT="ist." WC="0.99" CC="5000"/>
						<SP ID="P4_SP00279" HPOS="3591" VPOS="707" WIDTH="105"/>
						<String ID="P4_ST00337" HPOS="3696" VPOS="631" WIDTH="127" HEIGHT="75" CONTENT="Sie" WC="0.97" CC="070"/>
						<SP ID="P4_SP00280" HPOS="3823" VPOS="707" WIDTH="49"/>
						<String ID="P4_ST00338" HPOS="3872" VPOS="631" WIDTH="442" HEIGHT="95" CONTENT="schreiben," WC="1.00" CC="1054000103"/>
						<SP ID="P4_SP00281" HPOS="4314" VPOS="726" WIDTH="53"/>
						<String ID="P4_ST00339" HPOS="4367" VPOS="636" WIDTH="179" HEIGHT="71" CONTENT="statt" WC="1.00" CC="01020"/>
						<SP ID="P4_SP00282" HPOS="4546" VPOS="726" WIDTH="47"/>
						<String ID="P4_ST00340" HPOS="4593" VPOS="653" WIDTH="97" HEIGHT="51" CONTENT="zu" WC="0.69" CC="06"/>
					</TextLine>
					<TextLine ID="P4_TL00059" HPOS="2744" VPOS="745" WIDTH="1948" HEIGHT="96">
						<String ID="P4_ST00341" HPOS="2744" VPOS="746" WIDTH="243" HEIGHT="75" CONTENT="sehen" WC="1.00" CC="00200"/>
						<SP ID="P4_SP00283" HPOS="2987" VPOS="821" WIDTH="77"/>
						<String ID="P4_ST00342" HPOS="3064" VPOS="746" WIDTH="168" HEIGHT="75" CONTENT="und" WC="0.96" CC="540"/>
						<SP ID="P4_SP00284" HPOS="3232" VPOS="821" WIDTH="61"/>
						<String ID="P4_ST00343" HPOS="3293" VPOS="748" WIDTH="113" HEIGHT="73" CONTENT="sie" WC="1.00" CC="000"/>
						<SP ID="P4_SP00285" HPOS="3406" VPOS="821" WIDTH="51"/>
						<String ID="P4_ST00344" HPOS="3457" VPOS="750" WIDTH="239" HEIGHT="91" CONTENT="lesen," WC="1.00" CC="010012"/>
						<SP ID="P4_SP00286" HPOS="3696" VPOS="841" WIDTH="64"/>
						<String ID="P4_ST00345" HPOS="3760" VPOS="753" WIDTH="178" HEIGHT="68" CONTENT="statt" WC="0.98" CC="05060"/>
						<SP ID="P4_SP00287" HPOS="3938" VPOS="841" WIDTH="49"/>
						<String ID="P4_ST00346" HPOS="3987" VPOS="772" WIDTH="97" HEIGHT="51" CONTENT="zu" WC="0.80" CC="04"/>
						<SP ID="P4_SP00288" HPOS="4084" VPOS="841" WIDTH="51"/>
						<String ID="P4_ST00347" HPOS="4135" VPOS="750" WIDTH="274" HEIGHT="73" CONTENT="hören." WC="0.99" CC="302024"/>
						<SP ID="P4_SP00289" HPOS="4409" VPOS="841" WIDTH="103"/>
						<String ID="P4_ST00348" HPOS="4512" VPOS="745" WIDTH="180" HEIGHT="76" CONTENT="Und" WC="0.99" CC="300"/>
					</TextLine>
					<TextLine ID="P4_TL00060" HPOS="2746" VPOS="862" WIDTH="1942" HEIGHT="94">
						<String ID="P4_ST00349" HPOS="2746" VPOS="885" WIDTH="146" HEIGHT="53" CONTENT="vor" WC="0.96" CC="407"/>
						<SP ID="P4_SP00290" HPOS="2892" VPOS="938" WIDTH="50"/>
						<String ID="P4_ST00350" HPOS="2942" VPOS="862" WIDTH="256" HEIGHT="76" CONTENT="Sehen" WC="0.98" CC="00506"/>
						<SP ID="P4_SP00291" HPOS="3198" VPOS="938" WIDTH="54"/>
						<String ID="P4_ST00351" HPOS="3252" VPOS="863" WIDTH="168" HEIGHT="73" CONTENT="und" WC="0.96" CC="650"/>
						<SP ID="P4_SP00292" HPOS="3420" VPOS="938" WIDTH="34"/>
						<String ID="P4_ST00352" HPOS="3454" VPOS="863" WIDTH="267" HEIGHT="75" CONTENT="Hören" WC="0.98" CC="68100"/>
						<SP ID="P4_SP00293" HPOS="3721" VPOS="938" WIDTH="55"/>
						<String ID="P4_ST00353" HPOS="3776" VPOS="863" WIDTH="323" HEIGHT="93" CONTENT="vergeht" WC="0.99" CC="0160121"/>
						<SP ID="P4_SP00294" HPOS="4099" VPOS="956" WIDTH="47"/>
						<String ID="P4_ST00354" HPOS="4146" VPOS="863" WIDTH="246" HEIGHT="75" CONTENT="ihnen" WC="0.98" CC="04404"/>
						<SP ID="P4_SP00295" HPOS="4392" VPOS="956" WIDTH="39"/>
						<String ID="P4_ST00355" HPOS="4431" VPOS="863" WIDTH="257" HEIGHT="75" CONTENT="Sehen" WC="0.98" CC="01605"/>
					</TextLine>
					<TextLine ID="P4_TL00061" HPOS="2744" VPOS="977" WIDTH="1946" HEIGHT="96">
						<String ID="P4_ST00356" HPOS="2744" VPOS="978" WIDTH="168" HEIGHT="73" CONTENT="und" WC="0.98" CC="410"/>
						<SP ID="P4_SP00296" HPOS="2912" VPOS="1051" WIDTH="51"/>
						<String ID="P4_ST00357" HPOS="2963" VPOS="980" WIDTH="286" HEIGHT="73" CONTENT="Hören." WC="0.99" CC="600002"/>
						<SP ID="P4_SP00297" HPOS="3249" VPOS="1053" WIDTH="105"/>
						<String ID="P4_ST00358" HPOS="3354" VPOS="977" WIDTH="156" HEIGHT="76" CONTENT="Das" WC="0.96" CC="802"/>
						<SP ID="P4_SP00298" HPOS="3510" VPOS="1053" WIDTH="64"/>
						<String ID="P4_ST00359" HPOS="3574" VPOS="980" WIDTH="100" HEIGHT="71" CONTENT="ist" WC="0.98" CC="401"/>
						<SP ID="P4_SP00299" HPOS="3674" VPOS="1053" WIDTH="47"/>
						<String ID="P4_ST00360" HPOS="3721" VPOS="978" WIDTH="246" HEIGHT="73" CONTENT="ihnen" WC="0.99" CC="04010"/>
						<SP ID="P4_SP00300" HPOS="3967" VPOS="1053" WIDTH="52"/>
						<String ID="P4_ST00361" HPOS="4019" VPOS="1002" WIDTH="97" HEIGHT="49" CONTENT="zu" WC="0.56" CC="26"/>
						<SP ID="P4_SP00301" HPOS="4116" VPOS="1053" WIDTH="52"/>
						<String ID="P4_ST00362" HPOS="4168" VPOS="978" WIDTH="522" HEIGHT="95" CONTENT="empßndlich" WC="0.77" CC="0005006046"/>
					</TextLine>
					<TextLine ID="P4_TL00062" HPOS="2743" VPOS="1094" WIDTH="1949" HEIGHT="94">
						<String ID="P4_ST00363" HPOS="2743" VPOS="1095" WIDTH="128" HEIGHT="71" CONTENT="für" WC="0.98" CC="005"/>
						<SP ID="P4_SP00302" HPOS="2871" VPOS="1166" WIDTH="51"/>
						<String ID="P4_ST00364" HPOS="2922" VPOS="1095" WIDTH="173" HEIGHT="73" CONTENT="ihre" WC="0.99" CC="0060"/>
						<SP ID="P4_SP00303" HPOS="3095" VPOS="1168" WIDTH="51"/>
						<String ID="P4_ST00365" HPOS="3146" VPOS="1094" WIDTH="506" HEIGHT="76" CONTENT="kultivierten" WC="1.00" CC="054600001002"/>
						<SP ID="P4_SP00304" HPOS="3652" VPOS="1170" WIDTH="37"/>
						<String ID="P4_ST00366" HPOS="3689" VPOS="1094" WIDTH="261" HEIGHT="74" CONTENT="Sinne." WC="0.99" CC="003403"/>
						<SP ID="P4_SP00305" HPOS="3950" VPOS="1170" WIDTH="103"/>
						<String ID="P4_ST00367" HPOS="4053" VPOS="1094" WIDTH="127" HEIGHT="74" CONTENT="Sie" WC="1.00" CC="000"/>
						<SP ID="P4_SP00306" HPOS="4180" VPOS="1170" WIDTH="51"/>
						<String ID="P4_ST00368" HPOS="4231" VPOS="1095" WIDTH="181" HEIGHT="73" CONTENT="sind" WC="0.98" CC="0044"/>
						<SP ID="P4_SP00307" HPOS="4412" VPOS="1170" WIDTH="53"/>
						<String ID="P4_ST00369" HPOS="4465" VPOS="1117" WIDTH="171" HEIGHT="71" CONTENT="emp" SUBS_TYPE="HypPart1" SUBS_CONTENT="empfindsam" WC="0.97" CC="008"/>
						<HYP HPOS="4636" VPOS="1117" WIDTH="56" CONTENT="-"/>
					</TextLine>
					<TextLine ID="P4_TL00063" HPOS="2743" VPOS="1207" WIDTH="1950" HEIGHT="95">
						<String ID="P4_ST00370" HPOS="2743" VPOS="1207" WIDTH="343" HEIGHT="74" CONTENT="findsam" SUBS_TYPE="HypPart2" SUBS_CONTENT="empfindsam" WC="0.99" CC="7750000"/>
						<SP ID="P4_SP00308" HPOS="3086" VPOS="1281" WIDTH="78"/>
						<String ID="P4_ST00371" HPOS="3164" VPOS="1207" WIDTH="449" HEIGHT="95" CONTENT="geworden." WC="0.99" CC="000620004"/>
						<SP ID="P4_SP00309" HPOS="3613" VPOS="1302" WIDTH="127"/>
						<String ID="P4_ST00372" HPOS="3740" VPOS="1207" WIDTH="144" HEIGHT="74" CONTENT="Die" WC="0.97" CC="411"/>
						<SP ID="P4_SP00310" HPOS="3884" VPOS="1302" WIDTH="76"/>
						<String ID="P4_ST00373" HPOS="3960" VPOS="1209" WIDTH="256" HEIGHT="76" CONTENT="Farbe" WC="0.99" CC="00450"/>
						<SP ID="P4_SP00311" HPOS="4216" VPOS="1302" WIDTH="76"/>
						<String ID="P4_ST00374" HPOS="4292" VPOS="1215" WIDTH="198" HEIGHT="70" CONTENT="stört" WC="0.98" CC="04085"/>
						<SP ID="P4_SP00312" HPOS="4490" VPOS="1302" WIDTH="71"/>
						<String ID="P4_ST00375" HPOS="4561" VPOS="1209" WIDTH="132" HEIGHT="72" CONTENT="ihr" WC="0.95" CC="056"/>
					</TextLine>
					<TextLine ID="P4_TL00064" HPOS="2741" VPOS="1322" WIDTH="1947" HEIGHT="95">
						<String ID="P4_ST00376" HPOS="2741" VPOS="1322" WIDTH="223" HEIGHT="95" CONTENT="Auge" WC="1.00" CC="0001"/>
						<SP ID="P4_SP00313" HPOS="2964" VPOS="1417" WIDTH="73"/>
						<String ID="P4_ST00377" HPOS="3037" VPOS="1324" WIDTH="170" HEIGHT="74" CONTENT="und" WC="0.97" CC="620"/>
						<SP ID="P4_SP00314" HPOS="3207" VPOS="1417" WIDTH="76"/>
						<String ID="P4_ST00378" HPOS="3283" VPOS="1324" WIDTH="142" HEIGHT="73" CONTENT="der" WC="0.98" CC="004"/>
						<SP ID="P4_SP00315" HPOS="3425" VPOS="1417" WIDTH="49"/>
						<String ID="P4_ST00379" HPOS="3474" VPOS="1324" WIDTH="171" HEIGHT="73" CONTENT="Ton" WC="0.98" CC="005"/>
						<SP ID="P4_SP00316" HPOS="3645" VPOS="1417" WIDTH="53"/>
						<String ID="P4_ST00380" HPOS="3698" VPOS="1324" WIDTH="132" HEIGHT="73" CONTENT="ihr" WC="0.97" CC="062"/>
						<SP ID="P4_SP00317" HPOS="3830" VPOS="1417" WIDTH="52"/>
						<String ID="P4_ST00381" HPOS="3882" VPOS="1324" WIDTH="190" HEIGHT="74" CONTENT="Ohr." WC="0.97" CC="0524"/>
						<SP ID="P4_SP00318" HPOS="4072" VPOS="1417" WIDTH="102"/>
						<String ID="P4_ST00382" HPOS="4174" VPOS="1326" WIDTH="127" HEIGHT="72" CONTENT="Sie" WC="0.99" CC="300"/>
						<SP ID="P4_SP00319" HPOS="4301" VPOS="1417" WIDTH="52"/>
						<String ID="P4_ST00383" HPOS="4353" VPOS="1322" WIDTH="335" HEIGHT="78" CONTENT="denken." WC="0.99" CC="0000263"/>
					</TextLine>
					<TextLine ID="P4_TL00065" HPOS="2744" VPOS="1436" WIDTH="1944" HEIGHT="96">
						<String ID="P4_ST00384" HPOS="2744" VPOS="1441" WIDTH="126" HEIGHT="74" CONTENT="Sie" WC="0.98" CC="004"/>
						<SP ID="P4_SP00320" HPOS="2870" VPOS="1515" WIDTH="18"/>
						<String ID="P4_ST00385" HPOS="2888" VPOS="1439" WIDTH="312" HEIGHT="74" CONTENT="denken" WC="0.99" CC="002033"/>
						<SP ID="P4_SP00321" HPOS="3200" VPOS="1515" WIDTH="24"/>
						<String ID="P4_ST00386" HPOS="3224" VPOS="1436" WIDTH="169" HEIGHT="76" CONTENT="sich" WC="1.00" CC="0001"/>
						<SP ID="P4_SP00322" HPOS="3393" VPOS="1515" WIDTH="24"/>
						<String ID="P4_ST00387" HPOS="3417" VPOS="1458" WIDTH="228" HEIGHT="74" CONTENT="sogar" WC="1.00" CC="02000"/>
						<SP ID="P4_SP00323" HPOS="3645" VPOS="1532" WIDTH="22"/>
						<String ID="P4_ST00388" HPOS="3667" VPOS="1439" WIDTH="131" HEIGHT="74" CONTENT="die" WC="1.00" CC="000"/>
						<SP ID="P4_SP00324" HPOS="3798" VPOS="1532" WIDTH="17"/>
						<String ID="P4_ST00389" HPOS="3815" VPOS="1439" WIDTH="269" HEIGHT="76" CONTENT="Kunst." WC="0.99" CC="050070"/>
						<SP ID="P4_SP00325" HPOS="4084" VPOS="1532" WIDTH="56"/>
						<String ID="P4_ST00390" HPOS="4140" VPOS="1441" WIDTH="125" HEIGHT="71" CONTENT="Sie" WC="0.97" CC="800"/>
						<SP ID="P4_SP00326" HPOS="4265" VPOS="1532" WIDTH="20"/>
						<String ID="P4_ST00391" HPOS="4285" VPOS="1439" WIDTH="403" HEIGHT="74" CONTENT="brauchen" WC="0.99" CC="00060502"/>
					</TextLine>
					<TextLine ID="P4_TL00066" HPOS="2743" VPOS="1552" WIDTH="1947" HEIGHT="95">
						<String ID="P4_ST00392" HPOS="2743" VPOS="1556" WIDTH="111" HEIGHT="71" CONTENT="sie" WC="0.98" CC="050"/>
						<SP ID="P4_SP00327" HPOS="2854" VPOS="1627" WIDTH="53"/>
						<String ID="P4_ST00393" HPOS="2907" VPOS="1557" WIDTH="169" HEIGHT="72" CONTENT="also" WC="0.98" CC="0701"/>
						<SP ID="P4_SP00328" HPOS="3076" VPOS="1629" WIDTH="53"/>
						<String ID="P4_ST00394" HPOS="3129" VPOS="1554" WIDTH="379" HEIGHT="93" CONTENT="garnicht." WC="0.57" CC="936200464"/>
						<SP ID="P4_SP00329" HPOS="3508" VPOS="1647" WIDTH="117"/>
						<String ID="P4_ST00395" HPOS="3625" VPOS="1552" WIDTH="125" HEIGHT="75" CONTENT="Sie" WC="1.00" CC="010"/>
						<SP ID="P4_SP00330" HPOS="3750" VPOS="1647" WIDTH="51"/>
						<String ID="P4_ST00396" HPOS="3801" VPOS="1554" WIDTH="406" HEIGHT="73" CONTENT="brauchen" WC="0.99" CC="76040600"/>
						<SP ID="P4_SP00331" HPOS="4207" VPOS="1647" WIDTH="56"/>
						<String ID="P4_ST00397" HPOS="4263" VPOS="1556" WIDTH="170" HEIGHT="71" CONTENT="also" WC="0.99" CC="0400"/>
						<SP ID="P4_SP00332" HPOS="4433" VPOS="1647" WIDTH="50"/>
						<String ID="P4_ST00398" HPOS="4483" VPOS="1554" WIDTH="207" HEIGHT="73" CONTENT="auch" WC="0.98" CC="3500"/>
					</TextLine>
					<TextLine ID="P4_TL00067" HPOS="2743" VPOS="1668" WIDTH="1945" HEIGHT="94">
						<String ID="P4_ST00399" HPOS="2743" VPOS="1668" WIDTH="130" HEIGHT="74" CONTENT="die" WC="0.98" CC="032"/>
						<SP ID="P4_SP00333" HPOS="2873" VPOS="1742" WIDTH="51"/>
						<String ID="P4_ST00400" HPOS="2924" VPOS="1671" WIDTH="240" HEIGHT="73" CONTENT="Sinne" WC="0.99" CC="00410"/>
						<SP ID="P4_SP00334" HPOS="3164" VPOS="1744" WIDTH="75"/>
						<String ID="P4_ST00401" HPOS="3239" VPOS="1669" WIDTH="242" HEIGHT="75" CONTENT="nicht." WC="0.99" CC="400004"/>
						<SP ID="P4_SP00335" HPOS="3481" VPOS="1744" WIDTH="102"/>
						<String ID="P4_ST00402" HPOS="3583" VPOS="1669" WIDTH="181" HEIGHT="73" CONTENT="Und" WC="0.98" CC="120"/>
						<SP ID="P4_SP00336" HPOS="3764" VPOS="1744" WIDTH="74"/>
						<String ID="P4_ST00403" HPOS="3838" VPOS="1669" WIDTH="390" HEIGHT="75" CONTENT="trotzdem" WC="0.99" CC="07402004"/>
						<SP ID="P4_SP00337" HPOS="4228" VPOS="1744" WIDTH="64"/>
						<String ID="P4_ST00404" HPOS="4292" VPOS="1669" WIDTH="396" HEIGHT="93" CONTENT="begehren" WC="0.99" CC="50000633"/>
					</TextLine>
					<TextLine ID="P4_TL00068" HPOS="2741" VPOS="1783" WIDTH="1951" HEIGHT="95">
						<String ID="P4_ST00405" HPOS="2741" VPOS="1784" WIDTH="130" HEIGHT="73" CONTENT="die" WC="0.99" CC="030"/>
						<SP ID="P4_SP00338" HPOS="2871" VPOS="1857" WIDTH="51"/>
						<String ID="P4_ST00406" HPOS="2922" VPOS="1784" WIDTH="242" HEIGHT="73" CONTENT="Sinne" WC="0.99" CC="00250"/>
						<SP ID="P4_SP00339" HPOS="3164" VPOS="1857" WIDTH="73"/>
						<String ID="P4_ST00407" HPOS="3237" VPOS="1788" WIDTH="156" HEIGHT="71" CONTENT="auf." WC="0.99" CC="0203"/>
						<SP ID="P4_SP00340" HPOS="3393" VPOS="1859" WIDTH="102"/>
						<String ID="P4_ST00408" HPOS="3495" VPOS="1784" WIDTH="86" HEIGHT="73" CONTENT="In" WC="0.76" CC="03"/>
						<SP ID="P4_SP00341" HPOS="3581" VPOS="1859" WIDTH="44"/>
						<String ID="P4_ST00409" HPOS="3625" VPOS="1784" WIDTH="273" HEIGHT="94" CONTENT="jedem" WC="0.99" CC="00005"/>
						<SP ID="P4_SP00342" HPOS="3898" VPOS="1878" WIDTH="54"/>
						<String ID="P4_ST00410" HPOS="3952" VPOS="1784" WIDTH="509" HEIGHT="75" CONTENT="Lebewesen." WC="1.00" CC="0031000043"/>
						<SP ID="P4_SP00343" HPOS="4461" VPOS="1878" WIDTH="102"/>
						<String ID="P4_ST00411" HPOS="4563" VPOS="1783" WIDTH="129" HEIGHT="74" CONTENT="Sie" WC="0.97" CC="501"/>
					</TextLine>
					<TextLine ID="P4_TL00069" HPOS="2741" VPOS="1900" WIDTH="1951" HEIGHT="94">
						<String ID="P4_ST00412" HPOS="2741" VPOS="1901" WIDTH="356" HEIGHT="93" CONTENT="zwingen" WC="1.00" CC="0000004"/>
						<SP ID="P4_SP00344" HPOS="3097" VPOS="1994" WIDTH="77"/>
						<String ID="P4_ST00413" HPOS="3174" VPOS="1901" WIDTH="168" HEIGHT="73" CONTENT="sich" WC="0.99" CC="0002"/>
						<SP ID="P4_SP00345" HPOS="3342" VPOS="1994" WIDTH="66"/>
						<String ID="P4_ST00414" HPOS="3408" VPOS="1901" WIDTH="198" HEIGHT="73" CONTENT="über" WC="0.98" CC="0505"/>
						<SP ID="P4_SP00346" HPOS="3606" VPOS="1994" WIDTH="49"/>
						<String ID="P4_ST00415" HPOS="3655" VPOS="1901" WIDTH="198" HEIGHT="73" CONTENT="alles" WC="1.00" CC="00000"/>
						<SP ID="P4_SP00347" HPOS="3853" VPOS="1994" WIDTH="56"/>
						<String ID="P4_ST00416" HPOS="3909" VPOS="1900" WIDTH="327" HEIGHT="74" CONTENT="Denken" WC="0.99" CC="320000"/>
						<SP ID="P4_SP00348" HPOS="4236" VPOS="1994" WIDTH="54"/>
						<String ID="P4_ST00417" HPOS="4290" VPOS="1900" WIDTH="175" HEIGHT="74" CONTENT="fort." WC="0.98" CC="00753"/>
						<SP ID="P4_SP00349" HPOS="4465" VPOS="1994" WIDTH="98"/>
						<String ID="P4_ST00418" HPOS="4563" VPOS="1900" WIDTH="129" HEIGHT="72" CONTENT="Sie" WC="0.98" CC="040"/>
					</TextLine>
					<TextLine ID="P4_TL00070" HPOS="2739" VPOS="2011" WIDTH="1951" HEIGHT="97">
						<String ID="P4_ST00419" HPOS="2739" VPOS="2015" WIDTH="359" HEIGHT="93" CONTENT="zwingen" WC="0.99" CC="3000901"/>
						<SP ID="P4_SP00350" HPOS="3098" VPOS="2108" WIDTH="29"/>
						<String ID="P4_ST00420" HPOS="3127" VPOS="2015" WIDTH="169" HEIGHT="74" CONTENT="sich" WC="1.00" CC="0000"/>
						<SP ID="P4_SP00351" HPOS="3296" VPOS="2108" WIDTH="21"/>
						<String ID="P4_ST00421" HPOS="3317" VPOS="2013" WIDTH="252" HEIGHT="75" CONTENT="durch" WC="0.98" CC="05600"/>
						<SP ID="P4_SP00352" HPOS="3569" VPOS="2108" WIDTH="19"/>
						<String ID="P4_ST00422" HPOS="3588" VPOS="2016" WIDTH="194" HEIGHT="72" CONTENT="alles" WC="0.99" CC="22400"/>
						<SP ID="P4_SP00353" HPOS="3782" VPOS="2108" WIDTH="19"/>
						<String ID="P4_ST00423" HPOS="3801" VPOS="2013" WIDTH="364" HEIGHT="75" CONTENT="Handeln" WC="0.98" CC="5060243"/>
						<SP ID="P4_SP00354" HPOS="4165" VPOS="2108" WIDTH="20"/>
						<String ID="P4_ST00424" HPOS="4185" VPOS="2011" WIDTH="168" HEIGHT="75" CONTENT="und" WC="0.97" CC="700"/>
						<SP ID="P4_SP00355" HPOS="4353" VPOS="2108" WIDTH="17"/>
						<String ID="P4_ST00425" HPOS="4370" VPOS="2013" WIDTH="320" HEIGHT="76" CONTENT="Lassen." WC="0.99" CC="0050003"/>
					</TextLine>
					<TextLine ID="P4_TL00071" HPOS="2744" VPOS="2126" WIDTH="1949" HEIGHT="97">
						<String ID="P4_ST00426" HPOS="2744" VPOS="2128" WIDTH="182" HEIGHT="75" CONTENT="Und" WC="0.99" CC="200"/>
						<SP ID="P4_SP00356" HPOS="2926" VPOS="2203" WIDTH="50"/>
						<String ID="P4_ST00427" HPOS="2976" VPOS="2154" WIDTH="176" HEIGHT="69" CONTENT="nur," WC="0.97" CC="0453"/>
						<SP ID="P4_SP00357" HPOS="3152" VPOS="2223" WIDTH="51"/>
						<String ID="P4_ST00428" HPOS="3203" VPOS="2154" WIDTH="236" HEIGHT="50" CONTENT="wenn" WC="0.98" CC="0044"/>
						<SP ID="P4_SP00358" HPOS="3439" VPOS="2223" WIDTH="56"/>
						<String ID="P4_ST00429" HPOS="3495" VPOS="2130" WIDTH="128" HEIGHT="73" CONTENT="die" WC="1.00" CC="000"/>
						<SP ID="P4_SP00359" HPOS="3623" VPOS="2223" WIDTH="36"/>
						<String ID="P4_ST00430" HPOS="3659" VPOS="2130" WIDTH="242" HEIGHT="74" CONTENT="Sinne" WC="0.99" CC="01404"/>
						<SP ID="P4_SP00360" HPOS="3901" VPOS="2223" WIDTH="34"/>
						<String ID="P4_ST00431" HPOS="3935" VPOS="2130" WIDTH="222" HEIGHT="73" CONTENT="einer" WC="0.97" CC="03654"/>
						<SP ID="P4_SP00361" HPOS="4157" VPOS="2223" WIDTH="32"/>
						<String ID="P4_ST00432" HPOS="4189" VPOS="2128" WIDTH="310" HEIGHT="93" CONTENT="zwingt," WC="0.99" CC="0060082"/>
						<SP ID="P4_SP00362" HPOS="4499" VPOS="2223" WIDTH="54"/>
						<String ID="P4_ST00433" HPOS="4553" VPOS="2126" WIDTH="140" HEIGHT="77" CONTENT="der" WC="0.99" CC="003"/>
					</TextLine>
					<TextLine ID="P4_TL00072" HPOS="2739" VPOS="2243" WIDTH="1951" HEIGHT="97">
						<String ID="P4_ST00434" HPOS="2739" VPOS="2245" WIDTH="170" HEIGHT="73" CONTENT="sich" WC="1.00" CC="0001"/>
						<SP ID="P4_SP00363" HPOS="2909" VPOS="2318" WIDTH="54"/>
						<String ID="P4_ST00435" HPOS="2963" VPOS="2245" WIDTH="252" HEIGHT="74" CONTENT="durch" WC="0.98" CC="04136"/>
						<SP ID="P4_SP00364" HPOS="3215" VPOS="2319" WIDTH="53"/>
						<String ID="P4_ST00436" HPOS="3268" VPOS="2248" WIDTH="113" HEIGHT="71" CONTENT="sie" WC="0.99" CC="020"/>
						<SP ID="P4_SP00365" HPOS="3381" VPOS="2319" WIDTH="31"/>
						<String ID="P4_ST00437" HPOS="3412" VPOS="2247" WIDTH="359" HEIGHT="93" CONTENT="zwingen" WC="0.99" CC="3000005"/>
						<SP ID="P4_SP00366" HPOS="3771" VPOS="2340" WIDTH="40"/>
						<String ID="P4_ST00438" HPOS="3811" VPOS="2247" WIDTH="210" HEIGHT="91" CONTENT="lässt," WC="0.76" CC="670000"/>
						<SP ID="P4_SP00367" HPOS="4021" VPOS="2340" WIDTH="37"/>
						<String ID="P4_ST00439" HPOS="4058" VPOS="2243" WIDTH="339" HEIGHT="75" CONTENT="entsteht" WC="0.99" CC="04200310"/>
						<SP ID="P4_SP00368" HPOS="4397" VPOS="2340" WIDTH="39"/>
						<String ID="P4_ST00440" HPOS="4436" VPOS="2243" WIDTH="254" HEIGHT="75" CONTENT="durch" WC="0.99" CC="00004"/>
					</TextLine>
					<TextLine ID="P4_TL00073" HPOS="2739" VPOS="2360" WIDTH="864" HEIGHT="76">
						<String ID="P4_ST00441" HPOS="2739" VPOS="2360" WIDTH="139" HEIGHT="75" CONTENT="ihn" WC="0.97" CC="015"/>
						<SP ID="P4_SP00369" HPOS="2878" VPOS="2435" WIDTH="53"/>
						<String ID="P4_ST00442" HPOS="2931" VPOS="2362" WIDTH="127" HEIGHT="73" CONTENT="ein" WC="0.98" CC="006"/>
						<SP ID="P4_SP00370" HPOS="3058" VPOS="2435" WIDTH="52"/>
						<String ID="P4_ST00443" HPOS="3110" VPOS="2362" WIDTH="493" HEIGHT="74" CONTENT="Kunstwerk." WC="1.00" CC="0600000403"/>
					</TextLine>
				</TextBlock>
				<TextBlock ID="P4_TB00005" HPOS="2740" VPOS="2587" WIDTH="1953" HEIGHT="790" STYLEREFS="TXT_0 PAR_BLOCK">
					<TextLine ID="P4_TL00074" HPOS="2741" VPOS="2589" WIDTH="1951" HEIGHT="95">
						<String ID="P4_ST00444" HPOS="2741" VPOS="2589" WIDTH="276" HEIGHT="76" CONTENT="Alfred" WC="0.99" CC="400300"/>
						<SP ID="P4_SP00371" HPOS="3017" VPOS="2665" WIDTH="49"/>
						<String ID="P4_ST00445" HPOS="3066" VPOS="2592" WIDTH="425" HEIGHT="75" CONTENT="Mombert:" WC="0.67" CC="00560417"/>
						<SP ID="P4_SP00372" HPOS="3491" VPOS="2667" WIDTH="63"/>
						<String ID="P4_ST00446" HPOS="3554" VPOS="2590" WIDTH="506" HEIGHT="94" CONTENT="„Wanderer," WC="0.99" CC="5351007043"/>
						<SP ID="P4_SP00373" HPOS="4060" VPOS="2684" WIDTH="78"/>
						<String ID="P4_ST00447" HPOS="4138" VPOS="2589" WIDTH="144" HEIGHT="76" CONTENT="der" WC="1.00" CC="001"/>
						<SP ID="P4_SP00374" HPOS="4282" VPOS="2684" WIDTH="74"/>
						<String ID="P4_ST00448" HPOS="4356" VPOS="2590" WIDTH="110" HEIGHT="75" CONTENT="du" WC="0.79" CC="04"/>
						<SP ID="P4_SP00375" HPOS="4466" VPOS="2684" WIDTH="58"/>
						<String ID="P4_ST00449" HPOS="4524" VPOS="2589" WIDTH="168" HEIGHT="76" CONTENT="dies" WC="0.99" CC="0300"/>
					</TextLine>
					<TextLine ID="P4_TL00075" HPOS="2741" VPOS="2702" WIDTH="1952" HEIGHT="98">
						<String ID="P4_ST00450" HPOS="2741" VPOS="2707" WIDTH="264" HEIGHT="71" CONTENT="liesest" WC="1.00" CC="5000000"/>
						<SP ID="P4_SP00376" HPOS="3005" VPOS="2778" WIDTH="75"/>
						<String ID="P4_ST00451" HPOS="3080" VPOS="2706" WIDTH="128" HEIGHT="74" CONTENT="bei" WC="0.98" CC="600"/>
						<SP ID="P4_SP00377" HPOS="3208" VPOS="2780" WIDTH="77"/>
						<String ID="P4_ST00452" HPOS="3285" VPOS="2706" WIDTH="142" HEIGHT="74" CONTENT="der" WC="0.98" CC="004"/>
						<SP ID="P4_SP00378" HPOS="3427" VPOS="2780" WIDTH="49"/>
						<String ID="P4_ST00453" HPOS="3476" VPOS="2706" WIDTH="549" HEIGHT="94" CONTENT="Nachtlampe," WC="1.00" CC="23030503002"/>
						<SP ID="P4_SP00379" HPOS="4025" VPOS="2800" WIDTH="77"/>
						<String ID="P4_ST00454" HPOS="4102" VPOS="2702" WIDTH="141" HEIGHT="76" CONTENT="das" WC="0.99" CC="002"/>
						<SP ID="P4_SP00380" HPOS="4243" VPOS="2800" WIDTH="63"/>
						<String ID="P4_ST00455" HPOS="4306" VPOS="2706" WIDTH="225" HEIGHT="79" CONTENT="wirst" WC="0.98" CC="01308"/>
						<SP ID="P4_SP00381" HPOS="4531" VPOS="2800" WIDTH="52"/>
						<String ID="P4_ST00456" HPOS="4583" VPOS="2706" WIDTH="110" HEIGHT="72" CONTENT="du" WC="0.81" CC="03"/>
					</TextLine>
					<TextLine ID="P4_TL00076" HPOS="2744" VPOS="2819" WIDTH="1946" HEIGHT="95">
						<String ID="P4_ST00457" HPOS="2744" VPOS="2822" WIDTH="131" HEIGHT="72" CONTENT="nie" WC="0.98" CC="400"/>
						<SP ID="P4_SP00382" HPOS="2875" VPOS="2894" WIDTH="74"/>
						<String ID="P4_ST00458" HPOS="2949" VPOS="2821" WIDTH="464" HEIGHT="93" CONTENT='begreifen."' WC="0.99" CC="60040560002"/>
						<SP ID="P4_SP00383" HPOS="3413" VPOS="2914" WIDTH="109"/>
						<String ID="P4_ST00459" HPOS="3522" VPOS="2821" WIDTH="438" HEIGHT="76" CONTENT="Wanderer" WC="0.99" CC="00680601"/>
						<SP ID="P4_SP00384" HPOS="3960" VPOS="2914" WIDTH="75"/>
						<String ID="P4_ST00460" HPOS="4035" VPOS="2822" WIDTH="144" HEIGHT="72" CONTENT="auf" WC="1.00" CC="000"/>
						<SP ID="P4_SP00385" HPOS="4179" VPOS="2914" WIDTH="67"/>
						<String ID="P4_ST00461" HPOS="4246" VPOS="2821" WIDTH="143" HEIGHT="73" CONTENT="der" WC="0.98" CC="006"/>
						<SP ID="P4_SP00386" HPOS="4389" VPOS="2914" WIDTH="61"/>
						<String ID="P4_ST00462" HPOS="4450" VPOS="2819" WIDTH="240" HEIGHT="75" CONTENT="Erde:" WC="0.98" CC="05006"/>
					</TextLine>
					<TextLine ID="P4_TL00077" HPOS="2741" VPOS="2938" WIDTH="1952" HEIGHT="94">
						<String ID="P4_ST00463" HPOS="2741" VPOS="2939" WIDTH="247" HEIGHT="73" CONTENT="Müsst" WC="0.90" CC="00004"/>
						<SP ID="P4_SP00387" HPOS="2988" VPOS="3012" WIDTH="54"/>
						<String ID="P4_ST00464" HPOS="3042" VPOS="2938" WIDTH="129" HEIGHT="74" CONTENT="ihr" WC="0.99" CC="003"/>
						<SP ID="P4_SP00388" HPOS="3171" VPOS="3012" WIDTH="47"/>
						<String ID="P4_ST00465" HPOS="3218" VPOS="2939" WIDTH="129" HEIGHT="73" CONTENT="bei" WC="0.96" CC="703"/>
						<SP ID="P4_SP00389" HPOS="3347" VPOS="3012" WIDTH="53"/>
						<String ID="P4_ST00466" HPOS="3400" VPOS="2938" WIDTH="142" HEIGHT="72" CONTENT="der" WC="0.96" CC="036"/>
						<SP ID="P4_SP00390" HPOS="3542" VPOS="3012" WIDTH="32"/>
						<String ID="P4_ST00467" HPOS="3574" VPOS="2938" WIDTH="525" HEIGHT="94" CONTENT="Nachtlampe" WC="0.99" CC="0005541800"/>
						<SP ID="P4_SP00391" HPOS="4099" VPOS="3032" WIDTH="49"/>
						<String ID="P4_ST00468" HPOS="4148" VPOS="2939" WIDTH="241" HEIGHT="90" CONTENT="lesen," WC="0.99" CC="006032"/>
						<SP ID="P4_SP00392" HPOS="4389" VPOS="3032" WIDTH="52"/>
						<String ID="P4_ST00469" HPOS="4441" VPOS="2943" WIDTH="252" HEIGHT="67" CONTENT="müsst" WC="1.00" CC="00000"/>
					</TextLine>
					<TextLine ID="P4_TL00078" HPOS="2741" VPOS="3051" WIDTH="1949" HEIGHT="95">
						<String ID="P4_ST00470" HPOS="2741" VPOS="3054" WIDTH="130" HEIGHT="73" CONTENT="ihr" WC="0.96" CC="631"/>
						<SP ID="P4_SP00393" HPOS="2871" VPOS="3127" WIDTH="49"/>
						<String ID="P4_ST00471" HPOS="2920" VPOS="3056" WIDTH="241" HEIGHT="71" CONTENT="lesen." WC="0.99" CC="300254"/>
						<SP ID="P4_SP00394" HPOS="3161" VPOS="3127" WIDTH="127"/>
						<String ID="P4_ST00472" HPOS="3288" VPOS="3051" WIDTH="186" HEIGHT="76" CONTENT="Seht" WC="0.99" CC="0050"/>
						<SP ID="P4_SP00395" HPOS="3474" VPOS="3127" WIDTH="53"/>
						<String ID="P4_ST00473" HPOS="3527" VPOS="3051" WIDTH="166" HEIGHT="75" CONTENT="und" WC="0.97" CC="430"/>
						<SP ID="P4_SP00396" HPOS="3693" VPOS="3127" WIDTH="50"/>
						<String ID="P4_ST00474" HPOS="3743" VPOS="3051" WIDTH="183" HEIGHT="73" CONTENT="hört" WC="0.98" CC="4040"/>
						<SP ID="P4_SP00397" HPOS="3926" VPOS="3127" WIDTH="49"/>
						<String ID="P4_ST00475" HPOS="3975" VPOS="3051" WIDTH="327" HEIGHT="95" CONTENT="spielen." WC="0.99" CC="00104023"/>
						<SP ID="P4_SP00398" HPOS="4302" VPOS="3146" WIDTH="120"/>
						<String ID="P4_ST00476" HPOS="4422" VPOS="3051" WIDTH="268" HEIGHT="95" CONTENT="Spielt." WC="0.99" CC="3004633"/>
					</TextLine>
					<TextLine ID="P4_TL00079" HPOS="2744" VPOS="3166" WIDTH="1949" HEIGHT="92">
						<String ID="P4_ST00477" HPOS="2744" VPOS="3166" WIDTH="176" HEIGHT="76" CONTENT="Und" WC="0.98" CC="050"/>
						<SP ID="P4_SP00399" HPOS="2920" VPOS="3242" WIDTH="73"/>
						<String ID="P4_ST00478" HPOS="2993" VPOS="3192" WIDTH="234" HEIGHT="50" CONTENT="wenn" WC="0.99" CC="0330"/>
						<SP ID="P4_SP00400" HPOS="3227" VPOS="3242" WIDTH="76"/>
						<String ID="P4_ST00479" HPOS="3303" VPOS="3166" WIDTH="131" HEIGHT="75" CONTENT="ihr" WC="0.95" CC="336"/>
						<SP ID="P4_SP00401" HPOS="3434" VPOS="3242" WIDTH="72"/>
						<String ID="P4_ST00480" HPOS="3506" VPOS="3175" WIDTH="243" HEIGHT="64" CONTENT="etwas" WC="0.99" CC="07000"/>
						<SP ID="P4_SP00402" HPOS="3749" VPOS="3242" WIDTH="76"/>
						<String ID="P4_ST00481" HPOS="3825" VPOS="3170" WIDTH="277" HEIGHT="69" CONTENT="lernen" WC="0.98" CC="205405"/>
						<SP ID="P4_SP00403" HPOS="4102" VPOS="3242" WIDTH="61"/>
						<String ID="P4_ST00482" HPOS="4163" VPOS="3166" WIDTH="249" HEIGHT="92" CONTENT="wollt," WC="0.99" CC="003054"/>
						<SP ID="P4_SP00404" HPOS="4412" VPOS="3258" WIDTH="76"/>
						<String ID="P4_ST00483" HPOS="4488" VPOS="3166" WIDTH="205" HEIGHT="71" CONTENT="lernt" WC="0.98" CC="60300"/>
					</TextLine>
					<TextLine ID="P4_TL00080" HPOS="2741" VPOS="3283" WIDTH="1566" HEIGHT="94">
						<String ID="P4_ST00484" HPOS="2741" VPOS="3285" WIDTH="325" HEIGHT="92" CONTENT="spielen." WC="0.99" CC="30012003"/>
						<SP ID="P4_SP00405" HPOS="3066" VPOS="3377" WIDTH="103"/>
						<String ID="P4_ST00485" HPOS="3169" VPOS="3283" WIDTH="376" HEIGHT="94" CONTENT="Spielend" WC="0.99" CC="00104070"/>
						<SP ID="P4_SP00406" HPOS="3545" VPOS="3377" WIDTH="49"/>
						<String ID="P4_ST00486" HPOS="3594" VPOS="3283" WIDTH="241" HEIGHT="73" CONTENT="leicht" WC="1.00" CC="000041"/>
						<SP ID="P4_SP00407" HPOS="3835" VPOS="3377" WIDTH="47"/>
						<String ID="P4_ST00487" HPOS="3882" VPOS="3283" WIDTH="102" HEIGHT="73" CONTENT="ist" WC="1.00" CC="000"/>
						<SP ID="P4_SP00408" HPOS="3984" VPOS="3377" WIDTH="49"/>
						<String ID="P4_ST00488" HPOS="4033" VPOS="3283" WIDTH="274" HEIGHT="73" CONTENT="Kunst." WC="0.99" CC="046001"/>
					</TextLine>
				</TextBlock>
				<TextBlock ID="P4_TB00006" HPOS="3790" VPOS="3435" WIDTH="903" HEIGHT="109" STYLEREFS="TXT_0 PAR_RIGHT">
					<TextLine ID="P4_TL00081" HPOS="3790" VPOS="3436" WIDTH="903" HEIGHT="89">
						<String ID="P4_ST00489" HPOS="3790" VPOS="3439" WIDTH="459" HEIGHT="85" CONTENT="Herwarth" WC="0.98" CC="07707706"/>
						<SP ID="P4_SP00409" HPOS="4249" VPOS="3524" WIDTH="61"/>
						<String ID="P4_ST00490" HPOS="4310" VPOS="3436" WIDTH="383" HEIGHT="89" CONTENT="Walden" WC="1.00" CC="770857"/>
					</TextLine>
				</TextBlock>
				<TextBlock ID="P4_TB00007" HPOS="2740" VPOS="3845" WIDTH="269" HEIGHT="148" STYLEREFS="TXT_0 PAR_RIGHT">
					<TextLine ID="P4_TL00082" HPOS="2740" VPOS="3845" WIDTH="267" HEIGHT="146">
						<String ID="P4_ST00491" HPOS="2740" VPOS="3845" WIDTH="267" HEIGHT="146" CONTENT="Rog" WC="1.00" CC="300"/>
					</TextLine>
				</TextBlock>
				<TextBlock ID="P4_TB00008" HPOS="2743" VPOS="4013" WIDTH="1182" HEIGHT="115" STYLEREFS="TXT_0 PAR_RIGHT">
					<TextLine ID="P4_TL00083" HPOS="2745" VPOS="4015" WIDTH="1179" HEIGHT="110">
						<String ID="P4_ST00492" HPOS="2745" VPOS="4015" WIDTH="320" HEIGHT="89" CONTENT="Harald" WC="0.96" CC="096968"/>
						<SP ID="P4_SP00410" HPOS="3065" VPOS="4104" WIDTH="63"/>
						<String ID="P4_ST00493" HPOS="3128" VPOS="4018" WIDTH="277" HEIGHT="85" CONTENT="Landt" WC="0.50" CC="06773"/>
						<SP ID="P4_SP00411" HPOS="3405" VPOS="4104" WIDTH="60"/>
						<String ID="P4_ST00494" HPOS="3465" VPOS="4015" WIDTH="459" HEIGHT="110" CONTENT="Momberg" WC="0.97" CC="4449669"/>
					</TextLine>
				</TextBlock>
				<TextBlock ID="P4_TB00009" HPOS="2736" VPOS="4205" WIDTH="371" HEIGHT="77" STYLEREFS="TXT_0 PAR_RIGHT">
					<TextLine ID="P4_TL00084" HPOS="2738" VPOS="4205" WIDTH="368" HEIGHT="76">
						<String ID="P4_ST00495" HPOS="2738" VPOS="4205" WIDTH="368" HEIGHT="76" CONTENT="Matoaka" WC="0.45" CC="0952946"/>
						<SP ID="P4_SP00412" HPOS="3106" VPOS="4281" WIDTH="0"/>
					</TextLine>
				</TextBlock>
				<TextBlock ID="P4_TB00010" HPOS="2735" VPOS="4321" WIDTH="1513" HEIGHT="801" STYLEREFS="TXT_0 PAR_LEFT">
					<TextLine ID="P4_TL00085" HPOS="2737" VPOS="4338" WIDTH="1321" HEIGHT="96">
						<String ID="P4_ST00496" HPOS="2737" VPOS="4340" WIDTH="264" HEIGHT="74" CONTENT="Rärad" WC="0.50" CC="46770"/>
						<SP ID="P4_SP00413" HPOS="3001" VPOS="4414" WIDTH="49"/>
						<String ID="P4_ST00497" HPOS="3050" VPOS="4340" WIDTH="327" HEIGHT="94" CONTENT="gyldnes" WC="0.76" CC="9030300"/>
						<SP ID="P4_SP00414" HPOS="3377" VPOS="4434" WIDTH="52"/>
						<String ID="P4_ST00498" HPOS="3429" VPOS="4338" WIDTH="629" HEIGHT="95" CONTENT="blomstringstid" WC="0.87" CC="03050030300100"/>
					</TextLine>
					<TextLine ID="P4_TL00086" HPOS="2738" VPOS="4453" WIDTH="784" HEIGHT="76">
						<String ID="P4_ST00499" HPOS="2738" VPOS="4455" WIDTH="480" HEIGHT="74" CONTENT="Powhalans" WC="0.79" CC="400500350"/>
						<SP ID="P4_SP00415" HPOS="3218" VPOS="4529" WIDTH="50"/>
						<String ID="P4_ST00500" HPOS="3268" VPOS="4453" WIDTH="254" HEIGHT="76" CONTENT="datter" WC="0.78" CC="004205"/>
					</TextLine>
					<TextLine ID="P4_TL00087" HPOS="2737" VPOS="4565" WIDTH="1508" HEIGHT="98">
						<String ID="P4_ST00501" HPOS="2737" VPOS="4568" WIDTH="418" HEIGHT="95" CONTENT="guldbund" WC="0.70" CC="04506230"/>
						<SP ID="P4_SP00416" HPOS="3155" VPOS="4663" WIDTH="51"/>
						<String ID="P4_ST00502" HPOS="3206" VPOS="4568" WIDTH="262" HEIGHT="75" CONTENT="dufter" WC="0.99" CC="001005"/>
						<SP ID="P4_SP00417" HPOS="3468" VPOS="4663" WIDTH="49"/>
						<String ID="P4_ST00503" HPOS="3517" VPOS="4567" WIDTH="202" HEIGHT="74" CONTENT="blidt" WC="0.88" CC="00005"/>
						<SP ID="P4_SP00418" HPOS="3719" VPOS="4663" WIDTH="49"/>
						<String ID="P4_ST00504" HPOS="3768" VPOS="4565" WIDTH="477" HEIGHT="78" CONTENT="resedablod" WC="0.83" CC="0021000550"/>
					</TextLine>
					<TextLine ID="P4_TL00088" HPOS="2737" VPOS="4685" WIDTH="789" HEIGHT="95">
						<String ID="P4_ST00505" HPOS="2737" VPOS="4685" WIDTH="504" HEIGHT="95" CONTENT="klippeblsest" WC="0.70" CC="013402447600"/>
						<SP ID="P4_SP00419" HPOS="3241" VPOS="4780" WIDTH="49"/>
						<String ID="P4_ST00506" HPOS="3290" VPOS="4685" WIDTH="236" HEIGHT="73" CONTENT="mäne" WC="0.62" CC="5720"/>
					</TextLine>
					<TextLine ID="P4_TL00089" HPOS="2740" VPOS="4797" WIDTH="1296" HEIGHT="95">
						<String ID="P4_ST00507" HPOS="2740" VPOS="4802" WIDTH="288" HEIGHT="71" CONTENT="solsort" WC="0.90" CC="0040010"/>
						<SP ID="P4_SP00420" HPOS="3028" VPOS="4873" WIDTH="49"/>
						<String ID="P4_ST00508" HPOS="3077" VPOS="4800" WIDTH="281" HEIGHT="73" CONTENT="bläner" WC="0.55" CC="748204"/>
						<SP ID="P4_SP00421" HPOS="3358" VPOS="4873" WIDTH="46"/>
						<String ID="P4_ST00509" HPOS="3404" VPOS="4797" WIDTH="632" HEIGHT="95" CONTENT="ojenbrynssilke" WC="0.78" CC="81006006200400"/>
					</TextLine>
					<TextLine ID="P4_TL00090" HPOS="2738" VPOS="4912" WIDTH="1489" HEIGHT="95">
						<String ID="P4_ST00510" HPOS="2738" VPOS="4915" WIDTH="170" HEIGHT="71" CONTENT="salv" WC="0.72" CC="0820"/>
						<SP ID="P4_SP00422" HPOS="2908" VPOS="4986" WIDTH="52"/>
						<String ID="P4_ST00511" HPOS="2960" VPOS="4914" WIDTH="283" HEIGHT="91" CONTENT="gräner" WC="0.41" CC="956706"/>
						<SP ID="P4_SP00423" HPOS="3243" VPOS="5005" WIDTH="49"/>
						<String ID="P4_ST00512" HPOS="3292" VPOS="4912" WIDTH="408" HEIGHT="95" CONTENT="greltaenkt" WC="0.69" CC="0403475210"/>
						<SP ID="P4_SP00424" HPOS="3700" VPOS="5007" WIDTH="53"/>
						<String ID="P4_ST00513" HPOS="3753" VPOS="4912" WIDTH="474" HEIGHT="95" CONTENT="Inskription" WC="1.00" CC="72000020060"/>
					</TextLine>
					<TextLine ID="P4_TL00091" HPOS="2738" VPOS="5027" WIDTH="850" HEIGHT="93">
						<String ID="P4_ST00514" HPOS="2738" VPOS="5027" WIDTH="850" HEIGHT="93" CONTENT="Attanoughkomouck" WC="0.81" CC="0200415930000200"/>
					</TextLine>
				</TextBlock>
				<TextBlock ID="P4_TB00011" HPOS="2737" VPOS="5218" WIDTH="375" HEIGHT="97" STYLEREFS="TXT_0 PAR_RIGHT">
					<TextLine ID="P4_TL00092" HPOS="2740" VPOS="5219" WIDTH="369" HEIGHT="94">
						<String ID="P4_ST00515" HPOS="2740" VPOS="5219" WIDTH="369" HEIGHT="94" CONTENT="Guarany" WC="0.42" CC="0557768"/>
					</TextLine>
				</TextBlock>
				<TextBlock ID="P4_TB00012" HPOS="2735" VPOS="5349" WIDTH="1950" HEIGHT="1252" STYLEREFS="TXT_0 PAR_LEFT">
					<TextLine ID="P4_TL00093" HPOS="2737" VPOS="5352" WIDTH="1270" HEIGHT="98">
						<String ID="P4_ST00516" HPOS="2737" VPOS="5352" WIDTH="833" HEIGHT="98" CONTENT="Negerkysblodbitter" WC="0.68" CC="405050500606600707"/>
						<SP ID="P4_SP00425" HPOS="3570" VPOS="5450" WIDTH="49"/>
						<String ID="P4_ST00517" HPOS="3619" VPOS="5356" WIDTH="388" HEIGHT="94" CONTENT="svselgsug" WC="0.63" CC="008555105"/>
					</TextLine>
					<TextLine ID="P4_TL00094" HPOS="2742" VPOS="5467" WIDTH="1637" HEIGHT="97">
						<String ID="P4_ST00518" HPOS="2742" VPOS="5471" WIDTH="533" HEIGHT="73" CONTENT="beblomslrer" WC="0.67" CC="65461220204"/>
						<SP ID="P4_SP00426" HPOS="3275" VPOS="5544" WIDTH="51"/>
						<String ID="P4_ST00519" HPOS="3326" VPOS="5467" WIDTH="513" HEIGHT="75" CONTENT="salvbladede" WC="0.82" CC="08006400000"/>
						<SP ID="P4_SP00427" HPOS="3839" VPOS="5544" WIDTH="51"/>
						<String ID="P4_ST00520" HPOS="3890" VPOS="5471" WIDTH="489" HEIGHT="93" CONTENT="aurikelejne" WC="0.65" CC="04045077511"/>
					</TextLine>
					<TextLine ID="P4_TL00095" HPOS="2738" VPOS="5583" WIDTH="1734" HEIGHT="96">
						<String ID="P4_ST00521" HPOS="2738" VPOS="5586" WIDTH="136" HEIGHT="93" CONTENT="bly" WC="0.39" CC="655"/>
						<SP ID="P4_SP00428" HPOS="2874" VPOS="5679" WIDTH="51"/>
						<String ID="P4_ST00522" HPOS="2925" VPOS="5584" WIDTH="132" HEIGHT="73" CONTENT="blä" WC="0.30" CC="775"/>
						<SP ID="P4_SP00429" HPOS="3057" VPOS="5679" WIDTH="52"/>
						<String ID="P4_ST00523" HPOS="3109" VPOS="5589" WIDTH="278" HEIGHT="88" CONTENT="styrtes" WC="0.83" CC="0406000"/>
						<SP ID="P4_SP00430" HPOS="3387" VPOS="5679" WIDTH="52"/>
						<String ID="P4_ST00524" HPOS="3439" VPOS="5584" WIDTH="29" HEIGHT="75" CONTENT="i" WC="0.32" CC="6"/>
						<SP ID="P4_SP00431" HPOS="3468" VPOS="5679" WIDTH="51"/>
						<String ID="P4_ST00525" HPOS="3519" VPOS="5584" WIDTH="488" HEIGHT="75" CONTENT="solraseriets" WC="0.84" CC="031600050000"/>
						<SP ID="P4_SP00432" HPOS="4007" VPOS="5679" WIDTH="52"/>
						<String ID="P4_ST00526" HPOS="4059" VPOS="5583" WIDTH="413" HEIGHT="74" CONTENT="blindfavn" WC="0.78" CC="040130126"/>
					</TextLine>
					<TextLine ID="P4_TL00096" HPOS="2738" VPOS="5698" WIDTH="1240" HEIGHT="98">
						<String ID="P4_ST00527" HPOS="2738" VPOS="5699" WIDTH="297" HEIGHT="95" CONTENT="madug" WC="0.71" CC="08060"/>
						<SP ID="P4_SP00433" HPOS="3035" VPOS="5794" WIDTH="49"/>
						<String ID="P4_ST00528" HPOS="3084" VPOS="5699" WIDTH="283" HEIGHT="73" CONTENT="laesker" WC="0.66" CC="4840006"/>
						<SP ID="P4_SP00434" HPOS="3367" VPOS="5794" WIDTH="49"/>
						<String ID="P4_ST00529" HPOS="3416" VPOS="5699" WIDTH="118" HEIGHT="97" CONTENT="sig" WC="0.56" CC="039"/>
						<SP ID="P4_SP00435" HPOS="3534" VPOS="5796" WIDTH="46"/>
						<String ID="P4_ST00530" HPOS="3580" VPOS="5698" WIDTH="398" HEIGHT="95" CONTENT="tungende" WC="0.72" CC="43093000"/>
					</TextLine>
					<TextLine ID="P4_TL00097" HPOS="2737" VPOS="5813" WIDTH="962" HEIGHT="76">
						<String ID="P4_ST00531" HPOS="2737" VPOS="5813" WIDTH="144" HEIGHT="74" CONTENT="Sod" WC="1.00" CC="000"/>
						<SP ID="P4_SP00436" HPOS="2881" VPOS="5887" WIDTH="50"/>
						<String ID="P4_ST00532" HPOS="2931" VPOS="5816" WIDTH="148" HEIGHT="71" CONTENT="safl" WC="0.90" CC="0030"/>
						<SP ID="P4_SP00437" HPOS="3079" VPOS="5887" WIDTH="51"/>
						<String ID="P4_ST00533" HPOS="3130" VPOS="5813" WIDTH="569" HEIGHT="76" CONTENT="triumferende" WC="0.78" CC="140160030601"/>
					</TextLine>
					<TextLine ID="P4_TL00098" HPOS="2735" VPOS="5930" WIDTH="1324" HEIGHT="96">
						<String ID="P4_ST00534" HPOS="2735" VPOS="5931" WIDTH="500" HEIGHT="94" CONTENT="Wagangana" WC="0.99" CC="670000030"/>
						<SP ID="P4_SP00438" HPOS="3235" VPOS="6025" WIDTH="52"/>
						<String ID="P4_ST00535" HPOS="3287" VPOS="5930" WIDTH="108" HEIGHT="72" CONTENT="du" WC="0.74" CC="05"/>
						<SP ID="P4_SP00439" HPOS="3395" VPOS="6025" WIDTH="53"/>
						<String ID="P4_ST00536" HPOS="3448" VPOS="5930" WIDTH="400" HEIGHT="96" CONTENT="syngende" WC="0.87" CC="00600200"/>
						<SP ID="P4_SP00440" HPOS="3848" VPOS="6026" WIDTH="54"/>
						<String ID="P4_ST00537" HPOS="3902" VPOS="5930" WIDTH="157" HEIGHT="74" CONTENT="dad" WC="0.67" CC="090"/>
					</TextLine>
					<TextLine ID="P4_TL00099" HPOS="2735" VPOS="6045" WIDTH="1255" HEIGHT="95">
						<String ID="P4_ST00538" HPOS="2735" VPOS="6045" WIDTH="428" HEIGHT="93" CONTENT="Nyamvösi" WC="0.77" CC="50000803"/>
						<SP ID="P4_SP00441" HPOS="3163" VPOS="6138" WIDTH="53"/>
						<String ID="P4_ST00539" HPOS="3216" VPOS="6047" WIDTH="281" HEIGHT="93" CONTENT="nyässa" WC="0.86" CC="007000"/>
						<SP ID="P4_SP00442" HPOS="3497" VPOS="6140" WIDTH="53"/>
						<String ID="P4_ST00540" HPOS="3550" VPOS="6047" WIDTH="440" HEIGHT="71" CONTENT="usikumuli" WC="0.77" CC="002630060"/>
					</TextLine>
					<TextLine ID="P4_TL00100" HPOS="2737" VPOS="6158" WIDTH="1510" HEIGHT="97">
						<String ID="P4_ST00541" HPOS="2737" VPOS="6162" WIDTH="401" HEIGHT="91" CONTENT="masüriga" WC="0.80" CC="00065400"/>
						<SP ID="P4_SP00443" HPOS="3138" VPOS="6253" WIDTH="53"/>
						<String ID="P4_ST00542" HPOS="3191" VPOS="6163" WIDTH="243" HEIGHT="92" CONTENT="sängu" WC="0.86" CC="07000"/>
						<SP ID="P4_SP00444" HPOS="3434" VPOS="6255" WIDTH="58"/>
						<String ID="P4_ST00543" HPOS="3492" VPOS="6160" WIDTH="157" HEIGHT="74" CONTENT="don" WC="1.00" CC="000"/>
						<SP ID="P4_SP00445" HPOS="3649" VPOS="6255" WIDTH="55"/>
						<String ID="P4_ST00544" HPOS="3704" VPOS="6162" WIDTH="210" HEIGHT="71" CONTENT="bäbu" WC="0.82" CC="0700"/>
						<SP ID="P4_SP00446" HPOS="3914" VPOS="6255" WIDTH="54"/>
						<String ID="P4_ST00545" HPOS="3968" VPOS="6158" WIDTH="279" HEIGHT="73" CONTENT="dumki" WC="0.55" CC="04566"/>
					</TextLine>
					<TextLine ID="P4_TL00101" HPOS="2738" VPOS="6275" WIDTH="906" HEIGHT="75">
						<String ID="P4_ST00546" HPOS="2738" VPOS="6287" WIDTH="143" HEIGHT="61" CONTENT="sön" WC="0.80" CC="050"/>
						<SP ID="P4_SP00447" HPOS="2881" VPOS="6348" WIDTH="56"/>
						<String ID="P4_ST00547" HPOS="2937" VPOS="6275" WIDTH="172" HEIGHT="75" CONTENT="säni" WC="0.65" CC="0706"/>
						<SP ID="P4_SP00448" HPOS="3109" VPOS="6350" WIDTH="53"/>
						<String ID="P4_ST00548" HPOS="3162" VPOS="6275" WIDTH="482" HEIGHT="73" CONTENT="sansaninku" WC="0.86" CC="2050004000"/>
					</TextLine>
					<TextLine ID="P4_TL00102" HPOS="2738" VPOS="6389" WIDTH="110" HEIGHT="74">
						<String ID="P4_ST00549" HPOS="2738" VPOS="6389" WIDTH="110" HEIGHT="74" CONTENT="du" WC="0.60" CC="07"/>
					</TextLine>
					<TextLine ID="P4_TL00103" HPOS="2740" VPOS="6502" WIDTH="1944" HEIGHT="97">
						<String ID="P4_ST00550" HPOS="2740" VPOS="6505" WIDTH="313" HEIGHT="73" CONTENT="blinker" WC="0.98" CC="0705035"/>
						<SP ID="P4_SP00449" HPOS="3053" VPOS="6578" WIDTH="75"/>
						<String ID="P4_ST00551" HPOS="3128" VPOS="6502" WIDTH="159" HEIGHT="75" CONTENT="ded" WC="0.75" CC="070"/>
						<SP ID="P4_SP00450" HPOS="3287" VPOS="6578" WIDTH="75"/>
						<String ID="P4_ST00552" HPOS="3362" VPOS="6505" WIDTH="25" HEIGHT="73" CONTENT="i" WC="1.00" CC="0"/>
						<SP ID="P4_SP00451" HPOS="3387" VPOS="6578" WIDTH="80"/>
						<String ID="P4_ST00553" HPOS="3467" VPOS="6502" WIDTH="530" HEIGHT="93" CONTENT="morgenväde" WC="0.46" CC="8049075890"/>
						<SP ID="P4_SP00452" HPOS="3997" VPOS="6595" WIDTH="76"/>
						<String ID="P4_ST00554" HPOS="4073" VPOS="6504" WIDTH="611" HEIGHT="95" CONTENT="tiu-liu-liu-lej!" WC="0.61" CC="7532636460216030"/>
					</TextLine>
				</TextBlock>
			</PrintSpace>
		</Page>
	</Layout>
</alto>
