2481 3987
1337 312 0 0 16

226 387 66 51 Ce
325 402 99 52 que
467 402 124 36 vous
645 388 265 60 entendez,
969 391 203 52 vient-il
1211 394 61 50 de
1306 392 157 54 vous?
1498 409 65 34 ou
1610 392 62 51 de
1723 391 164 52 forces
1943 394 306 67 spirituelles

230 470 288 68 répandues
547 471 127 51 dans
711 471 138 52 l'air?

363 555 38 49 Il
440 562 75 45 est
538 557 24 49 à
584 573 190 52 propos
801 557 64 51 ici
889 559 61 50 de
976 576 297 55 remarquer
1310 564 289 50 l'influence
1630 562 69 51 du
1727 562 274 51 sentiment
2032 580 85 34 sur
2142 565 86 51 l'in-

226 639 266 68 telligence
522 641 87 67 qui
656 646 75 46 est
751 641 119 52 telle
909 644 121 53 chez
1073 649 218 51 certains
1329 650 151 67 qu'on
1526 648 230 68 pourrait
1787 648 141 50 créer
1955 664 97 34 une
2091 649 159 52 classe

227 725 217 69 spéciale
466 726 401 69 d'intelligences
896 730 398 55 sentimentales.
1346 734 131 51 C'est
1502 734 123 51 celle
1648 734 88 51 des
1761 734 211 51 femmes
2002 733 87 68 qui
2123 738 104 48 n'es-

224 810 182 51 timent
439 828 64 33 un
534 811 206 51 homme
767 813 111 67 qu'à
906 818 303 66 proportion
1235 819 64 51 de
1328 819 48 49 la
1402 820 284 68 sympathie
1714 818 207 70 qu'elles
1949 819 297 67 éprouvent.

362 895 39 48 Il
430 910 60 35 va
534 910 116 36 sans
678 913 52 33 se
768 896 108 53 dire
917 917 97 49 que
1051 902 254 67 plusieurs
1332 904 176 51 modes
1553 904 372 65 d'intelligence
1958 903 293 52 cohabitent

226 979 273 52 ensemble.
528 980 130 51 C'est
691 982 130 50 ainsi
843 1001 99 50 que
967 984 46 52 le
1032 985 103 52 bon
1176 1003 115 36 sens
1326 994 74 45 est
1432 989 126 51 dans
1587 994 116 46 tous
1728 989 73 52 les
1830 989 231 52 hommes
2091 1006 12 34 :
2132 993 122 48 c'est

226 1062 109 50 leur
383 1078 202 53 propre.
621 1065 92 51 Les
754 1065 140 54 bêtes
934 1074 89 46 ont
1069 1069 361 70 l'intelligence
1463 1073 214 67 passive,
1728 1074 165 51 moins
1928 1073 274 52 l'intuition
2237 1092 12 43 ;

224 1145 73 52 les
334 1147 232 52 hommes
597 1154 88 46 ont
711 1149 46 52 le
782 1150 98 53 bon
909 1169 116 35 sens
1059 1171 65 34 ou
1985 1161 273 59 jugement.
1459 1158 68 48 La
1559 1157 183 51 faculté
1774 1159 61 49 de
1863 1159 148 66 juger
2049 1164 176 63 sponta-

226 1233 207 50 nément
462 1233 46 51 le
533 1234 107 51 vrai
673 1236 65 49 du
772 1236 117 50 faux
915 1239 159 50 même
1110 1242 119 48 chez
1254 1257 68 33 un
1350 1241 191 61 enfant,
1582 1241 253 52 l'horreur
1867 1242 67 51 du
1973 1260 280 52 mensonge

226 1322 76 46 est
339 1317 500 70 incompréhensible
875 1327 48 44 et
961 1324 249 50 vraiment
1247 1324 185 52 divine.
1461 1326 66 49 Le
1566 1326 147 67 génie
1741 1326 278 68 s'explique
2065 1345 91 49 par
2198 1346 56 33 ce

227 1402 207 52 miracle
464 1418 12 35 :
524 1410 295 45 rencontres
861 1406 63 51 de
978 1407 212 69 l'esprit,
1242 1408 138 52 force
1418 1410 262 67 répandue
1727 1410 126 52 dans
1896 1411 260 58 l'univers,
2207 1420 48 44 et

227 1487 323 66 expressions
585 1488 329 52 divinatoires
955 1491 125 51 dans
1131 1491 135 52 leurs
1315 1510 329 51 apparences.
1687 1495 67 50 Le
1775 1495 262 68 jugement
2081 1501 75 47 est
2187 1514 66 33 un

227 1571 207 52 miracle
476 1573 258 51 continuel
771 1575 370 68 puisqu'aueun
1182 1577 307 70 philosophe
1540 1581 78 48 n'a
1667 1597 67 50 pu
1787 1580 301 70 l'expliquer
2164 1600 91 50 par

224 1655 281 54 l'habitude
532 1662 48 46 et
612 1658 340 54 l'association
997 1661 90 51 des
1130 1661 156 52 idées.
1343 1664 130 50 C'est
1503 1664 46 50 le
1596 1665 224 67 premier
1864 1666 150 51 mode
2056 1666 175 52 d'intel-

226 1738 197 68 ligence
467 1742 159 51 active
658 1747 48 47 et
730 1745 348 51 concomitant
1106 1763 119 35 avec
1244 1747 74 50 les
1345 1752 188 46 autres.

365 1826 92 50 Les
484 1826 350 70 intelligences
861 1830 185 51 actives
1074 1848 52 33 se
1154 1831 217 51 divisent
1398 1849 61 33 en
1487 1835 272 49 abstraites
1787 1839 48 45 et
1855 1836 274 50 concrètes.
2162 1836 94 51 Les

228 1925 126 34 unes
390 1911 345 67 rapprochent
768 1912 72 51 les
875 1914 139 51 idées
1041 1931 119 35 sans
1187 1933 60 33 en
1282 1916 187 51 référer
1497 1933 98 34 aux
1623 1918 204 50 réalités
1854 1918 94 63 (les
1974 1919 247 52 mathéma-

226 1994 224 64 ticiens);
480 1996 72 51 les
576 2001 169 47 autres
764 1998 61 67 (le
847 1999 252 61 médecin,
1122 2000 264 69 l'ouvrier)
1411 2019 62 34 ne
1496 2003 199 67 parlent
1714 2019 99 51 que
1836 2004 197 67 d'après
2056 2010 195 47 nature.

364 2080 164 51 Parmi
556 2080 70 51 les
665 2081 287 64 abstraites,
994 2084 34 49 il
1049 2103 30 49 y
1106 2100 28 35 a
1160 2085 73 51 les
1265 2089 325 62 analytiques
1618 2088 86 67 qui
1733 2098 122 40 vont
1882 2089 67 49 du
1976 2089 188 52 dehors
2193 2108 61 33 au

227 2161 216 63 dedans,
473 2168 49 45 et
546 2164 71 52 les
642 2169 348 62 synthétiques
1016 2169 86 67 qui
1124 2170 256 50 résument
1399 2177 372 45 constamment
1801 2177 48 45 et
1861 2172 111 52 font
2005 2174 88 51 des
2109 2174 118 52 théo-

227 2248 118 51 ries.
377 2248 91 51 Les
495 2248 348 70 intelligences
870 2252 269 52 abstraites
1167 2259 117 46 sont
1317 2260 213 46 souvent
1557 2255 176 52 faibles
1764 2272 11 33 :
1823 2257 124 52 elles
1980 2259 280 67 emploient

226 2330 75 52 les
349 2337 133 47 mots
509 2349 117 36 sans
651 2335 142 51 avoir
818 2337 48 49 la
892 2337 185 52 faculté
1105 2339 61 50 de
1197 2356 52 33 se
1285 2344 232 64 reporter
1538 2342 28 48 à
1599 2357 99 34 une
1737 2343 409 66 représentation
2189 2346 69 49 du

228 2417 162 66 signe.
421 2415 92 54 Ces
541 2418 348 70 intelligences
932 2422 296 68 s'opposent
1265 2439 100 36 non
1403 2424 282 51 seulement
1710 2442 98 34 aux
1830 2429 260 50 concrètes
2131 2429 127 51 mais

228 2517 184 36 encore
449 2519 98 34 aux
583 2507 381 63 Imaginatives.
994 2507 230 52 Celles-ci
1251 2516 214 61 pensent
1491 2526 92 52 par
1607 2511 211 68 images.
1849 2512 132 51 Elles
2004 2513 256 52 décrivent

230 2586 229 67 toujours
505 2593 48 45 et
595 2606 64 33 ne
693 2591 320 50 s'entendent
1049 2593 53 50 ni
1139 2596 29 47 à
1210 2593 448 52 l'administration
1704 2596 88 50 des
1831 2596 250 63 hommes,
2107 2598 52 50 ni
2195 2615 63 34 au

230 2671 306 52 mécanisme
562 2673 88 52 des
696 2674 198 63 choses,
920 2676 116 52 bien
1065 2678 210 68 qu'elles
1315 2680 136 50 aient
1484 2680 46 50 le
1557 2682 123 65 goût
1704 2681 69 49 du
1801 2681 153 51 détail
1982 2702 8 31 :
2021 2683 47 51 le
2107 2683 152 52 détail

228 2753 74 51 les
320 2756 181 51 arrête.

365 2841 92 49 Les
485 2842 183 66 esprits
701 2843 237 52 abstraits
971 2848 297 65 s'opposent
1294 2864 184 34 encore
1510 2865 99 34 aux
1633 2850 221 50 verbaux
1875 2851 88 66 qui
1995 2857 115 46 sont
2143 2856 90 48 tou-

223 2921 144 67 jours
390 2940 96 33 aux
508 2926 160 66 prises
692 2942 119 36 avec
838 2928 70 51 les
928 2930 254 51 vocables.
1210 2932 103 50 Une
1336 2932 147 50 dame
1507 2932 257 52 d'ailleurs
1787 2934 119 50 bien
1930 2935 163 52 douée
2119 2937 113 68 répé-

227 3007 91 51 tait
340 3024 119 34 avec
482 3010 176 67 plaisir
680 3029 98 51 que
798 3030 91 33 son
914 3030 159 34 neveu
1097 3015 121 51 était
1251 3038 17 24 «
1290 3016 230 52 ministre
1536 3017 508 69 plénipotentiaire».
2068 3021 105 52 Elle
2197 3040 62 34 ne

228 3092 313 51 connaissait
589 3111 91 51 pas
706 3096 47 50 la
774 3096 343 69 signification
1141 3099 60 50 de
1247 3116 54 35 ce
1337 3101 116 51 titre
1503 3102 129 51 mais
1674 3102 35 50 il
1750 3102 72 51 lui
1854 3104 222 68 plaisait.
2122 3108 138 50 Cette

228 3176 164 51 même
412 3176 148 52 dame
584 3180 118 49 était
727 3182 230 63 toujours
972 3184 318 68 préoccupée
1312 3201 91 51 par
1421 3185 87 52 des
1535 3188 264 67 questions
1826 3188 397 72 d'orthographe
2245 3209 10 33 :

228 3276 99 35 une
381 3260 134 52 faute
537 3261 400 73 d'orthographe
975 3266 126 52 mise
1129 3268 127 52 dans
1279 3284 97 36 une
1413 3269 145 52 lettre
1597 3270 71 51 lui
1691 3271 234 54 semblait
1955 3292 100 34 une
2098 3275 164 66 injure

231 3360 170 52 grave.

370 3431 70 52 De
476 3448 55 37 ce
556 3431 90 52 fait
665 3450 99 52 que
785 3434 73 53 les
877 3436 352 70 intelligences
1252 3439 74 52 les
1348 3439 115 69 plus
1488 3442 277 67 profondes
1795 3449 117 47 sont
1936 3445 324 69 productives

228 3516 188 54 d'idées
454 3518 280 68 générales,
774 3520 33 52 il
856 3522 203 66 rejaillit
1096 3541 99 35 une
1220 3525 196 66 grande
1440 3527 380 53 considération
1858 3546 89 35 sur
1983 3530 73 51 les
2084 3530 160 52 intelli
2258 3561 5 8 -
