2481 3987
918 403 678 111 POÈME

259 740 270 56 Sommeil
541 741 20 55 !
584 744 161 53 soleil
765 743 22 53 !
793 744 204 72 prends
1025 747 74 53 les
1117 749 318 70 persiennes
1451 749 21 55 l

245 877 75 54 Le
346 879 146 71 tapis
518 896 167 55 rouge
712 880 170 53 éteint
909 882 75 54 les
997 901 109 51 pas

252 1012 82 55 Tu
351 1031 153 53 peux
529 1014 206 54 dormir
748 1017 226 71 jusqu'à
1000 1036 55 37 ce
1082 1020 157 69 qu'ils
1266 1021 258 54 viennent

245 1149 73 52 Le
346 1157 206 63 canapé
577 1150 67 54 de
670 1150 55 54 la
746 1153 275 68 princesse
1045 1155 164 53 étend
1226 1173 100 36 son
1351 1157 212 54 velours
1588 1159 273 54 incarnat.

249 1282 257 56 Giramor
529 1286 83 55 dit
628 1304 17 37 :
680 1308 33 30 a
739 1288 118 53 J'ai
880 1308 73 35 vu
978 1296 152 46 votre
1163 1290 147 55 doux
1483 1294 251 53 madame
1755 1293 20 54 !
1803 1315 29 31 »

857 1425 81 52 Où
969 1425 136 53 donc
1131 1425 21 53 !

350 1567 90 55 La
459 1569 155 53 chair
637 1587 65 36 en
716 1572 145 70 fleur
895 1571 65 53 de
1795 1572 66 53 Cu
1282 1572 21 55 !

238 1704 60 52 Il
317 1722 56 35 se
407 1705 207 54 roulait
636 1724 96 35 sur
772 1717 152 44 votre
948 1708 186 57 malle.

236 1839 58 53 Il
321 1840 155 55 avait
517 1841 275 73 baudrier,
828 1844 181 53 c'était
1039 1863 104 35 une
1169 1846 292 70 guirlande

223 1975 167 69 point
416 1976 165 67 d'arc,
609 1976 127 53 l'air
759 1978 131 70 naïf
906 1986 55 44 et
986 1981 201 53 mutin.

230 2110 140 55 Puis
397 2110 74 68 là,
494 2130 95 35 sur
621 2112 48 53 le
900 2113 467 69 dossier,
942 2119 33 50 à
992 2122 196 65 portée
1214 2117 65 52 de
1306 2117 55 54 la
1388 2119 152 54 main

228 2245 45 53 il
296 2245 299 74 s'allongea
623 2265 202 36 comme
849 2267 106 35 une
975 2250 278 70 offrande.

231 2382 263 55 Pendant
520 2401 101 54 que
645 2403 133 36 vous
793 2385 221 72 parliez

230 2517 47 52 il
297 2518 264 54 admirait
590 2528 154 45 votre
768 2521 211 53 sourire
998 2521 228 72 perlier.

230 2653 128 53 Je!
368 2654 57 53 ai
449 2673 71 36 vu
546 2657 95 69 qui
654 2657 190 69 jouait
871 2676 128 34 avec
1026 2676 93 35 vos
1148 2660 241 54 cheveux
1414 2663 152 53 noirs

228 2791 74 54 Le
317 2791 194 70 prince
543 2792 115 54 dit:
691 2814 31 32 «
872 2792 527 68 Moi,
904 2795 65 69 je
1005 2794 47 54 le
1079 2796 108 52 sais
1212 2796 139 55 dans
1378 2798 54 53 la
1460 2801 210 52 maison

241 2926 140 53 Vous
404 2945 133 35 avez
562 2928 136 54 donc
724 2928 74 54 les
821 2946 151 53 yeux
998 2930 62 52 de
1091 2930 208 71 l'esprit
1315 2951 148 51 pour
1491 2935 47 52 le
1567 2936 137 53 voir.

235 3062 251 71 Cupidon
510 3064 224 70 nuptial
754 3072 80 46 est
871 3076 156 42 notre
1069 3082 337 56 compagnon

231 3198 181 54 tandis
458 3217 100 53 que
602 3199 48 53 le
696 3201 195 52 Bottin
924 3204 252 70 professe

228 3335 47 52 le
307 3334 212 54 divorce
546 3335 65 53 de
640 3354 95 35 nos
765 3336 240 55 altesses.
1044 3360 28 28 »

1767 3572 139 51 MAX
1925 3573 202 51 JACOB
