<?xml version="1.0" encoding="UTF-8"?>
<alto xmlns:xsi="http://www.w3.org/2001/XMLSchema-instance" xmlns="http://www.loc.gov/standards/alto/ns-v2#" xsi:schemaLocation="http://www.loc.gov/standards/alto/ns-v2# http://www.loc.gov/standards/alto/alto-v2.0.xsd" xmlns:xlink="http://www.w3.org/1999/xlink">
	<Description>
		<MeasurementUnit>mm10</MeasurementUnit>
		<sourceImageInformation>
			<fileName>//fileserver7/IN2-2/Princeton/bmtnaaw/1917/06_01/00027.tif</fileName>
		</sourceImageInformation>
		<OCRProcessing ID="OCRPROCESSING_1">
			<preProcessingStep>
				<processingSoftware>
					<softwareCreator>CCS Content Conversion Specialists GmbH, Germany</softwareCreator>
					<softwareName>CCS docWorks</softwareName>
					<softwareVersion>6.7-1.24</softwareVersion>
				</processingSoftware>
			</preProcessingStep>
			<ocrProcessingStep>
				<processingSoftware>
					<softwareCreator>ABBYY (BIT Software), Russia</softwareCreator>
					<softwareName>FineReader</softwareName>
					<softwareVersion>10.0</softwareVersion>
				</processingSoftware>
			</ocrProcessingStep>
		</OCRProcessing>
	</Description>
	<Styles>
		<TextStyle ID="TXT_0" FONTSIZE="20" FONTFAMILY="Arial"/>
		<TextStyle ID="TXT_1" FONTSIZE="18" FONTFAMILY="Times New Roman" FONTSTYLE="italics"/>
		<ParagraphStyle ID="PAR_CENTER" ALIGN="Center"/>
		<ParagraphStyle ID="PAR_LEFT" ALIGN="Left"/>
		<ParagraphStyle ID="PAR_RIGHT" ALIGN="Right"/>
	</Styles>
	<Layout>
		<Page ID="P27" PHYSICAL_IMG_NR="27" HEIGHT="3987" WIDTH="2481" PC="0.930">
			<TopMargin ID="P27_TM00001" HPOS="0" VPOS="0" WIDTH="2481" HEIGHT="384"/>
			<LeftMargin ID="P27_LM00001" HPOS="0" VPOS="384" WIDTH="222" HEIGHT="3234"/>
			<RightMargin ID="P27_RM00001" HPOS="2240" VPOS="384" WIDTH="241" HEIGHT="3234"/>
			<BottomMargin ID="P27_BM00001" HPOS="0" VPOS="3618" WIDTH="2481" HEIGHT="369"/>
			<PrintSpace ID="P27_PS00001" HPOS="222" VPOS="384" WIDTH="2018" HEIGHT="3234">
				<TextBlock ID="P27_TB00001" HPOS="422" VPOS="384" WIDTH="1636" HEIGHT="71" STYLEREFS="TXT_0 PAR_CENTER">
					<TextLine ID="P27_TL00001" HPOS="422" VPOS="384" WIDTH="1635" HEIGHT="71">
						<String ID="P27_ST00001" HPOS="422" VPOS="394" WIDTH="83" HEIGHT="59" CONTENT="LA" WC="0.41" CC="47"/>
						<SP ID="P27_SP00001" HPOS="505" VPOS="453" WIDTH="41"/>
						<String ID="P27_ST00002" HPOS="546" VPOS="394" WIDTH="282" HEIGHT="61" CONTENT="GRANDE" WC="0.97" CC="316566"/>
						<SP ID="P27_SP00002" HPOS="828" VPOS="455" WIDTH="45"/>
						<String ID="P27_ST00003" HPOS="873" VPOS="392" WIDTH="442" HEIGHT="61" CONTENT="COMPLAINTE" WC="0.99" CC="5306073604"/>
						<SP ID="P27_SP00003" HPOS="1315" VPOS="455" WIDTH="38"/>
						<String ID="P27_ST00004" HPOS="1353" VPOS="394" WIDTH="84" HEIGHT="59" CONTENT="DE" WC="0.57" CC="43"/>
						<SP ID="P27_SP00004" HPOS="1437" VPOS="455" WIDTH="49"/>
						<String ID="P27_ST00005" HPOS="1486" VPOS="394" WIDTH="144" HEIGHT="59" CONTENT="MON" WC="0.96" CC="046"/>
						<SP ID="P27_SP00005" HPOS="1630" VPOS="455" WIDTH="51"/>
						<String ID="P27_ST00006" HPOS="1681" VPOS="384" WIDTH="376" HEIGHT="71" CONTENT="OBSCURITÉ" WC="0.98" CC="040485075"/>
						<SP ID="P27_SP00006" HPOS="2057" VPOS="455" WIDTH="0"/>
					</TextLine>
				</TextBlock>
				<TextBlock ID="P27_TB00002" HPOS="222" VPOS="561" WIDTH="2018" HEIGHT="2913" STYLEREFS="TXT_1 PAR_LEFT">
					<TextLine ID="P27_TL00002" HPOS="226" VPOS="561" WIDTH="901" HEIGHT="62">
						<String ID="P27_ST00007" HPOS="226" VPOS="562" WIDTH="216" HEIGHT="61" CONTENT="regarde" WC="0.99" CC="0616004"/>
						<SP ID="P27_SP00007" HPOS="442" VPOS="623" WIDTH="25"/>
						<String ID="P27_ST00008" HPOS="467" VPOS="578" WIDTH="103" HEIGHT="33" CONTENT="mes" WC="0.95" CC="651"/>
						<SP ID="P27_SP00008" HPOS="570" VPOS="623" WIDTH="19"/>
						<String ID="P27_ST00009" HPOS="589" VPOS="565" WIDTH="226" HEIGHT="47" CONTENT="cheveux" WC="0.97" CC="7362962"/>
						<SP ID="P27_SP00009" HPOS="815" VPOS="623" WIDTH="25"/>
						<String ID="P27_ST00010" HPOS="840" VPOS="568" WIDTH="87" HEIGHT="43" CONTENT="ont" WC="0.97" CC="007"/>
						<SP ID="P27_SP00010" HPOS="927" VPOS="623" WIDTH="21"/>
						<String ID="P27_ST00011" HPOS="948" VPOS="561" WIDTH="179" HEIGHT="62" CONTENT="poussé" WC="0.97" CC="851565"/>
					</TextLine>
					<TextLine ID="P27_TL00003" HPOS="223" VPOS="640" WIDTH="2017" HEIGHT="65">
						<String ID="P27_ST00012" HPOS="223" VPOS="641" WIDTH="70" HEIGHT="48" CONTENT="les" WC="0.96" CC="090"/>
						<SP ID="P27_SP00011" HPOS="293" VPOS="689" WIDTH="25"/>
						<String ID="P27_ST00013" HPOS="318" VPOS="648" WIDTH="213" HEIGHT="43" CONTENT="ressorts" WC="0.99" CC="06014050"/>
						<SP ID="P27_SP00012" HPOS="531" VPOS="691" WIDTH="20"/>
						<String ID="P27_ST00014" HPOS="551" VPOS="642" WIDTH="68" HEIGHT="49" CONTENT="du" WC="0.98" CC="00"/>
						<SP ID="P27_SP00013" HPOS="619" VPOS="691" WIDTH="19"/>
						<String ID="P27_ST00015" HPOS="638" VPOS="656" WIDTH="214" HEIGHT="35" CONTENT="cerveau" WC="0.97" CC="7902675"/>
						<SP ID="P27_SP00014" HPOS="852" VPOS="691" WIDTH="19"/>
						<String ID="P27_ST00016" HPOS="871" VPOS="646" WIDTH="114" HEIGHT="43" CONTENT="sont" WC="0.96" CC="0854"/>
						<SP ID="P27_SP00015" HPOS="985" VPOS="691" WIDTH="26"/>
						<String ID="P27_ST00017" HPOS="1011" VPOS="641" WIDTH="83" HEIGHT="47" CONTENT="des" WC="0.96" CC="090"/>
						<SP ID="P27_SP00016" HPOS="1094" VPOS="691" WIDTH="22"/>
						<String ID="P27_ST00018" HPOS="1116" VPOS="640" WIDTH="196" HEIGHT="48" CONTENT="lézards" WC="0.99" CC="0364020"/>
						<SP ID="P27_SP00017" HPOS="1312" VPOS="691" WIDTH="24"/>
						<String ID="P27_ST00019" HPOS="1336" VPOS="642" WIDTH="177" HEIGHT="60" CONTENT="jaunis" WC="0.98" CC="508601"/>
						<SP ID="P27_SP00018" HPOS="1513" VPOS="702" WIDTH="40"/>
						<String ID="P27_ST00020" HPOS="1553" VPOS="644" WIDTH="87" HEIGHT="61" CONTENT="qui" WC="0.96" CC="072"/>
						<SP ID="P27_SP00019" HPOS="1640" VPOS="705" WIDTH="32"/>
						<String ID="P27_ST00021" HPOS="1672" VPOS="658" WIDTH="51" HEIGHT="34" CONTENT="se" WC="0.72" CC="05"/>
						<SP ID="P27_SP00020" HPOS="1723" VPOS="705" WIDTH="33"/>
						<String ID="P27_ST00022" HPOS="1756" VPOS="642" WIDTH="262" HEIGHT="63" CONTENT="liquéfient" WC="0.99" CC="0006547884"/>
						<SP ID="P27_SP00021" HPOS="2018" VPOS="705" WIDTH="26"/>
						<String ID="P27_ST00023" HPOS="2044" VPOS="642" WIDTH="196" HEIGHT="61" CONTENT="parfois" WC="0.99" CC="4406030"/>
					</TextLine>
					<TextLine ID="P27_TL00004" HPOS="228" VPOS="720" WIDTH="253" HEIGHT="62">
						<String ID="P27_ST00024" HPOS="228" VPOS="720" WIDTH="45" HEIGHT="48" CONTENT="le" WC="1.00" CC="00"/>
						<SP ID="P27_SP00022" HPOS="273" VPOS="768" WIDTH="31"/>
						<String ID="P27_ST00025" HPOS="304" VPOS="721" WIDTH="177" HEIGHT="61" CONTENT="pendu" WC="0.98" CC="55002"/>
					</TextLine>
					<TextLine ID="P27_TL00005" HPOS="224" VPOS="802" WIDTH="141" HEIGHT="46">
						<String ID="P27_ST00026" HPOS="224" VPOS="802" WIDTH="141" HEIGHT="46" CONTENT="troué" WC="1.00" CC="10100"/>
					</TextLine>
					<TextLine ID="P27_TL00006" HPOS="226" VPOS="877" WIDTH="148" HEIGHT="50">
						<String ID="P27_ST00027" HPOS="226" VPOS="877" WIDTH="148" HEIGHT="50" CONTENT="arbre" WC="0.98" CC="40205"/>
					</TextLine>
					<TextLine ID="P27_TL00007" HPOS="226" VPOS="957" WIDTH="230" HEIGHT="50">
						<String ID="P27_ST00028" HPOS="226" VPOS="957" WIDTH="44" HEIGHT="49" CONTENT="le" WC="0.77" CC="04"/>
						<SP ID="P27_SP00023" HPOS="270" VPOS="1006" WIDTH="19"/>
						<String ID="P27_ST00029" HPOS="289" VPOS="957" WIDTH="167" HEIGHT="50" CONTENT="soldat" WC="0.99" CC="000076"/>
					</TextLine>
					<TextLine ID="P27_TL00008" HPOS="226" VPOS="1037" WIDTH="1765" HEIGHT="64">
						<String ID="P27_ST00030" HPOS="226" VPOS="1037" WIDTH="129" HEIGHT="50" CONTENT="dans" WC="1.00" CC="0001"/>
						<SP ID="P27_SP00024" HPOS="355" VPOS="1087" WIDTH="27"/>
						<String ID="P27_ST00031" HPOS="382" VPOS="1039" WIDTH="68" HEIGHT="47" CONTENT="les" WC="0.94" CC="374"/>
						<SP ID="P27_SP00025" HPOS="450" VPOS="1087" WIDTH="27"/>
						<String ID="P27_ST00032" HPOS="477" VPOS="1039" WIDTH="203" HEIGHT="62" CONTENT="régions" WC="0.99" CC="9300151"/>
						<SP ID="P27_SP00026" HPOS="680" VPOS="1101" WIDTH="30"/>
						<String ID="P27_ST00033" HPOS="710" VPOS="1037" WIDTH="237" HEIGHT="50" CONTENT="boueuses" WC="0.99" CC="04505010"/>
						<SP ID="P27_SP00027" HPOS="947" VPOS="1101" WIDTH="39"/>
						<String ID="P27_ST00034" HPOS="986" VPOS="1040" WIDTH="65" HEIGHT="47" CONTENT="où" WC="0.60" CC="08"/>
						<SP ID="P27_SP00028" HPOS="1051" VPOS="1101" WIDTH="21"/>
						<String ID="P27_ST00035" HPOS="1072" VPOS="1039" WIDTH="68" HEIGHT="48" CONTENT="les" WC="0.98" CC="060"/>
						<SP ID="P27_SP00029" HPOS="1140" VPOS="1101" WIDTH="38"/>
						<String ID="P27_ST00036" HPOS="1178" VPOS="1040" WIDTH="212" HEIGHT="48" CONTENT="oiseaux" WC="0.98" CC="3106406"/>
						<SP ID="P27_SP00030" HPOS="1390" VPOS="1101" WIDTH="36"/>
						<String ID="P27_ST00037" HPOS="1426" VPOS="1054" WIDTH="52" HEIGHT="34" CONTENT="se" WC="1.00" CC="00"/>
						<SP ID="P27_SP00031" HPOS="1478" VPOS="1101" WIDTH="29"/>
						<String ID="P27_ST00038" HPOS="1507" VPOS="1040" WIDTH="184" HEIGHT="48" CONTENT="collent" WC="0.98" CC="7000594"/>
						<SP ID="P27_SP00032" HPOS="1691" VPOS="1101" WIDTH="27"/>
						<String ID="P27_ST00039" HPOS="1718" VPOS="1054" WIDTH="61" HEIGHT="35" CONTENT="en" WC="0.63" CC="07"/>
						<SP ID="P27_SP00033" HPOS="1779" VPOS="1101" WIDTH="23"/>
						<String ID="P27_ST00040" HPOS="1802" VPOS="1040" WIDTH="189" HEIGHT="48" CONTENT="silence" WC="0.98" CC="5056060"/>
					</TextLine>
					<TextLine ID="P27_TL00009" HPOS="227" VPOS="1117" WIDTH="959" HEIGHT="64">
						<String ID="P27_ST00041" HPOS="227" VPOS="1117" WIDTH="257" HEIGHT="49" CONTENT="chevalier" WC="0.99" CC="305150060"/>
						<SP ID="P27_SP00034" HPOS="484" VPOS="1166" WIDTH="27"/>
						<String ID="P27_ST00042" HPOS="511" VPOS="1117" WIDTH="162" HEIGHT="49" CONTENT="astral" WC="0.99" CC="306200"/>
						<SP ID="P27_SP00035" HPOS="673" VPOS="1166" WIDTH="28"/>
						<String ID="P27_ST00043" HPOS="701" VPOS="1117" WIDTH="291" HEIGHT="63" CONTENT="tapisseries" WC="1.00" CC="10600020060"/>
						<SP ID="P27_SP00036" HPOS="992" VPOS="1180" WIDTH="20"/>
						<String ID="P27_ST00044" HPOS="1012" VPOS="1117" WIDTH="174" HEIGHT="64" CONTENT="fanées" WC="0.98" CC="360150"/>
					</TextLine>
					<TextLine ID="P27_TL00010" HPOS="227" VPOS="1196" WIDTH="1858" HEIGHT="64">
						<String ID="P27_ST00045" HPOS="227" VPOS="1197" WIDTH="145" HEIGHT="47" CONTENT="acide" WC="0.98" CC="04046"/>
						<SP ID="P27_SP00037" HPOS="372" VPOS="1244" WIDTH="38"/>
						<String ID="P27_ST00046" HPOS="410" VPOS="1199" WIDTH="89" HEIGHT="61" CONTENT="qui" WC="0.98" CC="050"/>
						<SP ID="P27_SP00038" HPOS="499" VPOS="1260" WIDTH="25"/>
						<String ID="P27_ST00047" HPOS="524" VPOS="1211" WIDTH="62" HEIGHT="35" CONTENT="ne" WC="0.89" CC="20"/>
						<SP ID="P27_SP00039" HPOS="586" VPOS="1260" WIDTH="41"/>
						<String ID="P27_ST00048" HPOS="627" VPOS="1196" WIDTH="141" HEIGHT="50" CONTENT="brûle" WC="0.98" CC="00605"/>
						<SP ID="P27_SP00040" HPOS="768" VPOS="1260" WIDTH="19"/>
						<String ID="P27_ST00049" HPOS="787" VPOS="1211" WIDTH="94" HEIGHT="49" CONTENT="pas" WC="0.96" CC="530"/>
						<SP ID="P27_SP00041" HPOS="881" VPOS="1260" WIDTH="24"/>
						<String ID="P27_ST00050" HPOS="905" VPOS="1196" WIDTH="31" HEIGHT="48" CONTENT="à" WC="0.29" CC="7"/>
						<SP ID="P27_SP00042" HPOS="936" VPOS="1260" WIDTH="24"/>
						<String ID="P27_ST00051" HPOS="960" VPOS="1197" WIDTH="51" HEIGHT="49" CONTENT="la" WC="1.00" CC="00"/>
						<SP ID="P27_SP00043" HPOS="1011" VPOS="1260" WIDTH="15"/>
						<String ID="P27_ST00052" HPOS="1026" VPOS="1197" WIDTH="232" HEIGHT="49" CONTENT="manière" WC="1.00" CC="3000004"/>
						<SP ID="P27_SP00044" HPOS="1258" VPOS="1260" WIDTH="27"/>
						<String ID="P27_ST00053" HPOS="1285" VPOS="1197" WIDTH="85" HEIGHT="49" CONTENT="des" WC="0.98" CC="060"/>
						<SP ID="P27_SP00045" HPOS="1370" VPOS="1260" WIDTH="15"/>
						<String ID="P27_ST00054" HPOS="1385" VPOS="1199" WIDTH="273" HEIGHT="61" CONTENT="panthères" WC="1.00" CC="000600001"/>
						<SP ID="P27_SP00046" HPOS="1658" VPOS="1260" WIDTH="27"/>
						<String ID="P27_ST00055" HPOS="1685" VPOS="1199" WIDTH="131" HEIGHT="48" CONTENT="dans" WC="0.99" CC="0004"/>
						<SP ID="P27_SP00047" HPOS="1816" VPOS="1260" WIDTH="24"/>
						<String ID="P27_ST00056" HPOS="1840" VPOS="1200" WIDTH="68" HEIGHT="47" CONTENT="les" WC="0.98" CC="012"/>
						<SP ID="P27_SP00048" HPOS="1908" VPOS="1260" WIDTH="28"/>
						<String ID="P27_ST00057" HPOS="1936" VPOS="1213" WIDTH="149" HEIGHT="47" CONTENT="cages" WC="0.99" CC="40050"/>
					</TextLine>
					<TextLine ID="P27_TL00011" HPOS="227" VPOS="1275" WIDTH="1544" HEIGHT="66">
						<String ID="P27_ST00058" HPOS="227" VPOS="1276" WIDTH="44" HEIGHT="47" CONTENT="le" WC="0.68" CC="06"/>
						<SP ID="P27_SP00049" HPOS="271" VPOS="1323" WIDTH="22"/>
						<String ID="P27_ST00059" HPOS="293" VPOS="1279" WIDTH="69" HEIGHT="53" CONTENT="jet" WC="0.94" CC="554"/>
						<SP ID="P27_SP00050" HPOS="362" VPOS="1332" WIDTH="35"/>
						<String ID="P27_ST00060" HPOS="397" VPOS="1275" WIDTH="147" HEIGHT="49" CONTENT="d'eau" WC="1.00" CC="02000"/>
						<SP ID="P27_SP00051" HPOS="544" VPOS="1332" WIDTH="23"/>
						<String ID="P27_ST00061" HPOS="567" VPOS="1275" WIDTH="262" HEIGHT="66" CONTENT="s'échappe" WC="0.99" CC="020606605"/>
						<SP ID="P27_SP00052" HPOS="829" VPOS="1341" WIDTH="20"/>
						<String ID="P27_ST00062" HPOS="849" VPOS="1285" WIDTH="47" HEIGHT="41" CONTENT="et" WC="0.42" CC="56"/>
						<SP ID="P27_SP00053" HPOS="896" VPOS="1341" WIDTH="22"/>
						<String ID="P27_ST00063" HPOS="918" VPOS="1284" WIDTH="167" HEIGHT="43" CONTENT="monte" WC="0.98" CC="15045"/>
						<SP ID="P27_SP00054" HPOS="1085" VPOS="1341" WIDTH="26"/>
						<String ID="P27_ST00064" HPOS="1111" VPOS="1293" WIDTH="112" HEIGHT="34" CONTENT="vers" WC="0.99" CC="0600"/>
						<SP ID="P27_SP00055" HPOS="1223" VPOS="1341" WIDTH="28"/>
						<String ID="P27_ST00065" HPOS="1251" VPOS="1279" WIDTH="68" HEIGHT="48" CONTENT="les" WC="0.97" CC="053"/>
						<SP ID="P27_SP00056" HPOS="1319" VPOS="1341" WIDTH="28"/>
						<String ID="P27_ST00066" HPOS="1347" VPOS="1284" WIDTH="169" HEIGHT="43" CONTENT="autres" WC="0.99" CC="025500"/>
						<SP ID="P27_SP00057" HPOS="1516" VPOS="1341" WIDTH="23"/>
						<String ID="P27_ST00067" HPOS="1539" VPOS="1279" WIDTH="232" HEIGHT="48" CONTENT="couleurs" WC="0.99" CC="67006000"/>
					</TextLine>
					<TextLine ID="P27_TL00012" HPOS="228" VPOS="1355" WIDTH="372" HEIGHT="49">
						<String ID="P27_ST00068" HPOS="228" VPOS="1355" WIDTH="372" HEIGHT="49" CONTENT="tremblements" WC="0.99" CC="306608536570"/>
					</TextLine>
					<TextLine ID="P27_TL00013" HPOS="226" VPOS="1435" WIDTH="1223" HEIGHT="62">
						<String ID="P27_ST00069" HPOS="226" VPOS="1436" WIDTH="296" HEIGHT="61" CONTENT="souffrance" WC="0.98" CC="9086607766"/>
						<SP ID="P27_SP00058" HPOS="522" VPOS="1497" WIDTH="20"/>
						<String ID="P27_ST00070" HPOS="542" VPOS="1449" WIDTH="86" HEIGHT="33" CONTENT="ma" WC="1.00" CC="00"/>
						<SP ID="P27_SP00059" HPOS="628" VPOS="1497" WIDTH="24"/>
						<String ID="P27_ST00071" HPOS="652" VPOS="1435" WIDTH="105" HEIGHT="61" CONTENT="fille" WC="0.98" CC="66004"/>
						<SP ID="P27_SP00060" HPOS="757" VPOS="1497" WIDTH="38"/>
						<String ID="P27_ST00072" HPOS="795" VPOS="1436" WIDTH="70" HEIGHT="47" CONTENT="du" WC="0.82" CC="03"/>
						<SP ID="P27_SP00061" HPOS="865" VPOS="1497" WIDTH="19"/>
						<String ID="P27_ST00073" HPOS="884" VPOS="1437" WIDTH="113" HEIGHT="47" CONTENT="rien" WC="0.99" CC="0004"/>
						<SP ID="P27_SP00062" HPOS="997" VPOS="1497" WIDTH="21"/>
						<String ID="P27_ST00074" HPOS="1018" VPOS="1436" WIDTH="112" HEIGHT="48" CONTENT="bleu" WC="0.98" CC="0061"/>
						<SP ID="P27_SP00063" HPOS="1130" VPOS="1497" WIDTH="25"/>
						<String ID="P27_ST00075" HPOS="1155" VPOS="1443" WIDTH="46" HEIGHT="43" CONTENT="et" WC="0.59" CC="34"/>
						<SP ID="P27_SP00064" HPOS="1201" VPOS="1497" WIDTH="27"/>
						<String ID="P27_ST00076" HPOS="1228" VPOS="1437" WIDTH="221" HEIGHT="49" CONTENT="lointain" WC="0.99" CC="02005005"/>
					</TextLine>
					<TextLine ID="P27_TL00014" HPOS="227" VPOS="1512" WIDTH="1229" HEIGHT="51">
						<String ID="P27_ST00077" HPOS="227" VPOS="1528" WIDTH="85" HEIGHT="33" CONTENT="ma" WC="1.00" CC="00"/>
						<SP ID="P27_SP00065" HPOS="312" VPOS="1561" WIDTH="38"/>
						<String ID="P27_ST00078" HPOS="350" VPOS="1512" WIDTH="93" HEIGHT="50" CONTENT="tête" WC="0.95" CC="4366"/>
						<SP ID="P27_SP00066" HPOS="443" VPOS="1562" WIDTH="25"/>
						<String ID="P27_ST00079" HPOS="468" VPOS="1519" WIDTH="73" HEIGHT="43" CONTENT="est" WC="0.98" CC="600"/>
						<SP ID="P27_SP00067" HPOS="541" VPOS="1562" WIDTH="19"/>
						<String ID="P27_ST00080" HPOS="560" VPOS="1514" WIDTH="115" HEIGHT="48" CONTENT="vide" WC="0.98" CC="6004"/>
						<SP ID="P27_SP00068" HPOS="675" VPOS="1562" WIDTH="27"/>
						<String ID="P27_ST00081" HPOS="702" VPOS="1528" WIDTH="190" HEIGHT="34" CONTENT="comme" WC="0.98" CC="50406"/>
						<SP ID="P27_SP00069" HPOS="892" VPOS="1562" WIDTH="21"/>
						<String ID="P27_ST00082" HPOS="913" VPOS="1529" WIDTH="99" HEIGHT="34" CONTENT="une" WC="0.98" CC="004"/>
						<SP ID="P27_SP00070" HPOS="1012" VPOS="1563" WIDTH="18"/>
						<String ID="P27_ST00083" HPOS="1030" VPOS="1516" WIDTH="223" HEIGHT="47" CONTENT="armoire" WC="0.99" CC="0095005"/>
						<SP ID="P27_SP00071" HPOS="1253" VPOS="1563" WIDTH="19"/>
						<String ID="P27_ST00084" HPOS="1272" VPOS="1514" WIDTH="184" HEIGHT="49" CONTENT="d'hôtel" WC="0.99" CC="0010260"/>
					</TextLine>
					<TextLine ID="P27_TL00015" HPOS="228" VPOS="1591" WIDTH="1847" HEIGHT="62">
						<String ID="P27_ST00085" HPOS="228" VPOS="1591" WIDTH="216" HEIGHT="48" CONTENT="dis-moi" WC="1.00" CC="0053000"/>
						<SP ID="P27_SP00072" HPOS="444" VPOS="1639" WIDTH="27"/>
						<String ID="P27_ST00086" HPOS="471" VPOS="1592" WIDTH="272" HEIGHT="47" CONTENT="lentement" WC="0.99" CC="000300507"/>
						<SP ID="P27_SP00073" HPOS="743" VPOS="1639" WIDTH="29"/>
						<String ID="P27_ST00087" HPOS="772" VPOS="1592" WIDTH="68" HEIGHT="47" CONTENT="les" WC="0.97" CC="070"/>
						<SP ID="P27_SP00074" HPOS="840" VPOS="1639" WIDTH="23"/>
						<String ID="P27_ST00088" HPOS="863" VPOS="1592" WIDTH="231" HEIGHT="61" CONTENT="poissons" WC="0.99" CC="50030060"/>
						<SP ID="P27_SP00075" HPOS="1094" VPOS="1653" WIDTH="23"/>
						<String ID="P27_ST00089" HPOS="1117" VPOS="1594" WIDTH="85" HEIGHT="48" CONTENT="des" WC="0.96" CC="541"/>
						<SP ID="P27_SP00076" HPOS="1202" VPOS="1653" WIDTH="36"/>
						<String ID="P27_ST00090" HPOS="1238" VPOS="1594" WIDTH="226" HEIGHT="48" CONTENT="humbles" WC="1.00" CC="0100060"/>
						<SP ID="P27_SP00077" HPOS="1464" VPOS="1653" WIDTH="24"/>
						<String ID="P27_ST00091" HPOS="1488" VPOS="1594" WIDTH="219" HEIGHT="48" CONTENT="tombent" WC="0.99" CC="4000184"/>
						<SP ID="P27_SP00078" HPOS="1707" VPOS="1653" WIDTH="25"/>
						<String ID="P27_ST00092" HPOS="1732" VPOS="1599" WIDTH="47" HEIGHT="44" CONTENT="et" WC="0.73" CC="05"/>
						<SP ID="P27_SP00079" HPOS="1779" VPOS="1653" WIDTH="23"/>
						<String ID="P27_ST00093" HPOS="1802" VPOS="1609" WIDTH="52" HEIGHT="33" CONTENT="se" WC="1.00" CC="00"/>
						<SP ID="P27_SP00080" HPOS="1854" VPOS="1653" WIDTH="20"/>
						<String ID="P27_ST00094" HPOS="1874" VPOS="1600" WIDTH="201" HEIGHT="43" CONTENT="cassent" WC="0.98" CC="5400586"/>
					</TextLine>
					<TextLine ID="P27_TL00016" HPOS="228" VPOS="1670" WIDTH="640" HEIGHT="62">
						<String ID="P27_ST00095" HPOS="228" VPOS="1670" WIDTH="173" HEIGHT="62" CONTENT="quand" WC="0.98" CC="08700"/>
						<SP ID="P27_SP00081" HPOS="401" VPOS="1732" WIDTH="24"/>
						<String ID="P27_ST00096" HPOS="425" VPOS="1675" WIDTH="220" HEIGHT="43" CONTENT="veux-tu" WC="0.98" CC="8563202"/>
						<SP ID="P27_SP00082" HPOS="645" VPOS="1732" WIDTH="19"/>
						<String ID="P27_ST00097" HPOS="664" VPOS="1671" WIDTH="166" HEIGHT="61" CONTENT="partir" WC="0.98" CC="666600"/>
						<SP ID="P27_SP00083" HPOS="830" VPOS="1732" WIDTH="15"/>
						<String ID="P27_ST00098" HPOS="845" VPOS="1671" WIDTH="23" HEIGHT="46" CONTENT="?" WC="0.50" CC="4"/>
					</TextLine>
					<TextLine ID="P27_TL00017" HPOS="230" VPOS="1749" WIDTH="218" HEIGHT="48">
						<String ID="P27_ST00099" HPOS="230" VPOS="1749" WIDTH="44" HEIGHT="48" CONTENT="le" WC="0.64" CC="06"/>
						<SP ID="P27_SP00084" HPOS="274" VPOS="1797" WIDTH="36"/>
						<String ID="P27_ST00100" HPOS="310" VPOS="1749" WIDTH="138" HEIGHT="48" CONTENT="sable" WC="1.00" CC="00000"/>
					</TextLine>
					<TextLine ID="P27_TL00018" HPOS="226" VPOS="1835" WIDTH="288" HEIGHT="56">
						<String ID="P27_ST00101" HPOS="226" VPOS="1835" WIDTH="288" HEIGHT="56" CONTENT="passe-port" WC="0.98" CC="9634609502"/>
					</TextLine>
					<TextLine ID="P27_TL00019" HPOS="230" VPOS="1907" WIDTH="137" HEIGHT="49">
						<String ID="P27_ST00102" HPOS="230" VPOS="1907" WIDTH="137" HEIGHT="49" CONTENT="désir" WC="1.00" CC="00000"/>
					</TextLine>
					<TextLine ID="P27_TL00020" HPOS="230" VPOS="1989" WIDTH="1008" HEIGHT="63">
						<String ID="P27_ST00103" HPOS="230" VPOS="1992" WIDTH="45" HEIGHT="44" CONTENT="et" WC="0.41" CC="56"/>
						<SP ID="P27_SP00085" HPOS="275" VPOS="2036" WIDTH="28"/>
						<String ID="P27_ST00104" HPOS="303" VPOS="1989" WIDTH="43" HEIGHT="47" CONTENT="le" WC="0.92" CC="10"/>
						<SP ID="P27_SP00086" HPOS="346" VPOS="2036" WIDTH="21"/>
						<String ID="P27_ST00105" HPOS="367" VPOS="1994" WIDTH="125" HEIGHT="56" CONTENT="pont" WC="0.98" CC="0007"/>
						<SP ID="P27_SP00087" HPOS="492" VPOS="2050" WIDTH="26"/>
						<String ID="P27_ST00106" HPOS="518" VPOS="2003" WIDTH="202" HEIGHT="49" CONTENT="rompre" WC="0.99" CC="100006"/>
						<SP ID="P27_SP00088" HPOS="720" VPOS="2052" WIDTH="20"/>
						<String ID="P27_ST00107" HPOS="740" VPOS="1989" WIDTH="31" HEIGHT="48" CONTENT="à" WC="0.45" CC="5"/>
						<SP ID="P27_SP00089" HPOS="771" VPOS="2052" WIDTH="19"/>
						<String ID="P27_ST00108" HPOS="790" VPOS="1990" WIDTH="151" HEIGHT="47" CONTENT="tierce" WC="0.98" CC="005477"/>
						<SP ID="P27_SP00090" HPOS="941" VPOS="2052" WIDTH="17"/>
						<String ID="P27_ST00109" HPOS="958" VPOS="1990" WIDTH="280" HEIGHT="48" CONTENT="résistance" WC="0.99" CC="0100450646"/>
					</TextLine>
					<TextLine ID="P27_TL00021" HPOS="228" VPOS="2064" WIDTH="209" HEIGHT="64">
						<String ID="P27_ST00110" HPOS="228" VPOS="2064" WIDTH="209" HEIGHT="64" CONTENT="l'espace" WC="0.98" CC="13207166"/>
					</TextLine>
					<TextLine ID="P27_TL00022" HPOS="223" VPOS="2145" WIDTH="238" HEIGHT="62">
						<String ID="P27_ST00111" HPOS="223" VPOS="2145" WIDTH="238" HEIGHT="62" CONTENT="policiers" WC="1.00" CC="000060600"/>
					</TextLine>
					<TextLine ID="P27_TL00023" HPOS="228" VPOS="2224" WIDTH="299" HEIGHT="62">
						<String ID="P27_ST00112" HPOS="228" VPOS="2224" WIDTH="299" HEIGHT="62" CONTENT="l'empereur" WC="0.99" CC="0050460330"/>
					</TextLine>
					<TextLine ID="P27_TL00024" HPOS="230" VPOS="2304" WIDTH="146" HEIGHT="48">
						<String ID="P27_ST00113" HPOS="230" VPOS="2304" WIDTH="146" HEIGHT="48" CONTENT="lourd" WC="0.99" CC="00405"/>
					</TextLine>
					<TextLine ID="P27_TL00025" HPOS="230" VPOS="2382" WIDTH="138" HEIGHT="49">
						<String ID="P27_ST00114" HPOS="230" VPOS="2382" WIDTH="138" HEIGHT="49" CONTENT="sable" WC="0.99" CC="10005"/>
					</TextLine>
					<TextLine ID="P27_TL00026" HPOS="230" VPOS="2462" WIDTH="1366" HEIGHT="64">
						<String ID="P27_ST00115" HPOS="230" VPOS="2464" WIDTH="115" HEIGHT="61" CONTENT="quel" WC="0.99" CC="0110"/>
						<SP ID="P27_SP00091" HPOS="345" VPOS="2525" WIDTH="23"/>
						<String ID="P27_ST00116" HPOS="368" VPOS="2462" WIDTH="194" HEIGHT="49" CONTENT="meuble" WC="0.99" CC="035006"/>
						<SP ID="P27_SP00092" HPOS="562" VPOS="2525" WIDTH="21"/>
						<String ID="P27_ST00117" HPOS="583" VPOS="2464" WIDTH="162" HEIGHT="62" CONTENT="quelle" WC="0.99" CC="000007"/>
						<SP ID="P27_SP00093" HPOS="745" VPOS="2526" WIDTH="22"/>
						<String ID="P27_ST00118" HPOS="767" VPOS="2464" WIDTH="162" HEIGHT="62" CONTENT="lampe" WC="0.99" CC="00007"/>
						<SP ID="P27_SP00094" HPOS="929" VPOS="2526" WIDTH="24"/>
						<String ID="P27_ST00119" HPOS="953" VPOS="2464" WIDTH="235" HEIGHT="48" CONTENT="inventer" WC="0.98" CC="04050359"/>
						<SP ID="P27_SP00095" HPOS="1188" VPOS="2526" WIDTH="18"/>
						<String ID="P27_ST00120" HPOS="1206" VPOS="2478" WIDTH="128" HEIGHT="47" CONTENT="pour" WC="0.97" CC="6060"/>
						<SP ID="P27_SP00096" HPOS="1334" VPOS="2526" WIDTH="26"/>
						<String ID="P27_ST00121" HPOS="1360" VPOS="2469" WIDTH="87" HEIGHT="43" CONTENT="ton" WC="0.95" CC="750"/>
						<SP ID="P27_SP00097" HPOS="1447" VPOS="2526" WIDTH="39"/>
						<String ID="P27_ST00122" HPOS="1486" VPOS="2462" WIDTH="110" HEIGHT="49" CONTENT="âme" WC="0.95" CC="706"/>
					</TextLine>
					<TextLine ID="P27_TL00027" HPOS="228" VPOS="2541" WIDTH="681" HEIGHT="64">
						<String ID="P27_ST00123" HPOS="228" VPOS="2541" WIDTH="275" HEIGHT="62" CONTENT="septembre" WC="0.99" CC="040260006"/>
						<SP ID="P27_SP00098" HPOS="503" VPOS="2603" WIDTH="25"/>
						<String ID="P27_ST00124" HPOS="528" VPOS="2541" WIDTH="60" HEIGHT="48" CONTENT="de" WC="1.00" CC="00"/>
						<SP ID="P27_SP00099" HPOS="588" VPOS="2603" WIDTH="23"/>
						<String ID="P27_ST00125" HPOS="611" VPOS="2542" WIDTH="182" HEIGHT="61" CONTENT="papier" WC="0.97" CC="909090"/>
						<SP ID="P27_SP00100" HPOS="793" VPOS="2603" WIDTH="23"/>
						<String ID="P27_ST00126" HPOS="816" VPOS="2556" WIDTH="93" HEIGHT="49" CONTENT="gaz" WC="0.97" CC="007"/>
					</TextLine>
					<TextLine ID="P27_TL00028" HPOS="228" VPOS="2620" WIDTH="503" HEIGHT="62">
						<String ID="P27_ST00127" HPOS="228" VPOS="2620" WIDTH="129" HEIGHT="48" CONTENT="dans" WC="0.99" CC="0103"/>
						<SP ID="P27_SP00101" HPOS="357" VPOS="2668" WIDTH="22"/>
						<String ID="P27_ST00128" HPOS="379" VPOS="2620" WIDTH="352" HEIGHT="62" CONTENT="l'imprimerie" WC="1.00" CC="000740006006"/>
					</TextLine>
					<TextLine ID="P27_TL00029" HPOS="223" VPOS="2697" WIDTH="1400" HEIGHT="66">
						<String ID="P27_ST00129" HPOS="223" VPOS="2702" WIDTH="50" HEIGHT="60" CONTENT="je" WC="0.46" CC="46"/>
						<SP ID="P27_SP00102" HPOS="273" VPOS="2762" WIDTH="17"/>
						<String ID="P27_ST00130" HPOS="290" VPOS="2697" WIDTH="169" HEIGHT="52" CONTENT="t'aime" WC="0.99" CC="500011"/>
						<SP ID="P27_SP00103" HPOS="459" VPOS="2762" WIDTH="23"/>
						<String ID="P27_ST00131" HPOS="482" VPOS="2700" WIDTH="69" HEIGHT="48" CONTENT="les" WC="0.98" CC="060"/>
						<SP ID="P27_SP00104" HPOS="551" VPOS="2762" WIDTH="26"/>
						<String ID="P27_ST00132" HPOS="577" VPOS="2700" WIDTH="191" HEIGHT="48" CONTENT="citrons" WC="0.99" CC="0039000"/>
						<SP ID="P27_SP00105" HPOS="768" VPOS="2762" WIDTH="28"/>
						<String ID="P27_ST00133" HPOS="796" VPOS="2700" WIDTH="89" HEIGHT="63" CONTENT="qui" WC="0.98" CC="005"/>
						<SP ID="P27_SP00106" HPOS="885" VPOS="2763" WIDTH="19"/>
						<String ID="P27_ST00134" HPOS="904" VPOS="2701" WIDTH="223" HEIGHT="62" CONTENT="gonflent" WC="1.00" CC="00000600"/>
						<SP ID="P27_SP00107" HPOS="1127" VPOS="2763" WIDTH="18"/>
						<String ID="P27_ST00135" HPOS="1145" VPOS="2714" WIDTH="90" HEIGHT="34" CONTENT="sur" WC="0.97" CC="180"/>
						<SP ID="P27_SP00108" HPOS="1235" VPOS="2763" WIDTH="27"/>
						<String ID="P27_ST00136" HPOS="1262" VPOS="2700" WIDTH="50" HEIGHT="47" CONTENT="la" WC="1.00" CC="00"/>
						<SP ID="P27_SP00109" HPOS="1312" VPOS="2763" WIDTH="25"/>
						<String ID="P27_ST00137" HPOS="1337" VPOS="2700" WIDTH="142" HEIGHT="62" CONTENT="glace" WC="0.98" CC="00066"/>
						<SP ID="P27_SP00110" HPOS="1479" VPOS="2763" WIDTH="17"/>
						<String ID="P27_ST00138" HPOS="1496" VPOS="2714" WIDTH="127" HEIGHT="34" CONTENT="nous" WC="0.98" CC="2504"/>
					</TextLine>
					<TextLine ID="P27_TL00030" HPOS="227" VPOS="2779" WIDTH="1321" HEIGHT="62">
						<String ID="P27_ST00139" HPOS="227" VPOS="2780" WIDTH="177" HEIGHT="61" CONTENT="sépare" WC="0.99" CC="030405"/>
						<SP ID="P27_SP00111" HPOS="404" VPOS="2841" WIDTH="21"/>
						<String ID="P27_ST00140" HPOS="425" VPOS="2793" WIDTH="85" HEIGHT="34" CONTENT="ma" WC="1.00" CC="00"/>
						<SP ID="P27_SP00112" HPOS="510" VPOS="2841" WIDTH="18"/>
						<String ID="P27_ST00141" HPOS="528" VPOS="2779" WIDTH="138" HEIGHT="48" CONTENT="mère" WC="0.99" CC="0006"/>
						<SP ID="P27_SP00113" HPOS="666" VPOS="2841" WIDTH="18"/>
						<String ID="P27_ST00142" HPOS="684" VPOS="2794" WIDTH="104" HEIGHT="34" CONTENT="mes" WC="0.98" CC="060"/>
						<SP ID="P27_SP00114" HPOS="788" VPOS="2841" WIDTH="28"/>
						<String ID="P27_ST00143" HPOS="816" VPOS="2780" WIDTH="169" HEIGHT="48" CONTENT="veines" WC="0.98" CC="161600"/>
						<SP ID="P27_SP00115" HPOS="985" VPOS="2841" WIDTH="22"/>
						<String ID="P27_ST00144" HPOS="1007" VPOS="2780" WIDTH="45" HEIGHT="47" CONTENT="le" WC="0.65" CC="07"/>
						<SP ID="P27_SP00116" HPOS="1052" VPOS="2841" WIDTH="26"/>
						<String ID="P27_ST00145" HPOS="1078" VPOS="2779" WIDTH="115" HEIGHT="62" CONTENT="long" WC="1.00" CC="0000"/>
						<SP ID="P27_SP00117" HPOS="1193" VPOS="2841" WIDTH="23"/>
						<String ID="P27_ST00146" HPOS="1216" VPOS="2779" WIDTH="69" HEIGHT="47" CONTENT="du" WC="1.00" CC="00"/>
						<SP ID="P27_SP00118" HPOS="1285" VPOS="2841" WIDTH="23"/>
						<String ID="P27_ST00147" HPOS="1308" VPOS="2779" WIDTH="240" HEIGHT="62" CONTENT="seigneur" WC="1.00" CC="04002030"/>
					</TextLine>
					<TextLine ID="P27_TL00031" HPOS="228" VPOS="2859" WIDTH="256" HEIGHT="48">
						<String ID="P27_ST00148" HPOS="228" VPOS="2874" WIDTH="85" HEIGHT="33" CONTENT="ma" WC="1.00" CC="00"/>
						<SP ID="P27_SP00119" HPOS="313" VPOS="2907" WIDTH="35"/>
						<String ID="P27_ST00149" HPOS="348" VPOS="2859" WIDTH="136" HEIGHT="48" CONTENT="mère" WC="0.98" CC="0006"/>
					</TextLine>
					<TextLine ID="P27_TL00032" HPOS="227" VPOS="2937" WIDTH="1760" HEIGHT="64">
						<String ID="P27_ST00150" HPOS="227" VPOS="2953" WIDTH="85" HEIGHT="34" CONTENT="ma" WC="0.69" CC="06"/>
						<SP ID="P27_SP00120" HPOS="312" VPOS="2987" WIDTH="34"/>
						<String ID="P27_ST00151" HPOS="346" VPOS="2939" WIDTH="136" HEIGHT="48" CONTENT="mère" WC="0.97" CC="7005"/>
						<SP ID="P27_SP00121" HPOS="482" VPOS="2987" WIDTH="24"/>
						<String ID="P27_ST00152" HPOS="506" VPOS="2954" WIDTH="87" HEIGHT="34" CONTENT="ma" WC="0.69" CC="60"/>
						<SP ID="P27_SP00122" HPOS="593" VPOS="2988" WIDTH="26"/>
						<String ID="P27_ST00153" HPOS="619" VPOS="2940" WIDTH="136" HEIGHT="48" CONTENT="mère" WC="0.97" CC="0507"/>
						<SP ID="P27_SP00123" HPOS="755" VPOS="2988" WIDTH="21"/>
						<String ID="P27_ST00154" HPOS="776" VPOS="2945" WIDTH="52" HEIGHT="43" CONTENT="tu" WC="0.63" CC="07"/>
						<SP ID="P27_SP00124" HPOS="828" VPOS="2988" WIDTH="29"/>
						<String ID="P27_ST00155" HPOS="857" VPOS="2939" WIDTH="199" HEIGHT="49" CONTENT="attends" WC="1.00" CC="0000400"/>
						<SP ID="P27_SP00125" HPOS="1056" VPOS="2988" WIDTH="18"/>
						<String ID="P27_ST00156" HPOS="1074" VPOS="2939" WIDTH="128" HEIGHT="48" CONTENT="dans" WC="0.98" CC="0070"/>
						<SP ID="P27_SP00126" HPOS="1202" VPOS="2988" WIDTH="21"/>
						<String ID="P27_ST00157" HPOS="1223" VPOS="2937" WIDTH="49" HEIGHT="49" CONTENT="la" WC="0.73" CC="05"/>
						<SP ID="P27_SP00127" HPOS="1272" VPOS="2988" WIDTH="19"/>
						<String ID="P27_ST00158" HPOS="1291" VPOS="2937" WIDTH="145" HEIGHT="64" CONTENT="neige" WC="0.99" CC="04005"/>
						<SP ID="P27_SP00128" HPOS="1436" VPOS="3001" WIDTH="29"/>
						<String ID="P27_ST00159" HPOS="1465" VPOS="2939" WIDTH="225" HEIGHT="48" CONTENT="amassée" WC="1.00" CC="2004000"/>
						<SP ID="P27_SP00129" HPOS="1690" VPOS="3001" WIDTH="25"/>
						<String ID="P27_ST00160" HPOS="1715" VPOS="2939" WIDTH="272" HEIGHT="50" CONTENT="électricité" WC="0.99" CC="00454005010"/>
					</TextLine>
					<TextLine ID="P27_TL00033" HPOS="226" VPOS="3016" WIDTH="245" HEIGHT="61">
						<String ID="P27_ST00161" HPOS="226" VPOS="3016" WIDTH="245" HEIGHT="61" CONTENT="fabuleux" WC="0.99" CC="30030465"/>
					</TextLine>
					<TextLine ID="P27_TL00034" HPOS="227" VPOS="3096" WIDTH="345" HEIGHT="62">
						<String ID="P27_ST00162" HPOS="227" VPOS="3096" WIDTH="50" HEIGHT="48" CONTENT="la" WC="1.00" CC="00"/>
						<SP ID="P27_SP00130" HPOS="277" VPOS="3144" WIDTH="25"/>
						<String ID="P27_ST00163" HPOS="302" VPOS="3097" WIDTH="270" HEIGHT="61" CONTENT="discipline" WC="0.99" CC="1004090006"/>
					</TextLine>
					<TextLine ID="P27_TL00035" HPOS="227" VPOS="3176" WIDTH="1459" HEIGHT="65">
						<String ID="P27_ST00164" HPOS="227" VPOS="3176" WIDTH="69" HEIGHT="48" CONTENT="les" WC="1.00" CC="000"/>
						<SP ID="P27_SP00131" HPOS="296" VPOS="3224" WIDTH="27"/>
						<String ID="P27_ST00165" HPOS="323" VPOS="3176" WIDTH="200" HEIGHT="61" CONTENT="feuilles" WC="0.99" CC="06240044"/>
						<SP ID="P27_SP00132" HPOS="523" VPOS="3237" WIDTH="16"/>
						<String ID="P27_ST00166" HPOS="539" VPOS="3191" WIDTH="54" HEIGHT="35" CONTENT="se" WC="0.19" CC="96"/>
						<SP ID="P27_SP00133" HPOS="593" VPOS="3237" WIDTH="19"/>
						<String ID="P27_ST00167" HPOS="612" VPOS="3182" WIDTH="246" HEIGHT="59" CONTENT="groupent" WC="0.99" CC="00000460"/>
						<SP ID="P27_SP00134" HPOS="858" VPOS="3241" WIDTH="20"/>
						<String ID="P27_ST00168" HPOS="878" VPOS="3193" WIDTH="61" HEIGHT="34" CONTENT="en" WC="0.66" CC="32"/>
						<SP ID="P27_SP00135" HPOS="939" VPOS="3241" WIDTH="26"/>
						<String ID="P27_ST00169" HPOS="965" VPOS="3180" WIDTH="369" HEIGHT="48" CONTENT="constructions" WC="1.00" CC="6020200700000"/>
						<SP ID="P27_SP00136" HPOS="1334" VPOS="3241" WIDTH="23"/>
						<String ID="P27_ST00170" HPOS="1357" VPOS="3179" WIDTH="181" HEIGHT="49" CONTENT="d'ailes" WC="1.00" CC="0030003"/>
						<SP ID="P27_SP00137" HPOS="1538" VPOS="3241" WIDTH="21"/>
						<String ID="P27_ST00171" HPOS="1559" VPOS="3194" WIDTH="127" HEIGHT="35" CONTENT="nous" WC="0.97" CC="0506"/>
					</TextLine>
					<TextLine ID="P27_TL00036" HPOS="428" VPOS="3257" WIDTH="1167" HEIGHT="61">
						<String ID="P27_ST00172" HPOS="428" VPOS="3257" WIDTH="386" HEIGHT="61" CONTENT="tranquillisent" WC="1.00" CC="44400500600202"/>
						<SP ID="P27_SP00138" HPOS="814" VPOS="3318" WIDTH="23"/>
						<String ID="P27_ST00173" HPOS="837" VPOS="3273" WIDTH="90" HEIGHT="34" CONTENT="sur" WC="0.98" CC="050"/>
						<SP ID="P27_SP00139" HPOS="927" VPOS="3318" WIDTH="18"/>
						<String ID="P27_ST00174" HPOS="945" VPOS="3273" WIDTH="100" HEIGHT="34" CONTENT="une" WC="0.97" CC="016"/>
						<SP ID="P27_SP00140" HPOS="1045" VPOS="3318" WIDTH="19"/>
						<String ID="P27_ST00175" HPOS="1064" VPOS="3259" WIDTH="67" HEIGHT="48" CONTENT="île" WC="1.00" CC="000"/>
						<SP ID="P27_SP00141" HPOS="1131" VPOS="3318" WIDTH="21"/>
						<String ID="P27_ST00176" HPOS="1152" VPOS="3264" WIDTH="47" HEIGHT="44" CONTENT="et" WC="0.70" CC="05"/>
						<SP ID="P27_SP00142" HPOS="1199" VPOS="3318" WIDTH="17"/>
						<String ID="P27_ST00177" HPOS="1216" VPOS="3264" WIDTH="168" HEIGHT="45" CONTENT="monte" WC="0.99" CC="03040"/>
						<SP ID="P27_SP00143" HPOS="1384" VPOS="3318" WIDTH="20"/>
						<String ID="P27_ST00178" HPOS="1404" VPOS="3274" WIDTH="191" HEIGHT="34" CONTENT="comme" WC="0.98" CC="50704"/>
					</TextLine>
					<TextLine ID="P27_TL00037" HPOS="428" VPOS="3335" WIDTH="593" HEIGHT="66">
						<String ID="P27_ST00179" HPOS="428" VPOS="3335" WIDTH="185" HEIGHT="49" CONTENT="l'ordre" WC="0.99" CC="0053204"/>
						<SP ID="P27_SP00144" HPOS="613" VPOS="3384" WIDTH="23"/>
						<String ID="P27_ST00180" HPOS="636" VPOS="3336" WIDTH="85" HEIGHT="50" CONTENT="des" WC="0.99" CC="020"/>
						<SP ID="P27_SP00145" HPOS="721" VPOS="3386" WIDTH="20"/>
						<String ID="P27_ST00181" HPOS="741" VPOS="3337" WIDTH="280" HEIGHT="64" CONTENT="archanges" WC="0.99" CC="006400060"/>
					</TextLine>
					<TextLine ID="P27_TL00038" HPOS="223" VPOS="3412" WIDTH="261" HEIGHT="62">
						<String ID="P27_ST00182" HPOS="223" VPOS="3414" WIDTH="85" HEIGHT="60" CONTENT="feu" WC="0.96" CC="073"/>
						<SP ID="P27_SP00146" HPOS="308" VPOS="3474" WIDTH="27"/>
						<String ID="P27_ST00183" HPOS="335" VPOS="3412" WIDTH="149" HEIGHT="50" CONTENT="blanc" WC="0.99" CC="40005"/>
					</TextLine>
				</TextBlock>
				<TextBlock ID="P27_TB00003" HPOS="1593" VPOS="3564" WIDTH="501" HEIGHT="54" STYLEREFS="TXT_1 PAR_RIGHT">
					<TextLine ID="P27_TL00039" HPOS="1594" VPOS="3564" WIDTH="500" HEIGHT="53">
						<String ID="P27_ST00184" HPOS="1594" VPOS="3564" WIDTH="268" HEIGHT="53" CONTENT="TRISTAN" WC="1.00" CC="1300000"/>
						<SP ID="P27_SP00147" HPOS="1862" VPOS="3617" WIDTH="37"/>
						<String ID="P27_ST00185" HPOS="1899" VPOS="3566" WIDTH="195" HEIGHT="51" CONTENT="TZARA" WC="1.00" CC="00003"/>
					</TextLine>
				</TextBlock>
			</PrintSpace>
		</Page>
	</Layout>
</alto>
