2481 3987
1339 324 0 0 25

360 404 68 51 La
450 405 234 70 musique
700 408 164 65 jouait
889 407 45 49 le
955 404 247 51 Carnaval
1230 404 61 51 de
1320 404 314 51 Schumann.

357 484 73 51 Ne
464 485 242 66 devais-je
747 487 123 49 tirer
907 499 198 35 aucune
1137 483 353 68 conséquence
1523 484 62 51 de
1626 501 107 34 mes
1764 482 207 52 libertés
2016 480 232 69 acquises

225 562 127 52 dans
378 563 48 51 la
449 565 221 51 solitude
696 565 61 51 de
779 579 105 35 mes
910 562 303 52 réflexions?

360 645 117 61 Toc,
501 651 147 45 toc...
672 644 38 50 Il
732 643 258 51 accourait
1016 658 131 52 pour
1167 658 80 34 me
1272 642 129 61 voir,
1425 643 151 67 agité,
1611 647 226 56 content,
1874 640 200 51 furieux
2103 642 116 67 d'ap-

224 723 218 67 prendre
464 742 55 33 ce
538 741 97 51 que
644 725 50 64 je
709 722 184 61 savais,
917 723 310 49 m'accusant
1246 722 68 50 du
1327 722 136 49 désir
1480 723 62 49 de
1561 722 71 50 lui
1656 722 364 68 empoisonner
2040 720 47 51 la
2103 719 143 51 vie...

360 803 289 51 Toi-même
666 807 52 44 tu
757 800 126 51 m'as
910 799 180 52 soufflé
1113 811 74 40 tes
1211 799 332 52 incertitudes
1564 800 47 51 le
1628 800 312 51 lendemain.

360 884 70 48 Tu
469 882 124 50 étais
642 882 167 49 moins
844 880 283 51 convaincu
1167 880 63 51 de
1267 898 92 34 son
1404 880 101 50 mal
1547 896 10 34 :
1590 885 54 46 tu
1672 880 238 51 semblais
1943 880 209 68 ignorer
2171 894 79 36 ses

223 977 176 44 aveux,
431 977 79 34 ses
535 974 207 36 amours
764 974 119 36 avec
896 958 47 52 le
959 958 132 52 valet
1115 959 63 51 de
1193 976 91 34 son
1308 962 120 66 père
1451 966 48 46 et
1518 978 56 34 ce
1594 966 178 48 maître
1801 962 189 52 d'hôtel
2009 962 63 50 de
2093 963 157 49 Rome

221 1040 183 68 qu'elle
430 1039 194 69 croyait
648 1039 217 51 l'auteur
891 1038 62 52 de
974 1056 54 34 sa
1048 1039 239 52 maladie.

357 1120 71 50 Tu
456 1119 266 69 regrettais
748 1123 75 46 tes
850 1117 343 63 confidences,
1218 1119 282 54 t'accusant
1524 1120 409 53 d'indiscrétion.

355 1200 72 50 En
456 1214 79 36 me
563 1203 203 47 servant
792 1197 152 52 d'une
987 1197 319 69 longue-vue
1343 1199 62 51 de
1441 1204 275 64 montagne
1747 1199 49 67 je
1827 1199 155 51 suivis
2017 1198 48 51 la
2096 1200 155 64 jeune

220 1279 100 51 fille
347 1278 218 52 habillée
592 1296 61 33 en
680 1294 114 36 rose
818 1294 12 33 :
860 1278 102 51 très
991 1278 105 52 loin
1132 1279 63 50 de
1232 1279 49 51 la
1300 1284 219 47 terrasse
1551 1279 97 51 elle
1673 1279 249 51 attendait
1946 1278 300 69 quelqu'un.

355 1359 90 51 J'ai
487 1376 89 33 cru
623 1358 113 52 voir
784 1358 225 51 derrière
1053 1374 92 35 son
1190 1359 176 52 oreille
1404 1376 100 35 une
1542 1376 241 52 rougeur,
1825 1358 221 70 quelque
2096 1358 154 51 chose

220 1453 198 36 comme
445 1454 99 33 une
565 1437 133 68 plaie
724 1437 272 68 purulente
1020 1444 313 46 savamment
1348 1438 302 52 blanchie...

355 1517 91 49 J'ai
479 1532 187 51 aperçu
689 1531 120 34 mon
836 1515 132 51 frère
988 1515 88 68 qui
1103 1517 316 50 descendait.

353 1595 68 50 Le
444 1594 138 51 bruit
604 1593 63 51 de
685 1593 48 49 la
759 1594 124 51 vitre
910 1593 167 52 brisée
1098 1594 217 62 l'arrêta,
1344 1595 47 51 la
1416 1613 96 34 vue
1538 1597 63 49 de
1620 1612 82 33 ma
1739 1595 160 68 figure
1926 1599 236 47 couverte
2183 1594 63 50 de

220 1689 126 52 sang
364 1673 72 51 lui
459 1673 56 51 fit
538 1688 127 52 peur
687 1688 12 33 :
731 1672 120 49 d'un
880 1672 141 50 bond
1048 1672 37 49 il
1118 1679 250 46 remonta.

351 1754 93 50 Les
478 1752 160 50 valets
673 1750 265 51 couraient
985 1753 28 48 à
1040 1755 190 49 travers
1273 1753 46 49 le
1357 1769 122 52 parc
1505 1768 63 36 en
1595 1752 277 52 cherchant
1904 1752 46 50 le
1989 1752 252 57 médecin,

219 1838 110 47 tout
366 1830 177 52 l'hôtel
577 1830 196 69 croyait
808 1847 99 51 que
943 1829 48 51 la
1023 1830 155 68 jeune
1214 1838 248 46 comtesse
1504 1832 152 50 Marie
1702 1832 132 50 avait
1879 1830 127 51 failli
2051 1830 196 52 mourir

220 1912 180 50 s'étant
421 1909 246 53 évanouie
694 1910 26 50 à
743 1909 111 51 côté
875 1909 149 50 d'une
1049 1908 192 53 fenêtre
1263 1912 125 49 dont
1409 1910 47 51 la
1480 1909 127 53 vitre
1625 1927 63 34 en
1705 1926 52 35 se
1780 1909 196 52 brisant
1996 1908 71 51 lui
2083 1924 165 52 coupa

220 1992 48 50 le
292 1990 152 54 front.

357 2069 285 52 Toi-même
673 2074 54 46 tu
760 2086 56 34 as
854 2086 61 34 eu
935 2086 128 50 peur
1082 2070 28 50 à
1136 2086 78 34 me
1241 2069 112 51 voir
1386 2070 127 50 dans
1533 2073 79 47 cet
1631 2070 119 50 état.

357 2150 175 50 Bonne
571 2153 48 47 et
644 2148 164 52 douce
851 2148 50 67 je
939 2148 190 51 baisais
1155 2163 90 37 vos
1270 2149 167 51 mains
1463 2164 63 35 en
1559 2147 249 62 souriant,
1848 2147 130 52 mais
1999 2145 50 69 je
2088 2148 163 52 savais

225 2229 122 69 qu'il
372 2232 87 64 n'y
483 2246 29 33 a
536 2246 99 50 que
663 2228 132 51 deux
822 2228 375 67 interrupteurs
1222 2244 133 51 pour
1381 2227 264 52 obscurcir
1669 2232 141 45 toute
1832 2225 325 54 l'immensité
2183 2228 68 49 du

224 2308 165 67 grand
409 2307 212 52 couloir.

353 2388 69 51 Le
449 2387 120 58 soir,
607 2385 51 70 je
681 2385 241 69 braquais
945 2403 83 34 ma
1052 2387 254 67 lorgnette
1327 2403 87 34 sur
1430 2387 73 50 les
1521 2402 349 52 promeneurs.

356 2467 117 50 Mon
502 2465 131 51 frère
665 2467 27 48 à
719 2465 111 52 côté
856 2467 63 49 de
944 2465 48 51 la
1015 2465 252 61 baronne,
1296 2465 47 51 le
1363 2469 248 64 troupeau
1632 2465 63 50 de
1715 2464 180 69 jeunes
1917 2463 129 53 filles
2068 2465 180 52 s'étant

220 2545 248 69 dispersé,
499 2544 72 52 toi
604 2544 108 51 seul
737 2548 53 47 tu
830 2544 72 51 les
940 2544 410 69 accompagnais,
1381 2559 68 35 un
1476 2543 197 51 sourire
1700 2543 208 67 étrange
1942 2543 309 52 immobilisé

220 2641 88 35 sur
331 2629 52 46 ta
403 2623 178 68 figure.

356 2704 225 51 Soudain
625 2721 69 33 un
717 2708 139 63 geste
892 2703 325 67 mystérieux,
1255 2718 99 34 une
1381 2700 250 69 réplique,
1673 2717 67 33 un
1775 2703 203 60 accord,
2023 2702 225 68 brusque

219 2783 95 51 elle
336 2783 232 67 disparut
590 2798 119 36 sous
729 2783 47 51 le
795 2782 205 68 portail.

353 2863 73 49 En
451 2878 101 34 une
578 2862 239 61 seconde,
855 2862 47 50 la
922 2860 252 70 première
1200 2859 130 52 série
1352 2859 62 50 de
1439 2859 196 66 lampes
1655 2858 76 51 fut
1752 2859 250 51 éteinte...

358 2942 108 50 Une
493 2942 175 50 moitié
706 2942 68 50 du
807 2940 197 54 couloir
1029 2943 132 48 resta
1193 2938 174 61 claire,
1395 2938 180 49 l'autre
1611 2935 200 65 s'effaça
1837 2938 127 52 dans
2002 2938 74 52 les
2103 2939 116 52 ténè-

216 3020 135 51 bres.

356 3099 65 50 La
460 3098 126 52 robe
611 3099 64 51 de
701 3099 106 51 soie
837 3114 116 36 rose
973 3098 243 51 bruissait
1240 3097 137 50 lente
1405 3111 88 35 sur
1517 3094 45 51 le
1579 3095 129 68 tapis
1734 3112 11 34 :
1769 3095 96 52 elle
1903 3113 150 52 passa
2079 3099 28 48 à
2133 3098 111 51 côté

216 3179 62 50 de
300 3194 81 35 ma
400 3183 146 63 porte
571 3194 118 36 sans
710 3179 210 51 deviner
945 3194 121 36 mon
1089 3178 84 51 œil
1206 3177 96 50 fixe
1321 3179 48 48 et
1395 3175 159 51 ferme
1581 3191 197 36 comme
1797 3175 205 69 jamais,
2031 3177 208 69 jamais!

214 3258 35 51 il
270 3258 81 67 n'y
376 3258 135 51 avait
530 3274 65 35 au
615 3259 254 51 monde...

351 3337 105 50 Elle
502 3337 140 50 allait
679 3337 316 52 maintenant
1032 3337 102 50 très
1171 3335 115 52 vite,
1331 3333 318 63 s'enfonçant
1687 3334 67 51 du
1805 3335 112 52 côté
1964 3335 279 52 ténébreux

215 3418 69 49 du
304 3415 215 52 couloir.

348 3494 130 52 C'est
497 3495 136 52 alors
658 3497 151 68 qu'en
831 3497 259 68 éteignant
1108 3497 179 52 l'autre
1314 3494 130 52 série
1462 3493 64 52 de
1557 3492 215 69 lampes,
1814 3497 121 50 d'un
1957 3495 110 52 seul
2087 3511 151 53 coup,

211 3591 92 50 par
328 3573 241 63 derrière,
586 3574 46 62 je
659 3574 376 68 l'empoignais.
