2481 3987
1334 318 0 0 31

221 394 117 41 force
361 394 198 54 réaliste,
583 408 173 31 comme
784 397 39 40 le
843 399 168 53 peintre
1040 395 215 40 moderne
1278 397 204 53 s'inspire
1522 397 190 57 d'objets
1737 399 114 42 réels
1879 412 113 42 pour
2022 398 61 41 les
2115 399 111 40 méta-

219 474 265 53 morphoser
518 488 54 28 en
605 477 203 53 peinture
837 488 111 41 pure
971 488 102 27 sans
1099 478 212 50 pourtant
1333 475 157 54 perdre
1519 477 53 42 de
1603 493 85 27 vue
1718 481 41 38 la
1794 479 233 54 puissance
2053 477 53 41 de
2131 477 121 41 leurs

217 552 221 54 volumes,
467 553 55 42 de
552 554 122 41 leurs
712 554 226 50 matières,
974 552 56 42 de
1063 552 117 41 leurs
1211 554 202 41 couleurs
1442 561 43 36 et
1524 557 121 42 leurs
1681 558 191 41 ombres.

329 633 83 39 Car
438 633 119 41 seule
577 633 42 41 la
639 633 165 52 réalité,
828 634 145 39 même
999 632 105 40 bien
1125 637 279 49 recouverte,
1433 635 185 53 possède
1637 637 43 41 la
1703 640 129 38 vertu
1856 634 289 44 d'émouvoir.

338 713 58 39 Le
411 712 181 42 Chinois
614 715 84 39 tire
717 726 59 27 un
796 712 96 42 œuf
912 711 54 41 de
988 724 49 28 sa
1061 715 138 47 natte,
1234 711 41 41 le
1295 724 177 44 mange,
1500 715 40 41 le
1573 715 171 53 digère,
1767 715 41 41 le
1835 719 208 36 retrouve
2062 728 54 27 au
2144 714 106 41 bout

219 788 52 41 de
299 803 49 27 sa
369 790 200 54 sandale,
590 792 158 40 crache
772 791 41 40 le
840 790 89 52 feu,
959 803 47 27 se
1032 789 146 52 brûle,
1202 791 160 53 piétine
1390 806 114 41 pour
1529 794 198 43 éteindre
1756 795 64 40 les
1855 792 240 52 étincelles,
2124 797 126 38 etc...

331 871 64 39 La
425 872 134 51 petite
593 870 91 41 fille
722 873 152 37 monte
912 882 55 28 en
1006 882 173 40 course,
1214 884 46 27 se
1291 872 210 53 promène
1533 874 24 40 à
1588 874 248 54 bicyclette,
1865 872 171 54 trépide
2074 885 172 28 comme

216 948 239 51 l'imagerie
474 948 78 42 des
571 949 131 52 films,
720 950 121 40 imite
856 948 197 51 Chariot,
1072 948 156 42 chasse
1244 964 59 28 un
1326 950 130 56 (pick)
1472 952 158 54 pocket
1649 966 54 27 au
1722 952 220 49 revolver,
1968 951 129 52 boxe,
2112 950 136 42 danse

217 1040 59 27 un
314 1029 205 50 ragtime,
571 1027 212 53 s'endort,
831 1027 79 42 fait
949 1028 232 53 naufrage,
1216 1042 48 28 se
1310 1030 124 42 roule
1476 1043 75 30 sur
1588 1030 164 42 l'herbe
1795 1044 58 28 un
1889 1031 137 41 matin
2063 1029 184 53 d'Avril,

216 1105 137 56 prend
379 1119 60 27 un
461 1105 180 53 Kodak,
663 1111 120 36 etc.,.

341 1186 80 40 Les
449 1185 228 42 acrobates
702 1186 284 57 (avouerai-je
1007 1201 86 40 que
1111 1189 38 40 le
1176 1190 151 40 cheval
1346 1191 157 53 portait
1524 1203 57 27 un
1602 1203 211 38 manager
1840 1194 43 35 et
1914 1202 86 41 que
2025 1202 52 27 ce
2093 1201 125 28 mana-

217 1276 76 40 ger
322 1264 203 41 tombant
564 1265 55 41 de
656 1278 47 27 sa
735 1266 111 41 selle
874 1279 113 29 nous
1016 1267 42 40 le
1094 1269 325 53 supprimâmes
1453 1268 71 41 bel
1557 1273 44 36 et
1629 1269 102 40 bien
1775 1268 42 41 la
1861 1267 129 41 veille
2032 1267 58 41 du
2129 1280 97 40 spec-

217 1343 111 41 tacle
348 1343 52 53 ?),
445 1344 65 41 les
545 1343 231 44 acrobates
811 1345 175 54 benêts,
1029 1347 138 52 agiles
1216 1351 44 37 et
1294 1360 207 41 pauvres,
1540 1360 111 29 nous
1699 1360 137 28 avons
1875 1346 159 55 essayé
2087 1345 53 42 de
2185 1345 66 42 les

216 1422 161 40 revêtir
416 1421 54 42 de
515 1427 113 37 cette
670 1423 261 42 mélancolie
967 1423 57 42 du
1063 1428 166 51 cirque,
1274 1425 57 41 du
1363 1426 233 40 dimanche
1631 1427 102 51 soir,
1771 1425 54 41 de
1864 1425 41 41 la
1936 1426 194 41 Retraite
2176 1425 75 54 qui

217 1500 150 52 oblige
410 1501 61 41 les
515 1502 174 42 enfants
732 1504 25 40 à
806 1503 156 42 enfiler
996 1517 86 28 une
1118 1504 185 41 manche
1334 1504 55 41 de
1429 1504 239 55 pardessus
1700 1518 53 27 en
1793 1506 142 52 jetant
1973 1517 61 29 un
2074 1503 177 42 dernier

217 1579 161 51 regard
400 1592 102 28 vers
530 1580 42 40 la
597 1583 130 52 piste.

334 1658 275 42 L'orchestre
633 1659 55 41 de
715 1660 99 42 Eric
837 1661 118 41 Satie
975 1662 156 54 balaye
1152 1662 41 40 le
1228 1661 138 41 fondu
1388 1665 42 37 et
1463 1661 42 42 le
1533 1661 105 42 flou.
1669 1662 29 42 11
1725 1662 144 42 donne
1888 1667 125 38 toute
2039 1677 49 27 sa
2115 1665 135 51 grâce

218 1749 102 28 sans
371 1737 196 54 pédales.
609 1738 120 42 C'est
763 1752 57 28 un
858 1740 200 53 orphéon
1093 1740 164 51 chargé
1287 1739 54 41 de
1374 1742 188 39 science.
1594 1742 34 39 Il
1669 1743 179 40 ouvrira
1877 1755 87 28 une
2001 1749 125 47 porte
2164 1756 86 28 aux

212 1818 161 52 jeunes
391 1817 239 40 musiciens
658 1831 59 26 un
741 1831 84 40 peu
853 1818 191 52 fatigués
1067 1818 51 41 de
1138 1819 42 41 la
1199 1819 119 41 belle
1338 1820 269 54 polyphonie
1627 1822 391 52 impressionniste.
2041 1824 186 40 Ecoutez-

218 1895 39 40 le
283 1896 133 40 sortir
440 1894 132 42 d'une
592 1895 136 52 fugue
767 1900 45 38 et
837 1897 43 41 la
905 1897 222 54 rejoindre
1155 1912 105 27 avec
1287 1912 87 28 une
1405 1898 154 43 liberté
1585 1900 237 55 classique.
1858 1902 197 40 J'estime
2088 1915 85 41 que
2209 1902 41 40 la

218 1975 208 52 partition
448 1973 51 41 de
527 1989 20 23 «
572 1975 169 40 Parade
769 1991 20 22 »
811 1980 66 37 est
901 1989 62 28 un
984 1975 75 42 des
1085 1978 347 42 chefs-d'œuvre
1452 1978 53 41 de
1527 1978 42 41 la
1601 1980 206 53 musique
1827 1980 152 42 latine.

339 2052 80 41 J'ai
451 2054 224 52 composé,
723 2053 130 42 disait
878 2053 327 45 modestement
1242 2058 138 50 Satie,
1414 2071 60 27 un
1509 2057 102 42 fond
1639 2071 113 41 pour
1786 2060 189 40 certains
1994 2060 142 40 bruits
2162 2073 86 41 que

217 2132 39 39 le
295 2130 227 42 librettiste
552 2133 107 52 juge
695 2132 355 55 indispensables
1079 2135 24 40 à
1133 2137 195 52 préciser
1358 2135 315 56 l'atmosphère
1714 2137 53 40 de
1807 2151 71 27 ses
1922 2151 322 40 personnages.

219 2211 118 40 Satie
359 2210 207 52 exagère,
594 2213 112 39 mais
724 2212 63 40 les
807 2212 142 41 bruits
959 2215 197 51 jouaient
1176 2228 55 26 en
1253 2215 108 40 effet
1383 2228 59 28 un
1462 2215 139 52 grand
1627 2214 92 42 rôle
1738 2215 109 42 dans
1872 2216 205 41 «Parade
2096 2234 36 25 ».
2159 2219 88 41 Des

218 2287 235 42 difficultés
499 2290 272 41 matérielles
804 2290 304 55 (suppression
1151 2292 53 41 de
1239 2293 96 42 l'air
1360 2295 246 52 comprimé
1652 2299 123 36 entre
1813 2295 163 52 autres)
2020 2308 113 29 nous
2172 2300 76 38 ont

217 2368 147 52 privés
409 2367 55 41 de
498 2381 74 27 ces
605 2383 19 23 «
655 2368 383 54 trompe-l'oreille
1070 2385 39 35 »,
1145 2370 210 52 dynamo
1471 2371 213 55 appareil
1729 2372 126 42 Mors
1983 2375 181 42 sirènes

218 2459 187 40 express
524 2447 249 53 aéroplane
896 2461 86 40 que
1016 2448 276 55 j'employais
1323 2463 57 28 au
1413 2452 143 39 même
1588 2452 102 39 titre
1724 2465 84 41 que
1834 2452 64 41 les
1927 2454 317 54 trompe-l'œil,

212 2523 215 54 journal,
461 2525 235 54 corniche,
731 2526 118 52 faux
893 2526 113 51 bois,
1041 2527 107 41 dont
1187 2528 62 40 les
1283 2530 193 52 peintres
1506 2542 47 27 se
1586 2535 177 35 servent
1805 2544 110 40 pour
1948 2532 202 42 localiser
2183 2533 62 41 les

217 2603 387 52 transfigurations
630 2606 211 41 voisines.

331 2683 38 41 A
416 2684 127 51 peine
583 2683 297 54 pûmes-nous
933 2684 108 42 faire
1080 2685 216 42 entendre
1332 2687 65 40 les
1437 2687 223 40 machines
1709 2688 25 40 à
1766 2688 153 43 écrire.

334 2756 139 51 Voici,
502 2756 103 42 bien
627 2757 205 53 informe,
854 2757 41 40 le
915 2758 107 40 récit
1040 2758 249 53 superficiel
1313 2758 133 42 d'une
1472 2760 318 41 collaboration
1811 2761 327 44 désintéressée
2159 2779 86 39 que

219 2847 225 29 couronne
480 2836 42 40 le
562 2836 152 41 succès
748 2836 169 51 malgré
946 2836 41 40 la
1024 2835 144 43 colère
1195 2839 226 52 unanime,
1449 2843 92 36 tant
1568 2839 29 40 il
1632 2843 69 37 est
1722 2841 90 40 vrai
1851 2854 85 40 que
1969 2841 159 55 depuis
2165 2843 79 42 des

216 2912 154 42 siècles
397 2914 64 40 les
488 2914 283 53 générations
790 2929 46 27 se
861 2920 180 50 passent
1067 2929 59 27 un
1148 2914 220 44 flambeau
1395 2916 258 55 par-dessus
1680 2918 42 40 la
1747 2920 92 40 tête
1872 2919 58 42 du
1956 2921 150 53 public
2140 2935 102 28 sans

218 3005 84 39 que
336 3006 80 27 son
439 2994 158 40 souffle
618 2996 241 48 parvienne
886 2994 24 42 à
936 2994 240 42 l'éteindre.

1762 3055 111 41 JEAN
1901 3056 223 42 COCTEAU.

1959 3163 286 55 MUSIQUE

325 3238 148 40 Parmi
513 3238 66 41 les
627 3251 238 29 nouveaux
910 3240 241 41 musiciens
1201 3239 74 53 qui
1321 3250 113 28 nous
1479 3237 147 41 furent
1677 3239 171 41 révélés
1892 3254 73 28 ces
2016 3242 227 41 dernières

215 3317 240 48 semaines,
485 3318 142 40 citons
647 3322 94 36 tout
759 3317 409 54 particulièrement
1188 3320 56 38 M.
1277 3318 127 40 Soler
1425 3316 218 42 Casabon.

325 3396 90 40 Son
436 3395 238 55 Soliloque
700 3409 112 41 pour
826 3398 147 52 piano,
998 3397 145 40 donné
1164 3396 129 55 après
1320 3397 41 40 la
1381 3396 265 41 conférence
1668 3397 331 55 d'Apollinaire,
2019 3400 223 52 témoigne

214 3473 52 41 de
292 3473 112 41 dons
424 3475 354 54 remarquables.
811 3477 59 39 De
895 3476 212 53 l'audace,
1134 3477 108 39 delà
1265 3476 223 41 fraîcheur
1508 3475 173 52 malgré
1707 3477 40 39 la
1773 3478 172 40 science
1966 3478 272 54 indéniable,

211 3553 116 42 voilà
354 3567 48 28 ce
425 3555 74 53 qui
520 3567 115 29 nous
667 3555 78 40 fait
764 3555 177 55 espérer
963 3556 228 54 beaucoup
1210 3555 53 41 de
1283 3569 50 27 ce
1361 3556 215 41 musicien
1598 3556 74 52 qui
1698 3557 120 41 vient
1838 3557 53 41 de
1910 3558 156 41 naître.
