2481 3987
795 259 1032 114 SANGLOTS

755 511 152 49 Notre
933 517 179 38 amour
1136 506 72 46 est
1223 498 136 64 réglé
1373 510 99 49 par
1489 493 69 48 les
1580 488 184 51 calmes
1790 479 172 52 étoiles

758 623 67 52 Or
842 633 128 39 nous
990 630 183 37 savons
1197 614 153 63 qu'en
1374 623 126 37 nous
1517 607 252 56 beaucoup
1787 596 276 51 d'hommes
2077 588 252 64 respirent

752 736 96 59 Qui
874 734 205 50 vinrent
1093 729 60 50 de
1174 727 100 52 très
1300 726 104 49 loin
1422 731 46 42 et
1483 723 112 47 sont
1614 731 72 35 un
1703 727 115 37 sous
1840 722 91 37 nos
1952 706 161 61 fronts

313 863 126 51 C'est
466 863 49 47 la
536 858 224 49 chanson
780 850 86 48 des
881 846 207 51 rêveurs

313 976 97 58 Qui
433 971 232 53 s'étaient
691 960 213 54 arraché
1557 959 45 51 le
1002 972 137 35 cœur

313 1089 65 49 Et
527 1089 44 47 le
679 1081 186 67 portaient
866 1076 68 48 dans
938 1074 51 47 la
1012 1070 145 49 main
1185 1066 161 49 droite

752 1180 373 57 Souviens-t'en
1147 1179 119 48 cher
1286 1171 196 66 orgueil
1506 1170 60 47 de
1592 1173 108 44 tous
1727 1176 79 37 ces
1831 1156 267 55 souvenirs

755 1334 92 49 Des
866 1330 198 51 marins
1081 1325 90 63 qui
1195 1319 298 53 chantaient
1512 1325 190 39 comme
1722 1310 85 47 des
1834 1301 337 65 conquérants

758 1448 95 50 Des
880 1442 221 67 gouffres
1121 1439 60 47 de
1211 1433 153 52 Thulé
1384 1432 85 47 des
1497 1425 199 52 tendres
1719 1422 150 49 deux
1902 1413 216 64 d'Ophir

758 1561 95 48 Des
870 1554 227 53 malades
1117 1549 225 52 maudits
1360 1545 60 48 de
1445 1554 128 38 ceux
1594 1537 88 64 qui
1695 1533 173 69 fuient
1888 1531 115 47 leur
2023 1523 170 52 ombre

759 1673 65 49 Et
1392 1672 70 48 du
942 1673 175 46 retour
1139 1667 188 59 joyeux
1345 1658 85 48 des
1456 1655 229 48 heureux

317 1795 71 48 De
414 1808 52 34 ce
485 1805 137 36 cœur
645 1789 42 48 il
711 1785 189 52 coulait
932 1782 71 48 du
1026 1791 128 50 sang

325 1907 66 50 Et
411 1908 45 47 le
473 1905 182 50 rêveur
673 1900 148 50 allait
840 1898 224 63 pensant

320 2018 39 51 A
385 2034 58 35 sa
470 2018 219 49 blessure
720 2012 213 50 délicate

769 2124 69 49 Tu
856 2137 62 34 ne
941 2119 220 49 briseras
1177 2125 94 48 pas
1294 2110 51 47 la
1366 2107 184 50 chaîne
1576 2102 60 48 de
1661 2114 79 35 ces
1759 2109 175 38 causes

325 2246 63 49 Et
423 2243 332 50 douloureuse
786 2242 46 44 et
865 2247 127 37 nous
1034 2228 161 49 disait

771 2350 89 63 qui
882 2350 113 47 sont
1022 2345 69 48 les
1114 2340 139 63 effets
1280 2335 221 52 d'autres
1522 2341 177 39 causes

329 2469 118 54 Mon
461 2479 195 54 pauvre
677 2477 134 37 cœur
830 2474 121 37 mon
970 2469 137 38 cœur
1129 2453 133 51 brisé

329 2585 172 49 Pareil
616 2598 131 34 au
748 2592 51 37 cœur
800 2577 28 48 de
844 2578 108 47 tous
981 2573 69 47 les
1072 2570 222 48 hommes

771 2689 136 51 Voici
924 2684 135 52 voici
1077 2695 90 36 nos
1190 2678 170 50 mains
1382 2686 93 51 que
1502 2672 51 47 la
1572 2670 80 48 vie
1671 2667 57 63 fit
1757 2664 219 50 esclaves

335 2812 90 50 Est
443 2812 135 47 mort
602 2806 230 49 d'amour
851 2816 64 34 ou
933 2799 118 49 c'est
1069 2797 105 47 tout
1200 2802 189 38 comme

338 2925 91 48 Est
447 2925 132 46 mort
600 2919 233 48 d'amour
852 2919 46 43 et
926 2914 43 45 le
988 2909 134 50 voici
1412 2895 149 52 Ainsi
1590 2899 119 44 vont
1743 2895 159 45 toutes
1935 2888 172 49 choses

373 3031 391 55 Arrache%donc
786 3028 44 47 le
849 3024 139 50 vôtre
1011 3019 143 50 aussi

787 3137 66 51 Et
868 3137 116 49 rien
1008 3147 62 36 ne
1096 3145 117 37 sera
1238 3128 127 50 libre
1380 3128 154 61 jusqu
1554 3137 32 35 a
1611 3122 51 50 la
1681 3121 73 63 fin
1778 3119 86 49 des
1892 3122 158 55 temps

785 3249 238 52 Laissons
1045 3250 105 46 tout
1169 3257 107 36 aux
1291 3244 158 47 morts

782 3363 66 51 Et
882 3362 218 50 cachons
1125 3373 91 36 nos
1253 3356 226 63 sanglots

1400 3507 372 60 GUILLAUME
1801 3500 433 56 APOLLINAIRE
