2481 3987
1126 297 127 40 14

1609 3560 129 51 PAUL
1782 3560 205 51 DERMÉE

221 425 149 59 Dors,
394 423 250 51 l'alouette
675 420 117 51 s'est
816 420 171 50 blottie

224 526 90 50 Les
338 524 200 65 feuilles
557 529 114 45 sont
688 523 246 50 luisantes
953 534 190 36 comme
1164 520 179 49 l'acier

225 628 83 50 En
332 628 145 50 échos
500 627 31 48 h
561 640 119 35 mon
699 625 141 63 large
864 623 107 50 rire

232 728 169 52 Ciel...

486 830 38 50 le
544 825 177 52 Canon
745 832 151 44 tonne
928 827 129 48 dans
1080 827 71 49 les
1178 825 212 50 halliers

230 978 71 49 La
337 978 202 49 maison
574 973 208 52 tremble

483 1074 78 51 Au
595 1081 326 57 craquement
961 1074 61 50 de
1065 1081 70 43 tes
1187 1073 250 49 vertèbres

483 1176 102 52 Mes
614 1176 259 63 prunelles
910 1191 52 33 se
996 1181 114 44 sont
1146 1175 272 63 épanouies

239 1281 74 51 Un
350 1282 175 49 oiseau
553 1279 160 50 tombe
742 1279 234 48 inanimé

234 1383 165 65 Fuye%
436 1396 119 36 avec
594 1382 44 48 le
674 1384 118 45 vent
825 1379 198 61 feuilles
1057 1378 92 62 qui
1183 1376 228 64 pantelez

235 1530 73 50 La
343 1535 132 45 mort
511 1529 171 49 arrive
715 1526 308 51 conduisant
1058 1539 93 36 son
1184 1529 118 44 auto
1339 1523 174 49 saoule

238 1633 85 50 Au
364 1630 123 50 bord
528 1630 85 49 des
653 1642 202 35 sources

498 1732 69 50 les
605 1731 170 49 étoiles
811 1745 53 34 se
892 1733 116 45 sont
1039 1728 187 49 ternies

239 1834 73 50 La
350 1834 223 49 destinée
621 1846 106 35 aux
764 1831 165 64 doigts
967 1830 166 63 ogivés

239 1935 137 50 Nous
407 1935 193 49 saisira
634 1933 52 49 là
724 1933 65 48 où
827 1945 127 36 nous
990 1944 214 36 sommes

505 2034 85 50 Tes
625 2034 93 49 cils
751 2033 287 61 offusquent
1070 2036 70 44 tes
1174 2044 133 49 yeux
1340 2027 192 51 d'acier

243 2182 196 50 Attente
474 2182 153 48 moite

511 2281 187 52 Cachés
736 2296 68 34 au
841 2281 125 63 fond
1008 2281 124 48 d'un
1183 2285 113 44 trou
1331 2277 174 49 d'obus

512 2382 170 52 Orbite
712 2384 203 48 lunaire
943 2382 208 63 jonchée
1178 2381 61 48 de
1267 2380 194 63 plumes

1037 2481 72 50 La
1146 2485 131 46 mort
1316 2481 130 49 boite

253 2631 235 52 Cocorico
534 2631 333 50 Eveille-toi!

251 2734 83 51 Ma
364 2735 119 63 pipe
517 2734 174 64 emplit
727 2734 43 48 le
809 2733 97 49 ciel
940 2733 125 48 d'un
1110 2733 130 48 clair
1278 2746 126 34 azur
1671 2728 115 49 SUR

252 2836 91 51 Les
387 2836 176 48 arbres
596 2834 230 50 s'étirent
855 2848 70 35 au
963 2833 147 50 soleil

519 2935 66 49 Et
624 2936 109 61 font
770 2935 86 48 des
897 2935 164 48 trilles
1674 2927 121 52 NOS

515 3034 129 51 Avec
677 3036 70 49 les
789 3040 193 59 gouttes
1019 3049 156 48 pures

1689 3123 21 17 *-n

253 3138 196 51 Restées
491 3152 105 35 aux
643 3137 201 61 feuilles
1556 3134 130 51 entr'
1636 3151 124 34 ouver
1761 3134 68 51 TETES

254 3238 66 52 Le
347 3254 163 50 gazon
550 3243 74 45 est
651 3238 183 64 jonché
868 3237 202 50 d'éclats
1109 3237 62 48 de
1207 3238 132 49 rires

254 3408 131 54 Mais
414 3410 72 49 toi
512 3407 256 65 pourquoi
804 3411 144 44 as-tu
973 3420 55 35 ce
1056 3406 188 63 regard
1273 3407 47 48 si
1350 3407 144 48 cruel
