3429 4290
404 484 73 52 La
521 482 376 56 Renaissance
953 481 81 55 fut
1088 482 142 69 l'âge
1296 482 231 54 infernal
1592 485 73 51 du
1729 486 262 69 cynique;
2050 488 106 53 elle
2210 489 82 54 fut
2352 507 141 53 pour
2557 491 119 54 l'art
2732 508 70 37 un
2860 494 233 66 bordel;

404 574 308 51 l'anecdote
768 578 52 47 et
878 571 47 54 le
981 574 221 51 charme
1260 575 353 67 partagèrent
1667 589 101 38 son
1829 578 280 53 domaine.
2195 580 287 54 L'illusion
2529 581 196 54 devint
2792 583 48 52 le
2885 584 113 64 but,
3045 590 53 49 et

404 664 258 52 l'homme
709 663 210 52 voulait
961 677 298 53 surpasser
1305 663 158 53 Dieu.
1512 664 146 53 Mais
1704 665 81 54 les
1828 668 321 66 problèmes
2194 673 52 49 et
2289 670 50 52 la
2370 672 88 50 vie
2492 674 424 52 mouvementée
2951 675 134 56 l'ont

398 753 99 53 fait
541 753 364 52 intéressante
950 757 51 48 et
1044 754 560 65 malheureusement,
1649 755 345 68 productive.

400 842 157 53 Nous
602 842 239 52 voulons
884 843 291 52 continuer
1226 842 51 53 la
1320 844 262 52 tradition
1640 844 67 54 de
1754 846 120 53 l'art
1916 848 185 69 nègre,
2148 852 282 67 egyptien.
2476 851 283 70 byzantin,
2803 855 291 68 gothique,

402 938 51 49 et
494 933 240 52 détruire
779 947 66 37 en
893 947 140 38 nous
1077 933 301 69 l'atavique
1423 936 319 53 sensibilité
1786 938 95 66 qui
1927 954 144 38 nous
2114 945 144 48 reste
2303 941 69 52 de
2417 942 51 52 la
2511 942 313 55 détéstable
2868 943 225 70 époque

397 1023 97 68 qui
540 1023 174 51 suivit
757 1022 49 52 le
850 1030 380 59 quatrocento.
3047 1007 32 27 N

400 1114 69 52 Le
515 1128 188 38 roman
750 1114 67 50 de
863 1112 252 70 Reverdy
1147 1119 84 47 est
1264 1130 67 36 un
1363 1116 216 67 poème.
1626 1115 103 53 Les
1759 1117 267 68 épisodes
2059 1124 126 48 sont
2214 1121 466 68 soigneusement
2711 1125 382 53 emmitouflés

397 1203 144 53 dans
588 1218 106 37 une
738 1204 299 52 substance
1095 1219 109 52 que
1255 1219 144 38 nous
1443 1220 66 37 ne
1552 1208 376 52 connaissons
1973 1223 119 54 pas.
2177 1210 70 52 Le
2292 1211 137 52 choc
2471 1211 101 54 des
2618 1211 272 56 éléments
2920 1216 173 53 serait

397 1297 308 48 autrement
761 1293 197 52 brutal.
1043 1293 147 52 Mais
1245 1295 142 51 dans
1443 1294 155 55 l'œuf
1640 1295 121 54 d'or
1814 1298 136 53 c'est
2011 1314 105 37 une
2163 1300 88 51 vie
2297 1299 231 53 difficile
2573 1303 94 67 qui
2712 1303 175 53 brûle.
2971 1303 121 56 Des

398 1383 180 68 lignes
623 1383 211 52 droites
877 1385 212 50 sortent
1129 1383 69 52 de
1242 1387 138 49 cette
1424 1385 168 65 chair,
1637 1402 144 38 nous
1824 1388 288 67 penêtrent
2156 1394 52 47 et
2250 1404 144 39 nous
2436 1407 31 52 y
2514 1392 213 57 relient.
2797 1393 149 53 Four
2989 1394 68 57 Re-

397 1473 172 70 verdy
614 1473 221 52 l'action
879 1473 365 53 transformée
1288 1490 65 36 en
1401 1476 371 68 scolopendre
1818 1493 212 38 avance
2076 1478 302 55 lentement
2407 1481 320 56 audessous
2773 1483 68 54 de
2887 1486 174 70 l'orga-

397 1564 176 51 nisme
632 1563 92 70 (du
781 1564 213 64 roman)
1051 1568 51 49 et
1155 1570 123 47 cent
1329 1566 237 54 abeilles
1622 1582 144 40 nous
1822 1572 296 65 apportent
2172 1585 67 38 en
2285 1572 202 66 petites
2532 1575 299 66 quantités,
2876 1591 99 53 par
3017 1577 72 54 de

392 1653 236 54 milliers
688 1655 68 52 de
811 1656 231 66 piqûres
1102 1655 316 71 invisibles,
1472 1656 82 53 les
1608 1658 262 54 résultats
1926 1664 52 49 et
2021 1660 48 53 le
2120 1660 132 53 faits
2309 1665 52 49 et
2419 1661 81 55 les
2546 1665 375 53 introduisent
2965 1669 92 50 uni-

390 1744 329 53 formément
762 1744 141 53 dans
948 1749 155 48 notre
1146 1760 157 55 sang.

393 1834 70 52 Le
510 1834 193 53 voleur
745 1834 68 53 de
858 1834 175 53 Talan
1079 1838 83 50 est
1204 1839 221 65 partout
1469 1853 69 37 un
1584 1839 282 53 radiateur
1919 1841 69 51 de
2034 1840 312 55 vibrations
2389 1846 54 49 et
2486 1843 81 53 les
2613 1846 216 69 images
2872 1849 95 66 qui
3020 1863 65 38 se

390 1923 341 69 déchargent
785 1924 143 52 dans
982 1928 127 49 tous
1168 1924 81 53 les
1292 1926 159 54 coins
1494 1925 152 74 (effet
1690 1943 241 55 presque
1978 1930 303 69 électrique
2327 1933 31 52 à
2401 1947 101 38 son
2548 1935 265 71 passage)
2859 1951 60 38 se
2963 1938 91 53 réu-

390 2014 216 52 nissent
663 2018 196 48 autour
916 2015 69 52 de
1042 2014 108 66 lui;
1208 2015 233 54 l'œuvre
1496 2018 69 52 de
1612 2018 254 71 Reverdy
1912 2023 84 49 est
2036 2036 99 53 par
2177 2022 120 53 cela
2340 2020 405 66 COSMIQUE.
2826 2027 150 54 Mais
3020 2045 63 36 ce

390 2103 129 52 halo
577 2104 305 64 ambulant,
938 2105 251 69 toujours
1231 2107 333 63 renouvelé;
1608 2123 144 38 nous
1797 2109 171 54 laisse
2013 2125 106 38 une
2166 2112 336 68 impression
2551 2130 340 54 nuageusse,
2938 2122 52 50 et
3032 2119 52 53 le

390 2196 135 67 goût
577 2208 151 38 amer
781 2194 168 69 qu'on
1008 2210 30 38 a
1081 2211 66 37 en
1203 2197 234 52 sachant
1490 2213 108 53 que
1654 2198 259 55 l'homme
1973 2205 85 49 est
2098 2206 183 49 centre
2327 2207 52 50 et
2420 2205 136 67 qu'il
2600 2207 196 66 puisse
2848 2208 235 54 devenir

388 2285 142 52 dans
576 2299 134 38 sons
754 2286 135 67 petit
933 2286 236 52 monde:
1213 2302 73 37 un
1330 2287 371 55 dieu-maître.

392 2372 76 57 Ce
512 2389 109 52 que
662 2373 52 69 je
757 2390 221 37 nomme
1436 2381 82 48 est
1561 2394 104 35 une
1717 2380 211 67 qualité
1971 2381 324 55 essentielle
2341 2384 31 52 à
2413 2399 72 38 un
2519 2400 193 38 œuvre
2747 2386 157 59 d'art.
2949 2386 101 56 Par-

387 2464 271 67 cequ'elle
705 2465 270 68 implique
1020 2465 201 53 l'ordre
1264 2467 95 68 qui
1406 2471 84 50 est
1531 2469 286 53 condition
1861 2471 317 54 nécéssaire
2225 2474 31 52 à
2288 2474 51 52 la
2369 2475 90 52 vie
2491 2476 68 52 de
2593 2479 116 51 tout
2737 2479 342 68 organisme.

392 2554 100 52 Les
536 2553 268 54 éléments
849 2555 303 69 multiples,
1208 2558 191 53 divers
1442 2560 52 51 et
1535 2558 255 71 éloignés
1833 2564 128 49 sont
2002 2561 149 70 (plus
2195 2578 71 38 ou
2299 2565 184 52 moins
2515 2567 391 72 intensément)
2949 2584 99 38 con-

385 2644 216 52 centrés
644 2644 143 53 dans
830 2643 261 67 l'œuvre;
1136 2645 228 55 l'artiste
1409 2647 81 53 les
1533 2649 217 65 cueille,
1796 2649 83 53 les
1921 2652 219 62 choisit,
2186 2652 83 54 les
2312 2668 188 56 range,
2546 2671 66 36 en
2656 2655 100 55 fait
2797 2673 108 37 une
2948 2674 99 39 con-

385 2734 266 53 struction
695 2749 70 37 ou
809 2749 106 38 une
959 2737 390 67 composition.
1434 2738 220 53 L'ordre
1698 2742 84 51 est
1824 2740 51 53 la
1918 2743 441 67 représentation
2405 2744 165 55 d'une
2614 2747 150 53 unité
2796 2749 151 70 régie
2979 2766 101 52 par

387 2823 81 53 les
510 2823 233 53 facultés
787 2826 389 64 universelles,
1223 2826 51 53 la
1316 2828 261 65 sobriété,
1623 2829 51 52 la
1716 2832 191 66 pureté
1951 2832 69 52 de
2065 2832 51 53 la
2158 2834 300 68 précision.

384 2912 36 52 Il
463 2928 33 54 y
540 2928 29 37 a
611 2913 150 52 deux
804 2914 284 69 principes
1135 2916 142 53 dans
1320 2916 49 53 le
1413 2920 287 67 cosmique
1723 2937 8 35 :

389 3003 272 66 1/donner
703 3020 105 37 une
841 3006 341 67 importance
1207 3006 159 70 égale
1390 3008 32 53 à
1444 3008 216 69 chaque
1691 3010 165 68 objet,
1889 3011 129 66 être,
2046 3014 270 64 matériel,
2341 3016 323 67 organisme
2689 3017 70 52 de
2786 3017 287 56 l'univers.

383 3094 353 66 2/accentuer
789 3094 380 69 l'importance
1227 3097 69 52 de
1353 3097 277 66 l'homme,
1687 3115 240 53 grouper
1983 3106 198 49 autour
2223 3104 70 52 de
2340 3104 72 53 lui
2459 3108 52 50 et
2552 3106 396 56 subordonner
2990 3110 83 53 les

383 3185 161 63 êtres,
590 3184 81 53 les
713 3185 183 69 objets
940 3189 98 51 etc.

384 3287 196 71 Noyau
624 3289 70 52 de
736 3304 59 37 ce
839 3290 223 54 dernier
1105 3293 252 69 principe
1401 3297 85 49 est
1528 3309 107 39 une
1678 3297 260 52 méthode
1985 3298 478 70 psychologique;
2510 3301 49 53 le
2591 3302 244 70 danger:
2882 3303 50 53 le
2975 3304 67 54 be-

383 3378 124 52 soin
550 3378 69 53 de
665 3378 369 60 CORRIGER
1081 3382 80 53 les
1206 3383 270 66 hommes,
1522 3386 141 52 mais
1707 3386 82 53 les
1833 3386 202 54 laisser
2076 3389 30 53 à
2149 3403 60 39 ce
2255 3389 169 69 qu'ils
2462 3391 227 53 veulent
2717 3392 251 67 devenir,
2996 3429 74 6 —

383 3467 100 53 des
538 3469 143 54 êtres
738 3471 377 67 supérieures.
1201 3473 69 52 Le
1325 3475 163 67 poète
1543 3489 61 39 se
1649 3475 173 54 laisse
1876 3478 205 52 traîner
2124 3494 67 38 au
2238 3480 206 53 hasard
2488 3481 70 53 de
2605 3482 51 54 la
2698 3486 371 53 succéssivité

381 3561 53 48 et
474 3557 69 53 de
586 3558 396 69 l'impression.
1039 3561 148 55 Pour
1230 3562 48 54 le
1323 3565 238 67 premier
1590 3566 270 70 principe,
1904 3583 60 38 ce
1996 3569 199 53 besoin
2227 3571 176 67 prend
2430 3586 107 40 une
2568 3574 262 53 nouvelle
2860 3575 209 54 forme:

380 3661 200 56 ranger
624 3647 81 55 les
748 3650 254 54 hommes
1044 3652 32 52 à
1117 3654 119 52 côté
1281 3652 102 55 des
1414 3657 185 51 autres
1632 3655 286 67 éléments,
1951 3657 108 54 tels
2090 3659 170 68 qu'ils
2290 3665 145 61 sont,
2467 3663 199 54 rendre
2697 3663 82 54 les
2811 3665 259 56 hommes

380 3734 419 66 MEILLEURS.
879 3739 315 56 Travailler
1237 3756 66 40 en
1347 3758 256 39 commun
1649 3751 429 65 anonymement
2120 3750 32 52 à
2199 3748 51 53 la
2292 3750 213 70 grande
2549 3753 318 54 cathédrale
2913 3755 69 54 de
3014 3755 55 54 la

381 3826 91 52 vie
516 3842 107 53 que
667 3843 141 39 nous
850 3831 307 69 préparons
1180 3854 12 42 ;
1235 3834 216 52 niveler
1493 3834 81 55 les
1618 3835 256 56 instincts
1916 3838 69 53 de
2031 3838 280 67 l'homme,
2358 3843 95 67 qui
2497 3844 360 67 prendraient
2897 3877 69 8 —
2998 3862 69 38 en
