3429 4290
484 406 190 69 frappe
714 416 158 41 casse

484 509 103 39 eau
630 508 94 39 sur
764 491 52 52 la
856 487 214 56 surface
1112 486 228 70 d'argile

484 584 70 51 où
597 581 81 54 les
717 590 212 57 nuages
968 575 180 53 furent
1186 574 284 53 ensemble

485 670 34 51 il
562 669 220 67 rugissa

482 754 484 56 continuellement

484 846 164 53 éclair

482 937 251 50 tonnerre
773 929 156 54 avoir
969 941 236 39 rancune

484 1115 134 87 LA
679 1108 539 96 CHANSON
1286 1108 153 89 DU
1502 1105 506 94 SERPENT

481 1241 144 53 tribu
667 1239 199 67 Loritja

481 1343 314 68 serpentant
833 1341 135 67 jeter
1008 1352 66 40 en
1116 1340 165 50 avant

481 1446 61 40 se
581 1431 219 53 tordant
843 1430 135 67 jeter
1018 1441 66 38 en
1128 1429 163 50 avant

481 1533 141 54 peau
664 1519 69 50 de
775 1517 224 68 serpant
1040 1529 60 38 se
1142 1514 148 52 lever

482 1623 68 37 au
590 1605 101 53 ciel
735 1619 61 39 se
839 1604 151 53 lever

481 1709 150 40 cœur
672 1695 172 51 battre
885 1690 483 55 continuellement

481 1797 181 54 queue
702 1782 173 53 battre
917 1778 481 54 continuellement

482 1886 178 53 queue
701 1872 129 51 veut
870 1867 296 54 s'éteindre

482 1973 180 54 queue
702 1961 130 49 veut
871 1968 213 41 remuer

481 2044 291 55 tremblant

481 2225 638 97 PRINTEMPS

484 2357 30 51 à
554 2357 33 49 h
628 2370 97 53 arp

484 2486 181 68 placer
706 2484 227 54 l'enfant
975 2484 140 52 dans
1158 2483 48 52 le
1247 2497 133 39 vase
1424 2495 67 38 au
1533 2480 131 53 fond
1708 2480 67 52 de
1820 2480 193 51 minuit

482 2579 53 48 et
575 2574 51 52 la
665 2573 145 68 plaie

482 2677 105 38 une
627 2676 125 38 rose
794 2660 101 54 des
937 2662 160 50 vents
1138 2673 133 38 avec
1310 2660 83 50 tes
1434 2658 184 67 doigts
1660 2671 106 38 aux
1808 2655 176 52 belles
2024 2654 195 69 ongles

484 2751 48 50 le
573 2753 251 50 tonnerre
866 2749 142 52 dans
1049 2748 100 52 des
1190 2747 217 68 plumes
1450 2747 120 51 voir

482 2852 106 38 une
630 2851 103 39 eau
776 2836 286 53 mauvaise
1102 2834 156 52 coule
1302 2834 100 51 des
1444 2833 273 52 membres
1758 2832 68 52 de
1869 2829 278 69 l'antilope

482 2925 223 54 souffrir
744 2939 66 38 en
853 2926 103 52 bas
997 2937 136 38 avez
1173 2937 140 38 vous
1352 2922 191 52 trouvé
1585 2922 101 51 des
1727 2921 202 51 vaches
1971 2921 99 49 des
2111 2917 276 55 oiseaux?

484 3015 51 53 la
574 3013 109 54 soif
725 3013 48 54 le
814 3013 94 53 fiel
952 3012 73 52 du
1068 3026 142 54 paon
1253 3012 140 51 dans
1435 3011 52 52 la
1526 3025 134 53 cage

485 3104 47 52 le
574 3102 77 52 roi
695 3116 66 38 en
804 3101 109 53 exil
956 3115 98 53 par
1095 3100 50 52 la
1185 3099 164 53 clarté
1390 3099 73 52 du
1506 3099 146 67 puits
1694 3111 60 40 se
1797 3096 242 52 momifie
2081 3096 294 52 lentement

484 3190 138 52 dans
664 3189 50 52 le
753 3189 179 68 jardin
974 3189 69 51 de
1086 3187 246 69 légumes

484 3292 179 39 semer
702 3276 100 54 des
843 3275 325 55 sauterelles
1210 3276 214 51 brisées
1465 3275 213 67 planter
1717 3274 100 52 des
1858 3287 180 39 cœur.}
2078 3271 67 52 de
2186 3271 231 52 fourmis
2456 3269 51 53 le

484 3364 298 55 brouillard
827 3365 68 51 de
937 3363 81 53 sel
1062 3378 104 37 une
1208 3363 179 67 lampe
1427 3363 98 52 tire
1570 3363 49 51 la
1660 3375 179 54 queue
1881 3374 92 38 sur
2015 3360 47 52 le
2103 3359 100 52 ciel

485 3497 80 52 les
604 3499 165 66 petits
811 3496 168 53 éclats
1021 3496 68 51 de
1131 3495 237 52 verrerie
1410 3495 139 52 dans
1591 3494 50 52 le
1680 3497 187 49 ventre
1909 3492 100 52 des
2050 3491 139 53 cerfs
2230 3506 66 38 en
2337 3490 134 54 fuite

480 3598 94 39 sur
613 3584 82 53 les
734 3585 185 67 points
959 3584 101 52 des
1101 3584 269 52 branches
1411 3584 184 51 noires
1636 3584 214 49 courtes
1892 3594 137 54 pour
2071 3595 70 37 un
2183 3580 74 51 cri

484 3671 305 55 TRISTAN
827 3668 238 56 TZARA
