2758 4081
235 3663 122 95 72

420 191 558 100 ECHOS
1074 178 201 104 ET
1369 183 1023 97 NOUVELLES

218 492 282 37 CONCOURS
544 490 143 35 POUR
733 488 403 37 CONSTRUCTION
1185 485 153 39 D'UNE

160 556 173 37 EGLISE
362 556 40 34 A
434 551 220 39 BRIELEN.
777 551 65 37 Un
873 554 85 36 avis
992 553 48 35 de
1073 551 161 37 l'Office
1267 550 71 36 des

159 620 174 43 Région®
369 618 203 35 dévastées
609 631 24 21 a
670 616 70 35 fait
774 617 136 34 «avoir
943 619 25 32 à
1005 624 91 27 tous
1131 628 102 23 ceux
1269 614 66 43 qui

159 684 157 34 avaient
352 682 137 43 acquis
522 680 37 36 le
589 692 260 32 programme
884 678 52 37 du
973 692 198 23 concours
1201 676 134 45 public

160 759 103 31 pour
304 744 36 35 la
379 744 276 35 construction
698 741 120 38 d'une
861 741 121 44 église
1025 745 23 32 à
1089 738 247 38 Brielen-lez-

157 807 138 44 Ypres,
320 821 77 30 que
418 809 38 35 la
473 805 94 36 date
588 807 177 35 extrême
787 808 22 32 à
829 804 175 44 laquelle
1021 804 59 36 les
1098 804 238 35 documents

159 870 254 36 devrontétre
439 871 133 38 Ternis,
603 877 58 28 est
691 871 183 41 reportée
900 868 54 35 du
992 866 43 37 15
1063 881 55 22 au
1146 866 44 35 31
1226 873 88 28 octo-

157 933 70 40 bre
260 932 114 37 1923.

214 996 73 36 Les
321 996 180 35 bureaux
533 994 51 36 de
616 993 164 38 l'Office
812 994 72 36 de»
917 994 173 43 Régions
1120 992 216 36 Dévastées

158 1063 108 32 étant
310 1061 120 33 situés
471 1057 297 41 actuellement,
815 1057 64 40 54,
926 1070 69 23 rue
1037 1056 68 36 des
1148 1054 188 37 Colonies

164 1122 67 44 (3*
255 1122 154 44 étage),
438 1121 96 35 c'est
559 1124 23 33 à
607 1129 105 30 cette
734 1120 163 37 adresse
921 1134 80 30 que
1024 1119 58 36 les
1109 1125 226 30 rocumentt

157 1199 48 22 en
235 1186 183 42 question
446 1185 173 36 devront
646 1187 87 33 être
757 1183 182 45 déposés.

213 1320 143 37 POUR
379 1320 70 37 LA
474 1319 166 38 VISITE
662 1319 97 37 DES
782 1317 337 39 MONUMENTS.
1226 1317 114 36 Avec

157 1384 296 45 l'approbation
477 1383 57 40 du
560 1385 180 35 ministre
764 1383 71 37 des
858 1383 187 35 Sciences
1065 1390 42 27 et
1130 1380 73 37 des
1226 1379 111 42 Arts,

156 1456 41 28 et
238 1447 322 37 conformément
600 1450 24 32 à
664 1446 160 36 l'arrêté
866 1444 112 46 royal
1015 1444 53 37 du
1117 1444 9 36 1
1138 1447 32 16 **
1208 1442 131 47 juillet

165 1510 72 37 192
251 1512 29 40 1,
310 1512 37 35 la
373 1510 156 37 Société
557 1509 137 45 royale
717 1508 298 45 d'archéologie
1041 1508 245 44 organisera,
1315 1510 23 32 à

158 1576 127 44 partir
312 1574 54 36 du
402 1574 45 35 18
478 1573 176 41 octobre,
686 1573 69 37 des
783 1586 119 22 cours
926 1573 267 43 temporaires
1218 1569 100 37 desti-

157 1640 71 34 nés
254 1640 23 33 à
304 1645 197 36 pemettre
529 1651 78 22 aux
635 1639 213 33 intéressés
873 1635 230 44 d'acquérir
1126 1633 37 37 le
1189 1632 131 38 certifi-

159 1709 64 27 cat
247 1699 225 46 d'aptitude
496 1702 26 34 à
550 1700 127 36 servir
705 1698 49 38 de
782 1698 118 45 guide
929 1712 105 31 pour
1057 1697 43 37 la
1125 1698 114 40 visita
1267 1695 73 38 des

157 1772 256 29 monuments
437 1763 104 36 d'art
565 1771 41 29 et
631 1762 207 37 d'histoire
862 1762 50 37 de
936 1760 38 39 la
1004 1762 137 44 région
1166 1760 53 37 de
1241 1759 73 37 Bru-

156 1826 382 37 xelles-Tervueren.

214 1889 78 37 Ces
321 1903 120 23 cours
468 1898 137 28 seront
632 1888 156 37 donnés
816 1887 38 37 le
881 1887 109 46 jeudi
1021 1886 235 47 après-midi
1293 1886 46 45 (à

162 1953 45 36 14
236 1953 38 37 h.
304 1952 94 45 30),
428 1962 40 27 et
493 1952 36 37 le
558 1952 211 38 dimanche
795 1954 127 34 matin
957 1951 45 46 (à
1038 1951 46 37 10
1112 1950 40 38 h.
1185 1950 94 44 30).

214 2089 151 37 FOIRE
397 2088 68 37 DE
493 2088 154 38 LYON.
769 2086 177 40 SALON
974 2087 78 37 DU
1080 2086 258 39 MOBILIER.

237 2153 77 36 Les
343 2161 186 36 rapports
558 2161 39 27 et
623 2151 190 38 résultats
839 2151 55 37 du
923 2150 121 39 Salon
1074 2151 56 37 du
1155 2150 185 38 mobilier

157 2225 37 28 et
220 2216 73 37 des
319 2216 99 37 Arts
442 2215 213 46 appliqués
680 2218 192 34 viennent
900 2215 51 37 de
974 2218 181 42 paraître
1180 2230 54 22 en
1260 2227 80 25 une

154 2280 203 40 brochure
388 2279 178 38 illustrée
600 2295 42 21 re
673 2279 267 36 nombreuses
971 2280 248 44 expositions
1249 2282 69 41 pré-

155 2347 155 33 sentées
330 2347 26 33 à
379 2357 48 23 ce
447 2343 134 37 Salon.

212 2406 91 38 Prix
334 2406 141 37 franco
510 2422 10 20 :
551 2406 23 37 6
606 2406 48 41 fr.
686 2406 225 37 S'adresser
936 2420 56 23 au
1018 2405 244 38 Secrétariat
1288 2405 51 37 de

153 2470 165 37 l'Office
346 2470 156 37 central
530 2470 53 37 de
611 2469 40 38 la
678 2469 288 38 Construction
995 2479 43 27 et
1068 2469 51 38 de
1144 2469 174 38 l'Habita-

152 2536 98 39 tion,
276 2533 109 38 hôtel
406 2534 54 37 de
481 2533 104 43 ville,
611 2533 125 45 Lyon.

212 2671 89 38 LES
345 2670 363 38 ARCHITECTES
752 2670 77 38 DU
874 2670 212 38 GROUPE
1133 2681 22 26 «
1204 2681 22 26 c
1272 2669 68 38 DE

156 2735 84 45 Styl
276 2747 22 26 >
341 2735 244 45 (Hollande)
625 2735 206 36 tiendront
865 2749 83 22 une
980 2735 227 45 exposition
1242 2736 25 34 à
1302 2732 38 38 la

153 2798 159 38 Galerie
352 2799 48 37 de
442 2798 158 38 l'Effort
640 2797 208 42 Moderne,
894 2813 72 22 rue
1007 2798 47 37 de
1095 2798 40 38 la
1173 2797 151 38 Baume
1328 2831 10 18 ?

1406 489 123 35 Paris.
1559 487 63 34 On
1650 500 26 29 y
1700 494 192 26 trouvera
1917 483 70 35 des
2011 495 157 23 œuvres
2191 480 50 36 de
2269 494 75 21 nos
2370 478 200 36 collabora-

1407 559 109 26 teurs
1540 550 36 36 le
1598 550 158 43 peintre
1781 546 157 37 Huszar
1959 555 42 28 et
2021 544 253 38 (l'architecte
2297 543 31 44 J.
2354 542 33 44 J.
2413 542 44 36 P.
2483 540 107 37 Oud.

1406 613 35 35 Y
1469 621 193 35 exposent
1694 611 236 43 également,
1963 609 70 35 des
2061 610 154 42 projets
2244 615 37 26 et
2312 605 70 36 des
2411 612 156 36 maquet-

1409 684 72 31 tes,
1503 673 112 37 Théo
1637 673 92 36 Van
1748 672 234 44 Doesburg,,
2008 671 48 36 C.
2079 671 91 35 Van
2191 670 203 39 Eesteren,
2418 667 61 38 W.
2502 666 94 37 Van

1407 738 193 40 Lensden,
1625 737 45 34 G.
1694 734 192 49 Rietveld,
1911 735 100 36 Mies
2032 748 77 22 van
2135 734 71 35 der
2226 733 114 36 Rohe
2360 740 43 27 et
2422 731 33 44 J.
2480 729 111 37 Wils.

1466 871 236 38 L'EMPLOI
1756 871 69 35 DE
1878 870 71 36 LA
1998 868 294 38 PARAFFINE
2344 865 252 40 ASSOCIEE

1408 935 77 36 AU
1510 934 171 37 BETON
1709 932 139 38 DANS
1876 932 90 37 LES
1991 931 287 38 DALLAGES.
2391 931 66 36 Un
2486 932 88 42 ingé-

1406 1000 118 35 nieur
1551 998 50 37 de
1625 997 254 45 New-Jersey
1912 995 272 47 (Etats-Unis)
2218 997 110 35 vient
2352 994 53 37 de
2429 1003 167 27 trouver

1410 1077 55 21 un
1505 1061 172 44 procédé
1720 1075 105 30 pour
1863 1060 210 44 fabriquer
2109 1059 73 36 des
2219 1058 128 36 dalles
2380 1058 54 36 de
2472 1057 124 36 béton

1409 1138 156 31 poreux
1595 1122 235 46 auxquelles
1858 1125 32 36 il'
1913 1122 138 37 donne
2083 1121 222 37 seulement
2333 1120 110 38 dieux
2471 1122 105 34 centi-

1411 1191 147 33 mètres
1582 1187 250 45 d'épaisseur
1854 1194 42 30 et
1920 1185 101 46 qu'il
2046 1185 208 37 consolide
2278 1188 26 33 à
2328 1183 120 38 l'aide
2476 1182 123 37 d'une

1410 1259 205 28 armature
1643 1249 244 45 métallique,
1916 1252 32 34 si
1975 1249 95 37 bien
2095 1247 170 46 qu'elles
2289 1256 92 29 sont
2407 1245 192 46 capables

1409 1313 51 37 de
1482 1322 218 36 supporter
1723 1327 78 22 une
1827 1315 183 42 pression
2029 1312 52 36 de
2106 1310 79 38 445
2213 1310 288 45 kilogrammes
2524 1323 75 31 par

1411 1378 237 35 centimètre
1674 1380 128 33 carré.
1833 1376 58 36 En
1921 1376 136 35 raison
2084 1374 49 37 de
2163 1375 89 36 leur
2277 1381 204 30 structure
2508 1375 68 42 spé-

1412 1439 112 41 ciale,
1559 1453 66 22 ces
1658 1439 117 38 ralles
1806 1447 177 37 peuvent
2012 1441 67 38 ête
2111 1437 172 41 clouées,
2316 1446 91 27 tout
2439 1450 160 22 comme

1410 1503 55 36 du
1500 1503 98 36 bois.
1636 1502 59 37 De
1731 1501 102 46 plus,
1870 1505 123 42 grâce
2025 1515 82 23 aux
2141 1502 121 43 petits
2295 1514 169 31 espaces
2496 1499 104 37 d'air

1411 1569 172 34 existant
1616 1569 23 32 à
1669 1565 226 37 l'intérieur
1923 1566 54 35 de
2008 1564 183 38 chacune
2223 1563 148 41 d'elles,
2406 1562 95 37 elles
2533 1562 44 37 de-

1411 1632 189 34 viennent
1623 1629 50 36 de
1693 1629 104 36 bons
1816 1628 214 37 isolateurs
2050 1627 55 37 du
2128 1642 73 22 son
2223 1636 41 28 et
2284 1627 53 37 de
2356 1630 42 35 la
2418 1626 180 37 chaleur.

1468 1693 54 37 Le
1553 1693 117 36 mode
1699 1692 49 38 de
1777 1692 241 37 fabrication
2046 1700 60 27 est
2134 1692 37 36 le
2199 1693 159 34 suivant
2391 1705 9 21 :
2428 1705 55 21 on
2509 1693 68 41 pré-

1410 1771 100 30 pare
1545 1759 326 42 soigneusement
1907 1770 54 22 un
1998 1754 186 45 mélange
2216 1754 50 38 de
2302 1753 122 42 sable,
2460 1753 54 37 de
2547 1754 36 35 ci-

1413 1829 109 27 ment
1545 1828 41 29 et
1610 1835 56 21 un
1687 1819 165 46 produit
1876 1822 23 32 à
1922 1818 99 38 base
2044 1818 51 37 de
2118 1817 213 46 paraffine.
2356 1818 115 36 Avec
2497 1825 104 29 cette

1413 1886 106 42 pâte,
1553 1882 142 37 coulée
1724 1882 101 37 dans
1854 1883 59 38 les
1943 1881 167 42 moules,
2141 1896 54 22 on
2228 1881 284 36 confectionne
2545 1880 56 37 les

1411 1946 138 43 dalles,.
1573 1947 183 44 Lorsque
1780 1946 39 37 la
1841 1948 96 42 pâte
1959 1954 59 27 est
2041 1944 134 43 seche,
2201 1959 52 22 on
2279 1945 121 36 retire
2424 1957 68 23 ces
2512 1943 68 37 der-

1414 2013 132 34 nières
1575 2010 53 37 de
1660 2009 110 37 leurs
1800 2008 159 38 moules
1988 2017 42 28 et
2062 2023 57 22 on
2151 2008 57 37 les
2239 2016 235 37 transporte
2509 2021 94 23 rans

1411 2074 71 36 des
1503 2082 235 36 wagonnets
1761 2089 49 21 en
1834 2073 61 36 fer
1915 2072 163 46 jusqu'à
2101 2087 81 21 une
2203 2079 109 28 sorte
2329 2072 52 36 de
2405 2071 104 46 four,
2532 2074 69 38 où,

1413 2152 75 30 par
1538 2152 78 22 une
1669 2138 262 44 évaporation
1982 2136 141 40 active,
2173 2135 98 37 elles
2322 2149 43 22 se
2411 2143 192 28 trouvent

1416 2200 252 37 réchauffées
1692 2202 24 34 à
1740 2215 78 22 une
1841 2202 278 43 température
2142 2197 146 38 élevée.
2313 2199 103 36 Sous
2438 2197 165 38 l'action

1414 2264 50 37 de
1486 2263 38 37 la
1545 2263 177 41 chaleur,
1746 2262 41 39 la
1808 2263 214 41 substance
2041 2262 230 45 paraffinée
2293 2262 110 41 fond,
2429 2261 174 37 s'écoule

1415 2336 38 27 et
1483 2336 59 28 est
1572 2326 202 38 recueillie
1801 2341 105 31 pour
1933 2326 112 37 subir
2070 2341 58 21 un
2156 2339 188 24 nouveau
2370 2328 234 34 traitement

1415 2393 68 43 qui
1509 2390 100 38 dure
1638 2393 167 34 environ
1832 2392 277 44 vingt-quatre
2135 2389 159 38 heures.

1467 2465 80 38 Les
1586 2465 126 38 dalles
1749 2475 94 28 sont
1883 2467 156 38 ensuite
2081 2465 210 38 refroidies
2331 2474 39 28 et
2410 2469 194 41 exposées

1412 2530 102 37 dans
1548 2545 79 22 une
1657 2529 198 37 chambre
1886 2543 232 32 parcourue
2148 2544 78 31 par
2260 2545 55 21 un
2347 2537 174 29 courant
2553 2528 51 37 de

1413 2607 165 31 vapeur,
1611 2594 180 45 pendant
1822 2594 108 36 deux
1961 2608 56 22 ou
2046 2595 101 34 trois
2175 2596 127 42 jours.
2333 2592 271 45 Lorsqu'elles

1413 2667 92 26 sont
1530 2657 153 41 sèches,
1714 2656 75 38 elle
1814 2665 178 37 peuvent
2018 2659 87 35 être
2134 2656 188 38 utilisées.

1477 2733 47 45 (c
1547 2733 166 45 Journal
1735 2733 57 37 du
1812 2733 199 37 bâtiment
2032 2742 42 27 et
2098 2733 71 37 des
2192 2742 172 28 travaux
2384 2731 160 47 publics
2566 2743 33 31 »,

1415 2797 50 37 23
1495 2797 132 45 août.)

508 3178 60 34 LE
602 3168 226 46 PRÉSENT
861 3167 209 47 NUMÉRO
1106 3177 265 37 RENFERME
1405 3176 173 36 DOUZE
1611 3176 260 36 PLANCHES
1907 3176 130 37 HORS
2070 3177 179 34 TEXTE.
