2758 4081
2304 3697 119 91 53

295 1100 1022 118 MÉDITATIONS
1376 1121 887 112 CINÉGRAPHI-

296 1233 399 94 QUES
751 1243 282 89 SUR
1099 1248 1250 106 L'ARCHITECTURE

958 1393 99 48 par
1085 1377 246 55 Gustave
1362 1382 290 55 Schleicher

1663 1387 28 32 *

1027 1620 138 46 Adolf
1197 1623 107 45 Loos
1344 1643 10 25 :
1394 1644 24 26 «
1451 1627 54 44 Et
1531 1633 196 50 pourquoi
1759 1649 49 28 ne
1835 1651 286 31 couvrez-vous
2150 1657 73 35 pas
2251 1649 108 36 votre

1088 1713 105 35 peau
1220 1698 26 42 d
1266 1712 220 33 ornements
1510 1720 155 28 comme
1688 1705 56 45 les
1767 1724 193 36 sauvages
1987 1721 39 33 et
2051 1712 52 44 les
2132 1713 176 53 forçats?
2331 1733 22 26 »

1028 1769 103 44 Karl
1160 1771 136 45 Kraus
1330 1792 9 24 :
1375 1792 22 26 «
1425 1774 125 51 Tout,
1576 1781 100 42 mais
1699 1797 73 36 pas
1797 1780 58 46 les
1878 1783 197 47 Gobelins
2084 1789 11 40 I
2127 1804 23 26 »

1030 1843 119 45 Peter
1169 1846 226 55 Altenberg
1425 1867 10 25 :
1467 1868 22 26 «
1512 1850 91 45 Vos
1627 1856 106 42 âmes
1753 1872 99 28 vous
1869 1860 149 50 pèsent,
2039 1860 70 54 n'y
2131 1863 102 44 a-t-il
2257 1863 103 45 donc

1089 1919 89 52 plus
1200 1919 54 45 de
1274 1938 166 28 cascara
1466 1926 195 52 sagrada!
1695 1945 22 27 »

447 2060 262 67 Image
767 2077 71 38 et
895 2065 269 67 Objet*
1308 2071 96 54 Un
1437 2075 152 65 objet
1621 2080 212 63 regarde
1865 2081 36 52 d
1925 2101 74 34 un
2033 2084 115 54 côté
2180 2086 178 54 donne

285 2161 105 34 une
422 2146 190 67 image*
654 2149 124 53 Une
814 2152 174 66 image
1023 2173 36 33 n
1083 2170 77 38 est
1195 2176 97 47 pas
1328 2178 184 36 encore
1550 2182 75 34 un
1661 2166 169 65 objet*
1868 2169 157 53 Mille
2061 2172 197 66 images
2295 2194 64 33 ne

282 2245 127 39 sont
456 2252 97 46 pas
600 2235 304 69 davantage
952 2241 89 52 des
1090 2242 194 67 objets*
1336 2246 165 54 Deux
1550 2250 199 67 images
1797 2254 259 55 obtenues
2107 2258 62 54 de
2217 2260 142 53 côtés

282 2317 285 56 différents
590 2338 240 49 peuvent
852 2343 52 35 se
927 2329 298 53 contredire
1250 2345 51 40 et
1326 2333 321 57 néanmoins
1674 2338 262 68 répondre
1964 2343 29 52 à
2019 2344 208 67 l'objet*
2259 2347 98 53 Les

282 2402 250 57 résultats
565 2409 89 52 des
686 2423 109 40 arts
824 2413 298 68 plastiques
1156 2432 126 39 sont
1315 2420 89 53 des
1436 2421 215 67 images,
1688 2444 132 35 ceux
1855 2428 64 53 de
1952 2429 402 62 l'architecture,

282 2491 90 52 des
400 2493 195 66 objets*

503 2561 11 15 /
792 2557 38 28 ;
831 2557 54 28 .
978 2557 12 12 *
1276 2557 3 28 .

446 2580 500 68 Séparation
997 2603 74 38 et
1119 2590 512 60 Connexion.
1661 2631 82 6 —
1766 2599 255 57 L'artiste
2047 2604 181 55 donne
2258 2626 101 34 une

282 2664 178 56 forme
496 2668 27 52 à
560 2687 76 36 ses
673 2672 205 53 visions
912 2674 216 55 intimes
1165 2696 63 35 en
1265 2679 73 54 les
1376 2683 308 55 traduisant
1721 2703 92 36 sur
1847 2688 47 52 le
1931 2692 202 64 papier,
2173 2711 99 47 par
2307 2695 50 52 la

283 2756 237 58 couleur,
550 2776 100 47 par
675 2759 50 51 la
752 2759 184 66 pierre.
967 2762 75 55 Le
1067 2764 158 66 poète
1252 2767 182 55 donne
1462 2789 104 34 une
1594 2772 177 55 forme
1799 2776 29 52 à
1857 2794 76 35 ses
1962 2777 205 56 visions
2194 2799 63 34 en
2287 2782 72 52 les

285 2855 373 44 transmutant
699 2865 63 34 en
803 2851 227 63 paroles.
1075 2852 167 55 Voilà
1283 2855 236 55 l'abîme.
1567 2860 338 66 Cependant,
1948 2866 130 53 chez
2119 2879 141 48 tous,
2307 2870 50 52 la

283 2930 252 54 fantaisie
569 2933 240 55 créatrice
847 2951 77 39 est
958 2938 397 69 indispensable
1391 2959 52 39 et
1479 2964 66 34 ne
1580 2965 51 34 se
1669 2950 259 65 remplace
1965 2970 99 47 par
2102 2954 109 54 rien
2257 2974 14 34 :
2313 2956 44 52 le

281 3018 113 54 don
428 3035 78 38 est
539 3035 141 41 tout.

441 3109 348 67 Origine
864 3128 73 39 et
1010 3115 358 57 Devenir.
1409 3153 81 8 —
1528 3121 417 59 L'architecture
1985 3143 78 39 est
2102 3131 253 53 abstraite

477 3244 69 45 De
583 3264 22 26 a
635 3246 240 47 Wasmufchs
907 3250 307 47 Monathshefte
1245 3255 65 44 fur
1341 3256 211 46 Baukunst
1582 3276 41 27 ».
1655 3260 178 46 Traduit
1861 3280 98 27 avec
1988 3264 291 48 I*autorisation
2306 3269 52 42 dte

281 3301 11 36 1
314 3303 138 37 auteur
478 3314 75 34 par
577 3301 46 41 S.
650 3301 222 44 Chandler.

288 3480 218 98 LA
636 3480 399 106 CITE.
1296 3492 645 114 Sept.°Oct.
2074 3502 286 96 1923
