2707 4488
2313 3748 230 128 69

202 299 216 93 LA
548 294 456 104 CITE.
1357 308 635 122 Sept.~Oct.
2128 316 281 92 1923

496 595 130 43 Dans
660 595 45 43 la
738 596 146 52 figure
920 597 58 43 22
1016 615 62 27 on
1110 610 184 35 montre
1327 600 43 43 le
1401 600 111 52 plan
1547 600 31 43 d
1599 618 89 26 une
1721 607 310 41 construction
2065 622 113 26 avec
2212 623 111 26 cour
2357 608 60 40 où

358 680 162 41 quatre
549 670 172 52 grands
749 682 348 41 appartements
1124 686 106 32 sont
1259 675 211 52 disposés
1500 675 60 45 de
1588 675 107 44 telle
1723 687 123 33 sorte
1876 694 88 36 que
1993 679 64 43 les
2086 681 242 44 chambres
2359 680 58 43 de

361 744 315 52 domestiques
705 756 47 32 et
783 746 64 42 les
876 750 153 49 pièces
1059 749 60 43 de
1148 750 163 43 travail
1342 760 107 33 sont
1481 753 219 50 réparties
1730 769 75 26 sur
1836 753 82 42 des
1948 772 131 26 cours
2111 759 90 40 très
2233 760 185 40 étroites

359 836 59 25 ou
448 823 121 48 puits
599 820 130 43 selon
761 821 195 45 l'ancien
987 841 153 36 usage.

495 894 66 43 Là
587 898 61 40 où
675 895 44 43 la
743 913 110 26 cour
878 897 185 45 s'ouvre
1087 917 74 26 sur
1188 900 260 44 l'extérieur
1474 918 58 26 au
1556 901 127 49 midi,
1713 902 264 52 cependant
2001 922 62 26 on
2090 923 29 35 y
2144 916 164 34 trouve
2336 908 81 42 des

357 969 245 44 chambres
630 974 28 40 à
686 972 198 44 coucher
912 973 61 44 de
1001 979 188 40 maîtres
1218 986 46 33 et
1293 976 287 43 l'immeuble
1610 976 123 44 offre
1763 982 117 39 aussi
1909 996 61 27 un
1999 984 155 40 retrait
2180 984 136 42 étroit
2344 1000 75 26 sur

357 1044 42 44 la
427 1045 167 52 façade
620 1045 205 45 bordant
852 1048 43 43 la
921 1066 78 27 rue
1025 1051 267 53 principale.

496 1120 37 43 L
551 1124 165 41 intérêt
737 1122 60 43 de
817 1133 120 35 cette
957 1129 312 41 construction
1291 1126 151 44 réside
1463 1137 179 33 surtout
1664 1127 116 44 dans
1803 1146 60 26 un
1887 1130 212 53 exemple
2121 1131 297 45 d'utilisation

359 1195 63 43 du
458 1195 111 53 plan
605 1212 58 28 en
701 1197 151 45 forme
889 1199 60 44 de
990 1216 24 28 «
1053 1200 91 45 clef
1184 1219 41 31 »,
1267 1201 143 44 d'une
1446 1202 141 52 façon
1624 1212 130 34 toute
1790 1203 249 48 différente
2077 1207 58 43 de
2173 1207 246 54 l'exemple

355 1271 269 52 précédent.
653 1273 127 44 C'est
806 1273 231 47 d'ailleurs
1063 1294 51 26 sa
1139 1282 153 40 raison
1318 1277 149 45 d'être
1493 1281 68 41 ici.

496 1346 86 44 Les
608 1360 349 41 appartements
984 1363 106 32 sont
1117 1356 91 40 très
1235 1353 184 52 grands,
1452 1357 245 49 comparés
1725 1372 114 25 avec
1867 1355 221 52 plusieurs
2117 1357 59 43 de
2203 1376 115 26 ceux
2346 1363 74 47 qui

357 1425 222 42 viennent
604 1423 149 45 d'être
779 1425 181 45 décrits.
989 1426 137 45 Deux
1151 1440 82 33 ont
1260 1429 111 44 neuf
1397 1429 257 49 chambres,
1686 1447 61 26 un
1775 1430 97 44 huit
1899 1442 46 32 et
1971 1449 60 26 un
2059 1432 79 44 dix
2163 1434 252 48 chambres,

357 1515 96 27 non
486 1503 203 49 compris
723 1501 64 43 les
820 1505 191 47 entrées,
1050 1504 219 53 appelées
1302 1509 54 39 ici
1393 1522 24 28 <c
1455 1505 244 44 chambres
1732 1506 60 43 de
1825 1510 237 50 réception
2099 1526 39 31 »,
2177 1510 64 42 les
2273 1510 143 48 bains,

357 1581 66 37 îes
472 1576 278 44 vérandahs.
806 1577 63 44 Le
919 1579 176 44 couloir
1146 1581 123 52 long,
1324 1584 136 40 étroit
1512 1591 46 34 et
1608 1581 200 49 sombre,
1865 1585 265 50 réapparaît
2181 1584 116 44 dans
2348 1604 74 24 ces

356 1661 363 42 appartements.

494 1727 128 44 Nous
644 1745 148 27 avons
814 1730 222 53 quelques
1055 1742 123 34 mots
1199 1736 28 40 à
1248 1732 99 44 dire
1367 1750 76 26 sur
1464 1733 66 43 les
1554 1750 24 27 «
1605 1733 199 44 doubles
1825 1745 348 41 appartements
2199 1753 39 26 ».
2266 1736 157 43 L'idée

359 1801 59 44 de
447 1802 13 43 1
481 1814 328 42 appartement
837 1823 59 26 en
926 1806 123 44 deux
1077 1811 171 49 parties
1277 1808 120 44 n'est
1424 1826 86 35 pas
1540 1808 296 45 absolument
1865 1811 218 44 nouvelle
2113 1821 45 35 et
2189 1812 231 53 originale.

495 1878 130 45 Dans
660 1884 196 40 certains
892 1899 88 32 cas,
1020 1894 296 33 notamment
1353 1884 118 43 dans
1506 1888 198 40 certains
1740 1896 351 42 appartements
2128 1887 59 44 de
2224 1887 104 44 luxe
2366 1888 59 43 de

357 1954 280 51 New-York,
670 1975 61 25 on
760 1957 210 54 l'adopte
997 1977 119 35 pour
1141 1962 146 42 éviter
1314 1978 61 26 un
1401 1960 177 45 couloir
1606 1961 61 44 de
1696 1961 312 53 dégagement
2035 1962 141 44 d'une
2205 1963 222 53 longueur

357 2033 239 51 exagérée.
628 2033 129 44 Dans
787 2033 203 45 d'autres
1018 2053 88 31 cas,
1140 2035 44 44 la
1212 2036 199 44 division
1441 2054 26 26 a
1496 2040 74 40 été
1599 2040 171 50 opérée
1799 2055 58 26 en
1885 2042 153 40 raison
2069 2038 60 44 de
2157 2039 270 44 l'étroitesse

357 2107 63 43 du
448 2107 66 44 lot
541 2108 60 44 de
627 2113 168 40 terrain
821 2120 46 33 et
893 2111 63 43 du
983 2111 122 44 désir
1131 2112 82 53 d'y
1241 2115 250 51 aménager
1519 2113 83 43 des
1630 2123 350 43 appartements
2007 2113 103 54 plus
2137 2126 154 33 vastes
2318 2115 108 52 qu'il

356 2183 197 45 n'aurait
581 2186 341 44 normalement
949 2190 74 40 été
1050 2188 205 52 possible
1283 2188 60 44 de
1371 2188 42 44 le
1443 2189 127 44 faire.

495 2259 84 46 Tel
618 2271 70 34 est
725 2261 42 44 le
806 2279 76 27 cas
921 2280 84 36 par
1043 2264 215 53 exemple
1297 2264 63 44 du
1398 2265 111 52 plan
1547 2268 185 41 montré
1771 2283 86 35 par
1894 2266 45 44 la
1977 2266 147 53 figure
2166 2267 60 43 23
2268 2271 60 39 où
2367 2285 60 25 un

357 2346 327 42 appartement
710 2338 59 43 de
797 2338 150 44 douze
972 2341 153 51 pièces
1151 2351 68 32 est
1244 2343 171 50 réparti
1441 2359 75 25 sur
1542 2341 125 44 deux
1690 2345 171 50 étages,
1892 2360 76 26 sur
1992 2360 61 26 un
2081 2343 67 44 lot
2175 2343 59 44 de
2260 2347 167 40 terrain

355 2411 324 47 relativement
704 2417 128 49 petit.

495 2487 75 47 Un
599 2500 129 33 autre
757 2490 122 53 plan,
915 2491 147 54 figure
1093 2492 75 49 24,
1203 2493 172 43 illustre
1403 2496 91 41 très
1523 2503 260 35 nettement
1813 2494 66 44 les
1909 2505 254 43 avantages
2193 2496 83 43 des
2306 2494 123 45 deux

357 2575 134 43 types
524 2565 414 54 d'appartements.

495 2640 206 46 Environ
729 2642 64 44 îes
822 2642 123 44 deux
971 2647 107 40 tiers
1106 2644 60 44 de
1194 2645 45 43 la
1265 2646 246 52 superficie
1537 2657 106 33 sont
1672 2649 200 50 occupés
1900 2665 86 35 par
2013 2665 61 26 un
2104 2658 325 43 appartement

359 2717 118 44 dont
507 2727 153 35 toutes
691 2718 65 43 les
787 2722 153 50 pièces
972 2731 107 33 sont
1111 2739 58 25 au
1200 2726 154 40 même
1387 2725 147 51 étage,
1571 2723 289 44 renfermant
1892 2724 81 43 dix
2005 2724 256 49 chambres,
2299 2734 129 33 outre

357 2811 91 25 une
477 2792 113 45 salle
622 2794 59 43 de
710 2797 249 51 réception,
993 2814 90 26 une
1112 2814 135 32 serre,
1283 2808 85 34 etc.
1411 2799 137 52 (type
1579 2799 61 43 de
1669 2799 365 54 l'appartement
2064 2801 62 43 de
2156 2801 153 53 luxe).
2343 2801 86 43 Les

358 2879 164 42 quatre
555 2869 245 45 chambres
833 2874 29 40 à
893 2872 198 44 coucher
1124 2874 277 53 principales
1434 2885 108 34 sont
1575 2875 194 44 établies
1803 2875 118 45 dans
1952 2895 62 26 un
2049 2877 234 53 rectangle
2316 2877 113 44 isolé

358 2945 84 43 des
470 2949 154 49 pièces
651 2947 32 43 d
705 2958 197 42 apparat
930 2966 93 26 non
1052 2966 84 35 par
1163 2950 61 43 de
1252 2950 189 52 simples
1468 2951 213 50 cloisons,
1713 2955 116 40 mais
1859 2971 85 34 par
1970 2971 62 26 un
2061 2972 102 25 mur
2192 2957 140 50 épais.

496 3021 67 44 La
590 3026 148 49 partie
769 3023 61 44 de
859 3023 151 44 droite
1040 3025 63 43 du
1131 3025 124 53 plan,
1290 3026 45 44 la
1363 3027 104 52 plus
1496 3031 157 49 petite,
1686 3039 186 33 montre
1902 3029 65 44 les
1996 3033 153 50 pièces
2181 3030 248 54 d'apparat

359 3097 31 43 d
411 3115 61 27 un
511 3109 130 34 autre
679 3110 328 42 appartement
1046 3119 90 35 que
1175 3102 95 44 l'on
1309 3106 164 41 atteint
1512 3121 86 35 par
1635 3104 45 44 la
1718 3108 155 41 même
1912 3109 159 41 entrée
2109 3117 47 33 et
2194 3107 42 44 le
2276 3111 153 40 même

358 3191 243 27 ascenseur
633 3192 90 36 que
755 3176 115 44 celui
903 3176 144 45 décrit
1076 3178 236 44 ci-dessus.
1347 3178 233 55 Toujours
1612 3184 28 40 à
1672 3181 151 44 droite
1855 3181 63 44 du
1949 3183 111 52 plan
2092 3201 61 26 on
2185 3194 112 42 peut
2328 3187 101 40 voir

357 3249 45 44 la
435 3249 277 54 disposition
746 3252 30 44 d
797 3270 61 26 un
892 3253 176 45 second
1101 3256 134 51 étage
1268 3259 77 49 qui
1379 3256 232 44 renferme
1645 3257 65 44 les
1742 3258 245 44 chambres
2022 3259 312 44 d'habitation
2368 3260 61 43 de

356 3345 53 26 ce
435 3330 156 41 même
618 3339 340 43 appartement,
992 3329 237 54 disposées
1257 3335 308 50 précisément
1594 3333 60 45 de
1683 3333 45 44 la
1755 3338 154 42 même
1939 3338 204 42 manière
2173 3354 89 35 que
2291 3336 138 44 celles

357 3402 60 44 de
444 3402 364 55 l'appartement
835 3408 27 41 à
888 3423 60 26 un
975 3407 96 43 seul
1098 3410 148 50 étage.
1277 3408 64 43 Le
1368 3419 232 35 contraste
1629 3421 68 33 est
1725 3410 235 45 lumineux
1988 3422 45 34 et
2060 3413 235 52 suggestif.

1054 3484 193 53 Adapté
1274 3485 186 53 d'après
1484 3486 154 45 Frank
1661 3486 626 47 CHOUTEAU-BROWN.

686 3575 24 28 «
749 3558 47 45 In
829 3559 78 44 the
939 3560 336 44 Architectural
1308 3561 186 45 Record
1529 3580 42 31 »,
1608 3563 280 50 New-York,
1925 3568 182 50 janvier
2147 3566 140 44 1922.
