<?xml version="1.0" encoding="UTF-8"?>
<alto xmlns:xsi="http://www.w3.org/2001/XMLSchema-instance" xmlns="http://www.loc.gov/standards/alto/ns-v2#" xsi:schemaLocation="http://www.loc.gov/standards/alto/ns-v2# http://www.loc.gov/standards/alto/alto-v2.0.xsd" xmlns:xlink="http://www.w3.org/1999/xlink">
	<Description>
		<MeasurementUnit>mm10</MeasurementUnit>
		<sourceImageInformation>
			<fileName>//fileserver7/IN2/Princeton/Batch5/bmtnabi/1856/06/21_01/00000573.tif</fileName>
		</sourceImageInformation>
		<OCRProcessing ID="OCRPROCESSING_1">
			<preProcessingStep>
				<processingSoftware>
					<softwareCreator>CCS Content Conversion Specialists GmbH, Germany</softwareCreator>
					<softwareName>CCS docWORKS</softwareName>
					<softwareVersion>6.6-1.18</softwareVersion>
				</processingSoftware>
			</preProcessingStep>
			<ocrProcessingStep>
				<processingSoftware>
					<softwareCreator>ABBYY (BIT Software), Russia</softwareCreator>
					<softwareName>FineReader</softwareName>
					<softwareVersion>10.0</softwareVersion>
				</processingSoftware>
			</ocrProcessingStep>
		</OCRProcessing>
	</Description>
	<Styles>
		<TextStyle ID="TXT_0" FONTSIZE="19" FONTFAMILY="Times New Roman"/>
		<TextStyle ID="TXT_1" FONTSIZE="15" FONTFAMILY="Times New Roman"/>
		<TextStyle ID="TXT_2" FONTSIZE="13" FONTFAMILY="Times New Roman"/>
		<TextStyle ID="TXT_3" FONTSIZE="16" FONTFAMILY="Times New Roman" FONTSTYLE="italics"/>
		<TextStyle ID="TXT_4" FONTSIZE="4" FONTFAMILY="Times New Roman"/>
		<ParagraphStyle ID="PAR_CENTER" ALIGN="Center"/>
		<ParagraphStyle ID="PAR_BLOCK" ALIGN="Block"/>
		<ParagraphStyle ID="PAR_LEFT" ALIGN="Left"/>
	</Styles>
	<Layout>
		<Page ID="P5" PHYSICAL_IMG_NR="5" HEIGHT="4417" WIDTH="3535" PRINTED_IMG_NR="203" PC="0.930">
			<TopMargin ID="P5_TM00001" HPOS="0" VPOS="0" WIDTH="3535" HEIGHT="204">
				<TextBlock ID="P5_TB00001" HPOS="1698" VPOS="149" WIDTH="90" HEIGHT="52" STYLEREFS="TXT_0 PAR_CENTER">
					<TextLine ID="P5_TL00001" HPOS="1698" VPOS="149" WIDTH="90" HEIGHT="52">
						<String ID="P5_ST00001" HPOS="1698" VPOS="149" WIDTH="90" HEIGHT="52" CONTENT="203" WC="0.18" CC="788"/>
					</TextLine>
				</TextBlock>
			</TopMargin>
			<LeftMargin ID="P5_LM00001" HPOS="0" VPOS="204" WIDTH="135" HEIGHT="3960"/>
			<RightMargin ID="P5_RM00001" HPOS="3337" VPOS="204" WIDTH="198" HEIGHT="3960"/>
			<BottomMargin ID="P5_BM00001" HPOS="0" VPOS="4164" WIDTH="3535" HEIGHT="253"/>
			<PrintSpace ID="P5_PS00001" HPOS="135" VPOS="204" WIDTH="3202" HEIGHT="3960">
				<TextBlock ID="P5_TB00002" HPOS="135" VPOS="546" WIDTH="1554" HEIGHT="1015" STYLEREFS="TXT_1 PAR_BLOCK">
					<TextLine ID="P5_TL00002" HPOS="139" VPOS="546" WIDTH="1544" HEIGHT="73">
						<String ID="P5_ST00002" HPOS="139" VPOS="553" WIDTH="91" HEIGHT="51" CONTENT="und" WC="0.92" CC="477"/>
						<SP ID="P5_SP00001" HPOS="230" VPOS="604" WIDTH="31"/>
						<String ID="P5_ST00003" HPOS="261" VPOS="570" WIDTH="120" HEIGHT="33" CONTENT="zwar" WC="0.95" CC="6915"/>
						<SP ID="P5_SP00002" HPOS="381" VPOS="604" WIDTH="31"/>
						<String ID="P5_ST00004" HPOS="412" VPOS="551" WIDTH="142" HEIGHT="68" CONTENT="gleich" WC="0.99" CC="900000"/>
						<SP ID="P5_SP00003" HPOS="554" VPOS="619" WIDTH="30"/>
						<String ID="P5_ST00005" HPOS="584" VPOS="550" WIDTH="114" HEIGHT="50" CONTENT="zwei" WC="0.98" CC="7000"/>
						<SP ID="P5_SP00004" HPOS="698" VPOS="619" WIDTH="29"/>
						<String ID="P5_ST00006" HPOS="727" VPOS="548" WIDTH="89" HEIGHT="50" CONTENT="Mal" WC="0.97" CC="042"/>
						<SP ID="P5_SP00005" HPOS="816" VPOS="619" WIDTH="40"/>
						<String ID="P5_ST00007" HPOS="856" VPOS="565" WIDTH="94" HEIGHT="33" CONTENT="vor." WC="0.99" CC="0004"/>
						<SP ID="P5_SP00006" HPOS="950" VPOS="619" WIDTH="59"/>
						<String ID="P5_ST00008" HPOS="1009" VPOS="548" WIDTH="68" HEIGHT="47" CONTENT="Da" WC="0.46" CC="54"/>
						<SP ID="P5_SP00007" HPOS="1077" VPOS="619" WIDTH="37"/>
						<String ID="P5_ST00009" HPOS="1114" VPOS="546" WIDTH="128" HEIGHT="65" CONTENT="jedes" WC="0.99" CC="32100"/>
						<SP ID="P5_SP00008" HPOS="1242" VPOS="619" WIDTH="31"/>
						<String ID="P5_ST00010" HPOS="1273" VPOS="546" WIDTH="109" HEIGHT="51" CONTENT="Lied" WC="0.98" CC="0700"/>
						<SP ID="P5_SP00009" HPOS="1382" VPOS="619" WIDTH="46"/>
						<String ID="P5_ST00011" HPOS="1428" VPOS="547" WIDTH="92" HEIGHT="50" CONTENT="drei" WC="1.00" CC="0000"/>
						<SP ID="P5_SP00010" HPOS="1520" VPOS="619" WIDTH="33"/>
						<String ID="P5_ST00012" HPOS="1553" VPOS="548" WIDTH="104" HEIGHT="50" CONTENT="Stro" SUBS_TYPE="HypPart1" SUBS_CONTENT="Strophen" WC="0.98" CC="1053"/>
						<HYP HPOS="1657" VPOS="548" WIDTH="26" CONTENT="-"/>
					</TextLine>
					<TextLine ID="P5_TL00003" HPOS="136" VPOS="628" WIDTH="1547" HEIGHT="75">
						<String ID="P5_ST00013" HPOS="136" VPOS="635" WIDTH="120" HEIGHT="68" CONTENT="phen" SUBS_TYPE="HypPart2" SUBS_CONTENT="Strophen" WC="0.95" CC="9704"/>
						<SP ID="P5_SP00011" HPOS="256" VPOS="703" WIDTH="30"/>
						<String ID="P5_ST00014" HPOS="286" VPOS="635" WIDTH="93" HEIGHT="58" CONTENT="hat," WC="0.96" CC="6660"/>
						<SP ID="P5_SP00012" HPOS="379" VPOS="703" WIDTH="29"/>
						<String ID="P5_ST00015" HPOS="408" VPOS="652" WIDTH="51" HEIGHT="32" CONTENT="so" WC="0.96" CC="00"/>
						<SP ID="P5_SP00013" HPOS="459" VPOS="703" WIDTH="31"/>
						<String ID="P5_ST00016" HPOS="490" VPOS="635" WIDTH="105" HEIGHT="47" CONTENT="hört" WC="0.97" CC="6033"/>
						<SP ID="P5_SP00014" HPOS="595" VPOS="703" WIDTH="30"/>
						<String ID="P5_ST00017" HPOS="625" VPOS="649" WIDTH="103" HEIGHT="31" CONTENT="man" WC="0.97" CC="033"/>
						<SP ID="P5_SP00015" HPOS="728" VPOS="703" WIDTH="30"/>
						<String ID="P5_ST00018" HPOS="758" VPOS="630" WIDTH="94" HEIGHT="50" CONTENT="also" WC="0.99" CC="0201"/>
						<SP ID="P5_SP00016" HPOS="852" VPOS="703" WIDTH="31"/>
						<String ID="P5_ST00019" HPOS="883" VPOS="630" WIDTH="152" HEIGHT="49" CONTENT="diesen" WC="0.99" CC="800000"/>
						<SP ID="P5_SP00017" HPOS="1035" VPOS="703" WIDTH="26"/>
						<String ID="P5_ST00020" HPOS="1061" VPOS="628" WIDTH="185" HEIGHT="50" CONTENT="Schluss" WC="0.58" CC="0076653"/>
						<SP ID="P5_SP00018" HPOS="1246" VPOS="703" WIDTH="28"/>
						<String ID="P5_ST00021" HPOS="1274" VPOS="628" WIDTH="64" HEIGHT="50" CONTENT="oft" WC="0.97" CC="304"/>
						<SP ID="P5_SP00019" HPOS="1338" VPOS="703" WIDTH="31"/>
						<String ID="P5_ST00022" HPOS="1369" VPOS="646" WIDTH="165" HEIGHT="50" CONTENT="genug." WC="0.99" CC="004600"/>
						<SP ID="P5_SP00020" HPOS="1534" VPOS="703" WIDTH="33"/>
						<String ID="P5_ST00023" HPOS="1567" VPOS="630" WIDTH="87" HEIGHT="49" CONTENT="Cha" SUBS_TYPE="HypPart1" SUBS_CONTENT="Charakteristisch" WC="0.97" CC="711"/>
						<HYP HPOS="1654" VPOS="630" WIDTH="29" CONTENT="-"/>
					</TextLine>
					<TextLine ID="P5_TL00004" HPOS="136" VPOS="711" WIDTH="1550" HEIGHT="66">
						<String ID="P5_ST00024" HPOS="136" VPOS="717" WIDTH="309" HEIGHT="51" CONTENT="rakteristisch" SUBS_TYPE="HypPart2" SUBS_CONTENT="Charakteristisch" WC="0.99" CC="6004010361006"/>
						<SP ID="P5_SP00021" HPOS="445" VPOS="768" WIDTH="32"/>
						<String ID="P5_ST00025" HPOS="477" VPOS="717" WIDTH="69" HEIGHT="50" CONTENT="für" WC="0.93" CC="495"/>
						<SP ID="P5_SP00022" HPOS="546" VPOS="768" WIDTH="27"/>
						<String ID="P5_ST00026" HPOS="573" VPOS="715" WIDTH="71" HEIGHT="49" CONTENT="die" WC="0.97" CC="060"/>
						<SP ID="P5_SP00023" HPOS="644" VPOS="768" WIDTH="29"/>
						<String ID="P5_ST00027" HPOS="673" VPOS="713" WIDTH="89" HEIGHT="50" CONTENT="Art" WC="0.95" CC="344"/>
						<SP ID="P5_SP00024" HPOS="762" VPOS="768" WIDTH="28"/>
						<String ID="P5_ST00028" HPOS="790" VPOS="730" WIDTH="88" HEIGHT="32" CONTENT="von" WC="0.96" CC="027"/>
						<SP ID="P5_SP00025" HPOS="878" VPOS="768" WIDTH="30"/>
						<String ID="P5_ST00029" HPOS="908" VPOS="711" WIDTH="339" HEIGHT="66" CONTENT="Componirerei" WC="0.74" CC="624005132300"/>
						<SP ID="P5_SP00026" HPOS="1247" VPOS="777" WIDTH="32"/>
						<String ID="P5_ST00030" HPOS="1279" VPOS="711" WIDTH="144" HEIGHT="51" CONTENT="dieses" WC="1.00" CC="000300"/>
						<SP ID="P5_SP00027" HPOS="1423" VPOS="777" WIDTH="24"/>
						<String ID="P5_ST00031" HPOS="1447" VPOS="713" WIDTH="151" HEIGHT="49" CONTENT="Herrn" WC="0.98" CC="50600"/>
						<SP ID="P5_SP00028" HPOS="1598" VPOS="777" WIDTH="32"/>
						<String ID="P5_ST00032" HPOS="1630" VPOS="713" WIDTH="56" HEIGHT="50" CONTENT="ist" WC="0.98" CC="004"/>
					</TextLine>
					<TextLine ID="P5_TL00005" HPOS="137" VPOS="792" WIDTH="1547" HEIGHT="73">
						<String ID="P5_ST00033" HPOS="137" VPOS="801" WIDTH="70" HEIGHT="50" CONTENT="die" WC="1.00" CC="000"/>
						<SP ID="P5_SP00029" HPOS="207" VPOS="851" WIDTH="41"/>
						<String ID="P5_ST00034" HPOS="248" VPOS="800" WIDTH="70" HEIGHT="49" CONTENT="bei" WC="0.97" CC="600"/>
						<SP ID="P5_SP00030" HPOS="318" VPOS="851" WIDTH="40"/>
						<String ID="P5_ST00035" HPOS="358" VPOS="800" WIDTH="160" HEIGHT="49" CONTENT="beiden" WC="0.99" CC="300004"/>
						<SP ID="P5_SP00031" HPOS="518" VPOS="851" WIDTH="39"/>
						<String ID="P5_ST00036" HPOS="557" VPOS="815" WIDTH="111" HEIGHT="50" CONTENT="ganz" WC="0.97" CC="0605"/>
						<SP ID="P5_SP00032" HPOS="668" VPOS="865" WIDTH="45"/>
						<String ID="P5_ST00037" HPOS="713" VPOS="795" WIDTH="143" HEIGHT="66" CONTENT="gleich" WC="0.99" CC="000104"/>
						<SP ID="P5_SP00033" HPOS="856" VPOS="865" WIDTH="46"/>
						<String ID="P5_ST00038" HPOS="902" VPOS="792" WIDTH="274" HEIGHT="51" CONTENT="ausfallende" WC="1.00" CC="21606000000"/>
						<SP ID="P5_SP00034" HPOS="1176" VPOS="865" WIDTH="30"/>
						<String ID="P5_ST00039" HPOS="1206" VPOS="795" WIDTH="306" HEIGHT="66" CONTENT="Nuancirung." WC="0.64" CC="05672500604"/>
						<SP ID="P5_SP00035" HPOS="1512" VPOS="865" WIDTH="58"/>
						<String ID="P5_ST00040" HPOS="1570" VPOS="795" WIDTH="114" HEIGHT="49" CONTENT="Eine" WC="0.99" CC="0030"/>
					</TextLine>
					<TextLine ID="P5_TL00006" HPOS="139" VPOS="876" WIDTH="1544" HEIGHT="57">
						<String ID="P5_ST00041" HPOS="139" VPOS="884" WIDTH="249" HEIGHT="49" CONTENT="wahrhafte" WC="0.99" CC="020067030"/>
						<SP ID="P5_SP00036" HPOS="388" VPOS="933" WIDTH="44"/>
						<String ID="P5_ST00042" HPOS="432" VPOS="881" WIDTH="235" HEIGHT="51" CONTENT="Caricatur" WC="0.75" CC="560005050"/>
						<SP ID="P5_SP00037" HPOS="667" VPOS="933" WIDTH="42"/>
						<String ID="P5_ST00043" HPOS="709" VPOS="879" WIDTH="57" HEIGHT="49" CONTENT="ist" WC="0.96" CC="144"/>
						<SP ID="P5_SP00038" HPOS="766" VPOS="933" WIDTH="53"/>
						<String ID="P5_ST00044" HPOS="819" VPOS="877" WIDTH="82" HEIGHT="50" CONTENT="der" WC="0.99" CC="001"/>
						<SP ID="P5_SP00039" HPOS="901" VPOS="933" WIDTH="44"/>
						<String ID="P5_ST00045" HPOS="945" VPOS="876" WIDTH="184" HEIGHT="50" CONTENT="Schluss" WC="0.90" CC="0060000"/>
						<SP ID="P5_SP00040" HPOS="1129" VPOS="933" WIDTH="46"/>
						<String ID="P5_ST00046" HPOS="1175" VPOS="876" WIDTH="79" HEIGHT="51" CONTENT="des" WC="1.00" CC="000"/>
						<SP ID="P5_SP00041" HPOS="1254" VPOS="933" WIDTH="45"/>
						<String ID="P5_ST00047" HPOS="1299" VPOS="877" WIDTH="167" HEIGHT="50" CONTENT="dritten" WC="0.99" CC="0001666"/>
						<SP ID="P5_SP00042" HPOS="1466" VPOS="933" WIDTH="39"/>
						<String ID="P5_ST00048" HPOS="1505" VPOS="879" WIDTH="178" HEIGHT="49" CONTENT="Liedes." WC="1.00" CC="0000004"/>
					</TextLine>
					<TextLine ID="P5_TL00007" HPOS="137" VPOS="959" WIDTH="827" HEIGHT="57">
						<String ID="P5_ST00049" HPOS="137" VPOS="966" WIDTH="230" HEIGHT="50" CONTENT="Nachdem" WC="0.99" CC="0404000"/>
						<SP ID="P5_SP00043" HPOS="367" VPOS="1016" WIDTH="32"/>
						<String ID="P5_ST00050" HPOS="399" VPOS="983" WIDTH="47" HEIGHT="31" CONTENT="es" WC="1.00" CC="00"/>
						<SP ID="P5_SP00044" HPOS="446" VPOS="1016" WIDTH="32"/>
						<String ID="P5_ST00051" HPOS="478" VPOS="965" WIDTH="58" HEIGHT="48" CONTENT="im" WC="1.00" CC="00"/>
						<SP ID="P5_SP00045" HPOS="536" VPOS="1016" WIDTH="32"/>
						<String ID="P5_ST00052" HPOS="568" VPOS="960" WIDTH="218" HEIGHT="51" CONTENT="Gedichte" WC="1.00" CC="00030430"/>
						<SP ID="P5_SP00046" HPOS="786" VPOS="1016" WIDTH="36"/>
						<String ID="P5_ST00053" HPOS="822" VPOS="959" WIDTH="142" HEIGHT="49" CONTENT="hiess:" WC="0.80" CC="600500"/>
					</TextLine>
					<TextLine ID="P5_TL00008" HPOS="506" VPOS="1044" WIDTH="646" HEIGHT="43">
						<String ID="P5_ST00054" HPOS="506" VPOS="1047" WIDTH="89" HEIGHT="40" CONTENT="Und" WC="0.93" CC="467" STYLEREFS="TXT_2"/>
						<SP ID="P5_SP00047" HPOS="595" VPOS="1087" WIDTH="30"/>
						<String ID="P5_ST00055" HPOS="625" VPOS="1045" WIDTH="71" HEIGHT="39" CONTENT="mit" WC="0.96" CC="900" STYLEREFS="TXT_2"/>
						<SP ID="P5_SP00048" HPOS="696" VPOS="1087" WIDTH="28"/>
						<String ID="P5_ST00056" HPOS="724" VPOS="1044" WIDTH="90" HEIGHT="38" CONTENT="dem" WC="0.98" CC="103" STYLEREFS="TXT_2"/>
						<SP ID="P5_SP00049" HPOS="814" VPOS="1087" WIDTH="30"/>
						<String ID="P5_ST00057" HPOS="844" VPOS="1047" WIDTH="127" HEIGHT="35" CONTENT="ersten" WC="0.98" CC="650106" STYLEREFS="TXT_2"/>
						<SP ID="P5_SP00050" HPOS="971" VPOS="1087" WIDTH="29"/>
						<String ID="P5_ST00058" HPOS="1000" VPOS="1044" WIDTH="152" HEIGHT="39" CONTENT="Strahle" WC="0.98" CC="5301375" STYLEREFS="TXT_2"/>
					</TextLine>
					<TextLine ID="P5_TL00009" HPOS="507" VPOS="1103" WIDTH="762" HEIGHT="51">
						<String ID="P5_ST00059" HPOS="507" VPOS="1107" WIDTH="135" HEIGHT="39" CONTENT="Geht's" WC="0.98" CC="326503" STYLEREFS="TXT_2"/>
						<SP ID="P5_SP00051" HPOS="642" VPOS="1146" WIDTH="29"/>
						<String ID="P5_ST00060" HPOS="671" VPOS="1106" WIDTH="73" HEIGHT="39" CONTENT="fort" WC="0.97" CC="0616" STYLEREFS="TXT_2"/>
						<SP ID="P5_SP00052" HPOS="744" VPOS="1146" WIDTH="30"/>
						<String ID="P5_ST00061" HPOS="774" VPOS="1117" WIDTH="67" HEIGHT="26" CONTENT="zur" WC="0.97" CC="600" STYLEREFS="TXT_2"/>
						<SP ID="P5_SP00053" HPOS="841" VPOS="1146" WIDTH="28"/>
						<String ID="P5_ST00062" HPOS="869" VPOS="1105" WIDTH="174" HEIGHT="49" CONTENT="blut'gen" WC="0.61" CC="60470406" STYLEREFS="TXT_2"/>
						<SP ID="P5_SP00054" HPOS="1043" VPOS="1154" WIDTH="29"/>
						<String ID="P5_ST00063" HPOS="1072" VPOS="1103" WIDTH="197" HEIGHT="47" CONTENT="Schlacht," WC="0.99" CC="400050670" STYLEREFS="TXT_2"/>
					</TextLine>
					<TextLine ID="P5_TL00010" HPOS="507" VPOS="1166" WIDTH="707" HEIGHT="52">
						<String ID="P5_ST00064" HPOS="507" VPOS="1169" WIDTH="81" HEIGHT="38" CONTENT="Der" WC="0.97" CC="600" STYLEREFS="TXT_2"/>
						<SP ID="P5_SP00055" HPOS="588" VPOS="1207" WIDTH="28"/>
						<String ID="P5_ST00065" HPOS="616" VPOS="1168" WIDTH="234" HEIGHT="50" CONTENT="Trompeter" WC="0.99" CC="032925000" STYLEREFS="TXT_2"/>
						<SP ID="P5_SP00056" HPOS="850" VPOS="1218" WIDTH="34"/>
						<String ID="P5_ST00066" HPOS="884" VPOS="1166" WIDTH="101" HEIGHT="39" CONTENT="hoch" WC="0.99" CC="0500" STYLEREFS="TXT_2"/>
						<SP ID="P5_SP00057" HPOS="985" VPOS="1218" WIDTH="29"/>
						<String ID="P5_ST00067" HPOS="1014" VPOS="1177" WIDTH="47" HEIGHT="27" CONTENT="zu" WC="0.60" CC="61" STYLEREFS="TXT_2"/>
						<SP ID="P5_SP00058" HPOS="1061" VPOS="1218" WIDTH="30"/>
						<String ID="P5_ST00068" HPOS="1091" VPOS="1166" WIDTH="123" HEIGHT="39" CONTENT="Rosse" WC="0.99" CC="52010" STYLEREFS="TXT_2"/>
					</TextLine>
					<TextLine ID="P5_TL00011" HPOS="507" VPOS="1228" WIDTH="617" HEIGHT="45">
						<String ID="P5_ST00069" HPOS="507" VPOS="1232" WIDTH="151" HEIGHT="38" CONTENT="Stürmt" WC="0.97" CC="380795" STYLEREFS="TXT_2"/>
						<SP ID="P5_SP00059" HPOS="658" VPOS="1270" WIDTH="28"/>
						<String ID="P5_ST00070" HPOS="686" VPOS="1229" WIDTH="67" HEIGHT="38" CONTENT="hin" WC="0.97" CC="007" STYLEREFS="TXT_2"/>
						<SP ID="P5_SP00060" HPOS="753" VPOS="1270" WIDTH="31"/>
						<String ID="P5_ST00071" HPOS="784" VPOS="1228" WIDTH="38" HEIGHT="39" CONTENT="in" WC="0.70" CC="05" STYLEREFS="TXT_2"/>
						<SP ID="P5_SP00061" HPOS="822" VPOS="1270" WIDTH="32"/>
						<String ID="P5_ST00072" HPOS="854" VPOS="1228" WIDTH="270" HEIGHT="45" CONTENT="Todesnachl;" WC="0.83" CC="75000050000" STYLEREFS="TXT_2"/>
					</TextLine>
					<TextLine ID="P5_TL00012" HPOS="508" VPOS="1289" WIDTH="577" HEIGHT="51">
						<String ID="P5_ST00073" HPOS="508" VPOS="1290" WIDTH="202" HEIGHT="41" CONTENT="Getroffen" WC="0.99" CC="203040004" STYLEREFS="TXT_2"/>
						<SP ID="P5_SP00062" HPOS="710" VPOS="1331" WIDTH="29"/>
						<String ID="P5_ST00074" HPOS="739" VPOS="1301" WIDTH="75" HEIGHT="27" CONTENT="von" WC="0.95" CC="813" STYLEREFS="TXT_2"/>
						<SP ID="P5_SP00063" HPOS="814" VPOS="1331" WIDTH="31"/>
						<String ID="P5_ST00075" HPOS="845" VPOS="1290" WIDTH="70" HEIGHT="38" CONTENT="der" WC="0.98" CC="005" STYLEREFS="TXT_2"/>
						<SP ID="P5_SP00064" HPOS="915" VPOS="1331" WIDTH="28"/>
						<String ID="P5_ST00076" HPOS="943" VPOS="1289" WIDTH="142" HEIGHT="51" CONTENT="Kugel," WC="0.98" CC="034062" STYLEREFS="TXT_2"/>
					</TextLine>
					<TextLine ID="P5_TL00013" HPOS="507" VPOS="1350" WIDTH="588" HEIGHT="52">
						<String ID="P5_ST00077" HPOS="507" VPOS="1352" WIDTH="100" HEIGHT="40" CONTENT="Fällt" WC="0.97" CC="27404" STYLEREFS="TXT_2"/>
						<SP ID="P5_SP00065" HPOS="607" VPOS="1392" WIDTH="28"/>
						<String ID="P5_ST00078" HPOS="635" VPOS="1364" WIDTH="42" HEIGHT="26" CONTENT="er" WC="0.66" CC="06" STYLEREFS="TXT_2"/>
						<SP ID="P5_SP00066" HPOS="677" VPOS="1392" WIDTH="28"/>
						<String ID="P5_ST00079" HPOS="705" VPOS="1351" WIDTH="70" HEIGHT="39" CONTENT="auf" WC="1.00" CC="000" STYLEREFS="TXT_2"/>
						<SP ID="P5_SP00067" HPOS="775" VPOS="1392" WIDTH="22"/>
						<String ID="P5_ST00080" HPOS="797" VPOS="1354" WIDTH="167" HEIGHT="48" CONTENT="grünem" WC="0.97" CC="901609" STYLEREFS="TXT_2"/>
						<SP ID="P5_SP00068" HPOS="964" VPOS="1402" WIDTH="28"/>
						<String ID="P5_ST00081" HPOS="992" VPOS="1350" WIDTH="103" HEIGHT="38" CONTENT="Rain" WC="0.96" CC="7506" STYLEREFS="TXT_2"/>
						<SP ID="P5_SP00069" HPOS="1095" VPOS="1402" WIDTH="0"/>
					</TextLine>
					<TextLine ID="P5_TL00014" HPOS="141" VPOS="1417" WIDTH="1547" HEIGHT="76">
						<String ID="P5_ST00082" HPOS="141" VPOS="1423" WIDTH="254" HEIGHT="70" CONTENT="componirt" WC="0.74" CC="513006006"/>
						<SP ID="P5_SP00070" HPOS="395" VPOS="1493" WIDTH="42"/>
						<String ID="P5_ST00083" HPOS="437" VPOS="1423" WIDTH="122" HEIGHT="47" CONTENT="Herr" WC="0.98" CC="6003"/>
						<SP ID="P5_SP00071" HPOS="559" VPOS="1493" WIDTH="41"/>
						<String ID="P5_ST00084" HPOS="600" VPOS="1420" WIDTH="204" HEIGHT="49" CONTENT="Schäffer" WC="0.87" CC="00600030"/>
						<SP ID="P5_SP00072" HPOS="804" VPOS="1493" WIDTH="43"/>
						<String ID="P5_ST00085" HPOS="847" VPOS="1418" WIDTH="69" HEIGHT="50" CONTENT="die" WC="1.00" CC="000"/>
						<SP ID="P5_SP00073" HPOS="916" VPOS="1493" WIDTH="44"/>
						<String ID="P5_ST00086" HPOS="960" VPOS="1418" WIDTH="445" HEIGHT="69" CONTENT="Schluss-Strophen" WC="0.88" CC="0041000406100100"/>
						<SP ID="P5_SP00074" HPOS="1405" VPOS="1493" WIDTH="46"/>
						<String ID="P5_ST00087" HPOS="1451" VPOS="1417" WIDTH="237" HEIGHT="67" CONTENT="folgender" WC="0.99" CC="331910902"/>
					</TextLine>
					<TextLine ID="P5_TL00015" HPOS="141" VPOS="1510" WIDTH="234" HEIGHT="51">
						<String ID="P5_ST00088" HPOS="141" VPOS="1510" WIDTH="234" HEIGHT="51" CONTENT="Maassen:" WC="0.84" CC="80000021"/>
					</TextLine>
				</TextBlock>
				<TextBlock ID="P5_TB00003" HPOS="135" VPOS="1791" WIDTH="1562" HEIGHT="2373" STYLEREFS="TXT_1 PAR_BLOCK">
					<TextLine ID="P5_TL00016" HPOS="327" VPOS="1792" WIDTH="1364" HEIGHT="52">
						<String ID="P5_ST00089" HPOS="327" VPOS="1812" WIDTH="43" HEIGHT="27" CONTENT="er" WC="0.66" CC="06" STYLEREFS="TXT_2"/>
						<SP ID="P5_SP00075" HPOS="370" VPOS="1839" WIDTH="28"/>
						<String ID="P5_ST00090" HPOS="398" VPOS="1799" WIDTH="113" HEIGHT="40" CONTENT="bl'as't" WC="0.78" CC="6043010" STYLEREFS="TXT_2"/>
						<SP ID="P5_SP00076" HPOS="511" VPOS="1839" WIDTH="26"/>
						<String ID="P5_ST00091" HPOS="537" VPOS="1809" WIDTH="89" HEIGHT="27" CONTENT="zum" WC="0.92" CC="667" STYLEREFS="TXT_2"/>
						<SP ID="P5_SP00077" HPOS="626" VPOS="1839" WIDTH="30"/>
						<String ID="P5_ST00092" HPOS="656" VPOS="1798" WIDTH="141" HEIGHT="38" CONTENT="letzten" WC="0.98" CC="0055404" STYLEREFS="TXT_2"/>
						<SP ID="P5_SP00078" HPOS="797" VPOS="1839" WIDTH="28"/>
						<String ID="P5_ST00093" HPOS="825" VPOS="1797" WIDTH="123" HEIGHT="39" CONTENT="Male:" WC="0.99" CC="02600" STYLEREFS="TXT_2"/>
						<SP ID="P5_SP00079" HPOS="948" VPOS="1839" WIDTH="29"/>
						<String ID="P5_ST00094" HPOS="977" VPOS="1795" WIDTH="94" HEIGHT="40" CONTENT="Leb'" WC="0.97" CC="7053" STYLEREFS="TXT_2"/>
						<SP ID="P5_SP00080" HPOS="1071" VPOS="1839" WIDTH="29"/>
						<String ID="P5_ST00095" HPOS="1100" VPOS="1794" WIDTH="106" HEIGHT="40" CONTENT="wohl" WC="0.96" CC="9242" STYLEREFS="TXT_2"/>
						<SP ID="P5_SP00081" HPOS="1206" VPOS="1839" WIDTH="30"/>
						<String ID="P5_ST00096" HPOS="1236" VPOS="1794" WIDTH="79" HEIGHT="38" CONTENT="und" WC="0.94" CC="355" STYLEREFS="TXT_2"/>
						<SP ID="P5_SP00082" HPOS="1315" VPOS="1839" WIDTH="29"/>
						<String ID="P5_ST00097" HPOS="1344" VPOS="1793" WIDTH="179" HEIGHT="51" CONTENT="gedenke" WC="0.99" CC="4020651" STYLEREFS="TXT_2"/>
						<SP ID="P5_SP00083" HPOS="1523" VPOS="1844" WIDTH="42"/>
						<String ID="P5_ST00098" HPOS="1565" VPOS="1792" WIDTH="126" HEIGHT="40" CONTENT="mein!" WC="0.98" CC="00653" STYLEREFS="TXT_2"/>
					</TextLine>
					<TextLine ID="P5_TL00017" HPOS="143" VPOS="1870" WIDTH="1545" HEIGHT="70">
						<String ID="P5_ST00099" HPOS="143" VPOS="1878" WIDTH="106" HEIGHT="53" CONTENT="Wir" WC="0.95" CC="427"/>
						<SP ID="P5_SP00084" HPOS="249" VPOS="1931" WIDTH="29"/>
						<String ID="P5_ST00100" HPOS="278" VPOS="1875" WIDTH="257" HEIGHT="51" CONTENT="versichern" WC="1.00" CC="6140001010"/>
						<SP ID="P5_SP00085" HPOS="535" VPOS="1931" WIDTH="29"/>
						<String ID="P5_ST00101" HPOS="564" VPOS="1874" WIDTH="103" HEIGHT="50" CONTENT="dem" WC="0.96" CC="603"/>
						<SP ID="P5_SP00086" HPOS="667" VPOS="1931" WIDTH="39"/>
						<String ID="P5_ST00102" HPOS="706" VPOS="1873" WIDTH="324" HEIGHT="67" CONTENT="Componisten" WC="0.81" CC="44040600000"/>
						<SP ID="P5_SP00087" HPOS="1030" VPOS="1940" WIDTH="141"/>
						<String ID="P5_ST00103" HPOS="1171" VPOS="1870" WIDTH="115" HEIGHT="51" CONTENT="doch" WC="0.98" CC="6000"/>
						<SP ID="P5_SP00088" HPOS="1286" VPOS="1940" WIDTH="31"/>
						<String ID="P5_ST00104" HPOS="1317" VPOS="1870" WIDTH="116" HEIGHT="50" CONTENT="halt!" WC="0.98" CC="03412"/>
						<SP ID="P5_SP00089" HPOS="1433" VPOS="1940" WIDTH="32"/>
						<String ID="P5_ST00105" HPOS="1465" VPOS="1870" WIDTH="81" HEIGHT="50" CONTENT="wir" WC="0.98" CC="060"/>
						<SP ID="P5_SP00090" HPOS="1546" VPOS="1940" WIDTH="32"/>
						<String ID="P5_ST00106" HPOS="1578" VPOS="1870" WIDTH="83" HEIGHT="50" CONTENT="wol" SUBS_TYPE="HypPart1" SUBS_CONTENT="wollen" WC="0.99" CC="030"/>
						<HYP HPOS="1661" VPOS="1870" WIDTH="27" CONTENT="-"/>
					</TextLine>
					<TextLine ID="P5_TL00018" HPOS="141" VPOS="1952" WIDTH="1547" HEIGHT="68">
						<String ID="P5_ST00107" HPOS="141" VPOS="1957" WIDTH="73" HEIGHT="53" CONTENT="len" SUBS_TYPE="HypPart2" SUBS_CONTENT="wollen" WC="0.94" CC="438"/>
						<SP ID="P5_SP00091" HPOS="214" VPOS="2010" WIDTH="30"/>
						<String ID="P5_ST00108" HPOS="244" VPOS="1977" WIDTH="84" HEIGHT="32" CONTENT="uns" WC="0.98" CC="230"/>
						<SP ID="P5_SP00092" HPOS="328" VPOS="2010" WIDTH="30"/>
						<String ID="P5_ST00109" HPOS="358" VPOS="1958" WIDTH="122" HEIGHT="50" CONTENT="nicht" WC="1.00" CC="00002"/>
						<SP ID="P5_SP00093" HPOS="480" VPOS="2010" WIDTH="30"/>
						<String ID="P5_ST00110" HPOS="510" VPOS="1957" WIDTH="205" HEIGHT="49" CONTENT="ereifern." WC="0.99" CC="040040014"/>
						<SP ID="P5_SP00094" HPOS="715" VPOS="2010" WIDTH="52"/>
						<String ID="P5_ST00111" HPOS="767" VPOS="1955" WIDTH="63" HEIGHT="50" CONTENT="Es" WC="0.85" CC="02"/>
						<SP ID="P5_SP00095" HPOS="830" VPOS="2010" WIDTH="31"/>
						<String ID="P5_ST00112" HPOS="861" VPOS="1972" WIDTH="103" HEIGHT="48" CONTENT="mag" WC="0.99" CC="200"/>
						<SP ID="P5_SP00096" HPOS="964" VPOS="2020" WIDTH="40"/>
						<String ID="P5_ST00113" HPOS="1004" VPOS="1954" WIDTH="119" HEIGHT="50" CONTENT="wohl" WC="0.97" CC="0472"/>
						<SP ID="P5_SP00097" HPOS="1123" VPOS="2020" WIDTH="33"/>
						<String ID="P5_ST00114" HPOS="1156" VPOS="1954" WIDTH="70" HEIGHT="48" CONTENT="ein" WC="0.99" CC="003"/>
						<SP ID="P5_SP00098" HPOS="1226" VPOS="2020" WIDTH="30"/>
						<String ID="P5_ST00115" HPOS="1256" VPOS="1953" WIDTH="239" HEIGHT="49" CONTENT="Publicum" WC="0.99" CC="00603056"/>
						<SP ID="P5_SP00099" HPOS="1495" VPOS="2020" WIDTH="31"/>
						<String ID="P5_ST00116" HPOS="1526" VPOS="1952" WIDTH="162" HEIGHT="67" CONTENT="geben," WC="0.99" CC="007024"/>
					</TextLine>
					<TextLine ID="P5_TL00019" HPOS="144" VPOS="2035" WIDTH="1544" HEIGHT="68">
						<String ID="P5_ST00117" HPOS="144" VPOS="2043" WIDTH="79" HEIGHT="51" CONTENT="das" WC="0.98" CC="040"/>
						<SP ID="P5_SP00100" HPOS="223" VPOS="2094" WIDTH="41"/>
						<String ID="P5_ST00118" HPOS="264" VPOS="2041" WIDTH="113" HEIGHT="49" CONTENT="auch" WC="0.97" CC="0663"/>
						<SP ID="P5_SP00101" HPOS="377" VPOS="2094" WIDTH="40"/>
						<String ID="P5_ST00119" HPOS="417" VPOS="2041" WIDTH="113" HEIGHT="49" CONTENT="nach" WC="0.99" CC="0500"/>
						<SP ID="P5_SP00102" HPOS="530" VPOS="2094" WIDTH="43"/>
						<String ID="P5_ST00120" HPOS="573" VPOS="2038" WIDTH="182" HEIGHT="51" CONTENT="solchen" WC="0.99" CC="0210105"/>
						<SP ID="P5_SP00103" HPOS="755" VPOS="2094" WIDTH="34"/>
						<String ID="P5_ST00121" HPOS="789" VPOS="2037" WIDTH="193" HEIGHT="51" CONTENT="Liedern" WC="1.00" CC="0000000"/>
						<SP ID="P5_SP00104" HPOS="982" VPOS="2094" WIDTH="42"/>
						<String ID="P5_ST00122" HPOS="1024" VPOS="2037" WIDTH="258" HEIGHT="66" CONTENT="Verlangen" WC="0.99" CC="002215800"/>
						<SP ID="P5_SP00105" HPOS="1282" VPOS="2103" WIDTH="39"/>
						<String ID="P5_ST00123" HPOS="1321" VPOS="2041" WIDTH="137" HEIGHT="61" CONTENT="trägt," WC="0.98" CC="156020"/>
						<SP ID="P5_SP00106" HPOS="1458" VPOS="2103" WIDTH="42"/>
						<String ID="P5_ST00124" HPOS="1500" VPOS="2035" WIDTH="94" HEIGHT="49" CONTENT="und" WC="1.00" CC="000"/>
						<SP ID="P5_SP00107" HPOS="1594" VPOS="2103" WIDTH="45"/>
						<String ID="P5_ST00125" HPOS="1639" VPOS="2052" WIDTH="49" HEIGHT="32" CONTENT="so" WC="1.00" CC="00"/>
					</TextLine>
					<TextLine ID="P5_TL00020" HPOS="143" VPOS="2118" WIDTH="1544" HEIGHT="66">
						<String ID="P5_ST00126" HPOS="143" VPOS="2126" WIDTH="163" HEIGHT="49" CONTENT="wollen" WC="0.99" CC="060006"/>
						<SP ID="P5_SP00108" HPOS="306" VPOS="2175" WIDTH="46"/>
						<String ID="P5_ST00127" HPOS="352" VPOS="2123" WIDTH="83" HEIGHT="50" CONTENT="wir" WC="0.95" CC="940"/>
						<SP ID="P5_SP00109" HPOS="435" VPOS="2175" WIDTH="43"/>
						<String ID="P5_ST00128" HPOS="478" VPOS="2123" WIDTH="132" HEIGHT="48" CONTENT="ihnen" WC="0.99" CC="04000"/>
						<SP ID="P5_SP00110" HPOS="610" VPOS="2175" WIDTH="46"/>
						<String ID="P5_ST00129" HPOS="656" VPOS="2122" WIDTH="118" HEIGHT="48" CONTENT="denn" WC="0.99" CC="0005"/>
						<SP ID="P5_SP00111" HPOS="774" VPOS="2175" WIDTH="39"/>
						<String ID="P5_ST00130" HPOS="813" VPOS="2121" WIDTH="67" HEIGHT="49" CONTENT="ihr" WC="0.96" CC="053"/>
						<SP ID="P5_SP00112" HPOS="880" VPOS="2175" WIDTH="45"/>
						<String ID="P5_ST00131" HPOS="925" VPOS="2119" WIDTH="161" HEIGHT="50" CONTENT="kurzes" WC="0.99" CC="000600"/>
						<SP ID="P5_SP00113" HPOS="1086" VPOS="2175" WIDTH="46"/>
						<String ID="P5_ST00132" HPOS="1132" VPOS="2118" WIDTH="154" HEIGHT="50" CONTENT="Leben" WC="0.98" CC="20602"/>
						<SP ID="P5_SP00114" HPOS="1286" VPOS="2175" WIDTH="44"/>
						<String ID="P5_ST00133" HPOS="1330" VPOS="2122" WIDTH="204" HEIGHT="62" CONTENT="gönnen;" WC="0.98" CC="0706340"/>
						<SP ID="P5_SP00115" HPOS="1534" VPOS="2184" WIDTH="40"/>
						<String ID="P5_ST00134" HPOS="1574" VPOS="2118" WIDTH="113" HEIGHT="50" CONTENT="nach" WC="0.98" CC="0502"/>
					</TextLine>
					<TextLine ID="P5_TL00021" HPOS="145" VPOS="2201" WIDTH="1539" HEIGHT="72">
						<String ID="P5_ST00135" HPOS="145" VPOS="2208" WIDTH="207" HEIGHT="65" CONTENT="wenigen" WC="0.99" CC="0020902"/>
						<SP ID="P5_SP00116" HPOS="352" VPOS="2273" WIDTH="29"/>
						<String ID="P5_ST00136" HPOS="381" VPOS="2206" WIDTH="170" HEIGHT="49" CONTENT="Jahren" WC="0.98" CC="645005"/>
						<SP ID="P5_SP00117" HPOS="551" VPOS="2273" WIDTH="30"/>
						<String ID="P5_ST00137" HPOS="581" VPOS="2204" WIDTH="129" HEIGHT="50" CONTENT="weiss" WC="0.98" CC="02364"/>
						<SP ID="P5_SP00118" HPOS="710" VPOS="2273" WIDTH="34"/>
						<String ID="P5_ST00138" HPOS="744" VPOS="2204" WIDTH="46" HEIGHT="65" CONTENT="ja" WC="0.70" CC="50"/>
						<SP ID="P5_SP00119" HPOS="790" VPOS="2273" WIDTH="31"/>
						<String ID="P5_ST00139" HPOS="821" VPOS="2203" WIDTH="195" HEIGHT="50" CONTENT="ohnehin" WC="0.99" CC="0330400"/>
						<SP ID="P5_SP00120" HPOS="1016" VPOS="2273" WIDTH="29"/>
						<String ID="P5_ST00140" HPOS="1045" VPOS="2202" WIDTH="218" HEIGHT="51" CONTENT="Niemand" WC="0.99" CC="5304500"/>
						<SP ID="P5_SP00121" HPOS="1263" VPOS="2273" WIDTH="28"/>
						<String ID="P5_ST00141" HPOS="1291" VPOS="2202" WIDTH="127" HEIGHT="48" CONTENT="mehr" WC="0.96" CC="0663"/>
						<SP ID="P5_SP00122" HPOS="1418" VPOS="2273" WIDTH="29"/>
						<String ID="P5_ST00142" HPOS="1447" VPOS="2218" WIDTH="89" HEIGHT="33" CONTENT="von" WC="0.97" CC="620"/>
						<SP ID="P5_SP00123" HPOS="1536" VPOS="2273" WIDTH="28"/>
						<String ID="P5_ST00143" HPOS="1564" VPOS="2201" WIDTH="120" HEIGHT="48" CONTENT="ihrer" WC="0.99" CC="00204"/>
					</TextLine>
					<TextLine ID="P5_TL00022" HPOS="144" VPOS="2291" WIDTH="230" HEIGHT="51">
						<String ID="P5_ST00144" HPOS="144" VPOS="2291" WIDTH="230" HEIGHT="51" CONTENT="Existenz." WC="0.99" CC="040310774"/>
					</TextLine>
					<TextLine ID="P5_TL00023" HPOS="270" VPOS="2363" WIDTH="1417" HEIGHT="69">
						<String ID="P5_ST00145" HPOS="270" VPOS="2370" WIDTH="355" HEIGHT="52" CONTENT="Constantin" WC="0.72" CC="6216000406"/>
						<SP ID="P5_SP00124" HPOS="625" VPOS="2422" WIDTH="32"/>
						<String ID="P5_ST00146" HPOS="657" VPOS="2370" WIDTH="246" HEIGHT="48" CONTENT="Decker." WC="0.99" CC="6001052"/>
						<SP ID="P5_SP00125" HPOS="903" VPOS="2422" WIDTH="41"/>
						<String ID="P5_ST00147" HPOS="944" VPOS="2367" WIDTH="123" HEIGHT="49" CONTENT="Fünf" WC="0.97" CC="0065"/>
						<SP ID="P5_SP00126" HPOS="1067" VPOS="2422" WIDTH="23"/>
						<String ID="P5_ST00148" HPOS="1090" VPOS="2367" WIDTH="178" HEIGHT="49" CONTENT="Lieder." WC="1.00" CC="0000050"/>
						<SP ID="P5_SP00127" HPOS="1268" VPOS="2422" WIDTH="33"/>
						<String ID="P5_ST00149" HPOS="1301" VPOS="2366" WIDTH="89" HEIGHT="66" CONTENT="Op." WC="0.58" CC="452"/>
						<SP ID="P5_SP00128" HPOS="1390" VPOS="2432" WIDTH="34"/>
						<String ID="P5_ST00150" HPOS="1424" VPOS="2363" WIDTH="91" HEIGHT="52" CONTENT="34." WC="0.75" CC="501"/>
						<SP ID="P5_SP00129" HPOS="1515" VPOS="2432" WIDTH="47"/>
						<String ID="P5_ST00151" HPOS="1562" VPOS="2364" WIDTH="125" HEIGHT="50" CONTENT="Preis" WC="0.99" CC="26000"/>
					</TextLine>
					<TextLine ID="P5_TL00024" HPOS="395" VPOS="2450" WIDTH="960" HEIGHT="68">
						<String ID="P5_ST00152" HPOS="395" VPOS="2453" WIDTH="68" HEIGHT="49" CONTENT="15" WC="0.56" CC="25"/>
						<SP ID="P5_SP00130" HPOS="463" VPOS="2502" WIDTH="36"/>
						<String ID="P5_ST00153" HPOS="499" VPOS="2455" WIDTH="103" HEIGHT="63" CONTENT="Sgr." WC="0.39" CC="0994"/>
						<SP ID="P5_SP00131" HPOS="602" VPOS="2518" WIDTH="31"/>
						<String ID="P5_ST00154" HPOS="633" VPOS="2451" WIDTH="301" HEIGHT="66" CONTENT="Magdeburg," WC="0.99" CC="0460060390"/>
						<SP ID="P5_SP00132" HPOS="934" VPOS="2518" WIDTH="29"/>
						<String ID="P5_ST00155" HPOS="963" VPOS="2450" WIDTH="392" HEIGHT="50" CONTENT="Heinrichshofen." WC="1.00" CC="410400054320104"/>
					</TextLine>
					<TextLine ID="P5_TL00025" HPOS="270" VPOS="2527" WIDTH="1417" HEIGHT="63">
						<String ID="P5_ST00156" HPOS="270" VPOS="2537" WIDTH="82" HEIGHT="48" CONTENT="Die" WC="0.97" CC="340"/>
						<SP ID="P5_SP00133" HPOS="352" VPOS="2585" WIDTH="31"/>
						<String ID="P5_ST00157" HPOS="383" VPOS="2536" WIDTH="147" HEIGHT="48" CONTENT="Texte" WC="0.99" CC="00060"/>
						<SP ID="P5_SP00134" HPOS="530" VPOS="2585" WIDTH="29"/>
						<String ID="P5_ST00158" HPOS="559" VPOS="2551" WIDTH="88" HEIGHT="33" CONTENT="von" WC="0.97" CC="502"/>
						<SP ID="P5_SP00135" HPOS="647" VPOS="2585" WIDTH="30"/>
						<String ID="P5_ST00159" HPOS="677" VPOS="2532" WIDTH="172" HEIGHT="58" CONTENT="Geibel," WC="0.84" CC="0004060"/>
						<SP ID="P5_SP00136" HPOS="849" VPOS="2590" WIDTH="30"/>
						<String ID="P5_ST00160" HPOS="879" VPOS="2535" WIDTH="154" HEIGHT="55" CONTENT="Prutz," WC="0.69" CC="030662"/>
						<SP ID="P5_SP00137" HPOS="1033" VPOS="2590" WIDTH="30"/>
						<String ID="P5_ST00161" HPOS="1063" VPOS="2531" WIDTH="215" HEIGHT="58" CONTENT="Rückert," WC="0.77" CC="60000442"/>
						<SP ID="P5_SP00138" HPOS="1278" VPOS="2590" WIDTH="32"/>
						<String ID="P5_ST00162" HPOS="1310" VPOS="2528" WIDTH="240" HEIGHT="50" CONTENT="Bechstein" WC="0.74" CC="650400007"/>
						<SP ID="P5_SP00139" HPOS="1550" VPOS="2590" WIDTH="40"/>
						<String ID="P5_ST00163" HPOS="1590" VPOS="2527" WIDTH="97" HEIGHT="51" CONTENT="sind" WC="0.98" CC="0720"/>
					</TextLine>
					<TextLine ID="P5_TL00026" HPOS="146" VPOS="2611" WIDTH="1534" HEIGHT="73">
						<String ID="P5_ST00164" HPOS="146" VPOS="2618" WIDTH="171" HEIGHT="50" CONTENT="hübsch" WC="0.99" CC="000606"/>
						<SP ID="P5_SP00140" HPOS="317" VPOS="2668" WIDTH="33"/>
						<String ID="P5_ST00165" HPOS="350" VPOS="2617" WIDTH="213" HEIGHT="67" CONTENT="gewählt," WC="0.99" CC="03067051"/>
						<SP ID="P5_SP00141" HPOS="563" VPOS="2684" WIDTH="46"/>
						<String ID="P5_ST00166" HPOS="609" VPOS="2616" WIDTH="68" HEIGHT="51" CONTENT="die" WC="1.00" CC="000"/>
						<SP ID="P5_SP00142" HPOS="677" VPOS="2684" WIDTH="32"/>
						<String ID="P5_ST00167" HPOS="709" VPOS="2615" WIDTH="370" HEIGHT="67" CONTENT="Compositionen" WC="0.69" CC="5027401002707"/>
						<SP ID="P5_SP00143" HPOS="1079" VPOS="2684" WIDTH="30"/>
						<String ID="P5_ST00168" HPOS="1109" VPOS="2613" WIDTH="143" HEIGHT="66" CONTENT="sinnig" WC="0.98" CC="600209"/>
						<SP ID="P5_SP00144" HPOS="1252" VPOS="2684" WIDTH="41"/>
						<String ID="P5_ST00169" HPOS="1293" VPOS="2612" WIDTH="93" HEIGHT="50" CONTENT="und" WC="0.96" CC="360"/>
						<SP ID="P5_SP00145" HPOS="1386" VPOS="2684" WIDTH="29"/>
						<String ID="P5_ST00170" HPOS="1415" VPOS="2630" WIDTH="88" HEIGHT="32" CONTENT="von" WC="0.94" CC="806"/>
						<SP ID="P5_SP00146" HPOS="1503" VPOS="2684" WIDTH="42"/>
						<String ID="P5_ST00171" HPOS="1545" VPOS="2611" WIDTH="113" HEIGHT="49" CONTENT="einfa" SUBS_TYPE="HypPart1" SUBS_CONTENT="einfachem," WC="0.99" CC="03203"/>
						<HYP HPOS="1658" VPOS="2611" WIDTH="22" CONTENT="-"/>
					</TextLine>
					<TextLine ID="P5_TL00027" HPOS="145" VPOS="2693" WIDTH="1539" HEIGHT="73">
						<String ID="P5_ST00172" HPOS="145" VPOS="2701" WIDTH="144" HEIGHT="58" CONTENT="chem," SUBS_TYPE="HypPart2" SUBS_CONTENT="einfachem," WC="0.99" CC="01060"/>
						<SP ID="P5_SP00147" HPOS="289" VPOS="2759" WIDTH="30"/>
						<String ID="P5_ST00173" HPOS="319" VPOS="2698" WIDTH="419" HEIGHT="68" CONTENT="ungeschminktem" WC="1.00" CC="02001069400006"/>
						<SP ID="P5_SP00148" HPOS="738" VPOS="2766" WIDTH="32"/>
						<String ID="P5_ST00174" HPOS="770" VPOS="2697" WIDTH="286" HEIGHT="57" CONTENT="Ausdrucke," WC="0.99" CC="7200050902"/>
						<SP ID="P5_SP00149" HPOS="1056" VPOS="2766" WIDTH="45"/>
						<String ID="P5_ST00175" HPOS="1101" VPOS="2714" WIDTH="132" HEIGHT="31" CONTENT="wenn" WC="0.99" CC="0023"/>
						<SP ID="P5_SP00150" HPOS="1233" VPOS="2766" WIDTH="45"/>
						<String ID="P5_ST00176" HPOS="1278" VPOS="2693" WIDTH="114" HEIGHT="50" CONTENT="auch" WC="0.98" CC="0802"/>
						<SP ID="P5_SP00151" HPOS="1392" VPOS="2766" WIDTH="41"/>
						<String ID="P5_ST00177" HPOS="1433" VPOS="2693" WIDTH="122" HEIGHT="50" CONTENT="nicht" WC="0.98" CC="00065"/>
						<SP ID="P5_SP00152" HPOS="1555" VPOS="2766" WIDTH="45"/>
						<String ID="P5_ST00178" HPOS="1600" VPOS="2710" WIDTH="84" HEIGHT="32" CONTENT="von" WC="0.97" CC="006"/>
					</TextLine>
					<TextLine ID="P5_TL00028" HPOS="146" VPOS="2775" WIDTH="1537" HEIGHT="58">
						<String ID="P5_ST00179" HPOS="146" VPOS="2782" WIDTH="364" HEIGHT="51" CONTENT="absonderlicher" WC="0.99" CC="66066003050004"/>
						<SP ID="P5_SP00153" HPOS="510" VPOS="2833" WIDTH="26"/>
						<String ID="P5_ST00180" HPOS="536" VPOS="2781" WIDTH="137" HEIGHT="51" CONTENT="Tiefe." WC="0.99" CC="000603"/>
						<SP ID="P5_SP00154" HPOS="673" VPOS="2833" WIDTH="47"/>
						<String ID="P5_ST00181" HPOS="720" VPOS="2780" WIDTH="160" HEIGHT="49" CONTENT="Leider" WC="0.99" CC="006000"/>
						<SP ID="P5_SP00155" HPOS="880" VPOS="2833" WIDTH="31"/>
						<String ID="P5_ST00182" HPOS="911" VPOS="2778" WIDTH="141" HEIGHT="50" CONTENT="findet" WC="0.98" CC="570004"/>
						<SP ID="P5_SP00156" HPOS="1052" VPOS="2833" WIDTH="33"/>
						<String ID="P5_ST00183" HPOS="1085" VPOS="2778" WIDTH="91" HEIGHT="49" CONTENT="sich" WC="0.99" CC="0006"/>
						<SP ID="P5_SP00157" HPOS="1176" VPOS="2833" WIDTH="32"/>
						<String ID="P5_ST00184" HPOS="1208" VPOS="2776" WIDTH="113" HEIGHT="49" CONTENT="auch" WC="0.99" CC="0600"/>
						<SP ID="P5_SP00158" HPOS="1321" VPOS="2833" WIDTH="32"/>
						<String ID="P5_ST00185" HPOS="1353" VPOS="2776" WIDTH="212" HEIGHT="48" CONTENT="mancher" WC="0.98" CC="5560500"/>
						<SP ID="P5_SP00159" HPOS="1565" VPOS="2833" WIDTH="30"/>
						<String ID="P5_ST00186" HPOS="1595" VPOS="2775" WIDTH="59" HEIGHT="49" CONTENT="Ge" SUBS_TYPE="HypPart1" SUBS_CONTENT="Gemeinplatz," WC="1.00" CC="00"/>
						<HYP HPOS="1654" VPOS="2775" WIDTH="29" CONTENT="-"/>
					</TextLine>
					<TextLine ID="P5_TL00029" HPOS="146" VPOS="2857" WIDTH="1540" HEIGHT="76">
						<String ID="P5_ST00187" HPOS="146" VPOS="2867" WIDTH="254" HEIGHT="66" CONTENT="meinplatz," SUBS_TYPE="HypPart2" SUBS_CONTENT="Gemeinplatz," WC="1.00" CC="0001000550"/>
						<SP ID="P5_SP00160" HPOS="400" VPOS="2933" WIDTH="41"/>
						<String ID="P5_ST00188" HPOS="441" VPOS="2865" WIDTH="85" HEIGHT="49" CONTENT="den" WC="0.98" CC="004"/>
						<SP ID="P5_SP00161" HPOS="526" VPOS="2933" WIDTH="42"/>
						<String ID="P5_ST00189" HPOS="568" VPOS="2864" WIDTH="80" HEIGHT="49" CONTENT="der" WC="1.00" CC="000"/>
						<SP ID="P5_SP00162" HPOS="648" VPOS="2933" WIDTH="41"/>
						<String ID="P5_ST00190" HPOS="689" VPOS="2862" WIDTH="260" HEIGHT="66" CONTENT="geschätzte" WC="0.99" CC="0100380340"/>
						<SP ID="P5_SP00163" HPOS="949" VPOS="2933" WIDTH="30"/>
						<String ID="P5_ST00191" HPOS="979" VPOS="2861" WIDTH="267" HEIGHT="67" CONTENT="Componist" WC="0.69" CC="743007004"/>
						<SP ID="P5_SP00164" HPOS="1246" VPOS="2933" WIDTH="40"/>
						<String ID="P5_ST00192" HPOS="1286" VPOS="2858" WIDTH="119" HEIGHT="50" CONTENT="wohl" WC="0.99" CC="0230"/>
						<SP ID="P5_SP00165" HPOS="1405" VPOS="2933" WIDTH="30"/>
						<String ID="P5_ST00193" HPOS="1435" VPOS="2857" WIDTH="126" HEIGHT="50" CONTENT="hätte" WC="0.97" CC="69350"/>
						<SP ID="P5_SP00166" HPOS="1561" VPOS="2933" WIDTH="27"/>
						<String ID="P5_ST00194" HPOS="1588" VPOS="2874" WIDTH="74" HEIGHT="33" CONTENT="ver" SUBS_TYPE="HypPart1" SUBS_CONTENT="vermeiden" WC="0.99" CC="400"/>
						<HYP HPOS="1662" VPOS="2874" WIDTH="24" CONTENT="-"/>
					</TextLine>
					<TextLine ID="P5_TL00030" HPOS="148" VPOS="2938" WIDTH="1538" HEIGHT="73">
						<String ID="P5_ST00195" HPOS="148" VPOS="2949" WIDTH="176" HEIGHT="49" CONTENT="meiden" SUBS_TYPE="HypPart2" SUBS_CONTENT="vermeiden" WC="0.99" CC="400007"/>
						<SP ID="P5_SP00167" HPOS="324" VPOS="2998" WIDTH="39"/>
						<String ID="P5_ST00196" HPOS="363" VPOS="2949" WIDTH="196" HEIGHT="48" CONTENT="können." WC="0.98" CC="0676254"/>
						<SP ID="P5_SP00168" HPOS="559" VPOS="2998" WIDTH="43"/>
						<String ID="P5_ST00197" HPOS="602" VPOS="2946" WIDTH="84" HEIGHT="48" CONTENT="Mit" WC="0.98" CC="022"/>
						<SP ID="P5_SP00169" HPOS="686" VPOS="2998" WIDTH="42"/>
						<String ID="P5_ST00198" HPOS="728" VPOS="2944" WIDTH="80" HEIGHT="50" CONTENT="der" WC="0.97" CC="015"/>
						<SP ID="P5_SP00170" HPOS="808" VPOS="2998" WIDTH="44"/>
						<String ID="P5_ST00199" HPOS="852" VPOS="2944" WIDTH="312" HEIGHT="67" CONTENT="Composition" WC="0.77" CC="61101056002"/>
						<SP ID="P5_SP00171" HPOS="1164" VPOS="3011" WIDTH="44"/>
						<String ID="P5_ST00200" HPOS="1208" VPOS="2942" WIDTH="78" HEIGHT="49" CONTENT="des" WC="0.98" CC="050"/>
						<SP ID="P5_SP00172" HPOS="1286" VPOS="3011" WIDTH="44"/>
						<String ID="P5_ST00201" HPOS="1330" VPOS="2938" WIDTH="356" HEIGHT="51" CONTENT="Rückert'schen" WC="0.81" CC="4900012000400"/>
					</TextLine>
					<TextLine ID="P5_TL00031" HPOS="160" VPOS="3024" WIDTH="1526" HEIGHT="66">
						<String ID="P5_ST00202" HPOS="160" VPOS="3030" WIDTH="187" HEIGHT="60" CONTENT="„Liebst" WC="0.99" CC="6000505"/>
						<SP ID="P5_SP00173" HPOS="347" VPOS="3090" WIDTH="30"/>
						<String ID="P5_ST00203" HPOS="377" VPOS="3031" WIDTH="60" HEIGHT="50" CONTENT="du" WC="0.68" CC="06"/>
						<SP ID="P5_SP00174" HPOS="437" VPOS="3090" WIDTH="31"/>
						<String ID="P5_ST00204" HPOS="468" VPOS="3048" WIDTH="76" HEIGHT="31" CONTENT="um" WC="0.96" CC="00"/>
						<SP ID="P5_SP00175" HPOS="544" VPOS="3090" WIDTH="30"/>
						<String ID="P5_ST00205" HPOS="574" VPOS="3027" WIDTH="277" HEIGHT="51" CONTENT='Schönheit"' WC="0.99" CC="5010460117"/>
						<SP ID="P5_SP00176" HPOS="851" VPOS="3090" WIDTH="42"/>
						<String ID="P5_ST00206" HPOS="893" VPOS="3027" WIDTH="179" HEIGHT="50" CONTENT="können" WC="0.99" CC="002005"/>
						<SP ID="P5_SP00177" HPOS="1072" VPOS="3090" WIDTH="38"/>
						<String ID="P5_ST00207" HPOS="1110" VPOS="3026" WIDTH="83" HEIGHT="50" CONTENT="wir" WC="0.98" CC="005"/>
						<SP ID="P5_SP00178" HPOS="1193" VPOS="3090" WIDTH="40"/>
						<String ID="P5_ST00208" HPOS="1233" VPOS="3041" WIDTH="84" HEIGHT="33" CONTENT="uns" WC="0.97" CC="070"/>
						<SP ID="P5_SP00179" HPOS="1317" VPOS="3090" WIDTH="42"/>
						<String ID="P5_ST00209" HPOS="1359" VPOS="3024" WIDTH="121" HEIGHT="49" CONTENT="nicht" WC="0.98" CC="60053"/>
						<SP ID="P5_SP00180" HPOS="1480" VPOS="3090" WIDTH="37"/>
						<String ID="P5_ST00210" HPOS="1517" VPOS="3024" WIDTH="145" HEIGHT="48" CONTENT="einver" SUBS_TYPE="HypPart1" SUBS_CONTENT="einverstanden" WC="0.99" CC="005005"/>
						<HYP HPOS="1662" VPOS="3024" WIDTH="24" CONTENT="-"/>
					</TextLine>
					<TextLine ID="P5_TL00032" HPOS="149" VPOS="3102" WIDTH="1538" HEIGHT="70">
						<String ID="P5_ST00211" HPOS="149" VPOS="3112" WIDTH="192" HEIGHT="51" CONTENT="standen" SUBS_TYPE="HypPart2" SUBS_CONTENT="einverstanden" WC="0.99" CC="2102007"/>
						<SP ID="P5_SP00181" HPOS="341" VPOS="3163" WIDTH="30"/>
						<String ID="P5_ST00212" HPOS="371" VPOS="3111" WIDTH="219" HEIGHT="50" CONTENT="erklären." WC="1.00" CC="000400000"/>
						<SP ID="P5_SP00182" HPOS="590" VPOS="3163" WIDTH="35"/>
						<String ID="P5_ST00213" HPOS="625" VPOS="3110" WIDTH="67" HEIGHT="48" CONTENT="Im" WC="0.76" CC="40"/>
						<SP ID="P5_SP00183" HPOS="692" VPOS="3163" WIDTH="23"/>
						<String ID="P5_ST00214" HPOS="715" VPOS="3110" WIDTH="184" HEIGHT="48" CONTENT="Ganzen" WC="0.98" CC="255314"/>
						<SP ID="P5_SP00184" HPOS="899" VPOS="3163" WIDTH="30"/>
						<String ID="P5_ST00215" HPOS="929" VPOS="3109" WIDTH="56" HEIGHT="49" CONTENT="ist" WC="0.98" CC="004"/>
						<SP ID="P5_SP00185" HPOS="985" VPOS="3163" WIDTH="30"/>
						<String ID="P5_ST00216" HPOS="1015" VPOS="3126" WIDTH="84" HEIGHT="32" CONTENT="uns" WC="1.00" CC="000"/>
						<SP ID="P5_SP00186" HPOS="1099" VPOS="3163" WIDTH="33"/>
						<String ID="P5_ST00217" HPOS="1132" VPOS="3107" WIDTH="79" HEIGHT="50" CONTENT="der" WC="0.96" CC="405"/>
						<SP ID="P5_SP00187" HPOS="1211" VPOS="3163" WIDTH="26"/>
						<String ID="P5_ST00218" HPOS="1237" VPOS="3105" WIDTH="267" HEIGHT="67" CONTENT="Componist" WC="0.88" CC="810000000"/>
						<SP ID="P5_SP00188" HPOS="1504" VPOS="3172" WIDTH="27"/>
						<String ID="P5_ST00219" HPOS="1531" VPOS="3105" WIDTH="43" HEIGHT="48" CONTENT="in" WC="0.85" CC="02"/>
						<SP ID="P5_SP00189" HPOS="1574" VPOS="3172" WIDTH="30"/>
						<String ID="P5_ST00220" HPOS="1604" VPOS="3102" WIDTH="63" HEIGHT="51" CONTENT="sei" SUBS_TYPE="HypPart1" SUBS_CONTENT="seinen" WC="0.99" CC="000"/>
						<HYP HPOS="1667" VPOS="3102" WIDTH="20" CONTENT="-"/>
					</TextLine>
					<TextLine ID="P5_TL00033" HPOS="153" VPOS="3191" WIDTH="833" HEIGHT="70">
						<String ID="P5_ST00221" HPOS="153" VPOS="3213" WIDTH="87" HEIGHT="33" CONTENT="nen" SUBS_TYPE="HypPart2" SUBS_CONTENT="seinen" WC="0.98" CC="500"/>
						<SP ID="P5_SP00190" HPOS="240" VPOS="3246" WIDTH="28"/>
						<String ID="P5_ST00222" HPOS="268" VPOS="3192" WIDTH="536" HEIGHT="69" CONTENT="Piano-Compositionen" WC="0.83" CC="0006306000001600302"/>
						<SP ID="P5_SP00191" HPOS="804" VPOS="3261" WIDTH="29"/>
						<String ID="P5_ST00223" HPOS="833" VPOS="3191" WIDTH="153" HEIGHT="50" CONTENT="lieber." WC="0.99" CC="0045604"/>
					</TextLine>
					<TextLine ID="P5_TL00034" HPOS="277" VPOS="3270" WIDTH="1411" HEIGHT="69">
						<String ID="P5_ST00224" HPOS="277" VPOS="3279" WIDTH="170" HEIGHT="51" CONTENT="Wilh." WC="0.64" CC="01673"/>
						<SP ID="P5_SP00192" HPOS="447" VPOS="3330" WIDTH="30"/>
						<String ID="P5_ST00225" HPOS="477" VPOS="3275" WIDTH="299" HEIGHT="51" CONTENT="Tschirch." WC="0.74" CC="035004351"/>
						<SP ID="P5_SP00193" HPOS="776" VPOS="3330" WIDTH="49"/>
						<String ID="P5_ST00226" HPOS="825" VPOS="3275" WIDTH="119" HEIGHT="48" CONTENT="Fünf" WC="0.96" CC="6065"/>
						<SP ID="P5_SP00194" HPOS="944" VPOS="3330" WIDTH="20"/>
						<String ID="P5_ST00227" HPOS="964" VPOS="3272" WIDTH="163" HEIGHT="51" CONTENT="Lieder" WC="0.98" CC="040860"/>
						<SP ID="P5_SP00195" HPOS="1127" VPOS="3330" WIDTH="30"/>
						<String ID="P5_ST00228" HPOS="1157" VPOS="3274" WIDTH="69" HEIGHT="48" CONTENT="lür" WC="0.41" CC="394"/>
						<SP ID="P5_SP00196" HPOS="1226" VPOS="3330" WIDTH="30"/>
						<String ID="P5_ST00229" HPOS="1256" VPOS="3274" WIDTH="176" HEIGHT="65" CONTENT="Sopran" WC="0.99" CC="000053"/>
						<SP ID="P5_SP00197" HPOS="1432" VPOS="3339" WIDTH="33"/>
						<String ID="P5_ST00230" HPOS="1465" VPOS="3270" WIDTH="109" HEIGHT="49" CONTENT="oder" WC="0.98" CC="1800"/>
						<SP ID="P5_SP00198" HPOS="1574" VPOS="3339" WIDTH="28"/>
						<String ID="P5_ST00231" HPOS="1602" VPOS="3271" WIDTH="58" HEIGHT="47" CONTENT="Te" SUBS_TYPE="HypPart1" SUBS_CONTENT="Tenor." WC="1.00" CC="00"/>
						<HYP HPOS="1660" VPOS="3271" WIDTH="28" CONTENT="-"/>
					</TextLine>
					<TextLine ID="P5_TL00035" HPOS="402" VPOS="3349" WIDTH="1289" HEIGHT="77">
						<String ID="P5_ST00232" HPOS="402" VPOS="3377" WIDTH="99" HEIGHT="34" CONTENT="nor." SUBS_TYPE="HypPart2" SUBS_CONTENT="Tenor." WC="0.97" CC="7204"/>
						<SP ID="P5_SP00199" HPOS="501" VPOS="3411" WIDTH="31"/>
						<String ID="P5_ST00233" HPOS="532" VPOS="3360" WIDTH="89" HEIGHT="66" CONTENT="Op." WC="0.63" CC="604"/>
						<SP ID="P5_SP00200" HPOS="621" VPOS="3426" WIDTH="35"/>
						<String ID="P5_ST00234" HPOS="656" VPOS="3356" WIDTH="92" HEIGHT="51" CONTENT="32." WC="0.42" CC="484"/>
						<SP ID="P5_SP00201" HPOS="748" VPOS="3426" WIDTH="32"/>
						<String ID="P5_ST00235" HPOS="780" VPOS="3356" WIDTH="161" HEIGHT="59" CONTENT="Berlin," WC="0.98" CC="7226040"/>
						<SP ID="P5_SP00202" HPOS="941" VPOS="3426" WIDTH="32"/>
						<String ID="P5_ST00236" HPOS="973" VPOS="3355" WIDTH="300" HEIGHT="66" CONTENT="Schlesinger." WC="1.00" CC="000061240004"/>
						<SP ID="P5_SP00203" HPOS="1273" VPOS="3426" WIDTH="43"/>
						<String ID="P5_ST00237" HPOS="1316" VPOS="3354" WIDTH="123" HEIGHT="48" CONTENT="Preis" WC="0.99" CC="64000"/>
						<SP ID="P5_SP00204" HPOS="1439" VPOS="3426" WIDTH="33"/>
						<String ID="P5_ST00238" HPOS="1472" VPOS="3350" WIDTH="18" HEIGHT="27" CONTENT="3" STYLE="superscript" WC="0.43" CC="5"/>
						<String ID="P5_ST00239" HPOS="1491" VPOS="3349" WIDTH="45" HEIGHT="61" CONTENT="A" WC="0.24" CC="7"/>
						<SP ID="P5_SP00205" HPOS="1536" VPOS="3426" WIDTH="31"/>
						<String ID="P5_ST00240" HPOS="1567" VPOS="3351" WIDTH="124" HEIGHT="50" CONTENT="Thlr." WC="0.71" CC="06052"/>
					</TextLine>
					<TextLine ID="P5_TL00036" HPOS="277" VPOS="3436" WIDTH="1416" HEIGHT="70">
						<String ID="P5_ST00241" HPOS="277" VPOS="3443" WIDTH="85" HEIGHT="50" CONTENT="Die" WC="0.96" CC="423"/>
						<SP ID="P5_SP00206" HPOS="362" VPOS="3493" WIDTH="29"/>
						<String ID="P5_ST00242" HPOS="391" VPOS="3441" WIDTH="280" HEIGHT="65" CONTENT="Auffassung" WC="0.98" CC="0477575360"/>
						<SP ID="P5_SP00207" HPOS="671" VPOS="3506" WIDTH="29"/>
						<String ID="P5_ST00243" HPOS="700" VPOS="3440" WIDTH="80" HEIGHT="50" CONTENT="des" WC="1.00" CC="000"/>
						<SP ID="P5_SP00208" HPOS="780" VPOS="3506" WIDTH="31"/>
						<String ID="P5_ST00244" HPOS="811" VPOS="3445" WIDTH="151" HEIGHT="45" CONTENT="ersten" WC="0.98" CC="045007"/>
						<SP ID="P5_SP00209" HPOS="962" VPOS="3506" WIDTH="29"/>
						<String ID="P5_ST00245" HPOS="991" VPOS="3438" WIDTH="187" HEIGHT="49" CONTENT="Liedes:" WC="1.00" CC="0000301"/>
						<SP ID="P5_SP00210" HPOS="1178" VPOS="3506" WIDTH="57"/>
						<String ID="P5_ST00246" HPOS="1235" VPOS="3477" WIDTH="16" HEIGHT="19" CONTENT="„" WC="0.28" CC="7"/>
						<SP ID="P5_SP00211" HPOS="1251" VPOS="3506" WIDTH="15"/>
						<String ID="P5_ST00247" HPOS="1266" VPOS="3436" WIDTH="181" HEIGHT="50" CONTENT="Horch!" WC="0.99" CC="620040"/>
						<SP ID="P5_SP00212" HPOS="1447" VPOS="3506" WIDTH="32"/>
						<String ID="P5_ST00248" HPOS="1479" VPOS="3452" WIDTH="47" HEIGHT="31" CONTENT="es" WC="1.00" CC="00"/>
						<SP ID="P5_SP00213" HPOS="1526" VPOS="3506" WIDTH="29"/>
						<String ID="P5_ST00249" HPOS="1555" VPOS="3439" WIDTH="138" HEIGHT="44" CONTENT="tönen" WC="1.00" CC="00000"/>
					</TextLine>
					<TextLine ID="P5_TL00037" HPOS="155" VPOS="3518" WIDTH="1326" HEIGHT="75">
						<String ID="P5_ST00250" HPOS="155" VPOS="3526" WIDTH="106" HEIGHT="50" CONTENT="leise" WC="1.00" CC="00001"/>
						<SP ID="P5_SP00214" HPOS="261" VPOS="3576" WIDTH="29"/>
						<String ID="P5_ST00251" HPOS="290" VPOS="3525" WIDTH="178" HEIGHT="68" CONTENT="Klänge" WC="0.99" CC="600400"/>
						<SP ID="P5_SP00215" HPOS="468" VPOS="3593" WIDTH="43"/>
						<String ID="P5_ST00252" HPOS="511" VPOS="3523" WIDTH="173" HEIGHT="49" CONTENT="lieblich" WC="0.99" CC="22360000"/>
						<SP ID="P5_SP00216" HPOS="684" VPOS="3593" WIDTH="44"/>
						<String ID="P5_ST00253" HPOS="728" VPOS="3521" WIDTH="142" HEIGHT="50" CONTENT="durch" WC="0.98" CC="01603"/>
						<SP ID="P5_SP00217" HPOS="870" VPOS="3593" WIDTH="45"/>
						<String ID="P5_ST00254" HPOS="915" VPOS="3520" WIDTH="70" HEIGHT="50" CONTENT="die" WC="0.99" CC="020"/>
						<SP ID="P5_SP00218" HPOS="985" VPOS="3593" WIDTH="41"/>
						<String ID="P5_ST00255" HPOS="1026" VPOS="3519" WIDTH="115" HEIGHT="49" CONTENT="stille" WC="0.99" CC="050000"/>
						<SP ID="P5_SP00219" HPOS="1141" VPOS="3593" WIDTH="35"/>
						<String ID="P5_ST00256" HPOS="1176" VPOS="3519" WIDTH="202" HEIGHT="57" CONTENT='Nacht",' WC="0.98" CC="9000463"/>
						<SP ID="P5_SP00220" HPOS="1378" VPOS="3593" WIDTH="43"/>
						<String ID="P5_ST00257" HPOS="1421" VPOS="3518" WIDTH="60" HEIGHT="49" CONTENT="im" WC="0.82" CC="03"/>
					</TextLine>
					<TextLine ID="P5_TL00038" HPOS="174" VPOS="3596" WIDTH="1522" HEIGHT="75">
						<String ID="P5_ST00258" HPOS="174" VPOS="3610" WIDTH="134" HEIGHT="56" CONTENT="assai," WC="0.98" CC="000000" STYLEREFS="TXT_3"/>
						<SP ID="P5_SP00221" HPOS="308" VPOS="3666" WIDTH="22"/>
						<String ID="P5_ST00259" HPOS="330" VPOS="3605" WIDTH="219" HEIGHT="65" CONTENT="%-Tact," WC="0.78" CC="9000032"/>
						<SP ID="P5_SP00222" HPOS="549" VPOS="3670" WIDTH="43"/>
						<String ID="P5_ST00260" HPOS="592" VPOS="3606" WIDTH="57" HEIGHT="49" CONTENT="ist" WC="0.96" CC="064"/>
						<SP ID="P5_SP00223" HPOS="649" VPOS="3670" WIDTH="29"/>
						<String ID="P5_ST00261" HPOS="678" VPOS="3604" WIDTH="164" HEIGHT="67" CONTENT="gewiss" WC="1.00" CC="000001"/>
						<SP ID="P5_SP00224" HPOS="842" VPOS="3671" WIDTH="32"/>
						<String ID="P5_ST00262" HPOS="874" VPOS="3601" WIDTH="349" HEIGHT="58" CONTENT="überraschend," WC="1.00" CC="0000350040602"/>
						<SP ID="P5_SP00225" HPOS="1223" VPOS="3671" WIDTH="46"/>
						<String ID="P5_ST00263" HPOS="1269" VPOS="3600" WIDTH="91" HEIGHT="50" CONTENT="und" WC="0.95" CC="345"/>
						<SP ID="P5_SP00226" HPOS="1360" VPOS="3671" WIDTH="45"/>
						<String ID="P5_ST00264" HPOS="1405" VPOS="3599" WIDTH="178" HEIGHT="49" CONTENT="können" WC="0.98" CC="906306"/>
						<SP ID="P5_SP00227" HPOS="1583" VPOS="3671" WIDTH="31"/>
						<String ID="P5_ST00265" HPOS="1614" VPOS="3596" WIDTH="82" HEIGHT="50" CONTENT="wir" WC="1.00" CC="000"/>
					</TextLine>
					<TextLine ID="P5_TL00039" HPOS="154" VPOS="3680" WIDTH="1543" HEIGHT="70">
						<String ID="P5_ST00266" HPOS="154" VPOS="3711" WIDTH="100" HEIGHT="39" CONTENT="uns," WC="0.98" CC="4030"/>
						<SP ID="P5_SP00228" HPOS="254" VPOS="3750" WIDTH="29"/>
						<String ID="P5_ST00267" HPOS="283" VPOS="3690" WIDTH="270" HEIGHT="51" CONTENT="namentlich" WC="0.99" CC="5070000005"/>
						<SP ID="P5_SP00229" HPOS="553" VPOS="3750" WIDTH="30"/>
						<String ID="P5_ST00268" HPOS="583" VPOS="3689" WIDTH="55" HEIGHT="50" CONTENT="da" WC="1.00" CC="00"/>
						<SP ID="P5_SP00230" HPOS="638" VPOS="3750" WIDTH="23"/>
						<String ID="P5_ST00269" HPOS="661" VPOS="3688" WIDTH="70" HEIGHT="49" CONTENT="die" WC="1.00" CC="000"/>
						<SP ID="P5_SP00231" HPOS="731" VPOS="3750" WIDTH="20"/>
						<String ID="P5_ST00270" HPOS="751" VPOS="3686" WIDTH="194" HEIGHT="51" CONTENT="Melodie" WC="0.99" CC="8004000"/>
						<SP ID="P5_SP00232" HPOS="945" VPOS="3750" WIDTH="24"/>
						<String ID="P5_ST00271" HPOS="969" VPOS="3693" WIDTH="143" HEIGHT="42" CONTENT="etwas" WC="0.99" CC="40001"/>
						<SP ID="P5_SP00233" HPOS="1112" VPOS="3750" WIDTH="22"/>
						<String ID="P5_ST00272" HPOS="1134" VPOS="3684" WIDTH="292" HEIGHT="65" CONTENT="Tanzarliges" WC="0.65" CC="05646300901"/>
						<SP ID="P5_SP00234" HPOS="1426" VPOS="3750" WIDTH="31"/>
						<String ID="P5_ST00273" HPOS="1457" VPOS="3683" WIDTH="90" HEIGHT="58" CONTENT="hat," WC="0.98" CC="0043"/>
						<SP ID="P5_SP00235" HPOS="1547" VPOS="3750" WIDTH="29"/>
						<String ID="P5_ST00274" HPOS="1576" VPOS="3680" WIDTH="121" HEIGHT="51" CONTENT="nicht" WC="0.98" CC="10364"/>
					</TextLine>
					<TextLine ID="P5_TL00040" HPOS="158" VPOS="3761" WIDTH="1539" HEIGHT="69">
						<String ID="P5_ST00275" HPOS="158" VPOS="3775" WIDTH="78" HEIGHT="49" CONTENT="mit" WC="0.99" CC="002"/>
						<SP ID="P5_SP00236" HPOS="236" VPOS="3824" WIDTH="31"/>
						<String ID="P5_ST00276" HPOS="267" VPOS="3774" WIDTH="67" HEIGHT="48" CONTENT="ihr" WC="0.97" CC="071"/>
						<SP ID="P5_SP00237" HPOS="334" VPOS="3824" WIDTH="31"/>
						<String ID="P5_ST00277" HPOS="365" VPOS="3772" WIDTH="293" HEIGHT="50" CONTENT="befreunden." WC="0.99" CC="60050400204"/>
						<SP ID="P5_SP00238" HPOS="658" VPOS="3824" WIDTH="60"/>
						<String ID="P5_ST00278" HPOS="718" VPOS="3769" WIDTH="84" HEIGHT="50" CONTENT="Die" WC="1.00" CC="000"/>
						<SP ID="P5_SP00239" HPOS="802" VPOS="3824" WIDTH="29"/>
						<String ID="P5_ST00279" HPOS="831" VPOS="3768" WIDTH="162" HEIGHT="51" CONTENT="Lieder" WC="1.00" CC="000001"/>
						<SP ID="P5_SP00240" HPOS="993" VPOS="3824" WIDTH="27"/>
						<String ID="P5_ST00280" HPOS="1020" VPOS="3765" WIDTH="240" HEIGHT="51" CONTENT="verrathen" WC="0.95" CC="000000102"/>
						<SP ID="P5_SP00241" HPOS="1260" VPOS="3824" WIDTH="29"/>
						<String ID="P5_ST00281" HPOS="1289" VPOS="3764" WIDTH="214" HEIGHT="66" CONTENT="übrigens" WC="0.99" CC="95310060"/>
						<SP ID="P5_SP00242" HPOS="1503" VPOS="3830" WIDTH="30"/>
						<String ID="P5_ST00282" HPOS="1533" VPOS="3761" WIDTH="137" HEIGHT="52" CONTENT="durch" SUBS_TYPE="HypPart1" SUBS_CONTENT="durchweg" WC="0.98" CC="00563"/>
						<HYP HPOS="1670" VPOS="3761" WIDTH="27" CONTENT="-"/>
					</TextLine>
					<TextLine ID="P5_TL00041" HPOS="158" VPOS="3845" WIDTH="1538" HEIGHT="78">
						<String ID="P5_ST00283" HPOS="158" VPOS="3873" WIDTH="101" HEIGHT="50" CONTENT="weg" SUBS_TYPE="HypPart2" SUBS_CONTENT="durchweg" WC="0.97" CC="007"/>
						<SP ID="P5_SP00243" HPOS="259" VPOS="3923" WIDTH="44"/>
						<String ID="P5_ST00284" HPOS="303" VPOS="3857" WIDTH="86" HEIGHT="49" CONTENT="den" WC="0.98" CC="006"/>
						<SP ID="P5_SP00244" HPOS="389" VPOS="3923" WIDTH="43"/>
						<String ID="P5_ST00285" HPOS="432" VPOS="3853" WIDTH="269" HEIGHT="52" CONTENT="routinirten" WC="0.84" CC="00340105002"/>
						<SP ID="P5_SP00245" HPOS="701" VPOS="3923" WIDTH="43"/>
						<String ID="P5_ST00286" HPOS="744" VPOS="3850" WIDTH="218" HEIGHT="59" CONTENT="Musiker," WC="0.99" CC="75200023"/>
						<SP ID="P5_SP00246" HPOS="962" VPOS="3923" WIDTH="44"/>
						<String ID="P5_ST00287" HPOS="1006" VPOS="3849" WIDTH="80" HEIGHT="51" CONTENT="der" WC="0.98" CC="004"/>
						<SP ID="P5_SP00247" HPOS="1086" VPOS="3923" WIDTH="43"/>
						<String ID="P5_ST00288" HPOS="1129" VPOS="3854" WIDTH="113" HEIGHT="43" CONTENT="stets" WC="0.98" CC="15046"/>
						<SP ID="P5_SP00248" HPOS="1242" VPOS="3923" WIDTH="44"/>
						<String ID="P5_ST00289" HPOS="1286" VPOS="3847" WIDTH="128" HEIGHT="49" CONTENT="einen" WC="1.00" CC="00000"/>
						<SP ID="P5_SP00249" HPOS="1414" VPOS="3923" WIDTH="46"/>
						<String ID="P5_ST00290" HPOS="1460" VPOS="3845" WIDTH="236" HEIGHT="68" CONTENT="gewissen," WC="1.00" CC="000013043"/>
					</TextLine>
					<TextLine ID="P5_TL00042" HPOS="156" VPOS="3927" WIDTH="1541" HEIGHT="62">
						<String ID="P5_ST00291" HPOS="156" VPOS="3938" WIDTH="276" HEIGHT="51" CONTENT="mindestens" WC="0.99" CC="9070531060"/>
						<SP ID="P5_SP00250" HPOS="432" VPOS="3989" WIDTH="28"/>
						<String ID="P5_ST00292" HPOS="460" VPOS="3942" WIDTH="217" HEIGHT="45" CONTENT="äusseren" WC="0.99" CC="00006755"/>
						<SP ID="P5_SP00251" HPOS="677" VPOS="3989" WIDTH="28"/>
						<String ID="P5_ST00293" HPOS="705" VPOS="3934" WIDTH="147" HEIGHT="50" CONTENT="Effect" WC="1.00" CC="000002"/>
						<SP ID="P5_SP00252" HPOS="852" VPOS="3989" WIDTH="30"/>
						<String ID="P5_ST00294" HPOS="882" VPOS="3952" WIDTH="53" HEIGHT="32" CONTENT="zu" WC="0.60" CC="34"/>
						<SP ID="P5_SP00253" HPOS="935" VPOS="3989" WIDTH="32"/>
						<String ID="P5_ST00295" HPOS="967" VPOS="3932" WIDTH="231" HEIGHT="49" CONTENT="erreichen" WC="0.98" CC="536530637"/>
						<SP ID="P5_SP00254" HPOS="1198" VPOS="3989" WIDTH="32"/>
						<String ID="P5_ST00296" HPOS="1230" VPOS="3929" WIDTH="146" HEIGHT="51" CONTENT="weiss." WC="0.99" CC="060003"/>
						<SP ID="P5_SP00255" HPOS="1376" VPOS="3989" WIDTH="47"/>
						<String ID="P5_ST00297" HPOS="1423" VPOS="3929" WIDTH="82" HEIGHT="50" CONTENT="Die" WC="0.97" CC="016"/>
						<SP ID="P5_SP00256" HPOS="1505" VPOS="3989" WIDTH="29"/>
						<String ID="P5_ST00298" HPOS="1534" VPOS="3927" WIDTH="163" HEIGHT="50" CONTENT="Lieder" WC="0.98" CC="007057"/>
					</TextLine>
					<TextLine ID="P5_TL00043" HPOS="159" VPOS="4007" WIDTH="1535" HEIGHT="74">
						<String ID="P5_ST00299" HPOS="159" VPOS="4021" WIDTH="173" HEIGHT="58" CONTENT="stehen," WC="0.99" CC="2007022"/>
						<SP ID="P5_SP00257" HPOS="332" VPOS="4079" WIDTH="44"/>
						<String ID="P5_ST00300" HPOS="376" VPOS="4038" WIDTH="93" HEIGHT="32" CONTENT="was" WC="0.99" CC="020"/>
						<SP ID="P5_SP00258" HPOS="469" VPOS="4079" WIDTH="42"/>
						<String ID="P5_ST00301" HPOS="511" VPOS="4021" WIDTH="68" HEIGHT="48" CONTENT="die" WC="0.98" CC="013"/>
						<SP ID="P5_SP00259" HPOS="579" VPOS="4079" WIDTH="35"/>
						<String ID="P5_ST00302" HPOS="614" VPOS="4018" WIDTH="247" HEIGHT="63" CONTENT="Erfassung" WC="1.00" CC="100200400"/>
						<SP ID="P5_SP00260" HPOS="861" VPOS="4081" WIDTH="32"/>
						<String ID="P5_ST00303" HPOS="893" VPOS="4017" WIDTH="80" HEIGHT="48" CONTENT="der" WC="1.00" CC="000"/>
						<SP ID="P5_SP00261" HPOS="973" VPOS="4081" WIDTH="31"/>
						<String ID="P5_ST00304" HPOS="1004" VPOS="4014" WIDTH="257" HEIGHT="65" CONTENT="Stimmung" WC="0.99" CC="00040060"/>
						<SP ID="P5_SP00262" HPOS="1261" VPOS="4081" WIDTH="31"/>
						<String ID="P5_ST00305" HPOS="1292" VPOS="4012" WIDTH="79" HEIGHT="49" CONTENT="des" WC="1.00" CC="010"/>
						<SP ID="P5_SP00263" HPOS="1371" VPOS="4081" WIDTH="31"/>
						<String ID="P5_ST00306" HPOS="1402" VPOS="4013" WIDTH="171" HEIGHT="47" CONTENT="Textes" WC="0.99" CC="020600"/>
						<SP ID="P5_SP00264" HPOS="1573" VPOS="4081" WIDTH="30"/>
						<String ID="P5_ST00307" HPOS="1603" VPOS="4007" WIDTH="91" HEIGHT="52" CONTENT="und" WC="0.93" CC="468"/>
					</TextLine>
					<TextLine ID="P5_TL00044" HPOS="160" VPOS="4090" WIDTH="1536" HEIGHT="74">
						<String ID="P5_ST00308" HPOS="160" VPOS="4121" WIDTH="93" HEIGHT="33" CONTENT="was" WC="0.98" CC="040"/>
						<SP ID="P5_SP00265" HPOS="253" VPOS="4154" WIDTH="46"/>
						<String ID="P5_ST00309" HPOS="299" VPOS="4103" WIDTH="68" HEIGHT="50" CONTENT="die" WC="0.99" CC="020"/>
						<SP ID="P5_SP00266" HPOS="367" VPOS="4154" WIDTH="45"/>
						<String ID="P5_ST00310" HPOS="412" VPOS="4101" WIDTH="306" HEIGHT="52" CONTENT="musicalische" WC="1.00" CC="030303020063"/>
						<SP ID="P5_SP00267" HPOS="718" VPOS="4154" WIDTH="40"/>
						<String ID="P5_ST00311" HPOS="758" VPOS="4097" WIDTH="310" HEIGHT="67" CONTENT="Wiedergabe" WC="0.99" CC="2050047622"/>
						<SP ID="P5_SP00268" HPOS="1068" VPOS="4164" WIDTH="44"/>
						<String ID="P5_ST00312" HPOS="1112" VPOS="4097" WIDTH="196" HEIGHT="64" CONTENT="anlangt," WC="0.98" CC="15434953"/>
						<SP ID="P5_SP00269" HPOS="1308" VPOS="4164" WIDTH="45"/>
						<String ID="P5_ST00313" HPOS="1353" VPOS="4094" WIDTH="220" HEIGHT="66" CONTENT="ungefähr" WC="0.99" CC="10950360"/>
						<SP ID="P5_SP00270" HPOS="1573" VPOS="4164" WIDTH="44"/>
						<String ID="P5_ST00314" HPOS="1617" VPOS="4090" WIDTH="79" HEIGHT="51" CONTENT="mit" WC="0.93" CC="845"/>
					</TextLine>
				</TextBlock>
				<TextBlock ID="P5_TB00004" HPOS="1775" VPOS="284" WIDTH="1552" HEIGHT="2528" STYLEREFS="TXT_1 PAR_BLOCK">
					<TextLine ID="P5_TL00045" HPOS="1776" VPOS="284" WIDTH="1542" HEIGHT="71">
						<String ID="P5_ST00315" HPOS="1776" VPOS="287" WIDTH="395" HEIGHT="68" CONTENT="Reissiger'schen," WC="0.70" CC="2001209060577200"/>
						<SP ID="P5_SP00271" HPOS="2171" VPOS="355" WIDTH="31"/>
						<String ID="P5_ST00316" HPOS="2202" VPOS="285" WIDTH="80" HEIGHT="51" CONTENT="mit" WC="0.98" CC="005"/>
						<SP ID="P5_SP00272" HPOS="2282" VPOS="355" WIDTH="30"/>
						<String ID="P5_ST00317" HPOS="2312" VPOS="285" WIDTH="85" HEIGHT="51" CONTENT="den" WC="1.00" CC="000"/>
						<SP ID="P5_SP00273" HPOS="2397" VPOS="355" WIDTH="32"/>
						<String ID="P5_ST00318" HPOS="2429" VPOS="285" WIDTH="213" HEIGHT="51" CONTENT="besseren" WC="0.99" CC="30300031"/>
						<SP ID="P5_SP00274" HPOS="2642" VPOS="355" WIDTH="32"/>
						<String ID="P5_ST00319" HPOS="2674" VPOS="284" WIDTH="57" HEIGHT="70" CONTENT="(d." WC="0.31" CC="694"/>
						<SP ID="P5_SP00275" HPOS="2731" VPOS="355" WIDTH="28"/>
						<String ID="P5_ST00320" HPOS="2759" VPOS="285" WIDTH="43" HEIGHT="51" CONTENT="h." WC="0.55" CC="71"/>
						<SP ID="P5_SP00276" HPOS="2802" VPOS="355" WIDTH="21"/>
						<String ID="P5_ST00321" HPOS="2823" VPOS="285" WIDTH="78" HEIGHT="50" CONTENT="mit" WC="1.00" CC="010"/>
						<SP ID="P5_SP00277" HPOS="2901" VPOS="355" WIDTH="19"/>
						<String ID="P5_ST00322" HPOS="2920" VPOS="285" WIDTH="85" HEIGHT="51" CONTENT="den" WC="0.99" CC="003"/>
						<SP ID="P5_SP00278" HPOS="3005" VPOS="355" WIDTH="24"/>
						<String ID="P5_ST00323" HPOS="3029" VPOS="284" WIDTH="173" HEIGHT="69" CONTENT="ersten)" WC="0.99" CC="0005057"/>
						<SP ID="P5_SP00279" HPOS="3202" VPOS="355" WIDTH="15"/>
						<String ID="P5_ST00324" HPOS="3217" VPOS="287" WIDTH="76" HEIGHT="48" CONTENT="Lie" SUBS_TYPE="HypPart1" SUBS_CONTENT="Liedern" WC="1.00" CC="002"/>
						<HYP HPOS="3293" VPOS="287" WIDTH="25" CONTENT="-"/>
					</TextLine>
					<TextLine ID="P5_TL00046" HPOS="1777" VPOS="368" WIDTH="1538" HEIGHT="66">
						<String ID="P5_ST00325" HPOS="1777" VPOS="372" WIDTH="110" HEIGHT="49" CONTENT="dern" SUBS_TYPE="HypPart2" SUBS_CONTENT="Liedern" WC="0.99" CC="0004"/>
						<SP ID="P5_SP00280" HPOS="1887" VPOS="421" WIDTH="30"/>
						<String ID="P5_ST00326" HPOS="1917" VPOS="388" WIDTH="85" HEIGHT="33" CONTENT="von" WC="0.95" CC="434"/>
						<SP ID="P5_SP00281" HPOS="2002" VPOS="421" WIDTH="30"/>
						<String ID="P5_ST00327" HPOS="2032" VPOS="369" WIDTH="193" HEIGHT="50" CONTENT="Kücken" WC="0.99" CC="300005"/>
						<SP ID="P5_SP00282" HPOS="2225" VPOS="421" WIDTH="37"/>
						<String ID="P5_ST00328" HPOS="2262" VPOS="368" WIDTH="93" HEIGHT="51" CONTENT="und" WC="0.95" CC="337"/>
						<SP ID="P5_SP00283" HPOS="2355" VPOS="421" WIDTH="42"/>
						<String ID="P5_ST00329" HPOS="2397" VPOS="368" WIDTH="231" HEIGHT="51" CONTENT="ähnlichen" WC="0.99" CC="946140500"/>
						<SP ID="P5_SP00284" HPOS="2628" VPOS="421" WIDTH="30"/>
						<String ID="P5_ST00330" HPOS="2658" VPOS="369" WIDTH="83" HEIGHT="49" CONTENT="auf" WC="0.96" CC="630"/>
						<SP ID="P5_SP00285" HPOS="2741" VPOS="421" WIDTH="33"/>
						<String ID="P5_ST00331" HPOS="2774" VPOS="368" WIDTH="197" HEIGHT="66" CONTENT="gleicher" WC="0.98" CC="93006305"/>
						<SP ID="P5_SP00286" HPOS="2971" VPOS="434" WIDTH="30"/>
						<String ID="P5_ST00332" HPOS="3001" VPOS="368" WIDTH="144" HEIGHT="51" CONTENT="Stufe." WC="0.99" CC="020004"/>
						<SP ID="P5_SP00287" HPOS="3145" VPOS="434" WIDTH="43"/>
						<String ID="P5_ST00333" HPOS="3188" VPOS="369" WIDTH="96" HEIGHT="50" CONTENT="Men" SUBS_TYPE="HypPart1" SUBS_CONTENT="Mendelssohn'scher" WC="1.00" CC="000"/>
						<HYP HPOS="3284" VPOS="369" WIDTH="31" CONTENT="-"/>
					</TextLine>
					<TextLine ID="P5_TL00047" HPOS="1777" VPOS="449" WIDTH="1541" HEIGHT="69">
						<String ID="P5_ST00334" HPOS="1777" VPOS="452" WIDTH="358" HEIGHT="52" CONTENT="delssohn'scher" SUBS_TYPE="HypPart2" SUBS_CONTENT="Mendelssohn'scher" WC="0.80" CC="02500262000610"/>
						<SP ID="P5_SP00288" HPOS="2135" VPOS="504" WIDTH="29"/>
						<String ID="P5_ST00335" HPOS="2164" VPOS="451" WIDTH="111" HEIGHT="50" CONTENT="oder" WC="0.99" CC="7000"/>
						<SP ID="P5_SP00289" HPOS="2275" VPOS="504" WIDTH="27"/>
						<String ID="P5_ST00336" HPOS="2302" VPOS="467" WIDTH="80" HEIGHT="51" CONTENT="gar" WC="0.99" CC="030"/>
						<SP ID="P5_SP00290" HPOS="2382" VPOS="518" WIDTH="24"/>
						<String ID="P5_ST00337" HPOS="2406" VPOS="451" WIDTH="372" HEIGHT="49" CONTENT="Schubert'scher" WC="0.71" CC="00544056030505"/>
						<SP ID="P5_SP00291" HPOS="2778" VPOS="518" WIDTH="16"/>
						<String ID="P5_ST00338" HPOS="2794" VPOS="449" WIDTH="197" HEIGHT="51" CONTENT="Einfluss" WC="0.91" CC="20000300"/>
						<SP ID="P5_SP00292" HPOS="2991" VPOS="518" WIDTH="23"/>
						<String ID="P5_ST00339" HPOS="3014" VPOS="451" WIDTH="57" HEIGHT="49" CONTENT="ist" WC="1.00" CC="000"/>
						<SP ID="P5_SP00293" HPOS="3071" VPOS="518" WIDTH="28"/>
						<String ID="P5_ST00340" HPOS="3099" VPOS="467" WIDTH="55" HEIGHT="33" CONTENT="an" WC="0.68" CC="60"/>
						<SP ID="P5_SP00294" HPOS="3154" VPOS="518" WIDTH="30"/>
						<String ID="P5_ST00341" HPOS="3184" VPOS="451" WIDTH="134" HEIGHT="49" CONTENT="ihnen" WC="0.99" CC="05000"/>
					</TextLine>
					<TextLine ID="P5_TL00048" HPOS="1777" VPOS="534" WIDTH="437" HEIGHT="52">
						<String ID="P5_ST00342" HPOS="1777" VPOS="538" WIDTH="121" HEIGHT="48" CONTENT="nicht" WC="0.98" CC="60060"/>
						<SP ID="P5_SP00295" HPOS="1898" VPOS="586" WIDTH="31"/>
						<String ID="P5_ST00343" HPOS="1929" VPOS="534" WIDTH="285" HEIGHT="51" CONTENT="bemerkbar." WC="0.99" CC="6600405503"/>
					</TextLine>
					<TextLine ID="P5_TL00049" HPOS="1899" VPOS="613" WIDTH="1417" HEIGHT="69">
						<String ID="P5_ST00344" HPOS="1899" VPOS="618" WIDTH="225" HEIGHT="50" CONTENT="Robert" WC="0.98" CC="006055"/>
						<SP ID="P5_SP00296" HPOS="2124" VPOS="668" WIDTH="44"/>
						<String ID="P5_ST00345" HPOS="2168" VPOS="614" WIDTH="282" HEIGHT="52" CONTENT="Radecke." WC="0.99" CC="06900003"/>
						<SP ID="P5_SP00297" HPOS="2450" VPOS="668" WIDTH="61"/>
						<String ID="P5_ST00346" HPOS="2511" VPOS="614" WIDTH="121" HEIGHT="50" CONTENT="Fünf" WC="0.98" CC="4060"/>
						<SP ID="P5_SP00298" HPOS="2632" VPOS="668" WIDTH="38"/>
						<String ID="P5_ST00347" HPOS="2670" VPOS="614" WIDTH="161" HEIGHT="50" CONTENT="Lieder" WC="0.99" CC="000025"/>
						<SP ID="P5_SP00299" HPOS="2831" VPOS="668" WIDTH="45"/>
						<String ID="P5_ST00348" HPOS="2876" VPOS="616" WIDTH="69" HEIGHT="48" CONTENT="lür" WC="0.44" CC="790"/>
						<SP ID="P5_SP00300" HPOS="2945" VPOS="668" WIDTH="36"/>
						<String ID="P5_ST00349" HPOS="2981" VPOS="616" WIDTH="179" HEIGHT="66" CONTENT="Sopran" WC="0.99" CC="020425"/>
						<SP ID="P5_SP00301" HPOS="3160" VPOS="682" WIDTH="47"/>
						<String ID="P5_ST00350" HPOS="3207" VPOS="613" WIDTH="109" HEIGHT="51" CONTENT="oder" WC="0.99" CC="2000"/>
					</TextLine>
					<TextLine ID="P5_TL00050" HPOS="2023" VPOS="697" WIDTH="1295" HEIGHT="70">
						<String ID="P5_ST00351" HPOS="2023" VPOS="702" WIDTH="168" HEIGHT="48" CONTENT="Tenor." WC="0.99" CC="003034"/>
						<SP ID="P5_SP00302" HPOS="2191" VPOS="750" WIDTH="33"/>
						<String ID="P5_ST00352" HPOS="2224" VPOS="699" WIDTH="89" HEIGHT="68" CONTENT="Op." WC="0.63" CC="703"/>
						<SP ID="P5_SP00303" HPOS="2313" VPOS="767" WIDTH="34"/>
						<String ID="P5_ST00353" HPOS="2347" VPOS="698" WIDTH="50" HEIGHT="50" CONTENT="9." WC="0.46" CC="64"/>
						<SP ID="P5_SP00304" HPOS="2397" VPOS="767" WIDTH="30"/>
						<String ID="P5_ST00354" HPOS="2427" VPOS="697" WIDTH="301" HEIGHT="67" CONTENT="Magdeburg," WC="1.00" CC="2400000204"/>
						<SP ID="P5_SP00305" HPOS="2728" VPOS="767" WIDTH="31"/>
						<String ID="P5_ST00355" HPOS="2759" VPOS="698" WIDTH="386" HEIGHT="51" CONTENT="Heinrichshofen." WC="1.00" CC="400350060600004"/>
						<SP ID="P5_SP00306" HPOS="3145" VPOS="767" WIDTH="46"/>
						<String ID="P5_ST00356" HPOS="3191" VPOS="697" WIDTH="127" HEIGHT="48" CONTENT="Preis" WC="0.99" CC="60002"/>
					</TextLine>
					<TextLine ID="P5_TL00051" HPOS="2032" VPOS="782" WIDTH="215" HEIGHT="65">
						<String ID="P5_ST00357" HPOS="2032" VPOS="782" WIDTH="69" HEIGHT="50" CONTENT="15" WC="0.54" CC="35"/>
						<SP ID="P5_SP00307" HPOS="2101" VPOS="832" WIDTH="43"/>
						<String ID="P5_ST00358" HPOS="2144" VPOS="783" WIDTH="103" HEIGHT="64" CONTENT="Sgr." WC="0.88" CC="0004"/>
					</TextLine>
					<TextLine ID="P5_TL00052" HPOS="1899" VPOS="861" WIDTH="1416" HEIGHT="70">
						<String ID="P5_ST00359" HPOS="1899" VPOS="866" WIDTH="84" HEIGHT="48" CONTENT="Die" WC="0.97" CC="600"/>
						<SP ID="P5_SP00308" HPOS="1983" VPOS="914" WIDTH="29"/>
						<String ID="P5_ST00360" HPOS="2012" VPOS="865" WIDTH="161" HEIGHT="49" CONTENT="Lieder" WC="0.99" CC="002036"/>
						<SP ID="P5_SP00309" HPOS="2173" VPOS="914" WIDTH="31"/>
						<String ID="P5_ST00361" HPOS="2204" VPOS="863" WIDTH="145" HEIGHT="68" CONTENT="geben" WC="0.99" CC="00350"/>
						<SP ID="P5_SP00310" HPOS="2349" VPOS="931" WIDTH="30"/>
						<String ID="P5_ST00362" HPOS="2379" VPOS="863" WIDTH="220" HEIGHT="65" CONTENT="Zeugniss" WC="0.86" CC="00107200"/>
						<SP ID="P5_SP00311" HPOS="2599" VPOS="931" WIDTH="30"/>
						<String ID="P5_ST00363" HPOS="2629" VPOS="880" WIDTH="87" HEIGHT="33" CONTENT="von" WC="0.99" CC="003"/>
						<SP ID="P5_SP00312" HPOS="2716" VPOS="931" WIDTH="31"/>
						<String ID="P5_ST00364" HPOS="2747" VPOS="862" WIDTH="102" HEIGHT="50" CONTENT="dem" WC="1.00" CC="000"/>
						<SP ID="P5_SP00313" HPOS="2849" VPOS="931" WIDTH="32"/>
						<String ID="P5_ST00365" HPOS="2881" VPOS="861" WIDTH="200" HEIGHT="51" CONTENT="edelsten" WC="0.99" CC="00242003"/>
						<SP ID="P5_SP00314" HPOS="3081" VPOS="931" WIDTH="24"/>
						<String ID="P5_ST00366" HPOS="3105" VPOS="861" WIDTH="210" HEIGHT="59" CONTENT="Streben," WC="0.99" CC="06000042"/>
					</TextLine>
					<TextLine ID="P5_TL00053" HPOS="1778" VPOS="942" WIDTH="1538" HEIGHT="70">
						<String ID="P5_ST00367" HPOS="1778" VPOS="947" WIDTH="238" HEIGHT="51" CONTENT="verrathen" WC="0.76" CC="030006712"/>
						<SP ID="P5_SP00315" HPOS="2016" VPOS="998" WIDTH="28"/>
						<String ID="P5_ST00368" HPOS="2044" VPOS="947" WIDTH="101" HEIGHT="50" CONTENT="tiefe" WC="1.00" CC="30000"/>
						<SP ID="P5_SP00316" HPOS="2145" VPOS="998" WIDTH="31"/>
						<String ID="P5_ST00369" HPOS="2176" VPOS="946" WIDTH="308" HEIGHT="66" CONTENT="Empfindung" WC="0.99" CC="0006670710"/>
						<SP ID="P5_SP00317" HPOS="2484" VPOS="1012" WIDTH="38"/>
						<String ID="P5_ST00370" HPOS="2522" VPOS="945" WIDTH="92" HEIGHT="49" CONTENT="und" WC="0.97" CC="700"/>
						<SP ID="P5_SP00318" HPOS="2614" VPOS="1012" WIDTH="43"/>
						<String ID="P5_ST00371" HPOS="2657" VPOS="945" WIDTH="128" HEIGHT="52" CONTENT="einen" WC="0.98" CC="00064"/>
						<SP ID="P5_SP00319" HPOS="2785" VPOS="1012" WIDTH="41"/>
						<String ID="P5_ST00372" HPOS="2826" VPOS="943" WIDTH="85" HEIGHT="50" CONTENT="fein" WC="0.99" CC="0006"/>
						<SP ID="P5_SP00320" HPOS="2911" VPOS="1012" WIDTH="31"/>
						<String ID="P5_ST00373" HPOS="2942" VPOS="942" WIDTH="256" HEIGHT="67" CONTENT="gebildeten" WC="1.00" CC="0050400015"/>
						<SP ID="P5_SP00321" HPOS="3198" VPOS="1012" WIDTH="32"/>
						<String ID="P5_ST00374" HPOS="3230" VPOS="945" WIDTH="58" HEIGHT="48" CONTENT="Ge" SUBS_TYPE="HypPart1" SUBS_CONTENT="Geschmack," WC="1.00" CC="00"/>
						<HYP HPOS="3288" VPOS="945" WIDTH="28" CONTENT="-"/>
					</TextLine>
					<TextLine ID="P5_TL00054" HPOS="1780" VPOS="1025" WIDTH="1538" HEIGHT="69">
						<String ID="P5_ST00375" HPOS="1780" VPOS="1028" WIDTH="223" HEIGHT="59" CONTENT="schmack," SUBS_TYPE="HypPart2" SUBS_CONTENT="Geschmack," WC="0.99" CC="00466000"/>
						<SP ID="P5_SP00322" HPOS="2003" VPOS="1087" WIDTH="46"/>
						<String ID="P5_ST00376" HPOS="2049" VPOS="1028" WIDTH="80" HEIGHT="50" CONTENT="der" WC="1.00" CC="000"/>
						<SP ID="P5_SP00323" HPOS="2129" VPOS="1087" WIDTH="43"/>
						<String ID="P5_ST00377" HPOS="2172" VPOS="1028" WIDTH="86" HEIGHT="50" CONTENT="den" WC="0.97" CC="006"/>
						<SP ID="P5_SP00324" HPOS="2258" VPOS="1087" WIDTH="42"/>
						<String ID="P5_ST00378" HPOS="2300" VPOS="1027" WIDTH="323" HEIGHT="67" CONTENT="Componisten" WC="0.79" CC="50601400102"/>
						<SP ID="P5_SP00325" HPOS="2623" VPOS="1094" WIDTH="46"/>
						<String ID="P5_ST00379" HPOS="2669" VPOS="1044" WIDTH="78" HEIGHT="33" CONTENT="vor" WC="0.98" CC="006"/>
						<SP ID="P5_SP00326" HPOS="2747" VPOS="1094" WIDTH="37"/>
						<String ID="P5_ST00380" HPOS="2784" VPOS="1026" WIDTH="150" HEIGHT="66" CONTENT="jedem" WC="1.00" CC="30000"/>
						<SP ID="P5_SP00327" HPOS="2934" VPOS="1094" WIDTH="47"/>
						<String ID="P5_ST00381" HPOS="2981" VPOS="1025" WIDTH="337" HEIGHT="67" CONTENT="Gemeinplatze" WC="0.99" CC="100036650710"/>
					</TextLine>
					<TextLine ID="P5_TL00055" HPOS="1780" VPOS="1107" WIDTH="1536" HEIGHT="55">
						<String ID="P5_ST00382" HPOS="1780" VPOS="1111" WIDTH="221" HEIGHT="51" CONTENT="bewahrt." WC="0.98" CC="70066044"/>
						<SP ID="P5_SP00328" HPOS="2001" VPOS="1162" WIDTH="58"/>
						<String ID="P5_ST00383" HPOS="2059" VPOS="1113" WIDTH="51" HEIGHT="47" CONTENT="In" WC="0.61" CC="34"/>
						<SP ID="P5_SP00329" HPOS="2110" VPOS="1162" WIDTH="45"/>
						<String ID="P5_ST00384" HPOS="2155" VPOS="1111" WIDTH="218" HEIGHT="49" CONTENT="manchen" WC="1.00" CC="0010003"/>
						<SP ID="P5_SP00330" HPOS="2373" VPOS="1162" WIDTH="44"/>
						<String ID="P5_ST00385" HPOS="2417" VPOS="1110" WIDTH="194" HEIGHT="49" CONTENT="Liedern" WC="1.00" CC="5000001"/>
						<SP ID="P5_SP00331" HPOS="2611" VPOS="1162" WIDTH="55"/>
						<String ID="P5_ST00386" HPOS="2666" VPOS="1108" WIDTH="76" HEIGHT="49" CONTENT="hat" WC="0.95" CC="750"/>
						<SP ID="P5_SP00332" HPOS="2742" VPOS="1162" WIDTH="43"/>
						<String ID="P5_ST00387" HPOS="2785" VPOS="1125" WIDTH="47" HEIGHT="32" CONTENT="er" WC="0.91" CC="01"/>
						<SP ID="P5_SP00333" HPOS="2832" VPOS="1162" WIDTH="56"/>
						<String ID="P5_ST00388" HPOS="2888" VPOS="1107" WIDTH="90" HEIGHT="50" CONTENT="sich" WC="0.99" CC="0007"/>
						<SP ID="P5_SP00334" HPOS="2978" VPOS="1162" WIDTH="46"/>
						<String ID="P5_ST00389" HPOS="3024" VPOS="1107" WIDTH="108" HEIGHT="48" CONTENT="aber" WC="1.00" CC="0000"/>
						<SP ID="P5_SP00335" HPOS="3132" VPOS="1162" WIDTH="43"/>
						<String ID="P5_ST00390" HPOS="3175" VPOS="1116" WIDTH="141" HEIGHT="41" CONTENT="etwas" WC="0.98" CC="05063"/>
					</TextLine>
					<TextLine ID="P5_TL00056" HPOS="1781" VPOS="1188" WIDTH="1529" HEIGHT="56">
						<String ID="P5_ST00391" HPOS="1781" VPOS="1213" WIDTH="52" HEIGHT="31" CONTENT="zu" WC="0.72" CC="40"/>
						<SP ID="P5_SP00336" HPOS="1833" VPOS="1244" WIDTH="33"/>
						<String ID="P5_ST00392" HPOS="1866" VPOS="1195" WIDTH="103" HEIGHT="49" CONTENT="sehr" WC="0.97" CC="4051"/>
						<SP ID="P5_SP00337" HPOS="1969" VPOS="1244" WIDTH="30"/>
						<String ID="P5_ST00393" HPOS="1999" VPOS="1193" WIDTH="79" HEIGHT="50" CONTENT="der" WC="0.97" CC="015"/>
						<SP ID="P5_SP00338" HPOS="2078" VPOS="1244" WIDTH="33"/>
						<String ID="P5_ST00394" HPOS="2111" VPOS="1191" WIDTH="210" HEIGHT="52" CONTENT="Vorliebe" WC="0.99" CC="50041060"/>
						<SP ID="P5_SP00339" HPOS="2321" VPOS="1244" WIDTH="31"/>
						<String ID="P5_ST00395" HPOS="2352" VPOS="1193" WIDTH="68" HEIGHT="47" CONTENT="für" WC="0.97" CC="700"/>
						<SP ID="P5_SP00340" HPOS="2420" VPOS="1244" WIDTH="30"/>
						<String ID="P5_ST00396" HPOS="2450" VPOS="1191" WIDTH="343" HEIGHT="49" CONTENT="harmonischen" WC="1.00" CC="465010000005"/>
						<SP ID="P5_SP00341" HPOS="2793" VPOS="1244" WIDTH="30"/>
						<String ID="P5_ST00397" HPOS="2823" VPOS="1188" WIDTH="270" HEIGHT="51" CONTENT="Reichthum" WC="0.99" CC="000043600"/>
						<SP ID="P5_SP00342" HPOS="3093" VPOS="1244" WIDTH="31"/>
						<String ID="P5_ST00398" HPOS="3124" VPOS="1190" WIDTH="92" HEIGHT="48" CONTENT="und" WC="0.96" CC="056"/>
						<SP ID="P5_SP00343" HPOS="3216" VPOS="1244" WIDTH="32"/>
						<String ID="P5_ST00399" HPOS="3248" VPOS="1190" WIDTH="42" HEIGHT="48" CONTENT="in" SUBS_TYPE="HypPart1" SUBS_CONTENT="interessante" WC="0.98" CC="06"/>
						<HYP HPOS="3290" VPOS="1190" WIDTH="20" CONTENT="-"/>
					</TextLine>
					<TextLine ID="P5_TL00057" HPOS="1778" VPOS="1271" WIDTH="1536" HEIGHT="70">
						<String ID="P5_ST00400" HPOS="1778" VPOS="1285" WIDTH="252" HEIGHT="43" CONTENT="teressante" SUBS_TYPE="HypPart2" SUBS_CONTENT="interessante" WC="0.99" CC="0160007470"/>
						<SP ID="P5_SP00344" HPOS="2030" VPOS="1328" WIDTH="29"/>
						<String ID="P5_ST00401" HPOS="2059" VPOS="1276" WIDTH="279" HEIGHT="51" CONTENT="Modulation" WC="0.99" CC="0285605260"/>
						<SP ID="P5_SP00345" HPOS="2338" VPOS="1328" WIDTH="44"/>
						<String ID="P5_ST00402" HPOS="2382" VPOS="1273" WIDTH="281" HEIGHT="68" CONTENT="hingegeben" WC="0.99" CC="5569100407"/>
						<SP ID="P5_SP00346" HPOS="2663" VPOS="1341" WIDTH="45"/>
						<String ID="P5_ST00403" HPOS="2708" VPOS="1272" WIDTH="93" HEIGHT="51" CONTENT="und" WC="0.97" CC="430"/>
						<SP ID="P5_SP00347" HPOS="2801" VPOS="1341" WIDTH="43"/>
						<String ID="P5_ST00404" HPOS="2844" VPOS="1271" WIDTH="183" HEIGHT="51" CONTENT="alsdann" WC="0.99" CC="0630003"/>
						<SP ID="P5_SP00348" HPOS="3027" VPOS="1341" WIDTH="47"/>
						<String ID="P5_ST00405" HPOS="3074" VPOS="1271" WIDTH="70" HEIGHT="49" CONTENT="die" WC="1.00" CC="000"/>
						<SP ID="P5_SP00349" HPOS="3144" VPOS="1341" WIDTH="31"/>
						<String ID="P5_ST00406" HPOS="3175" VPOS="1273" WIDTH="112" HEIGHT="47" CONTENT="Herr" SUBS_TYPE="HypPart1" SUBS_CONTENT="Herrschaft" WC="0.99" CC="7000"/>
						<HYP HPOS="3287" VPOS="1273" WIDTH="27" CONTENT="-"/>
					</TextLine>
					<TextLine ID="P5_TL00058" HPOS="1780" VPOS="1354" WIDTH="1538" HEIGHT="67">
						<String ID="P5_ST00407" HPOS="1780" VPOS="1360" WIDTH="142" HEIGHT="49" CONTENT="schaft" SUBS_TYPE="HypPart2" SUBS_CONTENT="Herrschaft" WC="0.98" CC="405600"/>
						<SP ID="P5_SP00350" HPOS="1922" VPOS="1409" WIDTH="29"/>
						<String ID="P5_ST00408" HPOS="1951" VPOS="1360" WIDTH="80" HEIGHT="48" CONTENT="der" WC="0.95" CC="706"/>
						<SP ID="P5_SP00351" HPOS="2031" VPOS="1409" WIDTH="17"/>
						<String ID="P5_ST00409" HPOS="2048" VPOS="1359" WIDTH="207" HEIGHT="57" CONTENT="Melodie," WC="0.99" CC="04020033"/>
						<SP ID="P5_SP00352" HPOS="2255" VPOS="1416" WIDTH="33"/>
						<String ID="P5_ST00410" HPOS="2288" VPOS="1357" WIDTH="168" HEIGHT="50" CONTENT="welche" WC="0.99" CC="002060"/>
						<SP ID="P5_SP00353" HPOS="2456" VPOS="1416" WIDTH="28"/>
						<String ID="P5_ST00411" HPOS="2484" VPOS="1356" WIDTH="115" HEIGHT="50" CONTENT="beim" WC="0.96" CC="6208"/>
						<SP ID="P5_SP00354" HPOS="2599" VPOS="1416" WIDTH="25"/>
						<String ID="P5_ST00412" HPOS="2624" VPOS="1356" WIDTH="137" HEIGHT="48" CONTENT="Liede" WC="1.00" CC="00000"/>
						<SP ID="P5_SP00355" HPOS="2761" VPOS="1416" WIDTH="26"/>
						<String ID="P5_ST00413" HPOS="2787" VPOS="1355" WIDTH="114" HEIGHT="49" CONTENT="doch" WC="0.99" CC="0203"/>
						<SP ID="P5_SP00356" HPOS="2901" VPOS="1416" WIDTH="19"/>
						<String ID="P5_ST00414" HPOS="2920" VPOS="1361" WIDTH="113" HEIGHT="43" CONTENT="stets" WC="0.99" CC="15020"/>
						<SP ID="P5_SP00357" HPOS="3033" VPOS="1416" WIDTH="20"/>
						<String ID="P5_ST00415" HPOS="3053" VPOS="1354" WIDTH="69" HEIGHT="49" CONTENT="die" WC="0.99" CC="001"/>
						<SP ID="P5_SP00358" HPOS="3122" VPOS="1416" WIDTH="15"/>
						<String ID="P5_ST00416" HPOS="3137" VPOS="1355" WIDTH="151" HEIGHT="66" CONTENT="Haupt" SUBS_TYPE="HypPart1" SUBS_CONTENT="Hauptsache" WC="0.98" CC="60601"/>
						<HYP HPOS="3288" VPOS="1355" WIDTH="30" CONTENT="-"/>
					</TextLine>
					<TextLine ID="P5_TL00059" HPOS="1778" VPOS="1436" WIDTH="1538" HEIGHT="69">
						<String ID="P5_ST00417" HPOS="1778" VPOS="1442" WIDTH="134" HEIGHT="50" CONTENT="sache" SUBS_TYPE="HypPart2" SUBS_CONTENT="Hauptsache" WC="0.98" CC="60150"/>
						<SP ID="P5_SP00359" HPOS="1912" VPOS="1492" WIDTH="30"/>
						<String ID="P5_ST00418" HPOS="1942" VPOS="1441" WIDTH="94" HEIGHT="50" CONTENT="sein" WC="0.99" CC="0003"/>
						<SP ID="P5_SP00360" HPOS="2036" VPOS="1492" WIDTH="31"/>
						<String ID="P5_ST00419" HPOS="2067" VPOS="1441" WIDTH="144" HEIGHT="57" CONTENT="sollte," WC="0.98" CC="6540521"/>
						<SP ID="P5_SP00361" HPOS="2211" VPOS="1498" WIDTH="32"/>
						<String ID="P5_ST00420" HPOS="2243" VPOS="1439" WIDTH="361" HEIGHT="66" CONTENT="beeinträchtigt." WC="0.99" CC="600545000705952"/>
						<SP ID="P5_SP00362" HPOS="2604" VPOS="1505" WIDTH="52"/>
						<String ID="P5_ST00421" HPOS="2656" VPOS="1437" WIDTH="89" HEIGHT="50" CONTENT="Am" WC="0.69" CC="05"/>
						<SP ID="P5_SP00363" HPOS="2745" VPOS="1505" WIDTH="31"/>
						<String ID="P5_ST00422" HPOS="2776" VPOS="1437" WIDTH="243" HEIGHT="49" CONTENT="schönsten" WC="0.99" CC="005070005"/>
						<SP ID="P5_SP00364" HPOS="3019" VPOS="1505" WIDTH="32"/>
						<String ID="P5_ST00423" HPOS="3051" VPOS="1436" WIDTH="150" HEIGHT="50" CONTENT="finden" WC="0.99" CC="006000"/>
						<SP ID="P5_SP00365" HPOS="3201" VPOS="1505" WIDTH="35"/>
						<String ID="P5_ST00424" HPOS="3236" VPOS="1436" WIDTH="80" HEIGHT="48" CONTENT="wir" WC="0.98" CC="006"/>
					</TextLine>
					<TextLine ID="P5_TL00060" HPOS="1780" VPOS="1517" WIDTH="1538" HEIGHT="66">
						<String ID="P5_ST00425" HPOS="1780" VPOS="1525" WIDTH="77" HEIGHT="49" CONTENT="Nr." WC="0.95" CC="850"/>
						<SP ID="P5_SP00366" HPOS="1857" VPOS="1574" WIDTH="36"/>
						<String ID="P5_ST00426" HPOS="1893" VPOS="1522" WIDTH="52" HEIGHT="60" CONTENT="3," WC="0.95" CC="00"/>
						<SP ID="P5_SP00367" HPOS="1945" VPOS="1582" WIDTH="31"/>
						<String ID="P5_ST00427" HPOS="1976" VPOS="1525" WIDTH="33" HEIGHT="47" CONTENT="4" WC="1.00" CC="0"/>
						<SP ID="P5_SP00368" HPOS="2009" VPOS="1582" WIDTH="35"/>
						<String ID="P5_ST00428" HPOS="2044" VPOS="1524" WIDTH="90" HEIGHT="49" CONTENT="und" WC="0.98" CC="130"/>
						<SP ID="P5_SP00369" HPOS="2134" VPOS="1582" WIDTH="34"/>
						<String ID="P5_ST00429" HPOS="2168" VPOS="1524" WIDTH="50" HEIGHT="56" CONTENT="5," WC="0.30" CC="94"/>
						<SP ID="P5_SP00370" HPOS="2218" VPOS="1582" WIDTH="47"/>
						<String ID="P5_ST00430" HPOS="2265" VPOS="1522" WIDTH="167" HEIGHT="50" CONTENT="welche" WC="0.99" CC="000070"/>
						<SP ID="P5_SP00371" HPOS="2432" VPOS="1582" WIDTH="42"/>
						<String ID="P5_ST00431" HPOS="2474" VPOS="1521" WIDTH="112" HEIGHT="50" CONTENT="auch" WC="0.97" CC="5205"/>
						<SP ID="P5_SP00372" HPOS="2586" VPOS="1582" WIDTH="39"/>
						<String ID="P5_ST00432" HPOS="2625" VPOS="1521" WIDTH="146" HEIGHT="50" CONTENT="dieser" WC="1.00" CC="000001"/>
						<SP ID="P5_SP00373" HPOS="2771" VPOS="1582" WIDTH="31"/>
						<String ID="P5_ST00433" HPOS="2802" VPOS="1519" WIDTH="220" HEIGHT="50" CONTENT="Vorwurf" WC="0.99" CC="0050204"/>
						<SP ID="P5_SP00374" HPOS="3022" VPOS="1582" WIDTH="22"/>
						<String ID="P5_ST00434" HPOS="3044" VPOS="1536" WIDTH="73" HEIGHT="32" CONTENT="am" WC="0.68" CC="06"/>
						<SP ID="P5_SP00375" HPOS="3117" VPOS="1582" WIDTH="32"/>
						<String ID="P5_ST00435" HPOS="3149" VPOS="1517" WIDTH="141" HEIGHT="66" CONTENT="wenig" SUBS_TYPE="HypPart1" SUBS_CONTENT="wenigsten" WC="0.98" CC="00209"/>
						<HYP HPOS="3290" VPOS="1517" WIDTH="28" CONTENT="-"/>
					</TextLine>
					<TextLine ID="P5_TL00061" HPOS="1781" VPOS="1600" WIDTH="1535" HEIGHT="66">
						<String ID="P5_ST00436" HPOS="1781" VPOS="1614" WIDTH="98" HEIGHT="43" CONTENT="sten" SUBS_TYPE="HypPart2" SUBS_CONTENT="wenigsten" WC="0.97" CC="0506"/>
						<SP ID="P5_SP00376" HPOS="1879" VPOS="1657" WIDTH="26"/>
						<String ID="P5_ST00437" HPOS="1905" VPOS="1606" WIDTH="109" HEIGHT="51" CONTENT="trifft" WC="0.98" CC="260114"/>
						<SP ID="P5_SP00377" HPOS="2014" VPOS="1657" WIDTH="31"/>
						<String ID="P5_ST00438" HPOS="2045" VPOS="1608" WIDTH="90" HEIGHT="48" CONTENT="und" WC="0.97" CC="160"/>
						<SP ID="P5_SP00378" HPOS="2135" VPOS="1657" WIDTH="32"/>
						<String ID="P5_ST00439" HPOS="2167" VPOS="1605" WIDTH="170" HEIGHT="51" CONTENT="welche" WC="0.99" CC="015050"/>
						<SP ID="P5_SP00379" HPOS="2337" VPOS="1657" WIDTH="31"/>
						<String ID="P5_ST00440" HPOS="2368" VPOS="1623" WIDTH="53" HEIGHT="30" CONTENT="zu" WC="0.68" CC="60"/>
						<SP ID="P5_SP00380" HPOS="2421" VPOS="1657" WIDTH="33"/>
						<String ID="P5_ST00441" HPOS="2454" VPOS="1604" WIDTH="85" HEIGHT="50" CONTENT="den" WC="0.98" CC="004"/>
						<SP ID="P5_SP00381" HPOS="2539" VPOS="1657" WIDTH="24"/>
						<String ID="P5_ST00442" HPOS="2563" VPOS="1602" WIDTH="301" HEIGHT="50" CONTENT="hübschesten" WC="1.00" CC="30500000504"/>
						<SP ID="P5_SP00382" HPOS="2864" VPOS="1657" WIDTH="18"/>
						<String ID="P5_ST00443" HPOS="2882" VPOS="1601" WIDTH="192" HEIGHT="50" CONTENT="Liedern" WC="0.99" CC="0060040"/>
						<SP ID="P5_SP00383" HPOS="3074" VPOS="1657" WIDTH="23"/>
						<String ID="P5_ST00444" HPOS="3097" VPOS="1600" WIDTH="219" HEIGHT="66" CONTENT="gehören," WC="0.99" CC="00505200"/>
					</TextLine>
					<TextLine ID="P5_TL00062" HPOS="1781" VPOS="1682" WIDTH="1537" HEIGHT="68">
						<String ID="P5_ST00445" HPOS="1781" VPOS="1690" WIDTH="68" HEIGHT="50" CONTENT="die" WC="0.98" CC="005"/>
						<SP ID="P5_SP00384" HPOS="1849" VPOS="1740" WIDTH="32"/>
						<String ID="P5_ST00446" HPOS="1881" VPOS="1690" WIDTH="81" HEIGHT="48" CONTENT="wir" WC="0.97" CC="006"/>
						<SP ID="P5_SP00385" HPOS="1962" VPOS="1740" WIDTH="28"/>
						<String ID="P5_ST00447" HPOS="1990" VPOS="1689" WIDTH="44" HEIGHT="49" CONTENT="in" WC="0.64" CC="07"/>
						<SP ID="P5_SP00386" HPOS="2034" VPOS="1740" WIDTH="31"/>
						<String ID="P5_ST00448" HPOS="2065" VPOS="1705" WIDTH="193" HEIGHT="33" CONTENT="neuerer" WC="0.98" CC="4123045"/>
						<SP ID="P5_SP00387" HPOS="2258" VPOS="1740" WIDTH="28"/>
						<String ID="P5_ST00449" HPOS="2286" VPOS="1688" WIDTH="99" HEIGHT="48" CONTENT="Zeit" WC="0.98" CC="0424"/>
						<SP ID="P5_SP00388" HPOS="2385" VPOS="1740" WIDTH="40"/>
						<String ID="P5_ST00450" HPOS="2425" VPOS="1704" WIDTH="86" HEIGHT="32" CONTENT="von" WC="0.96" CC="037"/>
						<SP ID="P5_SP00389" HPOS="2511" VPOS="1740" WIDTH="43"/>
						<String ID="P5_ST00451" HPOS="2554" VPOS="1686" WIDTH="88" HEIGHT="50" CONTENT="den" WC="0.97" CC="035"/>
						<SP ID="P5_SP00390" HPOS="2642" VPOS="1740" WIDTH="38"/>
						<String ID="P5_ST00452" HPOS="2680" VPOS="1685" WIDTH="223" HEIGHT="65" CONTENT="jüngeren" WC="0.99" CC="10005004"/>
						<SP ID="P5_SP00391" HPOS="2903" VPOS="1750" WIDTH="30"/>
						<String ID="P5_ST00453" HPOS="2933" VPOS="1682" WIDTH="356" HEIGHT="66" CONTENT="Lieder-Compo" SUBS_TYPE="HypPart1" SUBS_CONTENT="Lieder-Componisten" WC="0.73" CC="400074360300"/>
						<HYP HPOS="3289" VPOS="1682" WIDTH="29" CONTENT="-"/>
					</TextLine>
					<TextLine ID="P5_TL00063" HPOS="1780" VPOS="1765" WIDTH="1539" HEIGHT="57">
						<String ID="P5_ST00454" HPOS="1780" VPOS="1773" WIDTH="144" HEIGHT="49" CONTENT="nisten" SUBS_TYPE="HypPart2" SUBS_CONTENT="Lieder-Componisten" WC="0.76" CC="800600"/>
						<SP ID="P5_SP00392" HPOS="1924" VPOS="1822" WIDTH="32"/>
						<String ID="P5_ST00455" HPOS="1956" VPOS="1773" WIDTH="175" HEIGHT="48" CONTENT="kennen" WC="0.99" CC="000420"/>
						<SP ID="P5_SP00393" HPOS="2131" VPOS="1822" WIDTH="31"/>
						<String ID="P5_ST00456" HPOS="2162" VPOS="1771" WIDTH="189" HEIGHT="50" CONTENT="lernten." WC="0.98" CC="31560174"/>
						<SP ID="P5_SP00394" HPOS="2351" VPOS="1822" WIDTH="28"/>
						<String ID="P5_ST00457" HPOS="2379" VPOS="1769" WIDTH="281" HEIGHT="49" CONTENT="Schliesslich" WC="0.99" CC="305071036003"/>
						<SP ID="P5_SP00395" HPOS="2660" VPOS="1822" WIDTH="20"/>
						<String ID="P5_ST00458" HPOS="2680" VPOS="1768" WIDTH="188" HEIGHT="49" CONTENT="machen" WC="0.98" CC="740206"/>
						<SP ID="P5_SP00396" HPOS="2868" VPOS="1822" WIDTH="23"/>
						<String ID="P5_ST00459" HPOS="2891" VPOS="1766" WIDTH="84" HEIGHT="50" CONTENT="wir" WC="0.98" CC="004"/>
						<SP ID="P5_SP00397" HPOS="2975" VPOS="1822" WIDTH="25"/>
						<String ID="P5_ST00460" HPOS="3000" VPOS="1765" WIDTH="117" HEIGHT="50" CONTENT="noch" WC="0.99" CC="1100"/>
						<SP ID="P5_SP00398" HPOS="3117" VPOS="1822" WIDTH="29"/>
						<String ID="P5_ST00461" HPOS="3146" VPOS="1765" WIDTH="80" HEIGHT="50" CONTENT="auf" WC="0.99" CC="030"/>
						<SP ID="P5_SP00399" HPOS="3226" VPOS="1822" WIDTH="24"/>
						<String ID="P5_ST00462" HPOS="3250" VPOS="1765" WIDTH="69" HEIGHT="48" CONTENT="ein" WC="0.98" CC="130"/>
					</TextLine>
					<TextLine ID="P5_TL00064" HPOS="1975" VPOS="1823" WIDTH="13" HEIGHT="9">
						<String ID="P5_ST00463" HPOS="1975" VPOS="1823" WIDTH="13" HEIGHT="9" CONTENT="«fr" WC="0.92" CC="777" STYLEREFS="TXT_4"/>
					</TextLine>
					<TextLine ID="P5_TL00065" HPOS="1780" VPOS="1848" WIDTH="1535" HEIGHT="64">
						<String ID="P5_ST00464" HPOS="1780" VPOS="1855" WIDTH="232" HEIGHT="48" CONTENT="seltsames" WC="0.99" CC="502520400"/>
						<SP ID="P5_SP00400" HPOS="2012" VPOS="1903" WIDTH="46"/>
						<String ID="P5_ST00465" HPOS="2058" VPOS="1853" WIDTH="434" HEIGHT="50" CONTENT="Zusammentreffen" WC="1.00" CC="052170060000045"/>
						<SP ID="P5_SP00401" HPOS="2492" VPOS="1903" WIDTH="46"/>
						<String ID="P5_ST00466" HPOS="2538" VPOS="1850" WIDTH="78" HEIGHT="50" CONTENT="mit" WC="1.00" CC="000"/>
						<SP ID="P5_SP00402" HPOS="2616" VPOS="1903" WIDTH="45"/>
						<String ID="P5_ST00467" HPOS="2661" VPOS="1850" WIDTH="143" HEIGHT="50" CONTENT="einem" WC="0.98" CC="05600"/>
						<SP ID="P5_SP00403" HPOS="2804" VPOS="1903" WIDTH="45"/>
						<String ID="P5_ST00468" HPOS="2849" VPOS="1848" WIDTH="197" HEIGHT="49" CONTENT="anderen" WC="0.99" CC="2203004"/>
						<SP ID="P5_SP00404" HPOS="3046" VPOS="1903" WIDTH="47"/>
						<String ID="P5_ST00469" HPOS="3093" VPOS="1848" WIDTH="222" HEIGHT="64" CONTENT="jüngeren" WC="0.99" CC="30672040"/>
					</TextLine>
					<TextLine ID="P5_TL00066" HPOS="1780" VPOS="1930" WIDTH="1535" HEIGHT="75">
						<String ID="P5_ST00470" HPOS="1780" VPOS="1936" WIDTH="322" HEIGHT="69" CONTENT="Componisten" WC="0.76" CC="60001230532"/>
						<SP ID="P5_SP00405" HPOS="2102" VPOS="2005" WIDTH="32"/>
						<String ID="P5_ST00471" HPOS="2134" VPOS="1936" WIDTH="315" HEIGHT="58" CONTENT="aufmerksam," WC="1.00" CC="00060700202"/>
						<SP ID="P5_SP00406" HPOS="2449" VPOS="2005" WIDTH="43"/>
						<String ID="P5_ST00472" HPOS="2492" VPOS="1934" WIDTH="99" HEIGHT="48" CONTENT="weil" WC="0.98" CC="0505"/>
						<SP ID="P5_SP00407" HPOS="2591" VPOS="2005" WIDTH="43"/>
						<String ID="P5_ST00473" HPOS="2634" VPOS="1950" WIDTH="47" HEIGHT="32" CONTENT="es" WC="0.70" CC="50"/>
						<SP ID="P5_SP00408" HPOS="2681" VPOS="2005" WIDTH="32"/>
						<String ID="P5_ST00474" HPOS="2713" VPOS="1950" WIDTH="75" HEIGHT="32" CONTENT="um" WC="0.76" CC="40"/>
						<SP ID="P5_SP00409" HPOS="2788" VPOS="2005" WIDTH="32"/>
						<String ID="P5_ST00475" HPOS="2820" VPOS="1949" WIDTH="50" HEIGHT="32" CONTENT="so" WC="0.70" CC="50"/>
						<SP ID="P5_SP00410" HPOS="2870" VPOS="2005" WIDTH="32"/>
						<String ID="P5_ST00476" HPOS="2902" VPOS="1930" WIDTH="413" HEIGHT="67" CONTENT="eigentümlicher," WC="1.00" CC="020058050004001"/>
					</TextLine>
					<TextLine ID="P5_TL00067" HPOS="1780" VPOS="2010" WIDTH="1541" HEIGHT="75">
						<String ID="P5_ST00477" HPOS="1780" VPOS="2019" WIDTH="53" HEIGHT="50" CONTENT="da" WC="1.00" CC="00"/>
						<SP ID="P5_SP00411" HPOS="1833" VPOS="2069" WIDTH="33"/>
						<String ID="P5_ST00478" HPOS="1866" VPOS="2019" WIDTH="79" HEIGHT="50" CONTENT="der" WC="0.97" CC="015"/>
						<SP ID="P5_SP00412" HPOS="1945" VPOS="2069" WIDTH="30"/>
						<String ID="P5_ST00479" HPOS="1975" VPOS="2019" WIDTH="210" HEIGHT="66" CONTENT="fragliche" WC="0.99" CC="166040065"/>
						<SP ID="P5_SP00413" HPOS="2185" VPOS="2085" WIDTH="24"/>
						<String ID="P5_ST00480" HPOS="2209" VPOS="2020" WIDTH="105" HEIGHT="47" CONTENT="Satz" WC="0.96" CC="3357"/>
						<SP ID="P5_SP00414" HPOS="2314" VPOS="2085" WIDTH="24"/>
						<String ID="P5_ST00481" HPOS="2338" VPOS="2016" WIDTH="113" HEIGHT="50" CONTENT="eben" WC="0.96" CC="0656"/>
						<SP ID="P5_SP00415" HPOS="2451" VPOS="2085" WIDTH="28"/>
						<String ID="P5_ST00482" HPOS="2479" VPOS="2015" WIDTH="99" HEIGHT="50" CONTENT="kein" WC="0.98" CC="0316"/>
						<SP ID="P5_SP00416" HPOS="2578" VPOS="2085" WIDTH="26"/>
						<String ID="P5_ST00483" HPOS="2604" VPOS="2033" WIDTH="110" HEIGHT="48" CONTENT="ganz" WC="0.96" CC="0657"/>
						<SP ID="P5_SP00417" HPOS="2714" VPOS="2085" WIDTH="24"/>
						<String ID="P5_ST00484" HPOS="2738" VPOS="2013" WIDTH="350" HEIGHT="67" CONTENT="gewöhnlicher," WC="0.99" CC="9009255301042"/>
						<SP ID="P5_SP00418" HPOS="3088" VPOS="2085" WIDTH="23"/>
						<String ID="P5_ST00485" HPOS="3111" VPOS="2011" WIDTH="92" HEIGHT="50" CONTENT="und" WC="0.97" CC="070"/>
						<SP ID="P5_SP00419" HPOS="3203" VPOS="2085" WIDTH="19"/>
						<String ID="P5_ST00486" HPOS="3222" VPOS="2010" WIDTH="99" HEIGHT="50" CONTENT="weil" WC="1.00" CC="0000"/>
					</TextLine>
					<TextLine ID="P5_TL00068" HPOS="1780" VPOS="2094" WIDTH="1538" HEIGHT="75">
						<String ID="P5_ST00487" HPOS="1780" VPOS="2103" WIDTH="80" HEIGHT="48" CONTENT="der" WC="0.96" CC="035"/>
						<SP ID="P5_SP00420" HPOS="1860" VPOS="2151" WIDTH="30"/>
						<String ID="P5_ST00488" HPOS="1890" VPOS="2102" WIDTH="267" HEIGHT="67" CONTENT="Componist" WC="0.71" CC="609003006"/>
						<SP ID="P5_SP00421" HPOS="2157" VPOS="2169" WIDTH="34"/>
						<String ID="P5_ST00489" HPOS="2191" VPOS="2102" WIDTH="146" HEIGHT="48" CONTENT="dieser" WC="0.99" CC="064000"/>
						<SP ID="P5_SP00422" HPOS="2337" VPOS="2169" WIDTH="31"/>
						<String ID="P5_ST00490" HPOS="2368" VPOS="2099" WIDTH="162" HEIGHT="50" CONTENT="Lieder" WC="0.99" CC="000056"/>
						<SP ID="P5_SP00423" HPOS="2530" VPOS="2169" WIDTH="34"/>
						<String ID="P5_ST00491" HPOS="2564" VPOS="2098" WIDTH="247" HEIGHT="66" CONTENT="möglicher" WC="0.99" CC="609000513"/>
						<SP ID="P5_SP00424" HPOS="2811" VPOS="2169" WIDTH="32"/>
						<String ID="P5_ST00492" HPOS="2843" VPOS="2095" WIDTH="158" HEIGHT="51" CONTENT="Weise" WC="0.98" CC="02092"/>
						<SP ID="P5_SP00425" HPOS="3001" VPOS="2169" WIDTH="35"/>
						<String ID="P5_ST00493" HPOS="3036" VPOS="2095" WIDTH="78" HEIGHT="48" CONTENT="mit" WC="0.93" CC="755"/>
						<SP ID="P5_SP00426" HPOS="3114" VPOS="2169" WIDTH="31"/>
						<String ID="P5_ST00494" HPOS="3145" VPOS="2094" WIDTH="101" HEIGHT="49" CONTENT="dem" WC="0.99" CC="020"/>
						<SP ID="P5_SP00427" HPOS="3246" VPOS="2169" WIDTH="31"/>
						<String ID="P5_ST00495" HPOS="3277" VPOS="2094" WIDTH="41" HEIGHT="48" CONTENT="in" WC="0.41" CC="74"/>
					</TextLine>
					<TextLine ID="P5_TL00069" HPOS="1777" VPOS="2175" WIDTH="1539" HEIGHT="71">
						<String ID="P5_ST00496" HPOS="1777" VPOS="2184" WIDTH="127" HEIGHT="50" CONTENT="Rede" WC="1.00" CC="0000"/>
						<SP ID="P5_SP00428" HPOS="1904" VPOS="2234" WIDTH="32"/>
						<String ID="P5_ST00497" HPOS="1936" VPOS="2184" WIDTH="247" HEIGHT="50" CONTENT="stehenden" WC="0.99" CC="743300006"/>
						<SP ID="P5_SP00429" HPOS="2183" VPOS="2234" WIDTH="33"/>
						<String ID="P5_ST00498" HPOS="2216" VPOS="2182" WIDTH="176" HEIGHT="52" CONTENT="Werke" WC="0.98" CC="05065"/>
						<SP ID="P5_SP00430" HPOS="2392" VPOS="2234" WIDTH="40"/>
						<String ID="P5_ST00499" HPOS="2432" VPOS="2198" WIDTH="80" HEIGHT="48" CONTENT="gar" WC="0.93" CC="927"/>
						<SP ID="P5_SP00431" HPOS="2512" VPOS="2246" WIDTH="40"/>
						<String ID="P5_ST00500" HPOS="2552" VPOS="2179" WIDTH="120" HEIGHT="50" CONTENT="nicht" WC="0.97" CC="35055"/>
						<SP ID="P5_SP00432" HPOS="2672" VPOS="2246" WIDTH="41"/>
						<String ID="P5_ST00501" HPOS="2713" VPOS="2178" WIDTH="197" HEIGHT="49" CONTENT="bekannt" WC="0.98" CC="7004622"/>
						<SP ID="P5_SP00433" HPOS="2910" VPOS="2246" WIDTH="28"/>
						<String ID="P5_ST00502" HPOS="2938" VPOS="2176" WIDTH="70" HEIGHT="50" CONTENT="ist." WC="0.97" CC="0663"/>
						<SP ID="P5_SP00434" HPOS="3008" VPOS="2246" WIDTH="59"/>
						<String ID="P5_ST00503" HPOS="3067" VPOS="2176" WIDTH="103" HEIGHT="49" CONTENT="Wir" WC="0.97" CC="006"/>
						<SP ID="P5_SP00435" HPOS="3170" VPOS="2246" WIDTH="32"/>
						<String ID="P5_ST00504" HPOS="3202" VPOS="2175" WIDTH="92" HEIGHT="48" CONTENT="erin" SUBS_TYPE="HypPart1" SUBS_CONTENT="erinnern" WC="0.98" CC="0407"/>
						<HYP HPOS="3294" VPOS="2175" WIDTH="22" CONTENT="-"/>
					</TextLine>
					<TextLine ID="P5_TL00070" HPOS="1777" VPOS="2258" WIDTH="1538" HEIGHT="59">
						<String ID="P5_ST00505" HPOS="1777" VPOS="2284" WIDTH="110" HEIGHT="33" CONTENT="nern" SUBS_TYPE="HypPart2" SUBS_CONTENT="erinnern" WC="0.97" CC="6350"/>
						<SP ID="P5_SP00436" HPOS="1887" VPOS="2317" WIDTH="32"/>
						<String ID="P5_ST00506" HPOS="1919" VPOS="2284" WIDTH="83" HEIGHT="32" CONTENT="uns" WC="0.95" CC="473"/>
						<SP ID="P5_SP00437" HPOS="2002" VPOS="2317" WIDTH="32"/>
						<String ID="P5_ST00507" HPOS="2034" VPOS="2265" WIDTH="189" HEIGHT="50" CONTENT="nämlich" WC="0.99" CC="6070003"/>
						<SP ID="P5_SP00438" HPOS="2223" VPOS="2317" WIDTH="32"/>
						<String ID="P5_ST00508" HPOS="2255" VPOS="2282" WIDTH="80" HEIGHT="32" CONTENT="aus" WC="0.98" CC="330"/>
						<SP ID="P5_SP00439" HPOS="2335" VPOS="2317" WIDTH="29"/>
						<String ID="P5_ST00509" HPOS="2364" VPOS="2263" WIDTH="142" HEIGHT="49" CONTENT="einem" WC="0.98" CC="30516"/>
						<SP ID="P5_SP00440" HPOS="2506" VPOS="2317" WIDTH="32"/>
						<String ID="P5_ST00510" HPOS="2538" VPOS="2279" WIDTH="80" HEIGHT="33" CONTENT="vor" WC="0.98" CC="500"/>
						<SP ID="P5_SP00441" HPOS="2618" VPOS="2317" WIDTH="23"/>
						<String ID="P5_ST00511" HPOS="2641" VPOS="2262" WIDTH="236" HEIGHT="49" CONTENT="mehreren" WC="0.99" CC="04360005"/>
						<SP ID="P5_SP00442" HPOS="2877" VPOS="2317" WIDTH="21"/>
						<String ID="P5_ST00512" HPOS="2898" VPOS="2259" WIDTH="172" HEIGHT="50" CONTENT="Jahren" WC="0.99" CC="006105"/>
						<SP ID="P5_SP00443" HPOS="3070" VPOS="2317" WIDTH="24"/>
						<String ID="P5_ST00513" HPOS="3094" VPOS="2258" WIDTH="42" HEIGHT="48" CONTENT="in" WC="0.68" CC="06"/>
						<SP ID="P5_SP00444" HPOS="3136" VPOS="2317" WIDTH="25"/>
						<String ID="P5_ST00514" HPOS="3161" VPOS="2258" WIDTH="154" HEIGHT="48" CONTENT="diesen" WC="0.98" CC="054037"/>
					</TextLine>
					<TextLine ID="P5_TL00071" HPOS="1777" VPOS="2336" WIDTH="1533" HEIGHT="70">
						<String ID="P5_ST00515" HPOS="1777" VPOS="2349" WIDTH="204" HEIGHT="50" CONTENT="Blättern" WC="0.99" CC="60062006"/>
						<SP ID="P5_SP00445" HPOS="1981" VPOS="2399" WIDTH="32"/>
						<String ID="P5_ST00516" HPOS="2013" VPOS="2348" WIDTH="240" HEIGHT="49" CONTENT="kritisirten" WC="0.73" CC="00160545303"/>
						<SP ID="P5_SP00446" HPOS="2253" VPOS="2399" WIDTH="35"/>
						<String ID="P5_ST00517" HPOS="2288" VPOS="2344" WIDTH="444" HEIGHT="60" CONTENT="Streich-Quartette" WC="1.00" CC="25001000570560600"/>
						<SP ID="P5_SP00447" HPOS="2732" VPOS="2404" WIDTH="22"/>
						<String ID="P5_ST00518" HPOS="2754" VPOS="2361" WIDTH="86" HEIGHT="31" CONTENT="von" WC="0.95" CC="416"/>
						<SP ID="P5_SP00448" HPOS="2840" VPOS="2404" WIDTH="17"/>
						<String ID="P5_ST00519" HPOS="2857" VPOS="2340" WIDTH="238" HEIGHT="57" CONTENT="Reinecke," WC="1.00" CC="000000003"/>
						<SP ID="P5_SP00449" HPOS="3095" VPOS="2404" WIDTH="32"/>
						<String ID="P5_ST00520" HPOS="3127" VPOS="2340" WIDTH="89" HEIGHT="66" CONTENT="Op." WC="0.85" CC="004"/>
						<SP ID="P5_SP00450" HPOS="3216" VPOS="2406" WIDTH="22"/>
						<String ID="P5_ST00521" HPOS="3238" VPOS="2336" WIDTH="72" HEIGHT="53" CONTENT="30" WC="0.53" CC="62"/>
					</TextLine>
					<TextLine ID="P5_TL00072" HPOS="1776" VPOS="2422" WIDTH="1544" HEIGHT="78">
						<String ID="P5_ST00522" HPOS="1776" VPOS="2432" WIDTH="285" HEIGHT="68" CONTENT="(Rheinische" WC="0.99" CC="77643602070"/>
						<SP ID="P5_SP00451" HPOS="2061" VPOS="2500" WIDTH="22"/>
						<String ID="P5_ST00523" HPOS="2083" VPOS="2429" WIDTH="380" HEIGHT="65" CONTENT="Musik-Zeitung," WC="0.99" CC="07000003155493"/>
						<SP ID="P5_SP00452" HPOS="2463" VPOS="2500" WIDTH="29"/>
						<String ID="P5_ST00524" HPOS="2492" VPOS="2428" WIDTH="155" HEIGHT="65" CONTENT="Jahrg." WC="0.99" CC="052100"/>
						<SP ID="P5_SP00453" HPOS="2647" VPOS="2500" WIDTH="28"/>
						<String ID="P5_ST00525" HPOS="2675" VPOS="2428" WIDTH="93" HEIGHT="56" CONTENT="111.," WC="0.98" CC="05430"/>
						<SP ID="P5_SP00454" HPOS="2768" VPOS="2500" WIDTH="29"/>
						<String ID="P5_ST00526" HPOS="2797" VPOS="2427" WIDTH="77" HEIGHT="48" CONTENT="Nr." WC="0.95" CC="722"/>
						<SP ID="P5_SP00455" HPOS="2874" VPOS="2500" WIDTH="41"/>
						<String ID="P5_ST00527" HPOS="2915" VPOS="2424" WIDTH="105" HEIGHT="65" CONTENT="II)," WC="0.97" CC="2750"/>
						<SP ID="P5_SP00456" HPOS="3020" VPOS="2500" WIDTH="31"/>
						<String ID="P5_ST00528" HPOS="3051" VPOS="2423" WIDTH="120" HEIGHT="52" CONTENT="eines" WC="0.99" CC="10630"/>
						<SP ID="P5_SP00457" HPOS="3171" VPOS="2500" WIDTH="31"/>
						<String ID="P5_ST00529" HPOS="3202" VPOS="2422" WIDTH="89" HEIGHT="48" CONTENT="The" SUBS_TYPE="HypPart1" SUBS_CONTENT="Thema's," WC="0.91" CC="030"/>
						<HYP HPOS="3291" VPOS="2422" WIDTH="29" CONTENT="-"/>
					</TextLine>
					<TextLine ID="P5_TL00073" HPOS="1780" VPOS="2504" WIDTH="1546" HEIGHT="69">
						<String ID="P5_ST00530" HPOS="1780" VPOS="2517" WIDTH="123" HEIGHT="56" CONTENT="ma's," SUBS_TYPE="HypPart2" SUBS_CONTENT="Thema's," WC="0.56" CC="36253"/>
						<SP ID="P5_SP00458" HPOS="1903" VPOS="2573" WIDTH="43"/>
						<String ID="P5_ST00531" HPOS="1946" VPOS="2513" WIDTH="193" HEIGHT="50" CONTENT="welches" WC="1.00" CC="0000203"/>
						<SP ID="P5_SP00459" HPOS="2139" VPOS="2573" WIDTH="29"/>
						<String ID="P5_ST00532" HPOS="2168" VPOS="2513" WIDTH="42" HEIGHT="48" CONTENT="in" WC="0.69" CC="06"/>
						<SP ID="P5_SP00460" HPOS="2210" VPOS="2573" WIDTH="29"/>
						<String ID="P5_ST00533" HPOS="2239" VPOS="2509" WIDTH="337" HEIGHT="51" CONTENT="harmonischer" WC="0.99" CC="604243000105"/>
						<SP ID="P5_SP00461" HPOS="2576" VPOS="2573" WIDTH="42"/>
						<String ID="P5_ST00534" HPOS="2618" VPOS="2509" WIDTH="82" HEIGHT="48" CONTENT="wie" WC="1.00" CC="000"/>
						<SP ID="P5_SP00462" HPOS="2700" VPOS="2573" WIDTH="42"/>
						<String ID="P5_ST00535" HPOS="2742" VPOS="2505" WIDTH="296" HEIGHT="51" CONTENT="melodischer" WC="1.00" CC="00000000100"/>
						<SP ID="P5_SP00463" HPOS="3038" VPOS="2573" WIDTH="28"/>
						<String ID="P5_ST00536" HPOS="3066" VPOS="2504" WIDTH="260" HEIGHT="65" CONTENT="Beziehung" WC="0.98" CC="607606640"/>
					</TextLine>
					<TextLine ID="P5_TL00074" HPOS="1780" VPOS="2585" WIDTH="1543" HEIGHT="77">
						<String ID="P5_ST00537" HPOS="1780" VPOS="2613" WIDTH="81" HEIGHT="49" CONTENT="gar" WC="0.98" CC="060"/>
						<SP ID="P5_SP00464" HPOS="1861" VPOS="2662" WIDTH="30"/>
						<String ID="P5_ST00538" HPOS="1891" VPOS="2597" WIDTH="181" HEIGHT="49" CONTENT="seltsam" WC="0.98" CC="3038430"/>
						<SP ID="P5_SP00465" HPOS="2072" VPOS="2662" WIDTH="33"/>
						<String ID="P5_ST00539" HPOS="2105" VPOS="2594" WIDTH="78" HEIGHT="50" CONTENT="mit" WC="0.92" CC="875"/>
						<SP ID="P5_SP00466" HPOS="2183" VPOS="2662" WIDTH="31"/>
						<String ID="P5_ST00540" HPOS="2214" VPOS="2594" WIDTH="123" HEIGHT="49" CONTENT="einer" WC="0.98" CC="05504"/>
						<SP ID="P5_SP00467" HPOS="2337" VPOS="2662" WIDTH="19"/>
						<String ID="P5_ST00541" HPOS="2356" VPOS="2593" WIDTH="140" HEIGHT="50" CONTENT="Stelle" WC="0.99" CC="160520"/>
						<SP ID="P5_SP00468" HPOS="2496" VPOS="2662" WIDTH="30"/>
						<String ID="P5_ST00542" HPOS="2526" VPOS="2608" WIDTH="79" HEIGHT="32" CONTENT="aus" WC="0.98" CC="310"/>
						<SP ID="P5_SP00469" HPOS="2605" VPOS="2662" WIDTH="33"/>
						<String ID="P5_ST00543" HPOS="2638" VPOS="2590" WIDTH="99" HEIGHT="50" CONTENT="dem" WC="0.96" CC="046"/>
						<SP ID="P5_SP00470" HPOS="2737" VPOS="2662" WIDTH="32"/>
						<String ID="P5_ST00544" HPOS="2769" VPOS="2589" WIDTH="189" HEIGHT="50" CONTENT="zweiten" WC="0.98" CC="2905634"/>
						<SP ID="P5_SP00471" HPOS="2958" VPOS="2662" WIDTH="31"/>
						<String ID="P5_ST00545" HPOS="2989" VPOS="2588" WIDTH="143" HEIGHT="49" CONTENT="dieser" WC="0.98" CC="065720"/>
						<SP ID="P5_SP00472" HPOS="3132" VPOS="2662" WIDTH="29"/>
						<String ID="P5_ST00546" HPOS="3161" VPOS="2585" WIDTH="162" HEIGHT="49" CONTENT="Lieder" WC="0.99" CC="051034"/>
					</TextLine>
					<TextLine ID="P5_TL00075" HPOS="1782" VPOS="2668" WIDTH="1543" HEIGHT="69">
						<String ID="P5_ST00547" HPOS="1782" VPOS="2678" WIDTH="373" HEIGHT="59" CONTENT="übereinstimmt," WC="0.99" CC="04060070033244"/>
						<SP ID="P5_SP00473" HPOS="2155" VPOS="2737" WIDTH="31"/>
						<String ID="P5_ST00548" HPOS="2186" VPOS="2676" WIDTH="91" HEIGHT="50" CONTENT="und" WC="0.98" CC="050"/>
						<SP ID="P5_SP00474" HPOS="2277" VPOS="2737" WIDTH="31"/>
						<String ID="P5_ST00549" HPOS="2308" VPOS="2676" WIDTH="162" HEIGHT="49" CONTENT="theilen" WC="0.58" CC="6640704"/>
						<SP ID="P5_SP00475" HPOS="2470" VPOS="2737" WIDTH="32"/>
						<String ID="P5_ST00550" HPOS="2502" VPOS="2674" WIDTH="80" HEIGHT="49" CONTENT="der" WC="0.98" CC="004"/>
						<SP ID="P5_SP00476" HPOS="2582" VPOS="2737" WIDTH="24"/>
						<String ID="P5_ST00551" HPOS="2606" VPOS="2673" WIDTH="243" HEIGHT="50" CONTENT="Curiosität" WC="0.67" CC="4401450460"/>
						<SP ID="P5_SP00477" HPOS="2849" VPOS="2737" WIDTH="29"/>
						<String ID="P5_ST00552" HPOS="2878" VPOS="2670" WIDTH="155" HEIGHT="51" CONTENT="halber" WC="0.98" CC="401514"/>
						<SP ID="P5_SP00478" HPOS="3033" VPOS="2737" WIDTH="32"/>
						<String ID="P5_ST00553" HPOS="3065" VPOS="2669" WIDTH="67" HEIGHT="50" CONTENT="die" WC="0.99" CC="002"/>
						<SP ID="P5_SP00479" HPOS="3132" VPOS="2737" WIDTH="32"/>
						<String ID="P5_ST00554" HPOS="3164" VPOS="2668" WIDTH="161" HEIGHT="49" CONTENT="beiden" WC="1.00" CC="600000"/>
					</TextLine>
					<TextLine ID="P5_TL00076" HPOS="1780" VPOS="2758" WIDTH="642" HEIGHT="53">
						<String ID="P5_ST00555" HPOS="1780" VPOS="2761" WIDTH="170" HEIGHT="50" CONTENT="Stellen" WC="0.99" CC="0800234"/>
						<SP ID="P5_SP00480" HPOS="1950" VPOS="2811" WIDTH="31"/>
						<String ID="P5_ST00556" HPOS="1981" VPOS="2758" WIDTH="304" HEIGHT="52" CONTENT="nachstehend" WC="1.00" CC="22060006000"/>
						<SP ID="P5_SP00481" HPOS="2285" VPOS="2811" WIDTH="34"/>
						<String ID="P5_ST00557" HPOS="2319" VPOS="2759" WIDTH="103" HEIGHT="49" CONTENT="mit:" WC="0.99" CC="1200"/>
					</TextLine>
				</TextBlock>
				<ComposedBlock ID="P5_CB00001" HPOS="484" VPOS="277" WIDTH="853" HEIGHT="231" STYLEREFS="TXT_2 PAR_LEFT" TYPE="Music">
					<GraphicalElement ID="P5_CB00001_SUB" HPOS="484" VPOS="277" WIDTH="853" HEIGHT="231"/>
				</ComposedBlock>
				<ComposedBlock ID="P5_CB00002" HPOS="137" VPOS="1586" WIDTH="1556" HEIGHT="200" STYLEREFS="TXT_2 PAR_LEFT" TYPE="Music">
					<GraphicalElement ID="P5_CB00002_SUB" HPOS="137" VPOS="1586" WIDTH="1556" HEIGHT="200"/>
				</ComposedBlock>
				<ComposedBlock ID="P5_CB00003" HPOS="1777" VPOS="2901" WIDTH="1560" HEIGHT="1240" STYLEREFS="TXT_2 PAR_LEFT" TYPE="Music">
					<GraphicalElement ID="P5_CB00003_SUB" HPOS="1777" VPOS="2901" WIDTH="1560" HEIGHT="1240"/>
				</ComposedBlock>
			</PrintSpace>
		</Page>
	</Layout>
</alto>
