3513 4379
1756 183 160 78 274

380 327 249 51 Aehnliche
666 326 357 50 contrastirende
1049 325 263 66 Rhythmen
1353 340 85 33 von
1468 324 18 26 s
1487 316 27 78 /
1514 353 18 29 4
1564 324 90 49 und
1685 321 64 62 %
1755 353 18 8 -

268 407 109 47 Tact
405 413 144 39 treten
577 404 139 48 schon
746 404 204 64 Anfangs
978 404 45 48 in
1052 402 101 49 dem
1184 401 308 65 episodischen
1522 404 101 47 Satz
1654 400 61 66 (S.
1741 400 30 49 3

269 481 91 50 und
388 481 50 64 4)
468 480 218 48 zwischen
718 480 78 48 der
824 481 186 47 zweiten
1045 479 92 48 und
1165 477 164 49 dritten
1360 479 310 49 Wiederkehr
1698 477 78 49 des

266 557 209 49 Thema's
504 557 44 47 in
577 556 158 50 dessen
767 557 297 63 Feststellung
1095 554 98 57 auf;
1235 555 134 48 dabei
1400 555 184 48 werden
1612 554 135 66 synko-

263 634 113 64 pirte
403 634 150 47 Noten
581 650 52 31 zu
657 634 138 47 Hülfe
823 648 288 49 genommen,
1141 648 94 31 was
1265 631 71 48 bei
1367 631 84 48 den
1481 648 48 31 so
1560 631 115 47 eben
1705 646 46 32 er-

262 712 222 47 läuterten
513 711 168 48 Stellen
710 710 121 48 nicht
857 708 80 49 der
968 708 96 49 Fall
1094 724 109 31 war.
1232 708 226 49 Zunächst
1486 707 150 50 bilden
1666 710 111 45 Tact

266 786 31 47 6
329 785 92 49 und
454 786 26 47 7
516 787 81 47 auf
620 787 44 46 S.
700 783 61 51 3:

264 1223 99 47 eine
391 1224 87 46 Art
504 1238 83 32 von
617 1219 383 66 antispastischem
1030 1218 285 66 Rhythmus:
1579 1215 86 48 den
1705 1216 71 50 die

266 1298 276 65 griechische
570 1296 163 49 Metrik
763 1295 138 48 schon
932 1295 154 54 kennt,
1130 1294 89 48 und
1256 1295 42 47 in
1330 1295 217 47 welchem
1578 1291 81 49 der
1689 1294 56 47 Ur-

261 1374 147 66 grund
437 1375 109 47 aller
574 1390 145 49 gegen
749 1371 215 50 einander
993 1371 234 49 tretenden
1251 1373 230 47 Momente
1505 1371 41 47 in
1570 1369 80 48 der
1673 1388 67 30 mu-

261 1450 256 48 sicalischen
549 1449 246 66 Rhythmik
837 1464 55 32 zu
932 1449 167 47 suchen
1142 1448 67 48 ist.
1265 1448 156 48 Gleich
1459 1446 168 49 darauf
1663 1446 111 49 aber

261 1526 229 50 erweitert
530 1526 90 47 sich
664 1528 145 47 dieser
861 1542 52 30 zu
967 1525 127 48 sechs
1143 1524 321 65 vollständigen
1510 1520 15 28 2
1526 1525 246 57 /4-Tacten

262 1604 61 62 (S.
354 1603 31 50 3
418 1604 91 48 und
540 1604 75 65 4):

261 1940 68 47 Im
357 1939 185 48 zweiten
573 1939 157 47 Theile
761 1937 113 49 wird
909 1937 119 49 dann
1068 1938 121 48 diese
1218 1938 197 66 Episode
1445 1939 97 48 aufs
1571 1956 177 48 grossar-

262 2017 132 64 tigste
422 2015 277 66 rhythmisch
732 2015 89 47 und
851 2015 287 49 harmonisch
1167 2017 230 47 erweitert
1425 2014 62 66 (S.
1511 2015 69 51 33
1666 2014 108 66 36),

255 2093 150 49 indem
431 2093 101 48 dort
554 2094 42 46 in
622 2093 70 47 24
718 2094 169 46 Tacten
909 2092 80 48 der
1011 2093 296 65 zweitheilige
1330 2094 274 65 Rhythmus,
1628 2094 144 48 durch

255 2169 285 48 Sforzando's
563 2169 91 47 und
677 2169 243 65 Synkopen
949 2177 199 57 erzeugt,
1179 2169 111 48 vier
1318 2170 91 49 Mal
1442 2169 86 50 den
1557 2169 191 50 dreithei-

258 2246 119 65 ligen
407 2244 311 49 unterbricht:

255 2644 68 49 bis
349 2645 84 48 wir
460 2645 60 48 im
550 2645 159 48 letzten
738 2645 138 48 Tacte
906 2659 83 34 von
1014 2645 44 48 S.
1081 2643 70 52 35
1184 2644 91 49 und
1304 2645 45 48 in
1378 2645 86 48 den
1495 2645 95 50 drei
1622 2655 150 42 ersten

257 2721 81 50 auf
360 2721 44 50 S.
436 2721 68 50 36
535 2721 142 49 durch
706 2721 85 50 den
822 2721 369 66 antispastischen
1222 2723 256 64 Rhythmus
1508 2723 264 52 derselben:

255 3074 80 50 der
363 3074 92 49 sich
484 3074 116 49 noch
629 3076 165 48 einmal
822 3076 61 48 im
907 3077 204 48 sechsten
1134 3077 90 48 und
1251 3077 233 50 siebenten
1508 3080 138 49 Tacte
1669 3078 103 68 (von

257 3152 45 47 S.
334 3148 88 67 36)
454 3151 279 58 wiederholt,
771 3170 52 30 zu
866 3152 103 48 dem
1000 3153 313 65 dreitheiligen
1344 3156 140 48 Tacte
1519 3157 225 65 zurückge-

257 3227 129 48 führt
414 3227 197 49 werden.
668 3228 278 66 Vollständig
988 3229 141 49 findet
1170 3231 147 48 indess
1362 3232 77 47 für
1480 3231 78 49 das
1602 3235 171 48 Gefühl

254 3303 122 51 diese
403 3306 392 66 Zurückführung
837 3313 90 42 erst
967 3308 80 47 mit
1085 3307 101 49 dem
1230 3316 199 42 neunten
1459 3309 140 50 Tacte
1638 3312 135 58 Statt,

255 3381 58 49 da
341 3383 111 48 Tact
481 3382 31 49 6
546 3383 90 48 und
669 3382 55 49 7:

255 3773 141 48 durch
427 3773 71 48 die
527 3773 43 48 in
598 3774 112 49 Tact
741 3773 29 50 8
802 3774 209 65 folgende
1042 3776 315 64 Viertelpause
1392 3777 116 49 auch
1537 3778 118 50 noch
1685 3778 87 50 den

258 3849 229 50 Eindruck
516 3849 122 50 eines
664 3850 325 67 zweitheiligen
1020 3852 260 66 Rhythmus
1310 3854 204 50 machen.

371 3928 114 47 Dass
515 3927 81 48 der
624 3928 189 65 richtige
843 3929 199 65 Vortrag
1071 3929 80 48 der
1191 3929 361 66 synkopirten
1594 3933 177 48 Noten

259 4002 188 59 überall,
476 4004 110 50 aber
615 4005 246 49 besonders
885 4005 70 50 bei
978 4007 276 58 Beethoven,
1284 4007 70 48 ein
1384 4008 389 66 hauptsächliches

259 4079 306 52 Erforderniss
588 4082 76 50 des
687 4083 266 49 Ausdrucks
973 4085 79 59 sei,
1081 4085 127 50 sollte
1233 4102 106 32 man
1362 4087 63 48 als
1453 4103 48 32 so
1532 4088 240 65 allgemein

1845 323 202 50 bekannt
2088 333 329 48 voraussetzen,
2473 323 101 49 dass
2616 339 46 32 es
2704 323 274 65 überflüssig
3021 330 139 53 wäre,
3202 326 169 52 darauf

1848 401 114 48 noch
1995 401 245 48 besonders
2280 401 307 50 aufmerksam
2630 416 54 32 zu
2727 400 206 48 machen.
2987 401 130 50 Aber
3145 404 141 49 leider
3314 406 54 48 ist

1848 477 102 47 dem
1983 477 122 49 nicht
2132 479 111 55 also,
2281 477 117 49 denn
2430 477 82 47 wir
2541 476 150 48 haben
2729 477 42 47 in
2801 485 123 39 sonst
2952 479 127 47 recht
3107 488 139 55 guten
3275 482 61 49 Or-

1849 555 207 48 chestern
2086 555 41 48 in
2158 555 345 48 verschiedenen
2534 554 187 48 Städten
2764 554 224 58 bemerkt,
3029 556 100 47 dass
3169 559 200 48 einzelne

1848 632 304 47 Instrumente
2182 632 161 47 immer
2371 631 116 50 noch
2517 631 210 64 dagegen
2757 631 162 48 fehlen.

1964 707 86 47 Die
2079 707 198 48 Streich-
2308 707 91 48 und
2430 708 434 47 Blas-Instrumente
2900 707 180 48 können
3124 710 244 65 allerdings

1851 783 212 49 hörbar
2089 783 92 49 und
2214 785 288 48 unhörbar
2529 783 288 66 synkopiren,
2846 783 132 49 allein
3001 783 79 49 das
3104 785 182 49 letztere
3316 788 55 47 ist

1849 861 160 63 Regel,
2039 860 80 49 das
2146 869 171 39 erstere
2345 861 53 48 ist
2427 861 267 48 Ausnahme
2732 860 93 48 und
2854 860 112 48 wird
2996 862 64 48 als
3086 862 153 48 solche
3267 880 100 32 vom

1851 936 339 66 Componisten,
2232 954 130 31 wenn
2394 937 71 48 die
2493 937 259 65 synkopirte
2780 938 118 47 Note
2936 938 130 49 einen
3098 940 157 47 Druck
3288 941 53 48 ha-

1851 1013 85 49 ben
1967 1013 112 49 oder
2108 1015 191 48 markirt
2324 1015 186 48 werden
2540 1016 98 54 soll,
2681 1013 245 50 besonders
2963 1015 273 50 bezeichnet.
3281 1018 86 47 Ein

1848 1089 191 65 Beispiel
2078 1107 84 32 von
2205 1091 162 48 beiden
2397 1093 141 47 Arten
2583 1091 148 48 bieten
2773 1089 71 50 die
2875 1092 139 47 Tacte
3057 1092 31 48 9
3100 1093 144 47 —l4
3287 1093 80 49 der

1849 1167 206 48 Violinen
2093 1168 60 47 im
2191 1168 190 48 zweiten
2411 1169 157 47 Theile
2611 1168 76 48 des
2727 1175 147 41 ersten
2906 1168 152 48 Satzes
3088 1168 81 48 der
3195 1167 176 52 Eroica

1848 1243 62 65 (S.
1941 1243 119 65 20):

1848 1667 112 49 Hier
1989 1666 260 50 bezeichnet
2277 1667 80 50 das
2939 1670 60 62 sf
2459 1669 86 48 den
2566 1669 156 48 Druck
2752 1669 82 48 auf
2858 1667 70 50 die
2957 1671 291 65 synkopirten
3272 1675 63 47 No-

1848 1751 72 41 ten
2022 1759 65 34 es
2088 1742 27 50 und
2455 1760 41 43 c,
2226 1745 218 48 während
2473 1745 71 48 die
2580 1745 405 65 vorhergehenden
3015 1747 244 66 Synkopen
3291 1766 52 47 ge-

1847 1821 109 48 rade
1997 1821 85 48 wie
2108 1816 150 75 ~f'~,
2301 1822 124 49 nicht
2465 1822 112 49 aber
2620 1824 84 47 wie
2732 1820 185 73 ~\~f~
2947 1825 180 63 klingen
3170 1830 196 46 müssen.

1847 1898 101 49 Und
1979 1898 120 49 diese
2127 1898 72 50 die
2225 1898 109 50 zwei
2365 1901 148 47 Noten
2543 1918 52 30 zu
2627 1900 160 48 Einem
2818 1902 271 64 gehaltenen
3114 1904 127 47 Tone
3272 1920 72 32 ver-

1847 1975 227 49 bindende
2106 1977 361 64 Vortragsweise
2494 1977 70 57 ist,
2609 1977 85 47 wie
2723 1986 177 57 gesagt,
2941 1980 72 47 die
3049 1980 320 66 regelmässige

1847 2053 91 49 und
1969 2053 175 50 überall
2174 2055 386 57 anzuwendende,
2592 2072 70 31 wo
2691 2055 71 49 die
2792 2056 346 49 ausdrückliche
3160 2057 182 48 Bezeich-

1845 2147 127 47 nung
2012 2130 81 48 der
2134 2131 188 48 zweiten
2350 2132 120 47 Note
2508 2131 143 48 durch
2691 2132 57 64 sf
2780 2132 111 48 oder
3074 2133 111 47 oder
3216 2133 155 50 beider

2092 2203 9 9 m
2116 2212 33 19 7^

1845 2232 144 49 durch
2040 2241 24 79 j*
2113 2241 26 27 *
2179 2271 12 21 ,
2220 2234 123 47 nicht
2371 2234 263 48 vorhanden
2666 2235 67 47 ist.

1964 2352 109 49 Wir
2101 2353 165 48 wollen
2294 2352 99 49 hier
2431 2353 123 47 nicht
2595 2353 70 48 ein
2694 2352 424 66 Sünden-Register
3147 2354 222 51 aufrollen

1848 2427 93 49 und
1969 2428 86 50 alle
2084 2428 256 66 diejenigen
2367 2429 187 56 Stellen,
2592 2428 139 48 deren
2764 2429 299 49 melodischer
3093 2431 92 48 und
3215 2431 130 66 rhyth-

1847 2506 195 48 mischer
2063 2506 243 49 Ausdruck
2329 2508 45 47 in
2395 2506 87 48 den
2506 2506 413 49 Beethoven'schen
2943 2508 259 48 Sinfonieen
3226 2508 143 50 durch

1847 2582 86 48 den
1983 2583 431 50 unaufmerksamen
2468 2583 199 65 Vortrag
2721 2582 81 49 der
2850 2584 244 66 Synkopen
3150 2586 217 49 verhunzt

1845 2658 133 60 wird,
2007 2660 249 49 aufzählen.
2312 2662 101 47 Nur
2454 2677 79 33 vor
2568 2660 81 47 der
2680 2660 306 65 Verderbung
3025 2662 170 65 einiger
3222 2663 43 47 in
3291 2662 81 49 der

1844 2734 175 52 Eroica
2047 2738 164 48 wollen
2242 2738 82 48 wir
2355 2753 204 42 warnen,
2595 2753 34 33 z.
2661 2738 48 48 B.
2740 2738 31 48 I.
2803 2738 84 48 Th.
2917 2739 46 47 S.
3000 2739 65 48 14
3096 2740 60 47 im
3185 2740 184 65 Fagott,

1845 2814 82 50 der
1957 2815 247 49 Clarinette
2232 2814 92 50 und
2355 2814 247 51 besonders
2632 2814 80 50 der
2741 2817 155 48 Flöte:

1845 3172 46 50 S.
1928 3171 62 51 17
2023 3174 45 48 in
2097 3172 179 50 Violine
2305 3172 94 50 und
2427 3174 154 48 Flöte:

1847 3492 84 50 Th.
1960 3494 56 48 11.
2047 3495 45 48 S.
2122 3494 71 49 20
2224 3495 44 47 ff.
2299 3494 42 48 in
2373 3492 81 51 der
2483 3495 30 47 I.
2545 3494 195 58 Violine,
2769 3494 103 49 dem
2903 3496 171 65 Fagott
3103 3513 40 31 u.
3174 3511 33 33 s.
3239 3513 81 31 w.:

1847 3871 71 32 wo
1948 3853 70 50 die
2047 3854 322 64 Bezeichnung
2390 3853 116 50 doch
2530 3854 218 49 wahrlich
2774 3853 197 51 deutlich
3001 3872 154 50 genug
3184 3858 43 48 in
3258 3859 118 50 allen

1845 3933 224 48 Stimmen
2112 3933 55 48 ist
2207 3932 63 66 (in
2309 3932 81 48 der
2431 3932 366 49 Simrock'schen
2828 3934 201 49 Partitur
3067 3936 55 48 ist
3160 3936 44 48 in
3232 3937 83 48 der
3343 3938 33 48 I.

1848 4010 175 49 Violine
2051 4010 46 49 S.
2129 4009 71 50 20
2230 4010 52 49 T.
2315 4008 31 49 8
2392 4008 78 49 das
2512 4009 164 50 Achtel
2776 4010 287 51 irrthümlich
3107 4013 80 50 mit
3229 4014 146 50 einem

1845 4087 385 49 Staccato-Strich
2262 4084 296 67 bezeichnet).
