3513 4379
1678 136 109 53 275

294 275 44 47 S.
369 272 70 51 32
472 275 40 47 in
544 273 84 49 den
660 276 240 62 Fagotten,
943 276 278 47 Clarinetten
1265 275 93 48 und
1402 276 161 48 Flöten
1608 276 88 63 (bei

179 352 211 47 letzteren
428 350 42 47 in
515 350 85 48 den
637 351 219 48 Stimmen
901 352 176 64 richtig,
1121 352 43 46 in
1207 351 80 48 der
1316 352 201 47 Partitur
1561 352 134 48 falsch

179 428 80 47 mit
286 427 108 47 zwei
426 427 443 48 Staccato-Strichen
902 426 291 66 bezeichnet).

294 505 44 47 S.
370 503 69 50 49
472 505 58 47 im
563 506 263 47 Horn-Solo
863 506 42 47 in
1697 503 4 51 F
1033 522 71 31 wo
1133 506 59 47 im
1226 506 175 48 fünften
1432 507 138 47 Tacte
1599 506 74 47 des-

181 580 153 48 selben
366 577 79 51 das
473 581 259 65 synkopirte
806 581 566 63 cja
883 582 122 47 nicht
1044 588 290 58 angestossen
1371 582 184 47 werden
1585 582 115 57 darf,

181 657 101 48 weil
324 663 123 41 sonst
492 657 70 47 die
594 657 233 63 Wirkung
873 657 77 47 des
1315 660 41 47 in
1401 658 85 47 den
1517 660 181 54 Bässen,

181 733 195 48 welches
416 750 144 48 gegen
599 733 83 48 den
728 734 269 63 gehallenen
1029 736 97 47 Ton
1157 736 77 45 des
1262 736 152 47 Horns
1456 734 241 49 abstechen

179 826 140 41 muss,
350 811 204 47 verloren
585 811 120 62 geht.
762 811 182 48 Ebenso
987 812 145 63 gleich
1175 811 167 49 darauf
1372 812 42 47 in
1444 811 82 49 der
1555 812 119 48 Clari-

182 896 136 39 nette.
365 888 52 47 U.
446 903 33 32 s.
511 903 55 32 w.
599 905 40 30 u.
670 905 31 30 s.
734 905 53 30 w.

296 966 85 47 Um
422 964 24 47 d
454 966 110 47 ieses
595 967 175 46 Thema
813 964 375 56 abzuschliessen,
1237 966 211 47 erinnern
1493 964 81 47 wir
1616 983 85 30 nur

179 1041 119 48 noch
331 1057 54 32 an
417 1042 70 47 die
517 1042 90 47 Soli
639 1042 80 47 der
750 1042 150 54 Oboe,
941 1042 246 47 Clarinette
1229 1041 88 48 und
1358 1039 78 49 des
1463 1042 153 47 Horns
1656 1042 44 47 in

178 1118 103 48 dem
314 1119 244 47 Scherzo
585 1118 263 63 („Lustiges
1321 1118 79 47 der
1423 1119 275 47 Pastoral-

177 1195 277 55 Sinfonie,
484 1195 43 46 in
559 1194 144 48 denen
734 1195 120 47 ohne
883 1194 219 65 richtigen
1126 1195 200 64 Vortrag
1354 1194 82 48 der
1456 1194 242 65 Synkopen

178 1273 123 47 Alles
324 1272 253 48 verdorben
605 1272 127 48 wird.
764 1273 212 47 Genauer
1008 1273 116 47 kann
1155 1273 70 47 ein
1256 1273 263 63 Componist
1546 1273 151 47 seinen

181 1349 171 48 Willen
384 1349 122 47 nicht
538 1348 288 56 bezeichnen,
868 1349 62 48 als
961 1349 257 48 Beethoven
1262 1349 41 47 in
1342 1347 85 49 den
1456 1349 109 47 zwei
1594 1350 83 46 letz-

177 1434 74 40 ten
282 1427 169 47 Tacten
483 1425 77 49 des
590 1425 304 50 Oboe-Solo's
925 1427 168 63 gethan
1126 1425 61 64 (S.
1223 1424 102 51 105
1361 1424 88 48 und
1486 1424 99 50 107
1620 1425 78 49 der

179 1504 200 47 Partitur
408 1519 83 32 von
522 1503 240 65 Breitkopf
787 1503 40 48 &
856 1500 202 66 Härtel):

172 1880 72 32 wo
273 1862 82 48 das
385 1862 521 65 Abnehmungszeichen
936 1862 78 48 des
1042 1862 239 48 crescendo
1317 1863 138 49 schon
1486 1863 80 47 auf
1589 1862 102 48 dem

171 1941 163 48 dritten
365 1940 169 48 Viertel
567 1937 54 67 (c)
654 1940 207 64 beginnt!
915 1938 104 50 Und
1049 1938 116 49 doch
1195 1940 105 48 hört
1336 1957 106 31 man
1479 1940 214 48 mitunter

171 2018 115 49 noch
318 2017 71 48 die
420 2017 134 48 halbe
585 2018 116 47 Note
729 2034 25 31 c
781 2017 129 48 recht
938 2017 306 47 vernehmlich
1286 2017 233 57 anblasen,
1556 2016 139 49 selbst

171 2095 138 57 dann,
338 2111 132 32 wenn
502 2095 84 47 alle
615 2092 405 66 vorhergehenden
1051 2093 242 65 Synkopen
1334 2095 162 63 richtig
1531 2111 134 47 vorge-

170 2181 158 56 tragen
352 2171 178 48 waren!
559 2172 65 46 Im
649 2171 266 48 Horn-Solo
947 2170 108 48 fehlt
1080 2171 44 47 in
1155 2170 80 48 der
1258 2172 200 47 Partitur
1481 2171 62 66 (S.
1569 2170 121 66 108)

171 2248 81 49 der
280 2250 159 61 Bogen
470 2247 115 47 über
614 2247 85 47 den
732 2247 160 47 beiden
1677 2264 18 30 c

284 2324 130 47 Noch
444 2324 151 47 Eines.
625 2323 85 48 Die
741 2323 189 48 Stimme
961 2323 81 47 der
1082 2330 188 41 ersten
1300 2323 179 59 Oboe,
1522 2324 171 49 welche

170 2401 72 49 bei
272 2401 103 49 dem
406 2407 148 42 ersten
1001 2399 302 50 D-dur-So\o
916 2401 80 48 der
1025 2401 155 48 Flöte
1211 2402 111 48 Tact
1357 2401 65 50 13
1436 2402 140 48 —l6
1608 2418 83 33 von

171 2478 184 66 Anfang
385 2478 76 48 des
491 2478 285 48 Scherzo's
806 2478 242 57 secundirt,
1077 2479 56 46 ist
1155 2477 79 49 das
1258 2486 117 42 erste
1397 2479 91 49 Mal
1519 2478 148 67 folgen-

170 2557 79 49 der
279 2558 208 48 Maassen
517 2556 164 64 richtig
712 2556 287 48 bezeichnet:

169 2882 70 50 bei
270 2881 81 49 der
383 2881 372 65 Wiederholung
797 2881 141 48 fehlt
975 2881 111 48 aber
1121 2882 138 47 schon
1298 2882 44 47 in
1380 2881 80 48 der
1489 2882 202 48 Partitur

168 2959 71 50 die
261 2958 322 68 Synkopirung
614 2957 133 66 (doch
770 2959 123 49 nicht
921 2959 42 47 in
988 2958 79 50 der
1091 2958 461 66 Orchesterstimme).
1585 2961 107 48 Wir

167 3037 96 49 sind
294 3037 266 65 überzeugt,
604 3036 101 48 dass
734 3036 207 49 derselbe
972 3038 102 47 Satz
1110 3037 44 47 in
1184 3038 116 48 allen
1329 3036 361 49 secundirenden

166 3114 222 50 Stimmen
420 3113 69 48 bei
521 3113 79 48 der
627 3113 309 48 Wiederkehr
966 3113 236 48 derselben
1226 3113 347 61 Solo-Melodie,
1597 3113 93 48 also

167 3192 62 65 (S.
251 3192 123 57 102,
392 3193 50 47 T.
467 3189 49 66 8)
544 3191 71 48 die
637 3192 54 48 11.
714 3191 153 58 Oboe,
889 3192 55 47 11.
971 3191 246 49 Clarinette
1248 3191 90 48 und
1362 3191 71 49 die
1457 3192 235 57 Bratsche,

166 3269 115 49 eben
310 3286 50 30 so
390 3268 197 65 phrasirt
616 3268 185 48 werden
831 3272 165 52 müsse,
1041 3268 90 48 und
1164 3268 100 48 dass
1301 3267 72 49 die
1413 3268 136 64 obige
1578 3268 84 66 Syn-

166 3347 228 66 kopirung
423 3363 88 31 nur
540 3362 80 32 aus
649 3346 361 66 Nachlässigkeit
1049 3346 234 48 entweder
1317 3363 84 31 von
1432 3346 259 49 Beethoven

166 3426 137 48 selbst
331 3423 111 50 oder
472 3440 85 31 von
586 3422 85 49 den
704 3423 211 65 Copisten
945 3422 112 49 oder
1079 3423 219 48 Stechern
1329 3422 91 49 und
1451 3423 214 48 Correcto-

167 3518 81 32 ren
277 3517 240 50 vergessen
548 3499 110 50 oder
687 3501 257 48 übersehen
976 3499 185 50 worden
1204 3501 68 48 ist.
1329 3502 132 47 Denn
1491 3501 70 48 ein
1592 3517 75 32 vor-

163 3579 231 65 züglicher
425 3578 105 48 Reiz
560 3577 143 49 dieses
733 3578 233 48 Scherzo's
1013 3577 177 49 besteht
1227 3578 43 48 in
1301 3577 80 48 der
1410 3577 249 51 Abwechse-

166 3655 110 66 lung
317 3655 78 50 des
436 3662 221 42 zartesten
1218 3653 167 68 Ligato
894 3655 79 49 mit
1014 3653 103 49 dem
1161 3654 261 65 punktirten

159 3733 128 65 jenes
310 3734 120 48 kann
450 3732 113 49 aber
583 3733 45 48 in
652 3733 85 48 den
760 3732 188 49 zweiten
971 3732 223 49 Stimmen
1222 3732 123 48 nicht
1367 3732 113 64 glatt
1502 3732 162 49 heraus-

166 3810 232 58 kommen,
445 3827 133 32 wenn
621 3810 79 50 das
737 3810 157 50 zweite
934 3810 91 50 und
1065 3810 133 50 dritte
1277 3809 123 51 nicht
1439 3809 252 67 synkopirt,

164 3888 197 48 sondern
393 3885 293 66 abgestossen
717 3888 200 49 werden.

281 3964 243 51 Manchem
554 3969 165 61 mögen
750 3965 122 50 diese
901 3965 353 65 Bemerkungen
1286 3964 75 48 für
1399 3963 293 67 pedantische

163 4040 528 68 Kleinigkeitskrämerei
722 4043 165 65 gelten.
919 4043 109 51 Wir
1055 4042 99 50 sind
1178 4040 200 52 darüber
1408 4058 113 50 ganz
1551 4040 112 51 ande-

1770 295 73 32 rer
1869 280 218 63 Meinung
2123 281 88 47 und
2256 281 263 50 betrachten
2548 285 70 48 die
2646 287 355 66 Zergliederung
3043 290 77 48 des
3150 291 85 48 Vor-

1770 364 121 57 trags
1923 357 64 47 bis
2016 357 65 47 ins
2109 359 199 48 Kleinste
2336 360 199 62 zugleich
2571 362 62 47 als
2662 364 97 48 eine
2789 366 374 65 Rechtfertigung
3191 367 80 49 der

1771 433 203 56 Ansicht,
2016 433 99 49 dass
2158 451 102 33 man
2303 437 42 47 in
2375 437 257 49 Beethoven
2662 440 141 48 nichts
2840 442 431 68 hineinzulegen

1771 507 208 59 braucht,
2002 510 193 48 sondern
2225 529 87 30 nur
2340 512 77 48 das
2448 513 509 68 herauszubringen
2990 520 90 54 hat,
3104 536 93 32 was
3225 536 48 32 er

1771 585 148 48 haben
1951 587 102 48 will.
2107 587 144 48 Darin
2288 590 106 63 liegt
2435 590 117 48 denn
2596 592 113 47 auch
2740 592 79 48 der
2846 596 294 47 Unterschied
3169 599 78 45 zwi-

1770 662 134 47 schen
1954 662 100 48 dem
2104 665 264 48 classischen
2413 667 226 65 Vortrage
2693 670 146 47 seiner
2876 670 395 50 Clavier-Sonaten

1771 738 90 47 und
1894 740 218 48 Concerte
2143 741 91 48 und
2264 742 99 47 dem
2392 745 349 64 Virtuosenspiel
2773 746 249 48 derselben.
3051 748 84 47 Die
3163 751 88 47 clas-

1770 813 140 48 sische
1941 816 335 64 Reproduction
2307 818 170 49 fordert
2504 822 268 64 Entsagung
2798 822 80 47 der
2906 823 187 64 eigenen
3114 826 160 53 Natur,

1772 892 89 47 und
1905 892 230 66 derjenige
2178 894 120 55 fasst,
2341 896 69 47 bei
2453 898 197 63 gleicher
2690 901 278 47 technischer
3015 901 259 65 Fertigkeit,

1772 968 255 48 Beethoven
2058 986 70 32 am
2162 971 151 47 besten
2358 972 91 56 auf,
2491 973 80 47 der
2603 974 290 49 Beelhoven's
2923 977 123 47 Geist
3084 995 51 30 zu
3179 994 71 31 ver-

1772 1044 267 65 lebendigen
2082 1047 159 57 strebt,
2281 1048 122 47 nicht
2444 1048 110 48 aber
2596 1051 90 45 ihm
2723 1053 150 46 seinen
2904 1053 184 62 eigenen
3121 1053 131 48 indivi-

1771 1121 178 48 duellen
1980 1123 122 47 Geist
2131 1123 257 57 aufdrückt,
2416 1126 137 48 selbst
2580 1126 43 48 in
2652 1126 101 48 dem
2784 1129 141 55 Falle,
2965 1128 99 48 dass
3092 1147 48 31 er
3169 1132 78 46 wel-

1770 1198 111 48 chen
1913 1199 168 49 besitzt.

1889 1275 115 49 Was
2032 1275 86 49 den
2143 1277 195 63 Vortrag
2368 1277 76 48 des
2469 1278 242 51 Crescendo
2740 1281 89 48 und
2852 1281 313 49 Decrescendo
3188 1283 89 48 und

1770 1349 72 50 die
1871 1352 238 49 Contraste
2137 1354 219 48 zwischen
2374 1355 130 63 forte
2532 1357 88 45 und
2641 1355 145 68 piano
2815 1358 184 58 betrifft,
3037 1376 47 32 so
3128 1361 146 47 haben

1771 1429 82 46 wir
1881 1428 120 49 diese
2025 1430 424 58 Ausdrucksmittel,
2478 1433 169 47 welche
2676 1434 256 48 Beethoven
2960 1435 80 47 viel
3070 1437 207 65 häufiger

1771 1505 89 49 und
1890 1507 80 47 mit
1997 1524 112 47 ganz
2145 1508 199 48 anderen
2373 1509 350 66 Schattirungen
2766 1512 254 57 anwendet,
3055 1514 62 46 als
3154 1515 120 47 seine

1767 1583 286 66 Vorgänger,
2086 1584 162 50 bereits
2279 1585 155 49 früher
2463 1587 41 48 in
2535 1587 80 48 der
2655 1588 188 56 „Rhein.

1768 1656 49 67 (I.
1839 1659 176 66 Jahrg.,
2046 1660 140 51 1850
2270 1663 88 57 51,
2387 1662 42 49 in
2459 1663 84 48 den
2572 1664 253 48 Nummern
2852 1664 87 57 28,
2963 1664 88 59 30,
3076 1665 89 64 33)
3197 1667 50 48 be-

1764 1736 238 65 sprochen.
2036 1739 104 48 Wir
2163 1740 160 47 wollen
2346 1739 61 48 sie
2431 1740 97 49 hier
2548 1758 86 31 nur
2662 1742 42 47 in
2730 1743 150 63 Bezug
2909 1743 80 47 auf
3012 1743 69 48 die

1766 1814 318 48 übersichtlich
2118 1816 266 49 behandeln.

1880 1893 94 47 Das
2003 1894 313 63 gewöhnliche
2933 1893 261 59 Crescendo,
2634 1894 78 48 das
2740 1912 99 30 zum
3014 1896 144 56 führt,
3194 1896 52 50 be-

1764 1966 107 50 darf
1894 1968 155 49 keiner
2082 1970 324 64 Erläuterung,
2448 1970 120 48 wohl
2610 1970 111 50 aber
2761 1970 72 48 die
2874 1971 159 49 beiden
3076 1973 198 49 anderen

1766 2045 142 48 Arten
1938 2045 252 60 desselben,
2232 2046 77 50 das
2351 2046 310 51 Crescendo
2702 2064 117 32 zum
2855 2046 168 69 fiano
3065 2049 90 49 und
3197 2050 77 50 das

1768 2121 308 51 Crescendo
2115 2142 122 30 zum
2278 2124 364 51 decrescendo
2683 2125 110 48 oder
2819 2124 307 63 diminuendo,
3156 2128 117 48 denn

1764 2200 63 47 sie
1853 2199 97 48 sind
1982 2200 129 50 beide
2139 2209 92 41 erst
2257 2201 142 49 durch
2424 2201 257 49 Beethoven
2702 2219 52 31 zu
2778 2204 387 48 ausdrucksvoller
3187 2205 57 48 Be-

1767 2275 204 66 deutung
1999 2277 289 64 gekommen.

1980 2350 33 52 A.
2014 2354 186 66 Beispiele
2241 2354 80 49 der
2361 2361 190 42 ersten
2589 2355 103 48 Art
2731 2356 143 48 liefert
2911 2355 82 48 der
3028 2364 117 40 erste
3173 2358 101 49 Satz

1766 2429 81 50 der
1988 2429 116 52 Eroica
2105 2432 52 49 S.
2158 2432 46 49 2:

1763 2825 45 49 S.
1844 2826 64 48 12
1938 2826 45 48 in
2012 2827 147 58 Flöte,
2189 2826 151 59 Oboe,
2370 2826 247 50 Clarinette
2647 2827 92 49 und
2766 2829 192 64 Fagott:

1763 3335 45 49 S.
1839 3334 89 57 22,
1957 3334 112 48 Tact
2098 3333 59 48 4:

1763 3537 46 49 S.
1839 3535 89 59 27,
1956 3536 52 48 T.
2040 3536 33 47 4
2104 3532 90 51 und
2225 3532 31 50 5
2464 3532 52 50 T.
2548 3531 31 50 6

1763 3624 46 48 S.
1839 3620 68 53 37
1941 3620 91 51 und
2064 3619 98 52 38:

1764 4035 114 50 Hier
1906 4034 118 52 steht
2052 4032 79 51 das
2147 4050 43 51 p
2218 4034 42 48 in
2291 4032 78 50 der
2397 4034 33 47 I.
2461 4031 176 50 Violine
2668 4031 90 50 und
2787 4030 103 49 dem
2919 4031 169 65 Fagott
3124 4032 40 49 in
3195 4032 80 50 der

2862 4103 71 70 [•]
