3020 4208
2879 4012 46 24 111

89 179 111 33 irgend
223 181 107 31 etwas,
353 184 109 21 wovor
486 176 77 30 auch
588 178 43 29 sie
656 177 141 32 plötzlich
822 177 64 29 sich
911 178 55 31 äng-

88 229 113 33 stigt?!

148 279 39 29 Er
213 280 114 28 hemmt
353 278 86 28 einen
464 276 190 34 Augenblick
679 280 107 27 seinen
811 275 173 31 Geisterfuß

90 330 72 30 dort
179 330 98 28 hinter
296 329 45 27 ihr
358 346 38 3 —
415 336 32 20 er
465 328 125 29 wendet
609 328 65 29 sich
692 336 59 24 um,
772 336 33 20 er
825 327 90 32 späht
934 334 48 20 *—:

148 380 52 29 Ja!

146 430 82 29 Jetzt
252 428 139 29 versteht
417 430 48 28 er!

146 480 83 29 Mein
256 479 81 32 Gott,
364 487 68 22 was
458 481 39 28 ist
524 480 65 28 dies
617 480 79 34 hief!

146 530 82 29 Jetzt
249 529 69 29 hört
341 531 64 27 sein
431 529 75 34 Ohr,
527 529 193 31 wahnsinnig
743 529 159 32 gespannt,
927 526 58 29 den

87 582 89 35 Laut,
197 581 55 28 der
273 581 78 28 auch
373 582 44 28 sie
439 580 178 29 erschreckt
638 579 52 29 hat
708 586 50 20 —:

146 638 75 35 Still,
242 638 105 35 horch,
369 647 33 23 es
424 640 38 28 ist
486 638 55 29 das
564 636 159 30 Geräusch
744 643 62 21 von
831 634 153 30 Schritten

87 689 31 28 in
141 689 109 28 weiter
273 689 107 32 Ferne,
406 689 77 34 nein,
511 697 32 20 es
568 689 40 27 ist
633 685 55 30 das
715 685 159 29 Geräusch
901 686 83 27 eines

86 739 146 34 Laufens,
259 740 84 31 eines
371 740 247 31 angestrengten,
645 736 236 29 schleichenden
906 735 59 29 Lau-

85 789 71 30 fens
182 790 169 29 dadrinnen
375 790 75 29 über
474 790 79 28 Gras
576 797 50 19 —:
655 789 39 27 ist
719 796 33 21 es
777 789 48 28 ein
849 786 71 30 Tier
946 786 39 29 da

88 840 129 30 drinnen
238 842 30 27 in
288 840 53 30 der
362 840 177 32 Finsternis,
559 838 74 28 oder
651 845 66 21 wer
738 837 147 29 schleicht
906 837 79 29 denn

85 894 92 27 Sonst
202 891 50 29 auf
278 890 103 30 solche
406 890 104 28 Weise
537 887 127 30 herum?

146 949 85 33 Nein,
259 951 78 31 nein,
363 950 73 31 jetzt
467 947 79 30 sieht
575 955 32 20 er
636 955 33 22 es
697 946 141 33 deutlich,
866 944 120 30 sowohl

87 999 108 34 Annie,
221 1000 44 28 als
292 999 77 29 auch
396 1007 41 25 er,
464 1000 43 26 sie
532 997 96 29 sehen
654 1006 33 20 es
714 997 50 29 auf
791 997 110 29 einmal
928 995 56 29 alle

85 1049 92 30 beide
193 1059 50 19 —:
263 1050 58 28 den
336 1049 156 28 vornüber
506 1048 184 34 gebeugten,
707 1047 150 33 jagenden
875 1045 91 31 Schat-

85 1101 54 28 ten
170 1101 84 29 eines
281 1099 218 33 riesengroßen
526 1098 141 34 Mannes,
697 1099 53 29 der
781 1098 38 29 da
848 1097 136 29 draußen

83 1158 78 23 vom
184 1150 92 29 Felde
301 1150 52 29 her
379 1149 129 29 kommt!
537 1149 253 29 kohlschwarzes
815 1148 83 29 Haar
925 1147 59 29 und

88 1200 86 34 Bart,
202 1200 170 33 weißgelbe
400 1199 91 36 Haut,
519 1200 48 28 die
595 1209 38 20 zu
663 1202 128 27 stramm
820 1198 75 30 über
926 1198 60 29 den

86 1252 176 32 mächtigen
288 1251 80 33 Kopf
392 1252 152 32 gespannt
570 1253 47 32 ist,
643 1252 47 28 die
719 1250 117 35 Augen,
863 1249 47 29 die
937 1251 48 27 rot

83 1302 117 34 bluten,
222 1303 54 28 der
296 1305 177 27 verzerrrte
491 1301 106 33 Mund,
619 1301 111 30 dessen
751 1300 101 31 Zähne
874 1299 92 30 schim-

85 1362 98 28 mern,
212 1353 49 30 die
286 1353 76 30 Last
387 1353 53 29 der
468 1352 175 33 mächtigen
670 1351 171 32 Schultern,
871 1350 47 29 die
948 1358 38 21 zu

84 1404 114 33 langen
209 1404 93 29 Arme
320 1405 53 28 mit
391 1404 59 28 den
468 1403 207 32 ungeheuren,
696 1402 60 29 den
766 1400 200 30 erschrecken-

87 1456 60 29 den
164 1455 135 30 Fäusten
316 1478 7 6 .
341 1478 7 6 .
364 1477 6 7 .
390 1454 57 30 ach
466 1454 82 34 Gott,
567 1455 60 28 wie
644 1454 48 27 ein
710 1452 165 33 hungriger
892 1451 92 32 Tiger

84 1505 55 30 auf
156 1506 54 29 der
229 1505 89 34 Jagd,
338 1506 60 28 wie
420 1506 47 28 ein
486 1503 260 32 kohlschwarzer,
765 1501 220 31 blutdürstiger

87 1556 136 30 Panther
245 1556 171 33 galoppiert
439 1564 31 21 er
493 1555 29 28 in
544 1553 189 32 ellenlangen
756 1552 114 29 Sätzen
894 1550 92 30 dahin

85 1606 101 31 durch
217 1607 47 30 die
292 1606 192 32 Dunkelheit,
515 1604 112 32 schräg
656 1604 157 28 vorwärts
845 1602 52 29 auf
925 1603 59 29 den

88 1657 82 34 Weg
198 1667 47 27 zu,
273 1659 73 31 jetzt
374 1658 79 28 setzt
483 1665 32 20 er
555 1656 53 30 mit
647 1656 99 28 einem
785 1652 200 30 dröhnenden

86 1708 126 33 Sprung
229 1708 77 28 über
325 1707 58 29 den
401 1706 93 30 tiefen
513 1705 124 29 Graben
656 1706 98 31 einige
775 1703 133 30 Schritte
927 1711 57 20 vor

87 1759 48 29 ihr
159 1779 39 3 —
222 1767 32 21 er
280 1758 62 28 hält
368 1758 53 28 mit
447 1757 99 29 einem
570 1755 87 34 Ruck
684 1764 47 24 an,
758 1754 103 29 macht
887 1753 97 33 kehrt,

86 1810 83 29 steht
187 1811 53 28 mit
258 1811 98 27 einem
371 1807 222 33 grauenvollen
613 1807 132 28 Grinsen
764 1804 82 30 dicht
864 1813 58 20 vor
939 1804 45 29 ihr

87 1861 62 30 und
169 1860 110 29 breitet
299 1859 50 33 jäh
370 1860 85 29 seine
476 1857 202 30 Gorillaarme
699 1865 68 20 aus:
790 1855 109 32 Komm
922 1854 62 33 her,

85 1910 43 31 du
147 1911 62 29 bist
229 1910 132 30 schöner
382 1909 62 29 und
463 1910 106 31 jünger
593 1908 44 30 als
660 1907 48 29 die
730 1906 129 30 andern!
881 1906 104 28 komm

87 1962 54 30 her
161 1982 38 3 —
221 1962 80 29 denn
323 1960 69 30 dich
413 1959 62 29 will
495 1959 48 29 ich
564 1958 203 34 totschlagen,
790 1965 50 20 um
863 1959 62 26 satt
946 1964 38 21 zu

84 2014 147 28 werden!

146 2071 97 29 Annie
271 2072 38 27 ist
337 2071 80 27 starr
449 2068 67 30 dort
555 2067 107 29 stehen
697 2066 171 33 geblieben,
904 2065 81 28 mein

90 2122 82 33 Gott,
188 2122 61 28 wie
266 2120 45 29 ihr
329 2120 48 30 die
393 2119 75 32 Knie
487 2121 87 26 unter
593 2118 69 29 dem
679 2117 96 29 Glanz
793 2117 54 28 der
865 2114 119 30 weißen

88 2171 94 31 Seide
204 2171 167 30 schlottern
388 2190 38 4 —
448 2170 74 29 aber
543 2171 72 30 jetzt
634 2167 84 30 wirft
737 2169 44 28 sie
804 2166 50 30 auf
875 2166 109 30 einmal

88 2223 88 30 ihren
200 2221 127 30 Nacken
352 2221 124 32 zurück,
513 2220 48 30 die
587 2218 121 29 Wonne
744 2220 82 27 eines
863 2217 100 33 Augen-

87 2273 99 30 blicks
209 2273 144 30 schauert
376 2272 94 28 durch
492 2270 141 30 Mortons
656 2269 102 34 Brust,
780 2268 149 29 während
952 2276 32 21 er

88 2324 116 30 schreit
226 2324 61 29 und
308 2322 168 33 schluchzt,
497 2322 78 28 ohne
599 2322 88 28 einen
710 2320 87 32 Laut,
818 2327 50 21 um
892 2318 77 30 sicht-

89 2374 56 30 bar
170 2374 129 30 werden
324 2383 38 19 zu
389 2374 122 28 können
536 2381 50 19 —:
614 2373 38 33 ja,
680 2372 66 28 eine
773 2370 212 32 wahnsinnige

88 2425 159 32 Hoffnung
262 2424 79 29 wird
358 2424 47 29 für
424 2425 66 29 eine
509 2424 117 31 einzige
645 2421 143 30 Sekunde
807 2423 29 26 in
851 2421 61 28 ihm
931 2428 36 24 ge-

85 2475 114 30 boren:
219 2475 70 29 weil
305 2475 44 29 sie
366 2475 45 28 ihr
429 2474 112 29 Antlitz
558 2473 171 32 aufrichtet,
748 2472 69 29 weil
835 2471 64 30 ihre
918 2473 49 30 tap-

86 2526 98 35 feren,
208 2526 111 29 blauen
341 2526 108 31 Augen
470 2524 154 33 flammen,
649 2523 72 29 weil
743 2524 43 28 sie
809 2522 65 29 ihre
899 2523 85 27 zarte

87 2575 94 31 Hand
202 2576 108 30 erhebt
332 2576 60 28 und
416 2575 48 29 ihn
485 2574 165 33 wegfegen
673 2573 70 35 will,
767 2573 57 29 den
848 2572 117 29 schwar-

89 2635 59 21 zen
170 2626 105 33 Koloß,
299 2627 52 28 mit
374 2628 83 27 einer
479 2625 182 32 Bewegung
683 2633 49 20 —:

146 2677 88 30 Fort!

146 2736 51 28 Ich
219 2736 80 28 kenn
320 2735 83 29 Euch
422 2735 96 30 nicht!

146 2794 123 31 Kommt
291 2802 38 21 zu
351 2795 55 27 mir
430 2793 78 29 nach
531 2793 114 34 Hause,
668 2800 92 21 wenn
783 2792 47 28 Ihr
856 2790 128 33 hungrig

91 2845 82 28 seid!
198 2866 6 8 .
226 2867 6 6 .
258 2868 6 5 .

149 2902 81 29 Aber
262 2902 38 29 da
330 2903 112 29 weicht
471 2903 44 28 sie
545 2903 38 28 im
616 2902 150 29 nächsten
795 2900 189 32 Augenblick

90 2952 128 31 zurück.

149 3011 58 29 Mit
229 3012 98 28 einem
349 3009 115 30 Schrei.

148 3061 92 30 Siehe
264 3070 49 19 —:

151 3119 33 29 In
210 3120 100 28 seiner
337 3118 140 34 Rechten
501 3118 94 29 blinkt
631 3119 39 28 im
708 3118 105 29 selben
849 3116 47 31 Nu
933 3118 55 29 das

93 3169 138 30 Messer!

153 3229 33 28 In
206 3230 100 28 seiner
326 3227 125 30 rechten
471 3227 94 29 Faust
586 3227 107 32 sprüht
713 3227 53 29 der
789 3229 93 30 eisige
904 3227 85 29 Stahl

92 3288 40 20 so
152 3279 86 30 blau!

153 3337 61 29 Hilf
233 3339 66 31 mir,
320 3337 85 34 Glaß,
428 3337 103 27 komm
551 3345 37 19 zu
609 3336 87 33 Hilfe,
718 3338 79 26 mein
819 3336 81 34 Gott,
921 3343 67 21 was

96 3387 59 30 soll
176 3387 48 29 ich
244 3390 60 31 tun,
326 3396 37 20 zu
386 3387 78 29 Hilfe
483 3410 7 5 .
510 3410 6 5 .
537 3410 6 6 .

155 3444 57 30 Mit
235 3446 97 28 einem
354 3445 151 29 lautlosen
529 3444 87 32 Ruck
639 3444 51 28 hat
712 3446 43 27 sie
781 3444 64 30 sich
868 3452 102 21 zusam-

99 3496 218 32 mengebeugt,
348 3495 84 33 fliegt
463 3497 75 30 jetzt
576 3495 189 28 blitzschnell
805 3495 90 28 dahin
936 3497 54 27 mit

100 3547 100 28 einem
223 3545 248 33 geschmeidigen
498 3545 130 33 Sprung,
653 3545 39 28 ist
719 3545 60 28 ihm
807 3547 87 27 unter
922 3545 69 28 dem

98 3595 76 29 Arm
192 3594 330 35 hindurchgeschlüpft,
541 3595 68 36 fort,
630 3595 98 32 dahin,
746 3594 51 29 auf
816 3595 57 28 den
894 3594 97 30 nahen

101 3644 188 33 Strandweg
309 3653 47 25 zu,
378 3645 67 29 dort
467 3648 101 31 unten,
589 3653 50 21 wo
661 3644 78 30 Hilfe
760 3653 37 20 zu
819 3645 100 29 haben
938 3645 51 29 ist!

101 3697 30 28 in
159 3695 169 29 sausender
356 3695 70 32 Eile,
453 3695 53 29 der
532 3695 127 33 Asphalt
683 3695 84 29 flieht
795 3697 86 26 unter
908 3695 85 28 ihren

102 3745 181 33 Fußsohlen,
306 3754 55 19 nur
388 3746 48 27 ein
458 3753 74 24 paar
556 3745 147 34 Minuten,
726 3745 164 29 höchstens
915 3745 78 29 noch

102 3796 76 33 drei,
198 3796 80 28 dann
298 3797 38 28 ist
355 3796 44 28 sie
420 3796 114 29 sicher!
556 3798 43 27 sie
619 3798 39 27 ist
678 3797 80 32 jung,
780 3796 43 28 sie
842 3796 37 28 ist
899 3795 93 34 stark,

106 3848 43 28 sie
174 3846 80 28 wird
280 3846 44 28 ihr
353 3845 61 29 Ziel
440 3845 95 29 schon
562 3846 166 33 erreichen,
756 3845 80 29 halte
863 3853 64 26 aus,
957 3846 37 32 ja,

104 3895 82 30 halte
205 3904 63 26 aus,
287 3897 98 28 meine
405 3895 103 33 Annie,
530 3897 116 33 weiter,
666 3896 106 29 werde
793 3895 81 28 nicht
894 3894 100 33 müde,

102 3945 67 30 lauf
191 3947 80 34 jetzt,
294 3947 59 27 wie
377 3945 39 29 du
439 3947 47 29 nie
511 3954 96 20 zuvor
631 3946 139 32 gelaufen
794 3945 68 32 bist,
886 3953 32 21 es
943 3945 52 32 gilt

1063 175 55 30 das
1143 175 111 34 Leben,
1278 184 35 21 es
1334 176 52 32 gilt
1410 177 69 29 dich
1503 177 59 29 und
1585 177 89 34 mich,
1698 186 33 20 es
1753 177 53 33 gilt
1828 177 73 30 alles
1922 180 31 28 in

1062 225 54 29 der
1142 224 94 30 Welt!

1118 281 68 30 Und
1209 285 44 28 sie
1273 284 83 32 läuft,
1379 285 76 29 Glaß
1475 285 76 32 folgt
1571 285 45 29 ihr
1637 285 137 30 atemlos.
1797 285 51 30 Sie
1870 285 83 35 läuft,

1063 342 35 20 so
1122 334 57 28 daß
1204 334 95 29 selbst
1322 343 33 20 er
1380 342 55 21 nur
1461 336 52 29 mit
1537 335 93 30 Mühe
1656 335 103 34 folgen
1783 336 89 29 kann.
1897 336 56 29 Die

1062 382 62 31 Eile
1138 384 60 29 löst
1215 384 44 30 ihr
1276 384 91 34 Haar,
1386 385 47 29 die
1448 385 78 29 Hast
1539 385 60 30 löst
1613 386 45 28 ihr
1675 386 157 34 goldenes,
1847 386 106 32 langes

1062 433 93 35 Haar,
1181 443 32 21 es
1237 435 85 33 fliegt
1346 436 54 28 mit
1425 437 116 27 seinem
1566 435 171 30 Schimmer
1763 445 62 19 von
1851 436 102 30 Sonne

1063 484 96 30 durch
1181 485 47 30 die
1252 484 106 35 Nacht,
1383 486 97 29 hinter
1503 486 85 28 ihren
1612 485 162 30 Schultern
1799 487 61 29 her.
1903 487 50 29 Sie

1060 534 84 34 läuft,
1163 536 37 33 ja,
1221 537 118 32 weiter,
1360 544 54 20 nur
1437 536 78 29 noch
1535 537 271 29 einundeinehalbe
1828 537 124 32 Minute,

1063 585 61 29 und
1145 586 40 28 du
1205 586 60 28 bist
1287 588 142 32 gerettet,
1451 586 74 29 höre
1548 587 57 29 den
1626 587 78 28 Laut
1726 588 99 28 seines
1846 588 85 28 Tram-

1063 635 85 32 peins
1175 636 97 29 hinter
1300 636 54 32 dir,
1382 638 39 28 du
1449 636 69 30 hast
1543 636 95 30 schon
1677 638 86 28 einen
1799 638 154 32 tüchtigen

1062 685 182 34 Vorsprung
1266 694 193 26 genommen,
1483 687 79 28 mein
1586 687 84 33 Lieb,
1692 687 162 33 beständig
1876 688 78 29 wird

1063 736 48 29 die
1134 736 188 34 Entfernung
1347 737 156 28 zwischen
1529 737 45 28 dir
1600 738 59 28 und
1686 739 62 28 ihm
1772 738 183 32 vergrößert

1063 805 36 4 —
1117 786 97 30 beeile
1233 788 77 34 dich,
1331 786 64 30 sieh
1413 787 67 29 dich
1500 787 189 30 blitzschnell
1708 797 66 24 vor,
1792 788 103 29 wohin
1915 790 40 27 du

1062 837 109 29 deinen
1197 838 62 28 Fuß
1286 840 97 27 setzst
1410 838 65 28 ach.
1499 839 87 28 wäre
1620 838 48 30 ich
1703 839 77 29 doch
1816 838 48 30 bei
1901 840 53 32 dir,

1063 887 113 30 könnte
1193 888 49 29 ich
1260 888 67 29 dich
1345 888 77 29 doch
1441 887 51 29 auf
1508 889 119 28 meinen
1646 888 113 29 Armen
1775 889 180 33 forttragen,

1061 938 115 29 könnte
1197 938 46 29 ich
1267 938 68 29 dich
1357 939 116 28 seinem
1496 937 85 30 Blick
1603 938 52 29 auf
1679 939 109 28 einmal
1809 937 128 30 fortsteh-

1062 988 57 33 len,
1146 988 112 31 könnte
1285 989 46 28 ich
1359 990 189 31 wenigstens
1574 990 113 28 andere
1713 997 69 20 zum
1809 988 146 29 Beistand

1063 1038 203 35 herbeirufen,
1287 1039 66 33 ach,
1372 1039 113 29 könnte
1506 1039 48 29 ich
1572 1039 157 29 zwischen
1750 1039 44 29 dir
1816 1039 61 29 und
1895 1040 60 28 ihm

1065 1089 116 33 stehen,
1225 1089 48 29 ihn
1315 1098 70 20 zum
1425 1089 102 29 Fallen
1567 1089 136 33 bringen,
1746 1089 68 29 dich
1854 1089 99 29 sicher

1063 1140 138 34 machen,
1225 1139 102 30 indem
1350 1139 48 30 ich
1421 1140 49 29 ihn
1497 1141 47 28 ein
1568 1139 48 30 für
1641 1140 118 29 allemal
1785 1148 38 21 zu
1849 1139 106 30 Boden

1063 1191 134 33 schlüge,
1220 1191 102 29 indem
1343 1191 47 28 ich
1414 1190 49 29 ihn
1484 1191 223 32 schonungslos
1731 1193 87 26 unter
1840 1191 115 28 meiner

1063 1242 94 29 Ferse
1183 1242 61 28 und
1268 1242 131 28 meinem
1426 1241 66 29 Haß
1519 1241 193 29 zermalmte!

1119 1299 51 30 Sie
1193 1300 85 34 läuft,
1303 1301 47 30 die
1374 1300 70 29 Luft
1465 1302 99 27 stürzt
1586 1301 80 28 ihrer
1691 1299 82 30 Stirn
1796 1299 70 30 kühl
1891 1301 48 26 ent-

1063 1359 109 25 gegen,
1194 1353 43 27 sie
1261 1351 77 29 sieht
1360 1351 96 29 schon
1479 1351 47 28 die
1549 1351 90 32 lange
1662 1350 93 33 Reihe
1781 1349 93 29 heller
1898 1349 38 29 La-

1063 1404 116 30 ternen,
1198 1402 47 28 die
1264 1401 143 29 dahinten
1426 1401 48 29 die
1492 1400 110 30 Straße
1619 1400 174 34 schneiden,
1812 1400 47 30 die
1876 1399 79 29 Erde

1063 1454 87 26 saust
1168 1452 90 30 dahin
1280 1454 87 26 unter
1388 1451 85 29 ihren
1494 1451 112 33 Füßen,
1628 1452 47 28 die
1698 1451 108 29 Felder
1827 1450 129 29 wirbeln

1228 1510 54 21 aus
1303 1501 83 30 ihrer.
1405 1501 93 30 Brust
1519 1503 110 28 strömt
1650 1501 53 29 der
1724 1501 89 29 Atem
1834 1501 121 32 heraus,

1063 1553 110 36 heiser,
1197 1555 54 27 mit
1277 1553 98 29 einem
1402 1552 152 30 Stöhnen!
1581 1552 52 28 auf
1658 1552 83 31 jeder
1768 1551 121 33 Wange
1917 1552 39 28 ist

1063 1606 47 27 ein
1127 1604 98 29 Feuer
1244 1604 54 28 des
1315 1603 183 29 Entsetzens
1517 1602 201 34 angezündet,
1734 1603 28 27 in
1780 1602 85 29 ihren
1880 1600 57 30 Ner-

1062 1662 62 22 ven
1147 1658 65 26 rast
1237 1655 47 28 ein
1308 1654 108 28 Fieber
1440 1661 63 21 von
1538 1653 123 29 Grauen
1699 1652 60 30 und
1793 1652 67 28 Tod
1894 1651 63 29 und

1062 1705 96 33 Kraft,
1175 1706 43 28 sie
1236 1704 84 34 läuft,
1339 1704 47 31 die
1402 1705 114 31 winzig
1532 1704 119 28 kleinen
1668 1702 82 30 Füße
1766 1704 89 31 jagen
1875 1703 64 28 sinn-

1063 1756 45 29 los
1136 1755 100 35 dahin,
1264 1756 37 33 ja,
1328 1756 37 32 ja,
1393 1756 117 30 weiter,
1538 1753 77 30 liebe
1646 1753 104 34 Annie,
1779 1752 79 30 halte
1887 1752 68 29 dich

1062 1806 148 33 aufrecht,
1232 1806 106 30 werde
1362 1805 81 29 nicht
1465 1804 101 35 müde,
1590 1806 36 31 ja,
1647 1806 37 32 ja,
1708 1805 108 27 weiter
1837 1823 38 3 —
1895 1803 61 29 und

1063 1856 108 33 vergiß
1197 1856 51 29 auf
1273 1856 46 29 ale
1344 1856 81 28 Fälle
1451 1856 91 32 nicht,
1569 1855 57 29 daß
1665 1855 53 29 der
1753 1854 120 33 Rächer
1909 1854 45 29 dir

1063 1907 77 29 nahe
1159 1907 52 29 ist!

1118 1957 51 30 Sie
1189 1957 90 30 läuft!

1117 2014 64 30 Das
1216 2014 82 30 Herz
1332 2023 62 21 von
1431 2014 145 30 Schreien
1613 2014 235 33 durchstochen,
1881 2013 56 29 keu-

1063 2065 106 33 chend,
1193 2065 80 29 wild.

1118 2116 51 29 Sie
1191 2115 76 31 läuft
1290 2136 37 3 —
1350 2115 201 36 wahnsinnig,
1575 2115 161 32 beständig
1760 2115 54 29 das
1839 2114 116 32 Tempo

1063 2167 53 30 der
1145 2167 198 29 dröhnenden
1369 2166 132 29 Schritte
1531 2166 97 29 hinter
1658 2166 64 29 sich
1752 2165 129 32 hörend;
1911 2165 44 29 sie

1061 2218 85 36 läuft,
1167 2218 80 28 kann
1268 2218 74 28 aber
1363 2216 60 30 fast
1444 2216 81 30 nicht
1544 2216 101 30 mehr!

1118 2276 51 31 Sie
1193 2275 84 35 läuft,
1305 2275 71 30 aber
1405 2284 55 20 aus
1485 2275 81 29 ihrer
1591 2274 92 29 Brust
1710 2276 79 31 ringt
1815 2274 64 29 sich
1907 2274 47 28 ein

1061 2328 113 29 kurzes
1190 2327 61 28 und
1269 2326 214 29 entsetzliches
1502 2326 133 32 Gebrüll,
1653 2326 65 28 ihre
1736 2324 75 31 Knie
1828 2324 127 29 werden

1063 2378 51 29 auf
1134 2378 109 29 einmal
1265 2376 109 30 schlaff
1395 2397 38 3 —
1454 2376 60 28 und
1538 2377 47 33 da,
1609 2376 56 29 ach
1689 2376 81 33 Gott,
1793 2375 40 29 da
1855 2377 84 26 strau-

1062 2428 80 30 chelt
1162 2430 43 27 sie
1229 2429 40 27 im
1291 2427 105 29 selben
1418 2427 198 32 Augenblick,
1637 2428 44 28 sie
1704 2425 166 29 strauchelt
1894 2425 60 28 und

1063 2481 98 27 stürzt
1185 2477 149 34 kopfüber
1361 2486 59 24 um,
1444 2477 71 32 lang
1541 2477 89 28 dahin
1659 2476 51 29 auf
1736 2476 59 29 den
1821 2475 115 33 Bürger-

1064 2531 80 31 steig
1168 2538 49 21 am
1240 2528 99 33 Wege
1364 2550 66 8 ...
1456 2529 37 28 ist
1519 2527 73 30 aber
1615 2529 53 27 mit
1694 2528 98 28 einem
1818 2527 137 31 einzigen

1063 2580 74 29 Satz
1162 2579 116 29 wieder
1304 2577 59 35 auf,
1388 2578 55 30 das
1467 2578 83 28 Haar
1574 2577 115 29 flattert
1713 2578 98 28 hinter
1832 2577 45 29 ihr
1901 2576 54 29 her

1063 2632 29 27 in
1112 2630 53 29 der
1187 2628 191 30 Dunkelheit.

1120 2687 75 29 Glaß
1213 2687 75 32 folgt
1308 2686 188 29 schäumend
1515 2686 84 28 ihren
1618 2686 188 33 Fußspuren,
1825 2684 130 30 zerrend

1063 2746 38 21 an
1126 2738 69 28 dem
1223 2737 140 29 Gewand
1392 2737 99 28 seiner
1519 2736 270 34 Körperlosigkeit,
1817 2736 52 28 toll
1896 2743 57 21 vor

1061 2789 132 32 Grauen,
1212 2788 146 30 verrückt
1381 2813 5 5 .
1410 2810 6 6 .
1439 2810 6 6 .
1468 2787 59 29 und
1550 2787 37 28 da
1609 2787 78 28 sieht
1708 2795 31 20 er
1764 2786 50 29 auf
1836 2786 116 32 einmal,

1063 2839 57 28 daß
1138 2839 65 29 ihre
1221 2839 110 29 beiden
1349 2838 91 28 Arme
1458 2837 70 30 steif
1545 2839 29 26 in
1593 2837 53 28 der
1664 2836 70 29 Luft
1752 2835 157 34 dastehen,
1925 2836 30 27 in

1064 2889 53 29 der
1142 2889 71 29 Luft
1237 2891 96 26 watet
1357 2888 44 29 ihr
1426 2888 97 29 linkes
1550 2887 76 30 Bein
1652 2889 86 28 einen
1765 2886 188 32 Augenblick

1063 2938 73 35 leer,
1155 2939 45 29 ihr
1220 2939 198 32 Oberkörper
1438 2938 103 30 knickt
1560 2937 263 29 währenddessen
1842 2937 100 28 hinten-

1064 2990 84 33 über,
1165 2989 79 29 Hilfe
1259 2999 50 19 —:
1330 2989 91 32 siehe,
1439 2988 53 28 der
1508 2988 131 30 Fremde
1657 2988 52 28 hat
1727 2988 43 28 sie
1787 2987 53 28 mit
1857 2987 98 28 einem

1066 3040 79 29 Griff
1165 3049 38 20 an
1225 3040 68 29 dem
1313 3039 174 32 fliegenden
1505 3037 83 30 Haar
1612 3037 105 34 erfaßt,
1738 3038 43 28 sie
1801 3037 79 28 wird
1903 3037 36 28 da-

1066 3089 96 30 durch
1186 3090 179 29 hintenüber
1393 3088 277 36 umgeschleudert,
1697 3096 31 21 er
1756 3087 62 29 hält
1846 3089 43 27 sie
1917 3088 41 27 im

1064 3142 105 28 selben
1192 3140 139 29 Moment
1353 3140 52 28 mit
1431 3140 97 27 einem
1552 3138 122 29 Brüllen
1698 3140 29 27 in
1754 3138 57 28 den
1833 3137 122 33 Armen,

1064 3192 54 27 mit
1134 3192 97 29 einem
1248 3190 121 32 Sprung
1384 3192 38 26 ist
1437 3197 32 21 er
1487 3190 52 28 mit
1555 3189 45 28 ihr
1618 3189 50 28 auf
1685 3188 68 28 dem
1769 3187 101 33 Felde,
1884 3195 54 20 ver-

1065 3241 172 28 schwindet
1265 3241 67 28 dort
1357 3241 29 27 in
1410 3239 53 28 der
1491 3238 191 34 Dunkelheit,
1710 3246 33 21 es
1769 3237 62 30 loht
1858 3237 97 33 gleich

1067 3291 110 29 darauf
1193 3291 67 28 fern
1278 3291 51 29 auf
1347 3290 38 29 da
1404 3290 135 34 drinnen,
1559 3298 37 19 an
1617 3289 140 29 Mortons
1776 3288 63 28 Ohr
1861 3288 99 31 dringt

1064 3342 48 29 die
1140 3341 78 33 Qual
1244 3342 81 29 ihres
1353 3340 187 30 röchelnden
1569 3339 151 34 Schreies,
1749 3339 47 29 die
1822 3339 59 28 wie
1909 3339 46 27 ein

1066 3392 77 29 Blitz
1169 3393 83 27 seine
1274 3390 122 32 Nerven
1419 3389 139 33 zerreißt,
1584 3390 48 28 die
1656 3390 54 28 das
1738 3388 138 29 Gewand
1902 3387 53 29 der

1068 3442 248 29 Unsichtbarkeit
1336 3443 181 31 zersprengt
1538 3463 60 6 ...
1618 3448 33 21 er
1670 3442 38 27 ist
1729 3439 50 29 auf
1800 3438 109 30 einmal
1928 3446 32 21 er

1067 3492 100 29 selber
1193 3500 73 20 vom
1291 3491 135 30 Scheitet
1451 3491 46 28 bis
1524 3498 54 19 zur
1606 3489 100 34 Sohle,
1741 3488 118 29 Fleisch
1896 3488 61 28 und

1068 3542 79 33 Blut,
1164 3541 55 29 das
1235 3542 78 28 nach
1331 3541 104 33 Rache
1452 3540 92 30 kocht
1560 3559 38 4 —
1615 3540 61 28 und
1694 3540 53 28 mit
1766 3540 97 28 einem
1881 3537 57 30 Sau-

1068 3601 54 21 sen
1146 3593 39 29 ist
1209 3601 32 20 er
1267 3600 73 24 quer
1366 3591 74 29 über
1467 3590 58 29 den
1552 3590 122 28 Graben
1700 3589 135 33 hinüber,
1861 3589 96 28 stürzt

1067 3643 166 29 flammend
1257 3643 165 33 vorwärts,
1447 3640 89 29 dahin
1561 3648 50 20 wo
1637 3640 55 28 das
1719 3638 160 30 Gräßliche
1905 3646 35 24 ge-

1068 3693 134 30 schehen
1224 3693 54 28 ist!

1655 3763 179 29 Fortsetzung
1861 3763 67 28 folgt

2028 182 281 61 Rausch
2356 186 118 58 des
2519 187 349 62 Künstlers

2030 273 141 57 und
2216 275 121 58 des
2385 276 538 65 Nichtkünstlers

2091 371 130 31 Jemand
2240 376 121 33 meinte,
2384 375 53 29 der
2458 375 95 30 Autor
2573 379 102 28 müsse
2696 380 47 28 ein
2763 379 156 30 Franzose

2034 423 74 33 sein,
2133 423 54 29 das
2209 423 95 31 Stück
2327 425 89 32 spielt
2440 426 28 28 in
2491 425 97 30 Paris.
2635 426 54 30 Ein
2714 429 127 29 anderer
2864 430 37 29 be-

2034 472 80 29 stritt
2129 480 50 26 es,,
2190 482 33 19 es
2241 475 111 29 kämen
2369 476 78 28 doch
2466 476 101 30 zuviel
2585 476 166 30 Gedanken
2766 478 46 30 für
2832 482 88 27 einen

2030 523 175 29 Franzosen
2234 532 66 26 vor,
2328 526 54 29 das
2409 525 94 30 Stück
2531 529 44 27 sei
2604 527 98 30 sicher
2730 536 62 20 von
2818 532 99 27 einem

2031 571 169 34 Norweger
2225 574 209 32 geschrieben.
2458 576 75 29 Paul
2558 576 189 34 Schienther,
2756 577 55 30 der
2822 578 80 31 Thea-

2031 623 173 29 terkritiker
2221 624 53 30 des
2291 623 136 31 Berliner
2446 626 204 35 Tageblattes,
2669 628 53 29 der
2740 638 33 21 es
2789 629 137 32 nämlich,

2032 673 108 29 besser
2159 673 87 37 weiß,
2265 674 134 30 schrieb:
2422 675 174 33 „Vielleicht
2617 678 78 29 wird
2715 687 33 21 es
2768 687 62 21 von
2848 681 74 30 jetzt

2034 724 37 28 ab
2100 724 76 29 auch
2201 725 81 28 nicht
2307 725 85 30 mehr
2416 727 209 35 vorkommen,
2651 729 57 28 daß
2735 729 48 29 ein
2806 729 97 29 bedeu-

2033 775 107 28 tender
2169 776 229 31 germanischer
2427 776 125 29 Dichter
2582 779 46 28 ein
2656 778 104 35 Stück,
2786 779 143 30 welchem

2030 824 113 30 ebenso
2171 828 53 30 gut
2250 827 29 27 in
2305 825 177 31 Stockholm
2511 828 73 29 oder
2614 829 161 29 anderswo
2803 830 116 32 spielen

2030 875 122 33 könnte,
2171 876 77 28 nach
2267 875 87 30 Paris
2373 877 120 33 verlegt
2511 877 60 29 und
2590 877 212 33 Ausgeburten
2820 878 101 31 seines

2029 924 110 30 Hirnes
2161 925 42 29 als
2225 925 123 32 Pariser
2601 928 175 34 Ebensogut
2796 933 41 29 ist
2855 933 63 31 gut

2030 974 67 29 Und
2127 984 33 20 es
2187 979 91 30 zeugt
2307 985 62 21 von
2399 977 53 30 der
2481 978 224 32 Wissenschaft
2733 981 54 29 des
2816 980 101 31 Herrn

2031 1024 190 35 Schienther,
2245 1026 57 29 daß
2329 1028 55 29 das
2406 1027 95 30 Stück
2526 1028 78 29 eben
2625 1037 35 20 so
2683 1033 54 29 gut
2759 1031 29 27 in
2811 1030 94 31 Stock-

2030 1075 80 30 holm
2131 1076 83 29 hätte
2234 1077 115 32 sipelen
2370 1078 130 33 können,
2521 1080 74 30 weil,
2613 1079 52 29 der
2686 1079 161 31 Verfasser
2869 1082 51 29 ein

2030 1125 153 30 Schwede
2202 1128 48 29 ist.
2289 1127 92 30 Jeder
2399 1129 212 32 germanische
2630 1129 95 31 Autor
2745 1130 125 34 verlege
2889 1132 32 30 in

2030 1176 131 30 Zukunft
2179 1178 84 29 seine
2282 1177 114 31 Stücke
2416 1181 29 26 in
2466 1179 47 29 die
2531 1179 97 34 Stadt,
2648 1182 31 27 in
2698 1181 54 28 der
2773 1189 31 20 er
2824 1181 95 32 gebo«

2028 1235 54 21 ren
2103 1229 46 27 ist.
2188 1227 39 29 Er
2247 1228 82 29 kann
2348 1228 153 31 vielleicht
2522 1238 90 25 sogar
2635 1231 47 28 die
2702 1231 216 32 Ausgeburten

2028 1279 99 28 seines
2146 1278 109 30 Hirnes
2275 1278 42 29 als
2334 1278 138 30 Berliner
2487 1281 203 33 vorspiegeln,
2707 1282 92 28 kaum
2816 1280 101 30 dürfte

2028 1337 33 21 es
2080 1329 60 28 ihm
2161 1329 73 29 aber
2256 1329 138 34 glücken,
2415 1332 43 26 sie
2479 1331 44 28 als
2543 1330 137 30 Berliner
2702 1331 198 32 Theater-Kri-

2028 1379 76 29 tiker
2124 1380 244 32 vorzuspiegeln.
2407 1380 63 30 Das
2489 1381 80 32 gäbe
2587 1383 64 28 eine
2672 1390 38 20 zu
2729 1381 91 30 wilde
2839 1382 77 29 Aus«

2028 1430 119 32 geburt.
2198 1430 77 34 „Auf
2301 1430 56 29 alle
2385 1431 80 29 Fälle
2494 1440 66 21 war
2589 1442 33 21 es
2649 1433 192 33 interessant,
2869 1433 49 29 ein

2028 1480 120 30 solches
2170 1480 95 30 Stück
2288 1482 29 28 in
2341 1489 131 21 unseren
2492 1482 131 32 jetzigen
2646 1482 173 29 Zuständen
2841 1484 57 27 wie-

2030 1531 190 29 derzusehen
2243 1554 6 6 .
2270 1554 7 6 .
2298 1554 7 6 .
2347 1531 73 29 Man
2440 1532 99 30 lachte
2561 1532 89 34 nicht,
2674 1532 137 32 obgleich
2835 1555 6 7 .
2862 1555 8 7 .

2027 1581 74 29 Man
2117 1581 99 30 lachte
2234 1582 88 29 nicht.
2360 1582 91 34 „Man
2469 1583 83 29 hatte
2569 1583 54 28 das
2642 1583 116 33 Gefühl,
2778 1583 57 28 daß
2853 1583 65 28 hier

2027 1632 153 29 Zustände
2201 1633 53 28 der
2276 1633 227 29 menschlichen
2525 1632 88 30 Seele
2635 1633 211 33 vorkommen,
2869 1633 48 29 die

2028 1684 40 27 im
2086 1682 116 33 Begriff
2221 1682 75 37 sind,
2315 1684 211 28 überwunden
2544 1692 38 20 zu
2599 1684 136 33 werden,
2755 1692 50 20 um
2824 1684 75 28 ande-

2028 1741 54 21 ren
2107 1733 182 30 Problemen
2312 1733 88 30 Platz
2422 1743 37 19 zu
2708 1734 128 28 Warum
2861 1733 58 30 sott

2028 1784 77 30 auch
2133 1785 81 29 nicht
2241 1785 47 28 die
2314 1785 204 29 menschliche
2544 1784 98 34 Seele,
2669 1785 47 28 die
2745 1784 47 29 für
2817 1784 100 29 Herrn

2027 1834 179 31 Schienther
2228 1835 46 29 ein
2293 1834 106 33 Begrif
2418 1836 46 34 ist,
2482 1835 210 29 überwunden
2710 1835 136 33 werden,
2866 1842 52 22 um

2027 1886 62 29 ihm
2112 1886 95 29 selbst
2232 1885 87 30 Platz
2343 1894 37 21 zu
2404 1885 137 30 machen.
2590 1885 91 30 Jedes
2705 1885 132 29 Theater
2865 1886 54 29 hat

2027 1936 47 30 für
2099 1937 50 29 ihn
2174 1938 85 28 einen
2285 1936 95 30 Platz.
2430 1936 70 29 Und
2523 1945 92 21 wenn
2639 1936 49 28 die
2712 1935 204 30 menschliche

2027 1987 88 29 Seele
2136 1987 43 29 als
2197 1987 177 33 Ausgeburt
2392 1989 82 28 eines
2493 1987 109 29 Hirnes
2620 1989 63 27 erst
2702 1986 107 30 einmal
2826 1986 73 28 über-

2027 2039 133 28 wunden
2177 2039 66 28 sein
2260 2037 87 34 wird,
2367 2038 80 29 kann
2464 2046 71 21 man
2551 2037 48 29 für
2618 2037 99 29 Herrn
2736 2036 181 29 Schienther

2027 2089 51 29 auf
2099 2089 52 29 der
2173 2089 106 29 Bühne
2299 2089 95 28 selbst
2413 2089 78 28 noch
2512 2090 85 28 einen
2616 2087 193 30 besonderen
2829 2086 88 29 Platz

2027 2140 137 29 machen.
2183 2140 79 28 Herr
2281 2139 179 30 Schienther
2479 2140 54 27 irrt
2553 2138 72 33 sich,
2644 2146 91 20 wenn
2754 2145 31 21 er
2803 2136 113 33 glaubt,

2026 2199 61 21 von
2107 2192 116 27 seinem
2242 2190 207 29 Schreibtisch
2471 2190 48 28 die
2538 2188 97 31 Kunst
2652 2188 111 29 lenken
2783 2196 37 20 zu
2841 2187 57 29 kön-

2027 2249 66 21 nen.
2126 2241 105 29 Etwas
2249 2241 93 28 näher
2363 2249 38 19 an
2420 2240 54 29 der
2490 2239 93 29 Front
2601 2238 134 30 befindet
2753 2238 63 29 sich
2836 2236 81 29 denn

2029 2292 79 29 doch
2134 2292 53 28 der
2214 2291 213 29 Generalstab.
2479 2289 38 30 Er
2544 2290 102 32 kennt,
2671 2296 67 21 was
2766 2296 31 21 er
2823 2287 93 30 leitet

2027 2342 81 29 Aber
2129 2350 67 21 was
2218 2341 78 30 Herr
2320 2341 179 30 Schienther
2522 2340 92 29 leiten
2635 2340 131 31 möchte,
2790 2338 127 30 erkennt

2028 2402 32 20 er
2085 2393 90 29 nicht.
2223 2392 38 29 Er
2285 2392 109 29 richtet
2419 2391 172 29 Geschütze
2616 2398 99 25 gegen
2740 2390 47 30 ein
2811 2388 103 33 Genie,

2031 2443 55 29 das
2107 2442 74 30 über
2206 2443 52 28 der
2281 2441 64 29 Zeit
2367 2441 89 29 steht.
2495 2440 104 29 Daran
2621 2439 126 29 werden
2771 2438 77 30 auch
2869 2438 52 29 die

2028 2494 131 31 jetzigen
2183 2492 153 29 Zustände
2361 2491 98 30 nichts
2485 2491 123 28 ändern.
2654 2490 65 28 Daß
2747 2491 82 29 seine
2857 2489 42 29 Ge-

2027 2543 128 31 schosse
2173 2543 81 28 nicht
2272 2542 118 34 treffen,
2409 2543 39 27 ist
2467 2543 65 27 sein
2550 2540 171 29 Verdienst.
2756 2540 42 28 Im
2815 2538 101 35 Krieg,

2028 2594 77 29 Herr
2126 2593 188 32 Schienther,
2334 2593 81 28 kann
2435 2601 70 19 man
2525 2592 103 28 solche
2648 2591 95 29 Leute
2762 2590 80 29 nicht
2862 2597 35 25 ge-

2030 2644 164 29 brauchen.
2271 2643 68 29 Und
2368 2644 66 33 wir,
2472 2642 78 29 Herr
2580 2641 189 32 Schienther,
2808 2639 109 30 führen

2030 2697 145 27 immer
2193 2694 100 33 Krieg.
2329 2693 119 35 „Wenn
2468 2693 107 29 einmal
2594 2693 52 28 der
2663 2690 92 34 Krieg
2773 2690 78 29 wird
2867 2689 37 29 be-

2029 2745 102 33 endigt
2155 2745 126 28 werden
2303 2745 128 33 können,
2454 2752 34 21 so
2511 2743 135 33 werden,
2671 2743 60 28 wie
2753 2742 48 27 die
2821 2740 97 29 Natur

2031 2796 79 29 nach
2132 2797 97 28 einem
2251 2795 162 31 schweren
2437 2794 157 32 Gewitter,
2619 2792 76 29 auch
2719 2792 56 28 alle
2798 2790 105 32 Kultur-

2028 2848 119 31 zweige
2175 2846 144 35 erquickt,
2348 2844 148 32 erfrischt,
2536 2845 124 31 ergrünt
2696 2842 116 29 wieder
2852 2839 50 30 auf-

2030 2900 102 26 atmen
2156 2896 59 29 und
2241 2896 53 29 das
2317 2895 223 32 Losungswort
2569 2902 126 20 unserer
2721 2893 106 28 harten
2854 2891 65 29 Zeit

2033 2948 78 29 wird
2131 2947 82 28 dann
2234 2945 76 29 auch
2332 2945 77 28 noch
2430 2944 47 29 für
2499 2944 46 29 die
2568 2942 250 33 neubeginnende
2838 2940 70 29 Frie-

2032 2997 175 28 densarbeit
2233 3004 37 20 zu
2308 2996 101 31 gelten
2444 2995 108 32 haben,
2590 2994 55 28 das
2682 2992 239 31 Losungswort:

2031 3047 82 29 Herz
2135 3046 60 30 und
2218 3046 67 29 Mut
2308 3046 61 28 und
2394 3045 85 32 Kraft
2503 3044 59 29 und
2712 3043 64 28 Wir
2799 3043 120 27 kennen

2033 3098 100 29 dieses
2154 3098 231 31 Losungswort,
2408 3095 43 29 als
2472 3095 50 29 Sie
2543 3095 80 28 noch
2643 3093 79 29 beim
2743 3091 176 30 friedlichen

2032 3148 89 28 Biere
2143 3149 161 28 träumten.
2349 3146 180 31 Strindberg
2552 3146 111 27 kannte
2686 3152 41 24 es,
2749 3143 95 28 bevor
2867 3142 52 29 Sie

2032 3199 81 28 nicht
2131 3198 129 29 lachten.
2300 3196 70 29 Sein
2392 3196 80 29 Herz
2493 3196 89 28 liebte
2603 3196 46 27 die
2670 3193 175 32 Menschen,
2866 3192 52 28 be-«

2034 3257 57 20 vor
2111 3249 43 27 sie
2173 3247 122 29 sterben
2315 3246 131 28 mußten.
2484 3244 70 30 Sein
2573 3244 66 29 Mut
2656 3243 188 29 verkündete
2866 3241 55 29 das

2034 3298 113 34 Ewige,
2173 3306 107 20 woran
2307 3297 50 30 Sie
2383 3297 76 28 noch
2486 3297 89 27 heute
2601 3295 87 28 Ihren
2712 3293 111 28 Unmut
2850 3300 54 20 aus-

2031 3350 102 28 lassen
2152 3347 115 29 dürfen.
2300 3347 90 29 Seine
2406 3346 85 31 Kraft
2510 3345 66 33 traf,
2594 3345 55 28 ehe
2665 3344 47 29 Ihr
2731 3342 188 30 Stimmchen

2032 3402 40 26 im
2097 3397 219 33 Kriegsgeheul
2342 3399 53 27 mit
2420 3397 138 28 schreien
2583 3395 112 29 wollte.
2745 3393 89 29 Seine
2859 3391 61 30 Tat

2032 3458 65 19 war
2120 3450 46 28 die
2187 3448 95 32 Kunst
2303 3450 61 27 und
2385 3447 66 29 Ihre
2470 3446 58 29 Tat
2548 3446 46 28 die
2614 3444 198 32 Empfehlung
2835 3444 82 27 eines

2032 3500 135 31 Umzugs
2192 3507 61 20 von
2278 3498 87 29 Paris
2394 3497 76 29 nach
2497 3495 185 29 Stockholm.
2731 3493 50 29 Sie
2807 3491 111 29 wollen

2033 3551 76 28 nach
2131 3550 68 28 dem
2218 3549 91 32 Krieg
2329 3549 44 28 als
2392 3547 207 31 Kulturzweig
2620 3545 115 28 wieder
2755 3542 161 29 aufatmen.

2032 3600 62 29 Der
2118 3599 96 29 Baum
2241 3599 80 29 steht
2348 3599 39 26 im
2415 3597 158 29 Gewitter.
2601 3594 165 30 Geknickte
2795 3591 123 32 Zweige

2034 3650 127 29 werden
2181 3650 175 28 verbrannt.
2396 3647 118 29 Unsere
2536 3646 101 29 Sonne
2662 3644 115 29 scheint
2799 3644 38 27 im
2860 3642 40 28 Ge-

2034 3702 109 28 witter.
2196 3700 81 28 Aber
2305 3706 91 20 unser
2424 3697 122 29 Donner
2574 3697 39 27 ist
2639 3695 68 28 kein
2736 3693 92 28 Blech
2858 3690 61 29 und

2034 3759 90 21 unser
2142 3750 78 28 Blitz
2239 3750 69 27 kein
2324 3747 200 33 Magnesium.
2555 3745 98 29 Unser
2671 3743 80 32 Spiel
2770 3744 38 27 ist
2827 3749 92 21 unser

2034 3801 104 28 Leben
2160 3799 60 29 und
2244 3806 90 21 unser
2358 3798 138 29 Sterben.
2543 3795 65 29 Und
2634 3794 80 28 nicht
2740 3791 107 30 einmal
2871 3791 48 28 Ihr

2823 3841 96 30 H.W.

2033 3851 103 28 Leben
2154 3850 80 28 kann
2253 3857 55 21 uns
2326 3848 54 28 das
2400 3847 81 32 Spiel
2500 3845 181 29 verderben.

2035 3920 51 25 Zur
2110 3919 162 32 Aufführung
2294 3919 46 25 des
2359 3918 107 24 Dramas
2486 3916 123 25 Rausch
2632 3923 50 17 von
2708 3915 99 30 August
2826 3911 85 27 Strind-

2035 3954 63 30 berg
2115 3960 31 17 zu
2166 3952 83 25 Berlin
2268 3952 10 30 /
2296 3952 110 24 Theater
2423 3951 25 23 in
2467 3951 45 23 der
2530 3948 185 32 Königgrätzer
2734 3946 91 26 Straße
