3589 5204
777 4198 87 68 136

703 820 170 64 began
901 825 57 44 to
986 820 131 50 shed
1147 820 92 50 her
1267 819 170 64 pearls
1465 835 58 34 so
1555 835 57 34 as
1642 824 57 44 to
1730 834 243 48 preserve
2002 836 31 32 a
2060 818 298 51 semblance
2387 820 55 49 of
2471 819 241 64 elegance
2741 825 57 44 at
2825 821 93 48 her
2953 818 139 51 little

703 908 169 53 court,
907 906 158 47 much
1094 904 55 48 in
1177 904 92 48 the
1292 920 119 44 way
1435 919 98 33 one
1557 902 261 50 crumbles
1842 918 71 47 up
1944 920 31 31 a
2006 903 210 50 brioche
2244 907 59 44 to
2331 903 118 49 feed
2475 904 94 47 the
2597 902 193 50 useless
2823 918 172 34 swans
3024 919 70 32 on

703 987 93 48 the
819 986 153 49 lawn.
1029 987 112 49 The
1172 986 141 62 King
1328 986 107 48 had
1459 1001 160 33 never
1642 990 58 43 to
1724 1002 65 45 go
1812 985 229 49 without
2064 986 81 48 his
2169 986 228 48 favorite
2411 986 103 62 gin,
2541 987 92 47 the
2651 987 180 60 Queen
2845 1002 107 33 was
2978 985 116 50 able

703 1074 59 43 to
788 1070 262 48 surround
1074 1067 192 49 herself
1291 1068 130 48 with
1444 1068 93 48 her
1565 1072 304 56 customary
1907 1068 270 62 parasites,
2209 1069 106 47 and
2337 1069 92 47 the
2453 1069 237 48 Princess
2714 1067 154 50 could
2891 1069 202 49 stretch

706 1155 95 44 out
836 1152 93 47 her
968 1151 271 48 shrunken
1279 1150 144 60 body
1464 1149 167 49 under
1672 1166 30 31 a
1743 1150 478 49 rose-embellished
2261 1150 211 63 pergola
2511 1152 145 61 hung
2694 1151 131 48 with
2848 1151 242 49 barbaric

703 1233 140 49 silks.
910 1232 310 60 Passers-by
1243 1232 137 47 tried
1402 1236 58 42 to
1486 1232 154 47 catch
1665 1248 30 30 a
1723 1231 219 62 glimpse
1973 1232 52 47 of
2047 1233 92 47 her
2161 1233 231 61 through
2413 1234 93 47 the
2530 1233 115 49 iron
2667 1234 234 62 gratings
2927 1233 52 49 of
3001 1234 93 48 the

706 1315 140 57 villa,
880 1314 154 48 while
1064 1315 92 48 she
1189 1314 237 47 received
1456 1313 131 47 with
1618 1313 92 46 the
1741 1328 145 32 same
1918 1313 84 60 icy
2025 1313 334 49 indifference
2382 1316 92 47 the
2490 1316 144 48 bows
2654 1316 52 48 of
2724 1316 372 49 straw-halted

703 1396 477 62 counter-jumpers
1202 1395 105 48 and
1326 1395 91 47 the
1437 1394 111 48 stiff
1568 1393 196 50 salutes
1785 1395 53 47 of
1859 1394 198 49 officers
2097 1396 157 61 going
2293 1401 58 42 to
2391 1397 91 47 the
2523 1397 132 50 forts
2694 1398 173 49 which
2906 1398 182 49 traced

701 1478 137 49 their
876 1478 283 62 geometric
1194 1476 145 58 lines,
1368 1491 57 34 as
1448 1476 39 48 if
1514 1476 183 49 drawn
1722 1477 73 60 by
1831 1492 31 33 a
1887 1476 136 49 ruler
2050 1493 67 31 on
2143 1477 92 48 the
2266 1478 132 61 rigid
2434 1480 113 59 sky.

1825 1646 81 43 XI

837 1768 111 48 The
990 1766 134 50 local
1166 1767 245 61 industry
1453 1782 109 33 was
1604 1767 124 47 that
1772 1766 53 47 of
1859 1766 291 62 exploiting
2179 1766 300 62 foreigners.
2553 1766 111 49 The
2702 1767 176 48 casino
2904 1768 195 49 offered

702 1850 150 48 them
878 1850 70 49 its
978 1850 227 61 dancing
1232 1849 108 48 hall
1369 1850 106 48 and
1502 1865 157 46 green
1686 1848 171 49 tables
1882 1865 9 41 ;
1923 1849 94 47 the
2045 1864 88 34 sea
2161 1849 70 48 its
2258 1850 194 60 yachts
2481 1850 108 48 and
2609 1849 192 62 fishing
2824 1850 198 61 parties
3044 1850 55 48 in

701 1932 237 57 flannels,
979 1933 92 47 the
1103 1932 279 48 mountain
1413 1932 68 48 its
1514 1931 221 62 painted
1765 1931 170 57 villas,
1967 1931 117 48 well
2116 1932 225 48 combed
2371 1932 225 62 gardens
2643 1932 106 48 and
2793 1932 303 58 waterfalls,

701 2015 234 62 guarded
968 2015 74 60 by
1074 2013 290 58 turnstiles,
1402 2014 106 47 and
1539 2015 93 46 the
1664 2018 146 44 town
1842 2013 142 49 itself
2017 2014 68 48 its
2120 2014 236 48 carnival
2371 2014 131 48 with
2540 2014 91 48 the
2647 2014 126 49 slow
2796 2015 302 62 procession

702 2098 53 47 of
784 2097 294 62 oscillating
1108 2096 294 48 cardboard
1431 2101 276 53 monsters,
1737 2097 92 46 the
1859 2096 366 48 multicolored
2254 2097 114 46 rain
2398 2097 52 46 of
2479 2097 92 47 the
2600 2097 239 57 confetti,
2869 2097 92 48 the
2989 2097 110 49 hail

702 2180 53 47 of
791 2179 93 48 the
920 2178 186 49 rattles
1144 2179 106 48 and
1285 2179 92 47 the
1414 2179 165 61 flying
1616 2178 268 62 exchange
1922 2178 52 48 of
2012 2179 279 61 bouquets.
2366 2179 112 47 The
2509 2195 179 33 coarse
2718 2185 242 58 meteques
2984 2180 113 62 pelt

700 2262 130 47 each
859 2262 152 47 other
1037 2261 132 48 with
1198 2261 237 48 confetti.
1508 2260 173 49 Those
1708 2260 120 49 who
1857 2276 87 33 are
1974 2260 246 49 offended
2249 2260 72 61 by
2344 2262 92 47 the
2459 2276 257 47 savagery
2740 2262 54 47 of
2817 2262 107 48 this
2948 2267 149 57 sport

701 2359 202 33 reserve
927 2342 138 49 their
1087 2343 215 49 favours
1326 2343 81 48 for
1430 2343 91 48 the
1545 2342 197 50 battles
1767 2343 52 48 of
1843 2343 217 57 flowers,
2084 2343 173 48 where
2284 2343 239 49 fortunes
2540 2343 122 49 fade
2677 2343 132 49 with
2824 2344 93 48 the
2933 2345 163 61 heaps

700 2426 53 48 of
777 2430 114 44 cast
913 2425 273 57 blossoms,
1211 2425 177 49 whose
1413 2426 224 48 odorous
1663 2441 207 45 corpses
1896 2441 86 32 are
2006 2426 202 47 carried
2232 2441 151 45 away
2407 2426 54 47 in
2486 2442 30 32 a
2540 2425 194 63 special
2758 2427 130 47 boat
2913 2442 68 32 on
3002 2426 94 49 the

699 2509 223 62 evening
951 2508 52 48 of
1024 2509 92 47 the
1138 2508 133 61 fetes.
1326 2508 205 61 During
1553 2508 108 48 this
1684 2524 201 41 season,
1912 2508 93 48 the
2028 2524 121 45 rage
2172 2507 82 49 for
2277 2507 239 63 pleasure
2540 2514 140 43 tears
2702 2509 93 48 the
2818 2508 276 64 perfumed

699 2590 200 50 crowds
939 2590 138 48 from
1116 2590 92 48 the
1250 2590 165 62 depth
1443 2590 52 48 of
1522 2590 139 48 their
1682 2590 166 49 villas.
1926 2590 247 50 Pleasure
2195 2590 153 62 flings
2370 2590 149 49 them
2543 2607 194 45 among
2758 2591 93 49 the
2874 2592 222 48 stunted

699 2673 171 61 palms
905 2673 105 48 and
1058 2673 92 47 the
1183 2672 416 50 velvet-dressed
1637 2673 263 48 mimosas.
1974 2673 112 50 The
2133 2689 89 33 sea
2271 2673 182 49 breeze
2496 2673 156 50 sheds
2692 2673 70 50 its
2803 2673 194 50 odours
3037 2679 58 43 to

698 2755 330 62 impregnate
1062 2754 142 50 itself
1237 2755 131 48 with
1404 2756 92 47 the
1531 2755 244 50 artificial
1809 2755 264 62 perfumes
2107 2755 173 48 which
2315 2756 93 47 the
2442 2756 183 62 happy
2661 2756 216 62 moving
2923 2756 173 49 crowd

697 2838 176 48 leaves
898 2837 55 47 in
978 2837 70 49 its
1072 2838 166 47 wake.
1310 2838 123 48 And
1459 2837 92 48 the
1576 2837 122 63 long
1724 2837 182 48 drawn
1933 2842 94 43 out
2255 2838 210 62 agonies
2492 2838 261 62 painfully
2780 2839 315 61 developing

697 2920 54 47 in
790 2920 91 48 the
919 2920 357 48 sanatoriums
1314 2935 86 32 are
1438 2920 270 61 forgotten
1744 2920 81 48 for
1862 2937 30 31 a
1929 2921 99 47 few
2063 2921 175 48 hours.

1797 3089 110 44 XII

761 3209 111 49 The
899 3209 88 49 old
1011 3225 210 33 woman
1248 3209 184 62 placed
1471 3226 30 31 a
1527 3210 191 48 basket
1745 3209 52 48 of
1823 3225 187 33 woven
2038 3209 158 49 osiers
2223 3211 170 47 round
2419 3211 92 47 the
2537 3212 133 46 neck
2702 3211 53 47 of
2784 3211 93 47 her
2902 3212 158 61 grand-

695 3308 110 33 son.
879 3292 103 49 She
1015 3292 251 60 carefully
1299 3292 141 61 piled
1471 3308 71 45 up
1575 3292 54 47 in
1661 3292 91 48 the
1785 3292 291 62 receptacle
2108 3308 273 46 nosegays,
2416 3308 130 47 poor
2576 3292 138 49 little
2742 3294 264 61 bouquets
3039 3294 52 47 of

694 3374 160 48 white
891 3374 206 57 violets,
1152 3374 182 61 fragile
1371 3374 207 62 pansies
1627 3375 106 47 and
1768 3374 122 49 wild
1928 3391 140 32 roses
2105 3375 129 48 such
2272 3391 57 33 as
2365 3376 93 47 the
2496 3376 219 61 beggars
2754 3376 129 48 offer
2912 3380 58 44 to
3000 3376 91 48 the

697 3456 282 62 foreigners
1001 3457 167 48 under
1189 3457 93 47 the
1304 3457 144 61 palm
1469 3462 138 43 trees
1631 3457 53 47 of
1706 3457 92 48 the
1820 3458 336 60 promenade.
2230 3458 112 48 The
2364 3458 133 48 idiot
2521 3458 219 48 allowed
2761 3459 93 47 the
2880 3458 87 48 old
2987 3474 68 32 wo-

697 3554 124 32 man
852 3544 58 42 to
942 3556 65 44 go
1040 3555 68 32 on
1138 3540 251 61 working.
1465 3540 99 48 His
1597 3556 138 32 arms
1769 3555 198 46 swung,
2001 3540 83 49 his
2116 3540 170 49 hands
2318 3541 146 61 hung
2497 3541 155 48 down
2684 3540 264 61 uselessly,
2985 3540 106 48 and

696 3621 65 47 he
791 3620 189 49 looked
1010 3622 54 46 in
1095 3626 125 43 turn
1251 3627 57 42 at
1338 3623 92 47 the
1460 3638 115 41 sun,
1608 3623 93 46 the
1731 3623 152 47 earth
1914 3623 108 47 and
2050 3623 93 47 the
2173 3624 201 48 flowers
2405 3623 55 48 in
2492 3639 29 32 a
2552 3628 140 44 state
2724 3623 53 47 of
2813 3621 277 63 perpetual

693 3704 227 46 wonder.
977 3707 84 44 He
1087 3705 182 60 sighed
1297 3704 188 62 deeply
1511 3705 138 47 from
1675 3705 130 47 time
1830 3710 59 42 to
1915 3706 131 46 time
2074 3706 106 47 and
2205 3706 153 48 while
2384 3706 81 49 his
2482 3706 378 60 grandmother
2876 3705 182 47 exhort-

695 3785 64 48 ed
785 3786 111 47 him
922 3790 57 43 to
1007 3789 93 45 sell
1124 3788 92 45 the
1244 3786 137 48 little
1408 3788 234 47 bunches
1669 3788 82 46 for
1777 3787 112 47 half
1917 3804 29 31 a
1973 3788 149 47 franc
2150 3789 144 56 each,
2324 3789 66 47 he
2430 3789 73 46 let
2539 3789 80 46 his
2661 3802 173 33 senses
2874 3787 214 47 wander

694 3884 125 32 over
846 3868 94 48 the
967 3884 165 32 warm
1162 3869 197 60 garden
1388 3868 103 48 like
1523 3886 30 30 a
1611 3870 340 61 magnificent
1980 3875 91 42 net
2101 3875 58 42 to
2191 3875 219 57 capture
2438 3871 93 46 the
2561 3869 281 62 perfumes,
2868 3870 93 46 the
2984 3869 77 47 col-

693 3966 121 33 ours
858 3952 106 46 and
1006 3952 93 46 the
1141 3950 197 49 sounds
1382 3950 53 48 of
1472 3952 92 46 the
1592 3967 202 32 season.
1868 3952 99 49 His
1997 3952 115 48 soul
2155 3954 325 59 evaporated
2522 3952 136 48 from
2685 3951 81 48 his
2812 3951 276 49 miserable

692 4034 158 60 body.
923 4035 47 47 A
1000 4033 189 49 morsel
1217 4033 54 48 of
1298 4033 160 48 white
1487 4034 182 47 cheese
1699 4033 147 48 dried
1875 4050 68 31 on
1978 4034 82 48 his
2089 4035 212 61 parting
2328 4034 114 63 lips.
