3589 5204
2817 4296 86 47 147

731 896 101 49 For
855 910 100 35 one
979 894 117 49 who
1120 892 90 49 did
1234 897 95 45 not
1355 892 157 49 know
1535 890 105 50 and
1664 891 119 49 love
1805 891 94 49 the
1923 890 202 50 farther
2164 891 214 51 reaches
2422 892 54 48 of
2499 892 93 48 the
2617 890 219 64 English
2882 894 84 49 lan-

593 996 168 48 guage
797 978 203 61 Ulysses
1029 976 171 63 might
1228 974 115 50 well
1371 975 66 50 be
1465 974 55 48 of
1548 974 127 61 only
1702 973 93 49 the
1823 973 249 63 slightest
2100 973 351 63 significance.
2523 973 74 52 As
2644 974 132 58 Life,
2806 976 82 48 for
2917 978 52 48 in-

593 1067 196 45 stance.
841 1060 47 50 A
913 1060 114 50 well
1049 1056 259 51 informed
1334 1055 283 65 European
1640 1055 117 50 who
1783 1055 107 50 had
1915 1055 125 51 read
2068 1055 398 64 Kraft-Ebbing
2492 1056 105 49 and
2622 1056 174 51 Freud
2822 1061 173 47 would

595 1144 110 48 find
742 1143 93 51 the
874 1139 556 66 psychopathological
1468 1138 244 51 material
1753 1138 316 66 antiquated
2110 1139 106 49 and
2253 1139 347 52 unscientific.
2672 1142 110 46 Nor
2822 1143 173 47 would

596 1225 208 62 Joyce's
839 1222 234 51 attitude
1109 1238 195 47 appear
1340 1238 117 33 new
1490 1238 57 32 or
1584 1221 271 64 arresting.
1928 1221 111 50 The
2073 1221 282 50 unbridled
2388 1222 350 63 imagination
2768 1225 56 47 of

595 1312 268 46 treamont
893 1307 56 48 in
978 1305 280 58 Maldoror,
1287 1305 94 49 the
1410 1306 179 62 poetic
1617 1305 348 51 automatism
1994 1306 56 48 of
2077 1304 320 65 Apollinaire
2426 1305 55 49 in
2512 1306 217 58 Alcools,
2773 1307 93 51 the
2898 1306 64 63 Cy-

598 1392 219 62 clopean
844 1389 243 62 laughter
1118 1388 54 48 of
1201 1387 183 52 Alfred
1417 1390 159 60 Jarry
1604 1389 55 48 in
1698 1388 114 50 Übu
1841 1388 117 59 Roi,
1989 1389 148 52 these
2170 1388 105 49 and
2326 1389 152 50 other
2524 1388 247 65 qualities
2827 1391 166 51 which

598 1490 86 32 are
729 1471 306 50 immediate
1070 1478 57 43 to
1166 1470 219 50 modern
1421 1471 182 52 artists
1639 1472 105 49 had
1791 1472 204 52 existed
2031 1473 191 50 before.

730 1555 352 62 Scrutinizing
1107 1556 94 49 the
1228 1554 273 51 literature
1529 1556 71 57 of,
1628 1555 74 49 let
1730 1570 64 36 us
1821 1571 112 45 say,
1970 1557 92 48 the
2088 1557 105 51 last
2232 1562 214 57 quarter
2474 1556 54 48 of
2554 1557 92 50 the
2673 1556 315 52 nineteenth

598 1644 223 58 century
850 1639 55 49 in
938 1638 216 57 France,
1190 1655 75 34 we
1298 1653 127 46 may
1459 1639 218 51 observe
1710 1639 122 49 that
1865 1639 92 49 the
1988 1638 259 64 language
2279 1639 187 49 lacked
2506 1640 249 57 richness,
2778 1641 121 49 that
2932 1641 54 49 in

598 1729 140 44 most
783 1722 282 51 directions
1108 1721 71 51 its
1222 1737 263 35 resources
1528 1737 140 36 seem
1711 1727 57 43 to
1813 1722 136 50 have
1993 1721 132 51 been
2169 1721 266 63 plumbed.
2505 1721 151 50 After
2700 1723 288 62 Mallarme,

596 1805 93 49 the
711 1812 153 55 poets
885 1805 127 50 echo
1037 1805 129 49 each
1188 1804 195 50 other's
1407 1804 188 62 figures
1619 1804 105 47 and
1747 1804 210 61 images.
2004 1802 110 50 The
2151 1804 140 48 lucid
2314 1803 259 51 felicitous
2595 1820 152 47 prose
2771 1820 217 37 manner

597 1888 55 48 of
687 1887 203 52 Villiers
927 1887 63 50 de
1046 1886 338 51 l'lsle-Adam
1446 1886 198 64 (Contes
1704 1885 190 64 Cruels)
1959 1885 105 48 and
2102 1887 54 47 of
2193 1885 212 61 Barbey
2438 1885 164 49 d'Aur
2606 1887 159 61 evilly
2792 1888 197 62 (Contes

584 1969 355 65 -Diaboliques)
971 1971 310 48 terminates
1310 1968 130 49 with
1472 1970 171 59 Remy
1672 1968 64 51 de
1767 1969 312 56 Gourmont,
2109 1969 117 47 who
2256 1975 294 55 represents
2576 1970 91 49 the
2710 1969 102 51 last
2842 1977 147 58 stage

596 2053 54 48 of
672 2052 135 57 thin,
832 2051 159 58 lucid,
1016 2051 263 51 felicitous
1303 2066 166 47 prose.
1542 2050 152 51 Since
1717 2051 108 48 this
1849 2050 200 63 period,
2076 2050 219 49 modern
2320 2050 327 51 Frenchmen
2681 2053 135 49 have
2857 2055 131 49 been

597 2134 177 50 driven
815 2140 57 43 to
905 2140 258 43 extremes
1196 2135 54 47 of
1281 2133 232 50 violence
1546 2133 105 48 and
1683 2134 183 49 verbal
1897 2133 234 60 anarchy
2164 2139 58 43 to
2260 2149 185 48 escape
2475 2135 92 50 the
2639 2135 214 51 flatness
2934 2138 55 49 of

596 2218 91 49 the
717 2218 272 63 language,
1026 2222 57 43 to
1114 2217 123 63 gain
1271 2216 230 51 richness
1537 2216 106 49 and
1678 2216 160 61 body.

730 2298 111 50 The
869 2315 117 34 case
1013 2314 167 34 seems
1206 2304 58 44 to
1293 2299 65 49 be
1387 2299 147 65 quite
1560 2299 92 49 the
1682 2299 240 63 opposite
1950 2298 131 50 with
2108 2298 211 64 English
2349 2314 8 33 :
2401 2299 92 51 the
2535 2299 308 52 nineteenth
2871 2319 87 33 cen-

596 2389 125 54 tury
745 2382 199 49 writers
965 2381 202 50 evaded
1187 2382 92 48 the
1300 2386 146 58 great
1481 2381 223 51 hazards
1739 2381 105 49 and
1864 2382 91 50 the
1976 2387 122 43 vast
2120 2398 184 47 ranges
2326 2383 54 47 of
2401 2383 91 48 the
2526 2382 256 64 language
2816 2386 171 50 which

599 2465 253 63 appealed
892 2481 57 33 so
991 2464 309 63 powerfully
1332 2470 59 42 to
1430 2464 93 49 the
1572 2464 868 63 Spenser-Marlowe-Shakespeare
2481 2481 103 35 era.
2656 2465 111 51 The
2809 2467 149 50 Victo-

596 2548 156 50 rians'
793 2547 410 63 preoccupation
1242 2547 132 48 with
1408 2547 313 62 theological
1760 2547 267 64 questions
2066 2562 126 45 may
2228 2548 136 49 have
2402 2548 132 50 been
2560 2548 92 49 the
2689 2551 295 51 restrictive

596 2631 187 57 factor,
834 2630 110 62 just
996 2646 58 33 as
1089 2631 93 48 the
1220 2629 292 51 obsessions
1549 2629 56 49 of
1639 2630 218 49 modern
1894 2629 202 51 writers
2133 2629 130 50 with
2299 2630 160 49 social
2498 2631 269 63 questions
2803 2633 184 49 render

594 2713 138 50 their
766 2712 372 62 imaginations
1172 2712 102 50 less
1306 2712 174 61 lively.

730 2796 208 60 Joyce's
960 2811 223 46 courage
1204 2795 93 50 lies
1318 2795 55 48 in
1396 2795 80 51 his
1498 2795 313 63 willingness
1833 2801 57 44 to
1913 2796 174 48 throw
2109 2795 294 50 overboard
2426 2795 69 49 all
2517 2795 155 63 given
2708 2797 280 64 principles

595 2878 54 48 of
675 2878 312 61 navigation
1016 2878 105 48 and
1148 2878 127 51 take
1302 2883 58 44 to
1388 2879 92 49 the
1508 2878 296 49 uncharted
1833 2894 129 33 seas.
2035 2878 100 49 His
2162 2879 392 50 inventiveness
2581 2878 44 50 is
2655 2878 292 51 admirable
2970 2895 13 43 ;

595 2959 80 51 his
706 2960 280 57 rhethoric,
1019 2960 132 50 shall
1182 2977 77 33 we
1292 2960 99 49 call
1420 2960 62 57 it,
1514 2960 44 49 is
1590 2977 57 33 as
1679 2960 125 50 bold
1836 2977 57 33 as
1923 2960 123 49 that
2078 2960 55 48 of
2165 2961 143 59 John
2340 2963 205 54 Donne,
2579 2960 55 49 in
2656 2962 112 49 fact
2791 2961 43 50 is
2853 2978 130 45 very

596 3043 331 50 reminiscent
963 3043 56 48 of
1051 3044 93 48 the
1177 3043 388 62 Metaphysical
1600 3049 166 56 poets.
1840 3045 83 46 He
1958 3043 97 50 has
2090 3059 30 31 a
2157 3043 231 62 cunning
2424 3044 101 61 bag
2548 3043 55 48 of
2628 3043 165 51 tricks
2815 3045 172 48 which

598 3126 187 48 should
820 3126 65 50 be
917 3125 418 61 systematically
1365 3126 335 49 overhauled.
1772 3126 166 50 There
1971 3125 43 51 is
2048 3142 30 31 a
2111 3126 245 50 madness
2387 3126 55 49 in
2473 3126 111 49 him
2608 3126 81 48 for
2715 3126 78 49 the
2816 3128 132 48 word
2976 3142 11 34 :

598 3208 92 47 the
725 3208 126 62 play
881 3209 55 47 of
966 3207 62 58 it,
1060 3208 92 48 the
1185 3208 156 57 color,
1374 3209 92 48 the
1497 3213 181 57 tempo
1712 3209 54 47 of
1809 3225 30 30 a
1874 3208 223 47 handful
2129 3209 54 47 of
2213 3209 164 49 them.
2451 3211 106 45 But
2603 3214 57 42 to
2707 3208 81 51 his
2844 3209 102 62 bag
2973 3210 8 48 !

736 3306 46 33 i.
823 3290 331 48 Modulation
1196 3319 53 4 —
1288 3291 48 48 A
1374 3291 177 48 theme
1591 3290 54 48 in
1684 3290 171 50 words
1893 3290 288 62 undergoes
2221 3291 140 49 swift
2385 3291 308 56 variations,
2717 3292 43 48 is
2784 3290 199 50 carried

601 3371 72 48 off
712 3371 138 50 from
883 3388 99 34 one
1022 3378 189 43 octave
1244 3378 59 43 to
1344 3374 222 48 another
1606 3372 104 48 and
1750 3372 237 49 sounded
2026 3373 55 47 in
2121 3373 242 49 different
2406 3374 144 60 keys,
2591 3390 57 32 as
2687 3373 55 48 in
2782 3374 167 51 music
2974 3389 8 33 :

897 3456 92 48 the
1027 3455 233 62 Stephen
1297 3455 263 62 watching
1595 3456 233 61 through
1866 3455 217 49 webbed
2108 3455 286 62 lapidary's
2418 3455 224 49 window
2668 3456 92 49 the
2798 3456 188 62 fingers

596 3552 163 47 prove
805 3555 30 31 a
877 3537 332 51 time-dulled
1253 3537 154 49 chain
1431 3577 46 10 ..
1505 3577 8 9 .
1586 3540 139 48 Dust
1772 3537 264 50 darkened
2079 3538 92 49 the
2214 3538 187 61 toiling
2444 3538 189 62 fingers
2676 3538 130 48 with
2849 3538 137 49 their

595 3620 211 51 vulture
847 3620 148 50 nails.
1068 3622 138 48 Dust
1242 3620 134 62 slept
1419 3635 69 32 on
1528 3620 92 49 the
1662 3620 110 48 dull
1811 3619 130 50 cock
1982 3621 55 46 of
2077 3620 192 50 bronze
2312 3620 105 48 and
2458 3620 172 57 silver,
2654 3621 238 62 lozenges
2932 3622 55 47 of

594 3703 269 57 cinnabar,
905 3718 68 33 on
1013 3703 193 56 rubies,
1247 3702 209 64 leprous
1497 3702 105 48 and
1642 3702 269 49 winedark
1936 3743 45 9 ..
2009 3742 9 9 .
2092 3705 142 47 Born
2274 3703 70 48 all
2390 3703 55 48 in
2484 3704 93 49 the
2618 3702 134 49 dark
2786 3720 201 45 wormy

592 3787 169 57 earth,
788 3786 117 49 cold
929 3787 191 61 specks
1143 3785 55 48 of
1220 3786 110 58 fire,
1358 3785 103 50 evil
1494 3785 161 62 lights
1678 3786 210 62 shining
1911 3785 56 48 in
1989 3786 92 48 the
2109 3784 251 52 darkness
2385 3786 171 49 where
2580 3786 159 50 fallen
2765 3787 192 49 archan-

593 3868 107 62 gels
734 3869 145 63 flung
912 3870 93 46 the
1049 3873 140 45 stars
1222 3866 76 49 off
1340 3867 139 50 their
1514 3868 185 51 brows.

728 3950 128 52 This
891 3950 268 62 tendency
1177 3950 205 49 toward
1404 3951 152 64 flight
1588 3979 53 4 —
1669 3951 150 63 flight
1862 3952 138 48 from
2021 3950 204 63 reality,
2252 3952 138 48 from
2411 3952 347 63 perspective,
2782 3951 207 63 leading

597 4049 58 33 as
678 4033 44 48 it
749 4034 123 48 does
895 4033 205 49 toward
1126 4035 372 61 exaggeration
1522 4034 56 48 in
1604 4049 30 32 a
1663 4034 166 49 broad
1855 4034 279 64 burlesque
2160 4049 235 43 manner,
2411 4035 45 49 is
2478 4036 226 62 perhaps
2729 4036 92 49 the
2847 4042 140 43 most

598 4116 285 51 attractive
922 4116 208 64 quality
1165 4117 55 48 in
1259 4119 182 59 Joyce.
1511 4115 112 52 The
1660 4118 279 49 execution
1976 4134 151 34 scene
2164 4117 209 50 treated
2411 4134 57 34 as
2504 4119 41 47 if
2583 4118 212 51 written
2832 4118 75 61 by
2958 4133 30 32 a
