3589 5204
803 4083 62 60 98

722 718 298 62 physically
1045 724 57 44 at
1129 737 97 32 one
1250 720 131 49 with
1405 721 95 48 the
1527 720 262 63 organism
1815 721 53 48 of
1893 726 189 44 nature
2104 738 10 42 ;
2144 722 147 49 there
2317 722 221 49 animals
2565 722 106 47 and
2697 737 119 32 men
2841 721 104 49 live
2979 720 96 49 inti-

721 801 199 61 mately
954 802 242 62 together
1227 819 132 33 even
1389 802 181 63 today.

854 883 125 50 This
1003 884 238 62 physical
1262 885 283 61 fraternity
1568 886 125 49 does
1715 890 97 45 not
1834 885 168 64 imply
2025 903 31 31 a
2080 886 256 50 domestic
2359 886 360 63 relationship.
2794 889 54 45 It
2870 886 43 49 is
2936 885 166 49 based

721 982 68 32 on
813 966 94 48 the
931 966 209 62 general
1162 967 120 49 idea
1304 967 57 49 in
1384 966 265 52 Southern
1673 968 142 58 Asia,
1833 967 123 50 that
1980 968 92 49 the
2095 967 169 50 whole
2288 968 164 49 world
2477 969 42 48 is
2548 986 30 31 a
2602 967 166 64 living
2791 967 171 61 unity,
2980 968 122 48 that

721 1062 125 33 man
869 1047 43 48 is
936 1052 96 43 not
1056 1047 169 49 exiled
1248 1048 137 48 from
1407 1050 93 47 the
1522 1049 187 49 bosom
1733 1050 53 47 of
1809 1054 189 45 nature
2020 1050 75 61 by
2117 1050 80 50 his
2222 1050 274 50 rebellious
2527 1050 250 49 intellect.
2850 1050 111 49 The
2985 1066 87 46 pro-

718 1128 168 49 found
910 1128 351 50 abstractions
1287 1129 53 48 of
1364 1131 194 48 Indian
1582 1130 316 63 philosophy
1923 1133 68 47 do
2014 1137 97 43 not
2134 1133 153 62 bring
2312 1133 165 48 about
2500 1133 304 62 separation
2828 1133 138 47 from
2995 1132 106 57 life,

720 1210 166 49 evoke
913 1226 69 32 no
1013 1211 433 49 condemnations
1470 1227 11 42 ;
1513 1211 130 61 they
1671 1211 129 49 bind
1830 1212 106 48 and
1963 1214 186 61 gather
2177 1215 312 61 everything
2516 1214 164 62 living
2709 1215 241 62 together
2985 1215 115 48 into

721 1309 30 30 a
778 1292 341 48 harmonious
1160 1291 276 49 existence.
1508 1293 250 49 Whereas
1798 1293 284 63 European
2117 1295 232 61 thought
2374 1296 43 49 is
2444 1296 272 49 harrowed
2746 1296 74 60 by
2847 1313 68 31 an
2943 1312 126 46 agon-

718 1373 139 61 izing
881 1372 241 58 dualism,
1150 1373 93 48 the
1266 1372 89 49 life
1381 1373 53 48 of
1458 1373 92 49 the
1575 1374 193 48 Indian
1792 1375 293 61 postulates
2112 1392 30 31 a
2167 1376 284 62 persistent
2489 1377 390 49 consciousness
2920 1378 53 48 of
3011 1379 92 46 the

719 1453 232 63 identity
975 1454 54 49 of
1054 1453 71 50 all
1147 1456 170 61 being.
1389 1454 127 50 This
1539 1454 191 64 feeling
1753 1455 81 49 for
1856 1456 93 48 the
1972 1472 243 47 supreme
2240 1457 155 60 unity
2422 1459 105 47 and
2550 1458 220 61 totality
2794 1459 42 49 is
2862 1459 241 49 revealed

717 1536 132 49 with
875 1537 359 63 superhuman
1260 1553 176 48 power
1462 1553 132 33 even
1622 1554 56 32 as
1706 1537 146 61 early
1879 1553 56 33 as
1962 1538 93 48 the
2140 1540 239 60 Rigveda
2480 1540 55 47 in
2562 1539 92 47 the
2676 1539 140 63 Song
2841 1541 51 47 of
2913 1541 186 60 Unity,

721 1635 58 32 or
804 1620 57 48 in
890 1620 93 49 the
1010 1623 186 57 Hymn
1224 1620 54 49 of
1306 1620 244 50 Creation
1579 1636 55 33 as
1661 1619 117 50 well
1806 1636 56 33 as
1884 1621 55 48 in
1966 1620 92 48 the
2086 1620 300 64 expression
2416 1621 52 48 of
2489 1621 92 48 the
2609 1625 148 57 great
2780 1622 293 59 mystico-re-

720 1702 188 61 ligious
947 1702 351 62 conceptions.
1373 1702 322 64 Philosophy
1735 1704 107 48 and
1879 1702 213 63 religion
2144 1703 216 49 nourish
2400 1702 68 49 all
2505 1703 155 61 being
2698 1703 55 48 in
2790 1702 315 50 themselves

719 1784 229 50 without
971 1784 281 62 distorting
1274 1800 58 33 or
1351 1785 328 62 segregating
1700 1801 106 45 any
1826 1785 163 63 phase
2011 1801 57 33 or
2088 1785 196 63 species
2306 1785 53 49 of
2378 1785 90 49 life
2483 1785 137 49 from
2642 1785 92 48 the
2759 1785 190 49 others.
3022 1785 85 49 All

723 1870 192 45 nature
942 1866 132 49 with
1101 1867 70 49 its
1198 1867 191 50 worlds
1419 1867 53 47 of
1500 1867 193 62 plants,
1726 1867 236 58 animals,
1994 1884 121 32 men
2144 1868 107 49 and
2277 1868 128 62 gods
2436 1867 313 50 constitutes
2793 1884 68 32 an
2891 1867 216 63 original

722 1948 189 61 entity.
970 1948 111 49 The
1096 1949 200 48 human
1312 1949 390 50 consciousness
1721 1950 122 48 does
1860 1954 96 44 not
1972 1966 146 33 cease
2133 1954 58 44 to
2207 1950 241 47 function
2465 1954 56 44 at
2537 1950 91 48 the
2643 1950 161 50 limits
2829 1950 52 48 of
2906 1950 201 48 human

719 2029 162 50 forms
899 2030 53 47 of
969 2030 277 58 existence,
1267 2031 105 48 and
1386 2031 123 47 that
1527 2031 52 47 of
1595 2031 93 48 the
1718 2032 144 61 gods,
1894 2032 81 46 for
2004 2032 123 47 that
2157 2036 210 52 matter,
2401 2033 209 47 reaches
2642 2033 130 61 deep
2803 2033 154 48 down
2991 2032 115 48 into

720 2112 92 47 the
833 2110 162 50 realm
1019 2111 52 49 of
1093 2111 235 49 animals.
1401 2112 111 48 The
1534 2112 251 51 divisions
1806 2113 238 49 between
2067 2113 195 49 animal
2298 2114 106 47 and
2426 2130 139 41 man,
2592 2115 105 47 and
2718 2115 237 48 between
2978 2130 128 32 man

720 2193 105 49 and
848 2193 103 61 god
975 2209 87 33 are
1086 2193 123 61 only
1231 2193 349 50 transitional.
1629 2194 332 62 Everything
1986 2195 44 50 is
2059 2211 98 32 one
2179 2194 164 62 living
2368 2195 154 60 unity
2538 2196 171 47 which
2724 2196 154 48 binds
2909 2195 193 63 plants,

719 2275 237 57 animals,
986 2292 136 41 men,
1152 2276 215 48 demons
1395 2276 105 48 and
1525 2276 128 61 gods
1679 2276 54 48 in
1760 2293 99 31 one
1883 2281 123 44 vast
2031 2276 165 49 erotic
2222 2277 363 58 architecture,
2615 2276 280 50 boundless
2933 2293 55 33 as
3013 2278 92 48 the

718 2357 213 63 tropics,
962 2358 107 48 and
1097 2357 53 48 of
1170 2358 203 48 infinite
1398 2358 294 49 directions.
1747 2359 182 60 Myths
1954 2359 106 48 and
2085 2359 230 61 religion,
2341 2359 209 61 legends
2575 2359 105 49 and
2702 2359 131 49 tales
2858 2375 86 33 are
2965 2359 141 49 filled

716 2439 132 48 with
893 2440 93 47 the
1032 2439 328 63 unplumbed
1406 2455 175 47 power
1627 2440 54 48 of
1733 2440 236 49 animals.
2041 2440 243 63 Tropical
2333 2457 125 32 man
2505 2441 42 49 is
2599 2442 326 48 surrounded
2968 2442 73 60 by
3077 2458 30 32 a

718 2521 254 50 fantastic
1001 2520 165 49 world
1196 2521 53 48 of
1281 2520 236 60 animals,
1550 2522 171 48 which
1753 2523 204 48 reflects
1988 2522 141 49 itself
2157 2523 133 48 with
2321 2522 255 62 eternally
2606 2539 114 33 new
2766 2524 341 49 associations

718 2603 56 48 in
806 2603 81 49 his
920 2602 242 66 pictorial
1193 2602 271 63 language,
1499 2604 106 48 and
1638 2605 54 47 in
1714 2604 80 49 his
1827 2603 169 50 whole
2027 2604 272 49 literature
2327 2605 138 47 from
2494 2606 92 47 the
2618 2607 240 61 Rigveda
2878 2607 107 48 and
3014 2607 92 49 the

721 2684 253 50 Kalidasa
1008 2701 72 46 up
1115 2690 59 43 to
1207 2685 216 62 Tagore.

852 2767 112 48 The
996 2767 206 60 faculty
1235 2767 54 48 of
1321 2767 263 61 synthesis
1617 2768 211 49 reaches
1860 2768 69 49 its
1961 2769 208 61 highest
2202 2769 299 62 expression
2533 2770 55 47 in
2610 2769 189 63 plastic
2825 2775 97 42 art.
2994 2769 113 50 The

720 2848 161 49 forms
902 2848 52 48 of
969 2850 92 48 the
1076 2849 202 48 human
1291 2849 145 61 body
1453 2866 86 32 are
1555 2854 92 45 too
1665 2866 202 33 narrow
1886 2850 105 49 and
2006 2855 92 44 too
2116 2867 125 32 near
2254 2856 58 43 to
2328 2851 227 60 embody
2570 2852 198 48 certain
2783 2851 323 61 elementary

719 2946 213 47 powers.
1004 2930 112 49 The
1136 2932 229 48 richness
1384 2931 171 48 which
1573 2931 141 49 wells
1736 2938 94 42 out
1871 2933 53 47 of
1943 2933 70 49 its
2036 2933 272 48 affiliation
2327 2933 105 48 wih
2450 2933 94 48 the
2577 2939 140 44 most
2736 2933 133 50 vital
2902 2939 204 57 aspects

720 3012 53 48 of
798 3017 188 44 nature
1013 3014 105 48 and
1141 3013 94 47 her
1257 3014 149 47 inner
1431 3013 381 63 relationships,
1842 3015 199 48 attains
2065 3016 122 47 here
2212 3015 67 48 its
2306 3020 232 57 greatest
2577 3016 346 61 significance.
2996 3016 111 49 The

720 3094 196 49 animal
942 3094 144 61 body
1207 3095 231 62 through
1465 3095 69 49 its
1562 3095 239 64 physical
1826 3097 316 62 superiority
2172 3098 105 47 and
2299 3102 204 57 greater
2526 3102 230 57 potency
2865 3099 242 49 becomes

717 3177 93 48 the
835 3177 262 62 adequate
1121 3177 232 49 medium
1381 3177 81 48 for
1480 3179 299 62 expressing
1804 3179 190 48 cosmic
2011 3179 105 49 and
2132 3179 382 63 metaphysical
2530 3181 352 61 conceptions.
2940 3185 133 46 Meta-

717 3259 308 62 physically,
1054 3259 93 48 the
1174 3259 197 49 animal
1396 3259 137 49 form
1561 3260 54 49 in
1643 3259 70 50 all
1739 3260 70 49 its
1837 3260 138 49 lurid
2000 3260 217 62 vitality
2243 3261 241 49 becomes
2508 3263 91 47 the
2621 3263 210 61 symbol
2855 3263 52 47 of
2930 3279 146 46 super-

716 3342 200 48 human
946 3346 267 57 greatness
1236 3358 10 42 ;
1280 3342 107 49 this
1418 3342 43 49 is
1491 3342 147 49 what
1668 3342 196 49 animal
1894 3343 416 63 representation
2340 3359 181 35 means
2550 3345 57 48 in
2650 3346 169 47 India.
2897 3345 210 50 Certain

717 3423 302 49 differences
1053 3440 98 32 can
1182 3424 66 50 be
1281 3424 207 49 defined
1518 3424 56 49 in
1607 3425 318 49 accordance
1955 3425 131 49 with
2107 3425 392 63 supra-sensual
2527 3426 447 63 interpretations,
3000 3427 101 48 i.e.

718 3506 265 49 Buddhist
1020 3521 58 32 or
1124 3506 272 48 Brahman
1431 3506 445 64 interpretations.

848 3587 78 48 To
953 3587 93 47 the
1073 3588 291 49 Buddhists
1392 3589 93 47 the
1513 3588 197 50 animal
1735 3590 42 49 is
1804 3590 94 48 the
1925 3590 232 59 brother,
2187 3590 92 49 the
2307 3595 122 59 past
2458 3591 53 49 of
2539 3590 195 50 oneself
2756 3607 11 42 ;
2820 3590 143 50 one's
2991 3590 116 50 soul

715 3670 240 48 wanders
979 3669 56 48 in
1059 3684 32 33 a
1113 3669 267 51 thousand
1403 3670 162 50 forms
1588 3672 232 62 through
1842 3673 94 47 the
1959 3673 163 48 realm
2147 3673 54 48 of
2227 3673 235 58 animals,
2490 3689 120 32 men
2635 3673 105 48 and
2776 3673 146 61 gods.
2994 3673 113 49 The

716 3751 200 49 human
937 3751 155 62 being
1113 3751 43 49 is
1180 3752 217 49 deemed
1420 3768 56 33 as
1500 3768 30 33 a
1551 3753 175 48 better
1746 3753 138 48 form
1906 3754 53 48 of
1983 3755 263 49 existence
2270 3754 124 61 only
2437 3756 222 47 because
2682 3759 94 43 out
2797 3754 55 47 of
2873 3755 45 48 it
2954 3755 153 49 alone

716 3833 42 49 is
791 3834 93 48 the
918 3834 385 49 reincarnation
1334 3834 116 49 into
1484 3851 32 32 a
1549 3835 360 62 superhuman
1943 3840 141 45 state
2117 3835 240 64 possible.
2432 3839 109 45 But
2570 3835 220 49 animals
2818 3841 94 44 too
2940 3839 138 61 parti-

716 3916 174 62 cipate
918 3916 55 50 in
1001 3916 93 49 the
1124 3916 236 49 doctrine
1389 3916 54 49 of
1472 3916 279 60 salvation,
1784 3918 106 48 and
1917 3921 58 45 to
2004 3916 92 50 kill
2124 3918 149 48 them
2301 3917 43 49 is
2378 3917 174 49 sinful.
