3589 5204
2792 4179 86 50 127

567 792 142 62 hang
740 791 206 49 around
973 791 93 50 the
1096 791 182 61 dining
1307 805 150 34 room
1481 791 136 48 after
1645 790 67 48 he
1735 805 131 33 once
1886 789 249 62 glimpses
2164 789 93 48 the
2279 788 257 60 balefully
2558 788 264 49 beautiful
2844 804 122 45 eyes

570 873 55 48 of
659 872 94 49 the
786 888 213 33 woman
1035 873 54 48 of
1127 877 256 55 mystery.

701 953 115 51 The
850 954 186 50 villain
1070 968 193 48 proper
1297 953 100 50 has
1432 954 136 48 been
1602 968 59 34 so
1697 951 321 50 devitalized
2067 952 75 60 by
2177 952 94 49 the
2320 951 427 61 sentimentality
2785 953 54 47 of
2873 953 93 49 the

569 1036 471 64 pseudo-cultured
1073 1035 124 49 that
1236 1035 67 48 he
1343 1033 308 65 frequently
1691 1034 264 63 disgraces
1994 1033 83 50 his
2118 1034 214 49 ancient
2371 1033 364 64 predecessors
2774 1034 75 60 by
2889 1051 52 32 re-

568 1118 222 63 penting
819 1118 56 47 in
905 1118 94 48 the
1028 1116 129 50 final
1189 1117 373 50 denouement.
1597 1120 113 45 But
1741 1121 98 44 not
1862 1116 215 62 always,
2103 1116 304 50 sometimes
2428 1116 68 48 he
2531 1132 181 48 passes
2735 1116 116 48 into
2873 1117 94 48 the

566 1216 153 33 coma
748 1199 54 48 of
830 1199 165 49 death
1020 1199 134 49 with
1179 1200 82 49 his
1289 1200 306 64 prominent
1621 1199 153 49 teeth
1802 1198 251 51 clenched
2082 1199 106 49 and
2214 1199 83 50 his
2323 1198 154 51 small
2507 1199 279 50 mustache
2811 1199 124 63 jaun-

568 1281 100 61 tily
704 1281 226 63 tickling
966 1282 84 50 his
1084 1281 99 49 left
1218 1282 204 51 nostril.

698 1363 115 50 The
839 1364 300 62 Mysticism
1169 1367 54 49 of
1250 1369 197 58 Money
1474 1367 98 49 has
1601 1371 98 44 not
1728 1382 57 35 as
1806 1371 95 57 yet
1923 1366 271 63 produced
2217 1383 31 31 a
2283 1365 291 50 literature.
2647 1368 86 46 No
2768 1363 166 53 Shake-

565 1462 184 48 speare
789 1447 97 50 has
929 1449 245 63 emerged
1213 1453 59 44 to
1313 1449 132 50 bind
1485 1450 246 62 together
1756 1450 116 48 into
1902 1466 31 32 a
1974 1449 342 63 magnificent
2354 1448 187 58 whole,
2584 1448 94 49 the
2718 1447 250 63 vigorous

565 1529 278 65 language,
892 1531 95 49 the
1034 1532 200 63 speedy
1283 1533 271 50 narrative
1602 1533 153 58 form,
1808 1534 107 47 and
1961 1533 93 48 the
2102 1532 495 50 conventionalized
2645 1531 317 50 characters.

565 1615 113 46 But
702 1612 45 50 it
770 1613 45 50 is
842 1630 32 32 a
897 1613 141 51 little
1062 1631 132 34 soon
1218 1620 60 44 to
1304 1621 191 57 expect
1519 1616 124 49 this.
1717 1615 226 49 Archaic
1989 1614 209 63 periods
2225 1614 145 49 excel
2394 1615 55 46 in
2475 1613 285 63 sculpture,
2790 1613 145 62 paint-

565 1695 91 63 ing
690 1697 107 48 and
831 1698 370 58 architecture,
1237 1699 101 48 but
1371 1699 203 48 seldom
1608 1698 91 60 lay
1734 1713 145 33 more
1911 1697 135 48 than
2077 1698 94 49 the
2205 1695 353 63 groundwork
2582 1695 53 48 of
2663 1696 168 48 music
2859 1696 107 48 and

565 1777 292 52 literature.

702 1860 112 51 The
846 1862 118 51 first
998 1869 150 57 great
1180 1863 167 63 figure
1380 1869 59 42 to
1475 1863 133 49 arise
1641 1862 45 49 is
1719 1861 210 60 usually
1963 1861 93 48 the
2089 1860 187 50 herald
2310 1860 54 49 of
2398 1860 184 50 classic
2618 1860 147 59 days.
2838 1860 94 49 Aes-

569 1944 186 60 chylus
800 1946 107 47 and
949 1944 287 64 Sophocles
1279 1944 246 49 followed
1568 1960 130 34 soon
1743 1943 137 50 after
1923 1945 217 47 Homer.
2180 1942 332 59 Sometimes,
2561 1958 57 33 as
2660 1943 55 46 in
2754 1943 213 47 ancient

567 2026 213 49 Ireland
819 2043 30 32 a
886 2026 206 49 culture
1126 2028 97 48 has
1259 2027 134 49 been
1428 2026 337 63 interrupted
1813 2026 182 49 before
2029 2026 94 48 the
2158 2025 367 49 innumerable
2573 2024 151 58 tales,
2764 2025 203 47 carried

567 2108 56 48 in
657 2109 94 49 the
787 2109 175 50 minds
999 2110 54 48 of
1087 2110 94 48 the
1216 2114 154 59 poets
1404 2109 83 49 for
1522 2110 192 59 safety,
1754 2109 155 49 could
1945 2109 67 49 be
2048 2108 290 50 converted
2371 2108 117 48 into
2524 2107 194 48 formal
2750 2107 217 49 written

567 2196 205 57 poetry.
846 2191 112 50 The
991 2193 187 49 stories
1211 2191 325 50 distributed
1564 2192 234 61 through
1829 2191 287 62 European
2158 2191 238 49 libraries
2419 2191 56 47 in
2498 2190 160 49 crude
2681 2189 282 58 scenarios,

567 2289 88 33 are
686 2274 157 63 being
873 2275 185 60 slowly
1089 2275 299 50 translated
1419 2275 107 49 and
1556 2274 218 49 utilized
1804 2275 72 60 by
1908 2279 215 57 present
2155 2274 105 60 day
2288 2274 221 57 writers,
2542 2272 254 62 suffering
2827 2272 138 48 from

566 2357 94 48 the
696 2357 414 63 disadvantages
1145 2362 327 58 consequent
1507 2374 69 32 on
1609 2357 94 49 the
1735 2357 148 63 lapse
1918 2357 54 48 of
2006 2357 278 49 centuries.

703 2443 67 45 In
810 2441 259 58 America,
1118 2441 151 49 there
1311 2456 88 34 are
1428 2440 215 60 already
1669 2440 142 61 signs
1840 2439 54 49 of
1922 2456 30 31 a
1979 2439 184 50 classic
2188 2438 200 63 period,
2430 2437 207 64 though
2664 2436 299 50 conditions

568 2537 87 33 are
679 2522 215 50 blurred
915 2524 73 60 by
1011 2524 93 48 the
1127 2523 373 49 intermixture
1515 2522 132 49 with
1661 2522 287 62 European
1978 2521 220 49 culture.
2286 2520 105 48 For
2419 2520 255 58 instance,
2700 2519 93 48 the
2815 2524 151 57 stage

567 2605 108 48 and
705 2606 199 49 movies
937 2622 88 33 are
1055 2605 183 61 nearfy
1268 2605 187 49 ruined
1483 2605 74 61 by
1579 2605 94 49 the
1697 2609 318 57 acceptance
2039 2604 54 47 of
2114 2603 93 48 the
2237 2603 202 62 foreign
2461 2602 286 62 technique
2778 2601 53 48 of
2856 2606 81 44 act-

565 2686 91 63 ing
698 2689 108 49 and
846 2689 227 64 staging.
1147 2688 506 50 Conventionalized
1675 2687 208 62 figures,
1927 2686 192 49 formal
2174 2685 116 64 plot
2332 2685 107 48 and
2501 2684 229 50 realistic
2786 2683 179 62 acting

567 2771 157 49 make
767 2788 31 32 a
838 2772 163 49 weird
1045 2771 379 50 combination.
1499 2771 51 50 If
1593 2771 179 48 masks
1813 2785 136 33 were
1989 2784 149 33 worn
2194 2767 108 49 and
2357 2772 238 58 gestures
2636 2766 326 58 formalized,

568 2870 99 32 one
702 2854 156 50 could
890 2855 178 49 better
1098 2854 163 64 judge
1293 2854 95 48 the
1420 2853 386 62 potentialities
1840 2853 54 47 of
1920 2867 96 33 our
2038 2851 225 49 theatre.
2336 2849 113 49 The
2473 2848 201 50 movies
2699 2848 234 50 occasion-

569 2936 105 62 ally
728 2953 187 47 escape
946 2937 107 49 this
1087 2937 265 49 dilemma.
1440 2939 66 46 In
1550 2936 100 48 low
1697 2935 193 48 comics
1945 2935 106 47 and
2105 2933 295 50 adventure
2460 2931 353 50 melodramas
2873 2931 93 49 the

570 3019 178 63 acting
779 3020 96 49 has
907 3020 137 49 been
1075 3019 290 63 permitted
1396 3024 58 43 to
1488 3019 101 49 rise
1619 3023 60 45 to
1710 3018 94 49 the
1835 3017 282 49 American
2151 3015 262 49 dramatic
2446 3014 328 62 conception.
2846 3013 119 54 Iyife

568 3101 44 50 is
642 3108 97 43 not
769 3102 265 59 imitated,
1067 3103 101 49 but
1198 3101 369 62 transfigured.
1639 3099 113 49 The
1783 3099 166 51 result
1978 3099 43 50 is
2053 3114 99 33 one
2184 3097 54 50 of
2267 3098 93 48 the
2393 3102 140 44 most
2563 3095 135 52 vital
2727 3096 236 48 theatres

570 3184 229 63 existing
829 3185 56 48 in
912 3185 94 49 the
1034 3185 182 49 world.
1288 3183 115 50 The
1432 3183 241 50 Parisian
1703 3183 182 49 artists
1915 3182 196 61 throng
2140 3185 59 44 to
2228 3180 93 49 the
2351 3180 162 48 latest
2546 3179 278 48 American
2855 3193 72 32 mo-

570 3266 110 50 vies
719 3283 57 33 as
813 3268 94 48 the
940 3270 132 47 New
1108 3267 151 49 York
1294 3265 356 50 intellectuals
1688 3265 175 48 crowd
1899 3265 116 47 into
2050 3263 94 49 the
2179 3262 230 49 Theatre
2447 3260 176 51 Guild.
2696 3258 127 50 This
2860 3258 105 50 last

568 3349 190 48 winter
797 3350 196 49 doubts
1029 3365 136 33 were
1200 3349 310 63 whispered.
1585 3351 54 46 Is
1675 3347 247 49 America
1958 3346 157 61 going
2151 3344 116 49 into
2299 3344 295 49 decadence
2618 3343 18 49 ?
2714 3345 26 45 I
2779 3340 185 61 finally

570 3433 185 48 traced
786 3432 94 49 the
913 3431 210 50 trouble
1156 3436 60 44 to
1248 3431 71 49 its
1352 3446 199 35 source.
1624 3428 215 52 Several
1872 3428 205 49 feature
2111 3426 201 50 movies
2344 3426 109 49 had
2486 3424 211 50 crossed
2728 3423 94 49 the
2855 3439 105 34 sea.

570 3513 138 51 Girls
737 3533 29 32 a
797 3514 52 49 la
878 3517 228 46 Duncan
1136 3513 206 49 danced
1369 3513 245 49 barefoot
1643 3528 70 32 011
1740 3511 93 49 the
1863 3510 286 56 Palisades,
2181 3508 187 50 stories
2395 3522 136 34 were
2562 3507 235 62 adopted
2825 3506 139 48 from

569 3596 288 64 European
879 3596 199 59 novels,
1106 3596 194 62 acting,
1327 3595 199 61 setting
1550 3595 106 48 and
1678 3594 227 61 lighting
1924 3608 137 32 were
2083 3591 230 63 straight
2335 3588 288 64 European
2645 3588 315 50 imitations.

567 3682 87 47 No
683 3680 219 49 wonder
930 3679 93 49 the
1054 3677 207 51 French
1290 3693 136 33 were
1454 3677 238 49 worried.
1768 3677 111 46 But
1907 3673 113 49 The
2052 3673 111 49 Kid
2191 3671 185 62 finally
2409 3671 210 50 arrived
2651 3671 106 50 and
2789 3671 172 49 ended

570 3762 93 50 the
699 3763 360 59 uncertainty.

705 3846 207 50 Charlie
957 3843 225 65 Chaplin
1241 3844 44 48 is
1331 3841 304 65 frequently
1681 3840 307 51 considered
2023 3839 55 48 in
2112 3837 214 64 Europe
2370 3838 94 49 the
2508 3842 235 59 greatest
2800 3836 166 62 living

572 3929 262 49 dramatic
888 3928 171 50 artist.
1133 3927 101 49 His
1275 3925 179 63 acting
1492 3924 287 62 technique
1818 3937 167 36 seems
2024 3927 59 43 to
2122 3922 68 50 be
2230 3920 218 51 derived
2486 3920 139 49 from
2663 3920 94 49 the
2797 3919 169 49 circus

572 4011 195 50 clowns
808 4011 106 48 and
951 4011 94 49 the
1084 4009 223 61 Sunday
1347 4023 166 48 paper
1553 4007 168 49 comic
1761 4004 372 65 supplement;
2177 4003 66 49 he
2285 4019 119 34 uses
2445 4019 32 33 a
2515 4002 271 50 narrative
2826 4002 141 47 form
