3589 5204
2691 4277 89 47 123

486 872 278 61 necessity.
837 872 112 49 The
978 872 186 49 facade
1193 872 44 50 is
1266 888 118 33 now
1415 874 195 59 merely
1643 888 69 33 an
1742 874 334 49 ornamental
2106 875 261 63 covering,
2401 892 32 31 a
2462 877 200 49 mosaic
2693 894 190 35 veneer

487 955 105 48 and
627 960 97 42 not
758 960 123 57 part
917 955 53 47 of
1003 955 93 47 the
1131 954 168 48 frame
1333 955 161 47 work.
1563 953 128 51 This
1721 970 163 47 opens
1912 971 73 47 tip
2016 955 281 49 unlimited
2329 958 341 63 possibilities
2700 976 57 34 as
2791 962 92 49 the

482 1036 170 48 whole
686 1037 207 49 surface
929 1035 53 47 of
1016 1035 93 48 the
1142 1035 242 63 building
1417 1036 246 49 becomes
1699 1053 31 32 a
1762 1037 126 49 field
1922 1037 83 48 for
2039 1039 385 62 experimental
2459 1040 183 64 design
2676 1041 207 52 limited

484 1118 126 60 only
637 1119 74 59 by
739 1120 93 46 the
860 1117 233 63 position
1124 1117 53 48 of
1204 1118 94 48 the
1324 1118 269 49 windows.
1666 1118 114 50 The
1808 1125 215 57 present
2050 1121 234 62 practice
2313 1121 54 49 of
2396 1122 217 65 making
2641 1127 242 48 external

483 1215 249 45 masonry
761 1215 139 34 seem
933 1215 56 33 as
1018 1200 40 47 if
1086 1200 44 48 it
1158 1189 123 60 held
1310 1216 73 48 up
1412 1201 93 49 the
1534 1203 206 48 cornice
1768 1202 42 50 is
1842 1218 56 34 as
1926 1203 353 63 hypocritical
2307 1220 58 34 as
2388 1205 161 49 faked
2570 1206 167 63 flying
2759 1208 93 50 but-

481 1288 206 43 tresses.
721 1311 65 4 —
818 1282 236 63 Perhaps
1083 1282 56 48 in
1168 1283 132 49 time
1329 1284 93 48 the
1451 1285 142 49 faces
1618 1285 54 49 of
1693 1285 267 64 buildings
1981 1286 109 49 will
2110 1286 67 50 be
2200 1287 131 50 used
2353 1287 106 50 like
2482 1290 277 62 magazine
2788 1306 62 48 pa-

481 1380 89 48 ges
607 1364 83 49 for
728 1364 330 64 advertising
1097 1382 69 32 on
1204 1382 31 32 a
1271 1368 345 50 tremendous
1653 1369 155 59 scale,
1848 1369 211 63 slogans
2107 1370 132 49 such
2267 1386 58 34 as
2362 1374 248 49 Uneeda
2649 1374 234 49 Biscuit

479 1447 173 49 raised
699 1447 55 49 in
788 1446 146 50 relief
966 1447 57 49 in
1057 1448 247 51 coloured
1351 1455 195 54 stones,
1583 1452 351 60 trademarks,
1960 1457 99 44 etc.
2090 1453 309 64 sculptured
2428 1454 55 49 in
2505 1460 151 58 great
2677 1456 201 63 panels,

480 1530 219 63 reading
731 1535 215 55 matter,
981 1537 192 58 poetry
1207 1533 106 49 and
1358 1549 153 47 prose
1544 1534 233 63 dodging
1821 1534 71 60 in,
1929 1540 110 53 out,
2076 1536 106 49 and
2229 1537 205 49 around
2464 1538 94 48 the
2588 1539 253 50 windows
2865 1555 11 44 ;

482 1618 58 43 at
568 1613 156 63 night
752 1613 95 50 the
874 1614 171 49 whole
1074 1616 207 49 surface
1310 1616 219 63 flaming
1557 1617 134 49 with
1718 1618 379 49 incandescent
2127 1618 210 50 colored
2366 1619 161 63 lights
2558 1622 107 48 and
2693 1623 185 48 search

480 1695 180 63 lights.

613 1778 299 65 Strangely,
939 1780 93 50 the
1057 1781 125 61 only
1206 1783 286 62 precedent
1516 1782 83 48 for
1621 1783 106 49 this
1754 1782 376 49 architectural
2155 1783 374 64 development
2550 1786 133 48 with
2704 1787 176 49 which

478 1865 27 45 I
541 1878 88 32 am
661 1862 245 59 familiar,
941 1862 44 50 is
1020 1879 68 32 011
1119 1865 93 47 the
1242 1864 285 49 American
1560 1864 291 50 continent.
1924 1864 113 49 The
2067 1868 189 58 Mayas
2289 1866 131 49 used
2457 1883 31 32 a
2521 1867 186 49 rubble
2740 1885 135 42 core,

478 1944 54 49 of
562 1949 201 44 mortar
793 1946 107 47 and
929 1950 168 54 stone,
1121 1946 173 47 which
1322 1962 109 33 was
1457 1946 147 62 quite
1632 1946 379 63 independent,
2037 1948 107 48 and
2173 1948 153 49 faced
2348 1949 45 48 it
2412 1949 133 49 with
2575 1950 304 50 decorative

478 2043 265 44 masonry.
817 2026 227 63 Though
1090 2028 140 48 their
1277 2028 272 62 primitive
1598 2029 334 63 engineering
1980 2030 355 50 necessitated
2384 2048 68 31 an
2499 2032 378 62 unbelievably

478 2114 149 57 great
657 2109 313 63 proportion
1002 2110 53 48 of
1083 2111 123 47 wall
1235 2115 58 43 to
1324 2126 149 32 room
1504 2127 173 47 space,
1709 2112 139 48 their
1878 2112 184 63 genius
2094 2113 236 50 adorned
2359 2114 93 49 the
2482 2120 150 57 great
2662 2115 214 50 facades

474 2191 133 49 with
650 2208 32 32 a
723 2192 175 49 lavish
940 2193 392 61 magnificence.
1432 2192 353 51 Geometrical
1823 2196 107 47 and
1966 2195 231 51 realistic
2248 2197 228 50 motives
2527 2198 244 49 combine
2820 2198 56 49 in

477 2274 239 50 abstract
741 2274 210 62 designs
981 2275 182 49 unlike
1192 2276 264 62 anything
1484 2276 105 50 else
1618 2293 123 34 ever
1770 2278 152 49 done.

611 2356 190 62 Lastly
844 2357 266 60 factories,
1158 2359 107 48 and
1307 2359 227 63 bridges,
1583 2361 326 62 acqueducts
1954 2362 107 48 and
2102 2363 178 58 tanks,
2327 2368 150 56 great
2519 2363 129 49 bare
2692 2363 181 59 forms,

474 2440 432 62 unprecedented
933 2441 107 48 and
1065 2443 513 62 uncompromising:
1608 2443 133 48 with
1765 2444 166 58 these,
1958 2444 193 61 surely,
2177 2444 132 51 steel
2335 2445 107 50 and
2468 2451 243 44 concrete
2736 2446 139 50 have

472 2522 242 62 justified
735 2523 141 48 their
899 2523 143 62 right
1064 2529 60 44 to
1147 2524 81 49 be.
1301 2528 86 45 No
1412 2524 88 49 old
1524 2525 344 50 adornments
1894 2526 228 63 disguise
2145 2528 92 47 the
2261 2543 113 33 new
2398 2528 202 61 beauty
2625 2528 54 49 of
2704 2529 170 49 man's

473 2605 163 50 latest
672 2609 267 46 ventures.
1014 2606 287 59 Balanced,
1340 2607 199 64 poised,
1577 2608 177 60 heavy
1792 2623 56 34 as
1885 2609 175 62 giants
2102 2614 94 56 yet
2240 2610 211 62 soaring
2486 2611 227 49 bat-like
2749 2627 127 34 over

472 2688 182 58 rivers,
688 2688 282 63 squatting
1003 2705 67 32 on
1101 2688 234 52 hillsides
1367 2690 106 48 like
1520 2691 349 58 mushrooms,
1903 2692 220 63 holding
2168 2692 138 49 back
2350 2692 146 51 lakes
2527 2693 136 49 with
2698 2710 31 31 a
2759 2710 86 46 ges-

473 2775 137 53 ture,
642 2787 69 32 no
739 2770 225 50 fanciful
991 2771 318 64 imaginings
1330 2772 140 49 have
1494 2773 285 50 conceived
1802 2774 55 48 in
1881 2774 239 50 advance
2142 2775 93 48 the
2253 2775 334 63 engineering
2604 2792 228 33 common-

473 2852 177 63 places
688 2854 54 48 of
778 2854 208 61 to-day.

605 2935 114 50 The
745 2942 142 43 most
912 2937 314 63 interesting
1254 2940 106 48 and
1387 2939 369 60 aesthetically
1782 2938 303 65 significant
2110 2941 190 62 phases
2328 2941 54 48 of
2407 2941 93 49 the
2527 2942 171 49 above
2724 2942 150 49 three

472 3018 194 63 plastic
705 3024 110 44 arts
857 3036 88 32 are
983 3020 154 50 those
1176 3025 142 46 most
1357 3021 195 61 closely
1590 3022 119 48 knit
1746 3023 134 48 with
1916 3023 94 48 the
2047 3024 300 60 Mysticism
2386 3024 53 48 of
2475 3025 212 61 Money.
2760 3023 114 49 The

473 3102 262 49 creations
763 3103 179 49 whose
970 3103 109 49 sole
1108 3119 231 48 purpose
1367 3104 45 48 is
1441 3108 59 44 to
1531 3105 156 47 make
1717 3121 193 44 money
1942 3120 88 33 are
2059 3106 82 48 far
2172 3121 144 33 more
2345 3106 343 61 satisfactory
2720 3107 126 49 artis-

470 3183 185 60 tically
682 3184 134 48 than
843 3185 93 48 the
962 3185 197 61 hybrid
1186 3186 391 50 combinations
1603 3187 174 48 which
1804 3188 154 49 share
1984 3188 93 48 the
2105 3188 88 49 old
2221 3189 107 47 and
2354 3204 115 32 new
2509 3189 358 63 inspirations.

471 3268 67 45 In
568 3265 128 58 fact,
730 3267 56 47 in
818 3267 130 48 each
980 3284 119 33 case
1148 3268 92 49 the
1273 3269 397 62 responsibility
1702 3269 83 49 for
1829 3270 108 48 bad
1972 3275 144 44 taste
2152 3286 99 33 can
2295 3270 224 61 directly
2554 3271 67 49 be
2656 3271 109 49 laid
2803 3287 66 32 on

468 3347 291 59 snobbism,
799 3365 30 31 a
863 3350 335 61 genuflexion
1232 3356 59 44 to
1326 3351 314 49 traditional
1673 3351 164 50 ideals
1873 3357 97 44 not
2003 3352 136 49 vital
2174 3357 58 44 to
2267 3368 96 33 our
2399 3353 338 50 civilization.

601 3430 173 50 Music
797 3446 9 33 :
812 3461 68 4 —
905 3431 113 49 The
1046 3438 84 43 art
1158 3434 54 47 of
1240 3434 304 62 combining
1570 3434 198 50 sounds
1793 3434 133 49 with
1955 3450 31 33 a
2012 3435 134 49 view
2172 3439 60 45 to
2267 3434 203 61 beauty
2499 3435 54 49 of
2579 3436 153 58 form,
2764 3437 106 48 and

467 3514 306 62 expression
813 3514 54 48 of
906 3516 252 58 emotion,
1201 3515 109 50 still
1348 3516 271 50 functions
1658 3517 257 60 healthily
1943 3517 55 49 in
2038 3516 229 63 Europe.
2339 3517 112 49 The
2475 3518 289 49 continued
2792 3519 51 48 in-

465 3595 312 50 troduction
812 3596 53 48 of
898 3612 116 33 new
1048 3598 248 49 methods
1330 3598 107 49 and
1469 3615 114 32 new
1606 3598 150 51 fields
1788 3599 97 50 has
1918 3600 294 62 prevented
2234 3600 93 49 the
2350 3600 321 50 exhaustion
2695 3601 174 49 which

464 3679 97 49 has
600 3679 295 50 overtaken
930 3680 154 50 other
1119 3685 110 44 arts
1266 3682 107 48 and
1406 3682 125 48 that
1565 3687 150 56 great
1748 3682 188 62 bogey,
1975 3682 259 50 imitation
2271 3682 50 62 of
2350 3689 198 53 nature,
2584 3683 114 60 has,
2733 3684 133 49 with

466 3777 30 32 a
530 3762 103 48 few
668 3763 328 63 exceptions,
1033 3763 136 49 been
1201 3763 131 63 kept
1367 3768 58 44 at
1460 3780 30 32 a
1523 3764 115 49 safe
1672 3764 253 50 distance.
1998 3764 247 51 America
2279 3765 126 51 does
2437 3765 141 50 little
2610 3767 133 48 with
2776 3767 93 48 the

462 3843 185 62 highly
687 3844 245 64 complex
972 3844 375 64 development
1386 3846 55 48 of
1478 3847 108 49 this
1626 3851 98 44 art.
1765 3846 260 59 America,
2066 3848 261 59 however,
2367 3849 96 49 has
2502 3849 366 50 rediscovered

466 3942 31 32 a
531 3927 238 60 rhythm,
806 3928 74 60 by
915 3928 93 49 the
1043 3944 202 47 agency
1279 3929 55 48 of
1367 3929 95 48 her
1496 3929 214 49 natural
1743 3930 215 63 singers,
1995 3930 95 49 the
2123 3947 233 46 negroes,
2393 3931 174 49 which
2603 3932 266 50 oscillates

467 4008 95 48 the
596 4009 305 63 diaphrams
937 4010 53 49 of
1023 4011 94 48 the
1149 4014 245 48 Western
1424 4011 184 50 world.

598 4091 151 52 .Ciive
785 4094 114 47 Bell
935 4094 56 48 in
1028 4110 30 33 a
1095 4094 208 51 curious
1342 4094 182 52 article
1561 4094 235 63 recently
1832 4096 281 62 published
2151 4112 304 35 announces
2491 4098 124 49 that
2654 4100 128 58 Jazz
2820 4097 44 50 si
