3589 5204
789 4260 89 57 138

711 870 128 50 with
865 870 81 50 his
972 886 121 45 eyes
1120 886 122 34 ever
1270 871 127 50 bent
1425 887 69 33 on
1516 872 96 50 the
1637 873 214 63 pergola
1876 873 132 49 with
2032 874 71 50 its
2128 873 185 63 falling
2339 890 161 41 roses,
2527 872 157 51 while
2711 890 31 31 a
2781 874 173 62 cough
2978 875 124 48 that

709 968 138 47 grew
885 968 145 34 more
1063 969 293 35 cavernous
1386 954 133 50 with
1556 957 130 48 each
1719 957 225 62 evening
1981 957 211 50 seemed
2227 961 60 44 to
2321 958 153 48 mark
2495 958 134 49 time
2656 961 60 44 to
2749 958 94 48 the
2876 958 224 49 flowers'

708 1035 244 64 whirling
983 1035 109 50 fall.
1165 1035 113 52 The
1308 1037 163 49 white
1502 1053 143 35 roses
1678 1039 241 63 dropped
1949 1044 60 44 to
2043 1040 154 49 earth
2230 1056 100 32 one
2362 1040 73 61 by
2481 1056 116 33 one.
2671 1039 124 49 And
2849 1040 93 48 the
2997 1041 105 61 day

706 1118 96 50 the
828 1118 116 50 first
972 1118 94 50 red
1093 1135 114 33 rose
1246 1119 73 50 let
1347 1118 94 50 fall
1468 1120 72 49 its
1566 1120 115 50 first
1707 1121 160 63 petal,
1897 1122 93 48 the
2015 1122 137 49 idiot
2184 1138 107 33 saw
2315 1123 124 48 that
2462 1123 94 48 the
2581 1122 240 49 Princess
2845 1122 192 63 picked
3059 1123 43 49 it

712 1216 70 47 up
821 1200 68 49 all
919 1200 160 50 blood
1110 1201 248 50 coloured
1386 1201 55 49 in
1468 1202 96 49 the
1593 1202 113 49 lace
1734 1202 385 50 handkerchief
2148 1205 93 49 she
2270 1204 109 49 had
2407 1206 112 61 just
2550 1210 100 57 put
2679 1209 59 44 to
2768 1205 93 50 her
2893 1206 205 49 mouth.

1832 1315 128 45 XVI

842 1392 113 50 The
979 1392 372 62 municipality
1375 1393 107 49 and
1503 1393 95 48 the
1622 1393 305 63 organizing
1945 1395 310 49 committee
2275 1396 53 48 of
2343 1396 95 48 the
2453 1396 285 50 festivities
2755 1399 311 48 unanimous-

708 1475 54 60 ly
792 1474 220 50 decided
1038 1478 60 45 to
1127 1475 130 49 offer
1286 1490 30 32 a
1343 1474 241 64 banquet
1612 1475 55 48 in
1694 1476 210 52 honour
1932 1475 55 49 of
2013 1476 95 48 the
2137 1477 254 49 Princess,
2459 1478 47 48 A
2536 1478 191 49 ribbon
2749 1479 55 48 of
2828 1480 164 50 cerise
3019 1496 54 33 sa-

706 1556 82 49 tin
812 1571 109 34 was
944 1571 143 34 sewn
1111 1572 70 32 on
1203 1561 60 44 to
1288 1574 31 30 a
1341 1557 193 50 ribbon
1558 1557 54 49 of
1635 1556 197 50 bronze
1855 1557 162 58 satin,
2046 1559 106 47 and
2174 1558 132 61 they
2328 1575 137 33 were
2487 1559 147 62 hung
2655 1561 247 61 together
2939 1578 70 32 on
3032 1578 69 32 an

708 1638 139 50 olive
876 1638 154 49 wood
1062 1639 141 49 staff.
1278 1638 151 50 Then
1457 1640 95 49 the
1584 1639 292 63 municipal
1908 1639 304 64 delegation
2243 1641 245 49 crowded
2518 1641 117 49 into
2661 1658 67 32 an
2753 1643 344 59 automobile,

707 1722 108 48 and
845 1726 142 44 went
1021 1735 72 48 up
1126 1726 60 44 to
1218 1722 95 49 the
1346 1721 175 51 exiles'
1549 1721 142 51 villa.
1765 1720 113 51 The
1900 1722 136 49 idiot
2061 1723 241 49 admired
2323 1723 95 49 the
2444 1723 237 51 officials'
2705 1723 261 52 uniforms
2995 1726 106 49 and

705 1804 95 49 the
822 1803 378 63 magnificence
1224 1804 53 49 of
1298 1805 95 48 the
1415 1804 103 63 flag
1542 1806 174 47 which
1740 1821 30 32 a
1787 1805 196 48 retired
2001 1805 313 62 magistrate
2330 1805 125 49 held
2471 1821 72 48 up
2561 1806 244 62 proudly.
2879 1807 222 50 Around

706 1887 92 49 the
840 1886 169 50 chaise
1039 1887 173 62 longue
1247 1887 246 49 whereon
1519 1889 95 47 the
1660 1888 239 49 Princess
1942 1888 89 60 lay
2081 1888 273 49 stretched
2392 1893 95 44 out
2517 1888 176 63 palely
2737 1888 152 49 there
2917 1906 110 32 was
3070 1907 31 31 a

704 1969 197 62 throng
930 1969 52 48 of
1010 1969 150 49 frock
1189 1974 163 44 coats.
1426 1969 112 49 The
1567 1985 238 33 murmur
1834 1970 54 48 of
1917 1986 31 32 a
1975 1970 150 49 voice
2153 1971 223 63 reciting
2404 1971 192 63 passed
2622 1971 237 62 through
2880 1971 95 49 the
2998 1972 103 50 fine

705 2051 176 50 leaves
916 2051 53 48 of
1000 2051 95 49 the
1128 2051 275 59 bamboos,
1441 2053 108 48 and
1580 2052 130 49 then
1744 2052 152 49 there
1930 2053 252 48 occurred
2217 2070 30 31 a
2280 2053 139 49 little
2455 2053 278 49 confusion
2766 2054 55 47 in
2843 2054 95 49 the
2962 2070 112 33 rose-

706 2134 200 50 decked
944 2134 230 62 pergola,
1215 2134 81 48 for
1321 2151 31 31 a
1375 2134 206 50 sudden
1604 2151 234 46 syncope
1860 2135 107 49 had
1991 2140 114 44 cast
2149 2136 93 48 the
2288 2136 239 49 Princess
2571 2152 69 32 on
2676 2141 59 44 to
2759 2135 92 50 her
2876 2137 224 50 ermines

705 2217 106 49 and
850 2216 156 49 made
1041 2216 93 48 her
1168 2232 100 33 one
1299 2217 133 49 with
1463 2217 94 49 the
1588 2217 201 50 tailless
1826 2217 101 49 fur.

1798 2330 157 45 XVII

837 2409 112 51 The
980 2427 89 33 sea
1100 2410 237 64 sparkles
1369 2415 56 44 at
1455 2410 96 49 the
1580 2410 214 49 bottom
1827 2410 54 48 of
1909 2410 95 49 the
2033 2414 154 46 stone
2219 2410 233 50 corridor
2483 2411 207 49 formed
2722 2411 73 60 by
2825 2412 94 48 the
2949 2418 148 56 great

702 2493 135 50 hard
869 2493 132 50 lines
1035 2494 53 49 of
1120 2494 94 49 the
1247 2497 181 45 street.
1501 2491 113 50 The
1647 2509 90 33 sea
1771 2493 166 49 mixes
1972 2493 107 49 and
2112 2493 203 50 bruises
2347 2493 95 49 the
2474 2493 166 50 scales
2672 2493 171 50 which
2879 2495 94 48 the
2995 2510 102 34 sun

703 2576 345 64 precipitates
1069 2582 60 43 to
1152 2576 71 50 its
1246 2576 222 57 surface,
1496 2575 108 49 and
1624 2575 96 50 the
1743 2575 169 49 entire
1936 2580 165 45 street
2123 2576 44 49 is
2191 2575 144 50 filled
2355 2576 131 49 with
2512 2592 32 33 a
2567 2576 271 61 rhythmic
2854 2576 173 51 fracas
3045 2578 53 49 of

702 2659 253 61 pounded
991 2659 179 49 metal.
1246 2660 111 47 But
1383 2657 95 50 the
1507 2657 185 63 stupid
1717 2657 218 49 warlike
1964 2657 145 50 noise
2139 2658 55 49 of
2220 2657 96 50 the
2344 2673 211 34 cannon
2575 2658 174 50 which
2773 2664 325 58 punctuates

701 2741 95 48 the
822 2741 104 49 end
951 2740 54 50 of
1029 2741 95 50 the
1148 2740 284 51 festivities
1457 2738 264 62 suddenly
1748 2739 204 51 muffles
1976 2739 111 51 this
2111 2740 279 61 harmony.
2463 2739 114 51 The
2600 2746 199 45 stream
2822 2742 56 48 of
2899 2742 170 49 flower-

703 2824 226 49 covered
964 2822 230 52 vehicles
1230 2823 192 49 breaks
1459 2837 73 48 up
1568 2821 116 49 into
1723 2822 96 48 the
1856 2821 251 64 adjacent
2142 2826 193 46 streets
2373 2823 106 49 and
2517 2839 183 34 moves
2733 2825 235 48 towards
3003 2825 95 49 the

702 2906 214 49 stables.
989 2904 257 51 Tattered
1275 2905 106 48 and
1406 2909 140 53 torn,
1572 2904 94 49 the
1692 2903 151 49 floral
1871 2903 334 50 decorations
2231 2905 143 62 hang
2402 2921 126 34 over
2553 2906 95 49 the
2674 2906 291 50 varnished
2987 2922 83 33 car-

702 3004 172 33 casses
906 2988 54 49 of
982 2988 94 49 the
1098 2986 263 62 Tilburys,
1391 2987 94 48 the
1514 2987 253 56 Landaus
1793 2987 106 47 and
1919 2987 95 48 the
2036 2986 280 50 Victorias.
2390 2986 112 50 The
2535 2989 126 48 dust
2690 2988 137 50 dims
2852 2989 96 49 the
2977 2988 119 59 silk,

702 3069 183 50 clouds
915 3071 93 47 the
1039 3070 225 58 velvets,
1297 3069 241 63 powders
1568 3069 94 48 the
1694 3068 229 63 clinging
1952 3084 189 47 wraps.
2217 3069 263 50 Wrinkles
2527 3075 90 43 cut
2648 3070 96 49 the
2774 3071 143 49 faces
2955 3070 142 50 tired

702 3152 137 48 from
865 3153 211 62 smiling
1103 3152 303 49 overmuch.
1479 3150 113 50 The
1617 3151 135 49 idiot
1776 3167 126 33 runs
1921 3151 155 63 along
2092 3152 94 48 the
2203 3157 290 57 pavement
2507 3152 134 48 with
2662 3153 71 49 its
2756 3152 141 50 little
2921 3154 148 61 point-

703 3235 64 48 ed
790 3239 198 55 stones,
1016 3235 107 48 and
1137 3235 82 48 his
1242 3233 110 51 still
1374 3233 99 49 full
1487 3233 191 50 basket
1694 3239 171 44 tosses
1882 3233 210 63 against
2107 3234 82 49 his
2205 3233 231 64 heaving
2452 3235 164 49 chest.
2683 3237 86 46 He
2783 3236 99 49 has
2898 3236 172 62 forgot-

701 3321 94 45 ten
817 3322 60 44 to
902 3318 129 48 offer
1054 3322 61 44 to
1137 3317 94 49 the
1257 3316 179 64 public
1459 3316 83 50 his
1566 3316 188 63 vulgar
1779 3316 196 58 stocks,
2001 3316 82 50 his
2109 3316 280 50 miserable
2414 3317 363 63 marguerites,
2819 3317 64 49 all
2912 3317 183 63 falling

701 3404 60 44 to
793 3400 188 62 pieces,
1019 3400 107 48 and
1172 3399 82 49 his
1289 3399 102 62 dog
1424 3414 142 34 roses
1598 3399 178 49 whose
1823 3399 227 49 odorous
2084 3415 146 33 cores
2263 3415 88 33 are
2385 3399 287 61 destroyed
2717 3400 74 60 by
2822 3400 96 49 the
2951 3400 144 60 early

701 3485 127 57 May
850 3482 149 62 bugs.
1060 3485 84 47 On
1167 3482 67 49 he
1256 3498 138 45 goes.
1455 3481 124 49 And
1603 3481 142 50 since
1768 3482 66 48 he
1857 3482 97 49 has
1978 3487 95 43 not
2098 3498 120 33 seen
2247 3482 96 48 the
2362 3482 238 49 Princess
2617 3482 81 48 for
2714 3483 176 49 whom
2906 3483 67 48 he
2987 3499 109 32 was

701 3564 235 62 waiting,
956 3564 67 49 he
1041 3564 128 50 feels
1188 3564 336 57 abandoned,
1546 3564 106 48 and
1670 3581 59 32 so
1746 3564 194 60 lonely,
1959 3564 123 49 that
2101 3564 67 49 he
2186 3564 184 62 begins
2388 3564 229 63 running
2638 3564 144 49 amid
2799 3565 94 48 the
2921 3565 171 48 crowd

704 3662 57 33 as
786 3646 41 48 if
862 3647 66 48 he
952 3662 135 33 were
1113 3647 54 47 in
1192 3647 95 48 the
1313 3646 193 63 depths
1546 3646 53 48 of
1626 3663 30 31 a
1683 3647 172 61 virgin
1890 3647 181 50 forest.

1793 3767 189 46 XVIII

835 3845 114 51 The
978 3845 227 63 grocer's
1236 3846 133 61 shop
1400 3846 177 50 smells
1608 3846 55 48 of
1695 3846 149 49 dried
1875 3848 115 57 cod,
2025 3846 291 59 chocolate,
2349 3862 131 48 soap
2513 3847 107 49 and
2670 3846 238 50 shallots.
2981 3846 114 50 The

701 3929 349 62 proprietress
1075 3926 143 51 talks
1245 3928 131 50 with
1402 3928 94 48 the
1523 3933 217 44 servant
1769 3929 54 48 of
1844 3929 94 48 the
1963 3929 251 62 Registry
2238 3928 141 50 clerk
2400 3929 120 48 who
2542 3944 204 47 presses
2769 3929 208 61 against
3001 3929 93 50 her

702 4012 186 49 bosom
933 4028 29 33 a
993 4009 331 59 cauliflower,
1356 4009 262 50 bloodless
1647 4025 58 34 as
1730 4011 93 48 the
1852 4012 139 49 head
2019 4010 54 50 of
2101 4027 31 32 a
2161 4011 340 62 decapitated
2547 4026 124 33 man
2697 4012 255 62 wrapped
2979 4012 56 49 in
3064 4028 30 33 a

701 4110 324 48 newspaper.
1100 4091 113 50 The
1238 4091 229 50 half-wit
1493 4092 155 49 waits
1673 4093 82 48 his
1781 4097 128 45 turn
1934 4098 59 43 to
2021 4093 66 49 be
2112 4094 203 56 served,
2347 4094 105 48 and
2493 4096 95 48 the
2628 4092 140 52 little
2792 4094 83 63 jar
2921 4095 174 50 which
