3589 5204
2767 4113 85 48 141

1504 932 468 62 APHORISMS

703 1155 124 56 The
888 1155 428 57 fundamental
1378 1157 281 72 question
1719 1157 197 56 which
1976 1158 105 56 the
2142 1158 305 57 existence
2505 1159 64 56 of
2627 1160 324 70 humanity

547 1245 123 48 sets
699 1239 147 54 each
875 1258 114 35 one
1016 1237 64 56 of
1108 1258 72 36 us
1209 1239 49 56 is
1287 1239 123 56 this
1440 1260 8 32 :
1482 1239 123 58 Can
1630 1259 89 37 we
1743 1241 228 67 forgive
1999 1241 48 56 it
2077 1242 20 54 ?
2134 1241 125 58 Can
2288 1262 89 36 we
2404 1243 259 56 tolerate
2690 1242 261 58 without

548 1340 77 35 an
663 1320 461 73 insupportable
1164 1322 218 72 feeling
1420 1324 62 55 of
1520 1342 204 54 wrong
1764 1325 120 55 and
1923 1325 209 55 shame
2169 1325 150 57 such
2358 1346 77 34 an
2476 1326 475 72 agglomeration

543 1403 63 54 of
647 1403 321 74 stupidity,
1013 1423 332 48 meanness,
1388 1405 245 67 disease,
1678 1407 324 66 weakness,
2048 1407 196 56 deceit
2286 1409 119 54 and
2446 1408 212 56 failure
2687 1410 21 54 ?
2755 1413 74 51 In
2869 1411 79 54 all

546 1485 242 75 Europe
831 1488 171 55 there
1045 1487 50 57 is
1137 1488 145 69 only
1324 1509 114 36 one
1481 1490 169 55 voice
1692 1490 198 55 which
1931 1490 111 55 has
2084 1490 132 55 said
2258 1490 223 70 clearly
2524 1493 120 54 and
2688 1492 259 56 without

543 1568 249 57 shadow
815 1570 63 55 of
903 1571 225 56 doubt:
1170 1570 272 72 Forgive.
1479 1576 61 51 It
1564 1572 49 55 is
1639 1571 235 57 Russia.
1911 1571 189 57 There
2123 1572 49 56 is
2191 1574 254 54 another
2470 1573 193 56 which
2685 1575 109 54 has
2818 1574 128 56 said

544 1671 66 35 as
635 1652 223 69 clearly
880 1672 9 38 :
924 1656 94 53 Do
1044 1661 109 48 not
1177 1653 246 71 forgive.
1473 1657 142 52 Man
1641 1653 49 55 is
1714 1654 343 71 something
2079 1654 198 56 which
2300 1662 163 48 must
2487 1656 75 55 be
2585 1659 315 70 surpassed
2934 1675 8 36 :

544 1735 139 55 that
723 1735 50 56 is
812 1743 65 47 to
919 1754 126 51 say,
1090 1737 77 55 do
1212 1744 109 48 not
1352 1736 255 56 tolerate
1646 1755 158 36 man.
1841 1740 73 51 In
1944 1737 154 55 both
2130 1738 170 55 these
2340 1737 296 57 attitudes
2665 1740 208 54 shame
2899 1740 49 55 is

543 1837 316 36 overcome
888 1836 11 48 ;
938 1818 114 56 but
1087 1819 62 53 in
1184 1819 105 54 the
1324 1826 235 63 greater
1593 1826 141 66 part
1768 1819 63 55 of
1867 1819 244 73 Europe
2146 1838 137 37 men
2320 1820 117 55 live
2474 1839 78 37 on
2586 1829 361 64 permanent

543 1900 61 53 ill
651 1908 190 47 terms
886 1900 149 55 with
1080 1902 380 64 themselves,
1513 1904 120 53 and
1680 1901 122 57 this
1848 1901 286 70 inability
2180 1902 191 57 either
2418 1910 65 49 to
2531 1904 193 71 digest
2770 1923 66 36 or
2882 1911 64 48 to

543 1981 202 72 reject,
785 1982 122 56 this
944 1982 312 56 continual
1291 1983 259 72 sticking
1584 1985 63 54 of
1682 2003 143 37 man
1859 1984 63 54 in
1957 1984 94 58 his
2084 2003 134 38 own
2253 1986 225 66 throat,
2517 1986 50 56 is
2602 1986 345 57 sometimes

541 2064 179 72 given
766 2066 109 55 the
923 2072 159 51 most
1128 2068 382 71 unexpected
1556 2086 225 47 names,
1833 2068 148 55 such
2029 2086 64 38 as
2139 2068 254 72 original
2439 2069 109 61 sin,
2597 2069 350 72 knowledge

542 2147 63 55 of
643 2148 229 55 human
910 2156 235 59 nature,
1189 2169 35 36 a
1262 2168 170 37 sense
1471 2149 63 55 of
1571 2151 277 65 humour,
1905 2169 66 37 or
2011 2169 150 38 even
2200 2152 199 55 savoir
2432 2152 164 55 faire.
2677 2152 169 67 Well,
2880 2160 66 48 to

544 2230 177 55 make
745 2232 105 54 the
876 2231 137 56 best
1041 2231 63 55 of
1134 2251 33 35 a
1196 2232 123 55 bad
1347 2231 123 72 job,
1503 2252 150 37 even
1681 2235 177 53 when
1885 2234 227 55 oneself
2139 2233 50 56 is
2216 2234 106 56 the
2349 2235 123 55 bad
2496 2235 121 71 job,
2647 2254 144 51 may
2813 2237 74 53 be
2912 2255 33 35 a

543 2312 157 55 form
738 2313 63 55 of
839 2313 346 57 ineffectual
1225 2334 256 51 courage
1519 2322 108 49 not
1664 2316 261 56 without
1963 2316 82 56 its
2084 2316 295 56 aesthetic
2415 2318 196 55 value.

697 2602 125 58 The
864 2604 270 56 attitude
1172 2611 67 49 to
1279 2611 217 50 nature
1536 2605 197 55 which
1771 2605 251 57 became
2062 2625 281 37 common
2382 2605 150 57 with
2571 2608 105 55 the
2717 2608 225 57 advent

543 2686 62 55 of
645 2686 460 67 Romanticism,
1148 2688 121 55 and
1304 2688 199 56 which
1538 2689 110 55 has
1684 2708 135 35 now
1856 2689 250 57 become
2144 2689 219 56 almost
2402 2710 34 35 a
2471 2691 468 73 commonplace,

539 2787 125 38 was
698 2770 106 55 the
838 2770 363 56 far-thrown
1237 2771 146 55 echo
1418 2771 64 55 of
1515 2770 353 57 immediate
1905 2772 121 54 and
2062 2771 409 72 disagreeable
2504 2791 171 37 sense
2708 2772 64 56 of
2804 2773 134 56 loss.

540 2852 54 56 A
623 2852 115 56 few
764 2871 206 53 young
1000 2872 137 36 men
1167 2853 268 66 realised,
1471 2853 156 56 after
1655 2854 106 55 the
1788 2854 246 73 passing
2062 2853 65 56 of
2155 2855 105 55 the
2288 2854 352 72 eighteenth
2667 2863 272 62 century,

541 2935 134 54 how
720 2935 93 55 far
857 2936 149 69 they
1049 2954 154 37 were
1250 2935 195 56 exiled
1490 2936 158 56 from
1692 2936 341 72 something
2078 2936 211 56 within
2337 2938 365 56 themselves
2750 2937 192 57 which

542 3018 106 54 the
675 3036 108 51 age
808 3018 62 55 of
897 3036 211 38 reason
1136 3019 121 55 had
1286 3019 224 55 refined
1538 3037 190 51 away.
1759 3018 192 56 There
1983 3038 117 36 was
2127 3019 523 72 something.wild,
2683 3020 252 66 chaotic,

543 3106 409 66 spontaneous
1002 3102 120 53 and
1187 3102 353 55 unadorned
1604 3101 61 55 in
1715 3102 157 54 their
1912 3108 250 49 natures
2210 3102 197 55 which
2455 3103 148 67 they
2640 3102 177 55 could
2862 3122 78 35 no

542 3183 203 69 longer
775 3182 183 71 enjoy
1001 3183 112 55 but
1142 3183 196 55 which
1366 3184 150 68 they
1546 3183 234 56 desired
1808 3183 363 73 poignantfy
2200 3190 65 50 to
2296 3183 197 72 enjoy.
2564 3184 169 70 They
2763 3186 177 54 chose

543 3283 66 36 as
645 3283 34 36 a
714 3264 239 69 symbol
989 3264 62 56 of
1081 3265 124 55 this
1238 3267 310 55 whatever
1581 3284 125 38 was
1741 3266 235 56 wildest
2013 3268 121 55 and
2171 3273 158 49 most
2740 3268 61 54 in
2836 3287 69 36 na-

541 3352 151 58 ture,
743 3348 121 54 and
908 3367 35 35 a
987 3347 299 56 romantic
1328 3349 327 72 landscape
1700 3348 206 56 awoke
1949 3349 63 53 in
2054 3350 170 54 them
2267 3349 383 71 accordingly
2693 3350 247 71 feelings

538 3429 65 54 of
641 3429 278 70 abysmal
948 3429 242 72 longing
1227 3431 119 54 and
1377 3437 212 65 regret,
1626 3432 121 54 and
1771 3430 320 74 especially
2118 3450 35 36 a
2182 3431 328 56 sentiment
2543 3432 62 55 of
2638 3439 268 66 estrange-

539 3521 187 47 ment.
793 3516 62 51 It
916 3531 124 37 was
1101 3512 122 55 this
1270 3513 343 73 landscape,
1680 3514 203 55 within
1944 3514 340 65 themselves,
2348 3514 156 55 from
2550 3514 196 56 which
2792 3516 148 69 they

538 3594 110 56 felt
690 3596 340 70 estranged.
1075 3593 170 72 They
1283 3597 179 54 stood
1504 3602 64 49 at
1608 3596 100 55 the
1748 3595 281 74 opposite
2068 3597 176 55 shore
2282 3597 62 54 of
2383 3597 105 55 the
2528 3598 178 56 strait
2751 3597 189 57 which

538 3678 323 72 separated
899 3678 172 55 them
1109 3677 152 56 from
1305 3677 157 56 their
1499 3698 137 35 own
1675 3685 234 59 nature,
1955 3680 120 54 and
2115 3686 135 49 sent
2288 3687 109 48 out
2437 3699 78 36 an
2552 3681 389 56 unutterable

538 3760 292 72 yearning
872 3762 266 54 towards
1181 3761 62 55 it.
1289 3762 110 54 We
1440 3762 157 55 have
1639 3760 79 57 all
1759 3761 183 55 fallen
1986 3761 126 56 heir
2155 3769 66 48 to
2261 3763 123 55 this
2428 3762 219 73 feeling
2687 3764 64 55 of
2792 3763 148 56 exile

538 3842 158 55 from
729 3850 235 60 nature,
1005 3845 122 55 and
1170 3864 148 35 even
1354 3864 134 35 now
1523 3864 36 35 a
1592 3843 116 57 fair
1742 3845 358 72 proportion
2135 3845 63 55 of
2231 3864 109 38 our
2373 3853 218 66 poetry
2624 3847 49 55 is
2708 3847 233 56 evoked

538 3926 84 68 by
652 3925 66 56 it.
753 3929 73 52 In
858 3927 105 55 the
993 3927 135 66 end,
1163 3928 296 65 however,
1494 3947 114 35 one
1639 3927 199 57 writes
1867 3927 167 57 one's
2063 3936 217 65 poetry
2311 3936 68 48 to
2406 3930 243 55 oneself.
