3589 5204
2591 4184 84 50 115

978 1192 177 62 THE
1206 1191 448 62 MYSTICISM
1696 1193 103 57 OF
1844 1194 292 61 MONEY

491 1447 112 51 The
640 1447 253 50 criticism
921 1447 54 50 of
1000 1447 247 51 America
1274 1449 74 61 by
1374 1448 285 50 American
1685 1449 355 50 intellectuals
2066 1449 175 49 which
2268 1449 96 51 has
2380 1449 135 50 been
2529 1450 234 63 growing

355 1530 55 49 in
446 1530 342 63 geometrical
822 1531 333 64 progression
1193 1530 143 51 since
1373 1532 94 48 the
1506 1531 144 62 early
1688 1547 155 46 years
1883 1532 53 48 of
1974 1532 94 48 the
2107 1537 239 56 century,
2388 1533 97 49 has
2524 1534 233 58 become,

354 1615 26 46 I
419 1612 220 61 believe,
679 1630 32 32 a
746 1614 199 49 serious
982 1630 217 33 menace
1234 1619 60 44 to
1328 1614 284 49 American
1650 1613 205 50 artistic
1892 1615 320 62 expression.

491 1695 113 50 The
631 1696 142 52 basis
802 1696 54 49 of
894 1695 139 51 their
1061 1696 334 50 accusations
1422 1697 44 48 is
1493 1697 124 48 that
1643 1696 245 49 America
1915 1696 44 50 is
1987 1701 97 44 not
2109 1695 230 64 Europe.
2412 1695 128 52 This
2569 1714 99 32 can
2695 1699 68 49 be

358 1778 266 51 admitted
662 1784 58 44 at
756 1795 145 41 once,
933 1780 102 48 but
1060 1779 126 60 why
1214 1778 44 50 it
1286 1778 192 50 should
1506 1779 67 49 be
1603 1778 350 63 opprobrious
1982 1778 43 50 is
2056 1778 225 49 another
2312 1779 261 62 question.
2645 1779 116 50 The

354 1860 330 51 intellectual
723 1877 234 34 assumes
991 1861 124 48 that
1148 1861 284 49 American
1467 1861 324 48 civilization
1827 1860 191 50 should
2054 1876 304 34 commence
2396 1866 57 43 at
2487 1862 93 49 the
2615 1878 146 33 same

355 1944 154 62 point
546 1960 57 33 as
641 1944 259 61 Europe's
940 1944 106 48 and
1085 1958 151 45 carry
1277 1958 69 32 on
1382 1943 94 49 the
1513 1947 150 58 great
1704 1943 298 48 occidental
2038 1943 263 48 tradition
2340 1959 57 34 as
2437 1960 29 32 a
2506 1944 255 49 fraternal

357 2026 234 49 member
625 2026 54 48 of
713 2041 99 33 one
844 2025 205 61 famity.
1123 2027 112 46 But
1266 2025 247 49 America
1545 2029 200 44 cannot
1779 2025 69 48 do
1881 2025 124 58 this,
2043 2026 107 48 and
2185 2042 57 32 as
2278 2042 30 32 a
2341 2026 167 49 result
2537 2027 225 50 endures

355 2108 92 49 the
484 2107 311 63 reproaches
835 2108 53 47 of
926 2108 70 48 its
1033 2107 373 58 intellectuals,
1446 2107 281 49 saturated
1763 2107 133 49 with
1933 2108 93 48 the
2064 2107 288 51 traditions
2392 2109 54 47 of
2485 2109 92 49 the
2617 2109 146 50 older

358 2190 282 49 countries.

488 2271 128 51 This
651 2272 177 49 would
855 2277 97 44 not
980 2277 197 44 matter
1203 2272 40 48 if
1269 2273 94 48 the
1391 2273 319 49 continuous
1737 2273 422 49 recriminations
2186 2289 136 33 were
2348 2279 97 44 not
2471 2274 291 63 beginning

355 2360 59 44 to
449 2355 128 49 take
614 2356 172 58 effect,
828 2356 101 48 but
967 2372 32 32 a
1038 2355 381 51 deterioration
1460 2356 56 48 in
1545 2355 205 51 several
1776 2355 284 49 American
2091 2356 332 63 expressions
2452 2356 44 50 is
2524 2358 207 62 conspic-

356 2453 149 43 uous,
541 2438 102 49 due
673 2443 60 43 to
767 2437 360 50 adulteration
1155 2437 134 48 with
1319 2436 287 65 European
1641 2437 181 51 ideals.
1896 2437 113 49 The
2062 2443 200 44 matter
2291 2439 97 49 has
2419 2439 219 49 become
2683 2457 52 33 se-

359 2519 156 51 rious.

488 2602 246 50 America
756 2603 44 50 is
822 2603 57 48 in
901 2603 94 49 the
1021 2603 163 50 midst
1209 2603 54 49 of
1288 2619 31 32 a
1342 2603 546 50 formative-creative
1914 2607 84 45 art
2023 2603 169 64 epoch
2217 2603 194 62 closely
2437 2605 320 63 resembling

353 2685 92 49 the
481 2684 272 50 historical
790 2685 209 49 archaic
1035 2685 226 64 periods.
1336 2685 231 50 Contact
1602 2685 131 48 with
1772 2702 31 32 a
1841 2686 265 49 decadent
2144 2690 85 44 art
2265 2686 131 49 such
2434 2702 56 34 as
2527 2688 234 62 prevails

352 2767 56 49 in
442 2767 215 64 Europe
693 2769 190 48 results
914 2768 55 48 in
1000 2768 310 49 immediate
1341 2768 382 50 deterioration
1754 2769 54 48 of
1838 2769 93 48 the
1960 2768 285 49 American
2276 2769 245 63 product.
2595 2769 165 62 Early

354 2850 330 64 expressions
722 2866 100 33 can
856 2856 96 44 not
988 2851 161 50 stand
1183 2851 108 49 this
1327 2851 309 63 proximity.
1709 2854 178 59 Negro
1922 2851 272 63 sculpture
2230 2867 176 34 ceases
2441 2856 58 44 to
2535 2852 225 64 develop

355 2933 153 49 when
544 2932 286 64 European
867 2933 390 50 knick-knacks
1292 2933 219 49 become
1548 2934 92 48 the
1678 2949 138 47 rage,
1856 2933 216 63 Europe
2109 2949 99 33 can
2247 2935 107 47 and
2392 2934 125 49 does
2554 2934 207 50 borrow

358 3015 168 61 safely
565 3015 140 50 from
742 3015 246 50 America
1011 3032 10 43 ;
1065 3016 133 64 jazz,
1242 3016 348 63 advertising,
1634 3021 99 45 etc.
1777 3032 89 33 are
1904 3016 95 49 the
2039 3016 348 50 foundations
2418 3016 54 49 of
2501 3018 260 49 aesthetic

359 3097 205 50 schools
603 3098 215 59 abroad,
857 3098 101 50 but
996 3098 94 50 the
1130 3114 207 34 reverse
1375 3114 211 48 process
1626 3098 44 50 is
1711 3098 206 61 deadly.

492 3179 246 50 America
769 3186 145 44 must
945 3186 97 44 not
1072 3181 212 49 imitate
1314 3180 231 64 Europe.
1585 3180 128 50 This
1745 3181 43 49 is
1820 3181 135 49 hard
1988 3197 68 33 on
2088 3181 154 49 those
2275 3181 55 48 of
2375 3197 94 33 our
2501 3181 233 50 intellect-

358 3260 115 52 uals
507 3262 122 48 who
665 3262 124 61 only
826 3263 201 50 receive
1064 3263 259 50 aesthetic
1358 3263 263 50 emotions
1656 3263 139 49 from
1830 3263 96 49 the
1976 3263 222 50 esoteric
2234 3263 231 50 cultures
2504 3264 54 48 of
2609 3265 152 48 other

359 3344 319 57 continents,
712 3345 99 49 but
840 3345 203 62 foreign
1074 3346 182 50 artists
1288 3346 69 49 do
1386 3350 97 45 not
1512 3346 118 62 pity
1660 3346 151 48 them
1835 3361 10 43 ;
1877 3346 58 49 in
1964 3346 112 48 fact
2104 3346 128 59 they
2265 3346 335 50 understand
2628 3347 133 49 with

360 3425 261 62 difficulty
651 3426 94 49 the
777 3426 327 52 American's
1136 3427 272 51 blindness
1440 3427 234 50 towards
1706 3428 94 50 the
1833 3428 262 48 creations
2130 3428 53 47 of
2214 3427 82 50 his
2330 3444 118 32 own
2481 3429 206 62 people.

490 3593 45 48 A
562 3591 150 50 short
738 3592 289 62 digression
1050 3592 116 50 into
1191 3592 91 49 the
1308 3597 123 58 past
1455 3592 44 50 is
1524 3592 264 51 essential.

487 3673 112 50 The
622 3675 273 49 evolution
919 3675 53 48 of
993 3675 93 49 the
1109 3675 204 49 artistic
1336 3674 303 64 expression
1663 3675 54 48 of
1739 3689 31 34 a
1790 3674 203 64 people,
2020 3691 98 32 can
2139 3676 67 48 be
2230 3675 216 50 divided
2468 3676 117 51 into
2606 3678 153 49 three

357 3756 145 50 basic
539 3757 269 51 divisions.

563 3841 62 63 (i)
669 3838 110 51 The
797 3840 232 50 creative
1046 3840 286 50 formative
1357 3840 183 64 period
1565 3840 189 63 during
1775 3840 174 50 which
1971 3841 94 49 the
2086 3839 249 53 function
2360 3841 54 50 of
2441 3847 85 45 art
2552 3843 107 50 and
2683 3860 52 33 re-

360 3921 159 63 ligion
541 3922 44 50 is
608 3928 57 43 to
690 3923 154 49 make
870 3923 90 49 the
983 3923 244 51 universe
1251 3922 276 51 habitable
1549 3923 82 49 for
1655 3938 125 34 man
1802 3922 73 62 by
1899 3924 275 63 removing
2197 3924 70 50 its
2290 3929 339 59 strangeness
2655 3926 107 50 and

359 4004 408 61 inscrutability.
843 4006 184 51 Poetic
1065 4006 107 49 and
1211 4005 191 65 plastic
1441 4010 251 60 concepts
1729 4005 253 65 simplify,
2025 4007 307 50 coordinate
2373 4009 106 49 and
2517 4008 244 64 transfig-
