3589 5204
769 4198 87 58 146

786 1121 170 59 ONE
1015 1110 462 68 THOUSAND
1535 1119 171 59 AND
1752 1122 169 60 ONE
1958 1121 308 61 NIGHTS
2309 1124 95 54 IN
2466 1119 58 59 A
2553 1119 430 59 BAR-ROOM

1455 1314 83 42 OR
1581 1312 128 45 THE
1752 1314 176 42 IRISH
1972 1314 323 43 ODYSSEUS

819 1552 217 50 Thanks
1061 1557 60 44 to
1146 1552 93 50 the
1266 1551 257 50 imbecilic
1549 1551 300 63 censorship
1877 1551 245 50 enforced
2148 1551 138 49 from
2311 1551 130 50 time
2486 1556 59 44 to
2571 1552 130 51 time
2747 1552 55 49 in
2836 1553 242 51 America

687 1635 105 49 and
821 1634 244 64 England
1091 1635 92 49 the
1210 1635 219 62 profane
1457 1634 166 49 books
1652 1634 55 49 of
1731 1634 94 49 the
1851 1634 182 61 period
2062 1650 87 33 are
2177 1634 288 61 enveloped
2493 1634 54 48 in
2575 1650 32 32 a
2635 1634 155 49 cloud
2817 1636 55 47 of
2913 1638 166 46 moral

686 1719 317 63 castigation
1034 1734 57 32 or
1122 1717 336 51 embellished
1488 1716 131 50 with
1638 1733 30 33 a
1691 1717 121 49 halo
1832 1716 55 49 of
1908 1716 205 50 artistic
2133 1716 348 61 martyrdom,
2508 1733 57 33 as
2587 1717 92 50 the
2703 1733 119 34 case
2849 1733 124 45 may
2995 1718 80 49 be.

686 1804 109 46 Out
826 1803 55 48 of
909 1801 108 51 this
1046 1801 258 51 situation
1336 1800 159 50 arises
1523 1800 93 51 the
1645 1800 195 60 fallacy
1867 1800 122 49 that
2021 1799 130 50 such
2181 1799 105 49 and
2318 1800 131 49 such
2493 1816 30 31 a
2561 1799 177 50 writer
2767 1799 44 50 is
2911 1801 168 49 ahead

686 1888 55 46 of
775 1884 82 51 his
880 1884 147 57 time,
1109 1885 121 47 that
1258 1884 65 48 he
1349 1883 44 49 is
1420 1899 29 33 a
1477 1883 159 49 social
1661 1883 102 49 evil
1789 1899 58 32 or
1873 1899 31 31 a
1920 1883 240 62 prophet.
2218 1885 52 46 It
2297 1882 43 50 is
2362 1882 126 49 thus
2508 1882 122 49 that
2656 1884 180 58 James
2870 1883 209 62 Joyce's

686 1966 311 50 formidable
1039 1967 203 63 Ulysses
1275 1982 176 47 passes
1487 1967 235 49 between
1757 1965 172 61 vScylla
1966 1965 104 49 and
2104 1965 93 50 her
2232 1965 278 63 colleague,
2548 1965 104 48 and
2675 1965 43 50 is
2741 1965 338 51 consecrated

686 2058 55 42 at
768 2066 128 34 once
920 2050 73 60 by
1023 2049 178 49 horrid
1244 2048 137 51 little
1426 2049 185 62 people
1656 2049 116 48 who
1818 2048 199 49 believe
2061 2048 54 48 in
2161 2048 390 62 emancipation
2599 2048 105 47 and
2750 2049 73 60 by
2868 2048 211 66 equally

684 2132 178 50 horrid
901 2133 183 62 people
1112 2132 119 48 who
1259 2131 199 50 believe
1483 2131 53 48 in
1564 2131 237 49 societies
1827 2131 80 48 for
1933 2131 92 49 the
2052 2131 334 62 supj3ression
2413 2131 54 48 of
2494 2131 126 49 vice.

818 2214 75 48 To
939 2213 183 63 regard
1168 2213 315 61 steadfastly
1546 2213 92 50 the
1697 2213 203 51 artistic
1945 2220 207 55 aspects
2198 2213 53 47 of
2293 2213 108 50 this
2445 2213 141 48 book
2630 2215 255 55 becomes,
2931 2215 146 57 then,

684 2298 296 62 something
1008 2297 54 48 of
1089 2313 29 31 a
1146 2296 252 63 problem.
1473 2298 113 48 One
1614 2302 143 43 must
1785 2302 96 55 put
1906 2302 94 43 out
2027 2296 55 47 of
2104 2294 148 49 mind
2274 2296 92 49 the
2388 2295 352 62 impassioned
2765 2296 285 51 exhibition-

682 2380 101 50 ism
818 2380 55 49 of
907 2380 91 49 the
1034 2380 206 48 author.

830 2463 202 62 Ulysses
1072 2478 167 34 seems
1277 2468 59 43 to
1378 2462 136 49 have
1554 2461 236 51 received
1829 2460 414 52 indiscriminate
2282 2460 170 63 praise
2494 2461 104 48 and
2641 2462 160 50 abuse
2838 2478 68 31 on
2947 2462 132 50 both

686 2545 138 50 sides
857 2546 54 48 of
943 2546 92 48 the
1068 2545 254 56 Atlantic,
1358 2560 131 34 even
1524 2545 130 49 such
1687 2561 29 30 a
1752 2544 239 50 diffident
2025 2544 149 49 critic
2208 2561 56 33 as
2297 2542 58 50 T.
2393 2543 50 51 S.
2481 2542 142 52 Eliot
2646 2545 249 61 referring
2917 2552 58 42 to
3009 2545 70 50 its

685 2628 238 50 beauties
947 2628 54 48 in
1025 2628 92 49 the
1141 2633 222 56 vaguest
1387 2634 163 43 terms
1574 2643 10 41 ;
1612 2628 245 55 whereas,
1882 2627 92 48 the
1999 2627 141 48 book
2165 2641 126 46 may
2314 2627 64 49 be
2394 2626 241 50 summed
2652 2642 71 46 up
2749 2643 56 34 as
2827 2628 92 49 the
2936 2629 143 47 work

686 2711 54 48 of
763 2727 29 31 a
818 2726 124 33 man
966 2710 115 48 who
1106 2727 258 45 possesses
1388 2725 67 32 an
1481 2710 239 61 amazing
1742 2709 295 60 sensibility
2057 2708 81 49 for
2161 2708 237 63 physical
2439 2709 260 63 qualities,
2739 2725 69 32 an
2845 2718 204 42 extraor-

686 2793 189 60 dinary
910 2792 302 62 knowledge
1247 2793 54 46 of
1339 2791 235 63 English,
1611 2791 105 49 and
1755 2808 68 31 an
1859 2791 213 50 inferior
2108 2791 251 50 intellect.

821 2879 64 44 In
909 2892 68 31 an
1001 2876 144 60 early
1166 2890 219 47 passage
1409 2875 171 49 which
1602 2875 186 49 relates
1811 2875 91 48 the
1924 2874 206 62 history
2152 2874 55 48 of
2229 2874 196 49 Father
2452 2873 268 51 Conmee's
2758 2876 319 61 promenade

683 2959 233 61 through
940 2958 199 48 Dublin
1165 2959 54 47 of
1244 2973 69 32 an
1339 2958 293 56 afternoon,
1662 2958 208 60 Joyce's
1894 2957 392 51 characteristic
2300 2958 197 48 talents
2519 2957 105 47 and
2640 2957 205 63 failings
2864 2973 125 46 may
3014 2959 63 48 be

684 3041 256 51 observed
964 3056 8 31 :
998 3042 92 48 the
1112 3039 162 63 priest
1299 3039 43 49 is
1363 3039 84 48 led
1468 3041 138 47 from
1629 3056 98 33 one
1751 3040 262 61 objective
2036 3039 256 50 situation
2313 3045 58 42 to
2395 3040 238 57 another,
2670 3040 105 48 and
2797 3041 92 49 the
2911 3047 139 55 greet-

682 3125 131 62 ings,
835 3125 94 49 the
951 3129 250 56 gestures,
1225 3124 91 49 the
1340 3123 331 63 expressions
1691 3123 57 47 of
1771 3122 69 49 all
1873 3123 91 49 the
2007 3138 216 46 persons
2245 3122 65 48 he
2356 3128 165 43 meets
2544 3138 86 34 are
2654 3121 199 51 related
2891 3123 132 48 with
3046 3141 31 31 a

681 3207 260 62 perfectly
967 3205 124 48 mad
1119 3205 267 52 attention
1412 3211 58 42 to
1498 3205 178 57 detail,
1706 3205 105 48 and
1838 3204 130 49 with
1989 3204 260 64 complete
2271 3204 333 51 indifference
2626 3211 58 42 to
2707 3204 138 52 their
2860 3206 217 49 relative

683 3289 345 62 significance.
1098 3292 51 45 It
1174 3290 43 48 is
1243 3288 67 48 all
1336 3288 177 50 rather
1536 3287 310 64 interesting
1870 3288 221 50 because
2118 3287 53 47 of
2210 3288 90 50 the
2324 3288 229 50 richness
2580 3288 54 46 of
2657 3288 210 60 Joyce's
2906 3288 143 51 obser-

682 3372 186 48 vation
891 3387 10 42 ;
939 3371 42 50 it
1017 3371 43 49 is
1094 3372 354 62 unsatisfying
1481 3370 222 52 because
1752 3372 66 48 he
1873 3370 286 51 contented
2193 3370 209 50 himself
2447 3369 130 50 with
2624 3370 271 64 recording
2944 3372 108 47 slav-

683 3454 137 60 ishly
849 3454 108 50 this
988 3454 299 63 procession
1319 3455 54 47 of
1404 3454 212 49 natural
1647 3454 345 63 phenomena.
2064 3452 121 50 And
2218 3470 56 33 so
2321 3470 77 32 we
2428 3470 65 45 go
2540 3469 73 46 up
2665 3454 92 50 the
2802 3453 118 50 hills
2974 3454 105 47 and

684 3536 154 47 down
866 3538 92 49 the
988 3538 216 61 valleys,
1235 3537 232 62 trusting
1495 3537 121 49 that
1647 3537 149 51 there
1826 3536 103 48 will
1957 3536 65 49 be
2044 3536 176 60 lovely
2240 3536 168 62 sights
2430 3536 79 47 for
2538 3537 92 47 the
2657 3554 94 43 eye
2775 3537 153 62 along
2950 3536 128 49 with

680 3620 93 49 the
802 3635 226 47 swamps
1056 3621 106 47 and
1188 3621 92 49 the
1309 3627 162 43 waste
1498 3620 190 62 places.
1760 3618 110 50 The
1897 3619 334 63 prerogative
2260 3619 54 48 of
2339 3619 92 50 the
2460 3618 329 51 artist-mind
2816 3625 57 42 to
2916 3619 163 62 shape

683 3708 213 51 matter,
924 3710 58 41 to
1012 3702 187 63 depart
1247 3704 137 47 from
1426 3701 398 51 verisimilitude
1873 3702 54 48 in
1977 3701 318 51 accordance
2343 3701 132 49 with
2517 3702 82 48 his
2647 3700 196 63 design,
2893 3699 42 51 is
2984 3706 94 43 not

681 3783 233 50 fulfilled.

818 3869 107 45 But
944 3866 106 50 this
1070 3868 42 50 is
1131 3868 92 50 the
1240 3874 172 44 truest
1459 3884 120 44 way
1618 3869 56 48 of
1713 3867 278 64 rendering
2029 3868 129 54 Iyife.
2197 3870 27 46 I
2263 3868 138 49 have
2440 3867 155 62 given
2635 3881 109 45 you
2775 3866 92 48 the
2911 3866 167 49 whole

681 3948 55 48 of
763 3948 133 59 Iyife,
931 3953 164 57 Joyce
1127 3966 126 44 may
1282 3966 110 45 say.
1467 3953 134 45 Poor
1631 3951 125 47 Zola
1788 3950 106 49 and
1926 3953 203 47 Octave
2160 3948 239 51 Mirbeau
2429 3949 231 62 thought
2690 3947 227 51 likewise
2942 3964 10 43 ;
2986 3955 91 55 yet

680 4031 116 48 who
832 4032 174 48 would
1040 4038 126 44 turn
1199 4032 138 49 their
1371 4049 160 46 pages
1564 4048 120 33 now
1706 4035 18 48 ?
