3589 5204
803 4213 87 51 104

720 843 80 37 on
835 825 106 56 the
977 824 350 67 boulevard,
1370 825 121 56 and
1529 843 34 37 a
1599 822 266 58 terrified
1900 821 204 73 figure,
2144 820 248 72 bearing
2417 840 34 36 a
2474 819 170 72 light,
2688 818 154 55 after
2879 815 227 72 having

720 920 239 57 thrown
999 940 34 36 a
1073 920 208 72 glance
1320 939 166 54 upon
1524 920 105 55 the
1668 925 346 67 pavement,
2078 917 186 56 closes
2324 917 106 58 the
2489 916 240 55 shutter
2789 912 312 69 violently,

721 1023 109 50 not
867 1023 65 50 to
969 1035 288 55 reappear
1286 1062 95 11 ...
1463 1019 63 53 It
1563 1016 125 56 flies
1717 1016 53 56 !.
1802 1062 10 10 .
1845 1062 10 9 .
1938 1015 49 56 it
2023 1014 125 56 flies
2178 1014 53 55 !.
2264 1060 11 9 .
2306 1058 10 11 .
2402 1016 123 53 But
2551 1031 33 36 a
2606 1009 303 75 shapeless
2946 1025 160 39 mass

725 1130 252 55 pursues
1012 1113 79 56 its
1126 1111 140 57 trail
1303 1112 371 68 obstinately
1707 1112 266 70 through
2007 1111 105 56 the
2148 1111 160 54 dust.
2414 1107 176 70 Only,
2633 1126 34 36 a
2701 1124 205 52 young
2965 1123 141 39 man

723 1209 157 55 sunk
910 1207 62 56 in
1002 1208 262 71 thought
1298 1227 219 52 among
1546 1208 170 54 these
1745 1212 243 65 strange
2017 1205 230 74 people,
2281 1222 191 39 seems
2501 1210 66 49 to
2591 1201 115 57 feel
2728 1201 135 74 pity
2886 1201 93 56 for
3001 1201 106 56 the

724 1304 134 56 evil.
943 1306 95 53 He
1072 1305 143 54 dare
1248 1309 110 50 not
1391 1302 152 55 raise
1576 1301 92 55 his
1701 1301 170 56 voice
1916 1301 61 55 in
2014 1301 217 55 favour
2268 1300 62 55 of
2373 1301 104 55 the
2500 1298 161 58 child
2683 1298 134 56 who
2842 1297 262 71 thought

722 1400 140 56 that
895 1399 149 56 with
1076 1398 80 57 its
1187 1398 159 56 little
1381 1396 215 71 aching
1629 1397 123 70 legs
1784 1395 49 56 it
1868 1395 195 71 might
2096 1395 179 56 catch
2307 1396 171 55 them
2530 1413 102 54 up,
2669 1395 93 55 for
2794 1394 105 56 the
2932 1394 175 56 other

723 1514 138 36 men
893 1495 191 55 threw
1114 1494 170 55 looks
1314 1493 64 56 of
1408 1511 174 38 scorn
1616 1491 120 56 and
1768 1490 314 69 authority
2115 1497 63 49 at
2210 1490 144 66 him,
2391 1491 122 55 and
2543 1491 74 54 he
2647 1491 209 55 knows
2888 1489 74 56 he
2993 1507 113 38 can

723 1591 78 55 do
842 1589 256 71 nothing
1139 1588 238 72 against
1418 1588 172 57 them
1630 1588 76 55 all
1737 1634 10 9 .
1780 1633 9 10 .
1823 1633 10 10 .

876 1685 113 57 His
1022 1686 221 56 elbows
1276 1704 77 37 on
1386 1684 93 57 his
1508 1683 184 57 knees
1725 1682 121 57 and
1877 1682 93 57 his
2001 1682 158 55 head
2190 1681 63 56 in
2285 1681 92 56 his
2408 1682 212 66 hands,
2677 1682 74 55 he
2785 1682 138 55 asks
2954 1681 114 56 him-

723 1781 110 58 self
858 1781 150 57 with
1033 1780 428 74 stupefaction,
1491 1780 47 56 if
1563 1778 123 58 this
1712 1778 49 58 is
1789 1779 187 69 really
2002 1778 165 56 what
2194 1776 49 57 is
2271 1777 191 57 called
2554 1778 219 54 human
2802 1778 238 72 charity.

723 1880 95 54 He
848 1877 332 72 recognises
1209 1879 149 56 then
1386 1877 140 56 that
1555 1876 49 56 it
1634 1876 50 57 is
1712 1876 115 57 but
1858 1894 76 37 an
1965 1881 211 66 empty
2204 1875 168 55 word
2401 1893 78 37 no
2509 1874 205 71 longer
2744 1892 150 38 even
2924 1880 66 49 to
3033 1873 76 56 be

721 1972 192 56 found
946 1972 63 56 in
1042 1973 107 56 the
1182 1972 342 71 dictionary
1557 1973 63 56 of
1651 1979 236 67 poetry,
1927 1971 122 57 and
2082 1970 243 70 frankly
2361 1969 224 57 admits
2620 1969 94 57 his
2750 1988 176 38 error.
3013 1972 96 54 He

722 2085 138 53 says
897 2074 66 49 to
1001 2068 239 55 himself
1268 2087 9 37 :
1496 2068 194 67 effect,
1731 2068 141 70 why
1907 2067 252 56 interest
2198 2066 226 57 oneself
2479 2065 62 56 in
2602 2085 35 36 a
2688 2065 136 70 tiny
2892 2065 162 57 child
3081 2067 22 55 ?

723 2167 199 59 L,eave
966 2163 127 55 him
1137 2183 79 36 on
1260 2183 115 36 one
1419 2163 144 57 side.
1712 2162 439 66 Nevertheless,
2203 2182 33 35 a
2280 2162 264 72 burning
2588 2168 132 49 tear
2765 2162 109 55 has
2920 2162 187 55 rolled

723 2259 177 56 down
933 2259 105 56 the
1072 2258 189 57 cheek
1292 2259 64 56 of
1389 2260 104 56 the
1527 2259 428 74 blasphemous
1991 2258 362 57 adolescent.
2438 2260 98 54 He
2568 2276 206 54 passes
2808 2257 91 56 his
2944 2258 164 56 hand

723 2373 144 38 over
903 2354 91 56 his
1032 2354 286 57 forehead
1353 2354 318 73 painfully,
1713 2372 65 39 as
1816 2354 235 72 though
2087 2361 66 50 to
2190 2353 188 57 brush
2417 2352 164 58 aside
2620 2372 35 36 a
2692 2353 179 56 cloud
2907 2354 201 56 whose

723 2450 248 74 opacity
1014 2451 281 56 obscures
1339 2450 91 58 his
1476 2470 229 38 reason.
1789 2454 97 53 He
1929 2449 312 72 struggles,
2288 2450 115 56 but
2447 2449 226 69 vainly,
2722 2449 238 72 against
3004 2450 105 56 the

723 2566 108 53 age
864 2546 130 58 into
1028 2546 198 56 which
1259 2548 74 56 he
1367 2547 110 57 has
1510 2548 153 55 been
1696 2547 239 57 thrown
1962 2564 13 50 ;
2012 2546 75 57 he
2120 2545 146 57 feels
2298 2546 142 57 that
2473 2547 74 55 he
2581 2546 50 57 is
2666 2554 108 49 out
2810 2546 61 56 of
2918 2547 188 73 place,

725 2643 120 55 and
902 2641 124 58 still
1086 2643 74 56 he
1220 2649 226 51 cannot
1505 2662 229 55 escape.
1817 2641 265 58 Terrible
2140 2641 205 74 prison
2374 2643 9 54 !
2468 2642 273 57 Hideous
2819 2642 286 70 fatality!

723 2738 330 67 lyombano,
1094 2738 156 57 from
1283 2739 142 57 that
1461 2740 120 69 day
1616 2742 30 53 I
1683 2740 156 56 have
1873 2739 154 56 been
2061 2737 270 59 satisfied
2365 2737 149 58 with
2547 2758 125 50 you
2700 2739 9 56 !
2793 2742 31 52 I
2862 2738 104 56 did
3001 2746 108 49 not

723 2852 170 39 cease
937 2836 320 71 observing
1310 2853 124 51 you
1469 2836 77 55 all
1580 2836 106 56 the
1719 2835 148 56 time
1904 2854 104 51 my
2041 2834 132 57 face
2212 2834 296 56 breathed
2562 2835 106 56 the
2722 2853 166 38 same
2931 2834 149 57 indif-

721 2930 236 57 ference
996 2950 64 37 as
1082 2931 175 56 those
1287 2931 61 56 of
1370 2931 107 56 the
1501 2931 173 57 other
1698 2931 328 57 travellers.
2076 2929 127 56 The
2229 2930 344 57 adolescent
2598 2930 143 57 rises
2764 2930 62 55 in
2851 2951 34 35 a
2910 2950 160 38 move-

723 3034 168 49 ment
937 3027 63 57 of
1044 3027 397 71 indignation,
1492 3028 121 55 and
1658 3034 196 49 wants
1884 3034 67 49 to
1985 3026 279 66 descend,
2293 3045 67 36 so
2396 3044 64 37 as
2491 3034 110 50 not
2632 3034 65 48 to
2728 3026 383 73 participate,

723 3125 276 55 however
1033 3123 455 71 involuntarily,
1527 3123 62 55 in
1624 3142 78 36 an
1737 3122 115 57 evil
1889 3122 169 56 deed.
2142 3125 31 53 I
2210 3122 177 56 make
2412 3141 34 36 a
2470 3121 130 74 sign
2637 3129 65 49 to
2728 3122 123 56 him
2879 3123 119 55 and
3037 3123 74 56 he

720 3226 226 49 reseats
999 3218 241 57 himself
1292 3226 66 49 at
1412 3238 105 51 my
1568 3218 129 58 side
1726 3264 95 11 ...
1926 3221 62 52 It
2041 3217 127 56 flies
2198 3217 52 56 !.
2284 3264 9 9 .
2326 3264 10 9 .
2420 3217 49 56 it
2523 3217 127 57 flies
2679 3265 52 9 ..
2765 3265 10 10 .
2882 3221 126 55 But
3077 3239 34 35 a

718 3315 304 73 shapeless
1066 3333 160 38 mass
1268 3333 252 56 pursues
1563 3315 79 56 its
1684 3314 141 57 trail
1868 3314 373 68 obstinately
2282 3313 267 73 through
2590 3315 106 56 the
2741 3316 159 55 dust.
2985 3314 126 57 The

721 3412 147 56 cries
906 3418 139 67 stop
1083 3412 301 70 suddenly
1421 3412 93 56 for
1551 3411 106 57 the
1695 3410 161 57 child
1894 3410 109 55 has
2041 3409 308 57 stumbled
2387 3429 145 37 over
2570 3430 35 36 a
2642 3410 234 72 jutting
2912 3417 191 59 stone,

721 3508 121 56 and
878 3508 110 57 has
1024 3509 300 56 wounded
1361 3508 80 57 its
1478 3508 158 57 head
1672 3506 62 57 in
1772 3507 225 71 falling.
2082 3505 127 58 The
2245 3505 283 58 omnibus
2565 3508 110 55 has
2713 3507 396 74 disappeared

719 3621 78 37 on
825 3603 106 56 the
960 3603 264 68 horizon,
1259 3605 121 55 and
1408 3604 144 70 only
1579 3604 106 56 the
1712 3603 180 57 silent
1919 3610 189 50 street
2136 3602 49 57 is
2213 3609 67 50 to
2308 3602 77 57 be
2412 3621 140 38 seen
2581 3649 94 11 ...
2761 3607 61 52 It
2852 3602 125 57 flies
3007 3648 52 11 ..
3097 3650 8 9 .

718 3697 49 57 it
798 3697 126 57 flies
954 3746 51 9 ~
1038 3746 11 10 .
1134 3703 124 53 But
1290 3720 35 36 a
1355 3701 306 73 shapeless
1690 3719 160 38 mass
1879 3717 252 57 pursues
2163 3699 79 57 its
2273 3699 140 56 trail
2443 3699 373 70 obstinately
2845 3699 265 70 through

717 3795 106 56 the
857 3795 159 57 dust.
1100 3795 110 58 See
1251 3796 124 56 this
1408 3797 337 73 rag-picker
1776 3796 135 56 who
1945 3813 222 56 passes,
2205 3795 149 57 bent
2388 3813 145 39 over
2565 3793 92 57 his
2681 3793 126 56 dim
2828 3792 240 56 lantern
3095 3811 13 50 ;

718 3890 172 56 there
922 3890 49 56 is
1005 3909 164 38 more
1201 3894 175 53 heart
1408 3892 62 55 in
1502 3891 128 56 him
1660 3892 154 55 than
1846 3891 64 55 in
1944 3890 77 57 all
2054 3890 93 57 his
2178 3890 227 57 fellows
2436 3890 64 56 of
2531 3890 106 56 the
2669 3888 297 58 omnibus.
3012 3891 97 56 He

718 3985 171 73 picks
916 4005 82 55 up
1027 3986 107 57 the
1161 3985 164 58 child
1352 4003 12 51 ;
1394 3988 76 56 be
1498 4004 136 40 sure
1661 3987 139 57 that
1829 3987 76 57 he
1953 3986 120 57 will
2103 3986 134 58 heal
2267 3985 49 59 it
2345 3987 123 58 and
2495 3984 118 57 will
2663 3991 109 51 not
2824 3985 286 59 abandon
