<?xml version="1.0" encoding="UTF-8"?>
<alto xmlns:xsi="http://www.w3.org/2001/XMLSchema-instance" xmlns="http://www.loc.gov/standards/alto/ns-v2#" xsi:schemaLocation="http://www.loc.gov/standards/alto/ns-v2# http://www.loc.gov/standards/alto/alto-v2.0.xsd" xmlns:xlink="http://www.w3.org/1999/xlink">
	<Description>
		<MeasurementUnit>mm10</MeasurementUnit>
		<sourceImageInformation>
			<fileName>//fileserver7/IN2/Princeton/Batch5/bmtnabi/1865/12/02_01/00000389.tif</fileName>
		</sourceImageInformation>
		<OCRProcessing ID="OCRPROCESSING_1">
			<preProcessingStep>
				<processingSoftware>
					<softwareCreator>CCS Content Conversion Specialists GmbH, Germany</softwareCreator>
					<softwareName>CCS docWORKS</softwareName>
					<softwareVersion>6.6-1.18</softwareVersion>
				</processingSoftware>
			</preProcessingStep>
			<ocrProcessingStep>
				<processingSoftware>
					<softwareCreator>ABBYY (BIT Software), Russia</softwareCreator>
					<softwareName>FineReader</softwareName>
					<softwareVersion>10.0</softwareVersion>
				</processingSoftware>
			</ocrProcessingStep>
		</OCRProcessing>
	</Description>
	<Styles>
		<TextStyle ID="TXT_0" FONTSIZE="15" FONTFAMILY="Times New Roman"/>
		<TextStyle ID="TXT_1" FONTSIZE="17" FONTFAMILY="Times New Roman" FONTSTYLE="italics"/>
		<TextStyle ID="TXT_2" FONTSIZE="18" FONTFAMILY="Times New Roman" FONTSTYLE="bold"/>
		<TextStyle ID="TXT_3" FONTSIZE="13" FONTFAMILY="Times New Roman" FONTSTYLE="bold"/>
		<TextStyle ID="TXT_4" FONTSIZE="16" FONTFAMILY="Arial"/>
		<ParagraphStyle ID="PAR_CENTER" ALIGN="Center"/>
		<ParagraphStyle ID="PAR_BLOCK" ALIGN="Block"/>
		<ParagraphStyle ID="PAR_RIGHT" ALIGN="Right"/>
	</Styles>
	<Layout>
		<Page ID="P5" PHYSICAL_IMG_NR="5" HEIGHT="4361" WIDTH="3479" PRINTED_IMG_NR="381" PC="0.951">
			<TopMargin ID="P5_TM00001" HPOS="0" VPOS="0" WIDTH="3479" HEIGHT="181">
				<TextBlock ID="P5_TB00001" HPOS="1684" VPOS="127" WIDTH="104" HEIGHT="51" STYLEREFS="TXT_0 PAR_CENTER">
					<TextLine ID="P5_TL00001" HPOS="1684" VPOS="127" WIDTH="103" HEIGHT="51">
						<String ID="P5_ST00001" HPOS="1684" VPOS="127" WIDTH="103" HEIGHT="51" CONTENT="381" WC="0.29" CC="667"/>
					</TextLine>
				</TextBlock>
			</TopMargin>
			<LeftMargin ID="P5_LM00001" HPOS="0" VPOS="181" WIDTH="150" HEIGHT="3957"/>
			<RightMargin ID="P5_RM00001" HPOS="3321" VPOS="181" WIDTH="158" HEIGHT="3957"/>
			<BottomMargin ID="P5_BM00001" HPOS="0" VPOS="4138" WIDTH="3479" HEIGHT="223"/>
			<PrintSpace ID="P5_PS00001" HPOS="150" VPOS="181" WIDTH="3171" HEIGHT="3957">
				<TextBlock ID="P5_TB00002" HPOS="150" VPOS="260" WIDTH="1538" HEIGHT="3551" STYLEREFS="TXT_0 PAR_BLOCK">
					<TextLine ID="P5_TL00002" HPOS="163" VPOS="260" WIDTH="1524" HEIGHT="73">
						<String ID="P5_ST00002" HPOS="163" VPOS="260" WIDTH="287" HEIGHT="65" CONTENT="gelungenen" SUBS_TYPE="HypPart2" SUBS_CONTENT="wohlgelungenen" WC="1.00" CC="0000000000"/>
						<SP ID="P5_SP00001" HPOS="450" VPOS="325" WIDTH="25"/>
						<String ID="P5_ST00003" HPOS="475" VPOS="261" WIDTH="303" HEIGHT="50" CONTENT="Coloraturen" WC="0.79" CC="60000053006"/>
						<SP ID="P5_SP00002" HPOS="778" VPOS="325" WIDTH="33"/>
						<String ID="P5_ST00004" HPOS="811" VPOS="263" WIDTH="388" HEIGHT="58" CONTENT="hervorzuheben," WC="1.00" CC="60003260006000"/>
						<SP ID="P5_SP00003" HPOS="1199" VPOS="325" WIDTH="33"/>
						<String ID="P5_ST00005" HPOS="1232" VPOS="267" WIDTH="170" HEIGHT="48" CONTENT="welche" WC="0.99" CC="007040"/>
						<SP ID="P5_SP00004" HPOS="1402" VPOS="325" WIDTH="31"/>
						<String ID="P5_ST00006" HPOS="1433" VPOS="265" WIDTH="70" HEIGHT="51" CONTENT="die" WC="1.00" CC="010"/>
						<SP ID="P5_SP00005" HPOS="1503" VPOS="325" WIDTH="29"/>
						<String ID="P5_ST00007" HPOS="1532" VPOS="286" WIDTH="155" HEIGHT="47" CONTENT="grosse" WC="1.00" CC="020000"/>
					</TextLine>
					<TextLine ID="P5_TL00003" HPOS="162" VPOS="338" WIDTH="1522" HEIGHT="71">
						<String ID="P5_ST00008" HPOS="162" VPOS="338" WIDTH="110" HEIGHT="47" CONTENT="Arie" WC="0.99" CC="0200"/>
						<SP ID="P5_SP00006" HPOS="272" VPOS="385" WIDTH="31"/>
						<String ID="P5_ST00009" HPOS="303" VPOS="339" WIDTH="287" HEIGHT="48" CONTENT="umrankten." WC="0.99" CC="0340802060"/>
						<SP ID="P5_SP00007" HPOS="590" VPOS="387" WIDTH="34"/>
						<String ID="P5_ST00010" HPOS="624" VPOS="339" WIDTH="114" HEIGHT="48" CONTENT="Was" WC="1.00" CC="000"/>
						<SP ID="P5_SP00008" HPOS="738" VPOS="387" WIDTH="29"/>
						<String ID="P5_ST00011" HPOS="767" VPOS="340" WIDTH="92" HEIGHT="48" CONTENT="sich" WC="0.99" CC="0006"/>
						<SP ID="P5_SP00009" HPOS="859" VPOS="388" WIDTH="32"/>
						<String ID="P5_ST00012" HPOS="891" VPOS="340" WIDTH="69" HEIGHT="48" CONTENT="die" WC="1.00" CC="000"/>
						<SP ID="P5_SP00010" HPOS="960" VPOS="388" WIDTH="31"/>
						<String ID="P5_ST00013" HPOS="991" VPOS="341" WIDTH="221" HEIGHT="64" CONTENT="Sängerin" WC="0.99" CC="00500307"/>
						<SP ID="P5_SP00011" HPOS="1212" VPOS="405" WIDTH="29"/>
						<String ID="P5_ST00014" HPOS="1241" VPOS="360" WIDTH="212" HEIGHT="46" CONTENT="gewann," WC="1.00" CC="0000000"/>
						<SP ID="P5_SP00012" HPOS="1453" VPOS="406" WIDTH="31"/>
						<String ID="P5_ST00015" HPOS="1484" VPOS="345" WIDTH="106" HEIGHT="64" CONTENT="ging" WC="0.96" CC="0069"/>
						<SP ID="P5_SP00013" HPOS="1590" VPOS="409" WIDTH="30"/>
						<String ID="P5_ST00016" HPOS="1620" VPOS="347" WIDTH="43" HEIGHT="48" CONTENT="in" SUBS_TYPE="HypPart1" SUBS_CONTENT="indessen" WC="0.98" CC="04"/>
						<HYP HPOS="1663" VPOS="347" WIDTH="21" CONTENT="-"/>
					</TextLine>
					<TextLine ID="P5_TL00004" HPOS="160" VPOS="414" WIDTH="1524" HEIGHT="66">
						<String ID="P5_ST00017" HPOS="160" VPOS="414" WIDTH="160" HEIGHT="48" CONTENT="dessen" SUBS_TYPE="HypPart2" SUBS_CONTENT="indessen" WC="1.00" CC="000000"/>
						<SP ID="P5_SP00014" HPOS="320" VPOS="462" WIDTH="38"/>
						<String ID="P5_ST00018" HPOS="358" VPOS="414" WIDTH="216" HEIGHT="66" CONTENT="nirgends" WC="1.00" CC="00000100"/>
						<SP ID="P5_SP00015" HPOS="574" VPOS="480" WIDTH="31"/>
						<String ID="P5_ST00019" HPOS="605" VPOS="415" WIDTH="114" HEIGHT="50" CONTENT="über" WC="0.99" CC="0202"/>
						<SP ID="P5_SP00016" HPOS="719" VPOS="480" WIDTH="41"/>
						<String ID="P5_ST00020" HPOS="760" VPOS="418" WIDTH="131" HEIGHT="48" CONTENT="einen" WC="1.00" CC="00000"/>
						<SP ID="P5_SP00017" HPOS="891" VPOS="480" WIDTH="36"/>
						<String ID="P5_ST00021" HPOS="927" VPOS="433" WIDTH="153" HEIGHT="33" CONTENT="succes" WC="0.73" CC="521050" STYLEREFS="TXT_1"/>
						<SP ID="P5_SP00018" HPOS="1080" VPOS="480" WIDTH="24"/>
						<String ID="P5_ST00022" HPOS="1104" VPOS="416" WIDTH="202" HEIGHT="52" CONTENT="d'estime" WC="0.77" CC="00038023" STYLEREFS="TXT_1"/>
						<SP ID="P5_SP00019" HPOS="1306" VPOS="480" WIDTH="42"/>
						<String ID="P5_ST00023" HPOS="1348" VPOS="420" WIDTH="176" HEIGHT="57" CONTENT="hinaus," WC="0.99" CC="3503001"/>
						<SP ID="P5_SP00020" HPOS="1524" VPOS="480" WIDTH="43"/>
						<String ID="P5_ST00024" HPOS="1567" VPOS="423" WIDTH="117" HEIGHT="48" CONTENT="denn" WC="0.99" CC="0004"/>
					</TextLine>
					<TextLine ID="P5_TL00005" HPOS="163" VPOS="490" WIDTH="1523" HEIGHT="69">
						<String ID="P5_ST00025" HPOS="163" VPOS="490" WIDTH="148" HEIGHT="48" CONTENT="hinter" WC="0.99" CC="700000"/>
						<SP ID="P5_SP00021" HPOS="311" VPOS="538" WIDTH="28"/>
						<String ID="P5_ST00026" HPOS="339" VPOS="490" WIDTH="87" HEIGHT="50" CONTENT="den" WC="1.00" CC="000"/>
						<SP ID="P5_SP00022" HPOS="426" VPOS="540" WIDTH="32"/>
						<String ID="P5_ST00027" HPOS="458" VPOS="491" WIDTH="241" HEIGHT="65" CONTENT="Vorzügen" WC="0.99" CC="02560000"/>
						<SP ID="P5_SP00023" HPOS="699" VPOS="556" WIDTH="30"/>
						<String ID="P5_ST00028" HPOS="729" VPOS="493" WIDTH="80" HEIGHT="48" CONTENT="der" WC="0.99" CC="003"/>
						<SP ID="P5_SP00024" HPOS="809" VPOS="556" WIDTH="30"/>
						<String ID="P5_ST00029" HPOS="839" VPOS="494" WIDTH="198" HEIGHT="65" CONTENT="Bildung" WC="0.98" CC="6039540"/>
						<SP ID="P5_SP00025" HPOS="1037" VPOS="559" WIDTH="44"/>
						<String ID="P5_ST00030" HPOS="1081" VPOS="494" WIDTH="121" HEIGHT="49" CONTENT="blieb" WC="0.98" CC="16005"/>
						<SP ID="P5_SP00026" HPOS="1202" VPOS="559" WIDTH="30"/>
						<String ID="P5_ST00031" HPOS="1232" VPOS="495" WIDTH="70" HEIGHT="50" CONTENT="die" WC="0.99" CC="020"/>
						<SP ID="P5_SP00027" HPOS="1302" VPOS="559" WIDTH="29"/>
						<String ID="P5_ST00032" HPOS="1331" VPOS="498" WIDTH="149" HEIGHT="47" CONTENT="Natur" WC="0.99" CC="50040"/>
						<SP ID="P5_SP00028" HPOS="1480" VPOS="559" WIDTH="29"/>
						<String ID="P5_ST00033" HPOS="1509" VPOS="499" WIDTH="80" HEIGHT="48" CONTENT="mit" WC="0.99" CC="300"/>
						<SP ID="P5_SP00029" HPOS="1589" VPOS="559" WIDTH="28"/>
						<String ID="P5_ST00034" HPOS="1617" VPOS="499" WIDTH="46" HEIGHT="48" CONTENT="ih" SUBS_TYPE="HypPart1" SUBS_CONTENT="ihrer" WC="0.98" CC="00"/>
						<HYP HPOS="1663" VPOS="499" WIDTH="23" CONTENT="-"/>
					</TextLine>
					<TextLine ID="P5_TL00006" HPOS="159" VPOS="569" WIDTH="1527" HEIGHT="67">
						<String ID="P5_ST00035" HPOS="159" VPOS="585" WIDTH="75" HEIGHT="31" CONTENT="rer" SUBS_TYPE="HypPart2" SUBS_CONTENT="ihrer" WC="0.98" CC="301"/>
						<SP ID="P5_SP00030" HPOS="234" VPOS="616" WIDTH="32"/>
						<String ID="P5_ST00036" HPOS="266" VPOS="569" WIDTH="146" HEIGHT="48" CONTENT="Gunst" WC="0.98" CC="00707"/>
						<SP ID="P5_SP00031" HPOS="412" VPOS="617" WIDTH="26"/>
						<String ID="P5_ST00037" HPOS="438" VPOS="570" WIDTH="61" HEIGHT="46" CONTENT="im" WC="0.75" CC="05"/>
						<SP ID="P5_SP00032" HPOS="499" VPOS="617" WIDTH="32"/>
						<String ID="P5_ST00038" HPOS="531" VPOS="570" WIDTH="313" HEIGHT="50" CONTENT="Rückstände:" WC="1.00" CC="50000333003"/>
						<SP ID="P5_SP00033" HPOS="844" VPOS="620" WIDTH="43"/>
						<String ID="P5_ST00039" HPOS="887" VPOS="571" WIDTH="208" HEIGHT="65" CONTENT="lediglich" WC="1.00" CC="400000002"/>
						<SP ID="P5_SP00034" HPOS="1095" VPOS="636" WIDTH="41"/>
						<String ID="P5_ST00040" HPOS="1136" VPOS="589" WIDTH="80" HEIGHT="32" CONTENT="aus" WC="0.96" CC="243"/>
						<SP ID="P5_SP00035" HPOS="1216" VPOS="636" WIDTH="28"/>
						<String ID="P5_ST00041" HPOS="1244" VPOS="574" WIDTH="81" HEIGHT="48" CONTENT="der" WC="1.00" CC="010"/>
						<SP ID="P5_SP00036" HPOS="1325" VPOS="636" WIDTH="41"/>
						<String ID="P5_ST00042" HPOS="1366" VPOS="575" WIDTH="185" HEIGHT="48" CONTENT="vollsten" WC="0.99" CC="00202600"/>
						<SP ID="P5_SP00037" HPOS="1551" VPOS="636" WIDTH="43"/>
						<String ID="P5_ST00043" HPOS="1594" VPOS="576" WIDTH="92" HEIGHT="49" CONTENT="und" WC="0.98" CC="150"/>
					</TextLine>
					<TextLine ID="P5_TL00007" HPOS="158" VPOS="645" WIDTH="1528" HEIGHT="67">
						<String ID="P5_ST00044" HPOS="158" VPOS="645" WIDTH="225" HEIGHT="65" CONTENT="innigsten" WC="1.00" CC="002007000"/>
						<SP ID="P5_SP00038" HPOS="383" VPOS="710" WIDTH="41"/>
						<String ID="P5_ST00045" HPOS="424" VPOS="646" WIDTH="436" HEIGHT="66" CONTENT="Wechselwirkung" WC="1.00" CC="00061000000000"/>
						<SP ID="P5_SP00039" HPOS="860" VPOS="712" WIDTH="50"/>
						<String ID="P5_ST00046" HPOS="910" VPOS="649" WIDTH="146" HEIGHT="48" CONTENT="dieser" WC="0.99" CC="000403"/>
						<SP ID="P5_SP00040" HPOS="1056" VPOS="712" WIDTH="49"/>
						<String ID="P5_ST00047" HPOS="1105" VPOS="649" WIDTH="163" HEIGHT="49" CONTENT="beiden" WC="1.00" CC="001001"/>
						<SP ID="P5_SP00041" HPOS="1268" VPOS="712" WIDTH="44"/>
						<String ID="P5_ST00048" HPOS="1312" VPOS="653" WIDTH="225" HEIGHT="48" CONTENT="Factoren" WC="0.90" CC="00052000"/>
						<SP ID="P5_SP00042" HPOS="1537" VPOS="712" WIDTH="52"/>
						<String ID="P5_ST00049" HPOS="1589" VPOS="661" WIDTH="73" HEIGHT="41" CONTENT="ent" SUBS_TYPE="HypPart1" SUBS_CONTENT="entspringt" WC="1.00" CC="000"/>
						<HYP HPOS="1662" VPOS="661" WIDTH="24" CONTENT="-"/>
					</TextLine>
					<TextLine ID="P5_TL00008" HPOS="158" VPOS="722" WIDTH="1529" HEIGHT="69">
						<String ID="P5_ST00050" HPOS="158" VPOS="722" WIDTH="176" HEIGHT="65" CONTENT="springt" SUBS_TYPE="HypPart2" SUBS_CONTENT="entspringt" WC="0.98" CC="0060493"/>
						<SP ID="P5_SP00043" HPOS="334" VPOS="787" WIDTH="42"/>
						<String ID="P5_ST00051" HPOS="376" VPOS="722" WIDTH="112" HEIGHT="50" CONTENT="aber" WC="0.99" CC="0400"/>
						<SP ID="P5_SP00044" HPOS="488" VPOS="787" WIDTH="42"/>
						<String ID="P5_ST00052" HPOS="530" VPOS="725" WIDTH="71" HEIGHT="48" CONTENT="die" WC="1.00" CC="000"/>
						<SP ID="P5_SP00045" HPOS="601" VPOS="787" WIDTH="43"/>
						<String ID="P5_ST00053" HPOS="644" VPOS="725" WIDTH="79" HEIGHT="50" CONTENT="das" WC="0.98" CC="004"/>
						<SP ID="P5_SP00046" HPOS="723" VPOS="787" WIDTH="30"/>
						<String ID="P5_ST00054" HPOS="753" VPOS="726" WIDTH="172" HEIGHT="49" CONTENT="Gefühl" WC="0.99" CC="000066"/>
						<SP ID="P5_SP00047" HPOS="925" VPOS="787" WIDTH="39"/>
						<String ID="P5_ST00055" HPOS="964" VPOS="726" WIDTH="351" HEIGHT="65" CONTENT="überzeugende" WC="1.00" CC="050050100300"/>
						<SP ID="P5_SP00048" HPOS="1315" VPOS="791" WIDTH="44"/>
						<String ID="P5_ST00056" HPOS="1359" VPOS="729" WIDTH="328" HEIGHT="49" CONTENT="künstlerische" WC="1.00" CC="0000400002000"/>
					</TextLine>
					<TextLine ID="P5_TL00009" HPOS="158" VPOS="800" WIDTH="1526" HEIGHT="70">
						<String ID="P5_ST00057" HPOS="158" VPOS="800" WIDTH="198" HEIGHT="49" CONTENT="Illusion." WC="0.99" CC="564023153"/>
						<SP ID="P5_SP00049" HPOS="356" VPOS="849" WIDTH="32"/>
						<String ID="P5_ST00058" HPOS="388" VPOS="801" WIDTH="85" HEIGHT="48" CONTENT="Die" WC="0.99" CC="020"/>
						<SP ID="P5_SP00050" HPOS="473" VPOS="849" WIDTH="30"/>
						<String ID="P5_ST00059" HPOS="503" VPOS="802" WIDTH="249" HEIGHT="47" CONTENT="materielle" WC="1.00" CC="6000000510"/>
						<SP ID="P5_SP00051" HPOS="752" VPOS="849" WIDTH="23"/>
						<String ID="P5_ST00060" HPOS="775" VPOS="802" WIDTH="469" HEIGHT="65" CONTENT="Leistungsfähigkeit" WC="1.00" CC="000070402006100000"/>
						<SP ID="P5_SP00052" HPOS="1244" VPOS="867" WIDTH="30"/>
						<String ID="P5_ST00061" HPOS="1274" VPOS="804" WIDTH="76" HEIGHT="49" CONTENT="des" WC="1.00" CC="000"/>
						<SP ID="P5_SP00053" HPOS="1350" VPOS="867" WIDTH="24"/>
						<String ID="P5_ST00062" HPOS="1374" VPOS="805" WIDTH="185" HEIGHT="65" CONTENT="Organs" WC="0.98" CC="509060"/>
						<SP ID="P5_SP00054" HPOS="1559" VPOS="870" WIDTH="29"/>
						<String ID="P5_ST00063" HPOS="1588" VPOS="823" WIDTH="96" HEIGHT="33" CONTENT="war" WC="1.00" CC="000"/>
					</TextLine>
					<TextLine ID="P5_TL00010" HPOS="158" VPOS="877" WIDTH="1528" HEIGHT="68">
						<String ID="P5_ST00064" HPOS="158" VPOS="877" WIDTH="117" HEIGHT="49" CONTENT="auch" WC="0.98" CC="0506"/>
						<SP ID="P5_SP00055" HPOS="275" VPOS="926" WIDTH="25"/>
						<String ID="P5_ST00065" HPOS="300" VPOS="877" WIDTH="187" HEIGHT="50" CONTENT="diesmal" WC="0.99" CC="0500300"/>
						<SP ID="P5_SP00056" HPOS="487" VPOS="927" WIDTH="26"/>
						<String ID="P5_ST00066" HPOS="513" VPOS="879" WIDTH="80" HEIGHT="48" CONTENT="der" WC="1.00" CC="000"/>
						<SP ID="P5_SP00057" HPOS="593" VPOS="927" WIDTH="23"/>
						<String ID="P5_ST00067" HPOS="616" VPOS="880" WIDTH="216" HEIGHT="63" CONTENT="Aufgabe" WC="1.00" CC="0240000"/>
						<SP ID="P5_SP00058" HPOS="832" VPOS="943" WIDTH="26"/>
						<String ID="P5_ST00068" HPOS="858" VPOS="880" WIDTH="123" HEIGHT="48" CONTENT="nicht" WC="0.99" CC="00060"/>
						<SP ID="P5_SP00059" HPOS="981" VPOS="943" WIDTH="28"/>
						<String ID="P5_ST00069" HPOS="1009" VPOS="882" WIDTH="288" HEIGHT="63" CONTENT="gewachsen," WC="1.00" CC="0000020053"/>
						<SP ID="P5_SP00060" HPOS="1297" VPOS="945" WIDTH="30"/>
						<String ID="P5_ST00070" HPOS="1327" VPOS="882" WIDTH="93" HEIGHT="49" CONTENT="und" WC="0.98" CC="050"/>
						<SP ID="P5_SP00061" HPOS="1420" VPOS="945" WIDTH="29"/>
						<String ID="P5_ST00071" HPOS="1449" VPOS="882" WIDTH="138" HEIGHT="50" CONTENT="selbst" WC="0.99" CC="302400"/>
						<SP ID="P5_SP00062" HPOS="1587" VPOS="945" WIDTH="29"/>
						<String ID="P5_ST00072" HPOS="1616" VPOS="885" WIDTH="70" HEIGHT="48" CONTENT="die" WC="1.00" CC="000"/>
					</TextLine>
					<TextLine ID="P5_TL00011" HPOS="158" VPOS="955" WIDTH="1530" HEIGHT="70">
						<String ID="P5_ST00073" HPOS="158" VPOS="955" WIDTH="159" HEIGHT="48" CONTENT="besten" WC="0.98" CC="600604"/>
						<SP ID="P5_SP00063" HPOS="317" VPOS="1003" WIDTH="29"/>
						<String ID="P5_ST00074" HPOS="346" VPOS="956" WIDTH="285" HEIGHT="48" CONTENT="Intentionen" WC="1.00" CC="55000103200"/>
						<SP ID="P5_SP00064" HPOS="631" VPOS="1004" WIDTH="31"/>
						<String ID="P5_ST00075" HPOS="662" VPOS="955" WIDTH="77" HEIGHT="49" CONTENT="des" WC="1.00" CC="000"/>
						<SP ID="P5_SP00065" HPOS="739" VPOS="1004" WIDTH="32"/>
						<String ID="P5_ST00076" HPOS="771" VPOS="957" WIDTH="248" HEIGHT="65" CONTENT="Vortrages" WC="1.00" CC="000450003"/>
						<SP ID="P5_SP00066" HPOS="1019" VPOS="1022" WIDTH="29"/>
						<String ID="P5_ST00077" HPOS="1048" VPOS="960" WIDTH="245" HEIGHT="65" CONTENT="gelangten" WC="0.99" CC="905500000"/>
						<SP ID="P5_SP00067" HPOS="1293" VPOS="1025" WIDTH="31"/>
						<String ID="P5_ST00078" HPOS="1324" VPOS="959" WIDTH="210" HEIGHT="49" CONTENT="desshalb" WC="0.84" CC="00006024"/>
						<SP ID="P5_SP00068" HPOS="1534" VPOS="1025" WIDTH="31"/>
						<String ID="P5_ST00079" HPOS="1565" VPOS="961" WIDTH="123" HEIGHT="48" CONTENT="nicht" WC="0.99" CC="60010"/>
					</TextLine>
					<TextLine ID="P5_TL00012" HPOS="157" VPOS="1034" WIDTH="1530" HEIGHT="67">
						<String ID="P5_ST00080" HPOS="157" VPOS="1049" WIDTH="78" HEIGHT="32" CONTENT="zur" WC="0.97" CC="503"/>
						<SP ID="P5_SP00069" HPOS="235" VPOS="1081" WIDTH="41"/>
						<String ID="P5_ST00081" HPOS="276" VPOS="1034" WIDTH="187" HEIGHT="47" CONTENT="sinnlich" WC="0.99" CC="00254014"/>
						<SP ID="P5_SP00070" HPOS="463" VPOS="1081" WIDTH="44"/>
						<String ID="P5_ST00082" HPOS="507" VPOS="1034" WIDTH="199" HEIGHT="48" CONTENT="schönen" WC="0.99" CC="3060601"/>
						<SP ID="P5_SP00071" HPOS="706" VPOS="1082" WIDTH="31"/>
						<String ID="P5_ST00083" HPOS="737" VPOS="1035" WIDTH="335" HEIGHT="66" CONTENT="Erscheinung," WC="1.00" CC="012070000403"/>
						<SP ID="P5_SP00072" HPOS="1072" VPOS="1101" WIDTH="43"/>
						<String ID="P5_ST00084" HPOS="1115" VPOS="1053" WIDTH="85" HEIGHT="33" CONTENT="von" WC="1.00" CC="000"/>
						<SP ID="P5_SP00073" HPOS="1200" VPOS="1101" WIDTH="42"/>
						<String ID="P5_ST00085" HPOS="1242" VPOS="1036" WIDTH="82" HEIGHT="50" CONTENT="der" WC="1.00" CC="000"/>
						<SP ID="P5_SP00074" HPOS="1324" VPOS="1101" WIDTH="42"/>
						<String ID="P5_ST00086" HPOS="1366" VPOS="1036" WIDTH="114" HEIGHT="50" CONTENT="doch" WC="0.96" CC="9402"/>
						<SP ID="P5_SP00075" HPOS="1480" VPOS="1101" WIDTH="46"/>
						<String ID="P5_ST00087" HPOS="1526" VPOS="1039" WIDTH="161" HEIGHT="48" CONTENT="zuletzt" WC="0.99" CC="7000560"/>
					</TextLine>
					<TextLine ID="P5_TL00013" HPOS="158" VPOS="1110" WIDTH="1528" HEIGHT="67">
						<String ID="P5_ST00088" HPOS="158" VPOS="1110" WIDTH="123" HEIGHT="48" CONTENT="Alles" WC="0.98" CC="70603"/>
						<SP ID="P5_SP00076" HPOS="281" VPOS="1158" WIDTH="38"/>
						<String ID="P5_ST00089" HPOS="319" VPOS="1110" WIDTH="219" HEIGHT="66" CONTENT="abhängt." WC="0.99" CC="03000052"/>
						<SP ID="P5_SP00077" HPOS="538" VPOS="1176" WIDTH="57"/>
						<String ID="P5_ST00090" HPOS="595" VPOS="1111" WIDTH="242" HEIGHT="48" CONTENT="Oberhalb" WC="0.99" CC="25000146"/>
						<SP ID="P5_SP00078" HPOS="837" VPOS="1176" WIDTH="31"/>
						<String ID="P5_ST00091" HPOS="868" VPOS="1111" WIDTH="77" HEIGHT="50" CONTENT="des" WC="0.98" CC="004"/>
						<SP ID="P5_SP00079" HPOS="945" VPOS="1176" WIDTH="28"/>
						<String ID="P5_ST00092" HPOS="973" VPOS="1114" WIDTH="429" HEIGHT="63" CONTENT="zweigestrichenen" WC="1.00" CC="5001000600020005"/>
						<SP ID="P5_SP00080" HPOS="1402" VPOS="1177" WIDTH="85"/>
						<String ID="P5_ST00093" HPOS="1487" VPOS="1114" WIDTH="199" HEIGHT="50" CONTENT="mischen" WC="0.99" CC="4000550"/>
					</TextLine>
					<TextLine ID="P5_TL00014" HPOS="157" VPOS="1187" WIDTH="1529" HEIGHT="69">
						<String ID="P5_ST00094" HPOS="157" VPOS="1187" WIDTH="92" HEIGHT="49" CONTENT="sich" WC="0.98" CC="0106"/>
						<SP ID="P5_SP00081" HPOS="249" VPOS="1236" WIDTH="32"/>
						<String ID="P5_ST00095" HPOS="281" VPOS="1187" WIDTH="103" HEIGHT="49" CONTENT="dem" WC="0.99" CC="001"/>
						<SP ID="P5_SP00082" HPOS="384" VPOS="1236" WIDTH="32"/>
						<String ID="P5_ST00096" HPOS="416" VPOS="1189" WIDTH="127" HEIGHT="48" CONTENT="Tone" WC="0.98" CC="0530"/>
						<SP ID="P5_SP00083" HPOS="543" VPOS="1237" WIDTH="38"/>
						<String ID="P5_ST00097" HPOS="581" VPOS="1187" WIDTH="298" HEIGHT="51" CONTENT="bedenkliche" WC="1.00" CC="50006000060"/>
						<SP ID="P5_SP00084" HPOS="879" VPOS="1238" WIDTH="31"/>
						<String ID="P5_ST00098" HPOS="910" VPOS="1190" WIDTH="179" HEIGHT="65" CONTENT="Spuren" WC="1.00" CC="000005"/>
						<SP ID="P5_SP00085" HPOS="1089" VPOS="1255" WIDTH="31"/>
						<String ID="P5_ST00099" HPOS="1120" VPOS="1190" WIDTH="80" HEIGHT="49" CONTENT="der" WC="0.99" CC="001"/>
						<SP ID="P5_SP00086" HPOS="1200" VPOS="1255" WIDTH="30"/>
						<String ID="P5_ST00100" HPOS="1230" VPOS="1192" WIDTH="329" HEIGHT="64" CONTENT="Anstrengung" WC="1.00" CC="50040000250"/>
						<SP ID="P5_SP00087" HPOS="1559" VPOS="1256" WIDTH="39"/>
						<String ID="P5_ST00101" HPOS="1598" VPOS="1191" WIDTH="88" HEIGHT="60" CONTENT="bei," WC="0.99" CC="0003"/>
					</TextLine>
					<TextLine ID="P5_TL00015" HPOS="157" VPOS="1263" WIDTH="1530" HEIGHT="72">
						<String ID="P5_ST00102" HPOS="157" VPOS="1263" WIDTH="111" HEIGHT="51" CONTENT="aber" WC="0.97" CC="1605"/>
						<SP ID="P5_SP00088" HPOS="268" VPOS="1314" WIDTH="31"/>
						<String ID="P5_ST00103" HPOS="299" VPOS="1266" WIDTH="115" HEIGHT="48" CONTENT="auch" WC="0.98" CC="0503"/>
						<SP ID="P5_SP00089" HPOS="414" VPOS="1314" WIDTH="32"/>
						<String ID="P5_ST00104" HPOS="446" VPOS="1266" WIDTH="43" HEIGHT="48" CONTENT="in" WC="1.00" CC="00"/>
						<SP ID="P5_SP00090" HPOS="489" VPOS="1314" WIDTH="31"/>
						<String ID="P5_ST00105" HPOS="520" VPOS="1266" WIDTH="81" HEIGHT="48" CONTENT="der" WC="0.97" CC="026"/>
						<SP ID="P5_SP00091" HPOS="601" VPOS="1314" WIDTH="30"/>
						<String ID="P5_ST00106" HPOS="631" VPOS="1267" WIDTH="249" HEIGHT="65" CONTENT="Mittellage" WC="0.99" CC="9055036200"/>
						<SP ID="P5_SP00092" HPOS="880" VPOS="1332" WIDTH="36"/>
						<String ID="P5_ST00107" HPOS="916" VPOS="1269" WIDTH="55" HEIGHT="47" CONTENT="ist" WC="0.96" CC="064"/>
						<SP ID="P5_SP00093" HPOS="971" VPOS="1332" WIDTH="30"/>
						<String ID="P5_ST00108" HPOS="1001" VPOS="1267" WIDTH="71" HEIGHT="50" CONTENT="die" WC="1.00" CC="000"/>
						<SP ID="P5_SP00094" HPOS="1072" VPOS="1332" WIDTH="40"/>
						<String ID="P5_ST00109" HPOS="1112" VPOS="1269" WIDTH="270" HEIGHT="66" CONTENT="eigentliche" WC="1.00" CC="00020300050"/>
						<SP ID="P5_SP00095" HPOS="1382" VPOS="1335" WIDTH="31"/>
						<String ID="P5_ST00110" HPOS="1413" VPOS="1270" WIDTH="162" HEIGHT="49" CONTENT="Blüthe" WC="0.64" CC="620660"/>
						<SP ID="P5_SP00096" HPOS="1575" VPOS="1335" WIDTH="31"/>
						<String ID="P5_ST00111" HPOS="1606" VPOS="1270" WIDTH="81" HEIGHT="49" CONTENT="der" WC="0.99" CC="002"/>
					</TextLine>
					<TextLine ID="P5_TL00016" HPOS="158" VPOS="1342" WIDTH="503" HEIGHT="66">
						<String ID="P5_ST00112" HPOS="158" VPOS="1342" WIDTH="193" HEIGHT="50" CONTENT="Stimme" WC="0.99" CC="020540"/>
						<SP ID="P5_SP00097" HPOS="351" VPOS="1392" WIDTH="29"/>
						<String ID="P5_ST00113" HPOS="380" VPOS="1342" WIDTH="281" HEIGHT="66" CONTENT="gebrochen." WC="1.00" CC="0005100004"/>
					</TextLine>
					<TextLine ID="P5_TL00017" HPOS="278" VPOS="1421" WIDTH="1408" HEIGHT="65">
						<String ID="P5_ST00114" HPOS="278" VPOS="1421" WIDTH="213" HEIGHT="48" CONTENT="Fräulein" WC="0.99" CC="31820002"/>
						<SP ID="P5_SP00098" HPOS="491" VPOS="1469" WIDTH="29"/>
						<String ID="P5_ST00115" HPOS="520" VPOS="1421" WIDTH="147" HEIGHT="48" CONTENT="Bähr" WC="0.69" CC="6302"/>
						<SP ID="P5_SP00099" HPOS="667" VPOS="1469" WIDTH="28"/>
						<String ID="P5_ST00116" HPOS="695" VPOS="1421" WIDTH="91" HEIGHT="65" CONTENT="gab" WC="0.95" CC="903"/>
						<SP ID="P5_SP00100" HPOS="786" VPOS="1486" WIDTH="31"/>
						<String ID="P5_ST00117" HPOS="817" VPOS="1421" WIDTH="86" HEIGHT="49" CONTENT="den" WC="1.00" CC="000"/>
						<SP ID="P5_SP00101" HPOS="903" VPOS="1486" WIDTH="31"/>
						<String ID="P5_ST00118" HPOS="934" VPOS="1421" WIDTH="181" HEIGHT="51" CONTENT="Orsino." WC="0.60" CC="4390314"/>
						<SP ID="P5_SP00102" HPOS="1115" VPOS="1486" WIDTH="50"/>
						<String ID="P5_ST00119" HPOS="1165" VPOS="1423" WIDTH="65" HEIGHT="47" CONTENT="Im" WC="0.43" CC="56"/>
						<SP ID="P5_SP00103" HPOS="1230" VPOS="1486" WIDTH="34"/>
						<String ID="P5_ST00120" HPOS="1264" VPOS="1425" WIDTH="193" HEIGHT="48" CONTENT="Ansätze" WC="0.98" CC="6050560"/>
						<SP ID="P5_SP00104" HPOS="1457" VPOS="1486" WIDTH="30"/>
						<String ID="P5_ST00121" HPOS="1487" VPOS="1423" WIDTH="78" HEIGHT="49" CONTENT="des" WC="1.00" CC="000"/>
						<SP ID="P5_SP00105" HPOS="1565" VPOS="1486" WIDTH="29"/>
						<String ID="P5_ST00122" HPOS="1594" VPOS="1425" WIDTH="62" HEIGHT="49" CONTENT="To" SUBS_TYPE="HypPart1" SUBS_CONTENT="Tones," WC="0.99" CC="00"/>
						<HYP HPOS="1656" VPOS="1425" WIDTH="30" CONTENT="-"/>
					</TextLine>
					<TextLine ID="P5_TL00018" HPOS="158" VPOS="1497" WIDTH="1529" HEIGHT="69">
						<String ID="P5_ST00123" HPOS="158" VPOS="1514" WIDTH="98" HEIGHT="42" CONTENT="nes," SUBS_TYPE="HypPart2" SUBS_CONTENT="Tones," WC="0.97" CC="6033"/>
						<SP ID="P5_SP00106" HPOS="256" VPOS="1556" WIDTH="43"/>
						<String ID="P5_ST00124" HPOS="299" VPOS="1497" WIDTH="78" HEIGHT="50" CONTENT="der" WC="0.99" CC="001"/>
						<SP ID="P5_SP00107" HPOS="377" VPOS="1556" WIDTH="45"/>
						<String ID="P5_ST00125" HPOS="422" VPOS="1498" WIDTH="307" HEIGHT="66" CONTENT="Aussprache," WC="0.99" CC="74000320601"/>
						<SP ID="P5_SP00108" HPOS="729" VPOS="1564" WIDTH="43"/>
						<String ID="P5_ST00126" HPOS="772" VPOS="1498" WIDTH="82" HEIGHT="50" CONTENT="der" WC="0.99" CC="020"/>
						<SP ID="P5_SP00109" HPOS="854" VPOS="1564" WIDTH="43"/>
						<String ID="P5_ST00127" HPOS="897" VPOS="1498" WIDTH="282" HEIGHT="68" CONTENT="Gliederung" WC="1.00" CC="0300003400"/>
						<SP ID="P5_SP00110" HPOS="1179" VPOS="1566" WIDTH="42"/>
						<String ID="P5_ST00128" HPOS="1221" VPOS="1500" WIDTH="80" HEIGHT="49" CONTENT="der" WC="1.00" CC="000"/>
						<SP ID="P5_SP00111" HPOS="1301" VPOS="1566" WIDTH="42"/>
						<String ID="P5_ST00129" HPOS="1343" VPOS="1502" WIDTH="344" HEIGHT="50" CONTENT="musicalischen" WC="1.00" CC="6002000000000"/>
					</TextLine>
					<TextLine ID="P5_TL00019" HPOS="158" VPOS="1575" WIDTH="1528" HEIGHT="68">
						<String ID="P5_ST00130" HPOS="158" VPOS="1575" WIDTH="174" HEIGHT="49" CONTENT="Phrase" WC="0.99" CC="063000"/>
						<SP ID="P5_SP00112" HPOS="332" VPOS="1624" WIDTH="40"/>
						<String ID="P5_ST00131" HPOS="372" VPOS="1576" WIDTH="94" HEIGHT="48" CONTENT="und" WC="0.97" CC="060"/>
						<SP ID="P5_SP00113" HPOS="466" VPOS="1624" WIDTH="40"/>
						<String ID="P5_ST00132" HPOS="506" VPOS="1592" WIDTH="77" HEIGHT="33" CONTENT="vor" WC="0.99" CC="021"/>
						<SP ID="P5_SP00114" HPOS="583" VPOS="1625" WIDTH="32"/>
						<String ID="P5_ST00133" HPOS="615" VPOS="1577" WIDTH="149" HEIGHT="48" CONTENT="Allem" WC="0.98" CC="33404"/>
						<SP ID="P5_SP00115" HPOS="764" VPOS="1625" WIDTH="30"/>
						<String ID="P5_ST00134" HPOS="794" VPOS="1577" WIDTH="81" HEIGHT="48" CONTENT="der" WC="0.98" CC="004"/>
						<SP ID="P5_SP00116" HPOS="875" VPOS="1625" WIDTH="40"/>
						<String ID="P5_ST00135" HPOS="915" VPOS="1577" WIDTH="218" HEIGHT="65" CONTENT="geistigen" WC="1.00" CC="000030000"/>
						<SP ID="P5_SP00117" HPOS="1133" VPOS="1642" WIDTH="32"/>
						<String ID="P5_ST00136" HPOS="1165" VPOS="1577" WIDTH="240" HEIGHT="66" CONTENT="Belebung" WC="0.99" CC="40301100"/>
						<SP ID="P5_SP00118" HPOS="1405" VPOS="1643" WIDTH="28"/>
						<String ID="P5_ST00137" HPOS="1433" VPOS="1577" WIDTH="79" HEIGHT="50" CONTENT="des" WC="1.00" CC="000"/>
						<SP ID="P5_SP00119" HPOS="1512" VPOS="1643" WIDTH="29"/>
						<String ID="P5_ST00138" HPOS="1541" VPOS="1580" WIDTH="116" HEIGHT="48" CONTENT="Mate" SUBS_TYPE="HypPart1" SUBS_CONTENT="Materials" WC="1.00" CC="0000"/>
						<HYP HPOS="1657" VPOS="1580" WIDTH="29" CONTENT="-"/>
					</TextLine>
					<TextLine ID="P5_TL00020" HPOS="159" VPOS="1653" WIDTH="1525" HEIGHT="52">
						<String ID="P5_ST00139" HPOS="159" VPOS="1653" WIDTH="105" HEIGHT="49" CONTENT="rials" SUBS_TYPE="HypPart2" SUBS_CONTENT="Materials" WC="0.98" CC="04060"/>
						<SP ID="P5_SP00120" HPOS="264" VPOS="1702" WIDTH="30"/>
						<String ID="P5_ST00140" HPOS="294" VPOS="1670" WIDTH="96" HEIGHT="32" CONTENT="war" WC="0.99" CC="003"/>
						<SP ID="P5_SP00121" HPOS="390" VPOS="1702" WIDTH="28"/>
						<String ID="P5_ST00141" HPOS="418" VPOS="1655" WIDTH="73" HEIGHT="48" CONTENT="ein" WC="0.98" CC="004"/>
						<SP ID="P5_SP00122" HPOS="491" VPOS="1703" WIDTH="29"/>
						<String ID="P5_ST00142" HPOS="520" VPOS="1655" WIDTH="296" HEIGHT="48" CONTENT="erfreulicher" WC="1.00" CC="000001600100"/>
						<SP ID="P5_SP00123" HPOS="816" VPOS="1703" WIDTH="29"/>
						<String ID="P5_ST00143" HPOS="845" VPOS="1655" WIDTH="273" HEIGHT="49" CONTENT="Fortschritt" WC="1.00" CC="00160060004"/>
						<SP ID="P5_SP00124" HPOS="1118" VPOS="1704" WIDTH="39"/>
						<String ID="P5_ST00144" HPOS="1157" VPOS="1655" WIDTH="123" HEIGHT="49" CONTENT="nicht" WC="0.99" CC="00044"/>
						<SP ID="P5_SP00125" HPOS="1280" VPOS="1704" WIDTH="36"/>
						<String ID="P5_ST00145" HPOS="1316" VPOS="1672" WIDTH="52" HEIGHT="31" CONTENT="zu" WC="0.67" CC="42"/>
						<SP ID="P5_SP00126" HPOS="1368" VPOS="1704" WIDTH="42"/>
						<String ID="P5_ST00146" HPOS="1410" VPOS="1656" WIDTH="274" HEIGHT="49" CONTENT="verkennen." WC="1.00" CC="0000004013"/>
					</TextLine>
					<TextLine ID="P5_TL00021" HPOS="158" VPOS="1731" WIDTH="1526" HEIGHT="68">
						<String ID="P5_ST00147" HPOS="158" VPOS="1731" WIDTH="160" HEIGHT="49" CONTENT="Durch" WC="1.00" CC="20000"/>
						<SP ID="P5_SP00127" HPOS="318" VPOS="1780" WIDTH="24"/>
						<String ID="P5_ST00148" HPOS="342" VPOS="1732" WIDTH="99" HEIGHT="48" CONTENT="eine" WC="1.00" CC="0020"/>
						<SP ID="P5_SP00128" HPOS="441" VPOS="1780" WIDTH="23"/>
						<String ID="P5_ST00149" HPOS="464" VPOS="1732" WIDTH="146" HEIGHT="50" CONTENT="Reihe" WC="0.98" CC="40070"/>
						<SP ID="P5_SP00129" HPOS="610" VPOS="1782" WIDTH="23"/>
						<String ID="P5_ST00150" HPOS="633" VPOS="1733" WIDTH="240" HEIGHT="65" CONTENT="gefälliger" WC="1.00" CC="0000010000"/>
						<SP ID="P5_SP00130" HPOS="873" VPOS="1798" WIDTH="23"/>
						<String ID="P5_ST00151" HPOS="896" VPOS="1733" WIDTH="571" HEIGHT="65" CONTENT="Vortragsschattirungen" WC="0.73" CC="000656020060550000907"/>
						<SP ID="P5_SP00131" HPOS="1467" VPOS="1798" WIDTH="22"/>
						<String ID="P5_ST00152" HPOS="1489" VPOS="1751" WIDTH="195" HEIGHT="48" CONTENT="gewann" WC="0.99" CC="000043"/>
					</TextLine>
					<TextLine ID="P5_TL00022" HPOS="157" VPOS="1810" WIDTH="1394" HEIGHT="50">
						<String ID="P5_ST00153" HPOS="157" VPOS="1810" WIDTH="92" HEIGHT="48" CONTENT="sich" WC="0.99" CC="0006"/>
						<SP ID="P5_SP00132" HPOS="249" VPOS="1858" WIDTH="31"/>
						<String ID="P5_ST00154" HPOS="280" VPOS="1811" WIDTH="278" HEIGHT="48" CONTENT="namentlich" WC="1.00" CC="0200003103"/>
						<SP ID="P5_SP00133" HPOS="558" VPOS="1859" WIDTH="30"/>
						<String ID="P5_ST00155" HPOS="588" VPOS="1810" WIDTH="79" HEIGHT="49" CONTENT="das" WC="1.00" CC="000"/>
						<SP ID="P5_SP00134" HPOS="667" VPOS="1859" WIDTH="29"/>
						<String ID="P5_ST00156" HPOS="696" VPOS="1811" WIDTH="236" HEIGHT="48" CONTENT="Trinklied" WC="1.00" CC="010401000"/>
						<SP ID="P5_SP00135" HPOS="932" VPOS="1859" WIDTH="30"/>
						<String ID="P5_ST00157" HPOS="962" VPOS="1811" WIDTH="282" HEIGHT="49" CONTENT="freundliche" WC="1.00" CC="31002000060"/>
						<SP ID="P5_SP00136" HPOS="1244" VPOS="1860" WIDTH="29"/>
						<String ID="P5_ST00158" HPOS="1273" VPOS="1811" WIDTH="278" HEIGHT="49" CONTENT="Aufnahme." WC="0.99" CC="508006504"/>
					</TextLine>
					<TextLine ID="P5_TL00023" HPOS="275" VPOS="1886" WIDTH="1409" HEIGHT="67">
						<String ID="P5_ST00159" HPOS="275" VPOS="1887" WIDTH="90" HEIGHT="48" CONTENT="Am" WC="0.67" CC="06"/>
						<SP ID="P5_SP00137" HPOS="365" VPOS="1935" WIDTH="35"/>
						<String ID="P5_ST00160" HPOS="400" VPOS="1886" WIDTH="84" HEIGHT="51" CONTENT="18." WC="0.72" CC="304"/>
						<SP ID="P5_SP00138" HPOS="484" VPOS="1937" WIDTH="31"/>
						<String ID="P5_ST00161" HPOS="515" VPOS="1887" WIDTH="263" HEIGHT="48" CONTENT="November" WC="1.00" CC="00006000"/>
						<SP ID="P5_SP00139" HPOS="778" VPOS="1937" WIDTH="29"/>
						<String ID="P5_ST00162" HPOS="807" VPOS="1887" WIDTH="91" HEIGHT="65" CONTENT="gab" WC="0.93" CC="935"/>
						<SP ID="P5_SP00140" HPOS="898" VPOS="1952" WIDTH="31"/>
						<String ID="P5_ST00163" HPOS="929" VPOS="1888" WIDTH="122" HEIGHT="49" CONTENT="Herr" WC="0.99" CC="3030"/>
						<SP ID="P5_SP00141" HPOS="1051" VPOS="1952" WIDTH="28"/>
						<String ID="P5_ST00164" HPOS="1079" VPOS="1888" WIDTH="212" HEIGHT="65" CONTENT="Joseph" WC="0.99" CC="000007"/>
						<SP ID="P5_SP00142" HPOS="1291" VPOS="1953" WIDTH="28"/>
						<String ID="P5_ST00165" HPOS="1319" VPOS="1888" WIDTH="265" HEIGHT="49" CONTENT="Joachim" WC="1.00" CC="0000106"/>
						<SP ID="P5_SP00143" HPOS="1584" VPOS="1953" WIDTH="29"/>
						<String ID="P5_ST00166" HPOS="1613" VPOS="1890" WIDTH="71" HEIGHT="48" CONTENT="ein" WC="1.00" CC="001"/>
					</TextLine>
					<TextLine ID="P5_TL00024" HPOS="159" VPOS="1965" WIDTH="1527" HEIGHT="66">
						<String ID="P5_ST00167" HPOS="159" VPOS="1965" WIDTH="198" HEIGHT="49" CONTENT="Concert" WC="0.92" CC="5000000"/>
						<SP ID="P5_SP00144" HPOS="357" VPOS="2014" WIDTH="28"/>
						<String ID="P5_ST00168" HPOS="385" VPOS="1966" WIDTH="46" HEIGHT="48" CONTENT="in" WC="0.67" CC="06"/>
						<SP ID="P5_SP00145" HPOS="431" VPOS="2014" WIDTH="28"/>
						<String ID="P5_ST00169" HPOS="459" VPOS="1965" WIDTH="82" HEIGHT="49" CONTENT="der" WC="0.97" CC="700"/>
						<SP ID="P5_SP00146" HPOS="541" VPOS="2014" WIDTH="21"/>
						<String ID="P5_ST00170" HPOS="562" VPOS="1965" WIDTH="411" HEIGHT="64" CONTENT="Sing-Akademie." WC="0.78" CC="00602640006004"/>
						<SP ID="P5_SP00147" HPOS="973" VPOS="2029" WIDTH="31"/>
						<String ID="P5_ST00171" HPOS="1004" VPOS="1966" WIDTH="66" HEIGHT="47" CONTENT="Er" WC="1.00" CC="00"/>
						<SP ID="P5_SP00148" HPOS="1070" VPOS="2029" WIDTH="20"/>
						<String ID="P5_ST00172" HPOS="1090" VPOS="1966" WIDTH="157" HEIGHT="65" CONTENT="spielte" WC="1.00" CC="3000200"/>
						<SP ID="P5_SP00149" HPOS="1247" VPOS="2031" WIDTH="23"/>
						<String ID="P5_ST00173" HPOS="1270" VPOS="1966" WIDTH="60" HEIGHT="48" CONTENT="im" WC="0.80" CC="04"/>
						<SP ID="P5_SP00150" HPOS="1330" VPOS="2031" WIDTH="25"/>
						<String ID="P5_ST00174" HPOS="1355" VPOS="1973" WIDTH="149" HEIGHT="42" CONTENT="ersten" WC="1.00" CC="000100"/>
						<SP ID="P5_SP00151" HPOS="1504" VPOS="2031" WIDTH="24"/>
						<String ID="P5_ST00175" HPOS="1528" VPOS="1967" WIDTH="158" HEIGHT="48" CONTENT="Theile" WC="0.88" CC="070000"/>
					</TextLine>
					<TextLine ID="P5_TL00025" HPOS="157" VPOS="2042" WIDTH="1527" HEIGHT="66">
						<String ID="P5_ST00176" HPOS="157" VPOS="2042" WIDTH="71" HEIGHT="50" CONTENT="ein" WC="0.97" CC="105"/>
						<SP ID="P5_SP00152" HPOS="228" VPOS="2092" WIDTH="34"/>
						<String ID="P5_ST00177" HPOS="262" VPOS="2042" WIDTH="197" HEIGHT="50" CONTENT="Concert" WC="0.94" CC="0000030"/>
						<SP ID="P5_SP00153" HPOS="459" VPOS="2092" WIDTH="28"/>
						<String ID="P5_ST00178" HPOS="487" VPOS="2043" WIDTH="43" HEIGHT="49" CONTENT="in" WC="0.69" CC="05"/>
						<SP ID="P5_SP00154" HPOS="530" VPOS="2092" WIDTH="30"/>
						<String ID="P5_ST00179" HPOS="560" VPOS="2042" WIDTH="299" HEIGHT="66" CONTENT="ungarischer" WC="1.00" CC="46000200000"/>
						<SP ID="P5_SP00155" HPOS="859" VPOS="2108" WIDTH="32"/>
						<String ID="P5_ST00180" HPOS="891" VPOS="2042" WIDTH="160" HEIGHT="50" CONTENT="Weise" WC="1.00" CC="00300"/>
						<SP ID="P5_SP00156" HPOS="1051" VPOS="2108" WIDTH="28"/>
						<String ID="P5_ST00181" HPOS="1079" VPOS="2058" WIDTH="86" HEIGHT="34" CONTENT="von" WC="0.99" CC="030"/>
						<SP ID="P5_SP00157" HPOS="1165" VPOS="2108" WIDTH="35"/>
						<String ID="P5_ST00182" HPOS="1200" VPOS="2043" WIDTH="93" HEIGHT="49" CONTENT="sich" WC="1.00" CC="0000"/>
						<SP ID="P5_SP00158" HPOS="1293" VPOS="2108" WIDTH="29"/>
						<String ID="P5_ST00183" HPOS="1322" VPOS="2043" WIDTH="139" HEIGHT="50" CONTENT="selbst" WC="1.00" CC="000004"/>
						<SP ID="P5_SP00159" HPOS="1461" VPOS="2108" WIDTH="40"/>
						<String ID="P5_ST00184" HPOS="1501" VPOS="2043" WIDTH="93" HEIGHT="50" CONTENT="und" WC="1.00" CC="000"/>
						<SP ID="P5_SP00160" HPOS="1594" VPOS="2108" WIDTH="29"/>
						<String ID="P5_ST00185" HPOS="1623" VPOS="2045" WIDTH="61" HEIGHT="48" CONTENT="im" WC="0.56" CC="34"/>
					</TextLine>
					<TextLine ID="P5_TL00026" HPOS="154" VPOS="2121" WIDTH="1532" HEIGHT="58">
						<String ID="P5_ST00186" HPOS="154" VPOS="2121" WIDTH="190" HEIGHT="49" CONTENT="zweiten" WC="1.00" CC="0000000"/>
						<SP ID="P5_SP00161" HPOS="344" VPOS="2170" WIDTH="23"/>
						<String ID="P5_ST00187" HPOS="367" VPOS="2121" WIDTH="82" HEIGHT="49" CONTENT="das" WC="0.96" CC="900"/>
						<SP ID="P5_SP00162" HPOS="449" VPOS="2170" WIDTH="17"/>
						<String ID="P5_ST00188" HPOS="466" VPOS="2121" WIDTH="389" HEIGHT="49" CONTENT="Beethoven'sche" WC="0.82" CC="60006000014310"/>
						<SP ID="P5_SP00163" HPOS="855" VPOS="2170" WIDTH="23"/>
						<String ID="P5_ST00189" HPOS="878" VPOS="2121" WIDTH="391" HEIGHT="58" CONTENT="Violin-Concert," WC="0.94" CC="000002030000030"/>
						<SP ID="P5_SP00164" HPOS="1269" VPOS="2179" WIDTH="23"/>
						<String ID="P5_ST00190" HPOS="1292" VPOS="2121" WIDTH="231" HEIGHT="51" CONTENT="dieselben" WC="1.00" CC="000000301"/>
						<SP ID="P5_SP00165" HPOS="1523" VPOS="2179" WIDTH="25"/>
						<String ID="P5_ST00191" HPOS="1548" VPOS="2122" WIDTH="104" HEIGHT="51" CONTENT="Com" SUBS_TYPE="HypPart1" SUBS_CONTENT="Compositionen," WC="0.69" CC="504"/>
						<HYP HPOS="1652" VPOS="2122" WIDTH="34" CONTENT="-"/>
					</TextLine>
					<TextLine ID="P5_TL00027" HPOS="155" VPOS="2197" WIDTH="1532" HEIGHT="66">
						<String ID="P5_ST00192" HPOS="155" VPOS="2198" WIDTH="273" HEIGHT="65" CONTENT="positionen," SUBS_TYPE="HypPart2" SUBS_CONTENT="Compositionen," WC="0.91" CC="01000000025"/>
						<SP ID="P5_SP00166" HPOS="428" VPOS="2263" WIDTH="42"/>
						<String ID="P5_ST00193" HPOS="470" VPOS="2198" WIDTH="87" HEIGHT="48" CONTENT="wie" WC="1.00" CC="000"/>
						<SP ID="P5_SP00167" HPOS="557" VPOS="2263" WIDTH="43"/>
						<String ID="P5_ST00194" HPOS="600" VPOS="2197" WIDTH="73" HEIGHT="49" CONTENT="bei" WC="0.97" CC="303"/>
						<SP ID="P5_SP00168" HPOS="673" VPOS="2263" WIDTH="42"/>
						<String ID="P5_ST00195" HPOS="715" VPOS="2198" WIDTH="172" HEIGHT="48" CONTENT="seinem" WC="0.99" CC="100306"/>
						<SP ID="P5_SP00169" HPOS="887" VPOS="2263" WIDTH="43"/>
						<String ID="P5_ST00196" HPOS="930" VPOS="2198" WIDTH="202" HEIGHT="65" CONTENT="hiesigen" WC="0.99" CC="64000003"/>
						<SP ID="P5_SP00170" HPOS="1132" VPOS="2263" WIDTH="30"/>
						<String ID="P5_ST00197" HPOS="1162" VPOS="2199" WIDTH="242" HEIGHT="49" CONTENT="Auftreten" WC="1.00" CC="040300000"/>
						<SP ID="P5_SP00171" HPOS="1404" VPOS="2263" WIDTH="43"/>
						<String ID="P5_ST00198" HPOS="1447" VPOS="2216" WIDTH="79" HEIGHT="32" CONTENT="vor" WC="1.00" CC="000"/>
						<SP ID="P5_SP00172" HPOS="1526" VPOS="2263" WIDTH="41"/>
						<String ID="P5_ST00199" HPOS="1567" VPOS="2207" WIDTH="120" HEIGHT="42" CONTENT="etwa" WC="1.00" CC="0100"/>
					</TextLine>
					<TextLine ID="P5_TL00028" HPOS="154" VPOS="2274" WIDTH="1533" HEIGHT="51">
						<String ID="P5_ST00200" HPOS="154" VPOS="2276" WIDTH="94" HEIGHT="47" CONTENT="vier" WC="0.99" CC="3000"/>
						<SP ID="P5_SP00173" HPOS="248" VPOS="2323" WIDTH="27"/>
						<String ID="P5_ST00201" HPOS="275" VPOS="2276" WIDTH="188" HEIGHT="48" CONTENT="Jahren." WC="0.99" CC="0275004"/>
						<SP ID="P5_SP00174" HPOS="463" VPOS="2324" WIDTH="58"/>
						<String ID="P5_ST00202" HPOS="521" VPOS="2274" WIDTH="284" HEIGHT="50" CONTENT="Gleichwohl" WC="1.00" CC="0000060060"/>
						<SP ID="P5_SP00175" HPOS="805" VPOS="2324" WIDTH="42"/>
						<String ID="P5_ST00203" HPOS="847" VPOS="2274" WIDTH="201" HEIGHT="50" CONTENT="erfreute" WC="0.99" CC="03700200"/>
						<SP ID="P5_SP00176" HPOS="1048" VPOS="2324" WIDTH="28"/>
						<String ID="P5_ST00204" HPOS="1076" VPOS="2274" WIDTH="83" HEIGHT="50" CONTENT="der" WC="1.00" CC="000"/>
						<SP ID="P5_SP00177" HPOS="1159" VPOS="2324" WIDTH="31"/>
						<String ID="P5_ST00205" HPOS="1190" VPOS="2277" WIDTH="216" HEIGHT="48" CONTENT="Künstler" WC="0.99" CC="60032000"/>
						<SP ID="P5_SP00178" HPOS="1406" VPOS="2325" WIDTH="37"/>
						<String ID="P5_ST00206" HPOS="1443" VPOS="2277" WIDTH="90" HEIGHT="48" CONTENT="sich" WC="0.98" CC="0007"/>
						<SP ID="P5_SP00179" HPOS="1533" VPOS="2325" WIDTH="32"/>
						<String ID="P5_ST00207" HPOS="1565" VPOS="2278" WIDTH="122" HEIGHT="47" CONTENT="eines" WC="1.00" CC="00100"/>
					</TextLine>
					<TextLine ID="P5_TL00029" HPOS="153" VPOS="2353" WIDTH="1534" HEIGHT="61">
						<String ID="P5_ST00208" HPOS="153" VPOS="2353" WIDTH="288" HEIGHT="50" CONTENT="zahlreichen" WC="0.99" CC="50654000600"/>
						<SP ID="P5_SP00180" HPOS="441" VPOS="2403" WIDTH="32"/>
						<String ID="P5_ST00209" HPOS="473" VPOS="2353" WIDTH="246" HEIGHT="61" CONTENT="Besuches," WC="0.99" CC="600002057"/>
						<SP ID="P5_SP00181" HPOS="719" VPOS="2414" WIDTH="31"/>
						<String ID="P5_ST00210" HPOS="750" VPOS="2353" WIDTH="94" HEIGHT="51" CONTENT="und" WC="0.99" CC="100"/>
						<SP ID="P5_SP00182" HPOS="844" VPOS="2414" WIDTH="29"/>
						<String ID="P5_ST00211" HPOS="873" VPOS="2354" WIDTH="82" HEIGHT="49" CONTENT="der" WC="0.97" CC="006"/>
						<SP ID="P5_SP00183" HPOS="955" VPOS="2414" WIDTH="30"/>
						<String ID="P5_ST00212" HPOS="985" VPOS="2354" WIDTH="87" HEIGHT="49" CONTENT="alte" WC="0.99" CC="0050"/>
						<SP ID="P5_SP00184" HPOS="1072" VPOS="2414" WIDTH="29"/>
						<String ID="P5_ST00213" HPOS="1101" VPOS="2354" WIDTH="178" HEIGHT="59" CONTENT="Beifall," WC="0.99" CC="60100506"/>
						<SP ID="P5_SP00185" HPOS="1279" VPOS="2414" WIDTH="42"/>
						<String ID="P5_ST00214" HPOS="1321" VPOS="2354" WIDTH="80" HEIGHT="49" CONTENT="mit" WC="0.95" CC="625"/>
						<SP ID="P5_SP00186" HPOS="1401" VPOS="2414" WIDTH="28"/>
						<String ID="P5_ST00215" HPOS="1429" VPOS="2354" WIDTH="104" HEIGHT="50" CONTENT="dem" WC="0.98" CC="006"/>
						<SP ID="P5_SP00187" HPOS="1533" VPOS="2414" WIDTH="33"/>
						<String ID="P5_ST00216" HPOS="1566" VPOS="2357" WIDTH="121" HEIGHT="47" CONTENT="Herr" WC="0.98" CC="6001"/>
					</TextLine>
					<TextLine ID="P5_TL00030" HPOS="151" VPOS="2431" WIDTH="1533" HEIGHT="66">
						<String ID="P5_ST00217" HPOS="151" VPOS="2431" WIDTH="211" HEIGHT="49" CONTENT="Joachim" WC="0.99" CC="0000306"/>
						<SP ID="P5_SP00188" HPOS="362" VPOS="2480" WIDTH="23"/>
						<String ID="P5_ST00218" HPOS="385" VPOS="2431" WIDTH="141" HEIGHT="49" CONTENT="schon" WC="0.98" CC="14500"/>
						<SP ID="P5_SP00189" HPOS="526" VPOS="2480" WIDTH="27"/>
						<String ID="P5_ST00219" HPOS="553" VPOS="2431" WIDTH="71" HEIGHT="49" CONTENT="bei" WC="0.98" CC="500"/>
						<SP ID="P5_SP00190" HPOS="624" VPOS="2480" WIDTH="23"/>
						<String ID="P5_ST00220" HPOS="647" VPOS="2432" WIDTH="171" HEIGHT="48" CONTENT="seinem" WC="0.99" CC="200205"/>
						<SP ID="P5_SP00191" HPOS="818" VPOS="2480" WIDTH="24"/>
						<String ID="P5_ST00221" HPOS="842" VPOS="2431" WIDTH="282" HEIGHT="49" CONTENT="Erscheinen" WC="0.99" CC="0010600704"/>
						<SP ID="P5_SP00192" HPOS="1124" VPOS="2480" WIDTH="23"/>
						<String ID="P5_ST00222" HPOS="1147" VPOS="2431" WIDTH="213" HEIGHT="66" CONTENT="begrüsst" WC="0.88" CC="50000004"/>
						<SP ID="P5_SP00193" HPOS="1360" VPOS="2497" WIDTH="21"/>
						<String ID="P5_ST00223" HPOS="1381" VPOS="2432" WIDTH="175" HEIGHT="58" CONTENT="wurde," WC="0.99" CC="002700"/>
						<SP ID="P5_SP00194" HPOS="1556" VPOS="2497" WIDTH="23"/>
						<String ID="P5_ST00224" HPOS="1579" VPOS="2434" WIDTH="84" HEIGHT="47" CONTENT="stei" SUBS_TYPE="HypPart1" SUBS_CONTENT="steigerte" WC="1.00" CC="0001"/>
						<HYP HPOS="1663" VPOS="2434" WIDTH="21" CONTENT="-"/>
					</TextLine>
					<TextLine ID="P5_TL00031" HPOS="154" VPOS="2509" WIDTH="1533" HEIGHT="66">
						<String ID="P5_ST00225" HPOS="154" VPOS="2517" WIDTH="128" HEIGHT="58" CONTENT="gerte" SUBS_TYPE="HypPart2" SUBS_CONTENT="steigerte" WC="0.98" CC="90040"/>
						<SP ID="P5_SP00195" HPOS="282" VPOS="2575" WIDTH="28"/>
						<String ID="P5_ST00226" HPOS="310" VPOS="2509" WIDTH="94" HEIGHT="49" CONTENT="sich" WC="1.00" CC="0002"/>
						<SP ID="P5_SP00196" HPOS="404" VPOS="2575" WIDTH="29"/>
						<String ID="P5_ST00227" HPOS="433" VPOS="2509" WIDTH="60" HEIGHT="49" CONTENT="im" WC="0.70" CC="05"/>
						<SP ID="P5_SP00197" HPOS="493" VPOS="2575" WIDTH="31"/>
						<String ID="P5_ST00228" HPOS="524" VPOS="2509" WIDTH="217" HEIGHT="49" CONTENT="Verlaufe" WC="1.00" CC="00000050"/>
						<SP ID="P5_SP00198" HPOS="741" VPOS="2575" WIDTH="29"/>
						<String ID="P5_ST00229" HPOS="770" VPOS="2509" WIDTH="146" HEIGHT="50" CONTENT="seines" WC="1.00" CC="001000"/>
						<SP ID="P5_SP00199" HPOS="916" VPOS="2575" WIDTH="28"/>
						<String ID="P5_ST00230" HPOS="944" VPOS="2509" WIDTH="145" HEIGHT="66" CONTENT="Spiels" WC="0.99" CC="200050"/>
						<SP ID="P5_SP00200" HPOS="1089" VPOS="2575" WIDTH="35"/>
						<String ID="P5_ST00231" HPOS="1124" VPOS="2527" WIDTH="51" HEIGHT="31" CONTENT="zu" WC="0.56" CC="53"/>
						<SP ID="P5_SP00201" HPOS="1175" VPOS="2575" WIDTH="32"/>
						<String ID="P5_ST00232" HPOS="1207" VPOS="2511" WIDTH="329" HEIGHT="64" CONTENT="zweimaligem" WC="0.99" CC="26004300905"/>
						<SP ID="P5_SP00202" HPOS="1536" VPOS="2575" WIDTH="31"/>
						<String ID="P5_ST00233" HPOS="1567" VPOS="2512" WIDTH="90" HEIGHT="48" CONTENT="Her" SUBS_TYPE="HypPart1" SUBS_CONTENT="Hervorrufe" WC="0.98" CC="600"/>
						<HYP HPOS="1657" VPOS="2512" WIDTH="30" CONTENT="-"/>
					</TextLine>
					<TextLine ID="P5_TL00032" HPOS="153" VPOS="2587" WIDTH="1529" HEIGHT="66">
						<String ID="P5_ST00234" HPOS="153" VPOS="2587" WIDTH="184" HEIGHT="49" CONTENT="vorrufe" SUBS_TYPE="HypPart2" SUBS_CONTENT="Hervorrufe" WC="0.99" CC="0300600"/>
						<SP ID="P5_SP00203" HPOS="337" VPOS="2636" WIDTH="29"/>
						<String ID="P5_ST00235" HPOS="366" VPOS="2588" WIDTH="113" HEIGHT="50" CONTENT="nach" WC="0.99" CC="0005"/>
						<SP ID="P5_SP00204" HPOS="479" VPOS="2638" WIDTH="20"/>
						<String ID="P5_ST00236" HPOS="499" VPOS="2588" WIDTH="132" HEIGHT="65" CONTENT="jeder" WC="1.00" CC="00002"/>
						<SP ID="P5_SP00205" HPOS="631" VPOS="2653" WIDTH="21"/>
						<String ID="P5_ST00237" HPOS="652" VPOS="2588" WIDTH="241" HEIGHT="48" CONTENT="Nummer." WC="0.98" CC="0545041"/>
						<SP ID="P5_SP00206" HPOS="893" VPOS="2653" WIDTH="33"/>
						<String ID="P5_ST00238" HPOS="926" VPOS="2588" WIDTH="277" HEIGHT="65" CONTENT="Abgesehen" WC="0.99" CC="570050300"/>
						<SP ID="P5_SP00207" HPOS="1203" VPOS="2653" WIDTH="24"/>
						<String ID="P5_ST00239" HPOS="1227" VPOS="2605" WIDTH="83" HEIGHT="31" CONTENT="von" WC="0.97" CC="006"/>
						<SP ID="P5_SP00208" HPOS="1310" VPOS="2653" WIDTH="26"/>
						<String ID="P5_ST00240" HPOS="1336" VPOS="2589" WIDTH="171" HEIGHT="47" CONTENT="seinem" WC="0.99" CC="100106"/>
						<SP ID="P5_SP00209" HPOS="1507" VPOS="2653" WIDTH="24"/>
						<String ID="P5_ST00241" HPOS="1531" VPOS="2589" WIDTH="130" HEIGHT="49" CONTENT="classi" SUBS_TYPE="HypPart1" SUBS_CONTENT="classischen" WC="0.91" CC="131000"/>
						<HYP HPOS="1661" VPOS="2589" WIDTH="21" CONTENT="-"/>
					</TextLine>
					<TextLine ID="P5_TL00033" HPOS="153" VPOS="2666" WIDTH="1534" HEIGHT="66">
						<String ID="P5_ST00242" HPOS="153" VPOS="2667" WIDTH="138" HEIGHT="48" CONTENT="schen" SUBS_TYPE="HypPart2" SUBS_CONTENT="classischen" WC="0.71" CC="30604"/>
						<SP ID="P5_SP00210" HPOS="291" VPOS="2715" WIDTH="33"/>
						<String ID="P5_ST00243" HPOS="324" VPOS="2667" WIDTH="227" HEIGHT="65" CONTENT="Vortrage" WC="0.99" CC="02162500"/>
						<SP ID="P5_SP00211" HPOS="551" VPOS="2732" WIDTH="44"/>
						<String ID="P5_ST00244" HPOS="595" VPOS="2666" WIDTH="77" HEIGHT="49" CONTENT="des" WC="1.00" CC="001"/>
						<SP ID="P5_SP00212" HPOS="672" VPOS="2732" WIDTH="34"/>
						<String ID="P5_ST00245" HPOS="706" VPOS="2667" WIDTH="416" HEIGHT="48" CONTENT="Beethoven'schen" WC="0.78" CC="000365005000604"/>
						<SP ID="P5_SP00213" HPOS="1122" VPOS="2732" WIDTH="33"/>
						<String ID="P5_ST00246" HPOS="1155" VPOS="2667" WIDTH="245" HEIGHT="48" CONTENT="Concertes" WC="0.72" CC="255004420"/>
						<SP ID="P5_SP00214" HPOS="1400" VPOS="2732" WIDTH="42"/>
						<String ID="P5_ST00247" HPOS="1442" VPOS="2672" WIDTH="245" HEIGHT="43" CONTENT="erwärmte" WC="1.00" CC="01004120"/>
					</TextLine>
					<TextLine ID="P5_TL00034" HPOS="153" VPOS="2743" WIDTH="1531" HEIGHT="67">
						<String ID="P5_ST00248" HPOS="153" VPOS="2743" WIDTH="82" HEIGHT="50" CONTENT="der" WC="0.99" CC="002"/>
						<SP ID="P5_SP00215" HPOS="235" VPOS="2793" WIDTH="31"/>
						<String ID="P5_ST00249" HPOS="266" VPOS="2744" WIDTH="343" HEIGHT="66" CONTENT="Concertgeber" WC="0.81" CC="652001100500"/>
						<SP ID="P5_SP00216" HPOS="609" VPOS="2810" WIDTH="29"/>
						<String ID="P5_ST00250" HPOS="638" VPOS="2744" WIDTH="114" HEIGHT="49" CONTENT="auch" WC="0.98" CC="1106"/>
						<SP ID="P5_SP00217" HPOS="752" VPOS="2810" WIDTH="33"/>
						<String ID="P5_ST00251" HPOS="785" VPOS="2744" WIDTH="43" HEIGHT="47" CONTENT="in" WC="0.96" CC="00"/>
						<SP ID="P5_SP00218" HPOS="828" VPOS="2810" WIDTH="31"/>
						<String ID="P5_ST00252" HPOS="859" VPOS="2744" WIDTH="147" HEIGHT="49" CONTENT="seiner" WC="0.99" CC="000705"/>
						<SP ID="P5_SP00219" HPOS="1006" VPOS="2810" WIDTH="29"/>
						<String ID="P5_ST00253" HPOS="1035" VPOS="2744" WIDTH="191" HEIGHT="65" CONTENT="eigenen" WC="1.00" CC="0000203"/>
						<SP ID="P5_SP00220" HPOS="1226" VPOS="2810" WIDTH="27"/>
						<String ID="P5_ST00254" HPOS="1253" VPOS="2744" WIDTH="330" HEIGHT="66" CONTENT="Composition," WC="0.84" CC="300011001063"/>
						<SP ID="P5_SP00221" HPOS="1583" VPOS="2810" WIDTH="30"/>
						<String ID="P5_ST00255" HPOS="1613" VPOS="2744" WIDTH="71" HEIGHT="49" CONTENT="bei" WC="0.96" CC="406"/>
					</TextLine>
					<TextLine ID="P5_TL00035" HPOS="155" VPOS="2822" WIDTH="1532" HEIGHT="57">
						<String ID="P5_ST00256" HPOS="155" VPOS="2823" WIDTH="118" HEIGHT="50" CONTENT="allen" WC="0.98" CC="40501"/>
						<SP ID="P5_SP00222" HPOS="273" VPOS="2873" WIDTH="31"/>
						<String ID="P5_ST00257" HPOS="304" VPOS="2823" WIDTH="227" HEIGHT="50" CONTENT="virtuosen" WC="0.99" CC="003600303"/>
						<SP ID="P5_SP00223" HPOS="531" VPOS="2873" WIDTH="31"/>
						<String ID="P5_ST00258" HPOS="562" VPOS="2822" WIDTH="289" HEIGHT="57" CONTENT="Arabesken," WC="1.00" CC="0513000000"/>
						<SP ID="P5_SP00224" HPOS="851" VPOS="2879" WIDTH="43"/>
						<String ID="P5_ST00259" HPOS="894" VPOS="2823" WIDTH="72" HEIGHT="48" CONTENT="die" WC="1.00" CC="000"/>
						<SP ID="P5_SP00225" HPOS="966" VPOS="2879" WIDTH="27"/>
						<String ID="P5_ST00260" HPOS="993" VPOS="2823" WIDTH="225" HEIGHT="50" CONTENT="Zuhörer." WC="0.99" CC="03200007"/>
						<SP ID="P5_SP00226" HPOS="1218" VPOS="2879" WIDTH="56"/>
						<String ID="P5_ST00261" HPOS="1274" VPOS="2823" WIDTH="86" HEIGHT="48" CONTENT="Die" WC="1.00" CC="000"/>
						<SP ID="P5_SP00227" HPOS="1360" VPOS="2879" WIDTH="44"/>
						<String ID="P5_ST00262" HPOS="1404" VPOS="2823" WIDTH="283" HEIGHT="50" CONTENT="anerkannte" WC="1.00" CC="0000003100"/>
					</TextLine>
					<TextLine ID="P5_TL00036" HPOS="157" VPOS="2900" WIDTH="1529" HEIGHT="67">
						<String ID="P5_ST00263" HPOS="157" VPOS="2902" WIDTH="130" HEIGHT="48" CONTENT="Fülle" WC="0.99" CC="00060"/>
						<SP ID="P5_SP00228" HPOS="287" VPOS="2950" WIDTH="30"/>
						<String ID="P5_ST00264" HPOS="317" VPOS="2900" WIDTH="92" HEIGHT="50" CONTENT="und" WC="0.98" CC="320"/>
						<SP ID="P5_SP00229" HPOS="409" VPOS="2950" WIDTH="29"/>
						<String ID="P5_ST00265" HPOS="438" VPOS="2902" WIDTH="251" HEIGHT="49" CONTENT="Schönheit" WC="1.00" CC="000000000"/>
						<SP ID="P5_SP00230" HPOS="689" VPOS="2951" WIDTH="39"/>
						<String ID="P5_ST00266" HPOS="728" VPOS="2900" WIDTH="144" HEIGHT="49" CONTENT="seines" WC="1.00" CC="000000"/>
						<SP ID="P5_SP00231" HPOS="872" VPOS="2951" WIDTH="30"/>
						<String ID="P5_ST00267" HPOS="902" VPOS="2902" WIDTH="151" HEIGHT="48" CONTENT="Tones" WC="1.00" CC="00300"/>
						<SP ID="P5_SP00232" HPOS="1053" VPOS="2951" WIDTH="45"/>
						<String ID="P5_ST00268" HPOS="1098" VPOS="2900" WIDTH="78" HEIGHT="49" CONTENT="hat" WC="0.98" CC="204"/>
						<SP ID="P5_SP00233" HPOS="1176" VPOS="2951" WIDTH="41"/>
						<String ID="P5_ST00269" HPOS="1217" VPOS="2900" WIDTH="202" HEIGHT="67" CONTENT="zugleich" WC="0.99" CC="76000203"/>
						<SP ID="P5_SP00234" HPOS="1419" VPOS="2967" WIDTH="32"/>
						<String ID="P5_ST00270" HPOS="1451" VPOS="2900" WIDTH="86" HEIGHT="50" CONTENT="den" WC="0.98" CC="004"/>
						<SP ID="P5_SP00235" HPOS="1537" VPOS="2967" WIDTH="32"/>
						<String ID="P5_ST00271" HPOS="1569" VPOS="2902" WIDTH="88" HEIGHT="48" CONTENT="Vor" SUBS_TYPE="HypPart1" SUBS_CONTENT="Vorzug," WC="1.00" CC="000"/>
						<HYP HPOS="1657" VPOS="2902" WIDTH="29" CONTENT="-"/>
					</TextLine>
					<TextLine ID="P5_TL00037" HPOS="153" VPOS="2978" WIDTH="1533" HEIGHT="66">
						<String ID="P5_ST00272" HPOS="153" VPOS="2996" WIDTH="103" HEIGHT="48" CONTENT="zug," SUBS_TYPE="HypPart2" SUBS_CONTENT="Vorzug," WC="0.99" CC="6000"/>
						<SP ID="P5_SP00236" HPOS="256" VPOS="3044" WIDTH="31"/>
						<String ID="P5_ST00273" HPOS="287" VPOS="2979" WIDTH="102" HEIGHT="50" CONTENT="dass" WC="0.95" CC="0010"/>
						<SP ID="P5_SP00237" HPOS="389" VPOS="3044" WIDTH="27"/>
						<String ID="P5_ST00274" HPOS="416" VPOS="2981" WIDTH="63" HEIGHT="46" CONTENT="sie" WC="0.99" CC="300"/>
						<SP ID="P5_SP00238" HPOS="479" VPOS="3044" WIDTH="29"/>
						<String ID="P5_ST00275" HPOS="508" VPOS="2997" WIDTH="102" HEIGHT="30" CONTENT="zum" WC="0.93" CC="656"/>
						<SP ID="P5_SP00239" HPOS="610" VPOS="3044" WIDTH="30"/>
						<String ID="P5_ST00276" HPOS="640" VPOS="2979" WIDTH="181" HEIGHT="48" CONTENT="Herzen" WC="0.98" CC="505503"/>
						<SP ID="P5_SP00240" HPOS="821" VPOS="3044" WIDTH="30"/>
						<String ID="P5_ST00277" HPOS="851" VPOS="2978" WIDTH="183" HEIGHT="66" CONTENT="spricht." WC="0.99" CC="00300740"/>
						<SP ID="P5_SP00241" HPOS="1034" VPOS="3044" WIDTH="39"/>
						<String ID="P5_ST00278" HPOS="1073" VPOS="2979" WIDTH="117" HEIGHT="47" CONTENT="Dass" WC="0.75" CC="5120"/>
						<SP ID="P5_SP00242" HPOS="1190" VPOS="3044" WIDTH="31"/>
						<String ID="P5_ST00279" HPOS="1221" VPOS="2978" WIDTH="71" HEIGHT="49" CONTENT="die" WC="1.00" CC="000"/>
						<SP ID="P5_SP00243" HPOS="1292" VPOS="3044" WIDTH="30"/>
						<String ID="P5_ST00280" HPOS="1322" VPOS="2979" WIDTH="336" HEIGHT="48" CONTENT="Orchester-Be" SUBS_TYPE="HypPart1" SUBS_CONTENT="Orchester-Begleitung" WC="1.00" CC="010601000030"/>
						<HYP HPOS="1658" VPOS="2979" WIDTH="28" CONTENT="-"/>
					</TextLine>
					<TextLine ID="P5_TL00038" HPOS="153" VPOS="3057" WIDTH="1530" HEIGHT="66">
						<String ID="P5_ST00281" HPOS="153" VPOS="3058" WIDTH="207" HEIGHT="65" CONTENT="gleitung" SUBS_TYPE="HypPart2" SUBS_CONTENT="Orchester-Begleitung" WC="0.99" CC="00065210"/>
						<SP ID="P5_SP00244" HPOS="360" VPOS="3123" WIDTH="43"/>
						<String ID="P5_ST00282" HPOS="403" VPOS="3058" WIDTH="123" HEIGHT="50" CONTENT="nicht" WC="0.99" CC="00004"/>
						<SP ID="P5_SP00245" HPOS="526" VPOS="3123" WIDTH="41"/>
						<String ID="P5_ST00283" HPOS="567" VPOS="3057" WIDTH="251" HEIGHT="64" CONTENT="durchweg" WC="0.99" CC="00003009"/>
						<SP ID="P5_SP00246" HPOS="818" VPOS="3123" WIDTH="43"/>
						<String ID="P5_ST00284" HPOS="861" VPOS="3073" WIDTH="115" HEIGHT="48" CONTENT="ganz" WC="0.97" CC="0145"/>
						<SP ID="P5_SP00247" HPOS="976" VPOS="3123" WIDTH="53"/>
						<String ID="P5_ST00285" HPOS="1029" VPOS="3057" WIDTH="142" HEIGHT="64" CONTENT="präcis" WC="0.73" CC="054060"/>
						<SP ID="P5_SP00248" HPOS="1171" VPOS="3123" WIDTH="46"/>
						<String ID="P5_ST00286" HPOS="1217" VPOS="3057" WIDTH="93" HEIGHT="48" CONTENT="und" WC="0.96" CC="460"/>
						<SP ID="P5_SP00249" HPOS="1310" VPOS="3123" WIDTH="40"/>
						<String ID="P5_ST00287" HPOS="1350" VPOS="3066" WIDTH="177" HEIGHT="40" CONTENT="correct" WC="0.85" CC="0004005"/>
						<SP ID="P5_SP00250" HPOS="1527" VPOS="3123" WIDTH="43"/>
						<String ID="P5_ST00288" HPOS="1570" VPOS="3074" WIDTH="113" HEIGHT="40" CONTENT="war," WC="0.99" CC="0003"/>
					</TextLine>
					<TextLine ID="P5_TL00039" HPOS="153" VPOS="3134" WIDTH="1531" HEIGHT="65">
						<String ID="P5_ST00289" HPOS="153" VPOS="3135" WIDTH="153" HEIGHT="49" CONTENT="dürfte" WC="0.99" CC="000650"/>
						<SP ID="P5_SP00251" HPOS="306" VPOS="3184" WIDTH="22"/>
						<String ID="P5_ST00290" HPOS="328" VPOS="3135" WIDTH="121" HEIGHT="50" CONTENT="wohl" WC="0.99" CC="0015"/>
						<SP ID="P5_SP00252" HPOS="449" VPOS="3185" WIDTH="30"/>
						<String ID="P5_ST00291" HPOS="479" VPOS="3152" WIDTH="88" HEIGHT="33" CONTENT="nur" WC="0.99" CC="002"/>
						<SP ID="P5_SP00253" HPOS="567" VPOS="3185" WIDTH="21"/>
						<String ID="P5_ST00292" HPOS="588" VPOS="3135" WIDTH="82" HEIGHT="49" CONTENT="der" WC="1.00" CC="000"/>
						<SP ID="P5_SP00254" HPOS="670" VPOS="3185" WIDTH="22"/>
						<String ID="P5_ST00293" HPOS="692" VPOS="3135" WIDTH="183" HEIGHT="64" CONTENT="Mangel" WC="1.00" CC="000000"/>
						<SP ID="P5_SP00255" HPOS="875" VPOS="3199" WIDTH="31"/>
						<String ID="P5_ST00294" HPOS="906" VPOS="3152" WIDTH="56" HEIGHT="32" CONTENT="an" WC="0.65" CC="06"/>
						<SP ID="P5_SP00256" HPOS="962" VPOS="3199" WIDTH="33"/>
						<String ID="P5_ST00295" HPOS="995" VPOS="3134" WIDTH="354" HEIGHT="50" CONTENT="hinreichenden" WC="1.00" CC="0002000100007"/>
						<SP ID="P5_SP00257" HPOS="1349" VPOS="3199" WIDTH="27"/>
						<String ID="P5_ST00296" HPOS="1376" VPOS="3134" WIDTH="181" HEIGHT="50" CONTENT="Proben" WC="0.99" CC="004502"/>
						<SP ID="P5_SP00258" HPOS="1557" VPOS="3199" WIDTH="31"/>
						<String ID="P5_ST00297" HPOS="1588" VPOS="3152" WIDTH="72" HEIGHT="32" CONTENT="ver" SUBS_TYPE="HypPart1" SUBS_CONTENT="verschuldet" WC="0.98" CC="500"/>
						<HYP HPOS="1660" VPOS="3152" WIDTH="24" CONTENT="-"/>
					</TextLine>
					<TextLine ID="P5_TL00040" HPOS="151" VPOS="3213" WIDTH="1536" HEIGHT="66">
						<String ID="P5_ST00298" HPOS="151" VPOS="3214" WIDTH="211" HEIGHT="48" CONTENT="schuldet" SUBS_TYPE="HypPart2" SUBS_CONTENT="verschuldet" WC="0.99" CC="00740004"/>
						<SP ID="P5_SP00259" HPOS="362" VPOS="3262" WIDTH="27"/>
						<String ID="P5_ST00299" HPOS="389" VPOS="3214" WIDTH="164" HEIGHT="50" CONTENT="haben." WC="0.99" CC="610050"/>
						<SP ID="P5_SP00260" HPOS="553" VPOS="3264" WIDTH="61"/>
						<String ID="P5_ST00300" HPOS="614" VPOS="3215" WIDTH="120" HEIGHT="47" CONTENT="Herr" WC="0.98" CC="6040"/>
						<SP ID="P5_SP00261" HPOS="734" VPOS="3264" WIDTH="28"/>
						<String ID="P5_ST00301" HPOS="762" VPOS="3214" WIDTH="351" HEIGHT="65" CONTENT="Stägemann" WC="0.74" CC="037004070"/>
						<SP ID="P5_SP00262" HPOS="1113" VPOS="3279" WIDTH="44"/>
						<String ID="P5_ST00302" HPOS="1157" VPOS="3231" WIDTH="85" HEIGHT="31" CONTENT="von" WC="0.97" CC="024"/>
						<SP ID="P5_SP00263" HPOS="1242" VPOS="3279" WIDTH="31"/>
						<String ID="P5_ST00303" HPOS="1273" VPOS="3213" WIDTH="81" HEIGHT="49" CONTENT="der" WC="1.00" CC="000"/>
						<SP ID="P5_SP00264" HPOS="1354" VPOS="3279" WIDTH="45"/>
						<String ID="P5_ST00304" HPOS="1399" VPOS="3213" WIDTH="288" HEIGHT="66" CONTENT="königlichen" WC="0.99" CC="90609000600"/>
					</TextLine>
					<TextLine ID="P5_TL00041" HPOS="153" VPOS="3290" WIDTH="1529" HEIGHT="68">
						<String ID="P5_ST00305" HPOS="153" VPOS="3293" WIDTH="131" HEIGHT="65" CONTENT="Oper" WC="1.00" CC="0001"/>
						<SP ID="P5_SP00265" HPOS="284" VPOS="3358" WIDTH="26"/>
						<String ID="P5_ST00306" HPOS="310" VPOS="3293" WIDTH="45" HEIGHT="47" CONTENT="in" WC="0.92" CC="10"/>
						<SP ID="P5_SP00266" HPOS="355" VPOS="3358" WIDTH="31"/>
						<String ID="P5_ST00307" HPOS="386" VPOS="3293" WIDTH="248" HEIGHT="48" CONTENT="Hannover" WC="0.98" CC="75474003"/>
						<SP ID="P5_SP00267" HPOS="634" VPOS="3358" WIDTH="29"/>
						<String ID="P5_ST00308" HPOS="663" VPOS="3294" WIDTH="297" HEIGHT="47" CONTENT="unterstützte" WC="0.99" CC="076040204700"/>
						<SP ID="P5_SP00268" HPOS="960" VPOS="3358" WIDTH="30"/>
						<String ID="P5_ST00309" HPOS="990" VPOS="3290" WIDTH="86" HEIGHT="50" CONTENT="den" WC="0.97" CC="007"/>
						<SP ID="P5_SP00269" HPOS="1076" VPOS="3358" WIDTH="32"/>
						<String ID="P5_ST00310" HPOS="1108" VPOS="3292" WIDTH="344" HEIGHT="63" CONTENT="Concertgeber" WC="0.89" CC="020000300501"/>
						<SP ID="P5_SP00270" HPOS="1452" VPOS="3358" WIDTH="29"/>
						<String ID="P5_ST00311" HPOS="1481" VPOS="3290" WIDTH="92" HEIGHT="50" CONTENT="und" WC="0.98" CC="050"/>
						<SP ID="P5_SP00271" HPOS="1573" VPOS="3358" WIDTH="31"/>
						<String ID="P5_ST00312" HPOS="1604" VPOS="3292" WIDTH="52" HEIGHT="48" CONTENT="be" SUBS_TYPE="HypPart1" SUBS_CONTENT="bewährte" WC="0.98" CC="20"/>
						<HYP HPOS="1656" VPOS="3292" WIDTH="26" CONTENT="-"/>
					</TextLine>
					<TextLine ID="P5_TL00042" HPOS="153" VPOS="3370" WIDTH="1533" HEIGHT="58">
						<String ID="P5_ST00313" HPOS="153" VPOS="3372" WIDTH="175" HEIGHT="47" CONTENT="währte" SUBS_TYPE="HypPart2" SUBS_CONTENT="bewährte" WC="0.99" CC="006060"/>
						<SP ID="P5_SP00272" HPOS="328" VPOS="3419" WIDTH="28"/>
						<String ID="P5_ST00314" HPOS="356" VPOS="3372" WIDTH="124" HEIGHT="48" CONTENT="seine" WC="0.99" CC="60010"/>
						<SP ID="P5_SP00273" HPOS="480" VPOS="3420" WIDTH="26"/>
						<String ID="P5_ST00315" HPOS="506" VPOS="3370" WIDTH="345" HEIGHT="58" CONTENT="Gesangskunst" WC="0.99" CC="205637000700"/>
						<SP ID="P5_SP00274" HPOS="851" VPOS="3428" WIDTH="27"/>
						<String ID="P5_ST00316" HPOS="878" VPOS="3370" WIDTH="43" HEIGHT="49" CONTENT="in" WC="0.82" CC="21"/>
						<SP ID="P5_SP00275" HPOS="921" VPOS="3428" WIDTH="24"/>
						<String ID="P5_ST00317" HPOS="945" VPOS="3370" WIDTH="81" HEIGHT="49" CONTENT="der" WC="0.98" CC="004"/>
						<SP ID="P5_SP00276" HPOS="1026" VPOS="3428" WIDTH="22"/>
						<String ID="P5_ST00318" HPOS="1048" VPOS="3370" WIDTH="424" HEIGHT="49" CONTENT="Marschner'schen" WC="0.82" CC="000906002000700"/>
						<SP ID="P5_SP00277" HPOS="1472" VPOS="3428" WIDTH="36"/>
						<String ID="P5_ST00319" HPOS="1508" VPOS="3370" WIDTH="178" HEIGHT="56" CONTENT="„Hans-" WC="0.67" CC="660024"/>
					</TextLine>
					<TextLine ID="P5_TL00043" HPOS="153" VPOS="3447" WIDTH="1534" HEIGHT="67">
						<String ID="P5_ST00320" HPOS="153" VPOS="3449" WIDTH="363" HEIGHT="65" CONTENT='Heiling"-Arie' WC="0.87" CC="5000000333000"/>
						<SP ID="P5_SP00278" HPOS="516" VPOS="3514" WIDTH="30"/>
						<String ID="P5_ST00321" HPOS="546" VPOS="3448" WIDTH="93" HEIGHT="49" CONTENT="und" WC="0.97" CC="340"/>
						<SP ID="P5_SP00279" HPOS="639" VPOS="3514" WIDTH="28"/>
						<String ID="P5_ST00322" HPOS="667" VPOS="3450" WIDTH="43" HEIGHT="47" CONTENT="in" WC="0.90" CC="01"/>
						<SP ID="P5_SP00280" HPOS="710" VPOS="3514" WIDTH="29"/>
						<String ID="P5_ST00323" HPOS="739" VPOS="3448" WIDTH="108" HEIGHT="48" CONTENT="zwei" WC="0.99" CC="6000"/>
						<SP ID="P5_SP00281" HPOS="847" VPOS="3514" WIDTH="32"/>
						<String ID="P5_ST00324" HPOS="879" VPOS="3448" WIDTH="422" HEIGHT="48" CONTENT="Schumann'schen" WC="0.84" CC="00105024040300"/>
						<SP ID="P5_SP00282" HPOS="1301" VPOS="3514" WIDTH="32"/>
						<String ID="P5_ST00325" HPOS="1333" VPOS="3447" WIDTH="209" HEIGHT="49" CONTENT="Liedern." WC="1.00" CC="00000411"/>
						<SP ID="P5_SP00283" HPOS="1542" VPOS="3514" WIDTH="37"/>
						<String ID="P5_ST00326" HPOS="1579" VPOS="3448" WIDTH="108" HEIGHT="47" CONTENT="Sein" WC="0.99" CC="0004"/>
					</TextLine>
					<TextLine ID="P5_TL00044" HPOS="155" VPOS="3525" WIDTH="1533" HEIGHT="68">
						<String ID="P5_ST00327" HPOS="155" VPOS="3527" WIDTH="219" HEIGHT="66" CONTENT="kräftiger" WC="0.99" CC="010040900"/>
						<SP ID="P5_SP00284" HPOS="374" VPOS="3593" WIDTH="42"/>
						<String ID="P5_ST00328" HPOS="416" VPOS="3527" WIDTH="90" HEIGHT="49" CONTENT="und" WC="1.00" CC="000"/>
						<SP ID="P5_SP00285" HPOS="506" VPOS="3593" WIDTH="32"/>
						<String ID="P5_ST00329" HPOS="538" VPOS="3527" WIDTH="176" HEIGHT="66" CONTENT="tüchtig" WC="0.99" CC="0007129"/>
						<SP ID="P5_SP00286" HPOS="714" VPOS="3593" WIDTH="39"/>
						<String ID="P5_ST00330" HPOS="753" VPOS="3525" WIDTH="259" HEIGHT="66" CONTENT="geschulter" WC="0.99" CC="9000250503"/>
						<SP ID="P5_SP00287" HPOS="1012" VPOS="3593" WIDTH="42"/>
						<String ID="P5_ST00331" HPOS="1054" VPOS="3527" WIDTH="202" HEIGHT="54" CONTENT="Bariton," WC="1.00" CC="60100100"/>
						<SP ID="P5_SP00288" HPOS="1256" VPOS="3593" WIDTH="42"/>
						<String ID="P5_ST00332" HPOS="1298" VPOS="3525" WIDTH="264" HEIGHT="50" CONTENT="verbunden" WC="1.00" CC="000220006"/>
						<SP ID="P5_SP00289" HPOS="1562" VPOS="3593" WIDTH="45"/>
						<String ID="P5_ST00333" HPOS="1607" VPOS="3525" WIDTH="81" HEIGHT="49" CONTENT="mit" WC="0.98" CC="500"/>
					</TextLine>
					<TextLine ID="P5_TL00045" HPOS="151" VPOS="3603" WIDTH="1536" HEIGHT="58">
						<String ID="P5_ST00334" HPOS="151" VPOS="3604" WIDTH="353" HEIGHT="51" CONTENT="dramatischem" WC="0.99" CC="903502050406"/>
						<SP ID="P5_SP00290" HPOS="504" VPOS="3655" WIDTH="49"/>
						<String ID="P5_ST00335" HPOS="553" VPOS="3607" WIDTH="150" HEIGHT="48" CONTENT="Feuer" WC="0.99" CC="50003"/>
						<SP ID="P5_SP00291" HPOS="703" VPOS="3655" WIDTH="53"/>
						<String ID="P5_ST00336" HPOS="756" VPOS="3604" WIDTH="89" HEIGHT="50" CONTENT="und" WC="0.98" CC="130"/>
						<SP ID="P5_SP00292" HPOS="845" VPOS="3655" WIDTH="47"/>
						<String ID="P5_ST00337" HPOS="892" VPOS="3605" WIDTH="452" HEIGHT="49" CONTENT="declamatorischem" WC="0.79" CC="0007267021000103"/>
						<SP ID="P5_SP00293" HPOS="1344" VPOS="3655" WIDTH="52"/>
						<String ID="P5_ST00338" HPOS="1396" VPOS="3603" WIDTH="291" HEIGHT="58" CONTENT="Ausdrucke," WC="1.00" CC="4000320003"/>
					</TextLine>
					<TextLine ID="P5_TL00046" HPOS="151" VPOS="3682" WIDTH="1535" HEIGHT="53">
						<String ID="P5_ST00339" HPOS="151" VPOS="3683" WIDTH="244" HEIGHT="51" CONTENT="erwarben" WC="0.99" CC="01046407"/>
						<SP ID="P5_SP00294" HPOS="395" VPOS="3734" WIDTH="29"/>
						<String ID="P5_ST00340" HPOS="424" VPOS="3685" WIDTH="93" HEIGHT="49" CONTENT="ihm" WC="0.95" CC="066"/>
						<SP ID="P5_SP00295" HPOS="517" VPOS="3734" WIDTH="46"/>
						<String ID="P5_ST00341" HPOS="563" VPOS="3685" WIDTH="113" HEIGHT="49" CONTENT="nach" WC="0.97" CC="3507"/>
						<SP ID="P5_SP00296" HPOS="676" VPOS="3734" WIDTH="39"/>
						<String ID="P5_ST00342" HPOS="715" VPOS="3685" WIDTH="154" HEIGHT="50" CONTENT="seinen" WC="1.00" CC="000000"/>
						<SP ID="P5_SP00297" HPOS="869" VPOS="3735" WIDTH="42"/>
						<String ID="P5_ST00343" HPOS="911" VPOS="3683" WIDTH="160" HEIGHT="49" CONTENT="beiden" WC="0.98" CC="600055"/>
						<SP ID="P5_SP00298" HPOS="1071" VPOS="3735" WIDTH="30"/>
						<String ID="P5_ST00344" HPOS="1101" VPOS="3684" WIDTH="258" HEIGHT="50" CONTENT="Nuramern" WC="0.99" CC="03225020"/>
						<SP ID="P5_SP00299" HPOS="1359" VPOS="3735" WIDTH="32"/>
						<String ID="P5_ST00345" HPOS="1391" VPOS="3682" WIDTH="86" HEIGHT="50" CONTENT="den" WC="1.00" CC="000"/>
						<SP ID="P5_SP00300" HPOS="1477" VPOS="3735" WIDTH="32"/>
						<String ID="P5_ST00346" HPOS="1509" VPOS="3682" WIDTH="152" HEIGHT="49" CONTENT="lebhaf" SUBS_TYPE="HypPart1" SUBS_CONTENT="lebhaftesten" WC="0.99" CC="200700"/>
						<HYP HPOS="1661" VPOS="3682" WIDTH="25" CONTENT="-"/>
					</TextLine>
					<TextLine ID="P5_TL00047" HPOS="150" VPOS="3762" WIDTH="446" HEIGHT="49">
						<String ID="P5_ST00347" HPOS="150" VPOS="3769" WIDTH="145" HEIGHT="42" CONTENT="testen" SUBS_TYPE="HypPart2" SUBS_CONTENT="lebhaftesten" WC="1.00" CC="000600"/>
						<SP ID="P5_SP00301" HPOS="295" VPOS="3811" WIDTH="34"/>
						<String ID="P5_ST00348" HPOS="329" VPOS="3762" WIDTH="267" HEIGHT="49" CONTENT="Hervorruf." WC="0.99" CC="6000011594"/>
					</TextLine>
				</TextBlock>
				<TextBlock ID="P5_TB00003" HPOS="2366" VPOS="295" WIDTH="356" HEIGHT="57" STYLEREFS="TXT_2 PAR_RIGHT">
					<TextLine ID="P5_TL00048" HPOS="2368" VPOS="296" WIDTH="354" HEIGHT="56">
						<String ID="P5_ST00349" HPOS="2368" VPOS="296" WIDTH="96" HEIGHT="55" CONTENT="Aus" WC="0.92" CC="856"/>
						<SP ID="P5_SP00302" HPOS="2464" VPOS="351" WIDTH="34"/>
						<String ID="P5_ST00350" HPOS="2498" VPOS="296" WIDTH="224" HEIGHT="56" CONTENT="Breslau." WC="0.98" CC="64670625"/>
					</TextLine>
				</TextBlock>
				<TextBlock ID="P5_TB00004" HPOS="1782" VPOS="427" WIDTH="1539" HEIGHT="3711" STYLEREFS="TXT_0 PAR_RIGHT">
					<TextLine ID="P5_TL00049" HPOS="2557" VPOS="427" WIDTH="637" HEIGHT="47">
						<String ID="P5_ST00351" HPOS="2557" VPOS="429" WIDTH="98" HEIGHT="35" CONTENT="Den" WC="0.94" CC="454" STYLEREFS="TXT_3"/>
						<SP ID="P5_SP00303" HPOS="2655" VPOS="464" WIDTH="34"/>
						<String ID="P5_ST00352" HPOS="2689" VPOS="427" WIDTH="61" HEIGHT="41" CONTENT="21." WC="0.70" CC="312" STYLEREFS="TXT_3"/>
						<SP ID="P5_SP00304" HPOS="2750" VPOS="468" WIDTH="39"/>
						<String ID="P5_ST00353" HPOS="2789" VPOS="432" WIDTH="258" HEIGHT="38" CONTENT="November" WC="0.99" CC="36602043" STYLEREFS="TXT_3"/>
						<SP ID="P5_SP00305" HPOS="3047" VPOS="470" WIDTH="37"/>
						<String ID="P5_ST00354" HPOS="3084" VPOS="433" WIDTH="110" HEIGHT="41" CONTENT="1865." WC="0.62" CC="70315" STYLEREFS="TXT_3"/>
					</TextLine>
					<TextLine ID="P5_TL00050" HPOS="1905" VPOS="496" WIDTH="1392" HEIGHT="72">
						<String ID="P5_ST00355" HPOS="1905" VPOS="496" WIDTH="141" HEIGHT="47" CONTENT="Unter" WC="0.98" CC="50507"/>
						<SP ID="P5_SP00306" HPOS="2046" VPOS="543" WIDTH="29"/>
						<String ID="P5_ST00356" HPOS="2075" VPOS="496" WIDTH="82" HEIGHT="49" CONTENT="der" WC="0.99" CC="100"/>
						<SP ID="P5_SP00307" HPOS="2157" VPOS="545" WIDTH="29"/>
						<String ID="P5_ST00357" HPOS="2186" VPOS="498" WIDTH="353" HEIGHT="50" CONTENT="einsichtsvollen" WC="0.99" CC="056300530004613"/>
						<SP ID="P5_SP00308" HPOS="2539" VPOS="548" WIDTH="31"/>
						<String ID="P5_ST00358" HPOS="2570" VPOS="501" WIDTH="194" HEIGHT="67" CONTENT="Leitung" WC="0.98" CC="0033339"/>
						<SP ID="P5_SP00309" HPOS="2764" VPOS="568" WIDTH="29"/>
						<String ID="P5_ST00359" HPOS="2793" VPOS="504" WIDTH="76" HEIGHT="48" CONTENT="des" WC="0.99" CC="200"/>
						<SP ID="P5_SP00310" HPOS="2869" VPOS="568" WIDTH="24"/>
						<String ID="P5_ST00360" HPOS="2893" VPOS="507" WIDTH="404" HEIGHT="53" CONTENT="Musik-Directors" WC="0.66" CC="640653850030013" STYLEREFS="TXT_4"/>
					</TextLine>
					<TextLine ID="P5_TL00051" HPOS="1787" VPOS="573" WIDTH="1509" HEIGHT="63">
						<String ID="P5_ST00361" HPOS="1787" VPOS="573" WIDTH="81" HEIGHT="45" CONTENT="Dr." WC="0.95" CC="614"/>
						<SP ID="P5_SP00311" HPOS="1868" VPOS="618" WIDTH="46"/>
						<String ID="P5_ST00362" HPOS="1914" VPOS="573" WIDTH="76" HEIGHT="47" CONTENT="Da" WC="1.00" CC="00"/>
						<SP ID="P5_SP00312" HPOS="1990" VPOS="620" WIDTH="14"/>
						<String ID="P5_ST00363" HPOS="2004" VPOS="589" WIDTH="77" HEIGHT="31" CONTENT="rar" WC="0.95" CC="445"/>
						<SP ID="P5_SP00313" HPOS="2081" VPOS="620" WIDTH="10"/>
						<String ID="P5_ST00364" HPOS="2091" VPOS="574" WIDTH="127" HEIGHT="47" CONTENT="osch" WC="0.90" CC="3000"/>
						<SP ID="P5_SP00314" HPOS="2218" VPOS="621" WIDTH="51"/>
						<String ID="P5_ST00365" HPOS="2269" VPOS="575" WIDTH="148" HEIGHT="48" CONTENT="haben" WC="0.97" CC="63407"/>
						<SP ID="P5_SP00315" HPOS="2417" VPOS="623" WIDTH="57"/>
						<String ID="P5_ST00366" HPOS="2474" VPOS="576" WIDTH="71" HEIGHT="47" CONTENT="die" WC="1.00" CC="000"/>
						<SP ID="P5_SP00316" HPOS="2545" VPOS="623" WIDTH="45"/>
						<String ID="P5_ST00367" HPOS="2590" VPOS="578" WIDTH="588" HEIGHT="56" CONTENT="Abonnements-Concerte" WC="0.76" CC="18070060020242200060"/>
						<SP ID="P5_SP00317" HPOS="3178" VPOS="634" WIDTH="42"/>
						<String ID="P5_ST00368" HPOS="3220" VPOS="588" WIDTH="76" HEIGHT="48" CONTENT="des" WC="0.98" CC="006"/>
					</TextLine>
					<TextLine ID="P5_TL00052" HPOS="1786" VPOS="649" WIDTH="1510" HEIGHT="63">
						<String ID="P5_ST00369" HPOS="1786" VPOS="649" WIDTH="138" HEIGHT="47" CONTENT="schon" WC="0.97" CC="60556"/>
						<SP ID="P5_SP00318" HPOS="1924" VPOS="696" WIDTH="40"/>
						<String ID="P5_ST00370" HPOS="1964" VPOS="651" WIDTH="82" HEIGHT="46" CONTENT="seit" WC="1.00" CC="0100"/>
						<SP ID="P5_SP00319" HPOS="2046" VPOS="697" WIDTH="29"/>
						<String ID="P5_ST00371" HPOS="2075" VPOS="651" WIDTH="239" HEIGHT="49" CONTENT="mehreren" WC="0.99" CC="50021106"/>
						<SP ID="P5_SP00320" HPOS="2314" VPOS="700" WIDTH="29"/>
						<String ID="P5_ST00372" HPOS="2343" VPOS="653" WIDTH="171" HEIGHT="47" CONTENT="Jahren" WC="0.98" CC="670006"/>
						<SP ID="P5_SP00321" HPOS="2514" VPOS="700" WIDTH="42"/>
						<String ID="P5_ST00373" HPOS="2556" VPOS="654" WIDTH="95" HEIGHT="47" CONTENT="hier" WC="0.99" CC="0003"/>
						<SP ID="P5_SP00322" HPOS="2651" VPOS="701" WIDTH="40"/>
						<String ID="P5_ST00374" HPOS="2691" VPOS="655" WIDTH="304" HEIGHT="51" CONTENT="bestehenden" WC="1.00" CC="40000000007"/>
						<SP ID="P5_SP00323" HPOS="2995" VPOS="706" WIDTH="32"/>
						<String ID="P5_ST00375" HPOS="3027" VPOS="661" WIDTH="269" HEIGHT="51" CONTENT="Orchester-" WC="0.99" CC="1006035004"/>
					</TextLine>
					<TextLine ID="P5_TL00053" HPOS="1786" VPOS="725" WIDTH="1509" HEIGHT="70">
						<String ID="P5_ST00376" HPOS="1786" VPOS="725" WIDTH="189" HEIGHT="48" CONTENT="Vereins" WC="1.00" CC="0020010"/>
						<SP ID="P5_SP00324" HPOS="1975" VPOS="773" WIDTH="43"/>
						<String ID="P5_ST00377" HPOS="2018" VPOS="728" WIDTH="207" HEIGHT="64" CONTENT="unlängst" WC="0.98" CC="04175454"/>
						<SP ID="P5_SP00325" HPOS="2225" VPOS="792" WIDTH="45"/>
						<String ID="P5_ST00378" HPOS="2270" VPOS="730" WIDTH="167" HEIGHT="48" CONTENT="wieder" WC="0.99" CC="300003"/>
						<SP ID="P5_SP00326" HPOS="2437" VPOS="792" WIDTH="46"/>
						<String ID="P5_ST00379" HPOS="2483" VPOS="730" WIDTH="253" HEIGHT="65" CONTENT="begonnen." WC="1.00" CC="010006030"/>
						<SP ID="P5_SP00327" HPOS="2736" VPOS="795" WIDTH="58"/>
						<String ID="P5_ST00380" HPOS="2794" VPOS="735" WIDTH="89" HEIGHT="47" CONTENT="Das" WC="0.98" CC="005"/>
						<SP ID="P5_SP00328" HPOS="2883" VPOS="795" WIDTH="43"/>
						<String ID="P5_ST00381" HPOS="2926" VPOS="744" WIDTH="134" HEIGHT="48" CONTENT="erste," WC="0.99" CC="020006"/>
						<SP ID="P5_SP00329" HPOS="3060" VPOS="795" WIDTH="47"/>
						<String ID="P5_ST00382" HPOS="3107" VPOS="755" WIDTH="70" HEIGHT="31" CONTENT="am" WC="0.97" CC="00"/>
						<SP ID="P5_SP00330" HPOS="3177" VPOS="795" WIDTH="39"/>
						<String ID="P5_ST00383" HPOS="3216" VPOS="741" WIDTH="79" HEIGHT="49" CONTENT="10." WC="0.63" CC="243"/>
					</TextLine>
					<TextLine ID="P5_TL00054" HPOS="1786" VPOS="802" WIDTH="1510" HEIGHT="66">
						<String ID="P5_ST00384" HPOS="1786" VPOS="802" WIDTH="206" HEIGHT="47" CONTENT="October" WC="0.74" CC="5051500"/>
						<SP ID="P5_SP00331" HPOS="1992" VPOS="849" WIDTH="35"/>
						<String ID="P5_ST00385" HPOS="2027" VPOS="804" WIDTH="118" HEIGHT="48" CONTENT="Statt" WC="0.97" CC="05926"/>
						<SP ID="P5_SP00332" HPOS="2145" VPOS="852" WIDTH="41"/>
						<String ID="P5_ST00386" HPOS="2186" VPOS="805" WIDTH="255" HEIGHT="63" CONTENT="gefundene" WC="0.99" CC="006460000"/>
						<SP ID="P5_SP00333" HPOS="2441" VPOS="868" WIDTH="31"/>
						<String ID="P5_ST00387" HPOS="2472" VPOS="806" WIDTH="195" HEIGHT="50" CONTENT="Concert" WC="0.90" CC="4000002"/>
						<SP ID="P5_SP00334" HPOS="2667" VPOS="868" WIDTH="41"/>
						<String ID="P5_ST00388" HPOS="2708" VPOS="810" WIDTH="161" HEIGHT="48" CONTENT="erhielt" WC="0.99" CC="4200065"/>
						<SP ID="P5_SP00335" HPOS="2869" VPOS="868" WIDTH="41"/>
						<String ID="P5_ST00389" HPOS="2910" VPOS="813" WIDTH="68" HEIGHT="45" CONTENT="ein" WC="0.97" CC="006"/>
						<SP ID="P5_SP00336" HPOS="2978" VPOS="868" WIDTH="46"/>
						<String ID="P5_ST00390" HPOS="3024" VPOS="813" WIDTH="272" HEIGHT="53" CONTENT="besonderes" WC="1.00" CC="3402200000"/>
					</TextLine>
					<TextLine ID="P5_TL00055" HPOS="1786" VPOS="880" WIDTH="1511" HEIGHT="76">
						<String ID="P5_ST00391" HPOS="1786" VPOS="880" WIDTH="221" HEIGHT="48" CONTENT="Interesse" WC="0.99" CC="406000060"/>
						<SP ID="P5_SP00337" HPOS="2007" VPOS="928" WIDTH="30"/>
						<String ID="P5_ST00392" HPOS="2037" VPOS="880" WIDTH="143" HEIGHT="49" CONTENT="durch" WC="0.99" CC="05002"/>
						<SP ID="P5_SP00338" HPOS="2180" VPOS="929" WIDTH="30"/>
						<String ID="P5_ST00393" HPOS="2210" VPOS="881" WIDTH="79" HEIGHT="50" CONTENT="das" WC="0.97" CC="015"/>
						<SP ID="P5_SP00339" HPOS="2289" VPOS="931" WIDTH="23"/>
						<String ID="P5_ST00394" HPOS="2312" VPOS="885" WIDTH="240" HEIGHT="47" CONTENT="Auftreten" WC="0.99" CC="706600200"/>
						<SP ID="P5_SP00340" HPOS="2552" VPOS="932" WIDTH="31"/>
						<String ID="P5_ST00395" HPOS="2583" VPOS="884" WIDTH="79" HEIGHT="49" CONTENT="der" WC="1.00" CC="000"/>
						<SP ID="P5_SP00341" HPOS="2662" VPOS="933" WIDTH="24"/>
						<String ID="P5_ST00396" HPOS="2686" VPOS="886" WIDTH="284" HEIGHT="65" CONTENT="königlichen" WC="0.99" CC="30809220101"/>
						<SP ID="P5_SP00342" HPOS="2970" VPOS="951" WIDTH="31"/>
						<String ID="P5_ST00397" HPOS="3001" VPOS="890" WIDTH="267" HEIGHT="66" CONTENT="Hof-Opern" SUBS_TYPE="HypPart1" SUBS_CONTENT="Hof-Opernsängerin" WC="0.99" CC="340206006"/>
						<HYP HPOS="3268" VPOS="890" WIDTH="29" CONTENT="-"/>
					</TextLine>
					<TextLine ID="P5_TL00056" HPOS="1785" VPOS="957" WIDTH="1516" HEIGHT="63">
						<String ID="P5_ST00398" HPOS="1785" VPOS="957" WIDTH="210" HEIGHT="63" CONTENT="sängerin" SUBS_TYPE="HypPart2" SUBS_CONTENT="Hof-Opernsängerin" WC="0.99" CC="34500125"/>
						<SP ID="P5_SP00343" HPOS="1995" VPOS="1020" WIDTH="33"/>
						<String ID="P5_ST00399" HPOS="2028" VPOS="959" WIDTH="209" HEIGHT="48" CONTENT="Fräulein" WC="0.99" CC="31020006"/>
						<SP ID="P5_SP00344" HPOS="2237" VPOS="1020" WIDTH="40"/>
						<String ID="P5_ST00400" HPOS="2277" VPOS="960" WIDTH="207" HEIGHT="49" CONTENT="Santer" WC="0.78" CC="444000"/>
						<SP ID="P5_SP00345" HPOS="2484" VPOS="1020" WIDTH="45"/>
						<String ID="P5_ST00401" HPOS="2529" VPOS="979" WIDTH="79" HEIGHT="30" CONTENT="aus" WC="0.99" CC="001"/>
						<SP ID="P5_SP00346" HPOS="2608" VPOS="1020" WIDTH="29"/>
						<String ID="P5_ST00402" HPOS="2637" VPOS="962" WIDTH="169" HEIGHT="58" CONTENT="Berlin," WC="0.99" CC="7112103"/>
						<SP ID="P5_SP00347" HPOS="2806" VPOS="1020" WIDTH="43"/>
						<String ID="P5_ST00403" HPOS="2849" VPOS="965" WIDTH="168" HEIGHT="50" CONTENT="welche" WC="0.98" CC="404070"/>
						<SP ID="P5_SP00348" HPOS="3017" VPOS="1020" WIDTH="44"/>
						<String ID="P5_ST00404" HPOS="3061" VPOS="970" WIDTH="76" HEIGHT="46" CONTENT="mit" WC="0.93" CC="746"/>
						<SP ID="P5_SP00349" HPOS="3137" VPOS="1020" WIDTH="43"/>
						<String ID="P5_ST00405" HPOS="3180" VPOS="970" WIDTH="121" HEIGHT="50" CONTENT="ihrer" WC="0.99" CC="02240"/>
					</TextLine>
					<TextLine ID="P5_TL00057" HPOS="1786" VPOS="1034" WIDTH="1510" HEIGHT="69">
						<String ID="P5_ST00406" HPOS="1786" VPOS="1034" WIDTH="286" HEIGHT="63" CONTENT="klangvollen" WC="1.00" CC="02080020004"/>
						<SP ID="P5_SP00350" HPOS="2072" VPOS="1097" WIDTH="42"/>
						<String ID="P5_ST00407" HPOS="2114" VPOS="1036" WIDTH="189" HEIGHT="48" CONTENT="Stimme" WC="0.98" CC="024450"/>
						<SP ID="P5_SP00351" HPOS="2303" VPOS="1097" WIDTH="40"/>
						<String ID="P5_ST00408" HPOS="2343" VPOS="1037" WIDTH="70" HEIGHT="49" CONTENT="die" WC="0.99" CC="020"/>
						<SP ID="P5_SP00352" HPOS="2413" VPOS="1097" WIDTH="45"/>
						<String ID="P5_ST00409" HPOS="2458" VPOS="1055" WIDTH="155" HEIGHT="48" CONTENT="grosse" WC="0.99" CC="000600"/>
						<SP ID="P5_SP00353" HPOS="2613" VPOS="1103" WIDTH="40"/>
						<String ID="P5_ST00410" HPOS="2653" VPOS="1042" WIDTH="108" HEIGHT="47" CONTENT="Arie" WC="1.00" CC="0001"/>
						<SP ID="P5_SP00354" HPOS="2761" VPOS="1103" WIDTH="40"/>
						<String ID="P5_ST00411" HPOS="2801" VPOS="1059" WIDTH="78" HEIGHT="30" CONTENT="aus" WC="0.96" CC="036"/>
						<SP ID="P5_SP00355" HPOS="2879" VPOS="1103" WIDTH="49"/>
						<String ID="P5_ST00412" HPOS="2928" VPOS="1044" WIDTH="245" HEIGHT="54" CONTENT='„Oberon"' WC="0.57" CC="74703244"/>
						<SP ID="P5_SP00356" HPOS="3173" VPOS="1103" WIDTH="40"/>
						<String ID="P5_ST00413" HPOS="3213" VPOS="1064" WIDTH="83" HEIGHT="33" CONTENT="von" WC="0.99" CC="020"/>
					</TextLine>
					<TextLine ID="P5_TL00058" HPOS="1786" VPOS="1111" WIDTH="1500" HEIGHT="72">
						<String ID="P5_ST00414" HPOS="1786" VPOS="1111" WIDTH="180" HEIGHT="48" CONTENT="Weber" WC="0.98" CC="30406"/>
						<SP ID="P5_SP00357" HPOS="1966" VPOS="1159" WIDTH="46"/>
						<String ID="P5_ST00415" HPOS="2012" VPOS="1111" WIDTH="91" HEIGHT="48" CONTENT="und" WC="0.97" CC="060"/>
						<SP ID="P5_SP00358" HPOS="2103" VPOS="1159" WIDTH="44"/>
						<String ID="P5_ST00416" HPOS="2147" VPOS="1130" WIDTH="68" HEIGHT="31" CONTENT="ein" WC="0.93" CC="737"/>
						<SP ID="P5_SP00359" HPOS="2215" VPOS="1161" WIDTH="33"/>
						<String ID="P5_ST00417" HPOS="2248" VPOS="1115" WIDTH="141" HEIGHT="47" CONTENT="Duett" WC="0.97" CC="64750"/>
						<SP ID="P5_SP00360" HPOS="2389" VPOS="1162" WIDTH="41"/>
						<String ID="P5_ST00418" HPOS="2430" VPOS="1131" WIDTH="80" HEIGHT="32" CONTENT="aus" WC="0.95" CC="750"/>
						<SP ID="P5_SP00361" HPOS="2510" VPOS="1163" WIDTH="29"/>
						<String ID="P5_ST00419" HPOS="2539" VPOS="1116" WIDTH="100" HEIGHT="48" CONTENT="dem" WC="0.94" CC="077"/>
						<SP ID="P5_SP00362" HPOS="2639" VPOS="1164" WIDTH="41"/>
						<String ID="P5_ST00420" HPOS="2680" VPOS="1119" WIDTH="304" HEIGHT="64" CONTENT="„Fliegenden" WC="0.98" CC="34747077077"/>
						<SP ID="P5_SP00363" HPOS="2984" VPOS="1183" WIDTH="30"/>
						<String ID="P5_ST00421" HPOS="3014" VPOS="1122" WIDTH="272" HEIGHT="50" CONTENT='Holländer"' WC="0.99" CC="7076070707"/>
					</TextLine>
					<TextLine ID="P5_TL00059" HPOS="1786" VPOS="1190" WIDTH="1512" HEIGHT="71">
						<String ID="P5_ST00422" HPOS="1786" VPOS="1205" WIDTH="84" HEIGHT="31" CONTENT="von" WC="1.00" CC="000"/>
						<SP ID="P5_SP00364" HPOS="1870" VPOS="1236" WIDTH="30"/>
						<String ID="P5_ST00423" HPOS="1900" VPOS="1190" WIDTH="54" HEIGHT="47" CONTENT="R." WC="0.56" CC="52"/>
						<SP ID="P5_SP00365" HPOS="1954" VPOS="1237" WIDTH="33"/>
						<String ID="P5_ST00424" HPOS="1987" VPOS="1190" WIDTH="224" HEIGHT="65" CONTENT="Wagner," WC="0.99" CC="3005023"/>
						<SP ID="P5_SP00366" HPOS="2211" VPOS="1255" WIDTH="30"/>
						<String ID="P5_ST00425" HPOS="2241" VPOS="1192" WIDTH="202" HEIGHT="49" CONTENT="letzteres" WC="1.00" CC="107500000"/>
						<SP ID="P5_SP00367" HPOS="2443" VPOS="1255" WIDTH="30"/>
						<String ID="P5_ST00426" HPOS="2473" VPOS="1194" WIDTH="79" HEIGHT="47" CONTENT="mit" WC="0.97" CC="700"/>
						<SP ID="P5_SP00368" HPOS="2552" VPOS="1255" WIDTH="28"/>
						<String ID="P5_ST00427" HPOS="2580" VPOS="1194" WIDTH="101" HEIGHT="48" CONTENT="dem" WC="0.98" CC="006"/>
						<SP ID="P5_SP00369" HPOS="2681" VPOS="1255" WIDTH="32"/>
						<String ID="P5_ST00428" HPOS="2713" VPOS="1196" WIDTH="198" HEIGHT="65" CONTENT="hiesigen" WC="0.99" CC="70000004"/>
						<SP ID="P5_SP00370" HPOS="2911" VPOS="1261" WIDTH="29"/>
						<String ID="P5_ST00429" HPOS="2940" VPOS="1199" WIDTH="104" HEIGHT="47" CONTENT="sehr" WC="1.00" CC="0000"/>
						<SP ID="P5_SP00371" HPOS="3044" VPOS="1261" WIDTH="31"/>
						<String ID="P5_ST00430" HPOS="3075" VPOS="1200" WIDTH="223" HEIGHT="51" CONTENT="beliebten" WC="0.99" CC="400605202"/>
					</TextLine>
					<TextLine ID="P5_TL00060" HPOS="1785" VPOS="1266" WIDTH="1513" HEIGHT="71">
						<String ID="P5_ST00431" HPOS="1785" VPOS="1266" WIDTH="326" HEIGHT="66" CONTENT="Opernsänger" WC="1.00" CC="70042004000"/>
						<SP ID="P5_SP00372" HPOS="2111" VPOS="1332" WIDTH="44"/>
						<String ID="P5_ST00432" HPOS="2155" VPOS="1270" WIDTH="150" HEIGHT="47" CONTENT="Herrn" WC="0.99" CC="00050"/>
						<SP ID="P5_SP00373" HPOS="2305" VPOS="1332" WIDTH="46"/>
						<String ID="P5_ST00433" HPOS="2351" VPOS="1270" WIDTH="235" HEIGHT="65" CONTENT="Rieger," WC="0.99" CC="5109002"/>
						<SP ID="P5_SP00374" HPOS="2586" VPOS="1335" WIDTH="39"/>
						<String ID="P5_ST00434" HPOS="2625" VPOS="1280" WIDTH="201" HEIGHT="57" CONTENT="vortrug," WC="0.99" CC="00063000"/>
						<SP ID="P5_SP00375" HPOS="2826" VPOS="1337" WIDTH="56"/>
						<String ID="P5_ST00435" HPOS="2882" VPOS="1275" WIDTH="258" HEIGHT="49" CONTENT="ausserdem" WC="0.99" CC="455400006"/>
						<SP ID="P5_SP00376" HPOS="3140" VPOS="1337" WIDTH="44"/>
						<String ID="P5_ST00436" HPOS="3184" VPOS="1280" WIDTH="114" HEIGHT="47" CONTENT="auch" WC="0.97" CC="1606"/>
					</TextLine>
					<TextLine ID="P5_TL00061" HPOS="1785" VPOS="1343" WIDTH="1512" HEIGHT="75">
						<String ID="P5_ST00437" HPOS="1785" VPOS="1343" WIDTH="110" HEIGHT="47" CONTENT="zwei" WC="0.98" CC="5005"/>
						<SP ID="P5_SP00377" HPOS="1895" VPOS="1390" WIDTH="31"/>
						<String ID="P5_ST00438" HPOS="1926" VPOS="1343" WIDTH="166" HEIGHT="49" CONTENT="Lieder" WC="1.00" CC="000000"/>
						<SP ID="P5_SP00378" HPOS="2092" VPOS="1392" WIDTH="27"/>
						<String ID="P5_ST00439" HPOS="2119" VPOS="1360" WIDTH="83" HEIGHT="32" CONTENT="von" WC="0.98" CC="004"/>
						<SP ID="P5_SP00379" HPOS="2202" VPOS="1392" WIDTH="30"/>
						<String ID="P5_ST00440" HPOS="2232" VPOS="1346" WIDTH="227" HEIGHT="48" CONTENT="Schubert" WC="0.99" CC="30244102"/>
						<SP ID="P5_SP00380" HPOS="2459" VPOS="1394" WIDTH="43"/>
						<String ID="P5_ST00441" HPOS="2502" VPOS="1347" WIDTH="89" HEIGHT="49" CONTENT="und" WC="1.00" CC="000"/>
						<SP ID="P5_SP00381" HPOS="2591" VPOS="1396" WIDTH="36"/>
						<String ID="P5_ST00442" HPOS="2627" VPOS="1350" WIDTH="50" HEIGHT="47" CONTENT="R." WC="0.65" CC="60"/>
						<SP ID="P5_SP00382" HPOS="2677" VPOS="1397" WIDTH="33"/>
						<String ID="P5_ST00443" HPOS="2710" VPOS="1350" WIDTH="141" HEIGHT="48" CONTENT="Franz" WC="0.97" CC="41057"/>
						<SP ID="P5_SP00383" HPOS="2851" VPOS="1398" WIDTH="41"/>
						<String ID="P5_ST00444" HPOS="2892" VPOS="1351" WIDTH="405" HEIGHT="67" CONTENT="empfindungsvoll" WC="1.00" CC="050000706900040"/>
					</TextLine>
					<TextLine ID="P5_TL00062" HPOS="1782" VPOS="1421" WIDTH="1515" HEIGHT="71">
						<String ID="P5_ST00445" HPOS="1782" VPOS="1436" WIDTH="114" HEIGHT="50" CONTENT="sang" WC="0.99" CC="3000"/>
						<SP ID="P5_SP00384" HPOS="1896" VPOS="1486" WIDTH="31"/>
						<String ID="P5_ST00446" HPOS="1927" VPOS="1421" WIDTH="90" HEIGHT="48" CONTENT="und" WC="0.98" CC="400"/>
						<SP ID="P5_SP00385" HPOS="2017" VPOS="1486" WIDTH="32"/>
						<String ID="P5_ST00447" HPOS="2049" VPOS="1422" WIDTH="76" HEIGHT="48" CONTENT="für" WC="1.00" CC="000"/>
						<SP ID="P5_SP00386" HPOS="2125" VPOS="1486" WIDTH="37"/>
						<String ID="P5_ST00448" HPOS="2162" VPOS="1422" WIDTH="96" HEIGHT="50" CONTENT="ihre" WC="0.97" CC="0650"/>
						<SP ID="P5_SP00387" HPOS="2258" VPOS="1486" WIDTH="38"/>
						<String ID="P5_ST00449" HPOS="2296" VPOS="1423" WIDTH="257" HEIGHT="50" CONTENT="trefflichen" WC="0.99" CC="00067000606"/>
						<SP ID="P5_SP00388" HPOS="2553" VPOS="1486" WIDTH="29"/>
						<String ID="P5_ST00450" HPOS="2582" VPOS="1426" WIDTH="275" HEIGHT="66" CONTENT="Leistungen" WC="1.00" CC="0000005000"/>
						<SP ID="P5_SP00389" HPOS="2857" VPOS="1492" WIDTH="30"/>
						<String ID="P5_ST00451" HPOS="2887" VPOS="1429" WIDTH="84" HEIGHT="48" CONTENT="den" WC="1.00" CC="000"/>
						<SP ID="P5_SP00390" HPOS="2971" VPOS="1492" WIDTH="30"/>
						<String ID="P5_ST00452" HPOS="3001" VPOS="1431" WIDTH="296" HEIGHT="51" CONTENT="lebhaftesten" WC="0.99" CC="501728500206"/>
					</TextLine>
					<TextLine ID="P5_TL00063" HPOS="1786" VPOS="1498" WIDTH="1511" HEIGHT="73">
						<String ID="P5_ST00453" HPOS="1786" VPOS="1498" WIDTH="157" HEIGHT="49" CONTENT="Beifall" WC="0.99" CC="6006220"/>
						<SP ID="P5_SP00391" HPOS="1943" VPOS="1547" WIDTH="31"/>
						<String ID="P5_ST00454" HPOS="1974" VPOS="1502" WIDTH="188" HEIGHT="46" CONTENT="ärntete." WC="0.95" CC="00000102"/>
						<SP ID="P5_SP00392" HPOS="2162" VPOS="1548" WIDTH="35"/>
						<String ID="P5_ST00455" HPOS="2197" VPOS="1501" WIDTH="87" HEIGHT="48" CONTENT="Die" WC="0.98" CC="400"/>
						<SP ID="P5_SP00393" HPOS="2284" VPOS="1549" WIDTH="26"/>
						<String ID="P5_ST00456" HPOS="2310" VPOS="1517" WIDTH="79" HEIGHT="32" CONTENT="vor" WC="1.00" CC="000"/>
						<SP ID="P5_SP00394" HPOS="2389" VPOS="1549" WIDTH="29"/>
						<String ID="P5_ST00457" HPOS="2418" VPOS="1501" WIDTH="92" HEIGHT="48" CONTENT="und" WC="1.00" CC="000"/>
						<SP ID="P5_SP00395" HPOS="2510" VPOS="1549" WIDTH="29"/>
						<String ID="P5_ST00458" HPOS="2539" VPOS="1503" WIDTH="218" HEIGHT="49" CONTENT="zwischen" WC="1.00" CC="60000300"/>
						<SP ID="P5_SP00396" HPOS="2757" VPOS="1552" WIDTH="31"/>
						<String ID="P5_ST00459" HPOS="2788" VPOS="1505" WIDTH="85" HEIGHT="48" CONTENT="den" WC="0.98" CC="006"/>
						<SP ID="P5_SP00397" HPOS="2873" VPOS="1553" WIDTH="32"/>
						<String ID="P5_ST00460" HPOS="2905" VPOS="1506" WIDTH="364" HEIGHT="65" CONTENT="Gesang-Vorträ" SUBS_TYPE="HypPart1" SUBS_CONTENT="Gesang-Vorträgen" WC="1.00" CC="0000290002600"/>
						<HYP HPOS="3269" VPOS="1506" WIDTH="28" CONTENT="-"/>
					</TextLine>
					<TextLine ID="P5_TL00064" HPOS="1785" VPOS="1577" WIDTH="1517" HEIGHT="62">
						<String ID="P5_ST00461" HPOS="1785" VPOS="1594" WIDTH="87" HEIGHT="45" CONTENT="gen" SUBS_TYPE="HypPart2" SUBS_CONTENT="Gesang-Vorträgen" WC="0.96" CC="038"/>
						<SP ID="P5_SP00398" HPOS="1872" VPOS="1639" WIDTH="31"/>
						<String ID="P5_ST00462" HPOS="1903" VPOS="1594" WIDTH="53" HEIGHT="30" CONTENT="zu" WC="0.68" CC="60"/>
						<SP ID="P5_SP00399" HPOS="1956" VPOS="1639" WIDTH="31"/>
						<String ID="P5_ST00463" HPOS="1987" VPOS="1577" WIDTH="156" HEIGHT="50" CONTENT="Gehör" WC="0.98" CC="00722"/>
						<SP ID="P5_SP00400" HPOS="2143" VPOS="1639" WIDTH="29"/>
						<String ID="P5_ST00464" HPOS="2172" VPOS="1577" WIDTH="305" HEIGHT="51" CONTENT="kommenden" WC="0.99" CC="044603003"/>
						<SP ID="P5_SP00401" HPOS="2477" VPOS="1639" WIDTH="28"/>
						<String ID="P5_ST00465" HPOS="2505" VPOS="1581" WIDTH="510" HEIGHT="51" CONTENT="Instrumental-Piecen" WC="0.68" CC="3134055460031750006"/>
						<SP ID="P5_SP00402" HPOS="3015" VPOS="1639" WIDTH="41"/>
						<String ID="P5_ST00466" HPOS="3056" VPOS="1585" WIDTH="246" HEIGHT="52" CONTENT="bestanden" WC="1.00" CC="100405000"/>
					</TextLine>
					<TextLine ID="P5_TL00065" HPOS="1786" VPOS="1652" WIDTH="1519" HEIGHT="71">
						<String ID="P5_ST00467" HPOS="1786" VPOS="1653" WIDTH="42" HEIGHT="47" CONTENT="in" WC="0.67" CC="06"/>
						<SP ID="P5_SP00403" HPOS="1828" VPOS="1700" WIDTH="40"/>
						<String ID="P5_ST00468" HPOS="1868" VPOS="1652" WIDTH="87" HEIGHT="50" CONTENT="den" WC="0.99" CC="003"/>
						<SP ID="P5_SP00404" HPOS="1955" VPOS="1702" WIDTH="44"/>
						<String ID="P5_ST00469" HPOS="1999" VPOS="1655" WIDTH="291" HEIGHT="49" CONTENT="Ouvertüren" WC="0.99" CC="4001025404"/>
						<SP ID="P5_SP00405" HPOS="2290" VPOS="1704" WIDTH="42"/>
						<String ID="P5_ST00470" HPOS="2332" VPOS="1674" WIDTH="51" HEIGHT="30" CONTENT="zu" WC="0.63" CC="70"/>
						<SP ID="P5_SP00406" HPOS="2383" VPOS="1704" WIDTH="42"/>
						<String ID="P5_ST00471" HPOS="2425" VPOS="1657" WIDTH="320" HEIGHT="66" CONTENT='„Euryanthe"' WC="0.88" CC="30040000004"/>
						<SP ID="P5_SP00407" HPOS="2745" VPOS="1723" WIDTH="39"/>
						<String ID="P5_ST00472" HPOS="2784" VPOS="1676" WIDTH="83" HEIGHT="33" CONTENT="von" WC="0.97" CC="036"/>
						<SP ID="P5_SP00408" HPOS="2867" VPOS="1723" WIDTH="34"/>
						<String ID="P5_ST00473" HPOS="2901" VPOS="1661" WIDTH="177" HEIGHT="50" CONTENT="Weber" WC="0.99" CC="00602"/>
						<SP ID="P5_SP00409" HPOS="3078" VPOS="1723" WIDTH="41"/>
						<String ID="P5_ST00474" HPOS="3119" VPOS="1664" WIDTH="91" HEIGHT="48" CONTENT="und" WC="0.99" CC="030"/>
						<SP ID="P5_SP00410" HPOS="3210" VPOS="1723" WIDTH="40"/>
						<String ID="P5_ST00475" HPOS="3250" VPOS="1683" WIDTH="55" HEIGHT="31" CONTENT="zu" WC="0.55" CC="62"/>
					</TextLine>
					<TextLine ID="P5_TL00066" HPOS="1796" VPOS="1731" WIDTH="1506" HEIGHT="72">
						<String ID="P5_ST00476" HPOS="1796" VPOS="1731" WIDTH="173" HEIGHT="56" CONTENT="„Julius" WC="0.99" CC="2604700"/>
						<SP ID="P5_SP00411" HPOS="1969" VPOS="1787" WIDTH="32"/>
						<String ID="P5_ST00477" HPOS="2001" VPOS="1732" WIDTH="163" HEIGHT="48" CONTENT='Cäsar"' WC="0.98" CC="700207"/>
						<SP ID="P5_SP00412" HPOS="2164" VPOS="1787" WIDTH="36"/>
						<String ID="P5_ST00478" HPOS="2200" VPOS="1750" WIDTH="82" HEIGHT="32" CONTENT="von" WC="0.96" CC="038"/>
						<SP ID="P5_SP00413" HPOS="2282" VPOS="1787" WIDTH="25"/>
						<String ID="P5_ST00479" HPOS="2307" VPOS="1735" WIDTH="263" HEIGHT="48" CONTENT="Schumann" WC="0.99" CC="00505077"/>
						<SP ID="P5_SP00414" HPOS="2570" VPOS="1787" WIDTH="29"/>
						<String ID="P5_ST00480" HPOS="2599" VPOS="1735" WIDTH="138" HEIGHT="64" CONTENT="(diese" WC="1.00" CC="004000"/>
						<SP ID="P5_SP00415" HPOS="2737" VPOS="1799" WIDTH="27"/>
						<String ID="P5_ST00481" HPOS="2764" VPOS="1755" WIDTH="100" HEIGHT="30" CONTENT="zum" WC="0.95" CC="605"/>
						<SP ID="P5_SP00416" HPOS="2864" VPOS="1799" WIDTH="32"/>
						<String ID="P5_ST00482" HPOS="2896" VPOS="1747" WIDTH="147" HEIGHT="40" CONTENT="ersten" WC="0.99" CC="020005"/>
						<SP ID="P5_SP00417" HPOS="3043" VPOS="1799" WIDTH="27"/>
						<String ID="P5_ST00483" HPOS="3070" VPOS="1741" WIDTH="154" HEIGHT="62" CONTENT="Male)," WC="0.99" CC="504000"/>
						<SP ID="P5_SP00418" HPOS="3224" VPOS="1803" WIDTH="29"/>
						<String ID="P5_ST00484" HPOS="3253" VPOS="1759" WIDTH="49" HEIGHT="33" CONTENT="so" WC="0.52" CC="35"/>
					</TextLine>
					<TextLine ID="P5_TL00067" HPOS="1786" VPOS="1810" WIDTH="1514" HEIGHT="62">
						<String ID="P5_ST00485" HPOS="1786" VPOS="1810" WIDTH="86" HEIGHT="47" CONTENT="wie" WC="1.00" CC="000"/>
						<SP ID="P5_SP00419" HPOS="1872" VPOS="1857" WIDTH="29"/>
						<String ID="P5_ST00486" HPOS="1901" VPOS="1810" WIDTH="42" HEIGHT="48" CONTENT="in" WC="0.70" CC="05"/>
						<SP ID="P5_SP00420" HPOS="1943" VPOS="1858" WIDTH="32"/>
						<String ID="P5_ST00487" HPOS="1975" VPOS="1810" WIDTH="80" HEIGHT="48" CONTENT="der" WC="0.99" CC="003"/>
						<SP ID="P5_SP00421" HPOS="2055" VPOS="1858" WIDTH="20"/>
						<String ID="P5_ST00488" HPOS="2075" VPOS="1811" WIDTH="202" HEIGHT="49" CONTENT="Sinfonie" WC="0.99" CC="50264000"/>
						<SP ID="P5_SP00422" HPOS="2277" VPOS="1860" WIDTH="23"/>
						<String ID="P5_ST00489" HPOS="2300" VPOS="1829" WIDTH="80" HEIGHT="33" CONTENT="aus" WC="0.98" CC="004"/>
						<SP ID="P5_SP00423" HPOS="2380" VPOS="1862" WIDTH="651"/>
						<String ID="P5_ST00490" HPOS="3031" VPOS="1812" WIDTH="165" HEIGHT="51" CONTENT="B-dur" WC="0.73" CC="60060" STYLEREFS="TXT_1"/>
						<String ID="P5_ST00491" HPOS="2590" VPOS="1831" WIDTH="82" HEIGHT="32" CONTENT="von" WC="0.97" CC="007"/>
						<SP ID="P5_SP00424" HPOS="3196" VPOS="1863" WIDTH="-501"/>
						<String ID="P5_ST00492" HPOS="2695" VPOS="1816" WIDTH="277" HEIGHT="56" CONTENT="Beethoven," WC="0.99" CC="4010007664"/>
						<SP ID="P5_SP00425" HPOS="3196" VPOS="1872" WIDTH="-193"/>
						<String ID="P5_ST00493" HPOS="3003" VPOS="1818" WIDTH="69" HEIGHT="47" CONTENT="bei" WC="0.97" CC="304"/>
						<SP ID="P5_SP00426" HPOS="3196" VPOS="1872" WIDTH="-98"/>
						<String ID="P5_ST00494" HPOS="3098" VPOS="1821" WIDTH="202" HEIGHT="48" CONTENT="welchen" WC="0.99" CC="0000407"/>
					</TextLine>
					<TextLine ID="P5_TL00068" HPOS="1787" VPOS="1886" WIDTH="1518" HEIGHT="75">
						<String ID="P5_ST00495" HPOS="1787" VPOS="1886" WIDTH="70" HEIGHT="47" CONTENT="die" WC="1.00" CC="000"/>
						<SP ID="P5_SP00427" HPOS="1857" VPOS="1933" WIDTH="23"/>
						<String ID="P5_ST00496" HPOS="1880" VPOS="1887" WIDTH="336" HEIGHT="65" CONTENT="schwungvolle" WC="1.00" CC="031032000030"/>
						<SP ID="P5_SP00428" HPOS="2216" VPOS="1952" WIDTH="17"/>
						<String ID="P5_ST00497" HPOS="2233" VPOS="1890" WIDTH="301" HEIGHT="66" CONTENT="Aufführung" WC="0.99" CC="4000004509"/>
						<SP ID="P5_SP00429" HPOS="2534" VPOS="1956" WIDTH="24"/>
						<String ID="P5_ST00498" HPOS="2558" VPOS="1907" WIDTH="81" HEIGHT="32" CONTENT="von" WC="0.98" CC="013"/>
						<SP ID="P5_SP00430" HPOS="2639" VPOS="1956" WIDTH="24"/>
						<String ID="P5_ST00499" HPOS="2663" VPOS="1893" WIDTH="262" HEIGHT="49" CONTENT="zündender" WC="1.00" CC="500006000"/>
						<SP ID="P5_SP00431" HPOS="2925" VPOS="1956" WIDTH="20"/>
						<String ID="P5_ST00500" HPOS="2945" VPOS="1895" WIDTH="232" HEIGHT="66" CONTENT="Wirkung" WC="0.98" CC="0013469"/>
						<SP ID="P5_SP00432" HPOS="3177" VPOS="1961" WIDTH="17"/>
						<String ID="P5_ST00501" HPOS="3194" VPOS="1914" WIDTH="111" HEIGHT="31" CONTENT="war." WC="0.99" CC="0014"/>
					</TextLine>
					<TextLine ID="P5_TL00069" HPOS="1905" VPOS="1966" WIDTH="1397" HEIGHT="57">
						<String ID="P5_ST00502" HPOS="1905" VPOS="1966" WIDTH="92" HEIGHT="47" CONTENT="Das" WC="1.00" CC="000"/>
						<SP ID="P5_SP00433" HPOS="1997" VPOS="2013" WIDTH="42"/>
						<String ID="P5_ST00503" HPOS="2039" VPOS="1967" WIDTH="155" HEIGHT="47" CONTENT="zweite" WC="0.99" CC="600080"/>
						<SP ID="P5_SP00434" HPOS="2194" VPOS="2014" WIDTH="39"/>
						<String ID="P5_ST00504" HPOS="2233" VPOS="1967" WIDTH="194" HEIGHT="48" CONTENT="Concert" WC="0.88" CC="2400001"/>
						<SP ID="P5_SP00435" HPOS="2427" VPOS="2015" WIDTH="42"/>
						<String ID="P5_ST00505" HPOS="2469" VPOS="1985" WIDTH="71" HEIGHT="30" CONTENT="am" WC="0.88" CC="02"/>
						<SP ID="P5_SP00436" HPOS="2540" VPOS="2015" WIDTH="45"/>
						<String ID="P5_ST00506" HPOS="2585" VPOS="1968" WIDTH="86" HEIGHT="50" CONTENT="24." WC="0.71" CC="701"/>
						<SP ID="P5_SP00437" HPOS="2671" VPOS="2018" WIDTH="32"/>
						<String ID="P5_ST00507" HPOS="2703" VPOS="1971" WIDTH="206" HEIGHT="48" CONTENT="October" WC="0.78" CC="2060320"/>
						<SP ID="P5_SP00438" HPOS="2909" VPOS="2019" WIDTH="42"/>
						<String ID="P5_ST00508" HPOS="2951" VPOS="1973" WIDTH="218" HEIGHT="49" CONTENT="markirte" WC="0.88" CC="40500000"/>
						<SP ID="P5_SP00439" HPOS="3169" VPOS="2022" WIDTH="41"/>
						<String ID="P5_ST00509" HPOS="3210" VPOS="1976" WIDTH="92" HEIGHT="47" CONTENT="sich" WC="1.00" CC="0001"/>
					</TextLine>
					<TextLine ID="P5_TL00070" HPOS="1787" VPOS="2039" WIDTH="1517" HEIGHT="61">
						<String ID="P5_ST00510" HPOS="1787" VPOS="2039" WIDTH="142" HEIGHT="51" CONTENT="durch" WC="0.99" CC="90000"/>
						<SP ID="P5_SP00440" HPOS="1929" VPOS="2090" WIDTH="32"/>
						<String ID="P5_ST00511" HPOS="1961" VPOS="2042" WIDTH="70" HEIGHT="48" CONTENT="ein" WC="1.00" CC="000"/>
						<SP ID="P5_SP00441" HPOS="2031" VPOS="2090" WIDTH="31"/>
						<String ID="P5_ST00512" HPOS="2062" VPOS="2060" WIDTH="139" HEIGHT="32" CONTENT="neues" WC="1.00" CC="00000"/>
						<SP ID="P5_SP00442" HPOS="2201" VPOS="2092" WIDTH="33"/>
						<String ID="P5_ST00513" HPOS="2234" VPOS="2045" WIDTH="370" HEIGHT="49" CONTENT="Violin-Concert" WC="1.00" CC="30131044010000"/>
						<SP ID="P5_SP00443" HPOS="2604" VPOS="2094" WIDTH="28"/>
						<String ID="P5_ST00514" HPOS="2632" VPOS="2064" WIDTH="82" HEIGHT="31" CONTENT="von" WC="0.97" CC="016"/>
						<SP ID="P5_SP00444" HPOS="2714" VPOS="2095" WIDTH="32"/>
						<String ID="P5_ST00515" HPOS="2746" VPOS="2048" WIDTH="150" HEIGHT="49" CONTENT="Herrn" WC="0.99" CC="30006"/>
						<SP ID="P5_SP00445" HPOS="2896" VPOS="2097" WIDTH="43"/>
						<String ID="P5_ST00516" HPOS="2939" VPOS="2050" WIDTH="80" HEIGHT="48" CONTENT="Dr." WC="0.99" CC="200"/>
						<SP ID="P5_SP00446" HPOS="3019" VPOS="2098" WIDTH="38"/>
						<String ID="P5_ST00517" HPOS="3057" VPOS="2051" WIDTH="50" HEIGHT="48" CONTENT="L." WC="0.81" CC="03"/>
						<SP ID="P5_SP00447" HPOS="3107" VPOS="2099" WIDTH="31"/>
						<String ID="P5_ST00518" HPOS="3138" VPOS="2052" WIDTH="133" HEIGHT="48" CONTENT="Dara" SUBS_TYPE="HypPart1" SUBS_CONTENT="Dararosch," WC="0.89" CC="2000"/>
						<HYP HPOS="3271" VPOS="2052" WIDTH="33" CONTENT="-"/>
					</TextLine>
					<TextLine ID="P5_TL00071" HPOS="1786" VPOS="2119" WIDTH="1519" HEIGHT="75">
						<String ID="P5_ST00519" HPOS="1786" VPOS="2119" WIDTH="184" HEIGHT="58" CONTENT="rosch," SUBS_TYPE="HypPart2" SUBS_CONTENT="Dararosch," WC="0.75" CC="033043"/>
						<SP ID="P5_SP00448" HPOS="1970" VPOS="2177" WIDTH="25"/>
						<String ID="P5_ST00520" HPOS="1995" VPOS="2119" WIDTH="69" HEIGHT="50" CONTENT="bei" WC="0.98" CC="400"/>
						<SP ID="P5_SP00449" HPOS="2064" VPOS="2177" WIDTH="24"/>
						<String ID="P5_ST00521" HPOS="2088" VPOS="2121" WIDTH="158" HEIGHT="49" CONTENT="dessen" WC="0.99" CC="000105"/>
						<SP ID="P5_SP00450" HPOS="2246" VPOS="2177" WIDTH="19"/>
						<String ID="P5_ST00522" HPOS="2265" VPOS="2123" WIDTH="199" HEIGHT="65" CONTENT="Vortrag" WC="0.99" CC="0226340"/>
						<SP ID="P5_SP00451" HPOS="2464" VPOS="2188" WIDTH="17"/>
						<String ID="P5_ST00523" HPOS="2481" VPOS="2123" WIDTH="207" HEIGHT="50" CONTENT="derselbe" WC="0.99" CC="90030630"/>
						<SP ID="P5_SP00452" HPOS="2688" VPOS="2188" WIDTH="19"/>
						<String ID="P5_ST00524" HPOS="2707" VPOS="2126" WIDTH="120" HEIGHT="48" CONTENT="seine" WC="0.99" CC="30060"/>
						<SP ID="P5_SP00453" HPOS="2827" VPOS="2188" WIDTH="18"/>
						<String ID="P5_ST00525" HPOS="2845" VPOS="2127" WIDTH="276" HEIGHT="64" CONTENT="glänzenden" WC="0.99" CC="0305705000"/>
						<SP ID="P5_SP00454" HPOS="3121" VPOS="2191" WIDTH="17"/>
						<String ID="P5_ST00526" HPOS="3138" VPOS="2128" WIDTH="140" HEIGHT="66" CONTENT="Eigen" SUBS_TYPE="HypPart1" SUBS_CONTENT="Eigenschaften" WC="0.98" CC="05806"/>
						<HYP HPOS="3278" VPOS="2128" WIDTH="27" CONTENT="-"/>
					</TextLine>
					<TextLine ID="P5_TL00072" HPOS="1785" VPOS="2197" WIDTH="1519" HEIGHT="72">
						<String ID="P5_ST00527" HPOS="1785" VPOS="2197" WIDTH="202" HEIGHT="49" CONTENT="schaften" SUBS_TYPE="HypPart2" SUBS_CONTENT="Eigenschaften" WC="0.99" CC="00600500"/>
						<SP ID="P5_SP00455" HPOS="1987" VPOS="2246" WIDTH="31"/>
						<String ID="P5_ST00528" HPOS="2018" VPOS="2199" WIDTH="63" HEIGHT="47" CONTENT="als" WC="0.96" CC="206"/>
						<SP ID="P5_SP00456" HPOS="2081" VPOS="2246" WIDTH="25"/>
						<String ID="P5_ST00529" HPOS="2106" VPOS="2199" WIDTH="212" HEIGHT="50" CONTENT="Virtuose" WC="0.99" CC="10350400"/>
						<SP ID="P5_SP00457" HPOS="2318" VPOS="2249" WIDTH="23"/>
						<String ID="P5_ST00530" HPOS="2341" VPOS="2201" WIDTH="85" HEIGHT="48" CONTENT="wie" WC="1.00" CC="000"/>
						<SP ID="P5_SP00458" HPOS="2426" VPOS="2249" WIDTH="23"/>
						<String ID="P5_ST00531" HPOS="2449" VPOS="2202" WIDTH="62" HEIGHT="47" CONTENT="als" WC="0.99" CC="010"/>
						<SP ID="P5_SP00459" HPOS="2511" VPOS="2249" WIDTH="24"/>
						<String ID="P5_ST00532" HPOS="2535" VPOS="2202" WIDTH="351" HEIGHT="65" CONTENT="reichbegabter" WC="1.00" CC="3010750000500"/>
						<SP ID="P5_SP00460" HPOS="2886" VPOS="2267" WIDTH="24"/>
						<String ID="P5_ST00533" HPOS="2910" VPOS="2205" WIDTH="263" HEIGHT="64" CONTENT="Componist" WC="0.85" CC="002006002"/>
						<SP ID="P5_SP00461" HPOS="3173" VPOS="2269" WIDTH="24"/>
						<String ID="P5_ST00534" HPOS="3197" VPOS="2208" WIDTH="81" HEIGHT="49" CONTENT="wie" SUBS_TYPE="HypPart1" SUBS_CONTENT="wiederum" WC="0.99" CC="000"/>
						<HYP HPOS="3278" VPOS="2208" WIDTH="26" CONTENT="-"/>
					</TextLine>
					<TextLine ID="P5_TL00073" HPOS="1786" VPOS="2273" WIDTH="1519" HEIGHT="61">
						<String ID="P5_ST00535" HPOS="1786" VPOS="2273" WIDTH="162" HEIGHT="50" CONTENT="derum" SUBS_TYPE="HypPart2" SUBS_CONTENT="wiederum" WC="0.98" CC="00227"/>
						<SP ID="P5_SP00462" HPOS="1948" VPOS="2323" WIDTH="23"/>
						<String ID="P5_ST00536" HPOS="1971" VPOS="2276" WIDTH="304" HEIGHT="58" CONTENT="entwickelte," WC="1.00" CC="055000000504"/>
						<SP ID="P5_SP00463" HPOS="2275" VPOS="2334" WIDTH="23"/>
						<String ID="P5_ST00537" HPOS="2298" VPOS="2293" WIDTH="92" HEIGHT="33" CONTENT="was" WC="0.99" CC="011"/>
						<SP ID="P5_SP00464" HPOS="2390" VPOS="2334" WIDTH="25"/>
						<String ID="P5_ST00538" HPOS="2415" VPOS="2277" WIDTH="69" HEIGHT="49" CONTENT="die" WC="0.98" CC="040"/>
						<SP ID="P5_SP00465" HPOS="2484" VPOS="2334" WIDTH="23"/>
						<String ID="P5_ST00539" HPOS="2507" VPOS="2278" WIDTH="253" HEIGHT="50" CONTENT="zahlreiche" WC="0.99" CC="7062100060"/>
						<SP ID="P5_SP00466" HPOS="2760" VPOS="2334" WIDTH="22"/>
						<String ID="P5_ST00540" HPOS="2782" VPOS="2281" WIDTH="354" HEIGHT="51" CONTENT="Zuhörerschaft" WC="0.99" CC="0565500006006"/>
						<SP ID="P5_SP00467" HPOS="3136" VPOS="2334" WIDTH="25"/>
						<String ID="P5_ST00541" HPOS="3161" VPOS="2282" WIDTH="144" HEIGHT="51" CONTENT="durch" WC="0.99" CC="04006"/>
					</TextLine>
					<TextLine ID="P5_TL00074" HPOS="1787" VPOS="2353" WIDTH="1518" HEIGHT="59">
						<String ID="P5_ST00542" HPOS="1787" VPOS="2353" WIDTH="315" HEIGHT="50" CONTENT="rauschenden" WC="1.00" CC="00020600000"/>
						<SP ID="P5_SP00468" HPOS="2102" VPOS="2403" WIDTH="26"/>
						<String ID="P5_ST00543" HPOS="2128" VPOS="2356" WIDTH="156" HEIGHT="48" CONTENT="Beifall" WC="0.99" CC="0309006"/>
						<SP ID="P5_SP00469" HPOS="2284" VPOS="2404" WIDTH="32"/>
						<String ID="P5_ST00544" HPOS="2316" VPOS="2356" WIDTH="91" HEIGHT="48" CONTENT="und" WC="0.97" CC="070"/>
						<SP ID="P5_SP00470" HPOS="2407" VPOS="2404" WIDTH="27"/>
						<String ID="P5_ST00545" HPOS="2434" VPOS="2356" WIDTH="323" HEIGHT="50" CONTENT="wiederholten" WC="0.99" CC="000003216608"/>
						<SP ID="P5_SP00471" HPOS="2757" VPOS="2406" WIDTH="26"/>
						<String ID="P5_ST00546" HPOS="2783" VPOS="2359" WIDTH="259" HEIGHT="49" CONTENT="Hervorruf" WC="0.99" CC="600040400"/>
						<SP ID="P5_SP00472" HPOS="3042" VPOS="2408" WIDTH="16"/>
						<String ID="P5_ST00547" HPOS="3058" VPOS="2361" WIDTH="78" HEIGHT="48" CONTENT="des" WC="1.00" CC="000"/>
						<SP ID="P5_SP00473" HPOS="3136" VPOS="2409" WIDTH="30"/>
						<String ID="P5_ST00548" HPOS="3166" VPOS="2362" WIDTH="112" HEIGHT="50" CONTENT="hoch" SUBS_TYPE="HypPart1" SUBS_CONTENT="hochverdienten" WC="0.97" CC="6047"/>
						<HYP HPOS="3278" VPOS="2362" WIDTH="27" CONTENT="-"/>
					</TextLine>
					<TextLine ID="P5_TL00075" HPOS="1786" VPOS="2429" WIDTH="1514" HEIGHT="63">
						<String ID="P5_ST00549" HPOS="1786" VPOS="2429" WIDTH="260" HEIGHT="50" CONTENT="verdienten" SUBS_TYPE="HypPart2" SUBS_CONTENT="hochverdienten" WC="1.00" CC="0000400500"/>
						<SP ID="P5_SP00474" HPOS="2046" VPOS="2479" WIDTH="40"/>
						<String ID="P5_ST00550" HPOS="2086" VPOS="2432" WIDTH="237" HEIGHT="48" CONTENT="Künstlers" WC="0.99" CC="504556000"/>
						<SP ID="P5_SP00475" HPOS="2323" VPOS="2480" WIDTH="43"/>
						<String ID="P5_ST00551" HPOS="2366" VPOS="2433" WIDTH="297" HEIGHT="59" CONTENT="anerkannte," WC="0.99" CC="06130006032"/>
						<SP ID="P5_SP00476" HPOS="2663" VPOS="2492" WIDTH="44"/>
						<String ID="P5_ST00552" HPOS="2707" VPOS="2436" WIDTH="91" HEIGHT="47" CONTENT="und" WC="1.00" CC="100"/>
						<SP ID="P5_SP00477" HPOS="2798" VPOS="2492" WIDTH="29"/>
						<String ID="P5_ST00553" HPOS="2827" VPOS="2436" WIDTH="116" HEIGHT="49" CONTENT="eben" WC="0.97" CC="0407"/>
						<SP ID="P5_SP00478" HPOS="2943" VPOS="2492" WIDTH="30"/>
						<String ID="P5_ST00554" HPOS="2973" VPOS="2453" WIDTH="49" HEIGHT="32" CONTENT="so" WC="0.94" CC="01"/>
						<SP ID="P5_SP00479" HPOS="3022" VPOS="2492" WIDTH="30"/>
						<String ID="P5_ST00555" HPOS="3052" VPOS="2439" WIDTH="114" HEIGHT="47" CONTENT="auch" WC="0.99" CC="0005"/>
						<SP ID="P5_SP00480" HPOS="3166" VPOS="2492" WIDTH="31"/>
						<String ID="P5_ST00556" HPOS="3197" VPOS="2438" WIDTH="103" HEIGHT="50" CONTENT="dem" WC="0.98" CC="006"/>
					</TextLine>
					<TextLine ID="P5_TL00076" HPOS="1785" VPOS="2507" WIDTH="1516" HEIGHT="68">
						<String ID="P5_ST00557" HPOS="1785" VPOS="2507" WIDTH="249" HEIGHT="49" CONTENT="Orchester" WC="1.00" CC="510202000"/>
						<SP ID="P5_SP00481" HPOS="2034" VPOS="2556" WIDTH="21"/>
						<String ID="P5_ST00558" HPOS="2055" VPOS="2509" WIDTH="341" HEIGHT="66" CONTENT="Gerechtigkeit" WC="1.00" CC="3010071005026"/>
						<SP ID="P5_SP00482" HPOS="2396" VPOS="2575" WIDTH="29"/>
						<String ID="P5_ST00559" HPOS="2425" VPOS="2511" WIDTH="138" HEIGHT="49" CONTENT="dafür" WC="0.99" CC="00005"/>
						<SP ID="P5_SP00483" HPOS="2563" VPOS="2575" WIDTH="32"/>
						<String ID="P5_ST00560" HPOS="2595" VPOS="2512" WIDTH="301" HEIGHT="51" CONTENT="widerfahren" WC="1.00" CC="01000000103"/>
						<SP ID="P5_SP00484" HPOS="2896" VPOS="2575" WIDTH="30"/>
						<String ID="P5_ST00561" HPOS="2926" VPOS="2516" WIDTH="116" HEIGHT="54" CONTENT="liess," WC="0.84" CC="700010"/>
						<SP ID="P5_SP00485" HPOS="3042" VPOS="2575" WIDTH="30"/>
						<String ID="P5_ST00562" HPOS="3072" VPOS="2517" WIDTH="99" HEIGHT="47" CONTENT="dass" WC="0.97" CC="0000"/>
						<SP ID="P5_SP00486" HPOS="3171" VPOS="2575" WIDTH="31"/>
						<String ID="P5_ST00563" HPOS="3202" VPOS="2517" WIDTH="75" HEIGHT="48" CONTENT="das" SUBS_TYPE="HypPart1" SUBS_CONTENT="dasselbe" WC="0.99" CC="000"/>
						<HYP HPOS="3277" VPOS="2517" WIDTH="24" CONTENT="-"/>
					</TextLine>
					<TextLine ID="P5_TL00077" HPOS="1785" VPOS="2584" WIDTH="1517" HEIGHT="73">
						<String ID="P5_ST00564" HPOS="1785" VPOS="2584" WIDTH="124" HEIGHT="50" CONTENT="selbe" SUBS_TYPE="HypPart2" SUBS_CONTENT="dasselbe" WC="0.98" CC="60420"/>
						<SP ID="P5_SP00487" HPOS="1909" VPOS="2634" WIDTH="28"/>
						<String ID="P5_ST00565" HPOS="1937" VPOS="2587" WIDTH="123" HEIGHT="47" CONTENT="seine" WC="0.98" CC="60070"/>
						<SP ID="P5_SP00488" HPOS="2060" VPOS="2634" WIDTH="28"/>
						<String ID="P5_ST00566" HPOS="2088" VPOS="2588" WIDTH="269" HEIGHT="64" CONTENT="schwierige" WC="1.00" CC="6050000000"/>
						<SP ID="P5_SP00489" HPOS="2357" VPOS="2652" WIDTH="31"/>
						<String ID="P5_ST00567" HPOS="2388" VPOS="2589" WIDTH="212" HEIGHT="65" CONTENT="Aufgabe" WC="1.00" CC="2300100"/>
						<SP ID="P5_SP00490" HPOS="2600" VPOS="2654" WIDTH="32"/>
						<String ID="P5_ST00568" HPOS="2632" VPOS="2598" WIDTH="132" HEIGHT="41" CONTENT="unter" WC="0.99" CC="00504"/>
						<SP ID="P5_SP00491" HPOS="2764" VPOS="2654" WIDTH="28"/>
						<String ID="P5_ST00569" HPOS="2792" VPOS="2592" WIDTH="195" HEIGHT="65" CONTENT="Leitung" WC="1.00" CC="0024000"/>
						<SP ID="P5_SP00492" HPOS="2987" VPOS="2657" WIDTH="37"/>
						<String ID="P5_ST00570" HPOS="3024" VPOS="2593" WIDTH="76" HEIGHT="48" CONTENT="des" WC="1.00" CC="000"/>
						<SP ID="P5_SP00493" HPOS="3100" VPOS="2657" WIDTH="30"/>
						<String ID="P5_ST00571" HPOS="3130" VPOS="2594" WIDTH="172" HEIGHT="49" CONTENT="Musik-" WC="0.91" CC="004000"/>
					</TextLine>
					<TextLine ID="P5_TL00078" HPOS="1786" VPOS="2664" WIDTH="1516" HEIGHT="63">
						<String ID="P5_ST00572" HPOS="1786" VPOS="2664" WIDTH="234" HEIGHT="49" CONTENT="Directors" WC="0.74" CC="503000426"/>
						<SP ID="P5_SP00494" HPOS="2020" VPOS="2713" WIDTH="28"/>
						<String ID="P5_ST00573" HPOS="2048" VPOS="2667" WIDTH="40" HEIGHT="47" CONTENT="J." WC="1.00" CC="00"/>
						<SP ID="P5_SP00495" HPOS="2088" VPOS="2714" WIDTH="29"/>
						<String ID="P5_ST00574" HPOS="2117" VPOS="2666" WIDTH="265" HEIGHT="49" CONTENT="Schäffer" WC="0.83" CC="00090004"/>
						<SP ID="P5_SP00496" HPOS="2382" VPOS="2715" WIDTH="26"/>
						<String ID="P5_ST00575" HPOS="2408" VPOS="2669" WIDTH="183" HEIGHT="47" CONTENT="wacker" WC="0.99" CC="004012"/>
						<SP ID="P5_SP00497" HPOS="2591" VPOS="2716" WIDTH="29"/>
						<String ID="P5_ST00576" HPOS="2620" VPOS="2671" WIDTH="125" HEIGHT="47" CONTENT="löste." WC="0.98" CC="544503"/>
						<SP ID="P5_SP00498" HPOS="2745" VPOS="2718" WIDTH="32"/>
						<String ID="P5_ST00577" HPOS="2777" VPOS="2671" WIDTH="95" HEIGHT="47" CONTENT="Auf" WC="0.95" CC="355"/>
						<SP ID="P5_SP00499" HPOS="2872" VPOS="2718" WIDTH="18"/>
						<String ID="P5_ST00578" HPOS="2890" VPOS="2671" WIDTH="141" HEIGHT="48" CONTENT="dieses" WC="1.00" CC="000001"/>
						<SP ID="P5_SP00500" HPOS="3031" VPOS="2719" WIDTH="24"/>
						<String ID="P5_ST00579" HPOS="3055" VPOS="2673" WIDTH="247" HEIGHT="54" CONTENT="Tonwerk," WC="1.00" CC="00000003"/>
					</TextLine>
					<TextLine ID="P5_TL00079" HPOS="1786" VPOS="2742" WIDTH="1516" HEIGHT="72">
						<String ID="P5_ST00580" HPOS="1786" VPOS="2742" WIDTH="193" HEIGHT="48" CONTENT="welches" WC="0.99" CC="0040400"/>
						<SP ID="P5_SP00501" HPOS="1979" VPOS="2790" WIDTH="48"/>
						<String ID="P5_ST00581" HPOS="2027" VPOS="2743" WIDTH="249" HEIGHT="50" CONTENT="theilweise" WC="0.73" CC="0600390600"/>
						<SP ID="P5_SP00502" HPOS="2276" VPOS="2793" WIDTH="48"/>
						<String ID="P5_ST00582" HPOS="2324" VPOS="2746" WIDTH="85" HEIGHT="48" CONTENT="den" WC="0.99" CC="003"/>
						<SP ID="P5_SP00503" HPOS="2409" VPOS="2794" WIDTH="42"/>
						<String ID="P5_ST00583" HPOS="2451" VPOS="2746" WIDTH="254" HEIGHT="49" CONTENT="Charakter" WC="0.99" CC="663400202"/>
						<SP ID="P5_SP00504" HPOS="2705" VPOS="2795" WIDTH="47"/>
						<String ID="P5_ST00584" HPOS="2752" VPOS="2748" WIDTH="126" HEIGHT="48" CONTENT="einer" WC="0.99" CC="04003"/>
						<SP ID="P5_SP00505" HPOS="2878" VPOS="2796" WIDTH="47"/>
						<String ID="P5_ST00585" HPOS="2925" VPOS="2749" WIDTH="377" HEIGHT="65" CONTENT="symphonischen" WC="0.99" CC="0640704020700"/>
					</TextLine>
					<TextLine ID="P5_TL00080" HPOS="1786" VPOS="2819" WIDTH="1516" HEIGHT="68">
						<String ID="P5_ST00586" HPOS="1786" VPOS="2819" WIDTH="232" HEIGHT="66" CONTENT="Dichtung" WC="0.99" CC="40051030"/>
						<SP ID="P5_SP00506" HPOS="2018" VPOS="2885" WIDTH="30"/>
						<String ID="P5_ST00587" HPOS="2048" VPOS="2824" WIDTH="134" HEIGHT="61" CONTENT="trägt," WC="1.00" CC="200020"/>
						<SP ID="P5_SP00507" HPOS="2182" VPOS="2885" WIDTH="45"/>
						<String ID="P5_ST00588" HPOS="2227" VPOS="2822" WIDTH="137" HEIGHT="65" CONTENT="folgte" WC="0.99" CC="406000"/>
						<SP ID="P5_SP00508" HPOS="2364" VPOS="2887" WIDTH="29"/>
						<String ID="P5_ST00589" HPOS="2393" VPOS="2822" WIDTH="70" HEIGHT="49" CONTENT="die" WC="1.00" CC="000"/>
						<SP ID="P5_SP00509" HPOS="2463" VPOS="2887" WIDTH="28"/>
						<String ID="P5_ST00590" HPOS="2491" VPOS="2824" WIDTH="231" HEIGHT="49" CONTENT="Romanze" WC="0.99" CC="2060470"/>
						<SP ID="P5_SP00510" HPOS="2722" VPOS="2887" WIDTH="260"/>
						<String ID="P5_ST00591" HPOS="2982" VPOS="2826" WIDTH="76" HEIGHT="48" CONTENT="für" WC="0.98" CC="004"/>
						<SP ID="P5_SP00511" HPOS="3058" VPOS="2887" WIDTH="36"/>
						<String ID="P5_ST00592" HPOS="3094" VPOS="2826" WIDTH="71" HEIGHT="49" CONTENT="die" WC="1.00" CC="000"/>
						<SP ID="P5_SP00512" HPOS="3165" VPOS="2887" WIDTH="31"/>
						<String ID="P5_ST00593" HPOS="3196" VPOS="2828" WIDTH="80" HEIGHT="48" CONTENT="Vio" SUBS_TYPE="HypPart1" SUBS_CONTENT="Violine" WC="0.99" CC="000"/>
						<HYP HPOS="3276" VPOS="2828" WIDTH="26" CONTENT="-"/>
					</TextLine>
					<TextLine ID="P5_TL00081" HPOS="1786" VPOS="2897" WIDTH="1520" HEIGHT="68">
						<String ID="P5_ST00594" HPOS="1786" VPOS="2897" WIDTH="88" HEIGHT="48" CONTENT="line" SUBS_TYPE="HypPart2" SUBS_CONTENT="Violine" WC="0.99" CC="0040"/>
						<SP ID="P5_SP00513" HPOS="1874" VPOS="2945" WIDTH="29"/>
						<String ID="P5_ST00595" HPOS="1903" VPOS="2898" WIDTH="80" HEIGHT="48" CONTENT="mit" WC="0.95" CC="516"/>
						<SP ID="P5_SP00514" HPOS="1983" VPOS="2946" WIDTH="28"/>
						<String ID="P5_ST00596" HPOS="2011" VPOS="2898" WIDTH="546" HEIGHT="67" CONTENT="Orchester-Begleitung" WC="1.00" CC="40050350047003004080"/>
						<SP ID="P5_SP00515" HPOS="2557" VPOS="2965" WIDTH="29"/>
						<String ID="P5_ST00597" HPOS="2586" VPOS="2918" WIDTH="84" HEIGHT="33" CONTENT="von" WC="1.00" CC="000"/>
						<SP ID="P5_SP00516" HPOS="2670" VPOS="2965" WIDTH="32"/>
						<String ID="P5_ST00598" HPOS="2702" VPOS="2903" WIDTH="276" HEIGHT="56" CONTENT="Beethoven," WC="1.00" CC="6004300000"/>
						<SP ID="P5_SP00517" HPOS="2978" VPOS="2965" WIDTH="31"/>
						<String ID="P5_ST00599" HPOS="3009" VPOS="2904" WIDTH="141" HEIGHT="49" CONTENT="worin" WC="0.98" CC="03205"/>
						<SP ID="P5_SP00518" HPOS="3150" VPOS="2965" WIDTH="34"/>
						<String ID="P5_ST00600" HPOS="3184" VPOS="2907" WIDTH="122" HEIGHT="47" CONTENT="Herr" WC="0.98" CC="5300"/>
					</TextLine>
					<TextLine ID="P5_TL00082" HPOS="1786" VPOS="2975" WIDTH="1514" HEIGHT="58">
						<String ID="P5_ST00601" HPOS="1786" VPOS="2975" WIDTH="81" HEIGHT="49" CONTENT="Dr." WC="0.97" CC="404"/>
						<SP ID="P5_SP00519" HPOS="1867" VPOS="3024" WIDTH="40"/>
						<String ID="P5_ST00602" HPOS="1907" VPOS="2977" WIDTH="39" HEIGHT="47" CONTENT="D" WC="1.00" CC="0"/>
						<SP ID="P5_SP00520" HPOS="1946" VPOS="3024" WIDTH="14"/>
						<String ID="P5_ST00603" HPOS="1960" VPOS="2977" WIDTH="259" HEIGHT="48" CONTENT="amrosch" WC="0.69" CC="0544006"/>
						<SP ID="P5_SP00521" HPOS="2219" VPOS="3025" WIDTH="42"/>
						<String ID="P5_ST00604" HPOS="2261" VPOS="2978" WIDTH="152" HEIGHT="49" CONTENT="seinen" WC="0.99" CC="504000"/>
						<SP ID="P5_SP00522" HPOS="2413" VPOS="3027" WIDTH="45"/>
						<String ID="P5_ST00605" HPOS="2458" VPOS="2979" WIDTH="108" HEIGHT="48" CONTENT="Part" WC="0.97" CC="6032"/>
						<SP ID="P5_SP00523" HPOS="2566" VPOS="3027" WIDTH="42"/>
						<String ID="P5_ST00606" HPOS="2608" VPOS="2981" WIDTH="217" HEIGHT="48" CONTENT="ebenfalls" WC="0.99" CC="040700210"/>
						<SP ID="P5_SP00524" HPOS="2825" VPOS="3029" WIDTH="43"/>
						<String ID="P5_ST00607" HPOS="2868" VPOS="2983" WIDTH="79" HEIGHT="46" CONTENT="mit" WC="0.96" CC="603"/>
						<SP ID="P5_SP00525" HPOS="2947" VPOS="3029" WIDTH="40"/>
						<String ID="P5_ST00608" HPOS="2987" VPOS="2983" WIDTH="313" HEIGHT="50" CONTENT="seelenvollem" WC="1.00" CC="000000001005"/>
					</TextLine>
					<TextLine ID="P5_TL00083" HPOS="1787" VPOS="3054" WIDTH="1518" HEIGHT="70">
						<String ID="P5_ST00609" HPOS="1787" VPOS="3054" WIDTH="127" HEIGHT="48" CONTENT="Tone" WC="0.98" CC="0510"/>
						<SP ID="P5_SP00526" HPOS="1914" VPOS="3102" WIDTH="31"/>
						<String ID="P5_ST00610" HPOS="1945" VPOS="3063" WIDTH="188" HEIGHT="57" CONTENT="vortrug" WC="1.00" CC="0001020"/>
						<SP ID="P5_SP00527" HPOS="2133" VPOS="3120" WIDTH="43"/>
						<String ID="P5_ST00611" HPOS="2176" VPOS="3055" WIDTH="90" HEIGHT="50" CONTENT="und" WC="1.00" CC="100"/>
						<SP ID="P5_SP00528" HPOS="2266" VPOS="3120" WIDTH="42"/>
						<String ID="P5_ST00612" HPOS="2308" VPOS="3074" WIDTH="79" HEIGHT="31" CONTENT="zur" WC="0.97" CC="601"/>
						<SP ID="P5_SP00529" HPOS="2387" VPOS="3120" WIDTH="31"/>
						<String ID="P5_ST00613" HPOS="2418" VPOS="3058" WIDTH="355" HEIGHT="66" CONTENT="Bewunderung" WC="0.99" CC="60032000540"/>
						<SP ID="P5_SP00530" HPOS="2773" VPOS="3124" WIDTH="43"/>
						<String ID="P5_ST00614" HPOS="2816" VPOS="3059" WIDTH="185" HEIGHT="56" CONTENT="hinriss;" WC="0.87" CC="10033100"/>
						<SP ID="P5_SP00531" HPOS="3001" VPOS="3124" WIDTH="42"/>
						<String ID="P5_ST00615" HPOS="3043" VPOS="3061" WIDTH="262" HEIGHT="49" CONTENT="ausserdem" WC="1.00" CC="020004005"/>
					</TextLine>
					<TextLine ID="P5_TL00084" HPOS="1786" VPOS="3130" WIDTH="1520" HEIGHT="66">
						<String ID="P5_ST00616" HPOS="1786" VPOS="3130" WIDTH="113" HEIGHT="50" CONTENT="aber" WC="1.00" CC="0000"/>
						<SP ID="P5_SP00532" HPOS="1899" VPOS="3180" WIDTH="23"/>
						<String ID="P5_ST00617" HPOS="1922" VPOS="3132" WIDTH="190" HEIGHT="49" CONTENT="wurden" WC="1.00" CC="003000"/>
						<SP ID="P5_SP00533" HPOS="2112" VPOS="3181" WIDTH="24"/>
						<String ID="P5_ST00618" HPOS="2136" VPOS="3133" WIDTH="116" HEIGHT="48" CONTENT="noch" WC="0.99" CC="0006"/>
						<SP ID="P5_SP00534" HPOS="2252" VPOS="3181" WIDTH="24"/>
						<String ID="P5_ST00619" HPOS="2276" VPOS="3133" WIDTH="73" HEIGHT="49" CONTENT="die" WC="1.00" CC="000"/>
						<SP ID="P5_SP00535" HPOS="2349" VPOS="3182" WIDTH="21"/>
						<String ID="P5_ST00620" HPOS="2370" VPOS="3135" WIDTH="292" HEIGHT="49" CONTENT="Ouvertüren" WC="1.00" CC="0500220101"/>
						<SP ID="P5_SP00536" HPOS="2662" VPOS="3184" WIDTH="29"/>
						<String ID="P5_ST00621" HPOS="2691" VPOS="3153" WIDTH="53" HEIGHT="31" CONTENT="zu" WC="0.82" CC="30"/>
						<SP ID="P5_SP00537" HPOS="2744" VPOS="3184" WIDTH="29"/>
						<String ID="P5_ST00622" HPOS="2773" VPOS="3137" WIDTH="232" HEIGHT="56" CONTENT='„Alceste"' WC="0.81" CC="740000004"/>
						<SP ID="P5_SP00538" HPOS="3005" VPOS="3193" WIDTH="29"/>
						<String ID="P5_ST00623" HPOS="3034" VPOS="3153" WIDTH="83" HEIGHT="33" CONTENT="von" WC="0.97" CC="026"/>
						<SP ID="P5_SP00539" HPOS="3117" VPOS="3193" WIDTH="27"/>
						<String ID="P5_ST00624" HPOS="3144" VPOS="3138" WIDTH="162" HEIGHT="58" CONTENT="Gluck," WC="0.99" CC="005004"/>
					</TextLine>
					<TextLine ID="P5_TL00085" HPOS="1786" VPOS="3209" WIDTH="1516" HEIGHT="56">
						<String ID="P5_ST00625" HPOS="1786" VPOS="3227" WIDTH="53" HEIGHT="29" CONTENT="zu" WC="0.94" CC="10"/>
						<SP ID="P5_SP00540" HPOS="1839" VPOS="3256" WIDTH="35"/>
						<String ID="P5_ST00626" HPOS="1874" VPOS="3209" WIDTH="284" HEIGHT="56" CONTENT='„Lodoiska"' WC="0.83" CC="6010100007"/>
						<SP ID="P5_SP00541" HPOS="2158" VPOS="3265" WIDTH="33"/>
						<String ID="P5_ST00627" HPOS="2191" VPOS="3227" WIDTH="84" HEIGHT="33" CONTENT="von" WC="0.98" CC="050"/>
						<SP ID="P5_SP00542" HPOS="2275" VPOS="3265" WIDTH="24"/>
						<String ID="P5_ST00628" HPOS="2299" VPOS="3212" WIDTH="251" HEIGHT="49" CONTENT="Cherubini" WC="0.99" CC="550045065"/>
						<SP ID="P5_SP00543" HPOS="2550" VPOS="3265" WIDTH="33"/>
						<String ID="P5_ST00629" HPOS="2583" VPOS="3213" WIDTH="91" HEIGHT="49" CONTENT="und" WC="0.98" CC="400"/>
						<SP ID="P5_SP00544" HPOS="2674" VPOS="3265" WIDTH="29"/>
						<String ID="P5_ST00630" HPOS="2703" VPOS="3214" WIDTH="71" HEIGHT="48" CONTENT="die" WC="1.00" CC="000"/>
						<SP ID="P5_SP00545" HPOS="2774" VPOS="3265" WIDTH="23"/>
						<String ID="P5_ST00631" HPOS="2797" VPOS="3214" WIDTH="392" HEIGHT="50" CONTENT="i?-Jwr-Sinfonie" WC="0.67" CC="980988020000100"/>
						<SP ID="P5_SP00546" HPOS="3189" VPOS="3265" WIDTH="28"/>
						<String ID="P5_ST00632" HPOS="3217" VPOS="3233" WIDTH="85" HEIGHT="32" CONTENT="von" WC="0.97" CC="006"/>
					</TextLine>
					<TextLine ID="P5_TL00086" HPOS="1787" VPOS="3287" WIDTH="1466" HEIGHT="72">
						<String ID="P5_ST00633" HPOS="1787" VPOS="3287" WIDTH="165" HEIGHT="66" CONTENT="Haydn" WC="0.73" CC="60006"/>
						<SP ID="P5_SP00547" HPOS="1952" VPOS="3353" WIDTH="30"/>
						<String ID="P5_ST00634" HPOS="1982" VPOS="3288" WIDTH="80" HEIGHT="48" CONTENT="mit" WC="0.94" CC="635"/>
						<SP ID="P5_SP00548" HPOS="2062" VPOS="3353" WIDTH="29"/>
						<String ID="P5_ST00635" HPOS="2091" VPOS="3289" WIDTH="227" HEIGHT="50" CONTENT="Präcision" WC="0.82" CC="410030500"/>
						<SP ID="P5_SP00549" HPOS="2318" VPOS="3353" WIDTH="32"/>
						<String ID="P5_ST00636" HPOS="2350" VPOS="3289" WIDTH="93" HEIGHT="50" CONTENT="und" WC="0.99" CC="030"/>
						<SP ID="P5_SP00550" HPOS="2443" VPOS="3353" WIDTH="30"/>
						<String ID="P5_ST00637" HPOS="2473" VPOS="3290" WIDTH="141" HEIGHT="50" CONTENT="feiner" WC="1.00" CC="000500"/>
						<SP ID="P5_SP00551" HPOS="2614" VPOS="3353" WIDTH="29"/>
						<String ID="P5_ST00638" HPOS="2643" VPOS="3292" WIDTH="295" HEIGHT="66" CONTENT="Schattirung" WC="0.70" CC="00640300259"/>
						<SP ID="P5_SP00552" HPOS="2938" VPOS="3358" WIDTH="29"/>
						<String ID="P5_ST00639" HPOS="2967" VPOS="3294" WIDTH="286" HEIGHT="65" CONTENT="ausgeführt." WC="0.99" CC="60000006540"/>
					</TextLine>
					<TextLine ID="P5_TL00087" HPOS="1904" VPOS="3367" WIDTH="1403" HEIGHT="67">
						<String ID="P5_ST00640" HPOS="1904" VPOS="3367" WIDTH="84" HEIGHT="48" CONTENT="Ein" WC="1.00" CC="000"/>
						<SP ID="P5_SP00553" HPOS="1988" VPOS="3415" WIDTH="29"/>
						<String ID="P5_ST00641" HPOS="2017" VPOS="3367" WIDTH="105" HEIGHT="49" CONTENT="sehr" WC="0.98" CC="0062"/>
						<SP ID="P5_SP00554" HPOS="2122" VPOS="3416" WIDTH="28"/>
						<String ID="P5_ST00642" HPOS="2150" VPOS="3368" WIDTH="300" HEIGHT="49" CONTENT="anziehendes" WC="1.00" CC="00600400000"/>
						<SP ID="P5_SP00555" HPOS="2450" VPOS="3417" WIDTH="28"/>
						<String ID="P5_ST00643" HPOS="2478" VPOS="3370" WIDTH="271" HEIGHT="64" CONTENT="Programm" WC="0.99" CC="00503055"/>
						<SP ID="P5_SP00556" HPOS="2749" VPOS="3434" WIDTH="33"/>
						<String ID="P5_ST00644" HPOS="2782" VPOS="3372" WIDTH="77" HEIGHT="48" CONTENT="bot" WC="0.99" CC="010"/>
						<SP ID="P5_SP00557" HPOS="2859" VPOS="3434" WIDTH="38"/>
						<String ID="P5_ST00645" HPOS="2897" VPOS="3372" WIDTH="114" HEIGHT="48" CONTENT="auch" WC="0.98" CC="0107"/>
						<SP ID="P5_SP00558" HPOS="3011" VPOS="3434" WIDTH="41"/>
						<String ID="P5_ST00646" HPOS="3052" VPOS="3370" WIDTH="79" HEIGHT="51" CONTENT="das" WC="0.99" CC="001"/>
						<SP ID="P5_SP00559" HPOS="3131" VPOS="3434" WIDTH="42"/>
						<String ID="P5_ST00647" HPOS="3173" VPOS="3372" WIDTH="134" HEIGHT="49" CONTENT="dritte" WC="1.00" CC="000120"/>
					</TextLine>
					<TextLine ID="P5_TL00088" HPOS="1787" VPOS="3443" WIDTH="1518" HEIGHT="58">
						<String ID="P5_ST00648" HPOS="1787" VPOS="3443" WIDTH="196" HEIGHT="49" CONTENT="Concert" WC="0.70" CC="6400044"/>
						<SP ID="P5_SP00560" HPOS="1983" VPOS="3492" WIDTH="28"/>
						<String ID="P5_ST00649" HPOS="2011" VPOS="3461" WIDTH="72" HEIGHT="33" CONTENT="am" WC="0.68" CC="06"/>
						<SP ID="P5_SP00561" HPOS="2083" VPOS="3494" WIDTH="36"/>
						<String ID="P5_ST00650" HPOS="2119" VPOS="3444" WIDTH="47" HEIGHT="50" CONTENT="7." WC="0.48" CC="72"/>
						<SP ID="P5_SP00562" HPOS="2166" VPOS="3494" WIDTH="30"/>
						<String ID="P5_ST00651" HPOS="2196" VPOS="3447" WIDTH="286" HEIGHT="49" CONTENT="November:" WC="0.99" CC="630013061"/>
						<SP ID="P5_SP00563" HPOS="2482" VPOS="3496" WIDTH="48"/>
						<String ID="P5_ST00652" HPOS="2530" VPOS="3449" WIDTH="180" HEIGHT="48" CONTENT="obenan" WC="1.00" CC="000400"/>
						<SP ID="P5_SP00564" HPOS="2710" VPOS="3497" WIDTH="42"/>
						<String ID="P5_ST00653" HPOS="2752" VPOS="3449" WIDTH="126" HEIGHT="48" CONTENT="Suite" WC="0.98" CC="25060"/>
						<SP ID="P5_SP00565" HPOS="2878" VPOS="3497" WIDTH="43"/>
						<String ID="P5_ST00654" HPOS="2921" VPOS="3450" WIDTH="77" HEIGHT="47" CONTENT="für" WC="1.00" CC="000"/>
						<SP ID="P5_SP00566" HPOS="2998" VPOS="3497" WIDTH="40"/>
						<String ID="P5_ST00655" HPOS="3038" VPOS="3450" WIDTH="267" HEIGHT="51" CONTENT="Orchester," WC="0.99" CC="5303090006"/>
					</TextLine>
					<TextLine ID="P5_TL00089" HPOS="1786" VPOS="3522" WIDTH="1523" HEIGHT="59">
						<String ID="P5_ST00656" HPOS="1786" VPOS="3537" WIDTH="80" HEIGHT="32" CONTENT="aus" WC="0.96" CC="331"/>
						<SP ID="P5_SP00567" HPOS="1866" VPOS="3569" WIDTH="33"/>
						<String ID="P5_ST00657" HPOS="1899" VPOS="3522" WIDTH="105" HEIGHT="47" CONTENT="fünf" WC="1.00" CC="0020"/>
						<SP ID="P5_SP00568" HPOS="2004" VPOS="3569" WIDTH="23"/>
						<String ID="P5_ST00658" HPOS="2027" VPOS="3523" WIDTH="160" HEIGHT="48" CONTENT="Sätzen" WC="0.99" CC="000403"/>
						<SP ID="P5_SP00569" HPOS="2187" VPOS="3571" WIDTH="32"/>
						<String ID="P5_ST00659" HPOS="2219" VPOS="3524" WIDTH="265" HEIGHT="57" CONTENT="bestehend," WC="1.00" CC="4001003004"/>
						<SP ID="P5_SP00570" HPOS="2484" VPOS="3581" WIDTH="30"/>
						<String ID="P5_ST00660" HPOS="2514" VPOS="3542" WIDTH="85" HEIGHT="32" CONTENT="von" WC="0.98" CC="040"/>
						<SP ID="P5_SP00571" HPOS="2599" VPOS="3581" WIDTH="28"/>
						<String ID="P5_ST00661" HPOS="2627" VPOS="3527" WIDTH="207" HEIGHT="48" CONTENT="Joachim" WC="0.99" CC="0040505"/>
						<SP ID="P5_SP00572" HPOS="2834" VPOS="3581" WIDTH="31"/>
						<String ID="P5_ST00662" HPOS="2865" VPOS="3527" WIDTH="117" HEIGHT="48" CONTENT="Raff." WC="0.96" CC="66662"/>
						<SP ID="P5_SP00573" HPOS="2982" VPOS="3581" WIDTH="57"/>
						<String ID="P5_ST00663" HPOS="3039" VPOS="3528" WIDTH="60" HEIGHT="47" CONTENT="Es" WC="0.91" CC="10"/>
						<SP ID="P5_SP00574" HPOS="3099" VPOS="3581" WIDTH="37"/>
						<String ID="P5_ST00664" HPOS="3136" VPOS="3528" WIDTH="173" HEIGHT="48" CONTENT="enthält" WC="0.98" CC="3206038"/>
					</TextLine>
					<TextLine ID="P5_TL00090" HPOS="1786" VPOS="3599" WIDTH="1519" HEIGHT="67">
						<String ID="P5_ST00665" HPOS="1786" VPOS="3599" WIDTH="121" HEIGHT="50" CONTENT="diese" WC="1.00" CC="00000"/>
						<SP ID="P5_SP00575" HPOS="1907" VPOS="3649" WIDTH="29"/>
						<String ID="P5_ST00666" HPOS="1936" VPOS="3617" WIDTH="117" HEIGHT="32" CONTENT="neue" WC="0.99" CC="6000"/>
						<SP ID="P5_SP00576" HPOS="2053" VPOS="3649" WIDTH="31"/>
						<String ID="P5_ST00667" HPOS="2084" VPOS="3600" WIDTH="310" HEIGHT="66" CONTENT="Composition" WC="0.72" CC="54300005047"/>
						<SP ID="P5_SP00577" HPOS="2394" VPOS="3666" WIDTH="31"/>
						<String ID="P5_ST00668" HPOS="2425" VPOS="3604" WIDTH="99" HEIGHT="48" CONTENT="eine" WC="0.98" CC="0072"/>
						<SP ID="P5_SP00578" HPOS="2524" VPOS="3666" WIDTH="33"/>
						<String ID="P5_ST00669" HPOS="2557" VPOS="3605" WIDTH="127" HEIGHT="49" CONTENT="Fülle" WC="0.98" CC="50070"/>
						<SP ID="P5_SP00579" HPOS="2684" VPOS="3666" WIDTH="29"/>
						<String ID="P5_ST00670" HPOS="2713" VPOS="3604" WIDTH="342" HEIGHT="50" CONTENT="harmonischer" WC="1.00" CC="310606000003"/>
						<SP ID="P5_SP00580" HPOS="3055" VPOS="3666" WIDTH="36"/>
						<String ID="P5_ST00671" HPOS="3091" VPOS="3605" WIDTH="91" HEIGHT="50" CONTENT="und" WC="1.00" CC="000"/>
						<SP ID="P5_SP00581" HPOS="3182" VPOS="3666" WIDTH="31"/>
						<String ID="P5_ST00672" HPOS="3213" VPOS="3623" WIDTH="62" HEIGHT="32" CONTENT="me" SUBS_TYPE="HypPart1" SUBS_CONTENT="melodischer" WC="0.97" CC="40"/>
						<HYP HPOS="3275" VPOS="3623" WIDTH="30" CONTENT="-"/>
					</TextLine>
					<TextLine ID="P5_TL00091" HPOS="1786" VPOS="3676" WIDTH="1523" HEIGHT="72">
						<String ID="P5_ST00673" HPOS="1786" VPOS="3676" WIDTH="222" HEIGHT="50" CONTENT="lodischer" SUBS_TYPE="HypPart2" SUBS_CONTENT="melodischer" WC="1.00" CC="600000201"/>
						<SP ID="P5_SP00582" HPOS="2008" VPOS="3726" WIDTH="28"/>
						<String ID="P5_ST00674" HPOS="2036" VPOS="3678" WIDTH="309" HEIGHT="51" CONTENT="Schönheiten" WC="1.00" CC="40600000500"/>
						<SP ID="P5_SP00583" HPOS="2345" VPOS="3729" WIDTH="45"/>
						<String ID="P5_ST00675" HPOS="2390" VPOS="3680" WIDTH="89" HEIGHT="49" CONTENT="und" WC="0.98" CC="050"/>
						<SP ID="P5_SP00584" HPOS="2479" VPOS="3729" WIDTH="40"/>
						<String ID="P5_ST00676" HPOS="2519" VPOS="3680" WIDTH="99" HEIGHT="64" CONTENT="gibt" WC="0.97" CC="9130"/>
						<SP ID="P5_SP00585" HPOS="2618" VPOS="3744" WIDTH="26"/>
						<String ID="P5_ST00677" HPOS="2644" VPOS="3683" WIDTH="219" HEIGHT="65" CONTENT="Zeugniss" WC="0.92" CC="00402000"/>
						<SP ID="P5_SP00586" HPOS="2863" VPOS="3748" WIDTH="42"/>
						<String ID="P5_ST00678" HPOS="2905" VPOS="3699" WIDTH="82" HEIGHT="32" CONTENT="von" WC="1.00" CC="000"/>
						<SP ID="P5_SP00587" HPOS="2987" VPOS="3748" WIDTH="41"/>
						<String ID="P5_ST00679" HPOS="3028" VPOS="3683" WIDTH="80" HEIGHT="49" CONTENT="der" WC="0.99" CC="003"/>
						<SP ID="P5_SP00588" HPOS="3108" VPOS="3748" WIDTH="41"/>
						<String ID="P5_ST00680" HPOS="3149" VPOS="3683" WIDTH="134" HEIGHT="65" CONTENT="glück" SUBS_TYPE="HypPart1" SUBS_CONTENT="glücklichen" WC="0.99" CC="02800"/>
						<HYP HPOS="3283" VPOS="3683" WIDTH="26" CONTENT="-"/>
					</TextLine>
					<TextLine ID="P5_TL00092" HPOS="1785" VPOS="3756" WIDTH="1522" HEIGHT="70">
						<String ID="P5_ST00681" HPOS="1785" VPOS="3756" WIDTH="144" HEIGHT="49" CONTENT="lichen" SUBS_TYPE="HypPart2" SUBS_CONTENT="glücklichen" WC="0.99" CC="000600"/>
						<SP ID="P5_SP00589" HPOS="1929" VPOS="3805" WIDTH="33"/>
						<String ID="P5_ST00682" HPOS="1962" VPOS="3756" WIDTH="402" HEIGHT="68" CONTENT="Erfindungsgabe" WC="1.00" CC="01000027000430"/>
						<SP ID="P5_SP00590" HPOS="2364" VPOS="3824" WIDTH="29"/>
						<String ID="P5_ST00683" HPOS="2393" VPOS="3759" WIDTH="79" HEIGHT="48" CONTENT="des" WC="1.00" CC="000"/>
						<SP ID="P5_SP00591" HPOS="2472" VPOS="3824" WIDTH="31"/>
						<String ID="P5_ST00684" HPOS="2503" VPOS="3760" WIDTH="340" HEIGHT="66" CONTENT="Componisten," WC="0.80" CC="207000050044"/>
						<SP ID="P5_SP00592" HPOS="2843" VPOS="3826" WIDTH="31"/>
						<String ID="P5_ST00685" HPOS="2874" VPOS="3763" WIDTH="214" HEIGHT="47" CONTENT="welchem" WC="0.99" CC="0060001"/>
						<SP ID="P5_SP00593" HPOS="3088" VPOS="3826" WIDTH="31"/>
						<String ID="P5_ST00686" HPOS="3119" VPOS="3762" WIDTH="188" HEIGHT="64" CONTENT="gerecht" WC="1.00" CC="0010060"/>
					</TextLine>
					<TextLine ID="P5_TL00093" HPOS="1783" VPOS="3833" WIDTH="1519" HEIGHT="71">
						<String ID="P5_ST00687" HPOS="1783" VPOS="3850" WIDTH="54" HEIGHT="31" CONTENT="zu" WC="0.69" CC="60"/>
						<SP ID="P5_SP00594" HPOS="1837" VPOS="3881" WIDTH="30"/>
						<String ID="P5_ST00688" HPOS="1867" VPOS="3833" WIDTH="184" HEIGHT="50" CONTENT="werden" WC="1.00" CC="002000"/>
						<SP ID="P5_SP00595" HPOS="2051" VPOS="3883" WIDTH="32"/>
						<String ID="P5_ST00689" HPOS="2083" VPOS="3834" WIDTH="100" HEIGHT="49" CONTENT="dem" WC="0.98" CC="005"/>
						<SP ID="P5_SP00596" HPOS="2183" VPOS="3883" WIDTH="27"/>
						<String ID="P5_ST00690" HPOS="2210" VPOS="3835" WIDTH="252" HEIGHT="50" CONTENT="Orchester" WC="1.00" CC="000000400"/>
						<SP ID="P5_SP00597" HPOS="2462" VPOS="3885" WIDTH="29"/>
						<String ID="P5_ST00691" HPOS="2491" VPOS="3836" WIDTH="142" HEIGHT="50" CONTENT="durch" WC="0.98" CC="03007"/>
						<SP ID="P5_SP00598" HPOS="2633" VPOS="3886" WIDTH="32"/>
						<String ID="P5_ST00692" HPOS="2665" VPOS="3838" WIDTH="122" HEIGHT="49" CONTENT="seine" WC="1.00" CC="00100"/>
						<SP ID="P5_SP00599" HPOS="2787" VPOS="3887" WIDTH="29"/>
						<String ID="P5_ST00693" HPOS="2816" VPOS="3847" WIDTH="157" HEIGHT="40" CONTENT="exacte" WC="0.83" CC="090000"/>
						<SP ID="P5_SP00600" HPOS="2973" VPOS="3887" WIDTH="25"/>
						<String ID="P5_ST00694" HPOS="2998" VPOS="3839" WIDTH="304" HEIGHT="65" CONTENT="Ausführung" WC="0.99" CC="0500072018"/>
					</TextLine>
					<TextLine ID="P5_TL00094" HPOS="1783" VPOS="3913" WIDTH="1518" HEIGHT="68">
						<String ID="P5_ST00695" HPOS="1783" VPOS="3913" WIDTH="183" HEIGHT="63" CONTENT="gelang," WC="1.00" CC="0070000"/>
						<SP ID="P5_SP00601" HPOS="1966" VPOS="3976" WIDTH="43"/>
						<String ID="P5_ST00696" HPOS="2009" VPOS="3929" WIDTH="50" HEIGHT="32" CONTENT="so" WC="0.50" CC="36"/>
						<SP ID="P5_SP00602" HPOS="2059" VPOS="3976" WIDTH="38"/>
						<String ID="P5_ST00697" HPOS="2097" VPOS="3913" WIDTH="100" HEIGHT="49" CONTENT="dass" WC="0.84" CC="0050"/>
						<SP ID="P5_SP00603" HPOS="2197" VPOS="3976" WIDTH="40"/>
						<String ID="P5_ST00698" HPOS="2237" VPOS="3914" WIDTH="85" HEIGHT="49" CONTENT="alle" WC="0.98" CC="4033"/>
						<SP ID="P5_SP00604" HPOS="2322" VPOS="3976" WIDTH="37"/>
						<String ID="P5_ST00699" HPOS="2359" VPOS="3915" WIDTH="131" HEIGHT="48" CONTENT="Sätze" WC="0.98" CC="50660"/>
						<SP ID="P5_SP00605" HPOS="2490" VPOS="3976" WIDTH="39"/>
						<String ID="P5_ST00700" HPOS="2529" VPOS="3916" WIDTH="160" HEIGHT="49" CONTENT="höchst" WC="0.98" CC="600625"/>
						<SP ID="P5_SP00606" HPOS="2689" VPOS="3976" WIDTH="29"/>
						<String ID="P5_ST00701" HPOS="2718" VPOS="3915" WIDTH="201" HEIGHT="66" CONTENT="beifällig" WC="0.99" CC="301402500"/>
						<SP ID="P5_SP00607" HPOS="2919" VPOS="3981" WIDTH="28"/>
						<String ID="P5_ST00702" HPOS="2947" VPOS="3915" WIDTH="354" HEIGHT="66" CONTENT="aufgenommen" WC="0.99" CC="00000607505"/>
					</TextLine>
					<TextLine ID="P5_TL00095" HPOS="1783" VPOS="3989" WIDTH="1526" HEIGHT="71">
						<String ID="P5_ST00703" HPOS="1783" VPOS="3989" WIDTH="205" HEIGHT="49" CONTENT="wurden." WC="0.99" CC="0200054"/>
						<SP ID="P5_SP00608" HPOS="1988" VPOS="4038" WIDTH="58"/>
						<String ID="P5_ST00704" HPOS="2046" VPOS="3991" WIDTH="76" HEIGHT="49" CONTENT="Bei" WC="0.96" CC="603"/>
						<SP ID="P5_SP00609" HPOS="2122" VPOS="4040" WIDTH="32"/>
						<String ID="P5_ST00705" HPOS="2154" VPOS="3993" WIDTH="102" HEIGHT="48" CONTENT="dem" WC="0.98" CC="005"/>
						<SP ID="P5_SP00610" HPOS="2256" VPOS="4041" WIDTH="40"/>
						<String ID="P5_ST00706" HPOS="2296" VPOS="3993" WIDTH="171" HEIGHT="49" CONTENT="darauf" WC="1.00" CC="040000"/>
						<SP ID="P5_SP00611" HPOS="2467" VPOS="4042" WIDTH="33"/>
						<String ID="P5_ST00707" HPOS="2500" VPOS="3993" WIDTH="237" HEIGHT="67" CONTENT="folgenden" WC="0.99" CC="007001005"/>
						<SP ID="P5_SP00612" HPOS="2737" VPOS="4060" WIDTH="32"/>
						<String ID="P5_ST00708" HPOS="2769" VPOS="3994" WIDTH="425" HEIGHT="49" CONTENT="Clavier-Concerte" WC="0.83" CC="6330000401600010"/>
						<SP ID="P5_SP00613" HPOS="3194" VPOS="4060" WIDTH="30"/>
						<String ID="P5_ST00709" HPOS="3224" VPOS="3994" WIDTH="57" HEIGHT="62" CONTENT="[G" SUBS_TYPE="HypPart1" SUBS_CONTENT="[Gdur)" WC="0.64" CC="80" STYLEREFS="TXT_1"/>
						<HYP HPOS="3281" VPOS="3994" WIDTH="28" CONTENT="-"/>
					</TextLine>
					<TextLine ID="P5_TL00096" HPOS="1783" VPOS="4066" WIDTH="1528" HEIGHT="72">
						<String ID="P5_ST00710" HPOS="1783" VPOS="4066" WIDTH="107" HEIGHT="68" CONTENT="dur)" SUBS_TYPE="HypPart2" SUBS_CONTENT="[Gdur)" WC="0.69" CC="0506" STYLEREFS="TXT_1"/>
						<SP ID="P5_SP00614" HPOS="1890" VPOS="4134" WIDTH="32"/>
						<String ID="P5_ST00711" HPOS="1922" VPOS="4085" WIDTH="84" HEIGHT="33" CONTENT="von" WC="0.96" CC="604"/>
						<SP ID="P5_SP00615" HPOS="2006" VPOS="4134" WIDTH="31"/>
						<String ID="P5_ST00712" HPOS="2037" VPOS="4070" WIDTH="268" HEIGHT="50" CONTENT="Rubinstein" WC="0.99" CC="5024206000"/>
						<SP ID="P5_SP00616" HPOS="2305" VPOS="4134" WIDTH="41"/>
						<String ID="P5_ST00713" HPOS="2346" VPOS="4071" WIDTH="189" HEIGHT="51" CONTENT="wurden" WC="0.98" CC="045901"/>
						<SP ID="P5_SP00617" HPOS="2535" VPOS="4134" WIDTH="38"/>
						<String ID="P5_ST00714" HPOS="2573" VPOS="4073" WIDTH="71" HEIGHT="49" CONTENT="die" WC="1.00" CC="010"/>
						<SP ID="P5_SP00618" HPOS="2644" VPOS="4134" WIDTH="27"/>
						<String ID="P5_ST00715" HPOS="2671" VPOS="4073" WIDTH="207" HEIGHT="48" CONTENT="Zuhörer" WC="0.99" CC="0570000"/>
						<SP ID="P5_SP00619" HPOS="2878" VPOS="4134" WIDTH="39"/>
						<String ID="P5_ST00716" HPOS="2917" VPOS="4071" WIDTH="202" HEIGHT="51" CONTENT="dadurch" WC="1.00" CC="0300001"/>
						<SP ID="P5_SP00620" HPOS="3119" VPOS="4134" WIDTH="41"/>
						<String ID="P5_ST00717" HPOS="3160" VPOS="4074" WIDTH="126" HEIGHT="64" CONTENT="gefes" SUBS_TYPE="HypPart1" SUBS_CONTENT="gefesseit," WC="0.70" CC="90400"/>
						<HYP HPOS="3286" VPOS="4074" WIDTH="25" CONTENT="-"/>
					</TextLine>
				</TextBlock>
			</PrintSpace>
		</Page>
	</Layout>
</alto>
