2276 3731
148 315 76 46 246

1028 325 227 27 CONCERTS

203 415 180 41 SCHOLA
406 415 266 41 CANTORUM.

698 439 53 4 —
778 432 22 26 7
824 416 123 40 avril.
971 439 54 5 —
1048 416 118 41 C'est
1187 417 38 39 le
1253 430 20 28 7
1297 415 109 40 avril
1448 428 101 30 1724
1594 427 85 31 que
1715 415 38 39 la
1797 413 185 40 Passion
2022 413 112 41 selon

145 484 113 40 saint
265 484 113 49 Jean
383 515 9 19 ,
420 484 54 39 de
494 482 115 56 J.-S.
628 484 136 47 Bach,
790 486 103 38 était
932 489 203 36 exécutée
1157 498 112 38 pour
1303 484 38 39 la
1370 484 217 51 première
1612 482 85 40 fois
1721 496 54 26 en
1795 482 169 50 l'église
1992 480 145 42 Saint-

145 551 181 43 Nicolas
348 552 54 40 de
423 550 200 54 Leipzig.
647 550 63 42 La
736 551 159 41 Schola
915 566 114 26 nous
1049 553 191 39 conviait
1281 552 115 39 donc
1418 555 21 35 à
1462 566 59 25 un
1562 550 219 40 véritable
1818 551 317 49 anniversaire,

147 628 40 32 et
209 621 38 51 je
272 621 112 39 crois
402 634 52 25 en
478 619 100 40 effet
604 634 85 38 que
703 620 39 39 la
762 619 159 41 beauté
936 620 54 40 cle
1007 621 182 39 l'œuvre
1211 634 21 25 a
1256 627 220 32 rarement
1500 623 67 35 été
1591 620 148 38 mieux
1758 619 111 39 mise
1891 631 54 27 en
1967 618 168 40 valeur.

145 687 49 55 Je
216 701 54 26 ne
293 696 195 32 conteste
507 701 80 39 pas
604 687 39 40 la
667 687 242 53 perfection
929 690 256 51 supérieure
1202 688 53 40 de
1279 688 259 39 l'exécution
1558 701 54 26 au
1636 686 342 40 Conservatoire
2001 698 7 33 ;
2029 687 81 39 mal-

147 761 77 45 gré
248 756 213 52 quelques
486 757 219 40 sonorités
738 756 87 40 mal
856 756 284 53 équilibrées,
1159 757 77 40 des
1263 756 176 40 violons
1462 755 250 49 indiscrets,
1738 755 77 39 des
1829 763 308 32 mouvements

147 826 193 38 inexacts
364 825 5 38 !
401 824 55 40 Ici
474 823 255 42 l'orchestre
750 839 301 38 accompagne
1078 838 104 27 avec
1211 839 85 26 une
1334 824 260 40 délicatesse
1629 827 209 43 extrême,
1864 823 62 40 les
1962 823 175 40 chœurs

148 901 98 32 sont
267 893 283 40 merveilleux
566 893 52 40 de
635 892 237 49 franchise,
891 898 52 35 de
966 894 202 50 vigueur,
1199 893 327 50 d'intelligence
1545 900 40 32 et
1608 891 203 41 d'intérêt
1843 889 59 54 (1)
1928 907 7 32 ;
1957 889 118 42 enfin
2099 891 38 40 le

149 963 236 38 sentiment
406 961 181 50 général
609 970 65 31 est
691 962 199 51 toujours
913 976 82 37 pur
1014 969 39 32 et
1078 961 340 52 profondément
1454 961 214 49 religieux
1695 971 7 28 ;
1741 973 111 38 pour
1890 960 123 52 jouer
2052 973 85 26 une

148 1029 100 39 telle
271 1031 221 50 musique,
509 1030 39 38 la
572 1028 59 41 foi
658 1029 234 50 religieuse
914 1038 40 30 et
977 1029 39 39 la
1040 1028 60 40 foi
1125 1030 233 49 artistique
1394 1037 100 31 sont
1536 1028 252 50 également
1825 1030 275 38 nécessaires
2125 1039 9 37 ;

145 1096 62 40 M.
234 1096 154 53 d'Incly
411 1112 21 24 a
454 1095 117 42 l'une
590 1105 40 31 et
654 1095 155 41 l'autre
841 1098 57 50 (je
921 1098 99 50 puis
1045 1096 102 39 bien
1165 1096 37 39 le
1225 1096 108 49 dire,
1364 1110 73 25 car
1471 1096 29 39 il
1540 1108 54 27 ne
1632 1095 91 40 s'en
1764 1095 133 40 cache
1916 1094 99 53 pas)
2038 1104 41 31 et
2111 1110 26 37 y

146 1166 109 50 joint
275 1178 87 26 une
382 1165 159 40 ardeur
557 1169 257 35 concentrée
833 1173 41 31 et
896 1166 230 49 puissante
1147 1165 75 50 qui
1243 1164 180 39 soulève
1446 1163 63 39 les
1530 1166 121 37 âmes
1676 1178 8 33 ;
1705 1164 117 39 voilà
1860 1176 47 27 ce
1928 1176 85 39 que
2050 1161 87 43 l'on

147 1246 20 24 a
195 1234 128 38 senti.
350 1232 219 48 L'œuvre,
601 1234 145 38 moins
769 1232 133 40 haute
928 1236 232 47 peut-être,
1203 1234 146 38 moins
1379 1230 210 42 abstraite
1625 1244 85 38 que
1734 1231 38 39 la
1796 1231 188 39 Passion
2018 1232 117 38 selon

143 1299 111 39 saint
289 1298 190 40 Mathieu
488 1331 8 16 ,
519 1314 21 24 a
566 1300 76 39 des
663 1313 137 39 pages
822 1300 100 51 plus
945 1301 212 49 intenses,
1181 1300 25 39 d
1226 1313 86 27 une
1335 1302 258 49 expression
1613 1300 100 51 plus
1731 1302 99 38 vive
1868 1308 41 31 et
1930 1300 98 52 plus
2053 1302 62 37 sai-

145 1369 189 38 sissante
355 1383 6 24 :
386 1376 122 32 entre
533 1376 147 32 autres
703 1368 39 39 la
765 1367 171 41 célèbre
958 1368 193 40 vocalise
1175 1382 75 26 sur
1272 1368 62 39 les
1355 1376 115 32 mots
1495 1381 19 24 «
1539 1374 36 33 et
1604 1368 153 54 pleura
1781 1380 37 36 »,
1853 1380 85 39 que
1954 1367 62 40 M.
2052 1367 56 41 Co-

143 1435 183 41 runbert
350 1436 61 40 dit
434 1436 53 40 de
503 1435 129 51 façon
654 1437 218 39 vraiment
886 1441 266 35 émouvante
1178 1447 8 38 ;
1210 1436 95 39 l'air
1328 1436 134 40 d'alto
1486 1434 15 53 (
1512 1435 108 40 Tout
1641 1442 59 32 est
1725 1436 227 53 accompli)
1975 1444 40 32 et
2038 1436 97 40 l'air

142 1504 53 39 de
228 1503 130 40 basse
397 1501 143 48 (Ames
571 1505 275 53 souffrantes)
882 1517 103 27 avec
1027 1504 62 39 les
1129 1506 348 48 interrogations
1520 1505 222 51 inquiètes
1782 1504 60 40 du
1886 1504 168 48 chœur,
2074 1511 56 34 où

142 1570 46 40 M
193 1576 47 17 1116
258 1570 210 51 Legrand
488 1580 41 32 et
561 1571 60 40 M.
648 1571 174 41 Dareux
842 1581 101 31 sont
964 1573 252 49 également
1256 1571 288 40 admirables.
1582 1571 156 41 Citons
1762 1585 159 27 encore
1940 1571 98 41 l'air
2075 1573 53 39 de

143 1644 126 35 ténor
291 1639 89 49 (Ah
399 1644 14 35 !
434 1654 97 25 mon
552 1655 113 24 cœur
691 1654 7 25 :
720 1640 58 39 M.
801 1639 175 49 David),
1002 1650 40 31 et
1059 1639 95 41 l'air
1175 1640 133 40 d'alto
1327 1654 102 26 avec
1453 1654 20 25 2
1499 1639 225 49 hautbois,
1758 1647 55 34 où
1855 1640 47 39 M
1906 1638 38 24 lle
1981 1641 24 39 d
2028 1639 105 42 Otto

143 1720 53 27 ne
216 1707 146 40 donne
385 1721 79 39 pas
484 1721 121 27 assez
628 1722 46 25 sa
699 1710 115 46 voix,
841 1708 224 41 d'ailleurs
1082 1709 254 40 délicieuse.
1363 1707 47 41 Je
1435 1708 86 39 n'ai
1543 1710 123 50 point
1690 1710 205 50 apprécié
1918 1707 46 41 M
1970 1707 38 24 lle
2025 1708 79 41 Bra-

143 1776 159 51 quaval
326 1777 111 39 dans
461 1774 94 41 l'air
576 1777 53 38 de
653 1789 191 39 soprano
875 1777 53 39 de
961 1777 39 40 la
1026 1790 19 25 2
1051 1782 14 16 e
1084 1778 141 51 partie
1249 1792 6 24 :
1283 1785 97 43 trop
1402 1776 180 41 d'éclats
1604 1785 40 32 et
1683 1790 79 38 pas
1806 1790 122 27 assez
1966 1777 52 40 de
2042 1778 69 51 jus-

142 1853 130 38 tesse,
291 1853 96 43 trop
411 1845 52 39 de
481 1846 194 38 sourires
693 1848 21 35 à
739 1844 39 40 la
801 1844 109 40 salle
933 1854 41 30 et
994 1858 79 38 pas
1092 1858 123 27 assez
1239 1845 54 39 de
1312 1846 238 39 sentiment
1589 1844 67 40 Ne
1686 1858 115 27 nous
1843 1858 189 39 croyons
2054 1860 80 37 pas

142 1914 36 37 si
197 1912 115 51 jolie,
336 1921 41 31 et
399 1926 56 26 on
472 1912 38 40 le
533 1914 139 38 croira
696 1916 214 48 peut-être
949 1913 281 49 davantage!
1269 1913 45 39 M
1319 1911 38 24 lle
1389 1912 224 40 Zielinska
1653 1921 66 31 est
1767 1926 86 27 une
1896 1914 237 40 excellente

141 1982 166 49 artiste,
320 1981 105 39 dont
444 1981 144 51 j'aime
605 1980 38 40 le
660 1982 69 50 jeu
750 1979 339 53 profondément
1109 1980 325 40 musical.Mais
1449 1981 28 39 il
1499 1985 224 48 meparaît
1743 1980 152 41 abusif
1908 1982 226 52 d'appeler

144 2062 18 23 «
199 2049 93 40 luth
327 2062 18 23 »
390 2062 85 26 une
510 2048 137 52 harpe
681 2049 107 39 dont
825 2049 39 39 la
905 2053 241 35 résonance
1184 2050 110 38 n'est
1333 2048 223 40 d'ailleurs
1593 2062 79 39 pas
1708 2050 58 39 du
1801 2058 94 31 tout
1931 2064 46 26 ce
2025 2051 107 50 qu'il

140 2116 91 40 faut
265 2118 68 38 ici.
378 2116 85 40 Ces
506 2116 215 51 quelques
761 2121 196 35 réserves
990 2116 128 40 faites
1158 2130 113 38 pour
1308 2116 135 52 qu'on
1472 2130 54 26 ne
1559 2119 151 49 puisse
1756 2118 156 39 douter
1951 2118 52 40 de
2027 2132 105 26 mon

141 2185 301 51 impartialité,
465 2182 208 54 j'adresse
698 2194 143 31 toutes
865 2198 92 26 mes
982 2184 283 40 félicitations
1280 2199 82 26 aux
1380 2185 176 40 chœurs
1573 2194 40 31 et
1634 2190 21 35 à
1681 2184 270 48 l'orchestre,
1976 2186 156 52 depuis

143 2253 37 38 la
206 2253 102 39 flûte
333 2252 52 40 de
402 2251 61 40 M.
499 2252 246 52 Blanquart
764 2251 169 54 jusqu'à
966 2253 38 39 la
1027 2253 201 39 dernière
1252 2252 301 49 contrebasse,
1580 2267 103 26 sans
1718 2252 173 41 oublier
1911 2254 62 39 les
1996 2255 127 40 altos.

210 2320 53 41 L.
287 2319 52 42 L.

197 2432 143 41 SALLE
661 2445 23 40 7
707 2432 123 40 avril.
914 2432 211 41 Dernière
1143 2437 157 37 séance
1321 2434 58 40 du
1401 2442 191 44 quatuor
1613 2434 165 40 Parent
1804 2432 127 54 (MM.
1949 2434 180 50 Parent,

141 2500 210 49 Loiseau,
370 2500 156 50 Vieux,
552 2501 248 49 Fournier),
825 2514 103 27 avec
950 2501 39 39 le
1004 2514 214 27 concours
1241 2502 53 39 de
1317 2501 46 40 M
1367 2500 37 24 lle
1429 2501 174 40 Marthe
1625 2501 120 41 Dron
1769 2511 41 32 et
1833 2503 53 39 de
1923 2502 62 40 M.
2008 2503 92 40 Mar-

142 2569 111 40 chet.
279 2568 62 41 Le
364 2569 230 40 charmant
619 2568 212 48 Quintette
851 2569 52 40 de
924 2568 249 52 Svendsen,
1197 2570 39 39 la
1278 2569 160 41 Sonate
1462 2571 52 39 de
1553 2569 168 52 d'lndy,
1757 2579 41 32 et
1832 2571 39 40 le
1915 2570 213 50 Quintette

141 2651 53 26 en
216 2637 66 39 sol
301 2639 174 38 mineur
497 2637 52 40 de
569 2636 187 48 Mozart,
783 2639 235 38 terminent
1042 2638 261 50 dignement
1342 2647 109 32 cette
1490 2637 114 41 belle
1634 2640 112 38 série
1783 2637 272 42 d'auditions
2073 2647 56 33 où

141 2705 144 40 furent
308 2707 286 50 interprétées
616 2718 101 27 avec
735 2719 59 26 un
818 2707 96 38 soin
938 2706 213 49 religieux
1187 2715 40 31 et
1251 2707 147 51 jaloux
1429 2715 94 32 tant
1548 2705 220 42 d'œuvres
1811 2710 238 38 anciennes
2090 2717 40 31 et

141 2773 246 38 nouvelles.

181 2928 30 41 (1
221 2928 10 42 )
251 2928 28 33 C
294 2937 51 24 est
369 2931 18 30 à
406 2929 46 32 M.
468 2929 42 32 de
533 2929 170 37 Lacerda,
726 2928 82 33 chef
821 2929 61 33 des
905 2930 157 38 chœurs,
1089 2940 70 31 que
1178 2929 70 33 Ton
1274 2930 75 32 doit
1371 2940 57 22 ces
1447 2931 133 40 grands
1597 2933 149 38 progrès
