<?xml version="1.0" encoding="UTF-8"?>
<alto xmlns:xsi="http://www.w3.org/2001/XMLSchema-instance" xmlns="http://www.loc.gov/standards/alto/ns-v2#" xsi:schemaLocation="http://www.loc.gov/standards/alto/ns-v2# http://www.loc.gov/standards/alto/alto-v2.0.xsd" xmlns:xlink="http://www.w3.org/1999/xlink">
	<Description>
		<MeasurementUnit>mm10</MeasurementUnit>
		<sourceImageInformation>
			<fileName>//fileserver7/IN2-2/Princeton/bmtnabj/1905/04/15_01/00000242.tif</fileName>
		</sourceImageInformation>
		<OCRProcessing ID="OCRPROCESSING_1">
			<preProcessingStep>
				<processingSoftware>
					<softwareCreator>CCS Content Conversion Specialists GmbH, Germany</softwareCreator>
					<softwareName>CCS docWorks</softwareName>
					<softwareVersion>6.7-1.20</softwareVersion>
				</processingSoftware>
			</preProcessingStep>
			<ocrProcessingStep>
				<processingSoftware>
					<softwareCreator>ABBYY (BIT Software), Russia</softwareCreator>
					<softwareName>FineReader</softwareName>
					<softwareVersion>10.0</softwareVersion>
				</processingSoftware>
			</ocrProcessingStep>
		</OCRProcessing>
	</Description>
	<Styles>
		<TextStyle ID="TXT_0" FONTSIZE="17" FONTFAMILY="Times New Roman"/>
		<TextStyle ID="TXT_1" FONTSIZE="10" FONTFAMILY="Times New Roman"/>
		<TextStyle ID="TXT_2" FONTSIZE="15" FONTFAMILY="Times New Roman" FONTSTYLE="italics"/>
		<TextStyle ID="TXT_3" FONTSIZE="17" FONTFAMILY="Times New Roman" FONTSTYLE="bold"/>
		<TextStyle ID="TXT_4" FONTSIZE="15" FONTFAMILY="Times New Roman"/>
		<TextStyle ID="TXT_5" FONTSIZE="34" FONTFAMILY="Arial"/>
		<ParagraphStyle ID="PAR_LEFT" ALIGN="Left"/>
		<ParagraphStyle ID="PAR_CENTER" ALIGN="Center"/>
		<ParagraphStyle ID="PAR_BLOCK" ALIGN="Block"/>
		<ParagraphStyle ID="PAR_RIGHT" ALIGN="Right"/>
	</Styles>
	<Layout>
		<Page ID="P2" PHYSICAL_IMG_NR="2" HEIGHT="3539" WIDTH="2245" PRINTED_IMG_NR="226" PC="0.930">
			<TopMargin ID="P2_TM00001" HPOS="0" VPOS="0" WIDTH="2245" HEIGHT="244">
				<TextBlock ID="P2_TB00001" HPOS="157" VPOS="204" WIDTH="79" HEIGHT="37" STYLEREFS="TXT_0 PAR_LEFT">
					<TextLine ID="P2_TL00001" HPOS="157" VPOS="204" WIDTH="79" HEIGHT="37">
						<String ID="P2_ST00001" HPOS="157" VPOS="204" WIDTH="79" HEIGHT="37" CONTENT="226" WC="1.00" CC="000"/>
					</TextLine>
				</TextBlock>
				<TextBlock ID="P2_TB00002" HPOS="888" VPOS="207" WIDTH="512" HEIGHT="35" STYLEREFS="TXT_1 PAR_CENTER">
					<TextLine ID="P2_TL00002" HPOS="889" VPOS="207" WIDTH="511" HEIGHT="35">
						<String ID="P2_ST00002" HPOS="889" VPOS="207" WIDTH="286" HEIGHT="34" CONTENT="SUPPLÉMENT" WC="0.99" CC="0020263031"/>
						<SP ID="P2_SP00001" HPOS="1175" VPOS="241" WIDTH="33"/>
						<String ID="P2_ST00003" HPOS="1208" VPOS="215" WIDTH="192" HEIGHT="27" CONTENT="MUSICAL" WC="0.99" CC="3321103"/>
					</TextLine>
				</TextBlock>
			</TopMargin>
			<LeftMargin ID="P2_LM00001" HPOS="0" VPOS="244" WIDTH="119" HEIGHT="3294"/>
			<RightMargin ID="P2_RM00001" HPOS="2132" VPOS="244" WIDTH="113" HEIGHT="3294"/>
			<BottomMargin ID="P2_BM00001" HPOS="0" VPOS="3538" WIDTH="2245" HEIGHT="1"/>
			<PrintSpace ID="P2_PS00001" HPOS="119" VPOS="244" WIDTH="2013" HEIGHT="3294">
				<TextBlock ID="P2_TB00003" HPOS="156" VPOS="301" WIDTH="1976" HEIGHT="121" STYLEREFS="TXT_2 PAR_LEFT">
					<TextLine ID="P2_TL00003" HPOS="157" VPOS="302" WIDTH="1893" HEIGHT="54">
						<String ID="P2_ST00004" HPOS="157" VPOS="302" WIDTH="298" HEIGHT="53" CONTENT="mimétiques," WC="1.00" CC="20320122000"/>
						<SP ID="P2_SP00002" HPOS="455" VPOS="355" WIDTH="22"/>
						<String ID="P2_ST00005" HPOS="477" VPOS="302" WIDTH="129" HEIGHT="40" CONTENT="d'une" WC="0.99" CC="07002"/>
						<SP ID="P2_SP00003" HPOS="606" VPOS="355" WIDTH="21"/>
						<String ID="P2_ST00006" HPOS="627" VPOS="302" WIDTH="261" HEIGHT="52" CONTENT="expression" WC="0.99" CC="0046070000"/>
						<SP ID="P2_SP00004" HPOS="888" VPOS="355" WIDTH="21"/>
						<String ID="P2_ST00007" HPOS="909" VPOS="304" WIDTH="174" HEIGHT="38" CONTENT="intense" WC="0.99" CC="1070000"/>
						<SP ID="P2_SP00005" HPOS="1083" VPOS="355" WIDTH="33"/>
						<String ID="P2_ST00008" HPOS="1116" VPOS="309" WIDTH="42" HEIGHT="34" CONTENT="et" WC="1.00" CC="00"/>
						<SP ID="P2_SP00006" HPOS="1158" VPOS="355" WIDTH="22"/>
						<String ID="P2_ST00009" HPOS="1180" VPOS="304" WIDTH="130" HEIGHT="38" CONTENT="d'une" WC="0.98" CC="07080"/>
						<SP ID="P2_SP00007" HPOS="1310" VPOS="355" WIDTH="31"/>
						<String ID="P2_ST00010" HPOS="1341" VPOS="303" WIDTH="137" HEIGHT="40" CONTENT="réelle" WC="0.99" CC="420000"/>
						<SP ID="P2_SP00008" HPOS="1478" VPOS="355" WIDTH="34"/>
						<String ID="P2_ST00011" HPOS="1512" VPOS="304" WIDTH="166" HEIGHT="52" CONTENT="poésie," WC="0.98" CC="8608007"/>
						<SP ID="P2_SP00009" HPOS="1678" VPOS="356" WIDTH="24"/>
						<String ID="P2_ST00012" HPOS="1702" VPOS="302" WIDTH="65" HEIGHT="41" CONTENT="M." WC="0.65" CC="06"/>
						<SP ID="P2_SP00010" HPOS="1767" VPOS="356" WIDTH="41"/>
						<String ID="P2_ST00013" HPOS="1808" VPOS="302" WIDTH="242" HEIGHT="52" CONTENT="Guillouet," WC="0.74" CC="0504065004"/>
					</TextLine>
					<TextLine ID="P2_TL00004" HPOS="159" VPOS="369" WIDTH="1972" HEIGHT="53">
						<String ID="P2_ST00014" HPOS="159" VPOS="371" WIDTH="149" HEIGHT="38" CONTENT="musée" WC="0.99" CC="04000"/>
						<SP ID="P2_SP00011" HPOS="308" VPOS="409" WIDTH="42"/>
						<String ID="P2_ST00015" HPOS="350" VPOS="369" WIDTH="195" HEIGHT="49" CONTENT="Guimet," WC="0.93" CC="0400000"/>
						<SP ID="P2_SP00012" HPOS="545" VPOS="418" WIDTH="24"/>
						<String ID="P2_ST00016" HPOS="569" VPOS="371" WIDTH="151" HEIGHT="38" CONTENT="devait" WC="0.98" CC="602330"/>
						<SP ID="P2_SP00013" HPOS="720" VPOS="418" WIDTH="16"/>
						<String ID="P2_ST00017" HPOS="736" VPOS="370" WIDTH="134" HEIGHT="52" CONTENT="faire" WC="0.99" CC="05000"/>
						<SP ID="P2_SP00014" HPOS="870" VPOS="422" WIDTH="23"/>
						<String ID="P2_ST00018" HPOS="893" VPOS="384" WIDTH="83" HEIGHT="26" CONTENT="une" WC="0.95" CC="067"/>
						<SP ID="P2_SP00015" HPOS="976" VPOS="422" WIDTH="33"/>
						<String ID="P2_ST00019" HPOS="1009" VPOS="370" WIDTH="267" HEIGHT="50" CONTENT="conférence" WC="0.99" CC="0930070048"/>
						<SP ID="P2_SP00016" HPOS="1276" VPOS="422" WIDTH="31"/>
						<String ID="P2_ST00020" HPOS="1307" VPOS="372" WIDTH="269" HEIGHT="50" CONTENT="historique." WC="0.99" CC="01023051406"/>
						<SP ID="P2_SP00017" HPOS="1576" VPOS="422" WIDTH="35"/>
						<String ID="P2_ST00021" HPOS="1611" VPOS="370" WIDTH="30" HEIGHT="39" CONTENT="A" WC="1.00" CC="0"/>
						<SP ID="P2_SP00018" HPOS="1641" VPOS="422" WIDTH="27"/>
						<String ID="P2_ST00022" HPOS="1668" VPOS="383" WIDTH="76" HEIGHT="27" CONTENT="son" WC="0.98" CC="005"/>
						<SP ID="P2_SP00019" HPOS="1744" VPOS="422" WIDTH="20"/>
						<String ID="P2_ST00023" HPOS="1764" VPOS="370" WIDTH="169" HEIGHT="50" CONTENT="défaut," WC="0.99" CC="0000044"/>
						<SP ID="P2_SP00020" HPOS="1933" VPOS="422" WIDTH="26"/>
						<String ID="P2_ST00024" HPOS="1959" VPOS="373" WIDTH="40" HEIGHT="35" CONTENT="la" WC="0.47" CC="27"/>
						<SP ID="P2_SP00021" HPOS="1999" VPOS="422" WIDTH="33"/>
						<String ID="P2_ST00025" HPOS="2032" VPOS="384" WIDTH="99" HEIGHT="26" CONTENT="con-" WC="0.99" CC="0033"/>
					</TextLine>
				</TextBlock>
				<TextBlock ID="P2_TB00004" HPOS="726" VPOS="436" WIDTH="1404" HEIGHT="1059" STYLEREFS="TXT_2 PAR_BLOCK">
					<TextLine ID="P2_TL00005" HPOS="737" VPOS="436" WIDTH="1393" HEIGHT="53">
						<String ID="P2_ST00026" HPOS="737" VPOS="437" WIDTH="183" HEIGHT="51" CONTENT="férence" WC="0.99" CC="0950030"/>
						<SP ID="P2_SP00022" HPOS="920" VPOS="488" WIDTH="36"/>
						<String ID="P2_ST00027" HPOS="956" VPOS="451" WIDTH="24" HEIGHT="25" CONTENT="a" WC="1.00" CC="0"/>
						<SP ID="P2_SP00023" HPOS="980" VPOS="488" WIDTH="24"/>
						<String ID="P2_ST00028" HPOS="1004" VPOS="437" WIDTH="72" HEIGHT="39" CONTENT="été" WC="0.94" CC="258"/>
						<SP ID="P2_SP00024" HPOS="1076" VPOS="488" WIDTH="22"/>
						<String ID="P2_ST00029" HPOS="1098" VPOS="438" WIDTH="71" HEIGHT="38" CONTENT="lue" WC="0.99" CC="030"/>
						<SP ID="P2_SP00025" HPOS="1169" VPOS="488" WIDTH="14"/>
						<String ID="P2_ST00030" HPOS="1183" VPOS="451" WIDTH="92" HEIGHT="38" CONTENT="par" WC="0.97" CC="510"/>
						<SP ID="P2_SP00026" HPOS="1275" VPOS="489" WIDTH="22"/>
						<String ID="P2_ST00031" HPOS="1297" VPOS="439" WIDTH="38" HEIGHT="38" CONTENT="le" WC="1.00" CC="00"/>
						<SP ID="P2_SP00027" HPOS="1335" VPOS="489" WIDTH="20"/>
						<String ID="P2_ST00032" HPOS="1355" VPOS="438" WIDTH="248" HEIGHT="38" CONTENT="secrétaire" WC="1.00" CC="0000080005"/>
						<SP ID="P2_SP00028" HPOS="1603" VPOS="489" WIDTH="21"/>
						<String ID="P2_ST00033" HPOS="1624" VPOS="438" WIDTH="195" HEIGHT="51" CONTENT="général" WC="0.99" CC="6700600"/>
						<SP ID="P2_SP00029" HPOS="1819" VPOS="489" WIDTH="24"/>
						<String ID="P2_ST00034" HPOS="1843" VPOS="438" WIDTH="53" HEIGHT="38" CONTENT="de" WC="0.97" CC="00"/>
						<SP ID="P2_SP00030" HPOS="1896" VPOS="489" WIDTH="30"/>
						<String ID="P2_ST00035" HPOS="1926" VPOS="436" WIDTH="204" HEIGHT="52" CONTENT="l'Opéra-" WC="0.99" CC="51000604"/>
					</TextLine>
					<TextLine ID="P2_TL00006" HPOS="742" VPOS="504" WIDTH="1388" HEIGHT="54">
						<String ID="P2_ST00036" HPOS="742" VPOS="504" WIDTH="230" HEIGHT="53" CONTENT="Comique." WC="1.00" CC="00000504"/>
						<SP ID="P2_SP00031" HPOS="972" VPOS="557" WIDTH="29"/>
						<String ID="P2_ST00037" HPOS="1001" VPOS="504" WIDTH="106" HEIGHT="39" CONTENT="Elle" WC="0.99" CC="0102"/>
						<SP ID="P2_SP00032" HPOS="1107" VPOS="557" WIDTH="28"/>
						<String ID="P2_ST00038" HPOS="1135" VPOS="505" WIDTH="113" HEIGHT="38" CONTENT="était" WC="0.99" CC="00004"/>
						<SP ID="P2_SP00033" HPOS="1248" VPOS="557" WIDTH="29"/>
						<String ID="P2_ST00039" HPOS="1277" VPOS="504" WIDTH="161" HEIGHT="52" CONTENT="coupée" WC="0.99" CC="006010"/>
						<SP ID="P2_SP00034" HPOS="1438" VPOS="557" WIDTH="167"/>
						<String ID="P2_ST00040" HPOS="1605" VPOS="504" WIDTH="152" HEIGHT="40" CONTENT="c'était" WC="1.00" CC="0100001"/>
						<SP ID="P2_SP00035" HPOS="1757" VPOS="557" WIDTH="33"/>
						<String ID="P2_ST00041" HPOS="1790" VPOS="517" WIDTH="56" HEIGHT="26" CONTENT="un" WC="0.66" CC="60"/>
						<SP ID="P2_SP00036" HPOS="1846" VPOS="557" WIDTH="41"/>
						<String ID="P2_ST00042" HPOS="1887" VPOS="516" WIDTH="130" HEIGHT="39" CONTENT="repos" WC="0.99" CC="60000"/>
						<SP ID="P2_SP00037" HPOS="2017" VPOS="557" WIDTH="35"/>
						<String ID="P2_ST00043" HPOS="2052" VPOS="518" WIDTH="78" HEIGHT="40" CONTENT="que" WC="0.97" CC="060"/>
					</TextLine>
					<TextLine ID="P2_TL00007" HPOS="740" VPOS="571" WIDTH="1390" HEIGHT="53">
						<String ID="P2_ST00044" HPOS="740" VPOS="574" WIDTH="83" HEIGHT="36" CONTENT="l'on" WC="1.00" CC="0100"/>
						<SP ID="P2_SP00038" HPOS="823" VPOS="610" WIDTH="39"/>
						<String ID="P2_ST00045" HPOS="862" VPOS="572" WIDTH="297" HEIGHT="52" CONTENT="comprendra" WC="0.99" CC="0029500040"/>
						<SP ID="P2_SP00039" HPOS="1159" VPOS="624" WIDTH="110"/>
						<String ID="P2_ST00046" HPOS="1269" VPOS="585" WIDTH="84" HEIGHT="39" CONTENT="par" WC="0.93" CC="908"/>
						<SP ID="P2_SP00040" HPOS="1353" VPOS="624" WIDTH="37"/>
						<String ID="P2_ST00047" HPOS="1390" VPOS="573" WIDTH="62" HEIGHT="37" CONTENT="les" WC="1.00" CC="000"/>
						<SP ID="P2_SP00041" HPOS="1452" VPOS="624" WIDTH="38"/>
						<String ID="P2_ST00048" HPOS="1490" VPOS="572" WIDTH="173" HEIGHT="48" CONTENT="danses," WC="0.99" CC="0058004"/>
						<SP ID="P2_SP00042" HPOS="1663" VPOS="624" WIDTH="34"/>
						<String ID="P2_ST00049" HPOS="1697" VPOS="574" WIDTH="78" HEIGHT="50" CONTENT="qui" WC="1.00" CC="000"/>
						<SP ID="P2_SP00043" HPOS="1775" VPOS="624" WIDTH="31"/>
						<String ID="P2_ST00050" HPOS="1806" VPOS="571" WIDTH="66" HEIGHT="39" CONTENT="lui" WC="0.99" CC="030"/>
						<SP ID="P2_SP00044" HPOS="1872" VPOS="624" WIDTH="33"/>
						<String ID="P2_ST00051" HPOS="1905" VPOS="572" WIDTH="225" HEIGHT="39" CONTENT="servaient" WC="1.00" CC="001400010"/>
					</TextLine>
					<TextLine ID="P2_TL00008" HPOS="740" VPOS="639" WIDTH="1390" HEIGHT="52">
						<String ID="P2_ST00052" HPOS="740" VPOS="639" WIDTH="343" HEIGHT="39" CONTENT="d'illustration." WC="1.00" CC="010000050000360"/>
						<SP ID="P2_SP00045" HPOS="1083" VPOS="678" WIDTH="19"/>
						<String ID="P2_ST00053" HPOS="1102" VPOS="640" WIDTH="59" HEIGHT="38" CONTENT="La" WC="1.00" CC="99"/>
						<SP ID="P2_SP00046" HPOS="1161" VPOS="678" WIDTH="19"/>
						<String ID="P2_ST00054" HPOS="1180" VPOS="639" WIDTH="262" HEIGHT="39" CONTENT="nombreuse" WC="0.99" CC="065040305"/>
						<SP ID="P2_SP00047" HPOS="1442" VPOS="678" WIDTH="19"/>
						<String ID="P2_ST00055" HPOS="1461" VPOS="641" WIDTH="262" HEIGHT="46" CONTENT="assistance," WC="1.00" CC="50000400016"/>
						<SP ID="P2_SP00048" HPOS="1723" VPOS="687" WIDTH="16"/>
						<String ID="P2_ST00056" HPOS="1739" VPOS="652" WIDTH="116" HEIGHT="39" CONTENT="powr" WC="0.32" CC="7747"/>
						<SP ID="P2_SP00049" HPOS="1855" VPOS="691" WIDTH="19"/>
						<String ID="P2_ST00057" HPOS="1874" VPOS="640" WIDTH="195" HEIGHT="51" CONTENT="laquelle" WC="1.00" CC="00000020"/>
						<SP ID="P2_SP00050" HPOS="2069" VPOS="691" WIDTH="21"/>
						<String ID="P2_ST00058" HPOS="2090" VPOS="641" WIDTH="40" HEIGHT="38" CONTENT="la" WC="0.61" CC="07"/>
					</TextLine>
					<TextLine ID="P2_TL00009" HPOS="736" VPOS="706" WIDTH="1392" HEIGHT="53">
						<String ID="P2_ST00059" HPOS="736" VPOS="708" WIDTH="114" HEIGHT="37" CONTENT="salle" WC="0.99" CC="90100"/>
						<SP ID="P2_SP00051" HPOS="850" VPOS="745" WIDTH="36"/>
						<String ID="P2_ST00060" HPOS="886" VPOS="706" WIDTH="186" HEIGHT="53" CONTENT="exquise" WC="1.00" CC="0000000"/>
						<SP ID="P2_SP00052" HPOS="1072" VPOS="759" WIDTH="22"/>
						<String ID="P2_ST00061" HPOS="1094" VPOS="706" WIDTH="53" HEIGHT="40" CONTENT="de" WC="0.80" CC="04"/>
						<SP ID="P2_SP00053" HPOS="1147" VPOS="759" WIDTH="45"/>
						<String ID="P2_ST00062" HPOS="1192" VPOS="707" WIDTH="63" HEIGHT="40" CONTENT="M." WC="0.78" CC="04"/>
						<SP ID="P2_SP00054" HPOS="1255" VPOS="759" WIDTH="22"/>
						<String ID="P2_ST00063" HPOS="1277" VPOS="706" WIDTH="133" HEIGHT="40" CONTENT="Mors" WC="1.00" CC="0000"/>
						<SP ID="P2_SP00055" HPOS="1410" VPOS="759" WIDTH="33"/>
						<String ID="P2_ST00064" HPOS="1443" VPOS="706" WIDTH="113" HEIGHT="39" CONTENT="était" WC="1.00" CC="00010"/>
						<SP ID="P2_SP00056" HPOS="1556" VPOS="759" WIDTH="45"/>
						<String ID="P2_ST00065" HPOS="1601" VPOS="713" WIDTH="101" HEIGHT="45" CONTENT="trop" WC="0.99" CC="3200"/>
						<SP ID="P2_SP00057" HPOS="1702" VPOS="759" WIDTH="24"/>
						<String ID="P2_ST00066" HPOS="1726" VPOS="706" WIDTH="181" HEIGHT="46" CONTENT="étroite," WC="1.00" CC="00000130"/>
						<SP ID="P2_SP00058" HPOS="1907" VPOS="759" WIDTH="23"/>
						<String ID="P2_ST00067" HPOS="1930" VPOS="719" WIDTH="170" HEIGHT="39" CONTENT="compre" SUBS_TYPE="HypPart1" SUBS_CONTENT="comprenait" WC="0.99" CC="010570"/>
						<HYP HPOS="2100" VPOS="719" WIDTH="28" CONTENT="-"/>
					</TextLine>
					<TextLine ID="P2_TL00010" HPOS="734" VPOS="773" WIDTH="1394" HEIGHT="53">
						<String ID="P2_ST00068" HPOS="734" VPOS="778" WIDTH="97" HEIGHT="34" CONTENT="nait" SUBS_TYPE="HypPart2" SUBS_CONTENT="comprenait" WC="0.99" CC="4000"/>
						<SP ID="P2_SP00059" HPOS="831" VPOS="812" WIDTH="24"/>
						<String ID="P2_ST00069" HPOS="855" VPOS="773" WIDTH="132" HEIGHT="40" CONTENT="l'élite" WC="0.99" CC="3040503"/>
						<SP ID="P2_SP00060" HPOS="987" VPOS="813" WIDTH="20"/>
						<String ID="P2_ST00070" HPOS="1007" VPOS="774" WIDTH="197" HEIGHT="39" CONTENT="sérieuse" WC="1.00" CC="04000100"/>
						<SP ID="P2_SP00061" HPOS="1204" VPOS="813" WIDTH="23"/>
						<String ID="P2_ST00071" HPOS="1227" VPOS="780" WIDTH="40" HEIGHT="33" CONTENT="et" WC="0.66" CC="06"/>
						<SP ID="P2_SP00062" HPOS="1267" VPOS="813" WIDTH="43"/>
						<String ID="P2_ST00072" HPOS="1310" VPOS="775" WIDTH="40" HEIGHT="37" CONTENT="la" WC="0.69" CC="06"/>
						<SP ID="P2_SP00063" HPOS="1350" VPOS="813" WIDTH="32"/>
						<String ID="P2_ST00073" HPOS="1382" VPOS="775" WIDTH="100" HEIGHT="50" CONTENT="plus" WC="0.98" CC="9000"/>
						<SP ID="P2_SP00064" HPOS="1482" VPOS="825" WIDTH="44"/>
						<String ID="P2_ST00074" HPOS="1526" VPOS="773" WIDTH="314" HEIGHT="40" CONTENT="honnêtement" WC="0.99" CC="30146051011"/>
						<SP ID="P2_SP00065" HPOS="1840" VPOS="825" WIDTH="34"/>
						<String ID="P2_ST00075" HPOS="1874" VPOS="773" WIDTH="254" HEIGHT="53" CONTENT="distinguée" WC="0.99" CC="0000387700"/>
					</TextLine>
					<TextLine ID="P2_TL00011" HPOS="734" VPOS="841" WIDTH="1393" HEIGHT="51">
						<String ID="P2_ST00076" HPOS="734" VPOS="841" WIDTH="51" HEIGHT="39" CONTENT="de" WC="1.00" CC="00"/>
						<SP ID="P2_SP00066" HPOS="785" VPOS="880" WIDTH="24"/>
						<String ID="P2_ST00077" HPOS="809" VPOS="841" WIDTH="42" HEIGHT="39" CONTENT="la" WC="0.86" CC="01"/>
						<SP ID="P2_SP00067" HPOS="851" VPOS="880" WIDTH="36"/>
						<String ID="P2_ST00078" HPOS="887" VPOS="843" WIDTH="165" HEIGHT="37" CONTENT="société" WC="1.00" CC="0020003"/>
						<SP ID="P2_SP00068" HPOS="1052" VPOS="880" WIDTH="23"/>
						<String ID="P2_ST00079" HPOS="1075" VPOS="842" WIDTH="281" HEIGHT="50" CONTENT="parisienne." WC="0.99" CC="02810038264"/>
						<SP ID="P2_SP00069" HPOS="1356" VPOS="892" WIDTH="24"/>
						<String ID="P2_ST00080" HPOS="1380" VPOS="841" WIDTH="128" HEIGHT="39" CONTENT="Nous" WC="1.00" CC="0000"/>
						<SP ID="P2_SP00070" HPOS="1508" VPOS="892" WIDTH="19"/>
						<String ID="P2_ST00081" HPOS="1527" VPOS="853" WIDTH="136" HEIGHT="27" CONTENT="avons" WC="1.00" CC="00000"/>
						<SP ID="P2_SP00071" HPOS="1663" VPOS="892" WIDTH="23"/>
						<String ID="P2_ST00082" HPOS="1686" VPOS="847" WIDTH="233" HEIGHT="33" CONTENT="rarement" WC="0.99" CC="70102001"/>
						<SP ID="P2_SP00072" HPOS="1919" VPOS="892" WIDTH="33"/>
						<String ID="P2_ST00083" HPOS="1952" VPOS="853" WIDTH="52" HEIGHT="25" CONTENT="vu" WC="0.43" CC="37"/>
						<SP ID="P2_SP00073" HPOS="2004" VPOS="892" WIDTH="25"/>
						<String ID="P2_ST00084" HPOS="2029" VPOS="845" WIDTH="74" HEIGHT="34" CONTENT="réu" SUBS_TYPE="HypPart1" SUBS_CONTENT="réunion" WC="0.98" CC="070"/>
						<HYP HPOS="2103" VPOS="845" WIDTH="24" CONTENT="-"/>
					</TextLine>
					<TextLine ID="P2_TL00012" HPOS="734" VPOS="907" WIDTH="1392" HEIGHT="53">
						<String ID="P2_ST00085" HPOS="734" VPOS="908" WIDTH="104" HEIGHT="38" CONTENT="nion" SUBS_TYPE="HypPart2" SUBS_CONTENT="réunion" WC="0.97" CC="2084"/>
						<SP ID="P2_SP00074" HPOS="838" VPOS="946" WIDTH="37"/>
						<String ID="P2_ST00086" HPOS="875" VPOS="907" WIDTH="249" HEIGHT="39" CONTENT="mondaine" WC="1.00" CC="00000005"/>
						<SP ID="P2_SP00075" HPOS="1124" VPOS="946" WIDTH="28"/>
						<String ID="P2_ST00087" HPOS="1152" VPOS="909" WIDTH="124" HEIGHT="38" CONTENT="aussi" WC="1.00" CC="00000"/>
						<SP ID="P2_SP00076" HPOS="1276" VPOS="947" WIDTH="41"/>
						<String ID="P2_ST00088" HPOS="1317" VPOS="907" WIDTH="208" HEIGHT="53" CONTENT="élégante" WC="0.99" CC="01000650"/>
						<SP ID="P2_SP00077" HPOS="1525" VPOS="960" WIDTH="41"/>
						<String ID="P2_ST00089" HPOS="1566" VPOS="914" WIDTH="43" HEIGHT="33" CONTENT="et" WC="0.81" CC="30"/>
						<SP ID="P2_SP00078" HPOS="1609" VPOS="960" WIDTH="35"/>
						<String ID="P2_ST00090" HPOS="1644" VPOS="908" WIDTH="125" HEIGHT="39" CONTENT="aussi" WC="0.98" CC="76000"/>
						<SP ID="P2_SP00079" HPOS="1769" VPOS="960" WIDTH="40"/>
						<String ID="P2_ST00091" HPOS="1809" VPOS="907" WIDTH="228" HEIGHT="39" CONTENT="brillante." WC="1.00" CC="0002200004"/>
						<SP ID="P2_SP00080" HPOS="2037" VPOS="960" WIDTH="26"/>
						<String ID="P2_ST00092" HPOS="2063" VPOS="907" WIDTH="63" HEIGHT="40" CONTENT="La" WC="1.00" CC="00"/>
					</TextLine>
					<TextLine ID="P2_TL00013" HPOS="733" VPOS="974" WIDTH="1396" HEIGHT="52">
						<String ID="P2_ST00093" HPOS="733" VPOS="975" WIDTH="217" HEIGHT="38" CONTENT="danseuse" WC="0.99" CC="00700500"/>
						<SP ID="P2_SP00081" HPOS="950" VPOS="1013" WIDTH="22"/>
						<String ID="P2_ST00094" HPOS="972" VPOS="987" WIDTH="25" HEIGHT="26" CONTENT="a" WC="1.00" CC="0"/>
						<SP ID="P2_SP00082" HPOS="997" VPOS="1013" WIDTH="24"/>
						<String ID="P2_ST00095" HPOS="1021" VPOS="974" WIDTH="68" HEIGHT="39" CONTENT="été" WC="0.98" CC="220"/>
						<SP ID="P2_SP00083" HPOS="1089" VPOS="1013" WIDTH="34"/>
						<String ID="P2_ST00096" HPOS="1123" VPOS="974" WIDTH="317" HEIGHT="40" CONTENT="discrètement" WC="1.00" CC="030050103110"/>
						<SP ID="P2_SP00084" HPOS="1440" VPOS="1014" WIDTH="32"/>
						<String ID="P2_ST00097" HPOS="1472" VPOS="975" WIDTH="243" HEIGHT="51" CONTENT="applaudie" WC="1.00" CC="000002040"/>
						<SP ID="P2_SP00085" HPOS="1715" VPOS="1026" WIDTH="24"/>
						<String ID="P2_ST00098" HPOS="1739" VPOS="981" WIDTH="39" HEIGHT="33" CONTENT="et" WC="0.61" CC="15"/>
						<SP ID="P2_SP00086" HPOS="1778" VPOS="1026" WIDTH="24"/>
						<String ID="P2_ST00099" HPOS="1802" VPOS="975" WIDTH="211" HEIGHT="51" CONTENT="rappelée" WC="0.99" CC="06004060"/>
						<SP ID="P2_SP00087" HPOS="2013" VPOS="1026" WIDTH="33"/>
						<String ID="P2_ST00100" HPOS="2046" VPOS="987" WIDTH="83" HEIGHT="26" CONTENT="une" WC="0.96" CC="009"/>
					</TextLine>
					<TextLine ID="P2_TL00014" HPOS="733" VPOS="1040" WIDTH="1395" HEIGHT="54">
						<String ID="P2_ST00101" HPOS="733" VPOS="1043" WIDTH="106" HEIGHT="45" CONTENT="fois." WC="0.99" CC="60002"/>
						<SP ID="P2_SP00088" HPOS="839" VPOS="1088" WIDTH="30"/>
						<String ID="P2_ST00102" HPOS="869" VPOS="1040" WIDTH="66" HEIGHT="40" CONTENT="On" WC="0.95" CC="00"/>
						<SP ID="P2_SP00089" HPOS="935" VPOS="1088" WIDTH="31"/>
						<String ID="P2_ST00103" HPOS="966" VPOS="1053" WIDTH="50" HEIGHT="26" CONTENT="ne" WC="1.00" CC="00"/>
						<SP ID="P2_SP00090" HPOS="1016" VPOS="1088" WIDTH="21"/>
						<String ID="P2_ST00104" HPOS="1037" VPOS="1042" WIDTH="104" HEIGHT="38" CONTENT="s'est" WC="1.00" CC="00000"/>
						<SP ID="P2_SP00091" HPOS="1141" VPOS="1088" WIDTH="15"/>
						<String ID="P2_ST00105" HPOS="1156" VPOS="1054" WIDTH="78" HEIGHT="38" CONTENT="pas" WC="0.98" CC="004"/>
						<SP ID="P2_SP00092" HPOS="1234" VPOS="1092" WIDTH="16"/>
						<String ID="P2_ST00106" HPOS="1250" VPOS="1043" WIDTH="106" HEIGHT="51" CONTENT="plus" WC="0.99" CC="0050"/>
						<SP ID="P2_SP00093" HPOS="1356" VPOS="1094" WIDTH="28"/>
						<String ID="P2_ST00107" HPOS="1384" VPOS="1041" WIDTH="160" HEIGHT="39" CONTENT="étonné" WC="0.99" CC="020402"/>
						<SP ID="P2_SP00094" HPOS="1544" VPOS="1094" WIDTH="19"/>
						<String ID="P2_ST00108" HPOS="1563" VPOS="1041" WIDTH="52" HEIGHT="39" CONTENT="de" WC="1.00" CC="00"/>
						<SP ID="P2_SP00095" HPOS="1615" VPOS="1094" WIDTH="19"/>
						<String ID="P2_ST00109" HPOS="1634" VPOS="1048" WIDTH="115" HEIGHT="32" CONTENT="cette" WC="0.99" CC="00005"/>
						<SP ID="P2_SP00096" HPOS="1749" VPOS="1094" WIDTH="19"/>
						<String ID="P2_ST00110" HPOS="1768" VPOS="1041" WIDTH="241" HEIGHT="39" CONTENT="Javanaise" WC="0.99" CC="045000320"/>
						<SP ID="P2_SP00097" HPOS="2009" VPOS="1094" WIDTH="22"/>
						<String ID="P2_ST00111" HPOS="2031" VPOS="1043" WIDTH="97" HEIGHT="38" CONTENT="àla" WC="1.00" CC="000"/>
					</TextLine>
					<TextLine ID="P2_TL00015" HPOS="728" VPOS="1108" WIDTH="1397" HEIGHT="53">
						<String ID="P2_ST00112" HPOS="728" VPOS="1121" WIDTH="115" HEIGHT="39" CONTENT="peau" WC="1.00" CC="0000"/>
						<SP ID="P2_SP00098" HPOS="843" VPOS="1160" WIDTH="39"/>
						<String ID="P2_ST00113" HPOS="882" VPOS="1121" WIDTH="54" HEIGHT="25" CONTENT="un" WC="0.98" CC="00"/>
						<SP ID="P2_SP00099" HPOS="936" VPOS="1160" WIDTH="39"/>
						<String ID="P2_ST00114" HPOS="975" VPOS="1121" WIDTH="89" HEIGHT="38" CONTENT="peu" WC="1.00" CC="000"/>
						<SP ID="P2_SP00100" HPOS="1064" VPOS="1160" WIDTH="36"/>
						<String ID="P2_ST00115" HPOS="1100" VPOS="1108" WIDTH="176" HEIGHT="48" CONTENT="teintée," WC="1.00" CC="40002000"/>
						<SP ID="P2_SP00101" HPOS="1276" VPOS="1160" WIDTH="41"/>
						<String ID="P2_ST00116" HPOS="1317" VPOS="1120" WIDTH="83" HEIGHT="41" CONTENT="que" WC="1.00" CC="000"/>
						<SP ID="P2_SP00102" HPOS="1400" VPOS="1161" WIDTH="41"/>
						<String ID="P2_ST00117" HPOS="1441" VPOS="1108" WIDTH="76" HEIGHT="39" CONTENT="des" WC="1.00" CC="000"/>
						<SP ID="P2_SP00103" HPOS="1517" VPOS="1161" WIDTH="41"/>
						<String ID="P2_ST00118" HPOS="1558" VPOS="1108" WIDTH="459" HEIGHT="40" CONTENT="statuettes-bibelots" WC="1.00" CC="0104000000401000073"/>
						<SP ID="P2_SP00104" HPOS="2017" VPOS="1161" WIDTH="33"/>
						<String ID="P2_ST00119" HPOS="2050" VPOS="1109" WIDTH="75" HEIGHT="52" CONTENT="qui" WC="0.98" CC="050"/>
					</TextLine>
					<TextLine ID="P2_TL00016" HPOS="734" VPOS="1175" WIDTH="1394" HEIGHT="52">
						<String ID="P2_ST00120" HPOS="734" VPOS="1182" WIDTH="156" HEIGHT="32" CONTENT="ornent" WC="0.99" CC="007200"/>
						<SP ID="P2_SP00105" HPOS="890" VPOS="1214" WIDTH="38"/>
						<String ID="P2_ST00121" HPOS="928" VPOS="1181" WIDTH="97" HEIGHT="32" CONTENT="tant" WC="0.97" CC="1074"/>
						<SP ID="P2_SP00106" HPOS="1025" VPOS="1214" WIDTH="36"/>
						<String ID="P2_ST00122" HPOS="1061" VPOS="1177" WIDTH="53" HEIGHT="36" CONTENT="de" WC="1.00" CC="00"/>
						<SP ID="P2_SP00107" HPOS="1114" VPOS="1214" WIDTH="33"/>
						<String ID="P2_ST00123" HPOS="1147" VPOS="1176" WIDTH="169" HEIGHT="38" CONTENT="salons." WC="0.99" CC="9000002"/>
						<SP ID="P2_SP00108" HPOS="1316" VPOS="1214" WIDTH="33"/>
						<String ID="P2_ST00124" HPOS="1349" VPOS="1177" WIDTH="62" HEIGHT="37" CONTENT="Le" WC="0.88" CC="02"/>
						<SP ID="P2_SP00109" HPOS="1411" VPOS="1214" WIDTH="38"/>
						<String ID="P2_ST00125" HPOS="1449" VPOS="1189" WIDTH="56" HEIGHT="25" CONTENT="nu" WC="0.95" CC="00"/>
						<SP ID="P2_SP00110" HPOS="1505" VPOS="1214" WIDTH="23"/>
						<String ID="P2_ST00126" HPOS="1528" VPOS="1175" WIDTH="155" HEIGHT="39" CONTENT="absolu" WC="0.99" CC="700050"/>
						<SP ID="P2_SP00111" HPOS="1683" VPOS="1214" WIDTH="24"/>
						<String ID="P2_ST00127" HPOS="1707" VPOS="1176" WIDTH="122" HEIGHT="38" CONTENT="est-il" WC="0.99" CC="002202"/>
						<SP ID="P2_SP00112" HPOS="1829" VPOS="1214" WIDTH="19"/>
						<String ID="P2_ST00128" HPOS="1848" VPOS="1176" WIDTH="103" HEIGHT="51" CONTENT="plus" WC="0.98" CC="0109"/>
						<SP ID="P2_SP00113" HPOS="1951" VPOS="1227" WIDTH="21"/>
						<String ID="P2_ST00129" HPOS="1972" VPOS="1176" WIDTH="156" HEIGHT="39" CONTENT="décent" WC="0.99" CC="030803"/>
					</TextLine>
					<TextLine ID="P2_TL00017" HPOS="734" VPOS="1241" WIDTH="1394" HEIGHT="54">
						<String ID="P2_ST00130" HPOS="734" VPOS="1255" WIDTH="81" HEIGHT="40" CONTENT="que" WC="1.00" CC="000"/>
						<SP ID="P2_SP00114" HPOS="815" VPOS="1295" WIDTH="23"/>
						<String ID="P2_ST00131" HPOS="838" VPOS="1244" WIDTH="38" HEIGHT="36" CONTENT="le" WC="0.44" CC="64"/>
						<SP ID="P2_SP00115" HPOS="876" VPOS="1295" WIDTH="19"/>
						<String ID="P2_ST00132" HPOS="895" VPOS="1241" WIDTH="195" HEIGHT="39" CONTENT="demi-nu" WC="0.99" CC="0700360"/>
						<SP ID="P2_SP00116" HPOS="1090" VPOS="1295" WIDTH="27"/>
						<String ID="P2_ST00133" HPOS="1117" VPOS="1241" WIDTH="23" HEIGHT="39" CONTENT="?" WC="0.33" CC="6"/>
						<SP ID="P2_SP00117" HPOS="1140" VPOS="1295" WIDTH="24"/>
						<String ID="P2_ST00134" HPOS="1164" VPOS="1242" WIDTH="43" HEIGHT="39" CONTENT="Il" WC="1.00" CC="00"/>
						<SP ID="P2_SP00118" HPOS="1207" VPOS="1295" WIDTH="29"/>
						<String ID="P2_ST00135" HPOS="1236" VPOS="1250" WIDTH="68" HEIGHT="31" CONTENT="est" WC="0.98" CC="050"/>
						<SP ID="P2_SP00119" HPOS="1304" VPOS="1295" WIDTH="29"/>
						<String ID="P2_ST00136" HPOS="1333" VPOS="1256" WIDTH="56" HEIGHT="25" CONTENT="au" WC="1.00" CC="00"/>
						<SP ID="P2_SP00120" HPOS="1389" VPOS="1295" WIDTH="24"/>
						<String ID="P2_ST00137" HPOS="1413" VPOS="1245" WIDTH="146" HEIGHT="37" CONTENT="moins" WC="0.99" CC="60003"/>
						<SP ID="P2_SP00121" HPOS="1559" VPOS="1295" WIDTH="14"/>
						<String ID="P2_ST00138" HPOS="1573" VPOS="1243" WIDTH="105" HEIGHT="51" CONTENT="plus" WC="1.00" CC="0000"/>
						<SP ID="P2_SP00122" HPOS="1678" VPOS="1295" WIDTH="20"/>
						<String ID="P2_ST00139" HPOS="1698" VPOS="1243" WIDTH="265" HEIGHT="52" CONTENT="artistique." WC="1.00" CC="00300000064"/>
						<SP ID="P2_SP00123" HPOS="1963" VPOS="1295" WIDTH="24"/>
						<String ID="P2_ST00140" HPOS="1987" VPOS="1242" WIDTH="141" HEIGHT="40" CONTENT="Est-il" WC="0.99" CC="700300"/>
					</TextLine>
					<TextLine ID="P2_TL00018" HPOS="731" VPOS="1308" WIDTH="1397" HEIGHT="54">
						<String ID="P2_ST00141" HPOS="731" VPOS="1311" WIDTH="103" HEIGHT="50" CONTENT="plus" WC="1.00" CC="0000"/>
						<SP ID="P2_SP00124" HPOS="834" VPOS="1361" WIDTH="22"/>
						<String ID="P2_ST00142" HPOS="856" VPOS="1308" WIDTH="167" HEIGHT="40" CONTENT="sacré?" WC="0.99" CC="000051"/>
						<SP ID="P2_SP00125" HPOS="1023" VPOS="1361" WIDTH="19"/>
						<String ID="P2_ST00143" HPOS="1042" VPOS="1308" WIDTH="187" HEIGHT="40" CONTENT="J'hésite" WC="0.99" CC="50004020"/>
						<SP ID="P2_SP00126" HPOS="1229" VPOS="1361" WIDTH="24"/>
						<String ID="P2_ST00144" HPOS="1253" VPOS="1308" WIDTH="25" HEIGHT="40" CONTENT="à" WC="0.48" CC="5"/>
						<SP ID="P2_SP00127" HPOS="1278" VPOS="1361" WIDTH="26"/>
						<String ID="P2_ST00145" HPOS="1304" VPOS="1322" WIDTH="66" HEIGHT="27" CONTENT="me" WC="0.93" CC="01"/>
						<SP ID="P2_SP00128" HPOS="1370" VPOS="1361" WIDTH="11"/>
						<String ID="P2_ST00146" HPOS="1381" VPOS="1323" WIDTH="255" HEIGHT="39" CONTENT="prononcer" WC="1.00" CC="000040000"/>
						<SP ID="P2_SP00129" HPOS="1636" VPOS="1362" WIDTH="22"/>
						<String ID="P2_ST00147" HPOS="1658" VPOS="1322" WIDTH="80" HEIGHT="27" CONTENT="sur" WC="0.97" CC="080"/>
						<SP ID="P2_SP00130" HPOS="1738" VPOS="1362" WIDTH="32"/>
						<String ID="P2_ST00148" HPOS="1770" VPOS="1323" WIDTH="46" HEIGHT="26" CONTENT="ce" WC="0.52" CC="26"/>
						<SP ID="P2_SP00131" HPOS="1816" VPOS="1362" WIDTH="17"/>
						<String ID="P2_ST00149" HPOS="1833" VPOS="1311" WIDTH="145" HEIGHT="50" CONTENT="point." WC="0.99" CC="001404"/>
						<SP ID="P2_SP00132" HPOS="1978" VPOS="1362" WIDTH="32"/>
						<String ID="P2_ST00150" HPOS="2010" VPOS="1309" WIDTH="118" HEIGHT="40" CONTENT="C'est" WC="1.00" CC="00001"/>
					</TextLine>
					<TextLine ID="P2_TL00019" HPOS="733" VPOS="1375" WIDTH="1393" HEIGHT="54">
						<String ID="P2_ST00151" HPOS="733" VPOS="1375" WIDTH="169" HEIGHT="54" CONTENT="affaire" WC="1.00" CC="0000060"/>
						<SP ID="P2_SP00133" HPOS="902" VPOS="1429" WIDTH="19"/>
						<String ID="P2_ST00152" HPOS="921" VPOS="1377" WIDTH="52" HEIGHT="38" CONTENT="de" WC="1.00" CC="00"/>
						<SP ID="P2_SP00134" HPOS="973" VPOS="1429" WIDTH="23"/>
						<String ID="P2_ST00153" HPOS="996" VPOS="1376" WIDTH="134" HEIGHT="39" CONTENT="haute" WC="0.99" CC="00305"/>
						<SP ID="P2_SP00135" HPOS="1130" VPOS="1429" WIDTH="22"/>
						<String ID="P2_ST00154" HPOS="1152" VPOS="1377" WIDTH="230" HEIGHT="39" CONTENT="érudition" WC="0.99" CC="361300000"/>
						<SP ID="P2_SP00136" HPOS="1382" VPOS="1429" WIDTH="15"/>
						<String ID="P2_ST00155" HPOS="1397" VPOS="1389" WIDTH="16" HEIGHT="39" CONTENT=";" WC="0.88" CC="1"/>
						<SP ID="P2_SP00137" HPOS="1413" VPOS="1429" WIDTH="22"/>
						<String ID="P2_ST00156" HPOS="1435" VPOS="1379" WIDTH="129" HEIGHT="46" CONTENT="mais," WC="0.99" CC="30104"/>
						<SP ID="P2_SP00138" HPOS="1564" VPOS="1429" WIDTH="25"/>
						<String ID="P2_ST00157" HPOS="1589" VPOS="1377" WIDTH="275" HEIGHT="45" CONTENT="d'habitude," WC="1.00" CC="00060003004"/>
						<SP ID="P2_SP00139" HPOS="1864" VPOS="1429" WIDTH="27"/>
						<String ID="P2_ST00158" HPOS="1891" VPOS="1376" WIDTH="212" HEIGHT="40" CONTENT="l'inconve" SUBS_TYPE="HypPart1" SUBS_CONTENT="l'inconvenance" WC="1.00" CC="304000060"/>
						<HYP HPOS="2103" VPOS="1376" WIDTH="23" CONTENT="-"/>
					</TextLine>
					<TextLine ID="P2_TL00020" HPOS="734" VPOS="1443" WIDTH="1389" HEIGHT="52">
						<String ID="P2_ST00159" HPOS="734" VPOS="1456" WIDTH="140" HEIGHT="26" CONTENT="nance" SUBS_TYPE="HypPart2" SUBS_CONTENT="l'inconvenance" WC="0.99" CC="00004"/>
						<SP ID="P2_SP00140" HPOS="874" VPOS="1482" WIDTH="39"/>
						<String ID="P2_ST00160" HPOS="913" VPOS="1449" WIDTH="65" HEIGHT="33" CONTENT="est" WC="0.95" CC="093"/>
						<SP ID="P2_SP00141" HPOS="978" VPOS="1482" WIDTH="31"/>
						<String ID="P2_ST00161" HPOS="1009" VPOS="1443" WIDTH="110" HEIGHT="39" CONTENT="dans" WC="0.98" CC="0900"/>
						<SP ID="P2_SP00142" HPOS="1119" VPOS="1482" WIDTH="33"/>
						<String ID="P2_ST00162" HPOS="1152" VPOS="1445" WIDTH="40" HEIGHT="37" CONTENT="le" WC="1.00" CC="00"/>
						<SP ID="P2_SP00143" HPOS="1192" VPOS="1482" WIDTH="21"/>
						<String ID="P2_ST00163" HPOS="1213" VPOS="1449" WIDTH="268" HEIGHT="46" CONTENT="spectateur," WC="1.00" CC="00010700403"/>
						<SP ID="P2_SP00144" HPOS="1481" VPOS="1495" WIDTH="38"/>
						<String ID="P2_ST00164" HPOS="1519" VPOS="1450" WIDTH="41" HEIGHT="32" CONTENT="et" WC="0.75" CC="50"/>
						<SP ID="P2_SP00145" HPOS="1560" VPOS="1495" WIDTH="24"/>
						<String ID="P2_ST00165" HPOS="1584" VPOS="1455" WIDTH="87" HEIGHT="28" CONTENT="non" WC="0.97" CC="360"/>
						<SP ID="P2_SP00146" HPOS="1671" VPOS="1495" WIDTH="24"/>
						<String ID="P2_ST00166" HPOS="1695" VPOS="1443" WIDTH="110" HEIGHT="39" CONTENT="dans" WC="1.00" CC="0000"/>
						<SP ID="P2_SP00147" HPOS="1805" VPOS="1495" WIDTH="22"/>
						<String ID="P2_ST00167" HPOS="1827" VPOS="1446" WIDTH="39" HEIGHT="36" CONTENT="le" WC="1.00" CC="00"/>
						<SP ID="P2_SP00148" HPOS="1866" VPOS="1495" WIDTH="23"/>
						<String ID="P2_ST00168" HPOS="1889" VPOS="1444" WIDTH="234" HEIGHT="51" CONTENT="spectacle." WC="1.00" CC="0000000004"/>
					</TextLine>
				</TextBlock>
				<TextBlock ID="P2_TB00005" HPOS="139" VPOS="1507" WIDTH="1985" HEIGHT="259" STYLEREFS="TXT_2 PAR_BLOCK">
					<TextLine ID="P2_TL00021" HPOS="219" VPOS="1508" WIDTH="1905" HEIGHT="55">
						<String ID="P2_ST00169" HPOS="219" VPOS="1509" WIDTH="124" HEIGHT="40" CONTENT="Voilà" WC="1.00" CC="00200"/>
						<SP ID="P2_SP00149" HPOS="343" VPOS="1549" WIDTH="21"/>
						<String ID="P2_ST00170" HPOS="364" VPOS="1509" WIDTH="118" HEIGHT="40" CONTENT="Miss" WC="0.97" CC="0309"/>
						<SP ID="P2_SP00150" HPOS="482" VPOS="1549" WIDTH="19"/>
						<String ID="P2_ST00171" HPOS="501" VPOS="1508" WIDTH="193" HEIGHT="41" CONTENT="lsadora" WC="0.98" CC="1000000"/>
						<SP ID="P2_SP00151" HPOS="694" VPOS="1549" WIDTH="27"/>
						<String ID="P2_ST00172" HPOS="721" VPOS="1511" WIDTH="187" HEIGHT="40" CONTENT="Duncan" WC="0.82" CC="006030"/>
						<SP ID="P2_SP00152" HPOS="908" VPOS="1551" WIDTH="24"/>
						<String ID="P2_ST00173" HPOS="932" VPOS="1510" WIDTH="223" HEIGHT="53" CONTENT="dépassée." WC="0.99" CC="000090123"/>
						<SP ID="P2_SP00153" HPOS="1155" VPOS="1563" WIDTH="23"/>
						<String ID="P2_ST00174" HPOS="1178" VPOS="1510" WIDTH="41" HEIGHT="40" CONTENT="Il" WC="0.83" CC="03"/>
						<SP ID="P2_SP00154" HPOS="1219" VPOS="1563" WIDTH="34"/>
						<String ID="P2_ST00175" HPOS="1253" VPOS="1517" WIDTH="65" HEIGHT="32" CONTENT="est" WC="1.00" CC="000"/>
						<SP ID="P2_SP00155" HPOS="1318" VPOS="1563" WIDTH="20"/>
						<String ID="P2_ST00176" HPOS="1338" VPOS="1511" WIDTH="100" HEIGHT="38" CONTENT="vrai" WC="1.00" CC="0000"/>
						<SP ID="P2_SP00156" HPOS="1438" VPOS="1563" WIDTH="21"/>
						<String ID="P2_ST00177" HPOS="1459" VPOS="1523" WIDTH="83" HEIGHT="40" CONTENT="que" WC="0.96" CC="074"/>
						<SP ID="P2_SP00157" HPOS="1542" VPOS="1563" WIDTH="22"/>
						<String ID="P2_ST00178" HPOS="1564" VPOS="1510" WIDTH="287" HEIGHT="40" CONTENT="Mâta-Hâri" WC="0.94" CC="000020001"/>
						<SP ID="P2_SP00158" HPOS="1851" VPOS="1563" WIDTH="20"/>
						<String ID="P2_ST00179" HPOS="1871" VPOS="1523" WIDTH="51" HEIGHT="26" CONTENT="ne" WC="1.00" CC="00"/>
						<SP ID="P2_SP00159" HPOS="1922" VPOS="1563" WIDTH="25"/>
						<String ID="P2_ST00180" HPOS="1947" VPOS="1510" WIDTH="68" HEIGHT="40" CONTENT="lui" WC="1.00" CC="000"/>
						<SP ID="P2_SP00160" HPOS="2015" VPOS="1563" WIDTH="8"/>
						<String ID="P2_ST00181" HPOS="2023" VPOS="1510" WIDTH="101" HEIGHT="52" CONTENT="fait" WC="0.97" CC="0920"/>
					</TextLine>
					<TextLine ID="P2_TL00022" HPOS="140" VPOS="1577" WIDTH="1984" HEIGHT="54">
						<String ID="P2_ST00182" HPOS="140" VPOS="1577" WIDTH="176" HEIGHT="54" CONTENT="jamais" WC="1.00" CC="050000"/>
						<SP ID="P2_SP00161" HPOS="316" VPOS="1631" WIDTH="24"/>
						<String ID="P2_ST00183" HPOS="340" VPOS="1589" WIDTH="295" HEIGHT="28" CONTENT="concurrence" WC="1.00" CC="00620000120"/>
						<SP ID="P2_SP00162" HPOS="635" VPOS="1631" WIDTH="21"/>
						<String ID="P2_ST00184" HPOS="656" VPOS="1591" WIDTH="81" HEIGHT="26" CONTENT="sur" WC="1.00" CC="000"/>
						<SP ID="P2_SP00163" HPOS="737" VPOS="1631" WIDTH="24"/>
						<String ID="P2_ST00185" HPOS="761" VPOS="1579" WIDTH="60" HEIGHT="38" CONTENT="les" WC="0.99" CC="030"/>
						<SP ID="P2_SP00164" HPOS="821" VPOS="1631" WIDTH="33"/>
						<String ID="P2_ST00186" HPOS="854" VPOS="1577" WIDTH="197" HEIGHT="40" CONTENT="théâtres" WC="1.00" CC="10610000"/>
						<SP ID="P2_SP00165" HPOS="1051" VPOS="1631" WIDTH="19"/>
						<String ID="P2_ST00187" HPOS="1070" VPOS="1577" WIDTH="192" HEIGHT="52" CONTENT="publics." WC="1.00" CC="04000002"/>
						<SP ID="P2_SP00166" HPOS="1262" VPOS="1631" WIDTH="25"/>
						<String ID="P2_ST00188" HPOS="1287" VPOS="1577" WIDTH="105" HEIGHT="40" CONTENT="Elle" WC="1.00" CC="0000"/>
						<SP ID="P2_SP00167" HPOS="1392" VPOS="1631" WIDTH="23"/>
						<String ID="P2_ST00189" HPOS="1415" VPOS="1591" WIDTH="52" HEIGHT="26" CONTENT="ne" WC="1.00" CC="00"/>
						<SP ID="P2_SP00168" HPOS="1467" VPOS="1631" WIDTH="30"/>
						<String ID="P2_ST00190" HPOS="1497" VPOS="1578" WIDTH="174" HEIGHT="53" CONTENT="déploie" WC="1.00" CC="0000030"/>
						<SP ID="P2_SP00169" HPOS="1671" VPOS="1631" WIDTH="24"/>
						<String ID="P2_ST00191" HPOS="1695" VPOS="1591" WIDTH="49" HEIGHT="26" CONTENT="sa" WC="0.63" CC="70"/>
						<SP ID="P2_SP00170" HPOS="1744" VPOS="1631" WIDTH="21"/>
						<String ID="P2_ST00192" HPOS="1765" VPOS="1577" WIDTH="141" HEIGHT="54" CONTENT="grâce" WC="0.99" CC="70300"/>
						<SP ID="P2_SP00171" HPOS="1906" VPOS="1631" WIDTH="12"/>
						<String ID="P2_ST00193" HPOS="1918" VPOS="1579" WIDTH="206" HEIGHT="52" CONTENT="parfaite" WC="1.00" CC="00300020"/>
					</TextLine>
					<TextLine ID="P2_TL00023" HPOS="148" VPOS="1644" WIDTH="1976" HEIGHT="53">
						<String ID="P2_ST00194" HPOS="148" VPOS="1658" WIDTH="84" HEIGHT="39" CONTENT="que" WC="0.98" CC="060"/>
						<SP ID="P2_SP00172" HPOS="232" VPOS="1697" WIDTH="31"/>
						<String ID="P2_ST00195" HPOS="263" VPOS="1644" WIDTH="114" HEIGHT="39" CONTENT="dans" WC="0.99" CC="0014"/>
						<SP ID="P2_SP00173" HPOS="377" VPOS="1697" WIDTH="22"/>
						<String ID="P2_ST00196" HPOS="399" VPOS="1644" WIDTH="76" HEIGHT="39" CONTENT="des" WC="0.97" CC="015"/>
						<SP ID="P2_SP00174" HPOS="475" VPOS="1697" WIDTH="21"/>
						<String ID="P2_ST00197" HPOS="496" VPOS="1645" WIDTH="211" HEIGHT="40" CONTENT="réunions" WC="1.00" CC="60040000"/>
						<SP ID="P2_SP00175" HPOS="707" VPOS="1697" WIDTH="15"/>
						<String ID="P2_ST00198" HPOS="722" VPOS="1646" WIDTH="201" HEIGHT="50" CONTENT="fermées" WC="1.00" CC="0500000"/>
						<SP ID="P2_SP00176" HPOS="923" VPOS="1697" WIDTH="22"/>
						<String ID="P2_ST00199" HPOS="945" VPOS="1645" WIDTH="55" HEIGHT="39" CONTENT="où" WC="0.53" CC="44"/>
						<SP ID="P2_SP00177" HPOS="1000" VPOS="1697" WIDTH="24"/>
						<String ID="P2_ST00200" HPOS="1024" VPOS="1644" WIDTH="83" HEIGHT="40" CONTENT="l'on" WC="1.00" CC="0000"/>
						<SP ID="P2_SP00178" HPOS="1107" VPOS="1697" WIDTH="24"/>
						<String ID="P2_ST00201" HPOS="1131" VPOS="1652" WIDTH="67" HEIGHT="33" CONTENT="est" WC="1.00" CC="000"/>
						<SP ID="P2_SP00179" HPOS="1198" VPOS="1697" WIDTH="20"/>
						<String ID="P2_ST00202" HPOS="1218" VPOS="1647" WIDTH="195" HEIGHT="37" CONTENT="curieux" WC="0.99" CC="0050050"/>
						<SP ID="P2_SP00180" HPOS="1413" VPOS="1697" WIDTH="19"/>
						<String ID="P2_ST00203" HPOS="1432" VPOS="1645" WIDTH="53" HEIGHT="39" CONTENT="de" WC="0.72" CC="05"/>
						<SP ID="P2_SP00181" HPOS="1485" VPOS="1697" WIDTH="22"/>
						<String ID="P2_ST00204" HPOS="1507" VPOS="1645" WIDTH="238" HEIGHT="40" CONTENT="connaître" WC="0.99" CC="002005071"/>
						<SP ID="P2_SP00182" HPOS="1745" VPOS="1697" WIDTH="23"/>
						<String ID="P2_ST00205" HPOS="1768" VPOS="1647" WIDTH="37" HEIGHT="38" CONTENT="le" WC="1.00" CC="00"/>
						<SP ID="P2_SP00183" HPOS="1805" VPOS="1697" WIDTH="24"/>
						<String ID="P2_ST00206" HPOS="1829" VPOS="1647" WIDTH="295" HEIGHT="38" CONTENT="naturalisme" WC="1.00" CC="00000010800"/>
					</TextLine>
					<TextLine ID="P2_TL00024" HPOS="142" VPOS="1712" WIDTH="1068" HEIGHT="54">
						<String ID="P2_ST00207" HPOS="142" VPOS="1712" WIDTH="212" HEIGHT="54" CONTENT="profond" WC="1.00" CC="0000000"/>
						<SP ID="P2_SP00184" HPOS="354" VPOS="1766" WIDTH="24"/>
						<String ID="P2_ST00208" HPOS="378" VPOS="1713" WIDTH="52" HEIGHT="38" CONTENT="de" WC="0.88" CC="02"/>
						<SP ID="P2_SP00185" HPOS="430" VPOS="1766" WIDTH="20"/>
						<String ID="P2_ST00209" HPOS="450" VPOS="1712" WIDTH="224" HEIGHT="41" CONTENT="certaines" WC="1.00" CC="000400000"/>
						<SP ID="P2_SP00186" HPOS="674" VPOS="1766" WIDTH="28"/>
						<String ID="P2_ST00210" HPOS="702" VPOS="1713" WIDTH="220" HEIGHT="52" CONTENT="religions" WC="0.99" CC="000480010"/>
						<SP ID="P2_SP00187" HPOS="922" VPOS="1766" WIDTH="24"/>
						<String ID="P2_ST00211" HPOS="946" VPOS="1713" WIDTH="264" HEIGHT="40" CONTENT="orientales." WC="1.00" CC="00030004007"/>
					</TextLine>
				</TextBlock>
				<TextBlock ID="P2_TB00006" HPOS="324" VPOS="2015" WIDTH="1620" HEIGHT="54" STYLEREFS="TXT_3 PAR_CENTER">
					<TextLine ID="P2_TL00025" HPOS="324" VPOS="2017" WIDTH="1620" HEIGHT="52">
						<String ID="P2_ST00212" HPOS="324" VPOS="2017" WIDTH="47" HEIGHT="39" CONTENT="A" WC="0.47" CC="5"/>
						<SP ID="P2_SP00188" HPOS="371" VPOS="2056" WIDTH="21"/>
						<String ID="P2_ST00213" HPOS="392" VPOS="2028" WIDTH="209" HEIGHT="41" CONTENT="propos" WC="0.98" CC="660403"/>
						<SP ID="P2_SP00189" HPOS="601" VPOS="2069" WIDTH="33"/>
						<String ID="P2_ST00214" HPOS="634" VPOS="2017" WIDTH="353" HEIGHT="40" CONTENT="d'ARMIDE." WC="0.67" CC="035353032"/>
						<SP ID="P2_SP00190" HPOS="987" VPOS="2069" WIDTH="101"/>
						<String ID="P2_ST00215" HPOS="1088" VPOS="2017" WIDTH="175" HEIGHT="42" CONTENT="Notre" WC="0.98" CC="00374"/>
						<SP ID="P2_SP00191" HPOS="1263" VPOS="2069" WIDTH="27"/>
						<String ID="P2_ST00216" HPOS="1290" VPOS="2018" WIDTH="372" HEIGHT="51" CONTENT="Supplément" WC="1.00" CC="0400000031"/>
						<SP ID="P2_SP00192" HPOS="1662" VPOS="2069" WIDTH="21"/>
						<String ID="P2_ST00217" HPOS="1683" VPOS="2019" WIDTH="261" HEIGHT="40" CONTENT="musical." WC="0.99" CC="06200302"/>
					</TextLine>
				</TextBlock>
				<TextBlock ID="P2_TB00007" HPOS="142" VPOS="2136" WIDTH="1978" HEIGHT="996" STYLEREFS="TXT_4 PAR_BLOCK">
					<TextLine ID="P2_TL00026" HPOS="199" VPOS="2137" WIDTH="1919" HEIGHT="54">
						<String ID="P2_ST00218" HPOS="199" VPOS="2139" WIDTH="63" HEIGHT="40" CONTENT="La" WC="0.74" CC="05"/>
						<SP ID="P2_SP00193" HPOS="262" VPOS="2179" WIDTH="37"/>
						<String ID="P2_ST00219" HPOS="299" VPOS="2141" WIDTH="234" HEIGHT="50" CONTENT="répétition" WC="0.99" CC="5636423325"/>
						<SP ID="P2_SP00194" HPOS="533" VPOS="2191" WIDTH="22"/>
						<String ID="P2_ST00220" HPOS="555" VPOS="2139" WIDTH="205" HEIGHT="50" CONTENT="générale" WC="0.99" CC="70603064"/>
						<SP ID="P2_SP00195" HPOS="760" VPOS="2191" WIDTH="22"/>
						<String ID="P2_ST00221" HPOS="782" VPOS="2139" WIDTH="52" HEIGHT="39" CONTENT="de" WC="0.87" CC="02"/>
						<SP ID="P2_SP00196" HPOS="834" VPOS="2191" WIDTH="22"/>
						<String ID="P2_ST00222" HPOS="856" VPOS="2138" WIDTH="207" HEIGHT="41" CONTENT="l'Armée" WC="0.97" CC="4488888"/>
						<SP ID="P2_SP00197" HPOS="1063" VPOS="2191" WIDTH="13"/>
						<String ID="P2_ST00223" HPOS="1076" VPOS="2139" WIDTH="53" HEIGHT="40" CONTENT="de" WC="0.85" CC="02"/>
						<SP ID="P2_SP00198" HPOS="1129" VPOS="2191" WIDTH="13"/>
						<String ID="P2_ST00224" HPOS="1142" VPOS="2137" WIDTH="144" HEIGHT="42" CONTENT="Gluck" WC="0.99" CC="00510"/>
						<SP ID="P2_SP00199" HPOS="1286" VPOS="2191" WIDTH="22"/>
						<String ID="P2_ST00225" HPOS="1308" VPOS="2147" WIDTH="64" HEIGHT="32" CONTENT="est" WC="0.98" CC="005"/>
						<SP ID="P2_SP00200" HPOS="1372" VPOS="2191" WIDTH="23"/>
						<String ID="P2_ST00226" HPOS="1395" VPOS="2140" WIDTH="173" HEIGHT="39" CONTENT="donnée" WC="1.00" CC="000000"/>
						<SP ID="P2_SP00201" HPOS="1568" VPOS="2191" WIDTH="23"/>
						<String ID="P2_ST00227" HPOS="1591" VPOS="2144" WIDTH="21" HEIGHT="34" CONTENT="à" WC="0.26" CC="7"/>
						<SP ID="P2_SP00202" HPOS="1612" VPOS="2191" WIDTH="25"/>
						<String ID="P2_ST00228" HPOS="1637" VPOS="2137" WIDTH="178" HEIGHT="53" CONTENT="l'Opéra" WC="0.99" CC="1203720"/>
						<SP ID="P2_SP00203" HPOS="1815" VPOS="2191" WIDTH="26"/>
						<String ID="P2_ST00229" HPOS="1841" VPOS="2153" WIDTH="52" HEIGHT="25" CONTENT="au" WC="0.64" CC="07"/>
						<SP ID="P2_SP00204" HPOS="1893" VPOS="2191" WIDTH="26"/>
						<String ID="P2_ST00230" HPOS="1919" VPOS="2147" WIDTH="199" HEIGHT="31" CONTENT="moment" WC="0.99" CC="004003"/>
					</TextLine>
					<TextLine ID="P2_TL00027" HPOS="145" VPOS="2205" WIDTH="1973" HEIGHT="53">
						<String ID="P2_ST00231" HPOS="145" VPOS="2214" WIDTH="57" HEIGHT="33" CONTENT="où" WC="0.65" CC="07"/>
						<SP ID="P2_SP00205" HPOS="202" VPOS="2247" WIDTH="24"/>
						<String ID="P2_ST00232" HPOS="226" VPOS="2220" WIDTH="112" HEIGHT="27" CONTENT="nous" WC="0.99" CC="0050"/>
						<SP ID="P2_SP00206" HPOS="338" VPOS="2247" WIDTH="29"/>
						<String ID="P2_ST00233" HPOS="367" VPOS="2208" WIDTH="201" HEIGHT="44" CONTENT="écrivions" WC="0.99" CC="000008470"/>
						<SP ID="P2_SP00207" HPOS="568" VPOS="2252" WIDTH="22"/>
						<String ID="P2_ST00234" HPOS="590" VPOS="2220" WIDTH="70" HEIGHT="25" CONTENT="ces" WC="0.99" CC="002"/>
						<SP ID="P2_SP00208" HPOS="660" VPOS="2252" WIDTH="28"/>
						<String ID="P2_ST00235" HPOS="688" VPOS="2207" WIDTH="160" HEIGHT="49" CONTENT="lignes." WC="0.98" CC="0297003"/>
						<SP ID="P2_SP00209" HPOS="848" VPOS="2256" WIDTH="16"/>
						<String ID="P2_ST00236" HPOS="864" VPOS="2205" WIDTH="125" HEIGHT="42" CONTENT="Nous" WC="0.99" CC="3003"/>
						<SP ID="P2_SP00210" HPOS="989" VPOS="2256" WIDTH="38"/>
						<String ID="P2_ST00237" HPOS="1027" VPOS="2207" WIDTH="60" HEIGHT="39" CONTENT="lui" WC="0.98" CC="003"/>
						<SP ID="P2_SP00211" HPOS="1087" VPOS="2256" WIDTH="23"/>
						<String ID="P2_ST00238" HPOS="1110" VPOS="2219" WIDTH="315" HEIGHT="27" CONTENT="consacrerons" WC="1.00" CC="006000000050"/>
						<SP ID="P2_SP00212" HPOS="1425" VPOS="2256" WIDTH="22"/>
						<String ID="P2_ST00239" HPOS="1447" VPOS="2220" WIDTH="86" HEIGHT="26" CONTENT="une" WC="0.97" CC="600"/>
						<SP ID="P2_SP00213" HPOS="1533" VPOS="2256" WIDTH="32"/>
						<String ID="P2_ST00240" HPOS="1565" VPOS="2207" WIDTH="129" HEIGHT="39" CONTENT="étude" WC="0.99" CC="00400"/>
						<SP ID="P2_SP00214" HPOS="1694" VPOS="2256" WIDTH="24"/>
						<String ID="P2_ST00241" HPOS="1718" VPOS="2207" WIDTH="111" HEIGHT="38" CONTENT="dans" WC="0.99" CC="0040"/>
						<SP ID="P2_SP00215" HPOS="1829" VPOS="2256" WIDTH="24"/>
						<String ID="P2_ST00242" HPOS="1853" VPOS="2215" WIDTH="129" HEIGHT="31" CONTENT="notre" WC="0.99" CC="00500"/>
						<SP ID="P2_SP00216" HPOS="1982" VPOS="2256" WIDTH="30"/>
						<String ID="P2_ST00243" HPOS="2012" VPOS="2220" WIDTH="80" HEIGHT="38" CONTENT="pro" SUBS_TYPE="HypPart1" SUBS_CONTENT="prochain" WC="0.98" CC="002"/>
						<HYP HPOS="2092" VPOS="2220" WIDTH="26" CONTENT="-"/>
					</TextLine>
					<TextLine ID="P2_TL00028" HPOS="145" VPOS="2271" WIDTH="1973" HEIGHT="54">
						<String ID="P2_ST00244" HPOS="145" VPOS="2275" WIDTH="130" HEIGHT="38" CONTENT="chain" SUBS_TYPE="HypPart2" SUBS_CONTENT="prochain" WC="0.99" CC="04030"/>
						<SP ID="P2_SP00217" HPOS="275" VPOS="2313" WIDTH="25"/>
						<String ID="P2_ST00245" HPOS="300" VPOS="2279" WIDTH="200" HEIGHT="36" CONTENT="numéro." WC="0.99" CC="6600000"/>
						<SP ID="P2_SP00218" HPOS="500" VPOS="2315" WIDTH="40"/>
						<String ID="P2_ST00246" HPOS="540" VPOS="2274" WIDTH="62" HEIGHT="39" CONTENT="La" WC="1.00" CC="00"/>
						<SP ID="P2_SP00219" HPOS="602" VPOS="2315" WIDTH="29"/>
						<String ID="P2_ST00247" HPOS="631" VPOS="2274" WIDTH="140" HEIGHT="40" CONTENT="Revue" WC="0.99" CC="03015" STYLEREFS="TXT_2"/>
						<SP ID="P2_SP00220" HPOS="771" VPOS="2315" WIDTH="37"/>
						<String ID="P2_ST00248" HPOS="808" VPOS="2272" WIDTH="207" HEIGHT="41" CONTENT="Musicale" WC="0.99" CC="06506700" STYLEREFS="TXT_2"/>
						<SP ID="P2_SP00221" HPOS="1015" VPOS="2315" WIDTH="19"/>
						<String ID="P2_ST00249" HPOS="1034" VPOS="2288" WIDTH="21" HEIGHT="25" CONTENT="a" WC="1.00" CC="0"/>
						<SP ID="P2_SP00222" HPOS="1055" VPOS="2315" WIDTH="26"/>
						<String ID="P2_ST00250" HPOS="1081" VPOS="2274" WIDTH="94" HEIGHT="51" CONTENT="déjà" WC="0.97" CC="0615"/>
						<SP ID="P2_SP00223" HPOS="1175" VPOS="2325" WIDTH="21"/>
						<String ID="P2_ST00251" HPOS="1196" VPOS="2273" WIDTH="152" HEIGHT="52" CONTENT="publié" WC="0.99" CC="000420"/>
						<SP ID="P2_SP00224" HPOS="1348" VPOS="2325" WIDTH="23"/>
						<String ID="P2_ST00252" HPOS="1371" VPOS="2274" WIDTH="128" HEIGHT="50" CONTENT="(dans" WC="0.98" CC="60040"/>
						<SP ID="P2_SP00225" HPOS="1499" VPOS="2325" WIDTH="24"/>
						<String ID="P2_ST00253" HPOS="1523" VPOS="2287" WIDTH="80" HEIGHT="26" CONTENT="son" WC="1.00" CC="000"/>
						<SP ID="P2_SP00226" HPOS="1603" VPOS="2325" WIDTH="23"/>
						<String ID="P2_ST00254" HPOS="1626" VPOS="2279" WIDTH="48" HEIGHT="34" CONTENT="n°" WC="0.78" CC="04"/>
						<SP ID="P2_SP00227" HPOS="1674" VPOS="2325" WIDTH="31"/>
						<String ID="P2_ST00255" HPOS="1705" VPOS="2274" WIDTH="58" HEIGHT="39" CONTENT="du" WC="0.70" CC="05"/>
						<SP ID="P2_SP00228" HPOS="1763" VPOS="2325" WIDTH="32"/>
						<String ID="P2_ST00256" HPOS="1795" VPOS="2287" WIDTH="44" HEIGHT="38" CONTENT="25" WC="0.81" CC="03"/>
						<SP ID="P2_SP00229" HPOS="1839" VPOS="2325" WIDTH="30"/>
						<String ID="P2_ST00257" HPOS="1869" VPOS="2280" WIDTH="104" HEIGHT="33" CONTENT="août" WC="0.98" CC="0045"/>
						<SP ID="P2_SP00230" HPOS="1973" VPOS="2325" WIDTH="29"/>
						<String ID="P2_ST00258" HPOS="2002" VPOS="2271" WIDTH="116" HEIGHT="53" CONTENT="1903)" WC="0.60" CC="44073"/>
					</TextLine>
					<TextLine ID="P2_TL00029" HPOS="146" VPOS="2339" WIDTH="1974" HEIGHT="52">
						<String ID="P2_ST00259" HPOS="146" VPOS="2356" WIDTH="58" HEIGHT="25" CONTENT="un" WC="0.64" CC="07"/>
						<SP ID="P2_SP00231" HPOS="204" VPOS="2381" WIDTH="19"/>
						<String ID="P2_ST00260" HPOS="223" VPOS="2341" WIDTH="222" HEIGHT="50" CONTENT="fragment" WC="1.00" CC="00000004"/>
						<SP ID="P2_SP00232" HPOS="445" VPOS="2391" WIDTH="15"/>
						<String ID="P2_ST00261" HPOS="460" VPOS="2342" WIDTH="52" HEIGHT="39" CONTENT="de" WC="1.00" CC="00"/>
						<SP ID="P2_SP00233" HPOS="512" VPOS="2391" WIDTH="23"/>
						<String ID="P2_ST00262" HPOS="535" VPOS="2341" WIDTH="208" HEIGHT="40" CONTENT="YArmide" WC="0.99" CC="8004300" STYLEREFS="TXT_2"/>
						<SP ID="P2_SP00234" HPOS="743" VPOS="2391" WIDTH="18"/>
						<String ID="P2_ST00263" HPOS="761" VPOS="2340" WIDTH="201" HEIGHT="51" CONTENT="deLulli," WC="0.71" CC="00070447"/>
						<SP ID="P2_SP00235" HPOS="962" VPOS="2391" WIDTH="25"/>
						<String ID="P2_ST00264" HPOS="987" VPOS="2350" WIDTH="41" HEIGHT="31" CONTENT="et" WC="0.68" CC="06"/>
						<SP ID="P2_SP00236" HPOS="1028" VPOS="2391" WIDTH="23"/>
						<String ID="P2_ST00265" HPOS="1051" VPOS="2356" WIDTH="58" HEIGHT="25" CONTENT="un" WC="0.69" CC="60"/>
						<SP ID="P2_SP00237" HPOS="1109" VPOS="2391" WIDTH="24"/>
						<String ID="P2_ST00266" HPOS="1133" VPOS="2341" WIDTH="221" HEIGHT="50" CONTENT="fragment" WC="1.00" CC="00000006"/>
						<SP ID="P2_SP00238" HPOS="1354" VPOS="2391" WIDTH="17"/>
						<String ID="P2_ST00267" HPOS="1371" VPOS="2342" WIDTH="53" HEIGHT="39" CONTENT="de" WC="1.00" CC="00"/>
						<SP ID="P2_SP00239" HPOS="1424" VPOS="2391" WIDTH="25"/>
						<String ID="P2_ST00268" HPOS="1449" VPOS="2341" WIDTH="208" HEIGHT="40" CONTENT="YArmide" WC="0.99" CC="7004000" STYLEREFS="TXT_2"/>
						<SP ID="P2_SP00240" HPOS="1657" VPOS="2391" WIDTH="17"/>
						<String ID="P2_ST00269" HPOS="1674" VPOS="2341" WIDTH="52" HEIGHT="39" CONTENT="de" WC="1.00" CC="00"/>
						<SP ID="P2_SP00241" HPOS="1726" VPOS="2391" WIDTH="25"/>
						<String ID="P2_ST00270" HPOS="1751" VPOS="2339" WIDTH="160" HEIGHT="42" CONTENT="Gluck." WC="0.99" CC="006043"/>
						<SP ID="P2_SP00242" HPOS="1911" VPOS="2391" WIDTH="23"/>
						<String ID="P2_ST00271" HPOS="1934" VPOS="2341" WIDTH="186" HEIGHT="40" CONTENT="Comme" WC="0.99" CC="20002"/>
					</TextLine>
					<TextLine ID="P2_TL00030" HPOS="145" VPOS="2408" WIDTH="1975" HEIGHT="52">
						<String ID="P2_ST00272" HPOS="145" VPOS="2411" WIDTH="113" HEIGHT="37" CONTENT="suite" WC="1.00" CC="00010"/>
						<SP ID="P2_SP00243" HPOS="258" VPOS="2448" WIDTH="18"/>
						<String ID="P2_ST00273" HPOS="276" VPOS="2414" WIDTH="21" HEIGHT="34" CONTENT="à" WC="0.89" CC="1"/>
						<SP ID="P2_SP00244" HPOS="297" VPOS="2448" WIDTH="24"/>
						<String ID="P2_ST00274" HPOS="321" VPOS="2422" WIDTH="69" HEIGHT="26" CONTENT="ces" WC="1.00" CC="000"/>
						<SP ID="P2_SP00245" HPOS="390" VPOS="2448" WIDTH="25"/>
						<String ID="P2_ST00275" HPOS="415" VPOS="2409" WIDTH="212" HEIGHT="39" CONTENT="éléments" WC="1.00" CC="01000400"/>
						<SP ID="P2_SP00246" HPOS="627" VPOS="2448" WIDTH="23"/>
						<String ID="P2_ST00276" HPOS="650" VPOS="2409" WIDTH="52" HEIGHT="39" CONTENT="de" WC="1.00" CC="00"/>
						<SP ID="P2_SP00247" HPOS="702" VPOS="2448" WIDTH="19"/>
						<String ID="P2_ST00277" HPOS="721" VPOS="2410" WIDTH="324" HEIGHT="50" CONTENT="comparaison," WC="1.00" CC="000000000003"/>
						<SP ID="P2_SP00248" HPOS="1045" VPOS="2460" WIDTH="25"/>
						<String ID="P2_ST00278" HPOS="1070" VPOS="2417" WIDTH="40" HEIGHT="31" CONTENT="et" WC="0.74" CC="05"/>
						<SP ID="P2_SP00249" HPOS="1110" VPOS="2460" WIDTH="23"/>
						<String ID="P2_ST00279" HPOS="1133" VPOS="2413" WIDTH="21" HEIGHT="34" CONTENT="à" WC="1.00" CC="0"/>
						<SP ID="P2_SP00250" HPOS="1154" VPOS="2460" WIDTH="22"/>
						<String ID="P2_ST00280" HPOS="1176" VPOS="2422" WIDTH="163" HEIGHT="38" CONTENT="propos" WC="1.00" CC="000000"/>
						<SP ID="P2_SP00251" HPOS="1339" VPOS="2460" WIDTH="39"/>
						<String ID="P2_ST00281" HPOS="1378" VPOS="2409" WIDTH="52" HEIGHT="39" CONTENT="de" WC="1.00" CC="00"/>
						<SP ID="P2_SP00252" HPOS="1430" VPOS="2460" WIDTH="37"/>
						<String ID="P2_ST00282" HPOS="1467" VPOS="2409" WIDTH="38" HEIGHT="39" CONTENT="la" WC="0.95" CC="00"/>
						<SP ID="P2_SP00253" HPOS="1505" VPOS="2460" WIDTH="35"/>
						<String ID="P2_ST00283" HPOS="1540" VPOS="2410" WIDTH="166" HEIGHT="49" CONTENT="reprise" WC="1.00" CC="0000000"/>
						<SP ID="P2_SP00254" HPOS="1706" VPOS="2460" WIDTH="24"/>
						<String ID="P2_ST00284" HPOS="1730" VPOS="2410" WIDTH="34" HEIGHT="37" CONTENT="si" WC="1.00" CC="00"/>
						<SP ID="P2_SP00255" HPOS="1764" VPOS="2460" WIDTH="27"/>
						<String ID="P2_ST00285" HPOS="1791" VPOS="2408" WIDTH="205" HEIGHT="41" CONTENT="brillante" WC="1.00" CC="002300060"/>
						<SP ID="P2_SP00256" HPOS="1996" VPOS="2460" WIDTH="22"/>
						<String ID="P2_ST00286" HPOS="2018" VPOS="2408" WIDTH="102" HEIGHT="40" CONTENT="faite" WC="1.00" CC="00000"/>
					</TextLine>
					<TextLine ID="P2_TL00031" HPOS="146" VPOS="2474" WIDTH="1970" HEIGHT="54">
						<String ID="P2_ST00287" HPOS="146" VPOS="2475" WIDTH="150" HEIGHT="52" CONTENT="parM." WC="0.96" CC="00002"/>
						<SP ID="P2_SP00257" HPOS="296" VPOS="2527" WIDTH="28"/>
						<String ID="P2_ST00288" HPOS="324" VPOS="2475" WIDTH="228" HEIGHT="50" CONTENT="Gailhard," WC="0.83" CC="000450004"/>
						<SP ID="P2_SP00258" HPOS="552" VPOS="2527" WIDTH="26"/>
						<String ID="P2_ST00289" HPOS="578" VPOS="2489" WIDTH="112" HEIGHT="26" CONTENT="nous" WC="0.98" CC="0350"/>
						<SP ID="P2_SP00259" HPOS="690" VPOS="2527" WIDTH="22"/>
						<String ID="P2_ST00290" HPOS="712" VPOS="2477" WIDTH="206" HEIGHT="39" CONTENT="donnons" WC="0.99" CC="0065060"/>
						<SP ID="P2_SP00260" HPOS="918" VPOS="2527" WIDTH="21"/>
						<String ID="P2_ST00291" HPOS="939" VPOS="2476" WIDTH="296" HEIGHT="51" CONTENT="aujourd'hui," WC="0.99" CC="060050044703"/>
						<SP ID="P2_SP00261" HPOS="1235" VPOS="2527" WIDTH="25"/>
						<String ID="P2_ST00292" HPOS="1260" VPOS="2490" WIDTH="54" HEIGHT="25" CONTENT="en" WC="0.66" CC="06"/>
						<SP ID="P2_SP00262" HPOS="1314" VPOS="2527" WIDTH="24"/>
						<String ID="P2_ST00293" HPOS="1338" VPOS="2477" WIDTH="38" HEIGHT="38" CONTENT="la" WC="0.67" CC="60"/>
						<SP ID="P2_SP00263" HPOS="1376" VPOS="2527" WIDTH="27"/>
						<String ID="P2_ST00294" HPOS="1403" VPOS="2476" WIDTH="225" HEIGHT="39" CONTENT="réduisant" WC="1.00" CC="000500005"/>
						<SP ID="P2_SP00264" HPOS="1628" VPOS="2527" WIDTH="29"/>
						<String ID="P2_ST00295" HPOS="1657" VPOS="2489" WIDTH="113" HEIGHT="38" CONTENT="pour" WC="0.97" CC="0650"/>
						<SP ID="P2_SP00265" HPOS="1770" VPOS="2527" WIDTH="18"/>
						<String ID="P2_ST00296" HPOS="1788" VPOS="2478" WIDTH="131" HEIGHT="50" CONTENT="piano" WC="1.00" CC="01000"/>
						<SP ID="P2_SP00266" HPOS="1919" VPOS="2528" WIDTH="25"/>
						<String ID="P2_ST00297" HPOS="1944" VPOS="2474" WIDTH="172" HEIGHT="54" CONTENT="d'après" WC="0.99" CC="0300074"/>
					</TextLine>
					<TextLine ID="P2_TL00032" HPOS="144" VPOS="2543" WIDTH="1971" HEIGHT="54">
						<String ID="P2_ST00298" HPOS="144" VPOS="2543" WIDTH="39" HEIGHT="38" CONTENT="la" WC="0.75" CC="40"/>
						<SP ID="P2_SP00267" HPOS="183" VPOS="2581" WIDTH="24"/>
						<String ID="P2_ST00299" HPOS="207" VPOS="2544" WIDTH="169" HEIGHT="49" CONTENT="grande" WC="1.00" CC="000000"/>
						<SP ID="P2_SP00268" HPOS="376" VPOS="2593" WIDTH="31"/>
						<String ID="P2_ST00300" HPOS="407" VPOS="2544" WIDTH="165" HEIGHT="39" CONTENT="édition" WC="1.00" CC="0002100"/>
						<SP ID="P2_SP00269" HPOS="572" VPOS="2593" WIDTH="32"/>
						<String ID="P2_ST00301" HPOS="604" VPOS="2543" WIDTH="75" HEIGHT="39" CONTENT="des" WC="1.00" CC="000"/>
						<SP ID="P2_SP00270" HPOS="679" VPOS="2593" WIDTH="43"/>
						<String ID="P2_ST00302" HPOS="722" VPOS="2543" WIDTH="184" HEIGHT="40" CONTENT="Œuvres" WC="1.00" CC="000001" STYLEREFS="TXT_2"/>
						<SP ID="P2_SP00271" HPOS="906" VPOS="2593" WIDTH="32"/>
						<String ID="P2_ST00303" HPOS="938" VPOS="2544" WIDTH="234" HEIGHT="53" CONTENT="complètes," WC="0.99" CC="6035030000" STYLEREFS="TXT_2"/>
						<SP ID="P2_SP00272" HPOS="1172" VPOS="2597" WIDTH="45"/>
						<String ID="P2_ST00304" HPOS="1217" VPOS="2543" WIDTH="266" HEIGHT="40" CONTENT="l'ouverture" WC="0.99" CC="51040006500"/>
						<SP ID="P2_SP00273" HPOS="1483" VPOS="2597" WIDTH="41"/>
						<String ID="P2_ST00305" HPOS="1524" VPOS="2543" WIDTH="57" HEIGHT="40" CONTENT="du" WC="1.00" CC="00"/>
						<SP ID="P2_SP00274" HPOS="1581" VPOS="2597" WIDTH="31"/>
						<String ID="P2_ST00306" HPOS="1612" VPOS="2543" WIDTH="191" HEIGHT="39" CONTENT="Rinaldo" WC="0.67" CC="0266250" STYLEREFS="TXT_2"/>
						<SP ID="P2_SP00275" HPOS="1803" VPOS="2597" WIDTH="38"/>
						<String ID="P2_ST00307" HPOS="1841" VPOS="2544" WIDTH="54" HEIGHT="39" CONTENT="de" WC="1.00" CC="00"/>
						<SP ID="P2_SP00276" HPOS="1895" VPOS="2597" WIDTH="21"/>
						<String ID="P2_ST00308" HPOS="1916" VPOS="2543" WIDTH="199" HEIGHT="40" CONTENT="Haendel." WC="0.68" CC="50860050"/>
					</TextLine>
					<TextLine ID="P2_TL00033" HPOS="144" VPOS="2609" WIDTH="1972" HEIGHT="53">
						<String ID="P2_ST00309" HPOS="144" VPOS="2609" WIDTH="187" HEIGHT="41" CONTENT="Comme" WC="1.00" CC="02000"/>
						<SP ID="P2_SP00277" HPOS="331" VPOS="2650" WIDTH="24"/>
						<String ID="P2_ST00310" HPOS="355" VPOS="2611" WIDTH="38" HEIGHT="38" CONTENT="la" WC="0.87" CC="20"/>
						<SP ID="P2_SP00278" HPOS="393" VPOS="2650" WIDTH="27"/>
						<String ID="P2_ST00311" HPOS="420" VPOS="2611" WIDTH="174" HEIGHT="50" CONTENT="plupart" WC="1.00" CC="0100010"/>
						<SP ID="P2_SP00279" HPOS="594" VPOS="2661" WIDTH="24"/>
						<String ID="P2_ST00312" HPOS="618" VPOS="2611" WIDTH="77" HEIGHT="38" CONTENT="des" WC="1.00" CC="000"/>
						<SP ID="P2_SP00280" HPOS="695" VPOS="2661" WIDTH="37"/>
						<String ID="P2_ST00313" HPOS="732" VPOS="2619" WIDTH="257" HEIGHT="31" CONTENT="ouvertures" WC="1.00" CC="0000400002"/>
						<SP ID="P2_SP00281" HPOS="989" VPOS="2661" WIDTH="23"/>
						<String ID="P2_ST00314" HPOS="1012" VPOS="2611" WIDTH="58" HEIGHT="39" CONTENT="du" WC="1.00" CC="00"/>
						<SP ID="P2_SP00282" HPOS="1070" VPOS="2661" WIDTH="32"/>
						<String ID="P2_ST00315" HPOS="1102" VPOS="2615" WIDTH="170" HEIGHT="42" CONTENT="maître," WC="0.99" CC="0000404"/>
						<SP ID="P2_SP00283" HPOS="1272" VPOS="2661" WIDTH="45"/>
						<String ID="P2_ST00316" HPOS="1317" VPOS="2611" WIDTH="172" HEIGHT="40" CONTENT="celle-ci" WC="0.99" CC="00430400"/>
						<SP ID="P2_SP00284" HPOS="1489" VPOS="2661" WIDTH="36"/>
						<String ID="P2_ST00317" HPOS="1525" VPOS="2619" WIDTH="64" HEIGHT="31" CONTENT="est" WC="1.00" CC="000"/>
						<SP ID="P2_SP00285" HPOS="1589" VPOS="2661" WIDTH="37"/>
						<String ID="P2_ST00318" HPOS="1626" VPOS="2612" WIDTH="154" HEIGHT="39" CONTENT="traitée" WC="1.00" CC="0001500"/>
						<SP ID="P2_SP00286" HPOS="1780" VPOS="2661" WIDTH="30"/>
						<String ID="P2_ST00319" HPOS="1810" VPOS="2612" WIDTH="111" HEIGHT="39" CONTENT="dans" WC="0.99" CC="0060"/>
						<SP ID="P2_SP00287" HPOS="1921" VPOS="2661" WIDTH="24"/>
						<String ID="P2_ST00320" HPOS="1945" VPOS="2611" WIDTH="39" HEIGHT="39" CONTENT="le" WC="0.97" CC="00"/>
						<SP ID="P2_SP00288" HPOS="1984" VPOS="2661" WIDTH="23"/>
						<String ID="P2_ST00321" HPOS="2007" VPOS="2611" WIDTH="109" HEIGHT="51" CONTENT="style" WC="0.98" CC="05540"/>
					</TextLine>
					<TextLine ID="P2_TL00034" HPOS="147" VPOS="2677" WIDTH="1965" HEIGHT="53">
						<String ID="P2_ST00322" HPOS="147" VPOS="2677" WIDTH="200" HEIGHT="50" CONTENT="français." WC="0.99" CC="700000403"/>
						<SP ID="P2_SP00289" HPOS="347" VPOS="2727" WIDTH="21"/>
						<String ID="P2_ST00323" HPOS="368" VPOS="2677" WIDTH="139" HEIGHT="52" CONTENT="Après" WC="0.99" CC="00071"/>
						<SP ID="P2_SP00290" HPOS="507" VPOS="2729" WIDTH="24"/>
						<String ID="P2_ST00324" HPOS="531" VPOS="2693" WIDTH="59" HEIGHT="24" CONTENT="un" WC="0.78" CC="40"/>
						<SP ID="P2_SP00291" HPOS="590" VPOS="2729" WIDTH="26"/>
						<String ID="P2_ST00325" HPOS="616" VPOS="2678" WIDTH="143" HEIGHT="52" CONTENT="Largo" WC="0.98" CC="03430" STYLEREFS="TXT_2"/>
						<SP ID="P2_SP00292" HPOS="759" VPOS="2730" WIDTH="36"/>
						<String ID="P2_ST00326" HPOS="795" VPOS="2677" WIDTH="102" HEIGHT="41" CONTENT="d'un" WC="1.00" CC="0100"/>
						<SP ID="P2_SP00293" HPOS="897" VPOS="2730" WIDTH="22"/>
						<String ID="P2_ST00327" HPOS="919" VPOS="2677" WIDTH="113" HEIGHT="41" CONTENT="beau" WC="0.99" CC="0006"/>
						<SP ID="P2_SP00294" HPOS="1032" VPOS="2730" WIDTH="24"/>
						<String ID="P2_ST00328" HPOS="1056" VPOS="2680" WIDTH="251" HEIGHT="47" CONTENT="sentiment," WC="0.99" CC="0050200704"/>
						<SP ID="P2_SP00295" HPOS="1307" VPOS="2730" WIDTH="25"/>
						<String ID="P2_ST00329" HPOS="1332" VPOS="2680" WIDTH="119" HEIGHT="38" CONTENT="vient" WC="0.99" CC="00005"/>
						<SP ID="P2_SP00296" HPOS="1451" VPOS="2730" WIDTH="40"/>
						<String ID="P2_ST00330" HPOS="1491" VPOS="2692" WIDTH="58" HEIGHT="25" CONTENT="un" WC="0.73" CC="50"/>
						<SP ID="P2_SP00297" HPOS="1549" VPOS="2730" WIDTH="23"/>
						<String ID="P2_ST00331" HPOS="1572" VPOS="2678" WIDTH="181" HEIGHT="51" CONTENT="épisode" WC="1.00" CC="6020000"/>
						<SP ID="P2_SP00298" HPOS="1753" VPOS="2730" WIDTH="24"/>
						<String ID="P2_ST00332" HPOS="1777" VPOS="2677" WIDTH="137" HEIGHT="52" CONTENT="fugué" WC="0.98" CC="00056"/>
						<SP ID="P2_SP00299" HPOS="1914" VPOS="2730" WIDTH="32"/>
						<String ID="P2_ST00333" HPOS="1946" VPOS="2679" WIDTH="166" HEIGHT="50" CONTENT="rapide," WC="1.00" CC="0002040"/>
					</TextLine>
					<TextLine ID="P2_TL00035" HPOS="146" VPOS="2745" WIDTH="1972" HEIGHT="51">
						<String ID="P2_ST00334" HPOS="146" VPOS="2745" WIDTH="114" HEIGHT="51" CONTENT="plein" WC="0.97" CC="73046"/>
						<SP ID="P2_SP00300" HPOS="260" VPOS="2796" WIDTH="33"/>
						<String ID="P2_ST00335" HPOS="293" VPOS="2746" WIDTH="52" HEIGHT="39" CONTENT="de" WC="1.00" CC="00"/>
						<SP ID="P2_SP00301" HPOS="345" VPOS="2796" WIDTH="37"/>
						<String ID="P2_ST00336" HPOS="382" VPOS="2745" WIDTH="330" HEIGHT="40" CONTENT="combinaisons" WC="1.00" CC="000000031000"/>
						<SP ID="P2_SP00302" HPOS="712" VPOS="2796" WIDTH="36"/>
						<String ID="P2_ST00337" HPOS="748" VPOS="2747" WIDTH="296" HEIGHT="48" CONTENT="ingénieuses." WC="1.00" CC="000002050004"/>
						<SP ID="P2_SP00303" HPOS="1044" VPOS="2796" WIDTH="41"/>
						<String ID="P2_ST00338" HPOS="1085" VPOS="2745" WIDTH="184" HEIGHT="40" CONTENT="Haendel" WC="0.54" CC="3778005"/>
						<SP ID="P2_SP00304" HPOS="1269" VPOS="2796" WIDTH="24"/>
						<String ID="P2_ST00339" HPOS="1293" VPOS="2760" WIDTH="21" HEIGHT="25" CONTENT="a" WC="1.00" CC="0"/>
						<SP ID="P2_SP00305" HPOS="1314" VPOS="2796" WIDTH="35"/>
						<String ID="P2_ST00340" HPOS="1349" VPOS="2745" WIDTH="205" HEIGHT="40" CONTENT="toutefois" WC="0.99" CC="604500010"/>
						<SP ID="P2_SP00306" HPOS="1554" VPOS="2796" WIDTH="40"/>
						<String ID="P2_ST00341" HPOS="1594" VPOS="2745" WIDTH="166" HEIGHT="40" CONTENT="enrichi" WC="0.99" CC="0704303"/>
						<SP ID="P2_SP00307" HPOS="1760" VPOS="2796" WIDTH="37"/>
						<String ID="P2_ST00342" HPOS="1797" VPOS="2755" WIDTH="109" HEIGHT="30" CONTENT="cette" WC="1.00" CC="00100"/>
						<SP ID="P2_SP00308" HPOS="1906" VPOS="2796" WIDTH="24"/>
						<String ID="P2_ST00343" HPOS="1930" VPOS="2746" WIDTH="188" HEIGHT="39" CONTENT="seconde" WC="1.00" CC="0000000"/>
					</TextLine>
					<TextLine ID="P2_TL00036" HPOS="143" VPOS="2811" WIDTH="1976" HEIGHT="54">
						<String ID="P2_ST00344" HPOS="143" VPOS="2814" WIDTH="139" HEIGHT="49" CONTENT="partie" WC="0.99" CC="600500"/>
						<SP ID="P2_SP00309" HPOS="282" VPOS="2863" WIDTH="23"/>
						<String ID="P2_ST00345" HPOS="305" VPOS="2812" WIDTH="167" HEIGHT="41" CONTENT="d'effets" WC="1.00" CC="00000020"/>
						<SP ID="P2_SP00310" HPOS="472" VPOS="2863" WIDTH="19"/>
						<String ID="P2_ST00346" HPOS="491" VPOS="2814" WIDTH="52" HEIGHT="38" CONTENT="de" WC="1.00" CC="00"/>
						<SP ID="P2_SP00311" HPOS="543" VPOS="2863" WIDTH="22"/>
						<String ID="P2_ST00347" HPOS="565" VPOS="2813" WIDTH="149" HEIGHT="39" CONTENT="violon" WC="1.00" CC="000000"/>
						<SP ID="P2_SP00312" HPOS="714" VPOS="2863" WIDTH="24"/>
						<String ID="P2_ST00348" HPOS="738" VPOS="2814" WIDTH="109" HEIGHT="45" CONTENT="solo," WC="0.99" CC="00307"/>
						<SP ID="P2_SP00313" HPOS="847" VPOS="2863" WIDTH="26"/>
						<String ID="P2_ST00349" HPOS="873" VPOS="2815" WIDTH="216" HEIGHT="37" CONTENT="inconnus" WC="1.00" CC="10000060"/>
						<SP ID="P2_SP00314" HPOS="1089" VPOS="2863" WIDTH="25"/>
						<String ID="P2_ST00350" HPOS="1114" VPOS="2827" WIDTH="80" HEIGHT="25" CONTENT="aux" WC="1.00" CC="000"/>
						<SP ID="P2_SP00315" HPOS="1194" VPOS="2863" WIDTH="27"/>
						<String ID="P2_ST00351" HPOS="1221" VPOS="2815" WIDTH="321" HEIGHT="50" CONTENT="compositeurs" WC="1.00" CC="010000263050"/>
						<SP ID="P2_SP00316" HPOS="1542" VPOS="2865" WIDTH="27"/>
						<String ID="P2_ST00352" HPOS="1569" VPOS="2811" WIDTH="205" HEIGHT="50" CONTENT="français." WC="0.99" CC="000510270"/>
						<SP ID="P2_SP00317" HPOS="1774" VPOS="2865" WIDTH="36"/>
						<String ID="P2_ST00353" HPOS="1810" VPOS="2812" WIDTH="54" HEIGHT="40" CONTENT="Et" WC="0.74" CC="05"/>
						<SP ID="P2_SP00318" HPOS="1864" VPOS="2865" WIDTH="22"/>
						<String ID="P2_ST00354" HPOS="1886" VPOS="2826" WIDTH="114" HEIGHT="39" CONTENT="pour" WC="0.98" CC="0262"/>
						<SP ID="P2_SP00319" HPOS="2000" VPOS="2865" WIDTH="21"/>
						<String ID="P2_ST00355" HPOS="2021" VPOS="2826" WIDTH="74" HEIGHT="26" CONTENT="con" SUBS_TYPE="HypPart1" SUBS_CONTENT="conclure," WC="0.98" CC="017"/>
						<HYP HPOS="2095" VPOS="2826" WIDTH="24" CONTENT="-"/>
					</TextLine>
					<TextLine ID="P2_TL00037" HPOS="143" VPOS="2879" WIDTH="1976" HEIGHT="53">
						<String ID="P2_ST00356" HPOS="143" VPOS="2880" WIDTH="132" HEIGHT="50" CONTENT="clure," SUBS_TYPE="HypPart2" SUBS_CONTENT="conclure," WC="0.99" CC="030004"/>
						<SP ID="P2_SP00320" HPOS="275" VPOS="2930" WIDTH="28"/>
						<String ID="P2_ST00357" HPOS="303" VPOS="2886" WIDTH="126" HEIGHT="46" CONTENT="après" WC="0.99" CC="00162"/>
						<SP ID="P2_SP00321" HPOS="429" VPOS="2932" WIDTH="20"/>
						<String ID="P2_ST00358" HPOS="449" VPOS="2895" WIDTH="58" HEIGHT="25" CONTENT="un" WC="0.65" CC="07"/>
						<SP ID="P2_SP00322" HPOS="507" VPOS="2932" WIDTH="22"/>
						<String ID="P2_ST00359" HPOS="529" VPOS="2880" WIDTH="145" HEIGHT="40" CONTENT="thème" WC="0.99" CC="50000"/>
						<SP ID="P2_SP00323" HPOS="674" VPOS="2932" WIDTH="35"/>
						<String ID="P2_ST00360" HPOS="709" VPOS="2885" WIDTH="86" HEIGHT="34" CONTENT="très" WC="0.98" CC="4400"/>
						<SP ID="P2_SP00324" HPOS="795" VPOS="2932" WIDTH="28"/>
						<String ID="P2_ST00361" HPOS="823" VPOS="2880" WIDTH="218" HEIGHT="51" CONTENT="expressif" WC="1.00" CC="000200000"/>
						<SP ID="P2_SP00325" HPOS="1041" VPOS="2932" WIDTH="17"/>
						<String ID="P2_ST00362" HPOS="1058" VPOS="2881" WIDTH="58" HEIGHT="39" CONTENT="du" WC="0.69" CC="06"/>
						<SP ID="P2_SP00326" HPOS="1116" VPOS="2932" WIDTH="36"/>
						<String ID="P2_ST00363" HPOS="1152" VPOS="2879" WIDTH="210" HEIGHT="41" CONTENT="hautbois" WC="1.00" CC="00000020"/>
						<SP ID="P2_SP00327" HPOS="1362" VPOS="2932" WIDTH="23"/>
						<String ID="P2_ST00364" HPOS="1385" VPOS="2880" WIDTH="112" HEIGHT="48" CONTENT="solo," WC="0.98" CC="80003"/>
						<SP ID="P2_SP00328" HPOS="1497" VPOS="2932" WIDTH="22"/>
						<String ID="P2_ST00365" HPOS="1519" VPOS="2880" WIDTH="28" HEIGHT="38" CONTENT="il" WC="0.84" CC="03"/>
						<SP ID="P2_SP00329" HPOS="1547" VPOS="2932" WIDTH="24"/>
						<String ID="P2_ST00366" HPOS="1571" VPOS="2894" WIDTH="20" HEIGHT="24" CONTENT="a" WC="1.00" CC="0"/>
						<SP ID="P2_SP00330" HPOS="1591" VPOS="2932" WIDTH="21"/>
						<String ID="P2_ST00367" HPOS="1612" VPOS="2884" WIDTH="157" HEIGHT="35" CONTENT="amené" WC="0.98" CC="00056"/>
						<SP ID="P2_SP00331" HPOS="1769" VPOS="2932" WIDTH="20"/>
						<String ID="P2_ST00368" HPOS="1789" VPOS="2894" WIDTH="86" HEIGHT="26" CONTENT="une" WC="0.98" CC="500"/>
						<SP ID="P2_SP00332" HPOS="1875" VPOS="2932" WIDTH="20"/>
						<String ID="P2_ST00369" HPOS="1895" VPOS="2882" WIDTH="224" HEIGHT="38" CONTENT="troisième" WC="1.00" CC="301001700"/>
					</TextLine>
					<TextLine ID="P2_TL00038" HPOS="143" VPOS="2946" WIDTH="1973" HEIGHT="53">
						<String ID="P2_ST00370" HPOS="143" VPOS="2949" WIDTH="165" HEIGHT="50" CONTENT="reprise" WC="1.00" CC="0000000"/>
						<SP ID="P2_SP00333" HPOS="308" VPOS="2999" WIDTH="147"/>
						<String ID="P2_ST00371" HPOS="455" VPOS="2948" WIDTH="52" HEIGHT="38" CONTENT="de" WC="1.00" CC="00"/>
						<SP ID="P2_SP00334" HPOS="507" VPOS="2999" WIDTH="29"/>
						<String ID="P2_ST00372" HPOS="536" VPOS="2953" WIDTH="216" HEIGHT="34" CONTENT="caractère" WC="1.00" CC="000020000"/>
						<SP ID="P2_SP00335" HPOS="752" VPOS="2999" WIDTH="22"/>
						<String ID="P2_ST00373" HPOS="774" VPOS="2946" WIDTH="65" HEIGHT="40" CONTENT="vif" WC="0.99" CC="020"/>
						<SP ID="P2_SP00336" HPOS="839" VPOS="2999" WIDTH="17"/>
						<String ID="P2_ST00374" HPOS="856" VPOS="2956" WIDTH="40" HEIGHT="31" CONTENT="et" WC="0.75" CC="05"/>
						<SP ID="P2_SP00337" HPOS="896" VPOS="2999" WIDTH="21"/>
						<String ID="P2_ST00375" HPOS="917" VPOS="2949" WIDTH="160" HEIGHT="38" CONTENT="animé." WC="0.99" CC="003071"/>
						<SP ID="P2_SP00338" HPOS="1077" VPOS="2999" WIDTH="36"/>
						<String ID="P2_ST00376" HPOS="1113" VPOS="2947" WIDTH="123" HEIGHT="40" CONTENT="Telle" WC="0.99" CC="00310"/>
						<SP ID="P2_SP00339" HPOS="1236" VPOS="2999" WIDTH="38"/>
						<String ID="P2_ST00377" HPOS="1274" VPOS="2947" WIDTH="157" HEIGHT="52" CONTENT="qu'elle" WC="0.99" CC="0330650"/>
						<SP ID="P2_SP00340" HPOS="1431" VPOS="2999" WIDTH="38"/>
						<String ID="P2_ST00378" HPOS="1469" VPOS="2955" WIDTH="79" HEIGHT="38" CONTENT="est," WC="0.99" CC="0003"/>
						<SP ID="P2_SP00341" HPOS="1548" VPOS="2999" WIDTH="25"/>
						<String ID="P2_ST00379" HPOS="1573" VPOS="2955" WIDTH="109" HEIGHT="31" CONTENT="cette" WC="0.99" CC="00400"/>
						<SP ID="P2_SP00342" HPOS="1682" VPOS="2999" WIDTH="32"/>
						<String ID="P2_ST00380" HPOS="1714" VPOS="2950" WIDTH="297" HEIGHT="49" CONTENT="composition" WC="1.00" CC="00000010006"/>
						<SP ID="P2_SP00343" HPOS="2011" VPOS="2999" WIDTH="20"/>
						<String ID="P2_ST00381" HPOS="2031" VPOS="2949" WIDTH="64" HEIGHT="38" CONTENT="ins" SUBS_TYPE="HypPart1" SUBS_CONTENT="instrumentale" WC="0.99" CC="300"/>
						<HYP HPOS="2095" VPOS="2949" WIDTH="21" CONTENT="-"/>
					</TextLine>
					<TextLine ID="P2_TL00039" HPOS="143" VPOS="3014" WIDTH="1977" HEIGHT="41">
						<String ID="P2_ST00382" HPOS="143" VPOS="3015" WIDTH="264" HEIGHT="39" CONTENT="trumentale" SUBS_TYPE="HypPart2" SUBS_CONTENT="instrumentale" WC="1.00" CC="0040005060"/>
						<SP ID="P2_SP00344" HPOS="407" VPOS="3054" WIDTH="20"/>
						<String ID="P2_ST00383" HPOS="427" VPOS="3023" WIDTH="64" HEIGHT="31" CONTENT="est" WC="0.98" CC="005"/>
						<SP ID="P2_SP00345" HPOS="491" VPOS="3054" WIDTH="21"/>
						<String ID="P2_ST00384" HPOS="512" VPOS="3020" WIDTH="85" HEIGHT="34" CONTENT="très" WC="0.97" CC="2074"/>
						<SP ID="P2_SP00346" HPOS="597" VPOS="3054" WIDTH="20"/>
						<String ID="P2_ST00385" HPOS="617" VPOS="3017" WIDTH="292" HEIGHT="37" CONTENT="intéressante" WC="1.00" CC="000700000040"/>
						<SP ID="P2_SP00347" HPOS="909" VPOS="3054" WIDTH="22"/>
						<String ID="P2_ST00386" HPOS="931" VPOS="3023" WIDTH="40" HEIGHT="31" CONTENT="et" WC="0.72" CC="05"/>
						<SP ID="P2_SP00348" HPOS="971" VPOS="3054" WIDTH="23"/>
						<String ID="P2_ST00387" HPOS="994" VPOS="3016" WIDTH="146" HEIGHT="39" CONTENT="donne" WC="1.00" CC="00000"/>
						<SP ID="P2_SP00349" HPOS="1140" VPOS="3055" WIDTH="21"/>
						<String ID="P2_ST00388" HPOS="1161" VPOS="3029" WIDTH="85" HEIGHT="26" CONTENT="une" WC="0.98" CC="500"/>
						<SP ID="P2_SP00350" HPOS="1246" VPOS="3055" WIDTH="23"/>
						<String ID="P2_ST00389" HPOS="1269" VPOS="3015" WIDTH="96" HEIGHT="39" CONTENT="idée" WC="0.99" CC="2000"/>
						<SP ID="P2_SP00351" HPOS="1365" VPOS="3055" WIDTH="23"/>
						<String ID="P2_ST00390" HPOS="1388" VPOS="3023" WIDTH="147" HEIGHT="31" CONTENT="exacte" WC="0.99" CC="000060"/>
						<SP ID="P2_SP00352" HPOS="1535" VPOS="3055" WIDTH="22"/>
						<String ID="P2_ST00391" HPOS="1557" VPOS="3014" WIDTH="75" HEIGHT="40" CONTENT="des" WC="1.00" CC="000"/>
						<SP ID="P2_SP00353" HPOS="1632" VPOS="3055" WIDTH="25"/>
						<String ID="P2_ST00392" HPOS="1657" VPOS="3014" WIDTH="194" HEIGHT="41" CONTENT="diverses" WC="1.00" CC="00000000"/>
						<SP ID="P2_SP00354" HPOS="1851" VPOS="3055" WIDTH="20"/>
						<String ID="P2_ST00393" HPOS="1871" VPOS="3027" WIDTH="249" HEIGHT="28" CONTENT="ressources" WC="1.00" CC="0000160100"/>
					</TextLine>
					<TextLine ID="P2_TL00040" HPOS="143" VPOS="3082" WIDTH="1532" HEIGHT="50">
						<String ID="P2_ST00394" HPOS="143" VPOS="3094" WIDTH="85" HEIGHT="38" CONTENT="que" WC="1.00" CC="000"/>
						<SP ID="P2_SP00355" HPOS="228" VPOS="3132" WIDTH="21"/>
						<String ID="P2_ST00395" HPOS="249" VPOS="3082" WIDTH="37" HEIGHT="38" CONTENT="le" WC="0.73" CC="50"/>
						<SP ID="P2_SP00356" HPOS="286" VPOS="3132" WIDTH="24"/>
						<String ID="P2_ST00396" HPOS="310" VPOS="3086" WIDTH="155" HEIGHT="34" CONTENT="maître" WC="0.99" CC="042000"/>
						<SP ID="P2_SP00357" HPOS="465" VPOS="3132" WIDTH="29"/>
						<String ID="P2_ST00397" HPOS="494" VPOS="3094" WIDTH="136" HEIGHT="27" CONTENT="saxon" WC="0.98" CC="06006"/>
						<SP ID="P2_SP00358" HPOS="630" VPOS="3132" WIDTH="23"/>
						<String ID="P2_ST00398" HPOS="653" VPOS="3096" WIDTH="19" HEIGHT="24" CONTENT="a" WC="0.33" CC="6"/>
						<SP ID="P2_SP00359" HPOS="672" VPOS="3132" WIDTH="21"/>
						<String ID="P2_ST00399" HPOS="693" VPOS="3082" WIDTH="252" HEIGHT="50" CONTENT="employées" WC="1.00" CC="000506000"/>
						<SP ID="P2_SP00360" HPOS="945" VPOS="3132" WIDTH="21"/>
						<String ID="P2_ST00400" HPOS="966" VPOS="3082" WIDTH="110" HEIGHT="40" CONTENT="dans" WC="1.00" CC="0001"/>
						<SP ID="P2_SP00361" HPOS="1076" VPOS="3132" WIDTH="24"/>
						<String ID="P2_ST00401" HPOS="1100" VPOS="3096" WIDTH="45" HEIGHT="25" CONTENT="sa" WC="1.00" CC="00"/>
						<SP ID="P2_SP00362" HPOS="1145" VPOS="3132" WIDTH="24"/>
						<String ID="P2_ST00402" HPOS="1169" VPOS="3085" WIDTH="205" HEIGHT="47" CONTENT="musique" WC="0.99" CC="0516060"/>
						<SP ID="P2_SP00363" HPOS="1374" VPOS="3132" WIDTH="18"/>
						<String ID="P2_ST00403" HPOS="1392" VPOS="3082" WIDTH="283" HEIGHT="40" CONTENT="d'orchestre." WC="1.00" CC="040000004602"/>
					</TextLine>
				</TextBlock>
				<TextBlock ID="P2_TB00008" HPOS="1847" VPOS="3147" WIDTH="135" HEIGHT="53" STYLEREFS="TXT_4 PAR_RIGHT">
					<TextLine ID="P2_TL00041" HPOS="1847" VPOS="3147" WIDTH="135" HEIGHT="53">
						<String ID="P2_ST00404" HPOS="1847" VPOS="3148" WIDTH="54" HEIGHT="41" CONTENT="H." WC="0.48" CC="64"/>
						<SP ID="P2_SP00364" HPOS="1901" VPOS="3189" WIDTH="27"/>
						<String ID="P2_ST00405" HPOS="1928" VPOS="3147" WIDTH="54" HEIGHT="53" CONTENT="Q." WC="1.00" CC="00"/>
					</TextLine>
				</TextBlock>
				<ComposedBlock ID="P2_CB00001" HPOS="119" VPOS="485" WIDTH="574" HEIGHT="961" STYLEREFS="TXT_5 PAR_LEFT" TYPE="Illustration">
					<GraphicalElement ID="P2_CB00001_SUB" HPOS="119" VPOS="485" WIDTH="574" HEIGHT="961"/>
				</ComposedBlock>
			</PrintSpace>
		</Page>
	</Layout>
</alto>
