3505 4572
999 470 97 57 112

1713 473 143 52 Paul
1881 472 264 69 Kornfeld
2183 492 21 21 *
2242 475 235 67 Legende

993 670 275 84 vergrub
1308 669 135 70 sich
1485 671 136 69 sein
1656 668 269 71 Gesicht
1965 670 68 67 in
2066 670 126 69 den
2229 669 295 80 Händen,
2559 670 136 69 und
2728 670 210 67 seiner
2971 683 177 56 männ-

996 762 207 69 lichen
1218 762 189 69 Brust
1421 779 267 65 entrang
1702 760 314 79 sich,wild
2030 762 135 68 und
2179 762 572 83 groß,stöhnendes
2769 759 423 71 Schluchzen.

1764 943 319 58 ZWEITES
2125 943 311 58 KAPITEL

1612 1082 179 70 DER
1838 1081 747 74 NELKENGERUCH

1086 1219 252 84 Dumpf
1361 1219 134 70 und
1512 1219 412 84 übernächtig
1941 1219 349 73 durchirrte
2307 1219 339 72 Wladislav
2662 1221 64 67 in
2744 1219 124 69 den
2895 1218 296 71 nächsten

991 1311 221 84 Tagen
1245 1313 109 69 das
1402 1312 202 70 Land.
1655 1312 87 69 Er
1772 1312 225 70 schlief
2027 1313 351 72 manchmal
2412 1312 191 70 kurze
2646 1311 289 70 Stunden
2970 1313 63 68 in
3069 1312 122 69 den

992 1404 318 78 Wäldern,
1330 1405 133 68 und
1479 1405 175 68 seine
1679 1402 309 85 Nahrung
2009 1432 206 43 waren
2233 1405 246 71 unreife
2505 1404 274 69 Früchte
2796 1405 113 68 der
2932 1404 259 69 Bäume.

990 1495 101 69 An
1124 1498 215 67 seinen
1377 1494 301 71 Kleidern
1712 1495 151 85 hing
1895 1496 112 70 das
2041 1496 214 71 Moos.
2291 1496 127 70 Die
2449 1495 222 71 Stiefel
2695 1523 206 42 waren
2929 1495 262 70 bedeckt

990 1589 117 66 mit
1154 1589 171 67 einer
1368 1587 258 69 Schicht
1672 1587 533 83 eingetrockneter
2255 1588 185 79 Erde,
2488 1588 103 70 die
2648 1614 66 44 er
2765 1585 423 79 durchwatet;

988 1679 136 69 sein
1173 1677 167 71 Haar
1374 1679 197 70 erhob
1603 1677 132 71 sich
1766 1681 63 67 in
1863 1678 440 85 ungepflegten
2350 1679 311 70 Strähnen
2690 1707 148 41 zum
2888 1677 303 78 Himmel,

990 1769 133 70 und
1154 1771 111 68 der
1297 1771 173 78 Bart,
1503 1769 145 72 wild
1683 1771 131 68 und
1849 1771 180 78 breit,
2064 1771 318 70 schreckte
2415 1772 101 69 die
2567 1769 263 72 Kinder.
2882 1769 309 70 Meistens

990 1880 144 66 trug
1160 1890 67 41 er
1251 1863 89 69 im
1359 1861 224 71 Gehen
1609 1862 122 70 den
1753 1861 179 85 Kopf
1954 1890 114 41 zur
2084 1862 171 70 Seite
2280 1866 248 80 geneigt
2549 1862 136 70 und
2711 1861 290 85 gesenkt;
3028 1862 163 69 doch

990 1954 376 78 manchmal,
1401 1984 109 39 aus
1543 1956 207 67 seiner
1782 1952 405 84 Wanderung
2220 1956 63 66 in
2316 1955 113 68 der
2474 1954 231 78 Nacht,
2751 1971 295 52 erstarrte
3080 1954 111 68 der

990 2042 209 87 Gang,
1235 2044 134 70 und
1404 2073 67 42 er
1503 2045 166 70 blieb
1701 2045 255 79 stehen;
1993 2046 168 69 dann
2189 2045 196 70 erhob
2408 2046 134 70 sich
2568 2048 99 66 ein
2695 2045 196 70 fahles
2925 2044 266 71 Gesicht

991 2135 122 70 voll
1171 2136 318 70 leidender
1545 2135 176 85 Züge
1769 2138 444 82 schwermütig
2359 2136 277 84 langsam
2686 2135 220 71 hinauf
2952 2138 65 67 in
3067 2136 121 69 den

990 2228 447 71 Mondschein.
1472 2227 88 71 So
1592 2230 259 82 verging
1882 2230 138 68 eine
2053 2227 161 71 Zeit.

1081 2321 136 69 Der
1258 2318 208 71 Zufall
1501 2321 254 69 brachte
1791 2351 86 48 es,
1910 2321 126 68 daß
2073 2321 359 78 Wladislav,
2471 2322 204 68 einem
2711 2322 203 68 seiner
2944 2321 247 68 Bauern

990 2412 396 83 begegnend,
1420 2441 123 41 von
1578 2412 235 70 diesem
1856 2415 62 66 in
1955 2413 168 68 einer
2156 2412 199 70 Sache
2399 2413 112 69 der
2544 2411 357 70 Feldarbeit
2947 2411 244 84 befragt

987 2505 248 76 wurde;
1275 2503 289 70 mühsam
1599 2505 131 68 sich
1763 2506 236 67 seinem
2044 2503 240 70 Traum
2319 2503 392 79 entreißend,
2756 2503 121 83 gab
2923 2530 64 42 er
3031 2503 120 69 Ant-

986 2614 179 51 wort.
1209 2594 125 69 Am
1380 2595 298 70 nächsten
1722 2594 140 83 Tag
1907 2595 426 84 durchquerte
2378 2622 86 50 er,
2510 2595 134 70 sich
2690 2594 109 69 hin
2845 2594 343 80 verirrend,

986 2689 170 68 seine
1189 2686 225 71 Felder
1447 2688 132 69 und
1612 2689 213 67 seinen
1860 2685 166 80 Hof;
2062 2686 185 70 kaum
2281 2713 123 44 war
2436 2714 68 43 er
2535 2686 276 70 sichtbar
2836 2686 355 83 geworden,

988 2778 188 71 liefen
1213 2810 122 39 von
1371 2780 80 68 da
1482 2779 135 70 und
1649 2779 142 69 dort
1824 2778 273 70 Männer
2130 2779 214 79 heran,
2378 2810 131 49 um,
2549 2780 118 69 wie
2702 2808 63 40 es
2801 2779 133 69 sich
2981 2779 208 81 ergab,

986 2872 108 70 ihn
1127 2872 160 71 nach
1321 2870 306 72 manchen
1665 2870 254 84 Dingen
1951 2901 79 39 zu
2063 2870 239 84 fragen,
2336 2872 133 68 dies
2504 2870 152 70 oder
2688 2870 170 83 jenes
2891 2900 79 40 zu
2998 2872 159 67 erbit-

987 2982 127 60 ten,
1151 2963 286 79 manche,
1472 2994 111 39 um
1616 2994 80 38 zu
1731 2963 322 70 berichten
2088 2963 154 69 oder
2277 2962 201 81 Klage
2510 2992 80 40 zu
2624 2961 252 71 führen.
2909 2961 133 70 Aus
3071 2964 78 65 im-

985 3084 135 42 mer
1154 3057 316 67 weiterem
1505 3055 292 69 Umkreis
1832 3056 143 67 kam
2008 3084 148 40 man
2183 3053 529 85 herbeigelaufen,
2737 3055 135 68 und
2898 3055 102 68 die
3033 3052 156 71 Zahl

985 3146 114 70 der
1142 3147 107 69 ihn
1297 3146 536 85 Umdrängenden
1877 3147 216 70 wuchs
2139 3177 78 39 zu
2263 3150 238 67 seinem
2545 3146 353 70 Erstaunen
2944 3146 135 69 und
3111 3177 78 38 zu

983 3239 207 68 seiner
1218 3236 191 83 Qual.
1452 3238 188 82 Jeder
1670 3238 209 71 wollte
1910 3238 134 71 sich
2079 3268 122 41 von
2236 3240 146 71 dem
2417 3239 247 68 kleinen
2709 3236 144 70 Teil
2888 3238 111 68 der
3031 3235 118 70 Ver-

985 3348 401 65 antwortung
1419 3329 302 81 befreien,
1757 3332 123 68 den
1910 3358 66 42 er
2011 3332 175 69 hatte
2211 3330 202 70 durch
2439 3330 373 70 Wladislavs
2843 3328 301 70 Abwesen-

985 3422 130 70 heit
1161 3422 434 70 übernehmen
1641 3437 280 57 müssen.
1969 3423 87 70 So
2091 3453 63 40 sa
2191 3451 65 42 er
2300 3424 134 70 sich
2468 3423 88 69 als
2603 3420 420 83 Mittelpunkt
3055 3422 134 68 und

983 3514 221 70 mußte
1236 3513 156 80 sich,
1418 3542 111 40 um
1555 3513 81 69 all
1663 3516 212 68 diesen
1913 3514 311 70 Stimmen
2251 3514 306 70 Bescheid
2582 3513 198 84 geben
2807 3542 81 40 zu
2914 3512 273 79 können,

981 3605 452 80 entschließen,
1477 3605 176 69 diese
1687 3606 208 70 Nacht
1941 3607 133 69 und
2107 3607 125 69 den
2277 3606 340 84 folgenden
2650 3602 141 85 Tag
2838 3606 63 67 in
2948 3607 239 67 seinem

986 3697 215 71 Hause
1246 3729 80 39 zu
1376 3699 402 82 verbringen.
1836 3699 83 71 Er
1975 3701 219 69 wurde
2241 3729 195 55 gegen
2492 3699 221 67 seinen
2761 3696 230 71 Willen
3042 3728 146 39 vom

982 3789 173 70 Eifer
1187 3790 113 70 der
1333 3790 111 69 ihn
1480 3789 461 82 Umgebenden
1974 3791 196 70 selbst
2203 3793 62 67 in
2300 3789 219 84 eifrige
2543 3786 320 87 Tätigkeit
2888 3818 301 55 gezogen,

982 3883 135 68 und
1161 3883 106 68 die
1312 3883 314 68 Stimmen
1682 3881 110 69 der
1838 3881 356 72 Menschen
2238 3881 135 70 und
2416 3881 174 69 seine
2634 3881 220 83 eigene
2898 3881 289 78 Stimme,
