3647 4572
1062 401 111 59 232

2099 399 217 54 Glossen

2656 3155 311 60 Franziska
2992 3153 301 62 Stoecklin

1143 620 90 60 Ich
1253 621 155 59 lehne
1430 644 132 46 ganz
1582 620 182 56 hinten
1785 619 55 56 in
1862 618 174 57 einem
2057 616 95 58 Bet-

1064 700 142 59 stuhl
1227 700 111 57 und
1360 723 119 45 sage
1500 699 86 56 ein
1608 698 205 67 inniges
1835 694 199 60 Gebet.

1143 779 85 56 Da
1265 776 92 59 auf
1396 774 191 60 einmal
1628 774 277 58 schweben
1947 797 103 35 von
2089 771 96 59 der

1064 855 198 65 Decke,
1279 855 84 57 die
1384 853 136 57 hoch
1533 853 111 57 und
1660 850 224 70 gewölbt
1901 851 85 64 ist,
2004 849 180 58 sieben

1063 931 419 70 Strahlenengel.
1500 930 152 59 Leise
1666 930 245 59 kommen
1926 930 77 57 sie
2015 928 169 58 durch

1064 1013 104 57 den
1192 1011 188 64 Raum,
1416 1010 95 56 der
1530 1009 85 57 die
1638 1009 192 57 beiden
1854 1006 329 59 Bankreihen

1064 1089 356 58 voneinander
1444 1100 200 45 trennt.
1688 1085 158 58 Einer
1869 1085 174 58 hinter
2061 1085 124 58 dem

1064 1168 220 63 andern,
1300 1166 112 57 und
1426 1165 146 69 jeder
1586 1163 108 59 hält
1708 1165 117 56 eine
1837 1163 199 58 dunkle
2048 1163 137 58 Rose

1067 1246 55 56 in
1144 1245 94 57 der
1258 1243 422 69 ausgestreckten
1704 1241 257 59 Rechten.

1143 1321 155 57 Doch
1319 1321 112 57 ihre
1448 1319 279 58 Gesichter
1747 1320 120 57 sind
1888 1317 172 59 bleich
2075 1319 110 57 und

1064 1399 265 59 zerfallen.
1351 1399 103 57 Die
1473 1397 188 69 Augen
1684 1397 206 59 blicken
1911 1396 274 59 fieberisch

1064 1502 94 34 aus
1182 1499 194 47 grauen
1402 1476 231 59 Höhlen.

1144 1555 107 57 Mit
1271 1557 145 56 einer
1434 1554 349 68 zwingenden
1807 1552 248 60 Gebärde
2076 1552 112 70 gibt

1067 1635 99 56 mir
1205 1634 94 57 der
1337 1648 136 43 erste
1515 1631 165 70 Engel
1721 1634 143 54 seine
1906 1631 154 66 Rose,
2102 1631 86 57 die

1065 1711 169 70 gleich
1276 1712 53 56 in
1370 1711 201 57 meiner
1604 1710 160 58 Hand
1812 1709 199 58 schwer
2057 1709 130 57 wird

1065 1791 113 57 und
1200 1791 117 56 eine
1337 1789 358 59 tiefschwarze
1719 1787 167 59 Farbe
1909 1789 278 56 annimmt.

1064 1869 155 58 Auch
1261 1870 66 56 ist
1366 1869 75 56 sie
1477 1867 114 58 hart
1625 1866 110 59 und
1757 1865 162 60 voller
1948 1866 241 57 Dornen.

1067 1946 124 57 Blut
1211 1945 168 71 tropft
1410 1946 99 56 mir
1528 1968 94 34 aus
1641 1945 105 56 den
1771 1944 247 68 Fingern.
2060 1941 127 58 Und

1067 2048 114 33 nun
1216 2024 168 68 geben
1423 2025 100 56 mir
1552 2022 98 57 alle
1672 2020 164 70 Engel
1858 2021 113 57 ihre
1995 2020 192 65 Rosen,

1067 2104 87 55 die
1175 2126 58 33 so
1256 2102 200 57 schwer
1478 2101 227 65 werden,
1736 2100 104 57 daß
1862 2100 82 57 ich
1967 2099 222 58 beinahe

1068 2179 515 59 zusammenbreche.
1617 2177 242 59 Zitternd
1892 2199 177 47 presse
2103 2176 85 58 ich

1068 2260 75 56 sie
1163 2283 66 34 an
1260 2259 141 57 mein
1425 2257 161 57 Herz.
1627 2255 123 58 Blut
1780 2255 171 70 tropft
1981 2256 99 56 mir
2097 2278 92 35 aus

1068 2336 124 57 dem
1247 2335 226 68 Körper.
1535 2332 347 70 Unsäglicher
1937 2332 254 59 Schmerz

1067 2412 315 60 durchzieht
1404 2413 173 56 meine
1600 2411 237 57 Glieder.

1147 2491 102 58 Die
1265 2490 164 71 Engel
1444 2490 298 59 schmelzen
1759 2491 52 56 in
1827 2490 172 56 ihrem
2014 2487 177 60 Licht.

1149 2570 85 57 Da
1274 2571 67 55 ist
1383 2568 159 59 kühle
1585 2567 151 59 Stille
1769 2568 112 56 und
1921 2568 117 55 eine
2078 2581 113 42 rote

1068 2647 209 71 Ampel,
1294 2648 86 58 die
1401 2647 81 57 ihr
1501 2646 155 60 Licht
1677 2645 91 58 auf
1783 2646 104 57 den
1905 2643 286 60 Hochaltar

1068 2726 112 57 und
1201 2726 85 57 die
1309 2723 522 71 Reliquienschreine
1853 2721 161 59 wirft.

1147 2803 136 59 Sehr
1298 2805 122 57 weit
1443 2803 92 58 her
1558 2815 116 46 tönt
1688 2803 85 56 ein
1793 2802 83 56 De
1892 2800 299 71 profundis.

1387 2958 147 59 DER
1571 2957 302 60 HEILIGE

1150 3084 89 58 Ich
1262 3083 134 58 habe
1416 3107 105 34 von
1544 3083 84 57 dir
1653 3093 286 58 geträumt,
1964 3080 229 59 Moram.

1070 3161 70 59 Es
1161 3184 105 37 war
1296 3163 182 63 schön,
1515 3163 112 57 und
1662 3161 84 59 ich
1782 3182 104 37 war
1918 3159 146 67 selig,
2088 3182 103 35 von

2230 616 84 58 dir
2348 639 64 35 zu
2443 625 264 47 träumen.
2753 611 92 59 Ich
2878 610 105 58 will
3019 610 123 58 dem
3175 609 171 61 lieben

2231 693 141 58 Gott
2403 693 227 64 danken,
2664 689 106 59 daß
2801 710 58 36 er
2890 690 102 56 mir
3022 688 126 58 dich
3168 689 55 56 in
3246 689 102 58 den

2231 770 205 59 Traum
2457 771 120 69 gab.

2310 864 91 57 Du
2417 865 172 69 gingst
2603 863 55 56 in
2676 862 143 57 einer
2833 860 328 68 dämmrigen
3174 858 141 58 Land-

2231 943 191 58 schaft.
2455 942 90 58 Sie
2577 962 105 35 war
2715 939 182 69 bergig
2932 938 111 57 und
3077 936 105 59 voll
3217 948 108 47 zärt-

2232 1020 164 60 licher
2418 1018 263 61 Andacht.

2311 1114 112 57 Der
2438 1112 236 59 Himmel
2690 1132 105 37 war
2810 1109 273 70 graublau,
3099 1108 113 58 und
3227 1129 124 47 grau

2231 1215 175 36 waren
2439 1190 136 59 auch
2613 1189 87 57 die
2725 1188 205 65 Felsen,
2968 1187 87 57 die
3088 1185 113 59 sich
3232 1185 121 59 steil

2234 1295 120 34 vom
2371 1284 195 44 matten
2586 1267 152 58 Grün
2754 1265 96 59 der
2861 1264 208 59 Wiesen
3092 1264 258 64 abhoben,

2234 1350 113 58 und
2396 1372 66 34 an
2516 1347 161 58 deren
2721 1344 201 57 Wände
2978 1345 119 55 eine
3154 1343 199 57 braune

2236 1427 198 59 Klause
2455 1424 261 70 angebaut
2738 1444 121 44 war,
2884 1423 95 56 mit
3000 1423 175 57 einem
3191 1420 130 59 Gärt-

2234 1505 153 59 chen.

2302 1597 187 58 Durch
2519 1594 224 60 weiches
2767 1593 137 58 Gras
2937 1592 173 58 kamst
3142 1592 76 57 du
3252 1592 99 57 mir

2235 1688 281 56 entgegen.
2539 1673 141 57 Dein
2704 1671 223 59 Gesicht
2947 1692 106 36 war
3076 1691 131 47 ganz
3229 1669 121 65 hell,

2234 1753 139 58 ohne
2394 1777 66 33 zu
2483 1751 250 58 blenden.

2316 1847 89 57 Ich
2438 1845 126 58 aber
2597 1866 104 36 war
2733 1843 261 69 zerlumpt
3038 1842 110 57 und
3182 1841 174 58 elend.

2238 1925 110 57 Der
2400 1923 260 59 Schmutz
2711 1922 96 57 der
2861 1921 139 58 Welt
3061 1919 177 58 klebte
3292 1942 63 35 an

2238 2005 208 55 meinen
2483 2001 274 59 Kleidern.

2315 2095 156 58 Doch
2493 2119 56 33 es
2573 2116 105 36 war
2705 2118 58 33 so
2786 2092 182 65 schön,
3005 2092 113 57 und
3146 2092 85 57 ich
3254 2114 102 34 war

2236 2198 59 35 so
2310 2173 145 70 selig,
2471 2172 120 59 dich
2608 2196 66 33 zu
2691 2171 197 65 finden,
2912 2168 104 60 daß
3031 2170 84 58 ich
3132 2168 224 59 darüber

2238 2253 172 56 meine
2448 2242 353 66 Ärmlichkeit
2853 2247 211 70 vergaß,
3116 2247 106 57 daß
3273 2247 82 57 ich

2238 2353 92 36 vor
2358 2331 81 57 dir
2461 2328 381 65 niederkniete,
2861 2327 113 59 und
2994 2325 364 61 dunkelweich

2236 2408 154 69 klang
2413 2410 199 56 meiner
2635 2406 149 58 Seele
2807 2405 255 59 Stimme;

2316 2500 268 67 ~Moram,
2626 2500 85 57 ich
2746 2497 105 59 will
2894 2500 142 57 mein
3073 2497 186 57 Leben
3301 2499 53 55 in

2236 2580 85 57 ein
2345 2579 180 58 Gebet
2546 2579 149 68 legen
2718 2577 111 57 und
2853 2600 55 33 es
2930 2576 84 57 dir
3036 2576 233 69 geben.“

2316 2674 84 56 Da
2433 2673 187 68 legtest
2650 2673 75 57 du
2754 2671 157 57 deine
2935 2670 207 66 Hände,
3177 2670 96 58 ach
3304 2693 55 33 so

2238 2767 109 53 gut,
2368 2751 92 57 auf
2481 2753 211 55 meinen
2719 2749 377 70 Knabenkopf.

2318 2844 181 58 Große
2540 2843 214 58 Tränen
2809 2840 155 60 fielen
3016 2867 93 33 aus
3152 2844 206 57 meinen

2238 2923 210 68 Augen.

2319 3017 136 57 Weit
2489 3017 174 57 hinter
2696 3018 100 56 mir
2829 3014 224 60 versank
3083 3015 87 58 die
3205 3013 154 60 Welt.

1469 3394 336 90 Notizen.

1262 3545 102 61 Gin
1401 3539 210 66 Q}ucß!
1648 3544 103 59 Gin

1138 3664 94 58 der
1260 3662 172 58 tiefste
1464 3662 109 57 und
1605 3661 213 57 höchste
1851 3661 210 69 Gesang
2091 3685 102 34 von

1070 3743 199 56 diesem
1308 3741 178 67 Krieg,

1139 3821 103 56 voll
1298 3816 397 71 Trostlosigkeit
1754 3818 108 56 und
1919 3832 276 42 entsetzter

1074 3896 445 64 Menschenliebe,

2315 3347 94 56 mit
2456 3343 386 60 schauerlichen
2893 3343 339 65 Rezitativen,
3279 3342 82 56 die

2249 3423 309 65 Menschen,
2594 3422 266 65 Soldaten,
2897 3423 53 55 in
2987 3422 94 56 der
3120 3419 240 59 Kothölle

2245 3504 93 56 der
2384 3501 456 68 Schützengräben
2889 3499 121 57 halb
3057 3498 302 61 versunken,

2245 3581 248 57 einander
2526 3578 345 65 zumurmeln,

2312 3661 94 55 mit
2442 3657 359 58 bestialischen
2840 3654 228 68 Chören,
3104 3656 86 57 die
3226 3654 107 56 kata-

2244 3738 259 69 strophale
2542 3736 167 68 Angst
2748 3736 109 57 und
2897 3736 86 57 die
3021 3730 310 61 unverständ-

2244 3816 133 57 liche
2445 3814 110 57 und
2625 3812 486 58 unwiderstehliche
3181 3808 181 58 Pflicht

2244 3918 65 33 zu
2340 3904 144 46 töten
2518 3890 629 70 emporgeschleuderten,
3182 3888 177 67 hinge-
