3366 4572
637 428 147 55 Kurt
804 432 280 52 Erdmann
1180 451 438 23 *
1619 434 134 70 Nationalitätenfrage
1781 437 113 51 und
1921 437 353 54 Annexionen

2449 437 102 58 197

351 628 201 72 städte
595 656 126 40 von
756 627 288 86 Europas
1081 629 356 74 Landkarte
1469 651 416 68 ausgemerzt.
1945 633 209 70 Dafür
2187 634 265 84 beginnt
2486 638 67 69 in

350 723 110 69 der
514 718 370 71 westlichen
944 719 425 87 Hemisphäre
1432 724 111 70 das
1602 726 300 71 Zeitalter
1956 724 117 70 der
2128 724 424 85 Republiken.

347 814 206 83 James
601 811 278 71 Monroe
929 813 148 69 sitzt
1124 814 91 69 als
1264 817 231 70 vierter
1546 817 386 84 Nachfolger
1964 817 453 84 Washingtons
2464 821 89 70 im

348 905 262 70 weissen
649 901 238 81 Hause,
922 903 136 69 und
1090 903 169 84 John
1295 905 255 87 Quincy
1579 910 265 80 Adams,
1880 911 138 70 sein
2065 910 488 71 Staatssekretär

347 996 133 71 und
527 995 422 82 dereinstiger
999 996 409 86 Nachfolger,
1465 1002 160 70 wird
1676 1004 147 70 bald
1872 1004 106 70 die
2026 1002 333 73 Botschaft
2405 1034 111 40 aus-

348 1089 300 77 arbeiten,
684 1088 106 69 die
825 1088 310 71 Monroes
1171 1089 252 72 Namen
1456 1093 447 72 weltberühmt
1947 1095 271 71 machen
2253 1095 139 71 soll.
2458 1095 94 70 Im

348 1179 218 71 Süden
600 1179 110 70 des
748 1208 210 41 neuen
994 1180 275 71 Erdteils
1305 1183 165 70 reißt
1503 1185 133 70 sich
1664 1188 142 67 eine
1833 1187 394 71 Landschaft
2252 1188 161 70 nach
2439 1188 114 70 der

347 1272 236 70 andern
618 1301 146 41 vom
801 1273 378 83 spanischen
1213 1274 196 83 Joche
1443 1275 127 81 los;
1608 1278 286 71 Iturbide
1928 1282 66 67 in
2030 1281 284 80 Mexiko,
2347 1281 164 82 Puey-

350 1364 190 70 redon
571 1366 64 67 in
663 1363 254 71 Buenos
945 1364 207 80 Aires,
1182 1366 128 70 San
1331 1367 242 71 Martin
1601 1399 66 40 in
1686 1369 185 73 Chile
1893 1373 258 69 werden
2177 1402 126 41 von
2322 1373 227 70 Simon

346 1457 267 78 Bolivar,
647 1456 148 70 dem
831 1457 566 70 venezolanischen
1429 1460 460 78 „Libertador“
1921 1465 405 70 überstrahlt.
2363 1463 186 72 Noch

347 1549 203 82 einige
581 1547 190 83 Jahre
803 1550 135 70 und
971 1549 282 71 Bolivars
1289 1550 512 82 Unterfeldherr,
1844 1555 115 70 der
1991 1555 213 71 kühne
2237 1556 145 84 Jose
2410 1556 92 70 An-

343 1660 174 50 tonio
552 1639 223 80 Sucre,
822 1640 244 85 besiegt
1113 1643 126 69 den
1288 1643 233 69 letzten
1556 1644 451 85 hispanischen
2040 1648 351 83 Vizekönig
2421 1679 126 40 von

345 1733 180 68 Peru.
566 1731 321 86 „Magnus
907 1734 80 69 ab
1006 1735 245 82 integro
1272 1737 329 69 saeclorum
1623 1739 282 67 nascitur
1921 1739 199 70 ordo“
2145 1739 129 70 ruft
2295 1739 254 86 George

346 1824 292 84 Canning
657 1827 86 67 im
765 1825 367 84 englischen
1156 1827 427 72 Unterhause.
1612 1829 133 70 Das
1766 1830 746 86 demokratisch-republi-

345 1917 297 70 kanische
675 1917 298 71 Zeitalter
1008 1922 81 66 ist
1122 1921 470 82 angebrochen.
1627 1922 413 71 Demokratie
2072 1924 136 69 und
2233 1924 316 84 Republik

346 2010 201 68 haben
723 2030 164 51 trotz
945 2011 281 85 Slavery,
1284 2012 402 81 Diktatoren,
1744 2013 611 73 Pronunziamentos
2415 2018 136 70 und

345 2100 381 71 zahlreicher
752 2101 351 71 Schlacken
1234 2106 259 81 jenseits
1519 2106 115 70 der
1658 2106 420 71 atlantischen
2106 2107 445 70 Meeresrinne

346 2195 255 84 gesiegt.
660 2196 278 70 Werden
985 2198 91 67 sie
1108 2196 161 70 auch
1303 2198 228 69 östlich
1564 2199 338 70 derselben
1936 2201 264 83 siegen?
2257 2199 178 72 Oder
2469 2204 82 67 ist

345 2316 62 39 es
442 2317 91 48 so,
567 2317 118 39 wie
719 2286 216 70 Platen
968 2289 127 69 den
1126 2288 184 71 Geist
1343 2290 110 69 des
1485 2289 362 72 Kolumbus
1883 2291 311 86 sprechen
2228 2293 151 80 läßt,
2415 2294 134 70 und

345 2377 170 69 flieht
566 2378 160 70 nach
774 2379 259 70 Westen
1085 2380 103 69 die
1239 2382 571 82 Weltgeschichte?
1879 2384 87 69 Ist
2016 2384 105 69 die
2170 2384 376 71 Revolution

345 2469 322 87 endgültig
710 2472 437 70 überwunden
1196 2474 133 69 und
1375 2474 105 69 die
1524 2474 404 84 dynastische
1970 2474 426 73 Herrlichkeit
2438 2477 113 70 auf

345 2562 222 70 immer
601 2565 410 69 restauriert?

430 2655 124 70 Die
573 2655 165 70 Welt
757 2656 158 70 wird
943 2657 146 69 bald
1117 2660 172 68 eines
1316 2660 247 70 andern
1590 2660 265 70 belehrt.
1890 2659 452 72 Zweihundert
2359 2660 187 84 Jahre

345 2746 76 69 ist
464 2747 254 70 Brüssel
765 2749 124 70 den
940 2749 460 86 Habsburgern
1571 2772 127 49 erst
1743 2753 126 68 den
1917 2754 402 82 spanischen,
2370 2754 174 70 dann

342 2838 118 69 den
505 2841 590 79 österreichischen,
1253 2844 142 69 eine
1439 2844 517 82 treugehorsame
2001 2844 186 70 Stadt
2233 2876 310 52 gewesen.

345 2928 205 72 Kaum
585 2933 378 68 anderthalb
995 2934 381 81 Jahrzehnte
1419 2935 107 69 hat
1570 2937 92 67 sie
1705 2954 188 50 unter
1926 2935 124 70 den
2083 2934 318 73 Oraniern
2436 2967 72 53 ge-

342 3024 287 79 standen,
654 3026 89 68 als
771 3026 106 68 die
905 3024 237 70 Kunde
1170 3056 125 39 von
1321 3027 126 68 den
1472 3026 245 69 Pariser
1731 3027 522 84 Juliereignissen
2280 3028 135 71 und
2440 3029 108 69 die

342 3113 323 74 Melodien
710 3118 115 69 der
873 3117 385 80 „Stummen
1292 3149 124 39 von
1451 3118 277 70 Portici“
1778 3120 112 68 das
1937 3120 220 83 Signal
2203 3151 147 40 zum
2383 3121 121 71 Auf-

342 3208 217 70 stande
602 3211 199 69 wider
845 3210 107 70 die
997 3211 643 70 stammverwandten
1686 3212 137 69 und
1867 3212 167 70 doch
2081 3244 71 38 so
2196 3214 348 71 verhaßten

345 3296 343 75 Holländer
719 3302 226 83 geben.
992 3302 315 79 Mailand,
1342 3304 201 68 durch
1570 3305 175 67 seine
1768 3305 324 70 Viscontis
2126 3306 136 69 und
2288 3306 255 70 Sforzas

341 3391 173 71 zahm
549 3395 312 83 gemacht,
896 3395 174 69 hatte
1102 3395 134 70 sich
1270 3395 201 70 durch
1495 3395 470 83 Jahrhunderte
1996 3398 91 70 als
2121 3398 202 82 loyale
2355 3399 151 70 habs-

342 3479 330 88 burgische
717 3487 528 69 Provinzialstadt
1289 3485 388 85 aufgeführt.
1752 3488 165 82 Jetzt
1960 3489 151 70 aber
2154 3518 129 42 war
2328 3520 64 40 es
2439 3490 107 70 die

341 3573 343 81 glanzvolle
718 3578 391 85 Hauptstadt
1143 3581 174 68 eines
1353 3579 538 84 napoleonischen
1926 3581 476 72 Nebenreiches
2436 3611 74 55 ge-

340 3694 199 44 wesen
559 3700 15 48 ;
602 3671 113 70 das
743 3672 397 69 italienische
1166 3669 525 86 Nationalgefühl
1717 3702 129 41 war
1871 3675 309 80 erwacht;
2205 3675 114 68 der
2344 3688 169 56 öster-

342 3760 342 73 reichische
708 3763 609 80 Patriarchalismus,
1345 3766 327 69 einstmals
1698 3766 92 70 als
1815 3767 282 73 Wohltat
2124 3766 420 86 empfunden,

341 3852 165 70 ward
553 3857 320 70 nunmehr
919 3859 119 67 mit
1081 3855 560 74 Zähneknirschen
1688 3879 323 66 ertragen;
2057 3860 106 70 die
2206 3862 337 84 grausigen
