3371 4572
885 426 224 53 Eduard
1134 427 280 52 Bernstein
1452 447 21 22 ♦
1519 427 191 52 Völker
1734 445 65 34 zu
1825 428 186 51 Hause

2433 428 105 55 213

431 621 184 70 Indes
630 648 206 43 waren
851 621 111 70 das
978 623 230 68 immer
1222 623 193 81 Fälle,
1443 656 96 39 wo
1557 625 143 70 kein
1720 624 421 84 berechtigtes
2162 621 380 87 Empfinden

339 715 258 71 verletzt
615 714 216 69 wurde
857 714 134 69 und
1016 714 103 70 ich
1145 717 124 67 mir
1292 718 119 68 mit
1435 718 197 70 voller
1650 715 414 85 Überlegung
2091 746 189 53 sagen
2305 715 238 82 durfte,

339 806 120 72 daß
493 804 112 70 der
631 804 404 70 Landessitte
1068 807 327 82 irgendein
1421 809 526 84 unvernünftiges
1981 808 155 70 oder
2169 808 211 69 seiner
2402 836 105 42 ver-

339 897 332 84 nünftigen
714 897 516 85 Voraussetzung
1285 901 285 71 verloren
1627 933 389 54 gegangenes
2056 901 323 71 Vorurteil
2434 931 73 38 zu-

338 988 243 88 grunde
615 988 121 83 lag.
788 988 158 69 Hier
969 990 285 82 dagegen
1287 991 235 71 konnte
1555 1023 122 40 von
1703 995 207 68 einem
1938 993 259 70 solchen
2219 992 324 70 Vorurteil

339 1081 173 71 nicht
555 1081 106 69 die
695 1080 175 71 Rede
917 1081 158 69 sein.
1141 1081 169 70 Dem
1345 1084 240 70 Manne
1630 1114 124 42 war
1787 1087 136 68 sein
1956 1082 588 74 Einschreibebuch

342 1204 136 41 eine
507 1171 330 80 Urkunde,
874 1174 132 68 und
1040 1175 65 69 in
1141 1175 147 67 dem
1313 1175 421 84 Augenblick,
1769 1208 97 41 wo
1891 1180 115 69 der
2032 1176 225 71 Koffer
2282 1179 121 68 mit
2430 1178 114 68 der

341 1267 304 81 richtigen
689 1264 278 70 Adresse
1011 1267 66 67 in
1124 1265 111 70 das
1282 1268 179 70 Buch
1509 1270 400 84 eingetragen
1954 1298 147 51 war,
2145 1298 129 43 war
2317 1269 227 84 gemäß

339 1357 386 86 praktischer
756 1354 361 87 Erfahrung
1150 1388 64 39 in
1250 1388 218 41 seinen
1491 1359 228 87 Augen
1750 1363 104 69 die
1882 1362 516 84 Notwendigkeit
2430 1362 114 70 der

337 1448 413 85 Ausstellung
781 1449 176 69 einer
990 1449 393 70 besonderen
1418 1449 320 86 Quittung
1771 1454 175 69 nicht
1979 1454 183 69 mehr
2192 1454 103 69 da.

424 1536 277 75 Ähnlich
746 1542 151 83 ging
941 1571 64 38 es
1054 1542 165 70 ohne
1251 1540 483 87 Gepäckschein
1778 1546 87 67 im
1903 1545 489 71 Inlandverkehr
2428 1545 116 71 der

338 1632 441 71 Eisenbahnen
811 1632 104 70 bei
949 1634 116 68 der
1096 1634 440 83 Beförderung
1570 1665 122 41 von
1724 1636 435 84 Passagiergut
2205 1668 100 39 zu.
2374 1636 168 70 Kam

339 1757 141 40 man
512 1726 119 68 mit
664 1724 263 85 Gepäck
960 1754 115 41 zur
1106 1726 200 80 Bahn,
1353 1728 109 68 das
1510 1758 146 39 man
1706 1729 175 70 nicht
1927 1730 65 69 in
2037 1730 108 69 das
2181 1729 213 70 Abteil
2428 1731 114 69 des

338 1814 608 88 Eisenbahnwagens
996 1819 273 70 nehmen
1316 1819 257 80 konnte,
1618 1851 73 38 so
1734 1820 279 84 übergab
2054 1851 145 40 man
2234 1852 64 38 es
2335 1823 207 68 einem

338 1909 503 84 Gepäckführer,
877 1909 114 70 der
1024 1940 65 39 es
1123 1910 112 70 auf
1266 1913 240 69 seinem
1542 1912 251 71 kleinen
1828 1912 367 71 Rolikarren
2230 1942 145 40 zum
2412 1912 88 70 Ge-

338 2002 371 85 päckwagen
756 2001 148 69 fuhr
949 2003 133 70 und
1115 2003 145 70 dort
1293 2003 240 71 einlud.
1599 2003 125 69 Am
1757 2002 424 74 Ankunftsort
2214 2007 150 81 ging
2397 2034 147 42 man

338 2124 142 39 zum
531 2092 483 85 Gepäckwagen
1070 2095 133 80 hin,
1270 2096 408 71 bezeichnete
1743 2097 170 69 beim
1962 2096 323 71 Ausladen
2337 2097 207 69 einem

336 2186 238 84 Träger
617 2186 154 70 oder
816 2186 591 71 Rollkarrenführer
1453 2191 136 69 sein
1637 2189 263 83 Gepäck
1946 2190 132 70 und
2129 2187 127 71 ließ
2305 2219 64 39 es
2422 2219 122 41 von

339 2279 129 70 ihm
517 2307 146 40 zum
710 2277 573 86 Bahnhofausgang
1327 2279 364 72 befördern.
1755 2281 134 69 Das
1926 2280 250 71 machte
2210 2280 136 70 sich
2379 2280 165 71 ohne

337 2370 227 70 andere
597 2368 274 72 Gebühr
913 2371 92 69 als
1053 2373 105 68 die
1198 2371 363 84 Bezahlung
1606 2373 111 70 des
1750 2371 272 84 Trägers
2058 2374 153 69 oder
2244 2371 298 80 Führers,

339 2464 149 78 und,
523 2464 120 69 wie
677 2483 236 64 gesagt,
949 2464 165 70 ohne
1146 2465 186 82 jeden
1359 2463 507 85 Gepäckschein.
1901 2464 129 71 Für
2055 2465 348 79 Deutsche,
2436 2465 106 69 die

337 2585 139 39 zum
527 2557 338 68 erstenmal
912 2557 160 68 nach
1115 2556 290 83 England
1448 2557 319 80 kommen,
1815 2559 140 69 eine
1999 2558 207 69 schier
2249 2557 252 70 unheim-

341 2646 158 71 liche
548 2646 227 70 Sache.
851 2646 328 71 Professor
1231 2647 154 71 Karl
1437 2648 489 79 Scherlemmer,
1975 2650 114 67 der
2138 2648 406 70 Mitarbeiter

342 2737 213 85 Henry
582 2737 296 73 Roscoe’s
913 2771 79 40 an
1031 2741 252 70 dessem
1321 2742 239 83 großen
1589 2741 361 71 Handbuch
1975 2741 114 69 der
2115 2740 266 70 Chemie
2408 2742 134 70 und

339 2830 376 71 Duzfreund
772 2862 121 39 von
941 2832 187 69 Marx
1186 2834 131 70 und
1365 2831 253 85 Engels,
1668 2832 340 70 schilderte
2053 2862 118 40 uns
2219 2832 88 68 im
2354 2832 189 82 Jahre

348 2924 145 68 1891
536 2924 146 71 sehr
714 2925 250 83 drollig,
997 2926 121 68 wie
1156 2924 382 70 verzweifelt
1574 2925 106 69 die
1706 2924 349 68 deutschen
2083 2923 459 85 Fachkollegen

339 3043 224 51 waren,
597 3015 90 70 als
724 3017 92 67 sie
849 3015 111 70 auf
991 3017 115 68 der
1139 3015 193 70 Fahrt
1367 3047 122 39 von
1524 3015 268 71 London
1825 3045 148 40 zum
2008 3015 535 73 Internationalen

339 3104 772 87 Naturforscherkongreß
1158 3108 162 70 nach
1365 3107 331 84 Edinburg
1741 3108 99 67 ihr
1873 3105 262 86 Gepäck
2172 3109 114 69 der
2319 3107 186 72 Eisen-

339 3197 163 74 bahn
520 3201 165 68 ohne
703 3199 124 70 den
845 3199 319 86 obligaten
1181 3199 235 72 Schein
1433 3220 415 49 anvertrauen
1868 3198 289 73 mußten.
2195 3199 349 86 „Beruhigt

341 3292 156 70 euch
530 3302 188 70 nur“,
761 3292 163 70 habe
958 3320 67 41 er
1058 3292 192 71 ihnen
1285 3313 238 63 gesagt,
1575 3320 194 52 „euer
1801 3291 263 85 Gepäck
2098 3295 80 67 ist
2210 3293 163 70 auch
2406 3293 138 69 hier

341 3384 270 69 sicherer
643 3385 90 68 als
770 3385 87 67 im
883 3384 414 69 Vaterland“.
1350 3382 111 71 Sie
1485 3384 254 71 wollten
1773 3415 65 38 es
1865 3384 153 69 aber
2042 3385 177 71 nicht
2247 3385 295 82 glauben,

341 3473 91 72 bis
466 3476 104 70 die
605 3476 362 84 Erfahrung
998 3478 181 68 ihren
1204 3475 306 71 Schmerz
1543 3476 219 71 stillte.
1807 3478 138 69 Mir
1970 3478 198 69 selbst
2195 3479 349 81 begegnete

342 3596 60 40 es
430 3570 228 69 einmal
685 3569 113 70 auf
821 3570 114 69 der
951 3569 343 70 Rückreise
1312 3600 123 39 von
1454 3570 115 69 der
1586 3569 323 71 Südküste
1926 3570 161 70 nach
2107 3570 291 79 London,
2417 3569 126 70 daß

339 3657 110 71 der
479 3658 470 88 Gepäckträger
981 3662 254 70 meinen
1270 3659 244 81 Koffer,
1551 3681 152 51 statt
1736 3663 66 70 in
1834 3662 126 70 den
1992 3660 240 84 Wagen
2266 3660 105 70 für
2392 3662 114 70 Vic-

341 3753 153 70 toria
539 3753 251 71 Station
833 3754 176 84 (dem
1044 3753 294 71 Bahnhof
1383 3753 104 70 für
1518 3753 112 71 das
1669 3754 325 72 westliche
2027 3754 299 92 London)
2359 3754 66 72 in
2459 3756 56 68 ir-

342 3846 156 77 gend
531 3847 186 70 einen
747 3846 241 72 andern
1014 3847 237 83 Wagen
1284 3845 264 85 gepackt
1575 3847 196 70 hatte.
1819 3847 234 70 Leider
2078 3847 173 70 hatte
2276 3847 103 73 ich
2406 3875 138 43 ver-
