3520 4572
1020 413 72 59 92

1211 418 73 50 N.
1308 418 257 52 Rubakin
1602 437 20 22 ♦
1655 419 106 51 Die
1783 419 596 66 Günstlingswirtschaft
2406 422 75 49 im
2510 421 241 66 heutigen
2770 422 261 67 Rußland

1018 615 122 70 den
1178 615 327 71 Favoriten
1535 647 79 39 zu
1650 617 289 84 völligem
1972 614 333 87 Eigentum
2340 620 379 83 übergeben.
2767 620 201 71 Unter
2991 620 150 71 Paul
3169 622 48 69 I.

1020 706 498 91 (1796-1801)
1559 734 127 44 war
1728 707 103 69 die
1862 705 535 89 Ausplünderung
2441 710 108 69 des
2584 708 633 72 Nationalreichtums

1019 799 201 71 durch
1244 800 103 69 die
1367 799 328 69 Favoriten
1724 799 164 69 noch
1913 799 398 73 schamloser.
2346 803 159 70 Man
2524 802 180 77 weiß,
2731 803 196 71 welch
2952 806 267 81 traurige

1019 891 177 70 Rolle
1210 911 184 50 unter
1401 891 352 70 Alexander
1765 891 48 68 I.
1828 891 111 70 der
1949 889 341 88 Günstling
2300 893 460 84 Araktschejew
2772 896 133 68 und
2918 894 113 70 der
3043 896 140 70 halb-

1019 981 320 70 verrückte
1375 981 339 70 fanatische
1734 980 467 74 Archimandrit
2224 985 258 71 Photius
2519 983 283 87 spielten.
2839 985 176 71 Eben
3050 986 169 71 diese

1022 1074 226 69 beiden
1281 1074 141 69 sind
1466 1104 86 47 es,
1597 1072 103 71 die
1733 1075 108 70 das
1875 1094 163 51 erste
2066 1076 265 85 Beispiel
2364 1080 170 81 jener
2565 1076 312 71 absurden
2916 1077 303 71 Initiative

1016 1165 220 83 gaben,
1264 1165 145 70 dem
1436 1165 350 70 russischen
1805 1165 159 70 Volk
1988 1168 133 69 und
2147 1169 110 68 der
2281 1169 350 70 russischen
2651 1168 414 72 Gesellschaft
3080 1174 139 66 eine

1018 1255 115 73 Art
1166 1255 320 71 offizieller
1518 1259 338 67 russischer
1886 1258 275 72 Trinität
2190 1260 453 84 aufzuerlegen,
2675 1260 191 70 deren
2899 1260 318 71 Elemente

1016 1349 103 69 die
1132 1347 408 81 Orthodoxie,
1556 1350 101 69 die
1668 1349 364 71 Autokratie
2049 1353 133 69 und
2199 1353 113 69 der
2325 1353 489 70 Nationalismus
2828 1355 130 68 sein
2975 1353 240 70 sollten.

1020 1439 201 70 Unter
1230 1439 349 70 Alexander
1596 1439 78 70 11.
1691 1443 211 67 erwies
1916 1443 132 69 sich
2062 1443 111 70 der
2184 1443 645 86 GünstlingTanejew
2841 1446 143 69 sehr
2995 1446 185 69 schäd-

1016 1532 135 71 lich.
1160 1531 201 71 Unter
1364 1531 350 72 Alexander
1724 1533 103 71 111.
1837 1562 124 42 war
1972 1537 107 67 der
2090 1535 254 71 Einfluß
2354 1538 109 69 des
2473 1536 703 84 Pobjedonoszewmäch-

1015 1625 90 82 tig
1124 1653 227 54 genug,
1387 1626 101 69 die
1514 1625 433 86 Entwicklung
1972 1626 321 72 Rußlands
2320 1660 77 38 zu
2422 1644 353 68 verzögern,
2802 1631 60 81 ja
2886 1631 88 67 sie
2998 1630 182 68 aufzu-

1015 1715 214 71 halten
1255 1715 134 70 und
1413 1747 124 40 von
1564 1717 199 69 ihrem
1789 1716 193 87 Wege
2005 1720 445 83 abzubringen.
2486 1721 124 69 Die
2637 1719 381 72 Geschichte
3042 1721 132 70 Ruß-

1019 1806 175 71 lands
1232 1809 98 77 ist,
1357 1811 117 68 wie
1508 1838 143 39 man
1679 1810 180 76 sieht,
1886 1810 230 70 ebenso
2139 1811 142 68 sehr
2307 1811 100 69 die
2433 1810 378 73 Geschichte
2835 1814 112 67 der
2974 1813 202 70 Günst-

1014 1899 164 84 linge
1212 1903 117 67 wie
1359 1900 103 69 die
1491 1899 111 70 der
1634 1900 404 71 Autokraten.
2067 1902 174 68 Aber
2262 1930 120 41 nur
2407 1904 296 70 während
2726 1904 113 69 der
2864 1904 353 85 Regierung

1015 1989 300 73 Nikolaus
1363 1992 79 68 11.
1490 1992 230 71 konnte
1763 1994 131 68 sich
1944 1993 101 70 die
2088 1993 364 71 Herrschaft
2500 1997 108 67 des
2657 1996 445 71 Favoritismus
3153 2001 62 64 in

1015 2084 202 68 einem
1264 2081 244 72 Glanze
1556 2084 289 79 erheben,
1897 2084 109 70 der
2054 2087 86 67 im
2185 2084 250 87 Europa
2480 2087 107 69 des
2628 2087 104 69 20.
2765 2087 451 81 Jahrhunderts

1015 2173 144 71 alles
1192 2175 288 78 überbot,
1514 2206 122 40 was
1672 2206 141 40 man
1850 2177 94 69 bis
1978 2176 188 71 dahin
2195 2178 265 82 gesehen
2495 2180 188 68 hatte.
2745 2178 131 70 Das
2911 2182 304 69 russische

1013 2265 161 70 Volk
1208 2266 280 70 bezahlte
1521 2270 114 66 mit
1668 2267 377 70 unerhörten
2081 2266 266 86 Opfern,
2383 2289 113 51 mit
2532 2270 331 70 Millionen
2899 2300 120 41 von
3054 2271 122 70 Hin-

1015 2359 391 82 richtungen,
1456 2361 115 68 mit
1617 2359 377 71 Dutzenden
2044 2391 122 39 von
2212 2361 330 70 Millionen
2591 2364 341 68 russischer
2980 2364 234 79 Leben,

1011 2449 102 70 die
1155 2451 86 68 im
1278 2449 258 71 Verlauf
1577 2453 110 68 der
1730 2472 422 63 sogenannten
2204 2453 1011 86 ~Beruhigungs“-Expeditionen

1011 2544 86 68 im
1145 2540 230 72 Innern
1422 2543 109 69 des
1580 2542 248 71 Landes
1875 2544 344 70 vernichtet
2251 2547 279 77 wurden,
2577 2548 115 67 mit
2727 2545 332 72 Millionen
3092 2577 123 40 von

1010 2632 374 80 Menschen,
1419 2634 102 69 die
1559 2637 62 66 in
1658 2633 278 84 blutigen
1970 2633 271 85 Kriegen
2273 2636 200 69 fielen.
2530 2636 83 71 Es
2647 2639 76 66 ist
2756 2637 458 77 wohlbekannt,

1008 2723 128 71 daß
1168 2754 255 53 gewisse
1457 2723 349 80 Favoriten,
1843 2728 116 69 wie
2006 2758 53 36 z.
2088 2727 71 69 B.
2213 2727 315 70 Leutnant
2558 2728 436 79 Bezobrazow,
3029 2730 149 85 Regi-

1009 2817 496 71 mentskamerad
1560 2819 133 68 und
1749 2817 430 85 Zechgenosse
2240 2819 300 71 Nikolaus
2601 2821 103 76 11.,
2769 2824 100 67 ein
2935 2821 279 74 Admiral

1009 2907 333 86 Alexejew,
1400 2912 100 68 ein
1550 2910 209 71 Abaza
1809 2929 141 61 etc.,
2001 2911 164 70 dank
2214 2912 165 70 ihrer
2434 2911 287 80 „kleinen
2767 2914 295 71 Affären“
3113 2944 102 41 am

1009 3000 161 71 Yalu
1220 3001 265 92 (Korea)
1533 3001 294 72 Rußland
1883 3005 63 68 in
2005 3004 121 69 den
2176 3001 193 87 Krieg
2431 3005 165 69 1904
2607 3005 250 70 —1905
2918 3019 296 66 stürzten,

1009 3094 179 69 einen
1213 3092 215 85 Krieg,
1460 3094 113 70 der
1603 3097 139 67 eine
1773 3093 583 86 außergewöhnlich
2382 3097 433 83 schimpfliche
2841 3098 373 85 Niederlage

1009 3187 85 67 im
1104 3183 269 85 Gefolge
1382 3187 188 68 hatte.
1588 3187 257 70 Sodann
1857 3188 102 70 die
1969 3187 334 71 heimliche
2309 3189 317 83 Agitation
2640 3192 283 80 gewisser
2934 3191 245 83 skrupel-

1008 3276 161 70 loser
1201 3276 428 80 Reaktionäre,
1676 3280 100 68 die
1814 3278 201 70 durch
2048 3278 426 85 Vermittlung
2504 3310 120 41 von
2660 3280 419 85 Günstlingen
3113 3283 103 69 die

1009 3367 355 84 Regierung
1408 3370 160 68 dazu
1603 3370 318 80 brachten,
1969 3374 62 66 in
2078 3374 179 67 mehr
2299 3372 89 70 als
2431 3374 234 82 siebzig
2714 3374 261 68 Städten
3007 3374 204 87 (1902

1010 3461 93 70 bis
1133 3461 165 69 1908
1325 3461 132 70 und
1486 3461 197 90 1914)
1701 3462 307 85 Pogrome
2024 3494 77 38 zu
2121 3466 437 81 organisieren.

2646 3465 133 69 Der
2794 3462 422 74 Ex-Direktor

2564 3464 63 89 *)

1100 3620 26 23 ¥
1130 3614 21 66 )
1192 3614 101 55 Die
1328 3612 199 56 Russen
1571 3638 205 33 nennen
1814 3617 244 65 Progrom
2093 3617 91 55 das
2213 3617 347 55 vorbedachte
2589 3616 266 57 Massaker
2881 3619 141 55 einer
3055 3619 132 55 fried-

1004 3690 170 57 lichen
1202 3691 109 57 und
1339 3690 287 57 wehrlosen
1655 3691 356 69 Bevölkerung
2039 3695 166 54 durch
2234 3694 304 55 bewaffnete
2566 3694 232 57 Banden.
2840 3696 102 56 Die
2962 3696 251 66 Pogrome

1004 3765 173 70 gelten
1224 3768 375 67 vorzugsweise
1639 3767 103 56 den
1785 3768 189 67 Juden,
2015 3770 101 57 den
2156 3770 308 56 Armeniern
2506 3770 109 54 und
2656 3771 102 55 den
2793 3771 419 57 Intellektuellen

1004 3845 93 54 der
1137 3843 600 69 Oppositionsparteien.
1803 3845 75 56 Im
1918 3845 153 67 Jahre
2111 3847 135 55 1914
2285 3846 250 56 richteten
2579 3848 73 54 sie
2693 3847 109 57 sich
2836 3848 377 68 gleicherweise
