<?xml version="1.0" encoding="UTF-8"?>
<alto xmlns:xsi="http://www.w3.org/2001/XMLSchema-instance" xmlns="http://www.loc.gov/standards/alto/ns-v2#" xsi:schemaLocation="http://www.loc.gov/standards/alto/ns-v2# http://www.loc.gov/standards/alto/v2/alto-2-0.xsd" xmlns:xlink="http://www.w3.org/1999/xlink">
	<Description>
		<MeasurementUnit>mm10</MeasurementUnit>
		<sourceImageInformation>
			<fileName>./bmtnabr_1917-02_01_0123.jp2</fileName>
		</sourceImageInformation>
		<OCRProcessing ID="OCRPROCESSING_1">
			<preProcessingStep>
				<processingSoftware>
					<softwareCreator>CCS Content Conversion Specialists GmbH, Germany</softwareCreator>
					<softwareName>CCS docWorks</softwareName>
					<softwareVersion>6.8-1.27</softwareVersion>
				</processingSoftware>
			</preProcessingStep>
			<ocrProcessingStep>
				<processingSoftware>
					<softwareCreator>ABBYY (BIT Software), Russia</softwareCreator>
					<softwareName>FineReader</softwareName>
					<softwareVersion>11.0</softwareVersion>
				</processingSoftware>
			</ocrProcessingStep>
			<postProcessingStep>
				<processingSoftware>
					<softwareCreator>CCS Content Conversion Specialists GmbH, Germany</softwareCreator>
					<softwareName>CCS docWorks</softwareName>
					<softwareVersion>6.8-1.27</softwareVersion>
					<applicationDescription>docWorks: Text modified manually, or automatically replaced</applicationDescription>
				</processingSoftware>
			</postProcessingStep>
		</OCRProcessing>
	</Description>
	<Styles>
		<TextStyle ID="TXT_0" FONTSIZE="19" FONTFAMILY="Times New Roman" FONTSTYLE="bold italics"/>
		<TextStyle ID="TXT_1" FONTSIZE="11" FONTFAMILY="Times New Roman"/>
		<TextStyle ID="TXT_2" FONTSIZE="27" FONTFAMILY="Times New Roman"/>
		<TextStyle ID="TXT_3" FONTSIZE="24" FONTFAMILY="Times New Roman"/>
		<ParagraphStyle ID="PAR_LEFT" ALIGN="Left"/>
		<ParagraphStyle ID="PAR_RIGHT" ALIGN="Right"/>
		<ParagraphStyle ID="PAR_BLOCK" ALIGN="Block"/>
	</Styles>
	<Layout>
		<Page ID="P123" PHYSICAL_IMG_NR="123" HEIGHT="4572" WIDTH="3365" PRINTED_IMG_NR="207" PC="0.963">
			<TopMargin ID="P123_TM00001" HPOS="0" VPOS="0" WIDTH="3365" HEIGHT="432">
				<TextBlock ID="P123_TB00001" HPOS="871" VPOS="372" WIDTH="1150" HEIGHT="55" STYLEREFS="TXT_0 PAR_LEFT">
					<TextLine ID="P123_TL00001" HPOS="871" VPOS="373" WIDTH="1150" HEIGHT="54">
						<String ID="P123_ST00001" HPOS="871" VPOS="373" WIDTH="228" HEIGHT="54" CONTENT="Eduard" WC="0.99" CC="006402"/>
						<SP ID="P123_SP00001" HPOS="1099" VPOS="427" WIDTH="29"/>
						<String ID="P123_ST00002" HPOS="1128" VPOS="375" WIDTH="281" HEIGHT="52" CONTENT="Bernstein" WC="0.98" CC="006546625"/>
						<SP ID="P123_SP00002" HPOS="1409" VPOS="427" WIDTH="45"/>
						<String ID="P123_ST00003" HPOS="1454" VPOS="393" WIDTH="22" HEIGHT="23" CONTENT="♦" WC="0.43" CC="5" STYLEREFS="TXT_1"/>
						<SP ID="P123_SP00003" HPOS="1476" VPOS="427" WIDTH="44"/>
						<String ID="P123_ST00004" HPOS="1520" VPOS="375" WIDTH="193" HEIGHT="52" CONTENT="Völker" WC="1.00" CC="030000"/>
						<SP ID="P123_SP00004" HPOS="1713" VPOS="427" WIDTH="27"/>
						<String ID="P123_ST00005" HPOS="1740" VPOS="392" WIDTH="67" HEIGHT="35" CONTENT="zu" WC="0.69" CC="23"/>
						<SP ID="P123_SP00005" HPOS="1807" VPOS="427" WIDTH="27"/>
						<String ID="P123_ST00006" HPOS="1834" VPOS="375" WIDTH="187" HEIGHT="52" CONTENT="Hause" WC="0.96" CC="35349"/>
					</TextLine>
				</TextBlock>
				<TextBlock ID="P123_TB00002" HPOS="2455" VPOS="373" WIDTH="113" HEIGHT="57" STYLEREFS="TXT_2 PAR_RIGHT">
					<TextLine ID="P123_TL00002" HPOS="2455" VPOS="373" WIDTH="113" HEIGHT="57">
						<String ID="P123_ST00007" HPOS="2455" VPOS="373" WIDTH="113" HEIGHT="57" CONTENT="207" WC="1.00" CC="000"/>
					</TextLine>
				</TextBlock>
			</TopMargin>
			<LeftMargin ID="P123_LM00001" HPOS="0" VPOS="432" WIDTH="321" HEIGHT="3943"/>
			<RightMargin ID="P123_RM00001" HPOS="3244" VPOS="432" WIDTH="121" HEIGHT="3943"/>
			<BottomMargin ID="P123_BM00001" HPOS="0" VPOS="4375" WIDTH="3365" HEIGHT="197"/>
			<PrintSpace ID="P123_PS00001" HPOS="321" VPOS="432" WIDTH="2923" HEIGHT="3943">
				<TextBlock ID="P123_TB00003" HPOS="321" VPOS="569" WIDTH="2250" HEIGHT="3355" STYLEREFS="TXT_3 PAR_BLOCK">
					<TextLine ID="P123_TL00003" HPOS="334" VPOS="570" WIDTH="2232" HEIGHT="86">
						<String ID="P123_ST00008" HPOS="334" VPOS="570" WIDTH="621" HEIGHT="86" CONTENT="„Sozialdemokrat“" WC="1.00" CC="2000636900043008"/>
						<SP ID="P123_SP00006" HPOS="955" VPOS="656" WIDTH="51"/>
						<String ID="P123_ST00009" HPOS="1006" VPOS="574" WIDTH="137" HEIGHT="69" CONTENT="und" WC="0.95" CC="309"/>
						<SP ID="P123_SP00007" HPOS="1143" VPOS="656" WIDTH="46"/>
						<String ID="P123_ST00010" HPOS="1189" VPOS="574" WIDTH="169" HEIGHT="69" CONTENT="dann" WC="0.99" CC="0020"/>
						<SP ID="P123_SP00008" HPOS="1358" VPOS="656" WIDTH="48"/>
						<String ID="P123_ST00011" HPOS="1406" VPOS="574" WIDTH="163" HEIGHT="72" CONTENT="auch" WC="0.97" CC="0607"/>
						<SP ID="P123_SP00009" HPOS="1569" VPOS="656" WIDTH="47"/>
						<String ID="P123_ST00012" HPOS="1616" VPOS="575" WIDTH="171" HEIGHT="71" CONTENT="beim" WC="0.98" CC="7040"/>
						<SP ID="P123_SP00010" HPOS="1787" VPOS="656" WIDTH="34"/>
						<String ID="P123_ST00013" HPOS="1821" VPOS="572" WIDTH="258" HEIGHT="73" CONTENT="Suchen" WC="0.99" CC="040702"/>
						<SP ID="P123_SP00011" HPOS="2079" VPOS="656" WIDTH="40"/>
						<String ID="P123_ST00014" HPOS="2119" VPOS="575" WIDTH="172" HEIGHT="68" CONTENT="eines" WC="0.99" CC="06000"/>
						<SP ID="P123_SP00012" HPOS="2291" VPOS="656" WIDTH="33"/>
						<String ID="P123_ST00015" HPOS="2324" VPOS="572" WIDTH="194" HEIGHT="74" CONTENT="Wohn" SUBS_TYPE="HypPart1" SUBS_CONTENT="Wohnhauses" WC="0.99" CC="6000"/>
						<HYP HPOS="2518" VPOS="572" WIDTH="48" CONTENT="-"/>
					</TextLine>
					<TextLine ID="P123_TL00004" HPOS="333" VPOS="663" WIDTH="2238" HEIGHT="76">
						<String ID="P123_ST00016" HPOS="333" VPOS="669" WIDTH="220" HEIGHT="70" CONTENT="hauses" SUBS_TYPE="HypPart2" SUBS_CONTENT="Wohnhauses" WC="0.99" CC="006000"/>
						<SP ID="P123_SP00013" HPOS="553" VPOS="739" WIDTH="44"/>
						<String ID="P123_ST00017" HPOS="597" VPOS="663" WIDTH="107" HEIGHT="71" CONTENT="für" WC="0.98" CC="500"/>
						<SP ID="P123_SP00014" HPOS="704" VPOS="739" WIDTH="43"/>
						<String ID="P123_ST00018" HPOS="747" VPOS="664" WIDTH="171" HEIGHT="71" CONTENT="mich" WC="0.99" CC="0600"/>
						<SP ID="P123_SP00015" HPOS="918" VPOS="739" WIDTH="44"/>
						<String ID="P123_ST00019" HPOS="962" VPOS="666" WIDTH="137" HEIGHT="70" CONTENT="und" WC="0.97" CC="350"/>
						<SP ID="P123_SP00016" HPOS="1099" VPOS="739" WIDTH="45"/>
						<String ID="P123_ST00020" HPOS="1144" VPOS="666" WIDTH="105" HEIGHT="70" CONTENT="die" WC="0.98" CC="060"/>
						<SP ID="P123_SP00017" HPOS="1249" VPOS="739" WIDTH="33"/>
						<String ID="P123_ST00021" HPOS="1282" VPOS="666" WIDTH="264" HEIGHT="73" CONTENT="Meinen" WC="0.99" CC="105000"/>
						<SP ID="P123_SP00018" HPOS="1546" VPOS="739" WIDTH="32"/>
						<String ID="P123_ST00022" HPOS="1578" VPOS="666" WIDTH="240" HEIGHT="73" CONTENT="auffiel." WC="0.99" CC="05611053"/>
						<SP ID="P123_SP00019" HPOS="1818" VPOS="739" WIDTH="67"/>
						<String ID="P123_ST00023" HPOS="1885" VPOS="666" WIDTH="109" HEIGHT="73" CONTENT="Ich" WC="0.95" CC="507"/>
						<SP ID="P123_SP00020" HPOS="1994" VPOS="739" WIDTH="34"/>
						<String ID="P123_ST00024" HPOS="2028" VPOS="666" WIDTH="111" HEIGHT="70" CONTENT="bin" WC="0.95" CC="760"/>
						<SP ID="P123_SP00021" HPOS="2139" VPOS="739" WIDTH="34"/>
						<String ID="P123_ST00025" HPOS="2173" VPOS="665" WIDTH="80" HEIGHT="71" CONTENT="da" WC="1.00" CC="00"/>
						<SP ID="P123_SP00022" HPOS="2253" VPOS="739" WIDTH="32"/>
						<String ID="P123_ST00026" HPOS="2285" VPOS="665" WIDTH="110" HEIGHT="71" CONTENT="auf" WC="0.96" CC="046"/>
						<SP ID="P123_SP00023" HPOS="2395" VPOS="739" WIDTH="35"/>
						<String ID="P123_ST00027" HPOS="2430" VPOS="668" WIDTH="141" HEIGHT="69" CONTENT="eine" WC="0.98" CC="0450"/>
					</TextLine>
					<TextLine ID="P123_TL00005" HPOS="329" VPOS="756" WIDTH="2242" HEIGHT="91">
						<String ID="P123_ST00028" HPOS="329" VPOS="756" WIDTH="666" HEIGHT="86" CONTENT="Vertrauensseligkeit" WC="1.00" CC="0000005000003445060"/>
						<SP ID="P123_SP00024" HPOS="995" VPOS="842" WIDTH="47"/>
						<String ID="P123_ST00029" HPOS="1042" VPOS="758" WIDTH="111" HEIGHT="72" CONTENT="der" WC="0.98" CC="004"/>
						<SP ID="P123_SP00025" HPOS="1153" VPOS="842" WIDTH="46"/>
						<String ID="P123_ST00030" HPOS="1199" VPOS="759" WIDTH="437" HEIGHT="88" CONTENT="Bevölkerung" WC="0.99" CC="00644001305"/>
						<SP ID="P123_SP00026" HPOS="1636" VPOS="847" WIDTH="47"/>
						<String ID="P123_ST00031" HPOS="1683" VPOS="759" WIDTH="328" HEIGHT="88" CONTENT="gestoßen," WC="1.00" CC="000030032"/>
						<SP ID="P123_SP00027" HPOS="2011" VPOS="847" WIDTH="48"/>
						<String ID="P123_ST00032" HPOS="2059" VPOS="760" WIDTH="104" HEIGHT="70" CONTENT="die" WC="0.97" CC="070"/>
						<SP ID="P123_SP00028" HPOS="2163" VPOS="847" WIDTH="44"/>
						<String ID="P123_ST00033" HPOS="2207" VPOS="759" WIDTH="102" HEIGHT="70" CONTENT="ich" WC="0.98" CC="600"/>
						<SP ID="P123_SP00029" HPOS="2309" VPOS="847" WIDTH="34"/>
						<String ID="P123_ST00034" HPOS="2343" VPOS="759" WIDTH="228" HEIGHT="84" CONTENT="gerade" WC="1.00" CC="001000"/>
					</TextLine>
					<TextLine ID="P123_TL00006" HPOS="332" VPOS="850" WIDTH="1925" HEIGHT="89">
						<String ID="P123_ST00035" HPOS="332" VPOS="857" WIDTH="61" HEIGHT="67" CONTENT="in" WC="0.50" CC="72"/>
						<SP ID="P123_SP00030" HPOS="393" VPOS="924" WIDTH="33"/>
						<String ID="P123_ST00036" HPOS="426" VPOS="850" WIDTH="114" HEIGHT="72" CONTENT="der" WC="1.00" CC="000"/>
						<SP ID="P123_SP00031" HPOS="540" VPOS="924" WIDTH="33"/>
						<String ID="P123_ST00037" HPOS="573" VPOS="850" WIDTH="399" HEIGHT="72" CONTENT="Riesenstadt" WC="1.00" CC="06000000000"/>
						<SP ID="P123_SP00032" HPOS="972" VPOS="924" WIDTH="34"/>
						<String ID="P123_ST00038" HPOS="1006" VPOS="850" WIDTH="276" HEIGHT="74" CONTENT="London" WC="1.00" CC="003000"/>
						<SP ID="P123_SP00033" HPOS="1282" VPOS="924" WIDTH="34"/>
						<String ID="P123_ST00039" HPOS="1316" VPOS="882" WIDTH="80" HEIGHT="41" CONTENT="zu" WC="0.49" CC="54"/>
						<SP ID="P123_SP00034" HPOS="1396" VPOS="924" WIDTH="34"/>
						<String ID="P123_ST00040" HPOS="1430" VPOS="854" WIDTH="302" HEIGHT="70" CONTENT="allerletzt" WC="1.00" CC="0240330000"/>
						<SP ID="P123_SP00035" HPOS="1732" VPOS="924" WIDTH="32"/>
						<String ID="P123_ST00041" HPOS="1764" VPOS="853" WIDTH="264" HEIGHT="86" CONTENT="gesucht" WC="1.00" CC="0000000"/>
						<SP ID="P123_SP00036" HPOS="2028" VPOS="939" WIDTH="33"/>
						<String ID="P123_ST00042" HPOS="2061" VPOS="852" WIDTH="196" HEIGHT="72" CONTENT="hätte." WC="1.00" CC="000004"/>
					</TextLine>
					<TextLine ID="P123_TL00007" HPOS="419" VPOS="942" WIDTH="2150" HEIGHT="86">
						<String ID="P123_ST00043" HPOS="419" VPOS="942" WIDTH="121" HEIGHT="72" CONTENT="Wo" WC="0.57" CC="34"/>
						<SP ID="P123_SP00037" HPOS="540" VPOS="1014" WIDTH="33"/>
						<String ID="P123_ST00044" HPOS="573" VPOS="974" WIDTH="65" HEIGHT="39" CONTENT="es" WC="1.00" CC="00"/>
						<SP ID="P123_SP00038" HPOS="638" VPOS="1014" WIDTH="33"/>
						<String ID="P123_ST00045" HPOS="671" VPOS="942" WIDTH="136" HEIGHT="72" CONTENT="sich" WC="0.99" CC="0600"/>
						<SP ID="P123_SP00039" HPOS="807" VPOS="1014" WIDTH="33"/>
						<String ID="P123_ST00046" HPOS="840" VPOS="943" WIDTH="176" HEIGHT="70" CONTENT="nicht" WC="0.99" CC="04000"/>
						<SP ID="P123_SP00040" HPOS="1016" VPOS="1014" WIDTH="26"/>
						<String ID="P123_ST00047" HPOS="1042" VPOS="974" WIDTH="113" HEIGHT="40" CONTENT="um" WC="0.72" CC="50"/>
						<SP ID="P123_SP00041" HPOS="1155" VPOS="1014" WIDTH="35"/>
						<String ID="P123_ST00048" HPOS="1190" VPOS="943" WIDTH="250" HEIGHT="73" CONTENT="Häuser" WC="1.00" CC="000000"/>
						<SP ID="P123_SP00042" HPOS="1440" VPOS="1016" WIDTH="32"/>
						<String ID="P123_ST00049" HPOS="1472" VPOS="947" WIDTH="316" HEIGHT="81" CONTENT="handelte," WC="1.00" CC="001005000"/>
						<SP ID="P123_SP00043" HPOS="1788" VPOS="1028" WIDTH="49"/>
						<String ID="P123_ST00050" HPOS="1837" VPOS="947" WIDTH="104" HEIGHT="71" CONTENT="die" WC="0.97" CC="060"/>
						<SP ID="P123_SP00044" HPOS="1941" VPOS="1028" WIDTH="33"/>
						<String ID="P123_ST00051" HPOS="1974" VPOS="947" WIDTH="165" HEIGHT="71" CONTENT="noch" WC="1.00" CC="0000"/>
						<SP ID="P123_SP00045" HPOS="2139" VPOS="1028" WIDTH="51"/>
						<String ID="P123_ST00052" HPOS="2190" VPOS="944" WIDTH="379" HEIGHT="84" CONTENT="vollständig" WC="1.00" CC="00400001040"/>
					</TextLine>
					<TextLine ID="P123_TL00008" HPOS="332" VPOS="1036" WIDTH="2236" HEIGHT="88">
						<String ID="P123_ST00053" HPOS="332" VPOS="1036" WIDTH="292" HEIGHT="74" CONTENT="bewohnt" WC="1.00" CC="6000000"/>
						<SP ID="P123_SP00046" HPOS="624" VPOS="1110" WIDTH="47"/>
						<String ID="P123_ST00054" HPOS="671" VPOS="1065" WIDTH="241" HEIGHT="51" CONTENT="waren," WC="0.99" CC="202002"/>
						<SP ID="P123_SP00047" HPOS="912" VPOS="1116" WIDTH="64"/>
						<String ID="P123_ST00055" HPOS="976" VPOS="1037" WIDTH="269" HEIGHT="70" CONTENT="standen" WC="1.00" CC="0004000"/>
						<SP ID="P123_SP00048" HPOS="1245" VPOS="1116" WIDTH="60"/>
						<String ID="P123_ST00056" HPOS="1305" VPOS="1038" WIDTH="104" HEIGHT="70" CONTENT="die" WC="0.98" CC="050"/>
						<SP ID="P123_SP00049" HPOS="1409" VPOS="1116" WIDTH="62"/>
						<String ID="P123_ST00057" HPOS="1471" VPOS="1069" WIDTH="114" HEIGHT="42" CONTENT="zur" WC="0.98" CC="021"/>
						<SP ID="P123_SP00050" HPOS="1585" VPOS="1116" WIDTH="46"/>
						<String ID="P123_ST00058" HPOS="1631" VPOS="1040" WIDTH="419" HEIGHT="84" CONTENT="Vermietung" WC="1.00" CC="2000600000"/>
						<SP ID="P123_SP00051" HPOS="2050" VPOS="1124" WIDTH="46"/>
						<String ID="P123_ST00059" HPOS="2096" VPOS="1040" WIDTH="472" HEIGHT="84" CONTENT="ausgebotenen" WC="1.00" CC="040007300103"/>
					</TextLine>
					<TextLine ID="P123_TL00009" HPOS="330" VPOS="1129" WIDTH="2241" HEIGHT="88">
						<String ID="P123_ST00060" HPOS="330" VPOS="1132" WIDTH="268" HEIGHT="77" CONTENT="Häuser," WC="1.00" CC="6000001"/>
						<SP ID="P123_SP00052" HPOS="598" VPOS="1209" WIDTH="36"/>
						<String ID="P123_ST00061" HPOS="634" VPOS="1129" WIDTH="104" HEIGHT="71" CONTENT="die" WC="0.98" CC="060"/>
						<SP ID="P123_SP00053" HPOS="738" VPOS="1209" WIDTH="33"/>
						<String ID="P123_ST00062" HPOS="771" VPOS="1129" WIDTH="104" HEIGHT="72" CONTENT="für" WC="0.96" CC="602"/>
						<SP ID="P123_SP00054" HPOS="875" VPOS="1209" WIDTH="29"/>
						<String ID="P123_ST00063" HPOS="904" VPOS="1159" WIDTH="121" HEIGHT="41" CONTENT="uns" WC="0.98" CC="040"/>
						<SP ID="P123_SP00055" HPOS="1025" VPOS="1209" WIDTH="36"/>
						<String ID="P123_ST00064" HPOS="1061" VPOS="1132" WIDTH="64" HEIGHT="69" CONTENT="in" WC="0.69" CC="60"/>
						<SP ID="P123_SP00056" HPOS="1125" VPOS="1209" WIDTH="27"/>
						<String ID="P123_ST00065" HPOS="1152" VPOS="1130" WIDTH="293" HEIGHT="72" CONTENT="Betracht" WC="1.00" CC="20100070"/>
						<SP ID="P123_SP00057" HPOS="1445" VPOS="1209" WIDTH="33"/>
						<String ID="P123_ST00066" HPOS="1478" VPOS="1131" WIDTH="247" HEIGHT="84" CONTENT="kamen," WC="1.00" CC="000002"/>
						<SP ID="P123_SP00058" HPOS="1725" VPOS="1215" WIDTH="35"/>
						<String ID="P123_ST00067" HPOS="1760" VPOS="1134" WIDTH="380" HEIGHT="83" CONTENT="vollständig" WC="0.99" CC="02500003067"/>
						<SP ID="P123_SP00059" HPOS="2140" VPOS="1217" WIDTH="32"/>
						<String ID="P123_ST00068" HPOS="2172" VPOS="1132" WIDTH="150" HEIGHT="72" CONTENT="leer." WC="0.99" CC="60002"/>
						<SP ID="P123_SP00060" HPOS="2322" VPOS="1217" WIDTH="52"/>
						<String ID="P123_ST00069" HPOS="2374" VPOS="1132" WIDTH="70" HEIGHT="70" CONTENT="In" WC="0.53" CC="54"/>
						<SP ID="P123_SP00061" HPOS="2444" VPOS="1217" WIDTH="34"/>
						<String ID="P123_ST00070" HPOS="2478" VPOS="1134" WIDTH="93" HEIGHT="68" CONTENT="sie" WC="0.97" CC="070"/>
					</TextLine>
					<TextLine ID="P123_TL00010" HPOS="330" VPOS="1220" WIDTH="2241" HEIGHT="85">
						<String ID="P123_ST00071" HPOS="330" VPOS="1225" WIDTH="179" HEIGHT="70" CONTENT="einen" WC="0.99" CC="05202"/>
						<SP ID="P123_SP00062" HPOS="509" VPOS="1295" WIDTH="47"/>
						<String ID="P123_ST00072" HPOS="556" VPOS="1220" WIDTH="340" HEIGHT="74" CONTENT="Hauswart" WC="1.00" CC="00000010"/>
						<SP ID="P123_SP00063" HPOS="896" VPOS="1295" WIDTH="45"/>
						<String ID="P123_ST00073" HPOS="941" VPOS="1223" WIDTH="536" HEIGHT="82" CONTENT="hineinzusetzen," WC="1.00" CC="063061000000012"/>
						<SP ID="P123_SP00064" HPOS="1477" VPOS="1305" WIDTH="48"/>
						<String ID="P123_ST00074" HPOS="1525" VPOS="1224" WIDTH="219" HEIGHT="72" CONTENT="lohnte" WC="1.00" CC="200020"/>
						<SP ID="P123_SP00065" HPOS="1744" VPOS="1305" WIDTH="43"/>
						<String ID="P123_ST00075" HPOS="1787" VPOS="1226" WIDTH="197" HEIGHT="72" CONTENT="nicht." WC="0.99" CC="060002"/>
						<SP ID="P123_SP00066" HPOS="1984" VPOS="1305" WIDTH="71"/>
						<String ID="P123_ST00076" HPOS="2055" VPOS="1225" WIDTH="169" HEIGHT="74" CONTENT="Kam" WC="0.98" CC="500"/>
						<SP ID="P123_SP00067" HPOS="2224" VPOS="1305" WIDTH="47"/>
						<String ID="P123_ST00077" HPOS="2271" VPOS="1256" WIDTH="149" HEIGHT="40" CONTENT="man" WC="0.99" CC="002"/>
						<SP ID="P123_SP00068" HPOS="2420" VPOS="1305" WIDTH="36"/>
						<String ID="P123_ST00078" HPOS="2456" VPOS="1254" WIDTH="115" HEIGHT="45" CONTENT="vor" WC="1.00" CC="000"/>
					</TextLine>
					<TextLine ID="P123_TL00011" HPOS="328" VPOS="1314" WIDTH="2241" HEIGHT="88">
						<String ID="P123_ST00079" HPOS="328" VPOS="1317" WIDTH="173" HEIGHT="72" CONTENT="solch" WC="0.99" CC="02500"/>
						<SP ID="P123_SP00069" HPOS="501" VPOS="1389" WIDTH="24"/>
						<String ID="P123_ST00080" HPOS="525" VPOS="1318" WIDTH="101" HEIGHT="68" CONTENT="ein" WC="0.98" CC="060"/>
						<SP ID="P123_SP00070" HPOS="626" VPOS="1389" WIDTH="28"/>
						<String ID="P123_ST00081" HPOS="654" VPOS="1314" WIDTH="202" HEIGHT="84" CONTENT="Haus," WC="0.99" CC="00500"/>
						<SP ID="P123_SP00071" HPOS="856" VPOS="1398" WIDTH="36"/>
						<String ID="P123_ST00082" HPOS="892" VPOS="1317" WIDTH="170" HEIGHT="71" CONTENT="dann" WC="0.99" CC="0050"/>
						<SP ID="P123_SP00072" HPOS="1062" VPOS="1398" WIDTH="25"/>
						<String ID="P123_ST00083" HPOS="1087" VPOS="1336" WIDTH="177" HEIGHT="66" CONTENT="sagte" WC="1.00" CC="00000"/>
						<SP ID="P123_SP00073" HPOS="1264" VPOS="1402" WIDTH="27"/>
						<String ID="P123_ST00084" HPOS="1291" VPOS="1319" WIDTH="139" HEIGHT="69" CONTENT="eine" WC="0.99" CC="0600"/>
						<SP ID="P123_SP00074" HPOS="1430" VPOS="1402" WIDTH="26"/>
						<String ID="P123_ST00085" HPOS="1456" VPOS="1348" WIDTH="123" HEIGHT="40" CONTENT="von" WC="1.00" CC="000"/>
						<SP ID="P123_SP00075" HPOS="1579" VPOS="1402" WIDTH="26"/>
						<String ID="P123_ST00086" HPOS="1605" VPOS="1320" WIDTH="192" HEIGHT="70" CONTENT="innen" WC="0.99" CC="60000"/>
						<SP ID="P123_SP00076" HPOS="1797" VPOS="1402" WIDTH="26"/>
						<String ID="P123_ST00087" HPOS="1823" VPOS="1350" WIDTH="78" HEIGHT="40" CONTENT="an" WC="1.00" CC="00"/>
						<SP ID="P123_SP00077" HPOS="1901" VPOS="1402" WIDTH="28"/>
						<String ID="P123_ST00088" HPOS="1929" VPOS="1322" WIDTH="207" HEIGHT="71" CONTENT="einem" WC="0.98" CC="06600"/>
						<SP ID="P123_SP00078" HPOS="2136" VPOS="1402" WIDTH="27"/>
						<String ID="P123_ST00089" HPOS="2163" VPOS="1319" WIDTH="114" HEIGHT="71" CONTENT="der" WC="0.98" CC="005"/>
						<SP ID="P123_SP00079" HPOS="2277" VPOS="1402" WIDTH="27"/>
						<String ID="P123_ST00090" HPOS="2304" VPOS="1318" WIDTH="265" HEIGHT="72" CONTENT="Fenster" WC="1.00" CC="0010000"/>
					</TextLine>
					<TextLine ID="P123_TL00012" HPOS="329" VPOS="1407" WIDTH="2238" HEIGHT="90">
						<String ID="P123_ST00091" HPOS="329" VPOS="1409" WIDTH="329" HEIGHT="84" CONTENT="befestigte" WC="0.99" CC="7060006000"/>
						<SP ID="P123_SP00080" HPOS="658" VPOS="1493" WIDTH="25"/>
						<String ID="P123_ST00092" HPOS="683" VPOS="1407" WIDTH="202" HEIGHT="73" CONTENT="Karte" WC="0.99" CC="50000"/>
						<SP ID="P123_SP00081" HPOS="885" VPOS="1493" WIDTH="31"/>
						<String ID="P123_ST00093" HPOS="916" VPOS="1411" WIDTH="157" HEIGHT="69" CONTENT="oder" WC="1.00" CC="0000"/>
						<SP ID="P123_SP00082" HPOS="1073" VPOS="1493" WIDTH="31"/>
						<String ID="P123_ST00094" HPOS="1104" VPOS="1409" WIDTH="268" HEIGHT="87" CONTENT="größere" WC="0.99" CC="0340000"/>
						<SP ID="P123_SP00083" HPOS="1372" VPOS="1496" WIDTH="21"/>
						<String ID="P123_ST00095" HPOS="1393" VPOS="1409" WIDTH="500" HEIGHT="88" CONTENT="Ankündigung," WC="1.00" CC="000000600000"/>
						<SP ID="P123_SP00084" HPOS="1893" VPOS="1497" WIDTH="47"/>
						<String ID="P123_ST00096" HPOS="1940" VPOS="1412" WIDTH="125" HEIGHT="71" CONTENT="daß" WC="1.00" CC="000"/>
						<SP ID="P123_SP00085" HPOS="2065" VPOS="1497" WIDTH="32"/>
						<String ID="P123_ST00097" HPOS="2097" VPOS="1413" WIDTH="116" HEIGHT="70" CONTENT="der" WC="1.00" CC="000"/>
						<SP ID="P123_SP00086" HPOS="2213" VPOS="1497" WIDTH="31"/>
						<String ID="P123_ST00098" HPOS="2244" VPOS="1412" WIDTH="323" HEIGHT="71" CONTENT="Schlüssel" WC="0.99" CC="007300005"/>
					</TextLine>
					<TextLine ID="P123_TL00013" HPOS="328" VPOS="1503" WIDTH="2239" HEIGHT="87">
						<String ID="P123_ST00099" HPOS="328" VPOS="1507" WIDTH="62" HEIGHT="67" CONTENT="in" WC="0.61" CC="70"/>
						<SP ID="P123_SP00087" HPOS="390" VPOS="1574" WIDTH="51"/>
						<String ID="P123_ST00100" HPOS="441" VPOS="1503" WIDTH="220" HEIGHT="84" CONTENT="irgend" WC="0.99" CC="750000"/>
						<SP ID="P123_SP00088" HPOS="661" VPOS="1587" WIDTH="49"/>
						<String ID="P123_ST00101" HPOS="710" VPOS="1505" WIDTH="207" HEIGHT="69" CONTENT="einem" WC="0.99" CC="04200"/>
						<SP ID="P123_SP00089" HPOS="917" VPOS="1587" WIDTH="46"/>
						<String ID="P123_ST00102" HPOS="963" VPOS="1505" WIDTH="114" HEIGHT="69" CONTENT="der" WC="1.00" CC="000"/>
						<SP ID="P123_SP00090" HPOS="1077" VPOS="1587" WIDTH="45"/>
						<String ID="P123_ST00103" HPOS="1122" VPOS="1503" WIDTH="529" HEIGHT="71" CONTENT="Nachbarhäuser" WC="1.00" CC="0000703000003"/>
						<SP ID="P123_SP00091" HPOS="1651" VPOS="1587" WIDTH="50"/>
						<String ID="P123_ST00104" HPOS="1701" VPOS="1507" WIDTH="63" HEIGHT="67" CONTENT="in" WC="0.36" CC="57"/>
						<SP ID="P123_SP00092" HPOS="1764" VPOS="1587" WIDTH="26"/>
						<String ID="P123_ST00105" HPOS="1790" VPOS="1505" WIDTH="434" HEIGHT="85" CONTENT="Verwahrung" WC="1.00" CC="0060000200"/>
						<SP ID="P123_SP00093" HPOS="2224" VPOS="1590" WIDTH="30"/>
						<String ID="P123_ST00106" HPOS="2254" VPOS="1508" WIDTH="111" HEIGHT="79" CONTENT="sei," WC="0.98" CC="0062"/>
						<SP ID="P123_SP00094" HPOS="2365" VPOS="1590" WIDTH="66"/>
						<String ID="P123_ST00107" HPOS="2431" VPOS="1506" WIDTH="136" HEIGHT="71" CONTENT="und" WC="0.99" CC="010"/>
					</TextLine>
					<TextLine ID="P123_TL00014" HPOS="327" VPOS="1595" WIDTH="2241" HEIGHT="75">
						<String ID="P123_ST00108" HPOS="327" VPOS="1597" WIDTH="202" HEIGHT="70" CONTENT="dieser" WC="0.99" CC="050003"/>
						<SP ID="P123_SP00095" HPOS="529" VPOS="1667" WIDTH="22"/>
						<String ID="P123_ST00109" HPOS="551" VPOS="1595" WIDTH="324" HEIGHT="72" CONTENT="Schlüssel" WC="1.00" CC="000200003"/>
						<SP ID="P123_SP00096" HPOS="875" VPOS="1667" WIDTH="27"/>
						<String ID="P123_ST00110" HPOS="902" VPOS="1597" WIDTH="218" HEIGHT="71" CONTENT="wurde" WC="1.00" CC="02000"/>
						<SP ID="P123_SP00097" HPOS="1120" VPOS="1668" WIDTH="33"/>
						<String ID="P123_ST00111" HPOS="1153" VPOS="1628" WIDTH="118" HEIGHT="39" CONTENT="uns" WC="0.99" CC="020"/>
						<SP ID="P123_SP00098" HPOS="1271" VPOS="1668" WIDTH="30"/>
						<String ID="P123_ST00112" HPOS="1301" VPOS="1598" WIDTH="268" HEIGHT="69" CONTENT="zumeist" WC="0.99" CC="0200600"/>
						<SP ID="P123_SP00099" HPOS="1569" VPOS="1668" WIDTH="25"/>
						<String ID="P123_ST00113" HPOS="1594" VPOS="1597" WIDTH="168" HEIGHT="70" CONTENT="ohne" WC="0.98" CC="3032"/>
						<SP ID="P123_SP00100" HPOS="1762" VPOS="1668" WIDTH="23"/>
						<String ID="P123_ST00114" HPOS="1785" VPOS="1600" WIDTH="282" HEIGHT="70" CONTENT="weiteres" WC="1.00" CC="00600300"/>
						<SP ID="P123_SP00101" HPOS="2067" VPOS="1670" WIDTH="26"/>
						<String ID="P123_ST00115" HPOS="2093" VPOS="1600" WIDTH="112" HEIGHT="70" CONTENT="auf" WC="0.97" CC="016"/>
						<SP ID="P123_SP00102" HPOS="2205" VPOS="1670" WIDTH="22"/>
						<String ID="P123_ST00116" HPOS="2227" VPOS="1597" WIDTH="179" HEIGHT="73" CONTENT="Treu" WC="0.99" CC="1200"/>
						<SP ID="P123_SP00103" HPOS="2406" VPOS="1670" WIDTH="25"/>
						<String ID="P123_ST00117" HPOS="2431" VPOS="1600" WIDTH="137" HEIGHT="70" CONTENT="und" WC="0.98" CC="040"/>
					</TextLine>
					<TextLine ID="P123_TL00015" HPOS="327" VPOS="1689" WIDTH="2237" HEIGHT="75">
						<String ID="P123_ST00118" HPOS="327" VPOS="1689" WIDTH="297" HEIGHT="72" CONTENT="Glauben" WC="0.99" CC="2004701"/>
						<SP ID="P123_SP00104" HPOS="624" VPOS="1761" WIDTH="25"/>
						<String ID="P123_ST00119" HPOS="649" VPOS="1709" WIDTH="382" HEIGHT="53" CONTENT="anvertraut." WC="1.00" CC="00003040502"/>
						<SP ID="P123_SP00105" HPOS="1031" VPOS="1762" WIDTH="39"/>
						<String ID="P123_ST00120" HPOS="1070" VPOS="1690" WIDTH="157" HEIGHT="71" CONTENT="Nun" WC="0.98" CC="201"/>
						<SP ID="P123_SP00106" HPOS="1227" VPOS="1762" WIDTH="25"/>
						<String ID="P123_ST00121" HPOS="1252" VPOS="1719" WIDTH="127" HEIGHT="43" CONTENT="war" WC="0.99" CC="001"/>
						<SP ID="P123_SP00107" HPOS="1379" VPOS="1762" WIDTH="33"/>
						<String ID="P123_ST00122" HPOS="1412" VPOS="1689" WIDTH="246" HEIGHT="72" CONTENT="freilich" WC="0.98" CC="50063507"/>
						<SP ID="P123_SP00108" HPOS="1658" VPOS="1762" WIDTH="35"/>
						<String ID="P123_ST00123" HPOS="1693" VPOS="1691" WIDTH="197" HEIGHT="71" CONTENT="selten" WC="1.00" CC="003000"/>
						<SP ID="P123_SP00109" HPOS="1890" VPOS="1762" WIDTH="37"/>
						<String ID="P123_ST00124" HPOS="1927" VPOS="1694" WIDTH="63" HEIGHT="67" CONTENT="in" WC="0.45" CC="64"/>
						<SP ID="P123_SP00110" HPOS="1990" VPOS="1762" WIDTH="27"/>
						<String ID="P123_ST00125" HPOS="2017" VPOS="1694" WIDTH="206" HEIGHT="68" CONTENT="einem" WC="0.99" CC="05000"/>
						<SP ID="P123_SP00111" HPOS="2223" VPOS="1762" WIDTH="26"/>
						<String ID="P123_ST00126" HPOS="2249" VPOS="1692" WIDTH="113" HEIGHT="72" CONTENT="der" WC="1.00" CC="000"/>
						<SP ID="P123_SP00112" HPOS="2362" VPOS="1764" WIDTH="22"/>
						<String ID="P123_ST00127" HPOS="2384" VPOS="1692" WIDTH="135" HEIGHT="72" CONTENT="Häu" SUBS_TYPE="HypPart1" SUBS_CONTENT="Häuser" WC="0.98" CC="003"/>
						<HYP HPOS="2519" VPOS="1692" WIDTH="45" CONTENT="-"/>
					</TextLine>
					<TextLine ID="P123_TL00016" HPOS="327" VPOS="1783" WIDTH="2239" HEIGHT="86">
						<String ID="P123_ST00128" HPOS="327" VPOS="1812" WIDTH="96" HEIGHT="42" CONTENT="ser" SUBS_TYPE="HypPart2" SUBS_CONTENT="Häuser" WC="0.99" CC="001"/>
						<SP ID="P123_SP00113" HPOS="423" VPOS="1854" WIDTH="33"/>
						<String ID="P123_ST00129" HPOS="456" VPOS="1800" WIDTH="186" HEIGHT="54" CONTENT="etwas" WC="1.00" CC="00000"/>
						<SP ID="P123_SP00114" HPOS="642" VPOS="1854" WIDTH="34"/>
						<String ID="P123_ST00130" HPOS="676" VPOS="1783" WIDTH="542" HEIGHT="86" CONTENT="zurückgelassen," WC="1.00" CC="040000005000030"/>
						<SP ID="P123_SP00115" HPOS="1218" VPOS="1869" WIDTH="53"/>
						<String ID="P123_ST00131" HPOS="1271" VPOS="1784" WIDTH="110" HEIGHT="71" CONTENT="das" WC="1.00" CC="000"/>
						<SP ID="P123_SP00116" HPOS="1381" VPOS="1869" WIDTH="47"/>
						<String ID="P123_ST00132" HPOS="1428" VPOS="1784" WIDTH="114" HEIGHT="70" CONTENT="des" WC="1.00" CC="000"/>
						<SP ID="P123_SP00117" HPOS="1542" VPOS="1869" WIDTH="50"/>
						<String ID="P123_ST00133" HPOS="1592" VPOS="1783" WIDTH="438" HEIGHT="71" CONTENT="Mitnehmens" WC="1.00" CC="0305000010"/>
						<SP ID="P123_SP00118" HPOS="2030" VPOS="1869" WIDTH="42"/>
						<String ID="P123_ST00134" HPOS="2072" VPOS="1803" WIDTH="156" HEIGHT="52" CONTENT="wert" WC="0.99" CC="0030"/>
						<SP ID="P123_SP00119" HPOS="2228" VPOS="1869" WIDTH="52"/>
						<String ID="P123_ST00135" HPOS="2280" VPOS="1814" WIDTH="286" HEIGHT="55" CONTENT="gewesen" WC="1.00" CC="0000001"/>
					</TextLine>
					<TextLine ID="P123_TL00017" HPOS="325" VPOS="1877" WIDTH="2243" HEIGHT="86">
						<String ID="P123_ST00136" HPOS="325" VPOS="1891" WIDTH="181" HEIGHT="66" CONTENT="wäre," WC="1.00" CC="00001"/>
						<SP ID="P123_SP00120" HPOS="506" VPOS="1957" WIDTH="49"/>
						<String ID="P123_ST00137" HPOS="555" VPOS="1878" WIDTH="137" HEIGHT="70" CONTENT="und" WC="0.97" CC="620"/>
						<SP ID="P123_SP00121" HPOS="692" VPOS="1957" WIDTH="46"/>
						<String ID="P123_ST00138" HPOS="738" VPOS="1879" WIDTH="102" HEIGHT="69" CONTENT="ein" WC="0.99" CC="030"/>
						<SP ID="P123_SP00122" HPOS="840" VPOS="1957" WIDTH="47"/>
						<String ID="P123_ST00139" HPOS="887" VPOS="1878" WIDTH="322" HEIGHT="71" CONTENT="Schlüssel" WC="1.00" CC="000100006"/>
						<SP ID="P123_SP00123" HPOS="1209" VPOS="1957" WIDTH="51"/>
						<String ID="P123_ST00140" HPOS="1260" VPOS="1879" WIDTH="79" HEIGHT="69" CONTENT="ist" WC="0.97" CC="600"/>
						<SP ID="P123_SP00124" HPOS="1339" VPOS="1957" WIDTH="46"/>
						<String ID="P123_ST00141" HPOS="1385" VPOS="1878" WIDTH="143" HEIGHT="71" CONTENT="kein" WC="0.98" CC="0072"/>
						<SP ID="P123_SP00125" HPOS="1528" VPOS="1957" WIDTH="36"/>
						<String ID="P123_ST00142" HPOS="1564" VPOS="1877" WIDTH="384" HEIGHT="71" CONTENT="besonderer" WC="1.00" CC="7000100200"/>
						<SP ID="P123_SP00126" HPOS="1948" VPOS="1957" WIDTH="30"/>
						<String ID="P123_ST00143" HPOS="1978" VPOS="1877" WIDTH="590" HEIGHT="86" CONTENT="Wertgegenstand." WC="1.00" CC="001000000000303"/>
					</TextLine>
					<TextLine ID="P123_TL00018" HPOS="324" VPOS="1969" WIDTH="2242" HEIGHT="88">
						<String ID="P123_ST00144" HPOS="324" VPOS="1969" WIDTH="174" HEIGHT="71" CONTENT="Aber" WC="1.00" CC="1000"/>
						<SP ID="P123_SP00127" HPOS="498" VPOS="2040" WIDTH="31"/>
						<String ID="P123_ST00145" HPOS="529" VPOS="1999" WIDTH="158" HEIGHT="55" CONTENT="ganz" WC="0.99" CC="0030"/>
						<SP ID="P123_SP00128" HPOS="687" VPOS="2054" WIDTH="32"/>
						<String ID="P123_ST00146" HPOS="719" VPOS="1971" WIDTH="409" HEIGHT="86" CONTENT="gleichgültig" WC="0.99" CC="060406005060"/>
						<SP ID="P123_SP00129" HPOS="1128" VPOS="2057" WIDTH="25"/>
						<String ID="P123_ST00147" HPOS="1153" VPOS="1973" WIDTH="82" HEIGHT="69" CONTENT="ist" WC="0.98" CC="600"/>
						<SP ID="P123_SP00130" HPOS="1235" VPOS="2057" WIDTH="24"/>
						<String ID="P123_ST00148" HPOS="1259" VPOS="2001" WIDTH="65" HEIGHT="41" CONTENT="es" WC="1.00" CC="00"/>
						<SP ID="P123_SP00131" HPOS="1324" VPOS="2057" WIDTH="26"/>
						<String ID="P123_ST00149" HPOS="1350" VPOS="1972" WIDTH="162" HEIGHT="70" CONTENT="auch" WC="0.99" CC="0410"/>
						<SP ID="P123_SP00132" HPOS="1512" VPOS="2057" WIDTH="25"/>
						<String ID="P123_ST00150" HPOS="1537" VPOS="1971" WIDTH="198" HEIGHT="81" CONTENT="nicht," WC="0.99" CC="460004"/>
						<SP ID="P123_SP00133" HPOS="1735" VPOS="2057" WIDTH="34"/>
						<String ID="P123_ST00151" HPOS="1769" VPOS="1972" WIDTH="87" HEIGHT="70" CONTENT="ob" WC="0.58" CC="07"/>
						<SP ID="P123_SP00134" HPOS="1856" VPOS="2057" WIDTH="33"/>
						<String ID="P123_ST00152" HPOS="1889" VPOS="1973" WIDTH="101" HEIGHT="69" CONTENT="ein" WC="0.96" CC="064"/>
						<SP ID="P123_SP00135" HPOS="1990" VPOS="2057" WIDTH="27"/>
						<String ID="P123_ST00153" HPOS="2017" VPOS="1971" WIDTH="549" HEIGHT="81" CONTENT="Patentschlüssel," WC="1.00" CC="0000100275000063"/>
					</TextLine>
					<TextLine ID="P123_TL00019" HPOS="327" VPOS="2063" WIDTH="2242" HEIGHT="83">
						<String ID="P123_ST00154" HPOS="327" VPOS="2094" WIDTH="108" HEIGHT="39" CONTENT="um" WC="0.68" CC="60"/>
						<SP ID="P123_SP00136" HPOS="435" VPOS="2133" WIDTH="27"/>
						<String ID="P123_ST00155" HPOS="462" VPOS="2063" WIDTH="122" HEIGHT="70" CONTENT="den" WC="1.00" CC="000"/>
						<SP ID="P123_SP00137" HPOS="584" VPOS="2133" WIDTH="36"/>
						<String ID="P123_ST00156" HPOS="620" VPOS="2094" WIDTH="63" HEIGHT="40" CONTENT="es" WC="1.00" CC="00"/>
						<SP ID="P123_SP00138" HPOS="683" VPOS="2134" WIDTH="36"/>
						<String ID="P123_ST00157" HPOS="719" VPOS="2065" WIDTH="135" HEIGHT="71" CONTENT="sich" WC="0.99" CC="0400"/>
						<SP ID="P123_SP00139" HPOS="854" VPOS="2136" WIDTH="34"/>
						<String ID="P123_ST00158" HPOS="888" VPOS="2067" WIDTH="269" HEIGHT="69" CONTENT="zumeist" WC="0.99" CC="0300600"/>
						<SP ID="P123_SP00140" HPOS="1157" VPOS="2136" WIDTH="31"/>
						<String ID="P123_ST00159" HPOS="1188" VPOS="2065" WIDTH="184" HEIGHT="71" CONTENT="dabei" WC="0.98" CC="00706"/>
						<SP ID="P123_SP00141" HPOS="1372" VPOS="2136" WIDTH="35"/>
						<String ID="P123_ST00160" HPOS="1407" VPOS="2065" WIDTH="318" HEIGHT="81" CONTENT="handelte," WC="0.99" CC="606006000"/>
						<SP ID="P123_SP00142" HPOS="1725" VPOS="2146" WIDTH="34"/>
						<String ID="P123_ST00161" HPOS="1759" VPOS="2063" WIDTH="338" HEIGHT="73" CONTENT="abhanden" WC="0.99" CC="36000005"/>
						<SP ID="P123_SP00143" HPOS="2097" VPOS="2146" WIDTH="34"/>
						<String ID="P123_ST00162" HPOS="2131" VPOS="2065" WIDTH="268" HEIGHT="80" CONTENT="kommt," WC="1.00" CC="000001"/>
						<SP ID="P123_SP00144" HPOS="2399" VPOS="2146" WIDTH="35"/>
						<String ID="P123_ST00163" HPOS="2434" VPOS="2065" WIDTH="135" HEIGHT="71" CONTENT="und" WC="0.97" CC="510"/>
					</TextLine>
					<TextLine ID="P123_TL00020" HPOS="327" VPOS="2156" WIDTH="2239" HEIGHT="88">
						<String ID="P123_ST00164" HPOS="327" VPOS="2157" WIDTH="81" HEIGHT="70" CONTENT="ob" WC="0.65" CC="07"/>
						<SP ID="P123_SP00145" HPOS="408" VPOS="2227" WIDTH="32"/>
						<String ID="P123_ST00165" HPOS="440" VPOS="2156" WIDTH="132" HEIGHT="74" CONTENT="sich" WC="0.97" CC="0607"/>
						<SP ID="P123_SP00146" HPOS="572" VPOS="2230" WIDTH="33"/>
						<String ID="P123_ST00166" HPOS="605" VPOS="2159" WIDTH="256" HEIGHT="83" CONTENT="jemand" WC="1.00" CC="600000"/>
						<SP ID="P123_SP00147" HPOS="861" VPOS="2242" WIDTH="35"/>
						<String ID="P123_ST00167" HPOS="896" VPOS="2157" WIDTH="104" HEIGHT="73" CONTENT="für" WC="0.96" CC="603"/>
						<SP ID="P123_SP00148" HPOS="1000" VPOS="2242" WIDTH="23"/>
						<String ID="P123_ST00168" HPOS="1023" VPOS="2171" WIDTH="251" HEIGHT="73" CONTENT="spätere" WC="1.00" CC="0000000"/>
						<SP ID="P123_SP00149" HPOS="1274" VPOS="2244" WIDTH="24"/>
						<String ID="P123_ST00169" HPOS="1298" VPOS="2159" WIDTH="380" HEIGHT="85" CONTENT="Benutzung" WC="1.00" CC="000500500"/>
						<SP ID="P123_SP00150" HPOS="1678" VPOS="2244" WIDTH="25"/>
						<String ID="P123_ST00170" HPOS="1703" VPOS="2160" WIDTH="184" HEIGHT="68" CONTENT="einen" WC="0.98" CC="07005"/>
						<SP ID="P123_SP00151" HPOS="1887" VPOS="2244" WIDTH="17"/>
						<String ID="P123_ST00171" HPOS="1904" VPOS="2157" WIDTH="513" HEIGHT="73" CONTENT="Wachsabdruck" WC="1.00" CC="000000704500"/>
						<SP ID="P123_SP00152" HPOS="2417" VPOS="2244" WIDTH="25"/>
						<String ID="P123_ST00172" HPOS="2442" VPOS="2188" WIDTH="124" HEIGHT="42" CONTENT="von" WC="0.98" CC="024"/>
					</TextLine>
					<TextLine ID="P123_TL00021" HPOS="327" VPOS="2249" WIDTH="2239" HEIGHT="87">
						<String ID="P123_ST00173" HPOS="327" VPOS="2250" WIDTH="128" HEIGHT="70" CONTENT="ihm" WC="0.95" CC="470"/>
						<SP ID="P123_SP00153" HPOS="455" VPOS="2320" WIDTH="34"/>
						<String ID="P123_ST00174" HPOS="489" VPOS="2251" WIDTH="271" HEIGHT="80" CONTENT="machte," WC="1.00" CC="0000001"/>
						<SP ID="P123_SP00154" HPOS="760" VPOS="2331" WIDTH="33"/>
						<String ID="P123_ST00175" HPOS="793" VPOS="2282" WIDTH="124" HEIGHT="39" CONTENT="was" WC="1.00" CC="000"/>
						<SP ID="P123_SP00155" HPOS="917" VPOS="2331" WIDTH="34"/>
						<String ID="P123_ST00176" HPOS="951" VPOS="2253" WIDTH="60" HEIGHT="83" CONTENT="ja" WC="0.61" CC="51"/>
						<SP ID="P123_SP00156" HPOS="1011" VPOS="2336" WIDTH="33"/>
						<String ID="P123_ST00177" HPOS="1044" VPOS="2253" WIDTH="139" HEIGHT="68" CONTENT="eine" WC="0.99" CC="0300"/>
						<SP ID="P123_SP00157" HPOS="1183" VPOS="2336" WIDTH="34"/>
						<String ID="P123_ST00178" HPOS="1217" VPOS="2249" WIDTH="225" HEIGHT="72" CONTENT="leichte" WC="0.99" CC="2060000"/>
						<SP ID="P123_SP00158" HPOS="1442" VPOS="2336" WIDTH="26"/>
						<String ID="P123_ST00179" HPOS="1468" VPOS="2250" WIDTH="204" HEIGHT="72" CONTENT="Sache" WC="1.00" CC="00000"/>
						<SP ID="P123_SP00159" HPOS="1672" VPOS="2336" WIDTH="25"/>
						<String ID="P123_ST00180" HPOS="1697" VPOS="2280" WIDTH="286" HEIGHT="55" CONTENT="gewesen" WC="1.00" CC="0000000"/>
						<SP ID="P123_SP00160" HPOS="1983" VPOS="2336" WIDTH="28"/>
						<String ID="P123_ST00181" HPOS="2011" VPOS="2264" WIDTH="184" HEIGHT="58" CONTENT="wäre." WC="1.00" CC="00000"/>
						<SP ID="P123_SP00161" HPOS="2195" VPOS="2336" WIDTH="51"/>
						<String ID="P123_ST00182" HPOS="2246" VPOS="2249" WIDTH="148" HEIGHT="72" CONTENT="Daß" WC="0.98" CC="210"/>
						<SP ID="P123_SP00162" HPOS="2394" VPOS="2336" WIDTH="26"/>
						<String ID="P123_ST00183" HPOS="2420" VPOS="2280" WIDTH="146" HEIGHT="41" CONTENT="man" WC="0.98" CC="004"/>
					</TextLine>
					<TextLine ID="P123_TL00022" HPOS="324" VPOS="2343" WIDTH="2240" HEIGHT="75">
						<String ID="P123_ST00184" HPOS="324" VPOS="2343" WIDTH="311" HEIGHT="72" CONTENT="trotzdem" WC="1.00" CC="20100000"/>
						<SP ID="P123_SP00163" HPOS="635" VPOS="2415" WIDTH="51"/>
						<String ID="P123_ST00185" HPOS="686" VPOS="2347" WIDTH="227" HEIGHT="71" CONTENT="immer" WC="0.99" CC="60000"/>
						<SP ID="P123_SP00164" HPOS="913" VPOS="2418" WIDTH="47"/>
						<String ID="P123_ST00186" HPOS="960" VPOS="2345" WIDTH="233" HEIGHT="70" CONTENT="wieder" WC="1.00" CC="030000"/>
						<SP ID="P123_SP00165" HPOS="1193" VPOS="2418" WIDTH="43"/>
						<String ID="P123_ST00187" HPOS="1236" VPOS="2374" WIDTH="119" HEIGHT="41" CONTENT="uns" WC="1.00" CC="000"/>
						<SP ID="P123_SP00166" HPOS="1355" VPOS="2418" WIDTH="50"/>
						<String ID="P123_ST00188" HPOS="1405" VPOS="2344" WIDTH="467" HEIGHT="71" CONTENT="Wildfremden" WC="0.99" CC="06506300000"/>
						<SP ID="P123_SP00167" HPOS="1872" VPOS="2418" WIDTH="47"/>
						<String ID="P123_ST00189" HPOS="1919" VPOS="2345" WIDTH="470" HEIGHT="73" CONTENT="unbedenklich" WC="0.99" CC="407000506400"/>
						<SP ID="P123_SP00168" HPOS="2389" VPOS="2418" WIDTH="50"/>
						<String ID="P123_ST00190" HPOS="2439" VPOS="2345" WIDTH="125" HEIGHT="71" CONTENT="den" WC="1.00" CC="000"/>
					</TextLine>
					<TextLine ID="P123_TL00023" HPOS="325" VPOS="2437" WIDTH="2241" HEIGHT="87">
						<String ID="P123_ST00191" HPOS="325" VPOS="2437" WIDTH="315" HEIGHT="72" CONTENT="Schlüssel" WC="1.00" CC="000600004"/>
						<SP ID="P123_SP00169" HPOS="640" VPOS="2509" WIDTH="36"/>
						<String ID="P123_ST00192" HPOS="676" VPOS="2439" WIDTH="117" HEIGHT="71" CONTENT="mit" WC="0.97" CC="070"/>
						<SP ID="P123_SP00170" HPOS="793" VPOS="2510" WIDTH="34"/>
						<String ID="P123_ST00193" HPOS="827" VPOS="2439" WIDTH="116" HEIGHT="70" CONTENT="der" WC="1.00" CC="000"/>
						<SP ID="P123_SP00171" HPOS="943" VPOS="2510" WIDTH="29"/>
						<String ID="P123_ST00194" HPOS="972" VPOS="2438" WIDTH="169" HEIGHT="71" CONTENT="Bitte" WC="0.98" CC="47000"/>
						<SP ID="P123_SP00172" HPOS="1141" VPOS="2510" WIDTH="31"/>
						<String ID="P123_ST00195" HPOS="1172" VPOS="2438" WIDTH="143" HEIGHT="86" CONTENT="gab," WC="0.98" CC="0073"/>
						<SP ID="P123_SP00173" HPOS="1315" VPOS="2524" WIDTH="34"/>
						<String ID="P123_ST00196" HPOS="1349" VPOS="2468" WIDTH="121" HEIGHT="40" CONTENT="uns" WC="0.98" CC="400"/>
						<SP ID="P123_SP00174" HPOS="1470" VPOS="2524" WIDTH="35"/>
						<String ID="P123_ST00197" HPOS="1505" VPOS="2441" WIDTH="206" HEIGHT="67" CONTENT="seiner" WC="0.99" CC="006005"/>
						<SP ID="P123_SP00175" HPOS="1711" VPOS="2524" WIDTH="33"/>
						<String ID="P123_ST00198" HPOS="1744" VPOS="2438" WIDTH="194" HEIGHT="71" CONTENT="selbst" WC="1.00" CC="003000"/>
						<SP ID="P123_SP00176" HPOS="1938" VPOS="2524" WIDTH="32"/>
						<String ID="P123_ST00199" HPOS="1970" VPOS="2468" WIDTH="80" HEIGHT="40" CONTENT="zu" WC="0.95" CC="00"/>
						<SP ID="P123_SP00177" HPOS="2050" VPOS="2524" WIDTH="33"/>
						<String ID="P123_ST00200" HPOS="2083" VPOS="2437" WIDTH="314" HEIGHT="71" CONTENT="bedienen" WC="1.00" CC="00070000"/>
						<SP ID="P123_SP00178" HPOS="2397" VPOS="2524" WIDTH="35"/>
						<String ID="P123_ST00201" HPOS="2432" VPOS="2438" WIDTH="134" HEIGHT="70" CONTENT="und" WC="1.00" CC="000"/>
					</TextLine>
					<TextLine ID="P123_TL00024" HPOS="325" VPOS="2529" WIDTH="2238" HEIGHT="87">
						<String ID="P123_ST00202" HPOS="325" VPOS="2529" WIDTH="107" HEIGHT="72" CONTENT="ihn" WC="0.95" CC="670"/>
						<SP ID="P123_SP00179" HPOS="432" VPOS="2601" WIDTH="27"/>
						<String ID="P123_ST00203" HPOS="459" VPOS="2529" WIDTH="169" HEIGHT="72" CONTENT="dann" WC="1.00" CC="0000"/>
						<SP ID="P123_SP00180" HPOS="628" VPOS="2601" WIDTH="26"/>
						<String ID="P123_ST00204" HPOS="654" VPOS="2531" WIDTH="611" HEIGHT="85" CONTENT="zurückzubringen," WC="1.00" CC="0220000071620072"/>
						<SP ID="P123_SP00181" HPOS="1265" VPOS="2616" WIDTH="33"/>
						<String ID="P123_ST00205" HPOS="1298" VPOS="2557" WIDTH="127" HEIGHT="46" CONTENT="war" WC="0.98" CC="006"/>
						<SP ID="P123_SP00182" HPOS="1425" VPOS="2616" WIDTH="33"/>
						<String ID="P123_ST00206" HPOS="1458" VPOS="2561" WIDTH="121" HEIGHT="40" CONTENT="uns" WC="0.98" CC="600"/>
						<SP ID="P123_SP00183" HPOS="1579" VPOS="2616" WIDTH="25"/>
						<String ID="P123_ST00207" HPOS="1604" VPOS="2529" WIDTH="197" HEIGHT="73" CONTENT="daher" WC="0.99" CC="00603"/>
						<SP ID="P123_SP00184" HPOS="1801" VPOS="2616" WIDTH="32"/>
						<String ID="P123_ST00208" HPOS="1833" VPOS="2532" WIDTH="140" HEIGHT="69" CONTENT="eine" WC="0.99" CC="0300"/>
						<SP ID="P123_SP00185" HPOS="1973" VPOS="2616" WIDTH="24"/>
						<String ID="P123_ST00209" HPOS="1997" VPOS="2529" WIDTH="329" HEIGHT="72" CONTENT="ziemliche" WC="1.00" CC="000037000"/>
						<SP ID="P123_SP00186" HPOS="2326" VPOS="2616" WIDTH="26"/>
						<String ID="P123_ST00210" HPOS="2352" VPOS="2529" WIDTH="169" HEIGHT="73" CONTENT="Über" SUBS_TYPE="HypPart1" SUBS_CONTENT="Überraschung." WC="0.98" CC="0700"/>
						<HYP HPOS="2521" VPOS="2529" WIDTH="42" CONTENT="-"/>
					</TextLine>
					<TextLine ID="P123_TL00025" HPOS="327" VPOS="2622" WIDTH="2239" HEIGHT="88">
						<String ID="P123_ST00211" HPOS="327" VPOS="2623" WIDTH="330" HEIGHT="87" CONTENT="raschung." SUBS_TYPE="HypPart2" SUBS_CONTENT="Überraschung." WC="1.00" CC="100004402"/>
						<SP ID="P123_SP00187" HPOS="657" VPOS="2710" WIDTH="66"/>
						<String ID="P123_ST00212" HPOS="723" VPOS="2625" WIDTH="157" HEIGHT="72" CONTENT="Und" WC="0.98" CC="310"/>
						<SP ID="P123_SP00188" HPOS="880" VPOS="2710" WIDTH="51"/>
						<String ID="P123_ST00213" HPOS="931" VPOS="2656" WIDTH="65" HEIGHT="41" CONTENT="es" WC="1.00" CC="00"/>
						<SP ID="P123_SP00189" HPOS="996" VPOS="2710" WIDTH="47"/>
						<String ID="P123_ST00214" HPOS="1043" VPOS="2626" WIDTH="79" HEIGHT="70" CONTENT="ist" WC="0.97" CC="700"/>
						<SP ID="P123_SP00190" HPOS="1122" VPOS="2710" WIDTH="50"/>
						<String ID="P123_ST00215" HPOS="1172" VPOS="2653" WIDTH="124" HEIGHT="43" CONTENT="nur" WC="0.96" CC="252"/>
						<SP ID="P123_SP00191" HPOS="1296" VPOS="2710" WIDTH="44"/>
						<String ID="P123_ST00216" HPOS="1340" VPOS="2626" WIDTH="100" HEIGHT="69" CONTENT="ein" WC="0.97" CC="071"/>
						<SP ID="P123_SP00192" HPOS="1440" VPOS="2710" WIDTH="46"/>
						<String ID="P123_ST00217" HPOS="1486" VPOS="2623" WIDTH="272" HEIGHT="85" CONTENT="Beispiel" WC="0.99" CC="10600605"/>
						<SP ID="P123_SP00193" HPOS="1758" VPOS="2710" WIDTH="46"/>
						<String ID="P123_ST00218" HPOS="1804" VPOS="2623" WIDTH="208" HEIGHT="80" CONTENT="dafür," WC="0.99" CC="006000"/>
						<SP ID="P123_SP00194" HPOS="2012" VPOS="2710" WIDTH="47"/>
						<String ID="P123_ST00219" HPOS="2059" VPOS="2625" WIDTH="126" HEIGHT="70" CONTENT="daß" WC="1.00" CC="000"/>
						<SP ID="P123_SP00195" HPOS="2185" VPOS="2710" WIDTH="31"/>
						<String ID="P123_ST00220" HPOS="2216" VPOS="2622" WIDTH="179" HEIGHT="73" CONTENT="Treu" WC="0.98" CC="0404"/>
						<SP ID="P123_SP00196" HPOS="2395" VPOS="2710" WIDTH="32"/>
						<String ID="P123_ST00221" HPOS="2427" VPOS="2625" WIDTH="139" HEIGHT="71" CONTENT="und" WC="1.00" CC="010"/>
					</TextLine>
					<TextLine ID="P123_TL00026" HPOS="325" VPOS="2715" WIDTH="2241" HEIGHT="87">
						<String ID="P123_ST00222" HPOS="325" VPOS="2715" WIDTH="292" HEIGHT="73" CONTENT="Glauben" WC="0.99" CC="0306702"/>
						<SP ID="P123_SP00197" HPOS="617" VPOS="2788" WIDTH="54"/>
						<String ID="P123_ST00223" HPOS="671" VPOS="2720" WIDTH="63" HEIGHT="68" CONTENT="in" WC="0.64" CC="70"/>
						<SP ID="P123_SP00198" HPOS="734" VPOS="2788" WIDTH="46"/>
						<String ID="P123_ST00224" HPOS="780" VPOS="2719" WIDTH="116" HEIGHT="69" CONTENT="der" WC="1.00" CC="000"/>
						<SP ID="P123_SP00199" HPOS="896" VPOS="2788" WIDTH="44"/>
						<String ID="P123_ST00225" HPOS="940" VPOS="2717" WIDTH="438" HEIGHT="85" CONTENT="Bevölkerung" WC="1.00" CC="00004000320"/>
						<SP ID="P123_SP00200" HPOS="1378" VPOS="2802" WIDTH="33"/>
						<String ID="P123_ST00226" HPOS="1411" VPOS="2716" WIDTH="305" HEIGHT="71" CONTENT="Londons" WC="1.00" CC="0000000"/>
						<SP ID="P123_SP00201" HPOS="1716" VPOS="2802" WIDTH="47"/>
						<String ID="P123_ST00227" HPOS="1763" VPOS="2719" WIDTH="63" HEIGHT="67" CONTENT="in" WC="0.61" CC="70"/>
						<SP ID="P123_SP00202" HPOS="1826" VPOS="2802" WIDTH="47"/>
						<String ID="P123_ST00228" HPOS="1873" VPOS="2716" WIDTH="121" HEIGHT="71" CONTENT="viel" WC="0.97" CC="0706"/>
						<SP ID="P123_SP00203" HPOS="1994" VPOS="2802" WIDTH="36"/>
						<String ID="P123_ST00229" HPOS="2030" VPOS="2716" WIDTH="301" HEIGHT="71" CONTENT="höherem" WC="0.99" CC="7070000"/>
						<SP ID="P123_SP00204" HPOS="2331" VPOS="2802" WIDTH="34"/>
						<String ID="P123_ST00230" HPOS="2365" VPOS="2716" WIDTH="201" HEIGHT="71" CONTENT="Maße" WC="1.00" CC="0000"/>
					</TextLine>
					<TextLine ID="P123_TL00027" HPOS="324" VPOS="2809" WIDTH="2239" HEIGHT="86">
						<String ID="P123_ST00231" HPOS="324" VPOS="2810" WIDTH="130" HEIGHT="85" CONTENT="gilt," WC="0.99" CC="04103"/>
						<SP ID="P123_SP00205" HPOS="454" VPOS="2895" WIDTH="33"/>
						<String ID="P123_ST00232" HPOS="487" VPOS="2811" WIDTH="90" HEIGHT="71" CONTENT="als" WC="1.00" CC="000"/>
						<SP ID="P123_SP00206" HPOS="577" VPOS="2895" WIDTH="37"/>
						<String ID="P123_ST00233" HPOS="614" VPOS="2843" WIDTH="146" HEIGHT="39" CONTENT="man" WC="0.98" CC="003"/>
						<SP ID="P123_SP00207" HPOS="760" VPOS="2895" WIDTH="29"/>
						<String ID="P123_ST00234" HPOS="789" VPOS="2811" WIDTH="159" HEIGHT="73" CONTENT="nach" WC="1.00" CC="0000"/>
						<SP ID="P123_SP00208" HPOS="948" VPOS="2895" WIDTH="24"/>
						<String ID="P123_ST00235" HPOS="972" VPOS="2813" WIDTH="147" HEIGHT="71" CONTENT="dem" WC="1.00" CC="000"/>
						<SP ID="P123_SP00209" HPOS="1119" VPOS="2895" WIDTH="25"/>
						<String ID="P123_ST00236" HPOS="1144" VPOS="2811" WIDTH="227" HEIGHT="80" CONTENT="vielen," WC="0.99" CC="0602034"/>
						<SP ID="P123_SP00210" HPOS="1371" VPOS="2895" WIDTH="34"/>
						<String ID="P123_ST00237" HPOS="1405" VPOS="2841" WIDTH="124" HEIGHT="40" CONTENT="was" WC="1.00" CC="000"/>
						<SP ID="P123_SP00211" HPOS="1529" VPOS="2895" WIDTH="28"/>
						<String ID="P123_ST00238" HPOS="1557" VPOS="2841" WIDTH="146" HEIGHT="39" CONTENT="man" WC="1.00" CC="000"/>
						<SP ID="P123_SP00212" HPOS="1703" VPOS="2895" WIDTH="27"/>
						<String ID="P123_ST00239" HPOS="1730" VPOS="2810" WIDTH="160" HEIGHT="71" CONTENT="über" WC="0.98" CC="0700"/>
						<SP ID="P123_SP00213" HPOS="1890" VPOS="2895" WIDTH="22"/>
						<String ID="P123_ST00240" HPOS="1912" VPOS="2810" WIDTH="224" HEIGHT="70" CONTENT="dessen" WC="1.00" CC="000000"/>
						<SP ID="P123_SP00214" HPOS="2136" VPOS="2895" WIDTH="28"/>
						<String ID="P123_ST00241" HPOS="2164" VPOS="2809" WIDTH="399" HEIGHT="86" CONTENT="Spitzbuben" WC="0.99" CC="0060004057"/>
					</TextLine>
					<TextLine ID="P123_TL00028" HPOS="325" VPOS="2903" WIDTH="1383" HEIGHT="86">
						<String ID="P123_ST00242" HPOS="325" VPOS="2903" WIDTH="243" HEIGHT="84" CONTENT="gelesen" WC="1.00" CC="0060000"/>
						<SP ID="P123_SP00215" HPOS="568" VPOS="2987" WIDTH="38"/>
						<String ID="P123_ST00243" HPOS="606" VPOS="2905" WIDTH="127" HEIGHT="80" CONTENT="hat," WC="0.98" CC="7002"/>
						<SP ID="P123_SP00216" HPOS="733" VPOS="2987" WIDTH="34"/>
						<String ID="P123_ST00244" HPOS="767" VPOS="2905" WIDTH="441" HEIGHT="71" CONTENT="anzunehmen" WC="1.00" CC="0001000000"/>
						<SP ID="P123_SP00217" HPOS="1208" VPOS="2987" WIDTH="36"/>
						<String ID="P123_ST00245" HPOS="1244" VPOS="2905" WIDTH="246" HEIGHT="84" CONTENT="geneigt" WC="0.99" CC="0030600"/>
						<SP ID="P123_SP00218" HPOS="1490" VPOS="2989" WIDTH="33"/>
						<String ID="P123_ST00246" HPOS="1523" VPOS="2917" WIDTH="185" HEIGHT="57" CONTENT="wäre." WC="1.00" CC="00100"/>
					</TextLine>
					<TextLine ID="P123_TL00029" HPOS="414" VPOS="2995" WIDTH="2149" HEIGHT="87">
						<String ID="P123_ST00247" HPOS="414" VPOS="2997" WIDTH="88" HEIGHT="73" CONTENT="So" WC="0.90" CC="01"/>
						<SP ID="P123_SP00219" HPOS="502" VPOS="3070" WIDTH="44"/>
						<String ID="P123_ST00248" HPOS="546" VPOS="2999" WIDTH="173" HEIGHT="71" CONTENT="hatte" WC="1.00" CC="00000"/>
						<SP ID="P123_SP00220" HPOS="719" VPOS="3070" WIDTH="46"/>
						<String ID="P123_ST00249" HPOS="765" VPOS="2999" WIDTH="100" HEIGHT="71" CONTENT="ich" WC="0.98" CC="500"/>
						<SP ID="P123_SP00221" HPOS="865" VPOS="3070" WIDTH="50"/>
						<String ID="P123_ST00250" HPOS="915" VPOS="2998" WIDTH="381" HEIGHT="72" CONTENT="mancherlei" WC="1.00" CC="0000002306"/>
						<SP ID="P123_SP00222" HPOS="1296" VPOS="3070" WIDTH="35"/>
						<String ID="P123_ST00251" HPOS="1331" VPOS="2995" WIDTH="436" HEIGHT="87" CONTENT="Gelegenheit," WC="1.00" CC="001000400603"/>
						<SP ID="P123_SP00223" HPOS="1767" VPOS="3082" WIDTH="47"/>
						<String ID="P123_ST00252" HPOS="1814" VPOS="3026" WIDTH="79" HEIGHT="42" CONTENT="an" WC="0.76" CC="04"/>
						<SP ID="P123_SP00224" HPOS="1893" VPOS="3082" WIDTH="43"/>
						<String ID="P123_ST00253" HPOS="1936" VPOS="2998" WIDTH="122" HEIGHT="70" CONTENT="mir" WC="0.98" CC="060"/>
						<SP ID="P123_SP00225" HPOS="2058" VPOS="3082" WIDTH="48"/>
						<String ID="P123_ST00254" HPOS="2106" VPOS="2995" WIDTH="195" HEIGHT="72" CONTENT="selbst" WC="0.99" CC="013700"/>
						<SP ID="P123_SP00226" HPOS="2301" VPOS="3082" WIDTH="35"/>
						<String ID="P123_ST00255" HPOS="2336" VPOS="3026" WIDTH="80" HEIGHT="42" CONTENT="zu" WC="1.00" CC="00"/>
						<SP ID="P123_SP00227" HPOS="2416" VPOS="3082" WIDTH="48"/>
						<String ID="P123_ST00256" HPOS="2464" VPOS="3025" WIDTH="66" HEIGHT="43" CONTENT="er" SUBS_TYPE="HypPart1" SUBS_CONTENT="erfahren," WC="0.98" CC="00"/>
						<HYP HPOS="2530" VPOS="3025" WIDTH="33" CONTENT="-"/>
					</TextLine>
					<TextLine ID="P123_TL00030" HPOS="325" VPOS="3089" WIDTH="2239" HEIGHT="86">
						<String ID="P123_ST00257" HPOS="325" VPOS="3089" WIDTH="238" HEIGHT="84" CONTENT="fahren," SUBS_TYPE="HypPart2" SUBS_CONTENT="erfahren," WC="0.98" CC="7070052"/>
						<SP ID="P123_SP00228" HPOS="563" VPOS="3173" WIDTH="48"/>
						<String ID="P123_ST00258" HPOS="611" VPOS="3092" WIDTH="128" HEIGHT="72" CONTENT="daß" WC="1.00" CC="000"/>
						<SP ID="P123_SP00229" HPOS="739" VPOS="3173" WIDTH="33"/>
						<String ID="P123_ST00259" HPOS="772" VPOS="3122" WIDTH="148" HEIGHT="41" CONTENT="man" WC="1.00" CC="000"/>
						<SP ID="P123_SP00230" HPOS="920" VPOS="3173" WIDTH="35"/>
						<String ID="P123_ST00260" HPOS="955" VPOS="3095" WIDTH="64" HEIGHT="68" CONTENT="in" WC="0.79" CC="40"/>
						<SP ID="P123_SP00231" HPOS="1019" VPOS="3173" WIDTH="34"/>
						<String ID="P123_ST00261" HPOS="1053" VPOS="3091" WIDTH="291" HEIGHT="84" CONTENT="England" WC="1.00" CC="1203000"/>
						<SP ID="P123_SP00232" HPOS="1344" VPOS="3175" WIDTH="33"/>
						<String ID="P123_ST00262" HPOS="1377" VPOS="3092" WIDTH="118" HEIGHT="69" CONTENT="mit" WC="0.98" CC="050"/>
						<SP ID="P123_SP00233" HPOS="1495" VPOS="3175" WIDTH="32"/>
						<String ID="P123_ST00263" HPOS="1527" VPOS="3089" WIDTH="120" HEIGHT="72" CONTENT="viel" WC="0.98" CC="0604"/>
						<SP ID="P123_SP00234" HPOS="1647" VPOS="3175" WIDTH="33"/>
						<String ID="P123_ST00264" HPOS="1680" VPOS="3092" WIDTH="277" HEIGHT="83" CONTENT="weniger" WC="1.00" CC="0013000"/>
						<SP ID="P123_SP00235" HPOS="1957" VPOS="3175" WIDTH="32"/>
						<String ID="P123_ST00265" HPOS="1989" VPOS="3089" WIDTH="475" HEIGHT="73" CONTENT="Schriftlichem" WC="1.00" CC="0005560460000"/>
						<SP ID="P123_SP00236" HPOS="2464" VPOS="3175" WIDTH="34"/>
						<String ID="P123_ST00266" HPOS="2498" VPOS="3092" WIDTH="66" HEIGHT="70" CONTENT="in" WC="0.69" CC="60"/>
					</TextLine>
					<TextLine ID="P123_TL00031" HPOS="327" VPOS="3182" WIDTH="2237" HEIGHT="88">
						<String ID="P123_ST00267" HPOS="327" VPOS="3182" WIDTH="246" HEIGHT="75" CONTENT="Handel" WC="1.00" CC="001002"/>
						<SP ID="P123_SP00237" HPOS="573" VPOS="3257" WIDTH="50"/>
						<String ID="P123_ST00268" HPOS="623" VPOS="3186" WIDTH="138" HEIGHT="71" CONTENT="und" WC="0.99" CC="200"/>
						<SP ID="P123_SP00238" HPOS="761" VPOS="3257" WIDTH="33"/>
						<String ID="P123_ST00269" HPOS="794" VPOS="3185" WIDTH="265" HEIGHT="73" CONTENT="Wandel" WC="0.99" CC="000006"/>
						<SP ID="P123_SP00239" HPOS="1059" VPOS="3258" WIDTH="45"/>
						<String ID="P123_ST00270" HPOS="1104" VPOS="3185" WIDTH="381" HEIGHT="78" CONTENT="auskommt," WC="1.00" CC="050000002"/>
						<SP ID="P123_SP00240" HPOS="1485" VPOS="3263" WIDTH="58"/>
						<String ID="P123_ST00271" HPOS="1543" VPOS="3183" WIDTH="92" HEIGHT="70" CONTENT="als" WC="0.98" CC="060"/>
						<SP ID="P123_SP00241" HPOS="1635" VPOS="3263" WIDTH="48"/>
						<String ID="P123_ST00272" HPOS="1683" VPOS="3182" WIDTH="104" HEIGHT="71" CONTENT="ich" WC="0.97" CC="600"/>
						<SP ID="P123_SP00242" HPOS="1787" VPOS="3263" WIDTH="33"/>
						<String ID="P123_ST00273" HPOS="1820" VPOS="3214" WIDTH="65" HEIGHT="39" CONTENT="es" WC="1.00" CC="00"/>
						<SP ID="P123_SP00243" HPOS="1885" VPOS="3263" WIDTH="33"/>
						<String ID="P123_ST00274" HPOS="1918" VPOS="3213" WIDTH="126" HEIGHT="40" CONTENT="von" WC="1.00" CC="000"/>
						<SP ID="P123_SP00244" HPOS="2044" VPOS="3263" WIDTH="35"/>
						<String ID="P123_ST00275" HPOS="2079" VPOS="3213" WIDTH="79" HEIGHT="40" CONTENT="zu" WC="0.86" CC="02"/>
						<SP ID="P123_SP00245" HPOS="2158" VPOS="3263" WIDTH="37"/>
						<String ID="P123_ST00276" HPOS="2195" VPOS="3182" WIDTH="218" HEIGHT="74" CONTENT="Hause" WC="1.00" CC="00000"/>
						<SP ID="P123_SP00246" HPOS="2413" VPOS="3263" WIDTH="43"/>
						<String ID="P123_ST00277" HPOS="2456" VPOS="3214" WIDTH="72" HEIGHT="56" CONTENT="ge" SUBS_TYPE="HypPart1" SUBS_CONTENT="gewöhnt" WC="0.99" CC="00"/>
						<HYP HPOS="2528" VPOS="3214" WIDTH="36" CONTENT="-"/>
					</TextLine>
					<TextLine ID="P123_TL00032" HPOS="323" VPOS="3280" WIDTH="397" HEIGHT="74">
						<String ID="P123_ST00278" HPOS="323" VPOS="3280" WIDTH="216" HEIGHT="71" CONTENT="wöhnt" SUBS_TYPE="HypPart2" SUBS_CONTENT="gewöhnt" WC="1.00" CC="00030"/>
						<SP ID="P123_SP00247" HPOS="539" VPOS="3351" WIDTH="34"/>
						<String ID="P123_ST00279" HPOS="573" VPOS="3307" WIDTH="147" HEIGHT="47" CONTENT="war." WC="0.97" CC="0924"/>
					</TextLine>
					<TextLine ID="P123_TL00033" HPOS="400" VPOS="3368" WIDTH="2163" HEIGHT="87">
						<String ID="P123_ST00280" HPOS="400" VPOS="3374" WIDTH="135" HEIGHT="74" CONTENT="Der" WC="0.99" CC="200"/>
						<SP ID="P123_SP00248" HPOS="535" VPOS="3448" WIDTH="30"/>
						<String ID="P123_ST00281" HPOS="565" VPOS="3393" WIDTH="167" HEIGHT="53" CONTENT="erste" WC="1.00" CC="00000"/>
						<SP ID="P123_SP00249" HPOS="732" VPOS="3448" WIDTH="26"/>
						<String ID="P123_ST00282" HPOS="758" VPOS="3373" WIDTH="154" HEIGHT="81" CONTENT="Fall," WC="0.98" CC="00560"/>
						<SP ID="P123_SP00250" HPOS="912" VPOS="3454" WIDTH="36"/>
						<String ID="P123_ST00283" HPOS="948" VPOS="3402" WIDTH="99" HEIGHT="42" CONTENT="wo" WC="0.81" CC="03"/>
						<SP ID="P123_SP00251" HPOS="1047" VPOS="3454" WIDTH="33"/>
						<String ID="P123_ST00284" HPOS="1080" VPOS="3371" WIDTH="122" HEIGHT="72" CONTENT="mir" WC="0.96" CC="063"/>
						<SP ID="P123_SP00252" HPOS="1202" VPOS="3454" WIDTH="20"/>
						<String ID="P123_ST00285" HPOS="1222" VPOS="3371" WIDTH="112" HEIGHT="70" CONTENT="das" WC="1.00" CC="000"/>
						<SP ID="P123_SP00253" HPOS="1334" VPOS="3454" WIDTH="35"/>
						<String ID="P123_ST00286" HPOS="1369" VPOS="3401" WIDTH="80" HEIGHT="40" CONTENT="zu" WC="0.84" CC="03"/>
						<SP ID="P123_SP00254" HPOS="1449" VPOS="3454" WIDTH="24"/>
						<String ID="P123_ST00287" HPOS="1473" VPOS="3368" WIDTH="284" HEIGHT="73" CONTENT="Gemüte" WC="0.97" CC="100000"/>
						<SP ID="P123_SP00255" HPOS="1757" VPOS="3454" WIDTH="25"/>
						<String ID="P123_ST00288" HPOS="1782" VPOS="3369" WIDTH="257" HEIGHT="86" CONTENT="geführt" WC="1.00" CC="0070010"/>
						<SP ID="P123_SP00256" HPOS="2039" VPOS="3455" WIDTH="25"/>
						<String ID="P123_ST00289" HPOS="2064" VPOS="3371" WIDTH="243" HEIGHT="79" CONTENT="wurde," WC="1.00" CC="001000"/>
						<SP ID="P123_SP00257" HPOS="2307" VPOS="3455" WIDTH="35"/>
						<String ID="P123_ST00290" HPOS="2342" VPOS="3369" WIDTH="221" HEIGHT="86" CONTENT="spielte" WC="0.99" CC="0060400"/>
					</TextLine>
					<TextLine ID="P123_TL00034" HPOS="323" VPOS="3462" WIDTH="2243" HEIGHT="85">
						<String ID="P123_ST00291" HPOS="323" VPOS="3467" WIDTH="129" HEIGHT="72" CONTENT="sich" WC="0.99" CC="0600"/>
						<SP ID="P123_SP00258" HPOS="452" VPOS="3539" WIDTH="26"/>
						<String ID="P123_ST00292" HPOS="478" VPOS="3468" WIDTH="198" HEIGHT="71" CONTENT="schon" WC="1.00" CC="00000"/>
						<SP ID="P123_SP00259" HPOS="676" VPOS="3539" WIDTH="29"/>
						<String ID="P123_ST00293" HPOS="705" VPOS="3465" WIDTH="227" HEIGHT="74" CONTENT="etliche" WC="1.00" CC="0006000"/>
						<SP ID="P123_SP00260" HPOS="932" VPOS="3539" WIDTH="18"/>
						<String ID="P123_ST00294" HPOS="950" VPOS="3464" WIDTH="281" HEIGHT="73" CONTENT="Wochen" WC="1.00" CC="000000"/>
						<SP ID="P123_SP00261" HPOS="1231" VPOS="3539" WIDTH="29"/>
						<String ID="P123_ST00295" HPOS="1260" VPOS="3463" WIDTH="160" HEIGHT="71" CONTENT="nach" WC="0.99" CC="0040"/>
						<SP ID="P123_SP00262" HPOS="1420" VPOS="3539" WIDTH="24"/>
						<String ID="P123_ST00296" HPOS="1444" VPOS="3490" WIDTH="264" HEIGHT="44" CONTENT="unserer" WC="1.00" CC="0000301"/>
						<SP ID="P123_SP00263" HPOS="1708" VPOS="3539" WIDTH="22"/>
						<String ID="P123_ST00297" HPOS="1730" VPOS="3463" WIDTH="296" HEIGHT="71" CONTENT="Ankunft" WC="0.99" CC="3103060"/>
						<SP ID="P123_SP00264" HPOS="2026" VPOS="3539" WIDTH="23"/>
						<String ID="P123_ST00298" HPOS="2049" VPOS="3465" WIDTH="63" HEIGHT="69" CONTENT="in" WC="0.47" CC="73"/>
						<SP ID="P123_SP00265" HPOS="2112" VPOS="3539" WIDTH="28"/>
						<String ID="P123_ST00299" HPOS="2140" VPOS="3462" WIDTH="426" HEIGHT="85" CONTENT="Verbindung" WC="0.99" CC="0007520200"/>
					</TextLine>
					<TextLine ID="P123_TL00035" HPOS="324" VPOS="3554" WIDTH="2240" HEIGHT="92">
						<String ID="P123_ST00300" HPOS="324" VPOS="3561" WIDTH="112" HEIGHT="69" CONTENT="mit" WC="0.95" CC="660"/>
						<SP ID="P123_SP00266" HPOS="436" VPOS="3630" WIDTH="34"/>
						<String ID="P123_ST00301" HPOS="470" VPOS="3563" WIDTH="207" HEIGHT="69" CONTENT="einem" WC="0.99" CC="06000"/>
						<SP ID="P123_SP00267" HPOS="677" VPOS="3632" WIDTH="34"/>
						<String ID="P123_ST00302" HPOS="711" VPOS="3561" WIDTH="298" HEIGHT="85" CONTENT="Vorgang" WC="1.00" CC="0020000"/>
						<SP ID="P123_SP00268" HPOS="1009" VPOS="3646" WIDTH="31"/>
						<String ID="P123_ST00303" HPOS="1040" VPOS="3558" WIDTH="102" HEIGHT="80" CONTENT="ab," WC="0.99" CC="003"/>
						<SP ID="P123_SP00269" HPOS="1142" VPOS="3646" WIDTH="48"/>
						<String ID="P123_ST00304" HPOS="1190" VPOS="3558" WIDTH="113" HEIGHT="70" CONTENT="der" WC="0.99" CC="002"/>
						<SP ID="P123_SP00270" HPOS="1303" VPOS="3646" WIDTH="45"/>
						<String ID="P123_ST00305" HPOS="1348" VPOS="3558" WIDTH="122" HEIGHT="71" CONTENT="mir" WC="0.98" CC="040"/>
						<SP ID="P123_SP00271" HPOS="1470" VPOS="3646" WIDTH="49"/>
						<String ID="P123_ST00306" HPOS="1519" VPOS="3556" WIDTH="346" HEIGHT="87" CONTENT="gleichfalls" WC="0.99" CC="03060730140"/>
						<SP ID="P123_SP00272" HPOS="1865" VPOS="3646" WIDTH="34"/>
						<String ID="P123_ST00307" HPOS="1899" VPOS="3557" WIDTH="112" HEIGHT="71" CONTENT="das" WC="1.00" CC="000"/>
						<SP ID="P123_SP00273" HPOS="2011" VPOS="3646" WIDTH="36"/>
						<String ID="P123_ST00308" HPOS="2047" VPOS="3556" WIDTH="318" HEIGHT="86" CONTENT="englische" WC="0.99" CC="015360000"/>
						<SP ID="P123_SP00274" HPOS="2365" VPOS="3646" WIDTH="33"/>
						<String ID="P123_ST00309" HPOS="2398" VPOS="3554" WIDTH="166" HEIGHT="73" CONTENT="Volk" WC="0.99" CC="0040"/>
					</TextLine>
					<TextLine ID="P123_TL00036" HPOS="325" VPOS="3650" WIDTH="1272" HEIGHT="85">
						<String ID="P123_ST00310" HPOS="325" VPOS="3681" WIDTH="118" HEIGHT="43" CONTENT="von" WC="1.00" CC="000"/>
						<SP ID="P123_SP00275" HPOS="443" VPOS="3724" WIDTH="33"/>
						<String ID="P123_ST00311" HPOS="476" VPOS="3656" WIDTH="173" HEIGHT="70" CONTENT="einer" WC="0.99" CC="06000"/>
						<SP ID="P123_SP00276" HPOS="649" VPOS="3726" WIDTH="31"/>
						<String ID="P123_ST00312" HPOS="680" VPOS="3671" WIDTH="463" HEIGHT="56" CONTENT="unerwarteten" WC="1.00" CC="440000500000"/>
						<SP ID="P123_SP00277" HPOS="1143" VPOS="3727" WIDTH="33"/>
						<String ID="P123_ST00313" HPOS="1176" VPOS="3650" WIDTH="174" HEIGHT="73" CONTENT="Seite" WC="0.99" CC="00600"/>
						<SP ID="P123_SP00278" HPOS="1350" VPOS="3727" WIDTH="26"/>
						<String ID="P123_ST00314" HPOS="1376" VPOS="3652" WIDTH="221" HEIGHT="83" CONTENT="zeigte." WC="0.99" CC="1030003"/>
					</TextLine>
					<TextLine ID="P123_TL00037" HPOS="410" VPOS="3742" WIDTH="2157" HEIGHT="89">
						<String ID="P123_ST00315" HPOS="410" VPOS="3747" WIDTH="112" HEIGHT="71" CONTENT="Als" WC="0.98" CC="050"/>
						<SP ID="P123_SP00279" HPOS="522" VPOS="3818" WIDTH="34"/>
						<String ID="P123_ST00316" HPOS="556" VPOS="3750" WIDTH="211" HEIGHT="70" CONTENT="meine" WC="0.98" CC="00660"/>
						<SP ID="P123_SP00280" HPOS="767" VPOS="3820" WIDTH="32"/>
						<String ID="P123_ST00317" HPOS="799" VPOS="3747" WIDTH="136" HEIGHT="73" CONTENT="drei" WC="0.98" CC="0306"/>
						<SP ID="P123_SP00281" HPOS="935" VPOS="3820" WIDTH="35"/>
						<String ID="P123_ST00318" HPOS="970" VPOS="3745" WIDTH="634" HEIGHT="86" CONTENT="Mitausgewiesenen" WC="0.88" CC="0700000006000500"/>
						<SP ID="P123_SP00282" HPOS="1604" VPOS="3831" WIDTH="46"/>
						<String ID="P123_ST00319" HPOS="1650" VPOS="3744" WIDTH="137" HEIGHT="72" CONTENT="und" WC="0.99" CC="200"/>
						<SP ID="P123_SP00283" HPOS="1787" VPOS="3831" WIDTH="45"/>
						<String ID="P123_ST00320" HPOS="1832" VPOS="3745" WIDTH="101" HEIGHT="71" CONTENT="ich" WC="0.97" CC="700"/>
						<SP ID="P123_SP00284" HPOS="1933" VPOS="3831" WIDTH="45"/>
						<String ID="P123_ST00321" HPOS="1978" VPOS="3773" WIDTH="111" HEIGHT="42" CONTENT="aus" WC="1.00" CC="000"/>
						<SP ID="P123_SP00285" HPOS="2089" VPOS="3831" WIDTH="44"/>
						<String ID="P123_ST00322" HPOS="2133" VPOS="3742" WIDTH="114" HEIGHT="73" CONTENT="der" WC="0.99" CC="002"/>
						<SP ID="P123_SP00286" HPOS="2247" VPOS="3831" WIDTH="32"/>
						<String ID="P123_ST00323" HPOS="2279" VPOS="3742" WIDTH="288" HEIGHT="74" CONTENT="Schweiz" WC="1.00" CC="0000070"/>
					</TextLine>
					<TextLine ID="P123_TL00038" HPOS="324" VPOS="3836" WIDTH="2242" HEIGHT="88">
						<String ID="P123_ST00324" HPOS="324" VPOS="3838" WIDTH="413" HEIGHT="86" CONTENT="fortmußten," WC="1.00" CC="70000000010"/>
						<SP ID="P123_SP00287" HPOS="737" VPOS="3924" WIDTH="48"/>
						<String ID="P123_ST00325" HPOS="785" VPOS="3843" WIDTH="173" HEIGHT="71" CONTENT="hatte" WC="1.00" CC="00000"/>
						<SP ID="P123_SP00288" HPOS="958" VPOS="3924" WIDTH="43"/>
						<String ID="P123_ST00326" HPOS="1001" VPOS="3840" WIDTH="105" HEIGHT="72" CONTENT="ich" WC="0.98" CC="600"/>
						<SP ID="P123_SP00289" HPOS="1106" VPOS="3924" WIDTH="45"/>
						<String ID="P123_ST00327" HPOS="1151" VPOS="3840" WIDTH="251" HEIGHT="70" CONTENT="meinen" WC="0.99" CC="007100"/>
						<SP ID="P123_SP00290" HPOS="1402" VPOS="3924" WIDTH="49"/>
						<String ID="P123_ST00328" HPOS="1451" VPOS="3838" WIDTH="240" HEIGHT="72" CONTENT="damals" WC="1.00" CC="000030"/>
						<SP ID="P123_SP00291" HPOS="1691" VPOS="3924" WIDTH="47"/>
						<String ID="P123_ST00329" HPOS="1738" VPOS="3838" WIDTH="452" HEIGHT="86" CONTENT="neunjährigen" WC="1.00" CC="000000004006"/>
						<SP ID="P123_SP00292" HPOS="2190" VPOS="3924" WIDTH="48"/>
						<String ID="P123_ST00330" HPOS="2238" VPOS="3836" WIDTH="328" HEIGHT="76" CONTENT="Stiefsohn" WC="0.99" CC="006060003"/>
					</TextLine>
				</TextBlock>
			</PrintSpace>
		</Page>
	</Layout>
</alto>
