3559 4572
1093 441 106 61 184

1660 446 90 53 Fr.
1781 446 165 52 Mark
1982 463 20 25 *
2040 444 107 54 Die
2175 443 542 61 Kriegsphilosophen

1085 641 202 87 Hegel
1321 642 108 72 hat
1461 642 113 72 der
1607 641 208 71 Moral
1847 642 91 72 im
1983 639 479 86 gewöhnlichen
2506 639 399 85 subjektiven
2953 639 203 71 Sinne
3187 640 105 72 die

1087 735 474 81 „Sittlichkeit“
1615 733 628 86 gegenübergestellt,
2285 752 188 53 unter
2507 734 113 70 der
2652 759 69 45 er
2751 731 111 70 das
2895 729 250 75 Walten
3179 733 112 71 des

1084 828 322 71 sittlichen
1443 827 250 69 Geistes
1728 828 66 67 in
1828 825 113 71 der
1974 825 362 84 objektiven
2373 825 167 73 Welt
2565 824 320 72 verstand,
2920 822 80 86 (s.
3020 830 93 86 o.)
3158 824 133 71 Das

1086 919 196 80 heißt,
1347 918 392 84 „subjektive
1796 917 254 71 Moral“
2119 918 89 71 als
2267 919 111 71 das
2431 918 305 83 Niedrige
2797 916 160 71 muß
3018 943 113 44 vor
3178 918 114 70 der

1087 1011 403 85 „objektiven
1549 1009 429 72 Sittlichkeit“
2041 1008 88 73 als
2190 1009 148 74 dem
2396 1009 301 73 Höheren
2746 1008 542 80 zurückweichen,

1085 1102 166 71 steht
1283 1103 90 70 sie
1409 1101 100 70 ihr
1543 1102 144 69 dort
1724 1101 496 84 „gegenüber“.

1176 1195 102 70 Da
1308 1223 65 43 es
1400 1194 136 71 sich
1565 1194 100 71 bei
1692 1194 204 71 dieser
1922 1194 359 86 objektiven
2317 1194 385 71 Sittlichkeit
2736 1190 262 75 niemals
3031 1223 111 39 um
3177 1192 110 71 das

1087 1286 294 71 Handeln
1414 1289 175 68 einer
1621 1286 329 71 einzelnen
1987 1286 165 71 noch
2194 1318 71 39 so
2313 1286 469 84 hochwertigen
2816 1285 155 71 oder
3015 1284 272 85 heiligen

1089 1378 552 85 „Subjektivität“
1681 1378 273 72 handeln
1983 1378 189 81 kann,
2205 1378 164 71 auch
2394 1378 178 71 nicht
2596 1407 111 41 um
2736 1377 110 69 das
2873 1377 418 83 Sittengesetz

1084 1472 67 68 in
1185 1500 294 42 unserem
1526 1470 256 81 Innern,
1828 1470 173 72 denn
2048 1472 133 71 dies
2225 1473 83 69 ist
2352 1472 60 82 ja
2457 1470 228 84 gerade
2727 1469 105 70 die
2883 1468 407 84 „subjektive

1082 1563 211 69 Moral
1308 1572 67 71 “,
1419 1592 72 41 so
1535 1564 167 69 kann
1749 1582 184 52 unter
1987 1562 398 85 „objektiver
2435 1561 462 80 Sittlichkeit“,
2948 1590 185 41 wenn
3177 1561 111 70 das

1081 1653 183 71 Wort
1288 1655 360 85 überhaupt
1670 1657 186 69 einen
1885 1656 164 70 Sinn
2077 1656 207 71 haben
2311 1655 138 80 soll,
2477 1683 123 43 nur
2624 1655 111 71 das
2760 1651 523 86 Weltgeschehen

1082 1747 138 70 und
1251 1747 113 70 der
1399 1746 627 72 Geschichtsverlauf
2057 1747 377 71 verstanden
2467 1746 275 79 werden,
2775 1745 209 71 wofür
3015 1745 112 70 das
3163 1775 82 40 un-

1084 1839 365 72 bestimmte
1508 1839 291 80 ~Walten
1815 1848 14 23 ‘
1839 1849 14 22 ‘
1914 1841 102 69 ein
2076 1858 181 65 guter
2313 1838 337 71 Ausdruck
2705 1840 101 67 ist.
2865 1836 130 71 Für
3055 1836 231 84 Hegels

1085 1930 742 84 Selbstverwirklichung
1861 1930 109 71 des
2004 1930 334 71 absoluten
2377 1929 251 72 Geistes
2655 1932 80 68 ist
2760 1930 103 70 die
2895 1928 392 85 Auffassung

1081 2022 165 71 auch
1281 2022 424 85 folgerichtig,
1753 2023 244 71 Wundt
2041 2022 287 71 schluckt
2373 2024 91 69 sie
2495 2020 434 73 anscheinend
2963 2023 118 69 mit
3117 2020 173 72 Haut

1082 2116 138 68 und
1263 2113 194 81 Haar,
1504 2114 140 84 fügt
1695 2117 374 81 wenigstens
2130 2113 294 73 keinerlei
2484 2113 543 73 einschränkende
3079 2111 209 72 Kritik

1087 2206 216 70 hinzu.
1357 2206 155 71 Und
1543 2208 106 69 die
1681 2206 274 71 sittliche
1987 2206 461 84 Weltordnung
2481 2210 80 67 ist
2594 2205 316 72 demnach
2946 2235 123 41 von
3114 2206 174 70 einer

1081 2297 553 71 überraschenden
1684 2297 428 73 Einfachheit.
2177 2300 127 70 Die
2351 2297 316 85 objektive
2717 2296 386 71 Sittlichkeit
3151 2325 102 43 ver-

1080 2389 315 71 wirklicht
1428 2390 136 71 sich
1601 2391 66 69 in
1701 2393 113 68 der
1847 2390 165 71 Welt
2045 2393 90 69 im
2181 2390 237 80 Staate,
2467 2390 104 70 für
2614 2390 126 70 den
2789 2389 374 71 Deutschen
3201 2393 86 69 im

1077 2481 352 73 deutschen
1466 2483 239 71 Staate.
1731 2484 171 72 Dem
1926 2483 330 72 einzelnen
2289 2483 372 71 Deutschen
2686 2484 80 69 ist
2793 2481 494 87 propädeutisch

1079 2575 104 70 die
1207 2574 352 84 subjektive
1580 2574 210 70 Moral
1810 2574 426 85 mitgegeben,
2255 2573 237 72 welche
2514 2573 113 71 ihn
2651 2603 70 41 so
2746 2575 145 69 weit
2918 2572 368 80 erleuchtet,

1079 2667 127 70 daß
1239 2696 67 42 er
1338 2669 175 69 seine
1545 2666 489 85 Verpflichtung
2059 2667 319 71 erkennen
2404 2667 191 80 kann,
2622 2666 137 71 sich
2785 2668 115 69 der
2926 2666 359 86 objektiven

1077 2761 91 67 im
1217 2758 180 71 Staat
1444 2758 449 85 verkörperten
1952 2758 389 71 Sittlichkeit
2391 2789 80 39 zu
2520 2757 451 72 unterwerfen.
3041 2757 249 71 Darauf

1079 2851 195 70 dankt
1307 2854 93 68 sie
1430 2851 105 70 ab.
1570 2851 194 71 Denn
1799 2854 153 68 zwei
1989 2850 247 72 Herren
2270 2852 165 70 kann
2471 2880 148 41 man
2655 2850 179 71 nicht
2869 2851 256 79 dienen,
3150 2851 137 69 und

1079 2974 124 40 was
1237 2963 113 63 gut
1385 2945 134 70 und
1555 2944 152 71 böse
1740 2946 103 78 ist,
1890 2945 161 70 wird
2086 2973 120 41 uns
2253 2942 211 72 fortan
2512 2942 206 72 durch
2764 2945 124 69 den
2937 2942 180 70 Staat
3151 2944 135 68 und

1077 3039 174 66 seine
1277 3034 255 85 Organe
1564 3035 317 71 offenbart
1914 3039 65 67 in
2008 3035 192 70 Form
2232 3064 125 41 von
2387 3034 485 81 Steuerzetteln,
2906 3034 345 71 Polizeivor-

1077 3128 310 71 schriften
1422 3146 123 52 etc.
1582 3128 231 71 Sofern
1848 3128 104 71 ich
1985 3128 200 71 selbst
2234 3128 499 72 Staatsbeamter
2766 3128 136 79 bin,
2938 3129 211 69 werde
3180 3125 103 73 ich

1076 3222 175 67 einer
1284 3221 345 71 teilweisen
1674 3221 499 72 unmittelbaren
2220 3221 438 85 Erleuchtung
2703 3219 253 71 teilhaft
3001 3221 136 68 und
3182 3221 104 68 die

1079 3311 315 86 objektive
1442 3311 390 73 Sittlichkeit
1883 3315 210 69 waltet
2143 3313 174 71 dann
2366 3312 205 71 durch
2622 3312 197 71 mich.
2881 3312 127 70 Die
3057 3315 228 68 misera

1077 3403 179 86 plebs
1292 3403 113 70 der
1452 3403 498 74 Nichtbeamten
1998 3409 80 67 ist
2125 3434 122 42 nur
2281 3405 104 71 für
2420 3406 124 70 den
2589 3403 426 86 Augenblick,
3064 3434 99 41 wo
3194 3407 91 66 sie

1077 3497 125 70 den
1237 3495 427 72 Stimmzettel
1703 3496 244 84 abgibt,
1983 3496 409 74 moralisches
2420 3496 289 85 Subjekt,
2744 3499 88 67 im
2865 3495 271 85 übrigen
3173 3496 112 70 der

1076 3588 362 85 objektiven
1485 3588 390 73 Sittlichkeit
1922 3590 183 71 blind
2149 3589 455 72 unterworfen.
2652 3586 111 71 Ich
2808 3588 151 71 sehe
2992 3589 106 70 die
3131 3586 114 73 Ein-

1077 3679 394 71 heitlichkeit
1517 3679 205 71 dieser
1764 3680 439 85 Anschauung
2244 3685 129 75 ein,
2422 3679 289 72 verstehe
2756 3708 122 42 nur
2925 3679 211 71 nicht:
3184 3683 66 67 in-

1075 3770 261 73 wiefern
1371 3776 92 67 sie
1496 3774 120 70 mit
1659 3770 361 74 kantischer
2063 3773 414 85 Philosophie
2519 3773 227 83 irgend
2792 3776 118 67 wie
2944 3772 196 71 näher
3173 3801 73 41 zu-

1075 3863 487 86 sammenhängt
1594 3864 92 70 als
1733 3864 114 70 der
1893 3864 238 73 Kultus
2166 3896 125 41 von
2336 3866 409 83 Jaggernaut.
2793 3864 135 72 Das
2976 3864 305 73 Gemein-
