3305 4572
1162 424 144 55 Paul
1325 423 263 66 Kornfeld
1628 438 19 26 +
1689 421 234 67 Legende

2553 416 81 56 111

448 637 103 68 die
566 632 235 71 frische
815 624 367 79 Leinwand,
1201 620 167 71 doch
1387 621 138 69 sein
1540 619 149 71 Haß
1705 618 220 71 schien
1953 615 179 72 nicht
2149 614 495 86 geschwunden,

449 728 168 67 denn
661 755 72 40 so
776 720 91 72 oft
900 747 66 42 er
998 714 222 85 irgend
1253 714 103 69 ein
1390 713 177 82 Ding
1609 710 217 85 ergriff
1864 710 155 70 oder
2061 707 324 80 berührte,
2420 736 226 56 verzog

451 820 100 67 ein
606 811 474 76 mißachtendes
1131 803 280 72 Lächeln
1468 806 221 67 seinen
1738 802 218 71 Mund
2010 800 136 70 und
2194 800 177 69 seine
2419 798 226 84 Augen

449 908 299 70 strahlten
796 902 191 71 Hohn
1003 931 17 49 ,*
1067 929 69 40 so
1187 897 126 69 ließ
1362 924 66 42 er
1470 897 187 83 jeden
1707 893 419 85 Gegenstand
2175 892 250 70 einzeln
2471 892 176 70 seine

448 997 400 80 Verachtung
872 992 242 71 fühlen.
1148 988 193 70 Dann
1368 987 142 69 kam
1536 1014 68 43 er
1629 987 235 70 wieder
1889 1013 143 44 vors
2056 985 201 68 Haus.
2316 982 87 70 Er
2428 982 182 71 schüt-

448 1093 170 77 telte,
653 1090 101 69 die
786 1086 213 70 Zähne
1030 1080 374 80 fletschend,
1444 1080 278 82 mächtig
1754 1081 118 70 wie
1905 1079 104 68 ein
2044 1075 228 86 großes
2305 1075 179 80 Tier,
2519 1076 125 70 den

449 1180 196 84 Kopf,
679 1195 263 68 spannte
976 1175 102 69 die
1111 1173 190 69 Brust
1336 1173 157 77 und,
1529 1171 126 70 den
1682 1170 180 85 Kopf
1886 1168 616 83 verzweiflungsvoll
2535 1198 74 39 zu-

449 1269 485 86 rückgeworfen,
962 1267 263 69 breitete
1258 1264 104 69 die
1385 1263 198 70 Arme
1615 1264 136 69 und
1780 1263 131 70 hob
1938 1264 104 69 die
2071 1260 319 87 geballten
2418 1259 227 71 Fäuste

447 1366 66 68 in
546 1361 390 71 drohendem
961 1359 168 70 Zorn
1163 1386 146 39 zum
1337 1354 306 71 Himmel.
1704 1354 71 71 In
1809 1357 138 68 sich
1973 1353 237 72 wieder
2243 1382 358 41 zusammen-

447 1455 287 77 sinkend,
777 1449 319 73 bemerkte
1135 1449 136 69 sein
1304 1447 179 70 Blick
1514 1448 160 69 über
1707 1448 148 73 dem
1887 1446 137 71 Tor
2057 1448 187 67 einen
2282 1443 217 71 Kranz
2532 1474 111 39 aus

445 1545 274 70 frischen
754 1542 437 73 Feldblumen.
1256 1537 82 71 Es
1385 1540 303 69 überkam
1735 1540 146 77 ihn;
1928 1568 68 40 er
2039 1566 235 56 sprang
2314 1536 111 71 auf
2457 1537 186 70 einen

444 1636 177 71 Stein
663 1635 133 70 und
838 1632 99 73 riß
973 1632 111 70 ihn
1127 1631 332 79 herunter;
1502 1632 118 69 mit
1653 1631 126 69 den
1817 1630 273 70 Händen
2127 1629 517 85 umkrampfend,

444 1726 197 69 erhob
674 1753 67 41 er
781 1725 109 70 ihn
927 1752 109 43 vor
1078 1724 175 68 seine
1284 1721 227 85 Augen
1547 1723 134 69 und
1715 1721 233 70 blickte
1981 1721 137 80 ihn,
2154 1723 118 68 wie
2306 1723 187 68 einen
2527 1721 117 69 mit

443 1815 469 85 Lebensgefahr
942 1815 519 71 überwundenen
1498 1813 224 81 Feind,
1766 1814 297 84 grimmig
2095 1843 104 50 an,
2243 1842 67 41 er
2343 1811 157 72 warf
2530 1811 113 72 ihn

443 1912 63 67 in
542 1909 245 70 weitem
821 1908 213 85 Bogen
1069 1908 198 70 voller
1299 1907 152 70 Ekel
1486 1937 123 41 von
1644 1905 138 72 sich
1926 1905 168 70 doch
2130 1935 68 40 er
2231 1907 240 68 besann
2507 1904 134 70 sich

439 2001 133 68 und
617 1999 108 70 lief
769 1998 132 71 ihm
948 1998 186 71 nach.
1200 1998 187 71 Doch
1434 2001 88 67 als
1569 1998 237 70 könnte
1840 1999 208 69 dieser
2088 1997 214 71 Kranz
2337 2027 77 40 zu
2448 2025 197 42 neuer

440 2090 428 80 Feindschaft,
895 2120 196 41 neuer
1119 2090 351 83 Kränkung
1497 2091 297 82 lebendig
1821 2090 234 71 wieder
2080 2088 429 80 auferstehen,
2537 2088 110 69 lief

440 2210 66 41 er
536 2181 130 71 ihm
703 2184 184 78 nach,
914 2213 108 39 um
1058 2182 111 70 ihn
1196 2184 286 68 vollends
1511 2213 79 39 zu
1618 2184 404 69 vernichten:
2056 2209 67 43 er
2149 2181 129 70 hob
2304 2181 114 70 ihn
2444 2181 160 70 noch-

439 2274 154 70 mals
626 2274 109 70 auf
766 2275 134 70 und
933 2272 205 73 zerriß
1169 2274 113 70 ihn
1315 2275 68 69 in
1409 2274 270 80 Stücke;
1713 2275 90 69 als
1831 2303 69 41 er
1924 2275 209 70 nichts
2161 2274 184 70 mehr
2370 2274 66 68 in
2466 2272 131 72 Hän-

440 2365 121 69 den
589 2364 177 81 hielt,
786 2393 231 56 sprang
1040 2366 136 69 und
1200 2384 211 51 tanzte
1437 2394 89 51 er,
1554 2368 66 68 in
1648 2365 412 71 ekstatischer
2077 2366 150 69 Wut
2254 2366 104 68 die
2380 2364 264 70 Glieder

439 2455 409 80 verrenkend,
894 2457 108 69 auf
1046 2458 220 68 diesen
1305 2458 291 77 Blumen,
1647 2459 94 69 bis
1792 2457 208 69 nichts
2038 2487 123 41 von
2206 2457 197 69 ihnen
2447 2457 191 77 blieb,

442 2547 86 67 als
565 2547 199 70 Staub
795 2548 134 70 und
962 2548 205 70 kleine
1200 2548 255 71 Fetzen.

536 2636 336 72 Wladislav
889 2651 268 60 stürmte
1176 2639 235 70 zurück
1427 2641 98 68 ins
1547 2639 213 79 Haus;
1779 2642 89 66 im
1886 2657 208 52 ersten
2116 2637 284 71 Zimmer
2417 2639 224 83 packte

444 2754 87 49 er,
556 2727 86 67 als
670 2746 192 51 erstes
890 2730 198 83 Ding,
1114 2731 111 68 das
1253 2731 135 70 ihm
1413 2733 68 66 in
1508 2733 125 68 den
1661 2730 173 69 Griff
1856 2730 167 80 kam,
2050 2732 187 67 einen
2265 2730 210 81 Stuhl,
2503 2732 136 79 der,

443 2844 80 41 an
556 2817 103 69 die
683 2817 204 71 Wand
919 2821 470 84 geschmettert,
1423 2824 66 67 in
1519 2822 235 69 Stücke
1787 2821 298 71 zerfallen
2113 2824 234 68 wieder
2372 2824 230 69 zurück-

444 2905 162 71 kam.
626 2907 336 73 Wladislav
981 2932 162 49 raste
1168 2914 202 68 durch
1397 2914 104 68 die
1519 2914 264 70 Räume.
1809 2912 83 70 Es
1912 2914 257 71 krachte
2187 2915 137 69 und
2340 2915 299 71 dröhnte.

440 2995 143 71 Von
628 2999 124 68 den
799 2999 322 74 Gestellen
1167 3003 260 71 klirrten
1475 3005 105 68 die
1615 3004 226 70 Gläser
1886 3005 136 71 und
2065 3004 240 86 Krüge,
2342 3037 124 41 von
2514 3009 125 70 den

443 3088 284 70 Wänden
754 3102 280 59 stürzten
1061 3093 103 68 die
1181 3094 247 79 Bilder;
1455 3093 240 72 Tische
1713 3097 263 69 wurden
2003 3099 349 83 gespalten,
2375 3098 265 72 Kleider

438 3180 134 69 und
599 3180 201 70 Stoffe
824 3184 329 79 zerrissen,
1173 3184 144 71 kein
1340 3184 411 87 Gegenstand
1779 3188 171 71 blieb
1976 3220 93 51 so,
2089 3220 118 40 wie
2234 3220 67 40 er
2325 3222 314 54 gewesen,

440 3271 150 69 Sein
609 3274 216 68 wirrer
840 3273 178 71 Blick
1036 3274 222 72 suchte
1284 3277 162 70 nach
1472 3280 274 69 anderen
1769 3281 282 84 Dingen,
2071 3283 106 70 die
2194 3283 219 73 Adern
2432 3304 207 52 traten

435 3363 291 84 gewaltig
752 3393 133 50 vor,
917 3365 330 72 keuchend
1275 3387 202 65 wogte
1511 3371 104 69 die
1639 3370 212 72 Brust.
1902 3372 88 70 Er
2023 3375 173 70 blieb
2229 3376 247 80 stehen,
2504 3379 136 68 und

435 3484 118 39 wie
594 3485 102 41 ein
730 3456 439 72 Träumender
1211 3460 111 70 sah
1365 3490 67 41 er
1469 3462 135 70 sich
1637 3494 143 51 um;
1813 3467 115 69 der
1957 3466 189 71 Atem
2187 3499 151 54 ging
2371 3469 265 81 schwer,

435 3546 132 69 und
594 3546 343 73 Wladislav
961 3549 102 71 fiel
1092 3553 220 68 nieder
1336 3551 109 71 auf
1469 3584 187 41 einen
1682 3556 234 82 Stuhl;
1949 3588 67 41 er
2043 3560 243 70 seufzte
2310 3560 132 80 auf,
2471 3561 167 72 noch

434 3640 229 69 einmal
710 3641 231 70 blickte
987 3671 67 40 er
1097 3673 110 41 um
1254 3645 159 80 sich,
1449 3647 282 72 Staunen
1775 3653 136 68 und
1945 3653 414 85 Ratlosigkeit
2401 3655 68 69 in
2512 3657 126 68 den

433 3749 142 51 weit
608 3732 253 71 offenen
893 3733 250 86 Augen,
1178 3737 170 71 dann
1384 3752 234 58 stützte
1662 3771 67 41 er
1764 3744 104 70 die
1900 3746 196 69 Arme
2149 3746 109 69 auf
2304 3747 104 70 die
2446 3746 192 81 Knie,

433 3823 100 69 ein
552 3822 212 72 Beben
786 3826 317 72 durchlief
1129 3829 122 70 den
1275 3828 270 88 Körper,
1568 3833 282 85 langsam
1877 3838 221 70 senkte
2123 3838 136 70 sich
2279 3841 138 68 sein
2441 3838 195 86 Kopf,
