<?xml version="1.0" encoding="UTF-8"?>
<alto xmlns:xsi="http://www.w3.org/2001/XMLSchema-instance" xmlns="http://www.loc.gov/standards/alto/ns-v2#" xsi:schemaLocation="http://www.loc.gov/standards/alto/ns-v2# http://www.loc.gov/standards/alto/v2/alto-2-0.xsd" xmlns:xlink="http://www.w3.org/1999/xlink">
	<Description>
		<MeasurementUnit>mm10</MeasurementUnit>
		<sourceImageInformation>
			<fileName>./bmtnabr_1917-02_01_0056.jp2</fileName>
		</sourceImageInformation>
		<OCRProcessing ID="OCRPROCESSING_1">
			<preProcessingStep>
				<processingSoftware>
					<softwareCreator>CCS Content Conversion Specialists GmbH, Germany</softwareCreator>
					<softwareName>CCS docWorks</softwareName>
					<softwareVersion>6.8-1.27</softwareVersion>
				</processingSoftware>
			</preProcessingStep>
			<ocrProcessingStep>
				<processingSoftware>
					<softwareCreator>ABBYY (BIT Software), Russia</softwareCreator>
					<softwareName>FineReader</softwareName>
					<softwareVersion>11.0</softwareVersion>
				</processingSoftware>
			</ocrProcessingStep>
			<postProcessingStep>
				<processingSoftware>
					<softwareCreator>CCS Content Conversion Specialists GmbH, Germany</softwareCreator>
					<softwareName>CCS docWorks</softwareName>
					<softwareVersion>6.8-1.27</softwareVersion>
					<applicationDescription>docWorks: Text modified manually, or automatically replaced</applicationDescription>
				</processingSoftware>
			</postProcessingStep>
		</OCRProcessing>
	</Description>
	<Styles>
		<TextStyle ID="TXT_0" FONTSIZE="27" FONTFAMILY="Times New Roman"/>
		<TextStyle ID="TXT_1" FONTSIZE="21" FONTFAMILY="Times New Roman" FONTSTYLE="bold italics"/>
		<TextStyle ID="TXT_2" FONTSIZE="21" FONTFAMILY="Times New Roman"/>
		<TextStyle ID="TXT_3" FONTSIZE="24" FONTFAMILY="Times New Roman"/>
		<ParagraphStyle ID="PAR_LEFT" ALIGN="Left"/>
		<ParagraphStyle ID="PAR_RIGHT" ALIGN="Right"/>
		<ParagraphStyle ID="PAR_BLOCK" ALIGN="Block"/>
	</Styles>
	<Layout>
		<Page ID="P56" PHYSICAL_IMG_NR="56" HEIGHT="4572" WIDTH="3563" PRINTED_IMG_NR="140" PC="0.961">
			<TopMargin ID="P56_TM00001" HPOS="0" VPOS="0" WIDTH="3563" HEIGHT="512">
				<TextBlock ID="P56_TB00001" HPOS="1090" VPOS="433" WIDTH="100" HEIGHT="58" STYLEREFS="TXT_0 PAR_LEFT">
					<TextLine ID="P56_TL00001" HPOS="1090" VPOS="433" WIDTH="100" HEIGHT="58">
						<String ID="P56_ST00001" HPOS="1090" VPOS="433" WIDTH="100" HEIGHT="58" CONTENT="140" WC="1.00" CC="000"/>
					</TextLine>
				</TextBlock>
				<TextBlock ID="P56_TB00002" HPOS="1803" VPOS="438" WIDTH="769" HEIGHT="72" STYLEREFS="TXT_1 PAR_RIGHT">
					<TextLine ID="P56_TL00002" HPOS="1804" VPOS="439" WIDTH="768" HEIGHT="71">
						<String ID="P56_ST00002" HPOS="1804" VPOS="439" WIDTH="145" HEIGHT="53" CONTENT="Pa«/" WC="0.94" CC="9747" STYLEREFS="TXT_2"/>
						<SP ID="P56_SP00001" HPOS="1949" VPOS="492" WIDTH="24"/>
						<String ID="P56_ST00003" HPOS="1973" VPOS="440" WIDTH="266" HEIGHT="68" CONTENT="Kornfeld" WC="0.99" CC="02650500"/>
						<SP ID="P56_SP00002" HPOS="2239" VPOS="508" WIDTH="38"/>
						<String ID="P56_ST00004" HPOS="2277" VPOS="458" WIDTH="21" HEIGHT="24" CONTENT="♦" WC="1.00" CC="0" STYLEREFS="TXT_2"/>
						<SP ID="P56_SP00003" HPOS="2298" VPOS="508" WIDTH="37"/>
						<String ID="P56_ST00005" HPOS="2335" VPOS="443" WIDTH="237" HEIGHT="67" CONTENT="Legende" WC="0.98" CC="0545215"/>
					</TextLine>
				</TextBlock>
			</TopMargin>
			<LeftMargin ID="P56_LM00001" HPOS="0" VPOS="512" WIDTH="112" HEIGHT="3981"/>
			<RightMargin ID="P56_RM00001" HPOS="3562" VPOS="512" WIDTH="1" HEIGHT="3981"/>
			<BottomMargin ID="P56_BM00001" HPOS="0" VPOS="4493" WIDTH="3563" HEIGHT="79"/>
			<PrintSpace ID="P56_PS00001" HPOS="112" VPOS="512" WIDTH="3450" HEIGHT="3981">
				<TextBlock ID="P56_TB00003" HPOS="1064" VPOS="632" WIDTH="2229" HEIGHT="3322" STYLEREFS="TXT_3 PAR_BLOCK">
					<TextLine ID="P56_TL00003" HPOS="1082" VPOS="634" WIDTH="2211" HEIGHT="86">
						<String ID="P56_ST00006" HPOS="1082" VPOS="634" WIDTH="90" HEIGHT="71" CONTENT="als" WC="0.95" CC="660"/>
						<SP ID="P56_SP00004" HPOS="1172" VPOS="705" WIDTH="35"/>
						<String ID="P56_ST00007" HPOS="1207" VPOS="635" WIDTH="206" HEIGHT="71" CONTENT="wollte" WC="0.98" CC="206600"/>
						<SP ID="P56_SP00005" HPOS="1413" VPOS="706" WIDTH="31"/>
						<String ID="P56_ST00008" HPOS="1444" VPOS="665" WIDTH="68" HEIGHT="43" CONTENT="er" WC="1.00" CC="00"/>
						<SP ID="P56_SP00006" HPOS="1512" VPOS="708" WIDTH="30"/>
						<String ID="P56_ST00009" HPOS="1542" VPOS="640" WIDTH="269" HEIGHT="77" CONTENT="weinen," WC="0.99" CC="2067000"/>
						<SP ID="P56_SP00007" HPOS="1811" VPOS="717" WIDTH="51"/>
						<String ID="P56_ST00010" HPOS="1862" VPOS="638" WIDTH="165" HEIGHT="68" CONTENT="doch" WC="0.96" CC="7307"/>
						<SP ID="P56_SP00008" HPOS="2027" VPOS="717" WIDTH="33"/>
						<String ID="P56_ST00011" HPOS="2060" VPOS="638" WIDTH="104" HEIGHT="71" CONTENT="die" WC="0.95" CC="670"/>
						<SP ID="P56_SP00009" HPOS="2164" VPOS="717" WIDTH="35"/>
						<String ID="P56_ST00012" HPOS="2199" VPOS="638" WIDTH="227" HEIGHT="74" CONTENT="Fäuste" WC="0.99" CC="034010"/>
						<SP ID="P56_SP00010" HPOS="2426" VPOS="717" WIDTH="34"/>
						<String ID="P56_ST00013" HPOS="2460" VPOS="640" WIDTH="273" HEIGHT="80" CONTENT="ballend," WC="0.98" CC="72570602"/>
						<SP ID="P56_SP00011" HPOS="2733" VPOS="720" WIDTH="51"/>
						<String ID="P56_ST00014" HPOS="2784" VPOS="640" WIDTH="255" HEIGHT="72" CONTENT="brachte" WC="0.99" CC="7000700"/>
						<SP ID="P56_SP00012" HPOS="3039" VPOS="720" WIDTH="45"/>
						<String ID="P56_ST00015" HPOS="3084" VPOS="670" WIDTH="66" HEIGHT="42" CONTENT="er" WC="0.79" CC="04"/>
						<SP ID="P56_SP00013" HPOS="3150" VPOS="720" WIDTH="33"/>
						<String ID="P56_ST00016" HPOS="3183" VPOS="643" WIDTH="110" HEIGHT="70" CONTENT="das" WC="1.00" CC="000"/>
					</TextLine>
					<TextLine ID="P56_TL00004" HPOS="1087" VPOS="726" WIDTH="2206" HEIGHT="92">
						<String ID="P56_ST00017" HPOS="1087" VPOS="726" WIDTH="267" HEIGHT="72" CONTENT="Gesicht" WC="0.99" CC="3007070"/>
						<SP ID="P56_SP00014" HPOS="1354" VPOS="798" WIDTH="33"/>
						<String ID="P56_ST00018" HPOS="1387" VPOS="729" WIDTH="233" HEIGHT="70" CONTENT="wieder" WC="0.99" CC="070000"/>
						<SP ID="P56_SP00015" HPOS="1620" VPOS="799" WIDTH="34"/>
						<String ID="P56_ST00019" HPOS="1654" VPOS="757" WIDTH="113" HEIGHT="41" CONTENT="zur" WC="0.98" CC="050"/>
						<SP ID="P56_SP00016" HPOS="1767" VPOS="799" WIDTH="33"/>
						<String ID="P56_ST00020" HPOS="1800" VPOS="728" WIDTH="204" HEIGHT="71" CONTENT="Ruhe." WC="0.99" CC="01701"/>
						<SP ID="P56_SP00017" HPOS="2004" VPOS="799" WIDTH="52"/>
						<String ID="P56_ST00021" HPOS="2056" VPOS="729" WIDTH="135" HEIGHT="71" CONTENT="Der" WC="0.99" CC="003"/>
						<SP ID="P56_SP00018" HPOS="2191" VPOS="800" WIDTH="36"/>
						<String ID="P56_ST00022" HPOS="2227" VPOS="731" WIDTH="161" HEIGHT="71" CONTENT="Graf" WC="0.98" CC="2006"/>
						<SP ID="P56_SP00019" HPOS="2388" VPOS="802" WIDTH="30"/>
						<String ID="P56_ST00023" HPOS="2418" VPOS="733" WIDTH="216" HEIGHT="70" CONTENT="schien" WC="0.98" CC="007704"/>
						<SP ID="P56_SP00020" HPOS="2634" VPOS="803" WIDTH="28"/>
						<String ID="P56_ST00024" HPOS="2662" VPOS="732" WIDTH="370" HEIGHT="71" CONTENT="Wladislavs" WC="0.74" CC="5600606000"/>
						<SP ID="P56_SP00021" HPOS="3032" VPOS="803" WIDTH="26"/>
						<String ID="P56_ST00025" HPOS="3058" VPOS="733" WIDTH="188" HEIGHT="85" CONTENT="Empö" SUBS_TYPE="HypPart1" SUBS_CONTENT="Empörung" WC="0.99" CC="0003"/>
						<HYP HPOS="3246" VPOS="733" WIDTH="47" CONTENT="-"/>
					</TextLine>
					<TextLine ID="P56_TL00005" HPOS="1086" VPOS="821" WIDTH="2207" HEIGHT="87">
						<String ID="P56_ST00026" HPOS="1086" VPOS="847" WIDTH="165" HEIGHT="58" CONTENT="rung" SUBS_TYPE="HypPart2" SUBS_CONTENT="Empörung" WC="0.97" CC="2534"/>
						<SP ID="P56_SP00022" HPOS="1251" VPOS="905" WIDTH="29"/>
						<String ID="P56_ST00027" HPOS="1280" VPOS="821" WIDTH="181" HEIGHT="68" CONTENT="nicht" WC="0.98" CC="07070"/>
						<SP ID="P56_SP00023" HPOS="1461" VPOS="905" WIDTH="33"/>
						<String ID="P56_ST00028" HPOS="1494" VPOS="851" WIDTH="80" HEIGHT="40" CONTENT="zu" WC="0.83" CC="03"/>
						<SP ID="P56_SP00024" HPOS="1574" VPOS="905" WIDTH="37"/>
						<String ID="P56_ST00029" HPOS="1611" VPOS="821" WIDTH="335" HEIGHT="71" CONTENT="bemerken" WC="0.99" CC="70000504"/>
						<SP ID="P56_SP00025" HPOS="1946" VPOS="905" WIDTH="34"/>
						<String ID="P56_ST00030" HPOS="1980" VPOS="822" WIDTH="137" HEIGHT="69" CONTENT="und" WC="0.99" CC="300"/>
						<SP ID="P56_SP00026" HPOS="2117" VPOS="905" WIDTH="33"/>
						<String ID="P56_ST00031" HPOS="2150" VPOS="825" WIDTH="185" HEIGHT="69" CONTENT="stand" WC="1.00" CC="00000"/>
						<SP ID="P56_SP00027" HPOS="2335" VPOS="905" WIDTH="34"/>
						<String ID="P56_ST00032" HPOS="2369" VPOS="825" WIDTH="496" HEIGHT="83" CONTENT="bewegungslos," WC="0.99" CC="7000650405000"/>
						<SP ID="P56_SP00028" HPOS="2865" VPOS="908" WIDTH="50"/>
						<String ID="P56_ST00033" HPOS="2915" VPOS="825" WIDTH="166" HEIGHT="71" CONTENT="wohl" WC="0.96" CC="0576"/>
						<SP ID="P56_SP00029" HPOS="3081" VPOS="908" WIDTH="35"/>
						<String ID="P56_ST00034" HPOS="3116" VPOS="826" WIDTH="177" HEIGHT="70" CONTENT="nicht" WC="0.97" CC="76070"/>
					</TextLine>
					<TextLine ID="P56_TL00006" HPOS="1084" VPOS="912" WIDTH="2208" HEIGHT="87">
						<String ID="P56_ST00035" HPOS="1084" VPOS="912" WIDTH="181" HEIGHT="70" CONTENT="mehr" WC="0.98" CC="0070"/>
						<SP ID="P56_SP00030" HPOS="1265" VPOS="982" WIDTH="42"/>
						<String ID="P56_ST00036" HPOS="1307" VPOS="915" WIDTH="69" HEIGHT="67" CONTENT="in" WC="0.66" CC="60"/>
						<SP ID="P56_SP00031" HPOS="1376" VPOS="982" WIDTH="40"/>
						<String ID="P56_ST00037" HPOS="1416" VPOS="912" WIDTH="120" HEIGHT="70" CONTENT="der" WC="0.99" CC="003"/>
						<SP ID="P56_SP00032" HPOS="1536" VPOS="982" WIDTH="33"/>
						<String ID="P56_ST00038" HPOS="1569" VPOS="913" WIDTH="393" HEIGHT="86" CONTENT="Erwartung," WC="0.99" CC="0300503602"/>
						<SP ID="P56_SP00033" HPOS="1962" VPOS="999" WIDTH="50"/>
						<String ID="P56_ST00039" HPOS="2012" VPOS="913" WIDTH="340" HEIGHT="74" CONTENT="Wladislav" WC="0.64" CC="560070650"/>
						<SP ID="P56_SP00034" HPOS="2352" VPOS="999" WIDTH="46"/>
						<String ID="P56_ST00040" HPOS="2398" VPOS="919" WIDTH="311" HEIGHT="69" CONTENT="bedienen" WC="0.99" CC="70070501"/>
						<SP ID="P56_SP00035" HPOS="2709" VPOS="999" WIDTH="47"/>
						<String ID="P56_ST00041" HPOS="2756" VPOS="948" WIDTH="80" HEIGHT="39" CONTENT="zu" WC="0.75" CC="04"/>
						<SP ID="P56_SP00036" HPOS="2836" VPOS="999" WIDTH="47"/>
						<String ID="P56_ST00042" HPOS="2883" VPOS="917" WIDTH="227" HEIGHT="71" CONTENT="dürfen" WC="0.99" CC="005604"/>
						<SP ID="P56_SP00037" HPOS="3110" VPOS="999" WIDTH="49"/>
						<String ID="P56_ST00043" HPOS="3159" VPOS="920" WIDTH="133" HEIGHT="70" CONTENT="und" WC="1.00" CC="000"/>
					</TextLine>
					<TextLine ID="P56_TL00007" HPOS="1082" VPOS="1004" WIDTH="2209" HEIGHT="90">
						<String ID="P56_ST00044" HPOS="1082" VPOS="1004" WIDTH="191" HEIGHT="78" CONTENT="doch," WC="0.99" CC="00071"/>
						<SP ID="P56_SP00038" HPOS="1273" VPOS="1082" WIDTH="26"/>
						<String ID="P56_ST00045" HPOS="1299" VPOS="1033" WIDTH="110" HEIGHT="40" CONTENT="um" WC="0.76" CC="40"/>
						<SP ID="P56_SP00039" HPOS="1409" VPOS="1082" WIDTH="24"/>
						<String ID="P56_ST00046" HPOS="1433" VPOS="1006" WIDTH="174" HEIGHT="69" CONTENT="seine" WC="0.99" CC="00700"/>
						<SP ID="P56_SP00040" HPOS="1607" VPOS="1082" WIDTH="18"/>
						<String ID="P56_ST00047" HPOS="1625" VPOS="1005" WIDTH="227" HEIGHT="71" CONTENT="Pflicht" WC="0.99" CC="2006070"/>
						<SP ID="P56_SP00041" HPOS="1852" VPOS="1082" WIDTH="24"/>
						<String ID="P56_ST00048" HPOS="1876" VPOS="1037" WIDTH="79" HEIGHT="38" CONTENT="zu" WC="0.82" CC="03"/>
						<SP ID="P56_SP00042" HPOS="1955" VPOS="1082" WIDTH="25"/>
						<String ID="P56_ST00049" HPOS="1980" VPOS="1006" WIDTH="291" HEIGHT="74" CONTENT="erfüllen." WC="0.99" CC="007007004"/>
						<SP ID="P56_SP00043" HPOS="2271" VPOS="1082" WIDTH="34"/>
						<String ID="P56_ST00050" HPOS="2305" VPOS="1010" WIDTH="87" HEIGHT="69" CONTENT="Er" WC="0.78" CC="13"/>
						<SP ID="P56_SP00044" HPOS="2392" VPOS="1082" WIDTH="16"/>
						<String ID="P56_ST00051" HPOS="2408" VPOS="1038" WIDTH="125" HEIGHT="43" CONTENT="war" WC="1.00" CC="000"/>
						<SP ID="P56_SP00045" HPOS="2533" VPOS="1082" WIDTH="17"/>
						<String ID="P56_ST00052" HPOS="2550" VPOS="1011" WIDTH="103" HEIGHT="69" CONTENT="ein" WC="0.97" CC="070"/>
						<SP ID="P56_SP00046" HPOS="2653" VPOS="1082" WIDTH="21"/>
						<String ID="P56_ST00053" HPOS="2674" VPOS="1011" WIDTH="204" HEIGHT="83" CONTENT="wenig" WC="0.99" CC="00170"/>
						<SP ID="P56_SP00047" HPOS="2878" VPOS="1094" WIDTH="18"/>
						<String ID="P56_ST00054" HPOS="2896" VPOS="1040" WIDTH="352" HEIGHT="41" CONTENT="zusammen" SUBS_TYPE="HypPart1" SUBS_CONTENT="zusammengeknickt" WC="1.00" CC="03000000"/>
						<HYP HPOS="3248" VPOS="1040" WIDTH="43" CONTENT="-"/>
					</TextLine>
					<TextLine ID="P56_TL00008" HPOS="1081" VPOS="1095" WIDTH="2211" HEIGHT="86">
						<String ID="P56_ST00055" HPOS="1081" VPOS="1095" WIDTH="293" HEIGHT="84" CONTENT="geknickt" SUBS_TYPE="HypPart2" SUBS_CONTENT="zusammengeknickt" WC="0.99" CC="00447040"/>
						<SP ID="P56_SP00048" HPOS="1374" VPOS="1179" WIDTH="28"/>
						<String ID="P56_ST00056" HPOS="1402" VPOS="1098" WIDTH="131" HEIGHT="68" CONTENT="und" WC="0.98" CC="400"/>
						<SP ID="P56_SP00049" HPOS="1533" VPOS="1179" WIDTH="37"/>
						<String ID="P56_ST00057" HPOS="1570" VPOS="1096" WIDTH="262" HEIGHT="71" CONTENT="schaute" WC="0.99" CC="0073400"/>
						<SP ID="P56_SP00050" HPOS="1832" VPOS="1179" WIDTH="24"/>
						<String ID="P56_ST00058" HPOS="1856" VPOS="1100" WIDTH="562" HEIGHT="81" CONTENT="geistesabwesend" WC="1.00" CC="602000007000060"/>
						<SP ID="P56_SP00051" HPOS="2418" VPOS="1181" WIDTH="24"/>
						<String ID="P56_ST00059" HPOS="2442" VPOS="1129" WIDTH="115" HEIGHT="42" CONTENT="vor" WC="0.99" CC="030"/>
						<SP ID="P56_SP00052" HPOS="2557" VPOS="1181" WIDTH="23"/>
						<String ID="P56_ST00060" HPOS="2580" VPOS="1100" WIDTH="137" HEIGHT="71" CONTENT="sich" WC="0.97" CC="0607"/>
						<SP ID="P56_SP00053" HPOS="2717" VPOS="1181" WIDTH="26"/>
						<String ID="P56_ST00061" HPOS="2743" VPOS="1100" WIDTH="149" HEIGHT="80" CONTENT="hin;" WC="0.95" CC="7646"/>
						<SP ID="P56_SP00054" HPOS="2892" VPOS="1181" WIDTH="36"/>
						<String ID="P56_ST00062" HPOS="2928" VPOS="1104" WIDTH="174" HEIGHT="69" CONTENT="seine" WC="0.98" CC="00660"/>
						<SP ID="P56_SP00055" HPOS="3102" VPOS="1181" WIDTH="34"/>
						<String ID="P56_ST00063" HPOS="3136" VPOS="1101" WIDTH="117" HEIGHT="72" CONTENT="Hal" SUBS_TYPE="HypPart1" SUBS_CONTENT="Haltung" WC="0.98" CC="015"/>
						<HYP HPOS="3253" VPOS="1101" WIDTH="39" CONTENT="-"/>
					</TextLine>
					<TextLine ID="P56_TL00009" HPOS="1080" VPOS="1188" WIDTH="2213" HEIGHT="91">
						<String ID="P56_ST00064" HPOS="1080" VPOS="1206" WIDTH="160" HEIGHT="66" CONTENT="tung" SUBS_TYPE="HypPart2" SUBS_CONTENT="Haltung" WC="0.99" CC="0400"/>
						<SP ID="P56_SP00056" HPOS="1240" VPOS="1272" WIDTH="33"/>
						<String ID="P56_ST00065" HPOS="1273" VPOS="1189" WIDTH="220" HEIGHT="70" CONTENT="wurde" WC="0.99" CC="04000"/>
						<SP ID="P56_SP00057" HPOS="1493" VPOS="1272" WIDTH="31"/>
						<String ID="P56_ST00066" HPOS="1524" VPOS="1188" WIDTH="315" HEIGHT="72" CONTENT="schlaffer." WC="0.99" CC="0076077022"/>
						<SP ID="P56_SP00058" HPOS="1839" VPOS="1272" WIDTH="36"/>
						<String ID="P56_ST00067" HPOS="1875" VPOS="1190" WIDTH="338" HEIGHT="73" CONTENT="Wladislav" WC="0.70" CC="503050713"/>
						<SP ID="P56_SP00059" HPOS="2213" VPOS="1272" WIDTH="30"/>
						<String ID="P56_ST00068" HPOS="2243" VPOS="1194" WIDTH="151" HEIGHT="70" CONTENT="aber" WC="0.98" CC="0702"/>
						<SP ID="P56_SP00060" HPOS="2394" VPOS="1272" WIDTH="32"/>
						<String ID="P56_ST00069" HPOS="2426" VPOS="1194" WIDTH="220" HEIGHT="70" CONTENT="wurde" WC="1.00" CC="00200"/>
						<SP ID="P56_SP00061" HPOS="2646" VPOS="1272" WIDTH="34"/>
						<String ID="P56_ST00070" HPOS="2680" VPOS="1193" WIDTH="206" HEIGHT="70" CONTENT="durch" WC="0.99" CC="02007"/>
						<SP ID="P56_SP00062" HPOS="2886" VPOS="1272" WIDTH="31"/>
						<String ID="P56_ST00071" HPOS="2917" VPOS="1193" WIDTH="376" HEIGHT="86" CONTENT="Aufregung" WC="0.99" CC="007300040"/>
					</TextLine>
					<TextLine ID="P56_TL00010" HPOS="1081" VPOS="1280" WIDTH="2211" HEIGHT="89">
						<String ID="P56_ST00072" HPOS="1081" VPOS="1280" WIDTH="175" HEIGHT="69" CONTENT="wach" WC="0.98" CC="0007"/>
						<SP ID="P56_SP00063" HPOS="1256" VPOS="1349" WIDTH="33"/>
						<String ID="P56_ST00073" HPOS="1289" VPOS="1280" WIDTH="315" HEIGHT="83" CONTENT="gehalten." WC="0.99" CC="807000000"/>
						<SP ID="P56_SP00064" HPOS="1604" VPOS="1363" WIDTH="60"/>
						<String ID="P56_ST00074" HPOS="1664" VPOS="1280" WIDTH="71" HEIGHT="70" CONTENT="In" WC="0.78" CC="40"/>
						<SP ID="P56_SP00065" HPOS="1735" VPOS="1363" WIDTH="36"/>
						<String ID="P56_ST00075" HPOS="1771" VPOS="1280" WIDTH="321" HEIGHT="74" CONTENT="flehender" WC="1.00" CC="000700000"/>
						<SP ID="P56_SP00066" HPOS="2092" VPOS="1363" WIDTH="32"/>
						<String ID="P56_ST00076" HPOS="2124" VPOS="1284" WIDTH="465" HEIGHT="85" CONTENT="Verzweiflung" WC="0.99" CC="005000700309"/>
						<SP ID="P56_SP00067" HPOS="2589" VPOS="1369" WIDTH="31"/>
						<String ID="P56_ST00077" HPOS="2620" VPOS="1284" WIDTH="112" HEIGHT="71" CONTENT="sah" WC="0.97" CC="007"/>
						<SP ID="P56_SP00068" HPOS="2732" VPOS="1369" WIDTH="34"/>
						<String ID="P56_ST00078" HPOS="2766" VPOS="1315" WIDTH="89" HEIGHT="51" CONTENT="er," WC="0.98" CC="050"/>
						<SP ID="P56_SP00069" HPOS="2855" VPOS="1369" WIDTH="35"/>
						<String ID="P56_ST00079" HPOS="2890" VPOS="1286" WIDTH="302" HEIGHT="71" CONTENT="während" WC="0.99" CC="0062000"/>
						<SP ID="P56_SP00070" HPOS="3192" VPOS="1369" WIDTH="32"/>
						<String ID="P56_ST00080" HPOS="3224" VPOS="1315" WIDTH="68" HEIGHT="43" CONTENT="er" WC="0.76" CC="04"/>
					</TextLine>
					<TextLine ID="P56_TL00011" HPOS="1080" VPOS="1371" WIDTH="2212" HEIGHT="90">
						<String ID="P56_ST00081" HPOS="1080" VPOS="1371" WIDTH="137" HEIGHT="71" CONTENT="sich" WC="0.97" CC="0607"/>
						<SP ID="P56_SP00071" HPOS="1217" VPOS="1442" WIDTH="38"/>
						<String ID="P56_ST00082" HPOS="1255" VPOS="1372" WIDTH="324" HEIGHT="80" CONTENT="bemühte," WC="0.99" CC="70007003"/>
						<SP ID="P56_SP00072" HPOS="1579" VPOS="1452" WIDTH="47"/>
						<String ID="P56_ST00083" HPOS="1626" VPOS="1374" WIDTH="203" HEIGHT="70" CONTENT="durch" WC="0.99" CC="02007"/>
						<SP ID="P56_SP00073" HPOS="1829" VPOS="1452" WIDTH="48"/>
						<String ID="P56_ST00084" HPOS="1877" VPOS="1374" WIDTH="440" HEIGHT="87" CONTENT="Bewegungen" WC="1.00" CC="0000006202"/>
						<SP ID="P56_SP00074" HPOS="2317" VPOS="1461" WIDTH="45"/>
						<String ID="P56_ST00085" HPOS="2362" VPOS="1378" WIDTH="155" HEIGHT="70" CONTENT="oder" WC="0.98" CC="4006"/>
						<SP ID="P56_SP00075" HPOS="2517" VPOS="1461" WIDTH="47"/>
						<String ID="P56_ST00086" HPOS="2564" VPOS="1380" WIDTH="149" HEIGHT="68" CONTENT="leise" WC="0.98" CC="60700"/>
						<SP ID="P56_SP00076" HPOS="2713" VPOS="1461" WIDTH="36"/>
						<String ID="P56_ST00087" HPOS="2749" VPOS="1377" WIDTH="391" HEIGHT="83" CONTENT="Geräusche," WC="1.00" CC="2030000702"/>
						<SP ID="P56_SP00077" HPOS="3140" VPOS="1461" WIDTH="49"/>
						<String ID="P56_ST00088" HPOS="3189" VPOS="1380" WIDTH="103" HEIGHT="71" CONTENT="die" WC="0.98" CC="060"/>
					</TextLine>
					<TextLine ID="P56_TL00012" HPOS="1078" VPOS="1465" WIDTH="2214" HEIGHT="85">
						<String ID="P56_ST00089" HPOS="1078" VPOS="1491" WIDTH="70" HEIGHT="42" CONTENT="er" WC="0.70" CC="31"/>
						<SP ID="P56_SP00078" HPOS="1148" VPOS="1533" WIDTH="46"/>
						<String ID="P56_ST00090" HPOS="1194" VPOS="1466" WIDTH="117" HEIGHT="67" CONTENT="mit" WC="0.97" CC="070"/>
						<SP ID="P56_SP00079" HPOS="1311" VPOS="1533" WIDTH="44"/>
						<String ID="P56_ST00091" HPOS="1355" VPOS="1466" WIDTH="146" HEIGHT="70" CONTENT="dem" WC="1.00" CC="000"/>
						<SP ID="P56_SP00080" HPOS="1501" VPOS="1536" WIDTH="35"/>
						<String ID="P56_ST00092" HPOS="1536" VPOS="1465" WIDTH="190" HEIGHT="71" CONTENT="Stuhl" WC="0.98" CC="00076"/>
						<SP ID="P56_SP00081" HPOS="1726" VPOS="1536" WIDTH="34"/>
						<String ID="P56_ST00093" HPOS="1760" VPOS="1468" WIDTH="328" HEIGHT="70" CONTENT="entstehen" WC="1.00" CC="010000702"/>
						<SP ID="P56_SP00082" HPOS="2088" VPOS="1538" WIDTH="38"/>
						<String ID="P56_ST00094" HPOS="2126" VPOS="1471" WIDTH="145" HEIGHT="79" CONTENT="ließ," WC="0.98" CC="67001"/>
						<SP ID="P56_SP00083" HPOS="2271" VPOS="1550" WIDTH="47"/>
						<String ID="P56_ST00095" HPOS="2318" VPOS="1471" WIDTH="361" HEIGHT="71" CONTENT="Wratislavs" WC="0.75" CC="5510604000"/>
						<SP ID="P56_SP00084" HPOS="2679" VPOS="1550" WIDTH="42"/>
						<String ID="P56_ST00096" HPOS="2721" VPOS="1471" WIDTH="571" HEIGHT="71" CONTENT="Aufmerksamkeit" WC="1.00" CC="34700060000070"/>
					</TextLine>
					<TextLine ID="P56_TL00013" HPOS="1078" VPOS="1555" WIDTH="2214" HEIGHT="86">
						<String ID="P56_ST00097" HPOS="1078" VPOS="1555" WIDTH="111" HEIGHT="71" CONTENT="auf" WC="0.98" CC="006"/>
						<SP ID="P56_SP00085" HPOS="1189" VPOS="1626" WIDTH="24"/>
						<String ID="P56_ST00098" HPOS="1213" VPOS="1556" WIDTH="135" HEIGHT="71" CONTENT="sich" WC="0.97" CC="0607"/>
						<SP ID="P56_SP00086" HPOS="1348" VPOS="1627" WIDTH="28"/>
						<String ID="P56_ST00099" HPOS="1376" VPOS="1588" WIDTH="80" HEIGHT="38" CONTENT="zu" WC="1.00" CC="00"/>
						<SP ID="P56_SP00087" HPOS="1456" VPOS="1627" WIDTH="29"/>
						<String ID="P56_ST00100" HPOS="1485" VPOS="1559" WIDTH="246" HEIGHT="80" CONTENT="lenken," WC="0.99" CC="6040012"/>
						<SP ID="P56_SP00088" HPOS="1731" VPOS="1639" WIDTH="29"/>
						<String ID="P56_ST00101" HPOS="1760" VPOS="1589" WIDTH="147" HEIGHT="41" CONTENT="zum" WC="0.99" CC="020"/>
						<SP ID="P56_SP00089" HPOS="1907" VPOS="1639" WIDTH="30"/>
						<String ID="P56_ST00102" HPOS="1937" VPOS="1560" WIDTH="239" HEIGHT="71" CONTENT="Grafen" WC="0.99" CC="340601"/>
						<SP ID="P56_SP00090" HPOS="2176" VPOS="1639" WIDTH="34"/>
						<String ID="P56_ST00103" HPOS="2210" VPOS="1561" WIDTH="304" HEIGHT="80" CONTENT="hinüber;" WC="0.98" CC="77407007"/>
						<SP ID="P56_SP00091" HPOS="2514" VPOS="1641" WIDTH="26"/>
						<String ID="P56_ST00104" HPOS="2540" VPOS="1565" WIDTH="228" HEIGHT="67" CONTENT="immer" WC="0.99" CC="70001"/>
						<SP ID="P56_SP00092" HPOS="2768" VPOS="1641" WIDTH="22"/>
						<String ID="P56_ST00105" HPOS="2790" VPOS="1561" WIDTH="162" HEIGHT="71" CONTENT="öfter" WC="0.99" CC="07400"/>
						<SP ID="P56_SP00093" HPOS="2952" VPOS="1641" WIDTH="25"/>
						<String ID="P56_ST00106" HPOS="2977" VPOS="1564" WIDTH="315" HEIGHT="71" CONTENT="entstellte" WC="1.00" CC="0000000500"/>
					</TextLine>
					<TextLine ID="P56_TL00014" HPOS="1077" VPOS="1648" WIDTH="2211" HEIGHT="83">
						<String ID="P56_ST00107" HPOS="1077" VPOS="1648" WIDTH="136" HEIGHT="71" CONTENT="sich" WC="0.97" CC="0607"/>
						<SP ID="P56_SP00094" HPOS="1213" VPOS="1719" WIDTH="33"/>
						<String ID="P56_ST00108" HPOS="1246" VPOS="1651" WIDTH="135" HEIGHT="68" CONTENT="sein" WC="0.99" CC="0060"/>
						<SP ID="P56_SP00095" HPOS="1381" VPOS="1719" WIDTH="40"/>
						<String ID="P56_ST00109" HPOS="1421" VPOS="1649" WIDTH="289" HEIGHT="82" CONTENT="Gesicht," WC="0.99" CC="20040700"/>
						<SP ID="P56_SP00096" HPOS="1710" VPOS="1731" WIDTH="34"/>
						<String ID="P56_ST00110" HPOS="1744" VPOS="1653" WIDTH="136" HEIGHT="68" CONTENT="und" WC="0.97" CC="600"/>
						<SP ID="P56_SP00097" HPOS="1880" VPOS="1731" WIDTH="35"/>
						<String ID="P56_ST00111" HPOS="1915" VPOS="1655" WIDTH="226" HEIGHT="69" CONTENT="immer" WC="0.99" CC="60000"/>
						<SP ID="P56_SP00098" HPOS="2141" VPOS="1731" WIDTH="22"/>
						<String ID="P56_ST00112" HPOS="2163" VPOS="1654" WIDTH="310" HEIGHT="71" CONTENT="schwerer" WC="1.00" CC="00700000"/>
						<SP ID="P56_SP00099" HPOS="2473" VPOS="1731" WIDTH="23"/>
						<String ID="P56_ST00113" HPOS="2496" VPOS="1654" WIDTH="237" HEIGHT="71" CONTENT="konnte" WC="0.99" CC="000700"/>
						<SP ID="P56_SP00100" HPOS="2733" VPOS="1731" WIDTH="24"/>
						<String ID="P56_ST00114" HPOS="2757" VPOS="1683" WIDTH="69" HEIGHT="42" CONTENT="er" WC="1.00" CC="00"/>
						<SP ID="P56_SP00101" HPOS="2826" VPOS="1731" WIDTH="25"/>
						<String ID="P56_ST00115" HPOS="2851" VPOS="1655" WIDTH="224" HEIGHT="70" CONTENT="dessen" WC="1.00" CC="000000"/>
						<SP ID="P56_SP00102" HPOS="3075" VPOS="1731" WIDTH="28"/>
						<String ID="P56_ST00116" HPOS="3103" VPOS="1655" WIDTH="139" HEIGHT="71" CONTENT="Mus" SUBS_TYPE="HypPart1" SUBS_CONTENT="Muskeln" WC="0.99" CC="000"/>
						<HYP HPOS="3242" VPOS="1655" WIDTH="46" CONTENT="-"/>
					</TextLine>
					<TextLine ID="P56_TL00015" HPOS="1080" VPOS="1740" WIDTH="2208" HEIGHT="90">
						<String ID="P56_ST00117" HPOS="1080" VPOS="1740" WIDTH="146" HEIGHT="71" CONTENT="keln" SUBS_TYPE="HypPart2" SUBS_CONTENT="Muskeln" WC="0.99" CC="0030"/>
						<SP ID="P56_SP00103" HPOS="1226" VPOS="1811" WIDTH="38"/>
						<String ID="P56_ST00118" HPOS="1264" VPOS="1740" WIDTH="447" HEIGHT="73" CONTENT="beherrschen." WC="0.99" CC="707003017004"/>
						<SP ID="P56_SP00104" HPOS="1711" VPOS="1813" WIDTH="34"/>
						<String ID="P56_ST00119" HPOS="1745" VPOS="1743" WIDTH="158" HEIGHT="71" CONTENT="Nun" WC="0.98" CC="320"/>
						<SP ID="P56_SP00105" HPOS="1903" VPOS="1814" WIDTH="35"/>
						<String ID="P56_ST00120" HPOS="1938" VPOS="1775" WIDTH="125" HEIGHT="40" CONTENT="war" WC="0.99" CC="003"/>
						<SP ID="P56_SP00106" HPOS="2063" VPOS="1815" WIDTH="33"/>
						<String ID="P56_ST00121" HPOS="2096" VPOS="1745" WIDTH="197" HEIGHT="71" CONTENT="schon" WC="0.98" CC="00727"/>
						<SP ID="P56_SP00107" HPOS="2293" VPOS="1816" WIDTH="38"/>
						<String ID="P56_ST00122" HPOS="2331" VPOS="1748" WIDTH="179" HEIGHT="82" CONTENT="lange" WC="1.00" CC="00000"/>
						<SP ID="P56_SP00108" HPOS="2510" VPOS="1830" WIDTH="24"/>
						<String ID="P56_ST00123" HPOS="2534" VPOS="1745" WIDTH="138" HEIGHT="71" CONTENT="Zeit" WC="0.98" CC="0070"/>
						<SP ID="P56_SP00109" HPOS="2672" VPOS="1830" WIDTH="33"/>
						<String ID="P56_ST00124" HPOS="2705" VPOS="1776" WIDTH="380" HEIGHT="54" CONTENT="vergangen." WC="0.99" CC="0008006002"/>
						<SP ID="P56_SP00110" HPOS="3085" VPOS="1830" WIDTH="36"/>
						<String ID="P56_ST00125" HPOS="3121" VPOS="1748" WIDTH="126" HEIGHT="71" CONTENT="Wla" SUBS_TYPE="HypPart1" SUBS_CONTENT="Wladislav" WC="0.69" CC="450"/>
						<HYP HPOS="3247" VPOS="1748" WIDTH="41" CONTENT="-"/>
					</TextLine>
					<TextLine ID="P56_TL00016" HPOS="1077" VPOS="1833" WIDTH="2214" HEIGHT="91">
						<String ID="P56_ST00126" HPOS="1077" VPOS="1833" WIDTH="201" HEIGHT="71" CONTENT="dislav" SUBS_TYPE="HypPart2" SUBS_CONTENT="Wladislav" WC="0.77" CC="070600"/>
						<SP ID="P56_SP00111" HPOS="1278" VPOS="1904" WIDTH="32"/>
						<String ID="P56_ST00127" HPOS="1310" VPOS="1835" WIDTH="241" HEIGHT="70" CONTENT="seufzte" WC="0.99" CC="0056000"/>
						<SP ID="P56_SP00112" HPOS="1551" VPOS="1905" WIDTH="32"/>
						<String ID="P56_ST00128" HPOS="1583" VPOS="1837" WIDTH="409" HEIGHT="84" CONTENT="unglücklich" WC="0.99" CC="02060000707"/>
						<SP ID="P56_SP00113" HPOS="1992" VPOS="1921" WIDTH="33"/>
						<String ID="P56_ST00129" HPOS="2025" VPOS="1839" WIDTH="129" HEIGHT="79" CONTENT="auf," WC="0.97" CC="0570"/>
						<SP ID="P56_SP00114" HPOS="2154" VPOS="1921" WIDTH="34"/>
						<String ID="P56_ST00130" HPOS="2188" VPOS="1838" WIDTH="114" HEIGHT="71" CONTENT="der" WC="0.99" CC="002"/>
						<SP ID="P56_SP00115" HPOS="2302" VPOS="1921" WIDTH="34"/>
						<String ID="P56_ST00131" HPOS="2336" VPOS="1839" WIDTH="160" HEIGHT="70" CONTENT="Graf" WC="0.98" CC="1106"/>
						<SP ID="P56_SP00116" HPOS="2496" VPOS="1921" WIDTH="34"/>
						<String ID="P56_ST00132" HPOS="2530" VPOS="1839" WIDTH="128" HEIGHT="69" CONTENT="hob" WC="0.95" CC="707"/>
						<SP ID="P56_SP00117" HPOS="2658" VPOS="1921" WIDTH="36"/>
						<String ID="P56_ST00133" HPOS="2694" VPOS="1842" WIDTH="122" HEIGHT="68" CONTENT="den" WC="0.99" CC="002"/>
						<SP ID="P56_SP00118" HPOS="2816" VPOS="1921" WIDTH="30"/>
						<String ID="P56_ST00134" HPOS="2846" VPOS="1839" WIDTH="181" HEIGHT="85" CONTENT="Kopf" WC="0.96" CC="5406"/>
						<SP ID="P56_SP00119" HPOS="3027" VPOS="1924" WIDTH="29"/>
						<String ID="P56_ST00135" HPOS="3056" VPOS="1841" WIDTH="137" HEIGHT="69" CONTENT="und" WC="0.98" CC="500"/>
						<SP ID="P56_SP00120" HPOS="3193" VPOS="1924" WIDTH="31"/>
						<String ID="P56_ST00136" HPOS="3224" VPOS="1871" WIDTH="67" HEIGHT="41" CONTENT="es" WC="1.00" CC="00"/>
					</TextLine>
					<TextLine ID="P56_TL00017" HPOS="1077" VPOS="1926" WIDTH="2211" HEIGHT="90">
						<String ID="P56_ST00137" HPOS="1077" VPOS="1926" WIDTH="165" HEIGHT="80" CONTENT="kam," WC="1.00" CC="0000"/>
						<SP ID="P56_SP00121" HPOS="1242" VPOS="2006" WIDTH="47"/>
						<String ID="P56_ST00138" HPOS="1289" VPOS="1927" WIDTH="125" HEIGHT="69" CONTENT="daß" WC="1.00" CC="000"/>
						<SP ID="P56_SP00122" HPOS="1414" VPOS="2006" WIDTH="45"/>
						<String ID="P56_ST00139" HPOS="1459" VPOS="1929" WIDTH="91" HEIGHT="69" CONTENT="sie" WC="0.98" CC="040"/>
						<SP ID="P56_SP00123" HPOS="1550" VPOS="2006" WIDTH="44"/>
						<String ID="P56_ST00140" HPOS="1594" VPOS="1929" WIDTH="302" HEIGHT="70" CONTENT="einander" WC="1.00" CC="06000003"/>
						<SP ID="P56_SP00124" HPOS="1896" VPOS="2006" WIDTH="46"/>
						<String ID="P56_ST00141" HPOS="1942" VPOS="1931" WIDTH="179" HEIGHT="82" CONTENT="lange" WC="0.97" CC="73390"/>
						<SP ID="P56_SP00125" HPOS="2121" VPOS="2013" WIDTH="45"/>
						<String ID="P56_ST00142" HPOS="2166" VPOS="1931" WIDTH="309" HEIGHT="80" CONTENT="ansahen;" WC="0.99" CC="06007006"/>
						<SP ID="P56_SP00126" HPOS="2475" VPOS="2013" WIDTH="47"/>
						<String ID="P56_ST00143" HPOS="2522" VPOS="1933" WIDTH="112" HEIGHT="69" CONTENT="der" WC="1.00" CC="000"/>
						<SP ID="P56_SP00127" HPOS="2634" VPOS="2013" WIDTH="37"/>
						<String ID="P56_ST00144" HPOS="2671" VPOS="1931" WIDTH="160" HEIGHT="71" CONTENT="Graf" WC="0.98" CC="1006"/>
						<SP ID="P56_SP00128" HPOS="2831" VPOS="2013" WIDTH="43"/>
						<String ID="P56_ST00145" HPOS="2874" VPOS="1935" WIDTH="140" HEIGHT="68" CONTENT="teils" WC="0.97" CC="50660"/>
						<SP ID="P56_SP00129" HPOS="3014" VPOS="2013" WIDTH="36"/>
						<String ID="P56_ST00146" HPOS="3050" VPOS="1933" WIDTH="204" HEIGHT="83" CONTENT="gleich" SUBS_TYPE="HypPart1" SUBS_CONTENT="gleichgütig," WC="0.97" CC="970717"/>
						<HYP HPOS="3254" VPOS="1933" WIDTH="34" CONTENT="-"/>
					</TextLine>
					<TextLine ID="P56_TL00018" HPOS="1077" VPOS="2018" WIDTH="2211" HEIGHT="87">
						<String ID="P56_ST00147" HPOS="1077" VPOS="2018" WIDTH="201" HEIGHT="83" CONTENT="gütig," SUBS_TYPE="HypPart2" SUBS_CONTENT="gleichgütig," WC="0.99" CC="070501"/>
						<SP ID="P56_SP00130" HPOS="1278" VPOS="2101" WIDTH="46"/>
						<String ID="P56_ST00148" HPOS="1324" VPOS="2020" WIDTH="141" HEIGHT="68" CONTENT="teils" WC="0.99" CC="00600"/>
						<SP ID="P56_SP00131" HPOS="1465" VPOS="2101" WIDTH="47"/>
						<String ID="P56_ST00149" HPOS="1512" VPOS="2039" WIDTH="302" HEIGHT="61" CONTENT="erstaunt," WC="1.00" CC="070000031"/>
						<SP ID="P56_SP00132" HPOS="1814" VPOS="2101" WIDTH="51"/>
						<String ID="P56_ST00150" HPOS="1865" VPOS="2021" WIDTH="339" HEIGHT="71" CONTENT="Wladislav" WC="0.87" CC="000060400"/>
						<SP ID="P56_SP00133" HPOS="2204" VPOS="2101" WIDTH="44"/>
						<String ID="P56_ST00151" HPOS="2248" VPOS="2023" WIDTH="437" HEIGHT="70" CONTENT="vorwurfsvoll" WC="1.00" CC="031003700007"/>
						<SP ID="P56_SP00134" HPOS="2685" VPOS="2101" WIDTH="48"/>
						<String ID="P56_ST00152" HPOS="2733" VPOS="2026" WIDTH="136" HEIGHT="67" CONTENT="und" WC="0.99" CC="030"/>
						<SP ID="P56_SP00135" HPOS="2869" VPOS="2101" WIDTH="47"/>
						<String ID="P56_ST00153" HPOS="2916" VPOS="2023" WIDTH="372" HEIGHT="82" CONTENT="haßerfüllt;" WC="0.99" CC="70000600506"/>
					</TextLine>
					<TextLine ID="P56_TL00019" HPOS="1078" VPOS="2110" WIDTH="2212" HEIGHT="86">
						<String ID="P56_ST00154" HPOS="1078" VPOS="2111" WIDTH="168" HEIGHT="69" CONTENT="dann" WC="0.99" CC="0040"/>
						<SP ID="P56_SP00136" HPOS="1246" VPOS="2180" WIDTH="40"/>
						<String ID="P56_ST00155" HPOS="1286" VPOS="2110" WIDTH="232" HEIGHT="71" CONTENT="blickte" WC="0.99" CC="7073000"/>
						<SP ID="P56_SP00137" HPOS="1518" VPOS="2181" WIDTH="34"/>
						<String ID="P56_ST00156" HPOS="1552" VPOS="2112" WIDTH="112" HEIGHT="69" CONTENT="der" WC="1.00" CC="000"/>
						<SP ID="P56_SP00138" HPOS="1664" VPOS="2181" WIDTH="37"/>
						<String ID="P56_ST00157" HPOS="1701" VPOS="2111" WIDTH="161" HEIGHT="71" CONTENT="Graf" WC="0.97" CC="2206"/>
						<SP ID="P56_SP00139" HPOS="1862" VPOS="2182" WIDTH="29"/>
						<String ID="P56_ST00158" HPOS="1891" VPOS="2115" WIDTH="234" HEIGHT="68" CONTENT="wieder" WC="0.98" CC="060901"/>
						<SP ID="P56_SP00140" HPOS="2125" VPOS="2183" WIDTH="34"/>
						<String ID="P56_ST00159" HPOS="2159" VPOS="2115" WIDTH="163" HEIGHT="71" CONTENT="nach" WC="0.97" CC="7007"/>
						<SP ID="P56_SP00141" HPOS="2322" VPOS="2186" WIDTH="33"/>
						<String ID="P56_ST00160" HPOS="2355" VPOS="2134" WIDTH="197" HEIGHT="52" CONTENT="unten" WC="0.98" CC="60005"/>
						<SP ID="P56_SP00142" HPOS="2552" VPOS="2186" WIDTH="49"/>
						<String ID="P56_ST00161" HPOS="2601" VPOS="2116" WIDTH="136" HEIGHT="69" CONTENT="und" WC="0.98" CC="410"/>
						<SP ID="P56_SP00143" HPOS="2737" VPOS="2186" WIDTH="34"/>
						<String ID="P56_ST00162" HPOS="2771" VPOS="2116" WIDTH="365" HEIGHT="80" CONTENT="Wladislav," WC="0.85" CC="0000706000"/>
						<SP ID="P56_SP00144" HPOS="3136" VPOS="2196" WIDTH="34"/>
						<String ID="P56_ST00163" HPOS="3170" VPOS="2119" WIDTH="120" HEIGHT="70" CONTENT="wie" WC="0.97" CC="070"/>
					</TextLine>
					<TextLine ID="P56_TL00020" HPOS="1076" VPOS="2204" WIDTH="2211" HEIGHT="90">
						<String ID="P56_ST00164" HPOS="1076" VPOS="2204" WIDTH="65" HEIGHT="67" CONTENT="in" WC="0.63" CC="70"/>
						<SP ID="P56_SP00145" HPOS="1141" VPOS="2271" WIDTH="38"/>
						<String ID="P56_ST00165" HPOS="1179" VPOS="2204" WIDTH="482" HEIGHT="71" CONTENT="verzweifeltem" WC="1.00" CC="0002000700000"/>
						<SP ID="P56_SP00146" HPOS="1661" VPOS="2275" WIDTH="31"/>
						<String ID="P56_ST00166" HPOS="1692" VPOS="2205" WIDTH="229" HEIGHT="80" CONTENT="Gebet," WC="0.99" CC="407002"/>
						<SP ID="P56_SP00147" HPOS="1921" VPOS="2285" WIDTH="38"/>
						<String ID="P56_ST00167" HPOS="1959" VPOS="2206" WIDTH="161" HEIGHT="69" CONTENT="nach" WC="0.98" CC="0007"/>
						<SP ID="P56_SP00148" HPOS="2120" VPOS="2285" WIDTH="34"/>
						<String ID="P56_ST00168" HPOS="2154" VPOS="2206" WIDTH="188" HEIGHT="71" CONTENT="oben." WC="0.97" CC="47033"/>
						<SP ID="P56_SP00149" HPOS="2342" VPOS="2285" WIDTH="59"/>
						<String ID="P56_ST00169" HPOS="2401" VPOS="2209" WIDTH="86" HEIGHT="68" CONTENT="Er" WC="0.84" CC="03"/>
						<SP ID="P56_SP00150" HPOS="2487" VPOS="2285" WIDTH="34"/>
						<String ID="P56_ST00170" HPOS="2521" VPOS="2208" WIDTH="393" HEIGHT="71" CONTENT="betrachtete" WC="0.99" CC="70040070030"/>
						<SP ID="P56_SP00151" HPOS="2914" VPOS="2285" WIDTH="35"/>
						<String ID="P56_ST00171" HPOS="2949" VPOS="2210" WIDTH="182" HEIGHT="84" CONTENT="lange" WC="0.98" CC="05060"/>
						<SP ID="P56_SP00152" HPOS="3131" VPOS="2294" WIDTH="33"/>
						<String ID="P56_ST00172" HPOS="3164" VPOS="2210" WIDTH="123" HEIGHT="71" CONTENT="den" WC="0.99" CC="002"/>
					</TextLine>
					<TextLine ID="P56_TL00021" HPOS="1080" VPOS="2294" WIDTH="2207" HEIGHT="93">
						<String ID="P56_ST00173" HPOS="1080" VPOS="2294" WIDTH="265" HEIGHT="81" CONTENT="Grafen," WC="0.99" CC="1007064"/>
						<SP ID="P56_SP00153" HPOS="1345" VPOS="2375" WIDTH="46"/>
						<String ID="P56_ST00174" HPOS="1391" VPOS="2298" WIDTH="113" HEIGHT="68" CONTENT="der" WC="0.99" CC="003"/>
						<SP ID="P56_SP00154" HPOS="1504" VPOS="2375" WIDTH="44"/>
						<String ID="P56_ST00175" HPOS="1548" VPOS="2296" WIDTH="475" HEIGHT="86" CONTENT="bewegungslos" WC="1.00" CC="700005050300"/>
						<SP ID="P56_SP00155" HPOS="2023" VPOS="2382" WIDTH="44"/>
						<String ID="P56_ST00176" HPOS="2067" VPOS="2330" WIDTH="78" HEIGHT="38" CONTENT="zu" WC="0.97" CC="00"/>
						<SP ID="P56_SP00156" HPOS="2145" VPOS="2382" WIDTH="52"/>
						<String ID="P56_ST00177" HPOS="2197" VPOS="2299" WIDTH="218" HEIGHT="71" CONTENT="Boden" WC="0.98" CC="24007"/>
						<SP ID="P56_SP00157" HPOS="2415" VPOS="2382" WIDTH="47"/>
						<String ID="P56_ST00178" HPOS="2462" VPOS="2300" WIDTH="281" HEIGHT="80" CONTENT="schaute," WC="0.99" CC="01705000"/>
						<SP ID="P56_SP00158" HPOS="2743" VPOS="2382" WIDTH="60"/>
						<String ID="P56_ST00179" HPOS="2803" VPOS="2304" WIDTH="118" HEIGHT="66" CONTENT="mit" WC="0.97" CC="070"/>
						<SP ID="P56_SP00159" HPOS="2921" VPOS="2382" WIDTH="45"/>
						<String ID="P56_ST00180" HPOS="2966" VPOS="2303" WIDTH="321" HEIGHT="84" CONTENT="traurigen" WC="0.99" CC="000007504"/>
					</TextLine>
					<TextLine ID="P56_TL00022" HPOS="1075" VPOS="2387" WIDTH="2213" HEIGHT="85">
						<String ID="P56_ST00181" HPOS="1075" VPOS="2389" WIDTH="138" HEIGHT="68" CONTENT="und" WC="0.98" CC="500"/>
						<SP ID="P56_SP00160" HPOS="1213" VPOS="2457" WIDTH="46"/>
						<String ID="P56_ST00182" HPOS="1259" VPOS="2387" WIDTH="345" HEIGHT="83" CONTENT="fragenden" WC="0.99" CC="600802000"/>
						<SP ID="P56_SP00161" HPOS="1604" VPOS="2470" WIDTH="35"/>
						<String ID="P56_ST00183" HPOS="1639" VPOS="2389" WIDTH="248" HEIGHT="83" CONTENT="Augen," WC="0.98" CC="068041"/>
						<SP ID="P56_SP00162" HPOS="1887" VPOS="2472" WIDTH="49"/>
						<String ID="P56_ST00184" HPOS="1936" VPOS="2392" WIDTH="171" HEIGHT="68" CONTENT="dann" WC="1.00" CC="0000"/>
						<SP ID="P56_SP00163" HPOS="2107" VPOS="2472" WIDTH="50"/>
						<String ID="P56_ST00185" HPOS="2157" VPOS="2392" WIDTH="259" HEIGHT="68" CONTENT="endlich" WC="0.99" CC="0001717"/>
						<SP ID="P56_SP00164" HPOS="2416" VPOS="2472" WIDTH="46"/>
						<String ID="P56_ST00186" HPOS="2462" VPOS="2393" WIDTH="149" HEIGHT="70" CONTENT="aber" WC="0.98" CC="0700"/>
						<SP ID="P56_SP00165" HPOS="2611" VPOS="2472" WIDTH="51"/>
						<String ID="P56_ST00187" HPOS="2662" VPOS="2393" WIDTH="220" HEIGHT="70" CONTENT="rührte" WC="0.99" CC="107000"/>
						<SP ID="P56_SP00166" HPOS="2882" VPOS="2472" WIDTH="44"/>
						<String ID="P56_ST00188" HPOS="2926" VPOS="2394" WIDTH="138" HEIGHT="70" CONTENT="sich" WC="0.96" CC="0737"/>
						<SP ID="P56_SP00167" HPOS="3064" VPOS="2472" WIDTH="49"/>
						<String ID="P56_ST00189" HPOS="3113" VPOS="2396" WIDTH="175" HEIGHT="69" CONTENT="seine" WC="0.98" CC="00560"/>
					</TextLine>
					<TextLine ID="P56_TL00023" HPOS="1075" VPOS="2478" WIDTH="2215" HEIGHT="86">
						<String ID="P56_ST00190" HPOS="1075" VPOS="2510" WIDTH="194" HEIGHT="52" CONTENT="ganze" WC="0.99" CC="90000"/>
						<SP ID="P56_SP00168" HPOS="1269" VPOS="2562" WIDTH="36"/>
						<String ID="P56_ST00191" HPOS="1305" VPOS="2478" WIDTH="281" HEIGHT="80" CONTENT="Gestalt;" WC="1.00" CC="30000600"/>
						<SP ID="P56_SP00169" HPOS="1586" VPOS="2562" WIDTH="49"/>
						<String ID="P56_ST00192" HPOS="1635" VPOS="2509" WIDTH="68" HEIGHT="41" CONTENT="er" WC="1.00" CC="00"/>
						<SP ID="P56_SP00170" HPOS="1703" VPOS="2562" WIDTH="51"/>
						<String ID="P56_ST00193" HPOS="1754" VPOS="2481" WIDTH="128" HEIGHT="69" CONTENT="hob" WC="0.95" CC="707"/>
						<SP ID="P56_SP00171" HPOS="1882" VPOS="2562" WIDTH="47"/>
						<String ID="P56_ST00194" HPOS="1929" VPOS="2482" WIDTH="124" HEIGHT="71" CONTENT="den" WC="1.00" CC="000"/>
						<SP ID="P56_SP00172" HPOS="2053" VPOS="2562" WIDTH="45"/>
						<String ID="P56_ST00195" HPOS="2098" VPOS="2482" WIDTH="212" HEIGHT="80" CONTENT="Stuhl," WC="0.98" CC="003753"/>
						<SP ID="P56_SP00173" HPOS="2310" VPOS="2562" WIDTH="47"/>
						<String ID="P56_ST00196" HPOS="2357" VPOS="2484" WIDTH="113" HEIGHT="69" CONTENT="der" WC="1.00" CC="000"/>
						<SP ID="P56_SP00174" HPOS="2470" VPOS="2562" WIDTH="45"/>
						<String ID="P56_ST00197" HPOS="2515" VPOS="2512" WIDTH="112" HEIGHT="42" CONTENT="vor" WC="1.00" CC="000"/>
						<SP ID="P56_SP00175" HPOS="2627" VPOS="2562" WIDTH="34"/>
						<String ID="P56_ST00198" HPOS="2661" VPOS="2484" WIDTH="132" HEIGHT="70" CONTENT="ihm" WC="0.95" CC="770"/>
						<SP ID="P56_SP00176" HPOS="2793" VPOS="2562" WIDTH="34"/>
						<String ID="P56_ST00199" HPOS="2827" VPOS="2487" WIDTH="210" HEIGHT="77" CONTENT="stand," WC="1.00" CC="000001"/>
						<SP ID="P56_SP00177" HPOS="3037" VPOS="2564" WIDTH="46"/>
						<String ID="P56_ST00200" HPOS="3083" VPOS="2487" WIDTH="66" HEIGHT="69" CONTENT="in" WC="0.43" CC="74"/>
						<SP ID="P56_SP00178" HPOS="3149" VPOS="2564" WIDTH="35"/>
						<String ID="P56_ST00201" HPOS="3184" VPOS="2487" WIDTH="106" HEIGHT="70" CONTENT="die" WC="0.97" CC="070"/>
					</TextLine>
					<TextLine ID="P56_TL00024" HPOS="1076" VPOS="2570" WIDTH="2214" HEIGHT="86">
						<String ID="P56_ST00202" HPOS="1076" VPOS="2570" WIDTH="187" HEIGHT="71" CONTENT="Höhe" WC="0.98" CC="0170"/>
						<SP ID="P56_SP00179" HPOS="1263" VPOS="2641" WIDTH="34"/>
						<String ID="P56_ST00203" HPOS="1297" VPOS="2572" WIDTH="136" HEIGHT="69" CONTENT="und" WC="0.97" CC="430"/>
						<SP ID="P56_SP00180" HPOS="1433" VPOS="2641" WIDTH="33"/>
						<String ID="P56_ST00204" HPOS="1466" VPOS="2572" WIDTH="162" HEIGHT="70" CONTENT="stieß" WC="0.99" CC="00700"/>
						<SP ID="P56_SP00181" HPOS="1628" VPOS="2642" WIDTH="35"/>
						<String ID="P56_ST00205" HPOS="1663" VPOS="2572" WIDTH="110" HEIGHT="70" CONTENT="ihn" WC="0.95" CC="770"/>
						<SP ID="P56_SP00182" HPOS="1773" VPOS="2642" WIDTH="37"/>
						<String ID="P56_ST00206" HPOS="1810" VPOS="2573" WIDTH="318" HEIGHT="71" CONTENT="krachend" WC="0.99" CC="02007030"/>
						<SP ID="P56_SP00183" HPOS="2128" VPOS="2644" WIDTH="34"/>
						<String ID="P56_ST00207" HPOS="2162" VPOS="2576" WIDTH="232" HEIGHT="70" CONTENT="wieder" WC="0.99" CC="070000"/>
						<SP ID="P56_SP00184" HPOS="2394" VPOS="2646" WIDTH="46"/>
						<String ID="P56_ST00208" HPOS="2440" VPOS="2604" WIDTH="113" HEIGHT="42" CONTENT="zur" WC="0.98" CC="030"/>
						<SP ID="P56_SP00185" HPOS="2553" VPOS="2646" WIDTH="34"/>
						<String ID="P56_ST00209" HPOS="2587" VPOS="2576" WIDTH="191" HEIGHT="80" CONTENT="Erde," WC="0.98" CC="02901"/>
						<SP ID="P56_SP00186" HPOS="2778" VPOS="2656" WIDTH="65"/>
						<String ID="P56_ST00210" HPOS="2843" VPOS="2580" WIDTH="172" HEIGHT="67" CONTENT="dann" WC="0.99" CC="0041"/>
						<SP ID="P56_SP00187" HPOS="3015" VPOS="2656" WIDTH="35"/>
						<String ID="P56_ST00211" HPOS="3050" VPOS="2578" WIDTH="240" HEIGHT="72" CONTENT="verließ" WC="0.99" CC="0020700"/>
					</TextLine>
					<TextLine ID="P56_TL00025" HPOS="1072" VPOS="2662" WIDTH="1951" HEIGHT="88">
						<String ID="P56_ST00212" HPOS="1072" VPOS="2691" WIDTH="89" HEIGHT="51" CONTENT="er," WC="0.99" CC="001"/>
						<SP ID="P56_SP00188" HPOS="1161" VPOS="2742" WIDTH="38"/>
						<String ID="P56_ST00213" HPOS="1199" VPOS="2662" WIDTH="189" HEIGHT="84" CONTENT="Gang" WC="0.97" CC="1029"/>
						<SP ID="P56_SP00189" HPOS="1388" VPOS="2746" WIDTH="32"/>
						<String ID="P56_ST00214" HPOS="1420" VPOS="2665" WIDTH="136" HEIGHT="68" CONTENT="und" WC="0.98" CC="600"/>
						<SP ID="P56_SP00190" HPOS="1556" VPOS="2746" WIDTH="39"/>
						<String ID="P56_ST00215" HPOS="1595" VPOS="2664" WIDTH="247" HEIGHT="72" CONTENT="Gestalt" WC="0.99" CC="3000060"/>
						<SP ID="P56_SP00191" HPOS="1842" VPOS="2746" WIDTH="33"/>
						<String ID="P56_ST00216" HPOS="1875" VPOS="2697" WIDTH="145" HEIGHT="40" CONTENT="vom" WC="1.00" CC="000"/>
						<SP ID="P56_SP00192" HPOS="2020" VPOS="2746" WIDTH="34"/>
						<String ID="P56_ST00217" HPOS="2054" VPOS="2666" WIDTH="277" HEIGHT="84" CONTENT="Jammer" WC="1.00" CC="000000"/>
						<SP ID="P56_SP00193" HPOS="2331" VPOS="2750" WIDTH="33"/>
						<String ID="P56_ST00218" HPOS="2364" VPOS="2689" WIDTH="297" HEIGHT="60" CONTENT="verzerrt," WC="1.00" CC="000000002"/>
						<SP ID="P56_SP00194" HPOS="2661" VPOS="2750" WIDTH="34"/>
						<String ID="P56_ST00219" HPOS="2695" VPOS="2670" WIDTH="123" HEIGHT="70" CONTENT="den" WC="0.98" CC="004"/>
						<SP ID="P56_SP00195" HPOS="2818" VPOS="2750" WIDTH="38"/>
						<String ID="P56_ST00220" HPOS="2856" VPOS="2670" WIDTH="167" HEIGHT="71" CONTENT="Saal." WC="0.99" CC="02011"/>
					</TextLine>
					<TextLine ID="P56_TL00026" HPOS="1167" VPOS="2756" WIDTH="2119" HEIGHT="88">
						<String ID="P56_ST00221" HPOS="1167" VPOS="2756" WIDTH="132" HEIGHT="70" CONTENT="Der" WC="1.00" CC="000"/>
						<SP ID="P56_SP00196" HPOS="1299" VPOS="2826" WIDTH="30"/>
						<String ID="P56_ST00222" HPOS="1329" VPOS="2756" WIDTH="161" HEIGHT="70" CONTENT="Graf" WC="0.98" CC="0206"/>
						<SP ID="P56_SP00197" HPOS="1490" VPOS="2826" WIDTH="33"/>
						<String ID="P56_ST00223" HPOS="1523" VPOS="2756" WIDTH="169" HEIGHT="71" CONTENT="hatte" WC="0.99" CC="70000"/>
						<SP ID="P56_SP00198" HPOS="1692" VPOS="2827" WIDTH="32"/>
						<String ID="P56_ST00224" HPOS="1724" VPOS="2758" WIDTH="414" HEIGHT="71" CONTENT="erschrocken" WC="1.00" CC="00007034003"/>
						<SP ID="P56_SP00199" HPOS="2138" VPOS="2829" WIDTH="34"/>
						<String ID="P56_ST00225" HPOS="2172" VPOS="2760" WIDTH="436" HEIGHT="84" CONTENT="aufgeschaut," WC="0.99" CC="027000376001"/>
						<SP ID="P56_SP00200" HPOS="2608" VPOS="2844" WIDTH="35"/>
						<String ID="P56_ST00226" HPOS="2643" VPOS="2792" WIDTH="136" HEIGHT="39" CONTENT="nun" WC="0.95" CC="605"/>
						<SP ID="P56_SP00201" HPOS="2779" VPOS="2844" WIDTH="36"/>
						<String ID="P56_ST00227" HPOS="2815" VPOS="2761" WIDTH="170" HEIGHT="71" CONTENT="blieb" WC="0.97" CC="71707"/>
						<SP ID="P56_SP00202" HPOS="2985" VPOS="2844" WIDTH="34"/>
						<String ID="P56_ST00228" HPOS="3019" VPOS="2791" WIDTH="67" HEIGHT="41" CONTENT="er" WC="0.69" CC="06"/>
						<SP ID="P56_SP00203" HPOS="3086" VPOS="2844" WIDTH="35"/>
						<String ID="P56_ST00229" HPOS="3121" VPOS="2763" WIDTH="165" HEIGHT="69" CONTENT="noch" WC="0.97" CC="0527"/>
					</TextLine>
					<TextLine ID="P56_TL00027" HPOS="1071" VPOS="2849" WIDTH="2215" HEIGHT="88">
						<String ID="P56_ST00230" HPOS="1071" VPOS="2878" WIDTH="143" HEIGHT="41" CONTENT="eine" WC="0.98" CC="0360"/>
						<SP ID="P56_SP00204" HPOS="1214" VPOS="2919" WIDTH="44"/>
						<String ID="P56_ST00231" HPOS="1258" VPOS="2849" WIDTH="191" HEIGHT="70" CONTENT="kurze" WC="1.00" CC="03000"/>
						<SP ID="P56_SP00205" HPOS="1449" VPOS="2919" WIDTH="35"/>
						<String ID="P56_ST00232" HPOS="1484" VPOS="2850" WIDTH="198" HEIGHT="70" CONTENT="Weile" WC="0.99" CC="00160"/>
						<SP ID="P56_SP00206" HPOS="1682" VPOS="2920" WIDTH="31"/>
						<String ID="P56_ST00233" HPOS="1713" VPOS="2850" WIDTH="220" HEIGHT="71" CONTENT="stehen" WC="0.99" CC="000701"/>
						<SP ID="P56_SP00207" HPOS="1933" VPOS="2921" WIDTH="48"/>
						<String ID="P56_ST00234" HPOS="1981" VPOS="2851" WIDTH="138" HEIGHT="69" CONTENT="und" WC="0.98" CC="500"/>
						<SP ID="P56_SP00208" HPOS="2119" VPOS="2921" WIDTH="44"/>
						<String ID="P56_ST00235" HPOS="2163" VPOS="2853" WIDTH="150" HEIGHT="82" CONTENT="ging" WC="0.98" CC="0710"/>
						<SP ID="P56_SP00209" HPOS="2313" VPOS="2935" WIDTH="44"/>
						<String ID="P56_ST00236" HPOS="2357" VPOS="2854" WIDTH="68" HEIGHT="69" CONTENT="in" WC="0.45" CC="73"/>
						<SP ID="P56_SP00210" HPOS="2425" VPOS="2935" WIDTH="45"/>
						<String ID="P56_ST00237" HPOS="2470" VPOS="2855" WIDTH="172" HEIGHT="82" CONTENT="jenes" WC="0.98" CC="70600"/>
						<SP ID="P56_SP00211" HPOS="2642" VPOS="2937" WIDTH="35"/>
						<String ID="P56_ST00238" HPOS="2677" VPOS="2854" WIDTH="303" HEIGHT="80" CONTENT="Zimmer," WC="1.00" CC="0000022"/>
						<SP ID="P56_SP00212" HPOS="2980" VPOS="2937" WIDTH="48"/>
						<String ID="P56_ST00239" HPOS="3028" VPOS="2857" WIDTH="63" HEIGHT="67" CONTENT="in" WC="0.64" CC="70"/>
						<SP ID="P56_SP00213" HPOS="3091" VPOS="2937" WIDTH="49"/>
						<String ID="P56_ST00240" HPOS="3140" VPOS="2855" WIDTH="146" HEIGHT="71" CONTENT="dem" WC="1.00" CC="000"/>
					</TextLine>
					<TextLine ID="P56_TL00028" HPOS="1071" VPOS="2940" WIDTH="2219" HEIGHT="87">
						<String ID="P56_ST00241" HPOS="1071" VPOS="2942" WIDTH="110" HEIGHT="68" CONTENT="das" WC="1.00" CC="000"/>
						<SP ID="P56_SP00214" HPOS="1181" VPOS="3010" WIDTH="37"/>
						<String ID="P56_ST00242" HPOS="1218" VPOS="2940" WIDTH="287" HEIGHT="72" CONTENT="Gesinde" WC="0.99" CC="3007000"/>
						<SP ID="P56_SP00215" HPOS="1505" VPOS="3012" WIDTH="42"/>
						<String ID="P56_ST00243" HPOS="1547" VPOS="2973" WIDTH="79" HEIGHT="39" CONTENT="zu" WC="1.00" CC="00"/>
						<SP ID="P56_SP00216" HPOS="1626" VPOS="3012" WIDTH="33"/>
						<String ID="P56_ST00244" HPOS="1659" VPOS="2973" WIDTH="179" HEIGHT="40" CONTENT="essen" WC="0.99" CC="00007"/>
						<SP ID="P56_SP00217" HPOS="1838" VPOS="3013" WIDTH="37"/>
						<String ID="P56_ST00245" HPOS="1875" VPOS="2943" WIDTH="247" HEIGHT="84" CONTENT="pflegte." WC="0.99" CC="03309004"/>
						<SP ID="P56_SP00218" HPOS="2122" VPOS="3027" WIDTH="69"/>
						<String ID="P56_ST00246" HPOS="2191" VPOS="2944" WIDTH="166" HEIGHT="70" CONTENT="Dort" WC="1.00" CC="0000"/>
						<SP ID="P56_SP00219" HPOS="2357" VPOS="3027" WIDTH="46"/>
						<String ID="P56_ST00247" HPOS="2403" VPOS="2947" WIDTH="111" HEIGHT="68" CONTENT="saß" WC="1.00" CC="000"/>
						<SP ID="P56_SP00220" HPOS="2514" VPOS="3027" WIDTH="45"/>
						<String ID="P56_ST00248" HPOS="2559" VPOS="2947" WIDTH="198" HEIGHT="70" CONTENT="schon" WC="0.98" CC="00726"/>
						<SP ID="P56_SP00221" HPOS="2757" VPOS="3027" WIDTH="37"/>
						<String ID="P56_ST00249" HPOS="2794" VPOS="2947" WIDTH="341" HEIGHT="71" CONTENT="Wladislav" WC="0.84" CC="070070000"/>
						<SP ID="P56_SP00222" HPOS="3135" VPOS="3027" WIDTH="43"/>
						<String ID="P56_ST00250" HPOS="3178" VPOS="2948" WIDTH="112" HEIGHT="71" CONTENT="auf" WC="0.96" CC="065"/>
					</TextLine>
					<TextLine ID="P56_TL00029" HPOS="1071" VPOS="3034" WIDTH="2215" HEIGHT="87">
						<String ID="P56_ST00251" HPOS="1071" VPOS="3036" WIDTH="239" HEIGHT="68" CONTENT="seinem" WC="0.99" CC="004400"/>
						<SP ID="P56_SP00223" HPOS="1310" VPOS="3104" WIDTH="48"/>
						<String ID="P56_ST00252" HPOS="1358" VPOS="3034" WIDTH="193" HEIGHT="80" CONTENT="Platz," WC="1.00" CC="010000"/>
						<SP ID="P56_SP00224" HPOS="1551" VPOS="3114" WIDTH="48"/>
						<String ID="P56_ST00253" HPOS="1599" VPOS="3037" WIDTH="109" HEIGHT="68" CONTENT="das" WC="1.00" CC="000"/>
						<SP ID="P56_SP00225" HPOS="1708" VPOS="3114" WIDTH="50"/>
						<String ID="P56_ST00254" HPOS="1758" VPOS="3036" WIDTH="268" HEIGHT="71" CONTENT="Gesicht" WC="0.99" CC="0007070"/>
						<SP ID="P56_SP00226" HPOS="2026" VPOS="3114" WIDTH="46"/>
						<String ID="P56_ST00255" HPOS="2072" VPOS="3037" WIDTH="163" HEIGHT="70" CONTENT="noch" WC="0.98" CC="0007"/>
						<SP ID="P56_SP00227" HPOS="2235" VPOS="3114" WIDTH="47"/>
						<String ID="P56_ST00256" HPOS="2282" VPOS="3039" WIDTH="197" HEIGHT="69" CONTENT="voller" WC="0.99" CC="007700"/>
						<SP ID="P56_SP00228" HPOS="2479" VPOS="3114" WIDTH="47"/>
						<String ID="P56_ST00257" HPOS="2526" VPOS="3039" WIDTH="153" HEIGHT="69" CONTENT="Wut" WC="0.98" CC="050"/>
						<SP ID="P56_SP00229" HPOS="2679" VPOS="3114" WIDTH="44"/>
						<String ID="P56_ST00258" HPOS="2723" VPOS="3041" WIDTH="137" HEIGHT="70" CONTENT="und" WC="0.97" CC="070"/>
						<SP ID="P56_SP00230" HPOS="2860" VPOS="3114" WIDTH="43"/>
						<String ID="P56_ST00259" HPOS="2903" VPOS="3039" WIDTH="220" HEIGHT="82" CONTENT="Trotz," WC="1.00" CC="104000"/>
						<SP ID="P56_SP00231" HPOS="3123" VPOS="3121" WIDTH="47"/>
						<String ID="P56_ST00260" HPOS="3170" VPOS="3043" WIDTH="116" HEIGHT="68" CONTENT="mit" WC="0.97" CC="070"/>
					</TextLine>
					<TextLine ID="P56_TL00030" HPOS="1071" VPOS="3126" WIDTH="2215" HEIGHT="85">
						<String ID="P56_ST00261" HPOS="1071" VPOS="3126" WIDTH="236" HEIGHT="70" CONTENT="kurzen" WC="0.99" CC="030006"/>
						<SP ID="P56_SP00232" HPOS="1307" VPOS="3196" WIDTH="37"/>
						<String ID="P56_ST00262" HPOS="1344" VPOS="3127" WIDTH="281" HEIGHT="84" CONTENT="heftigen" WC="0.99" CC="70606700"/>
						<SP ID="P56_SP00233" HPOS="1625" VPOS="3211" WIDTH="29"/>
						<String ID="P56_ST00263" HPOS="1654" VPOS="3128" WIDTH="240" HEIGHT="71" CONTENT="Stößen" WC="1.00" CC="005000"/>
						<SP ID="P56_SP00234" HPOS="1894" VPOS="3211" WIDTH="35"/>
						<String ID="P56_ST00264" HPOS="1929" VPOS="3131" WIDTH="102" HEIGHT="68" CONTENT="die" WC="0.98" CC="040"/>
						<SP ID="P56_SP00235" HPOS="2031" VPOS="3211" WIDTH="27"/>
						<String ID="P56_ST00265" HPOS="2058" VPOS="3130" WIDTH="219" HEIGHT="71" CONTENT="Bissen" WC="0.99" CC="070000"/>
						<SP ID="P56_SP00236" HPOS="2277" VPOS="3211" WIDTH="36"/>
						<String ID="P56_ST00266" HPOS="2313" VPOS="3161" WIDTH="146" HEIGHT="38" CONTENT="zum" WC="0.97" CC="070"/>
						<SP ID="P56_SP00237" HPOS="2459" VPOS="3211" WIDTH="29"/>
						<String ID="P56_ST00267" HPOS="2488" VPOS="3131" WIDTH="252" HEIGHT="71" CONTENT="Munde" WC="0.99" CC="00500"/>
						<SP ID="P56_SP00238" HPOS="2740" VPOS="3211" WIDTH="34"/>
						<String ID="P56_ST00268" HPOS="2774" VPOS="3132" WIDTH="300" HEIGHT="71" CONTENT="führend." WC="0.99" CC="60700003"/>
						<SP ID="P56_SP00239" HPOS="3074" VPOS="3211" WIDTH="35"/>
						<String ID="P56_ST00269" HPOS="3109" VPOS="3133" WIDTH="133" HEIGHT="70" CONTENT="Wra" SUBS_TYPE="HypPart1" SUBS_CONTENT="Wratislav" WC="0.89" CC="000"/>
						<HYP HPOS="3242" VPOS="3133" WIDTH="44" CONTENT="-"/>
					</TextLine>
					<TextLine ID="P56_TL00031" HPOS="1070" VPOS="3220" WIDTH="2029" HEIGHT="87">
						<String ID="P56_ST00270" HPOS="1070" VPOS="3220" WIDTH="184" HEIGHT="68" CONTENT="tislav" SUBS_TYPE="HypPart2" SUBS_CONTENT="Wratislav" WC="0.80" CC="070400"/>
						<SP ID="P56_SP00240" HPOS="1254" VPOS="3288" WIDTH="33"/>
						<String ID="P56_ST00271" HPOS="1287" VPOS="3238" WIDTH="192" HEIGHT="52" CONTENT="setzte" WC="1.00" CC="000000"/>
						<SP ID="P56_SP00241" HPOS="1479" VPOS="3290" WIDTH="34"/>
						<String ID="P56_ST00272" HPOS="1513" VPOS="3220" WIDTH="134" HEIGHT="68" CONTENT="sich" WC="0.96" CC="0727"/>
						<SP ID="P56_SP00242" HPOS="1647" VPOS="3290" WIDTH="36"/>
						<String ID="P56_ST00273" HPOS="1683" VPOS="3220" WIDTH="133" HEIGHT="71" CONTENT="ihm" WC="0.95" CC="670"/>
						<SP ID="P56_SP00243" HPOS="1816" VPOS="3291" WIDTH="33"/>
						<String ID="P56_ST00274" HPOS="1849" VPOS="3222" WIDTH="359" HEIGHT="83" CONTENT="gegenüber" WC="1.00" CC="003000702"/>
						<SP ID="P56_SP00244" HPOS="2208" VPOS="3305" WIDTH="33"/>
						<String ID="P56_ST00275" HPOS="2241" VPOS="3224" WIDTH="137" HEIGHT="67" CONTENT="und" WC="0.95" CC="570"/>
						<SP ID="P56_SP00245" HPOS="2378" VPOS="3305" WIDTH="33"/>
						<String ID="P56_ST00276" HPOS="2411" VPOS="3222" WIDTH="100" HEIGHT="71" CONTENT="aß." WC="0.97" CC="403"/>
						<SP ID="P56_SP00246" HPOS="2511" VPOS="3305" WIDTH="69"/>
						<String ID="P56_ST00277" HPOS="2580" VPOS="3224" WIDTH="108" HEIGHT="69" CONTENT="Sie" WC="0.98" CC="060"/>
						<SP ID="P56_SP00247" HPOS="2688" VPOS="3305" WIDTH="31"/>
						<String ID="P56_ST00278" HPOS="2719" VPOS="3224" WIDTH="380" HEIGHT="83" CONTENT="schwiegen." WC="0.99" CC="0070600064"/>
					</TextLine>
					<TextLine ID="P56_TL00032" HPOS="1160" VPOS="3310" WIDTH="2124" HEIGHT="90">
						<String ID="P56_ST00279" HPOS="1160" VPOS="3310" WIDTH="126" HEIGHT="71" CONTENT="Am" WC="1.00" CC="00"/>
						<SP ID="P56_SP00248" HPOS="1286" VPOS="3381" WIDTH="48"/>
						<String ID="P56_ST00280" HPOS="1334" VPOS="3311" WIDTH="228" HEIGHT="69" CONTENT="Abend" WC="0.99" CC="07000"/>
						<SP ID="P56_SP00249" HPOS="1562" VPOS="3381" WIDTH="33"/>
						<String ID="P56_ST00281" HPOS="1595" VPOS="3314" WIDTH="399" HEIGHT="70" CONTENT="wiederholte" WC="1.00" CC="06000070600"/>
						<SP ID="P56_SP00250" HPOS="1994" VPOS="3384" WIDTH="45"/>
						<String ID="P56_ST00282" HPOS="2039" VPOS="3315" WIDTH="132" HEIGHT="70" CONTENT="sich" WC="0.97" CC="0707"/>
						<SP ID="P56_SP00251" HPOS="2171" VPOS="3385" WIDTH="29"/>
						<String ID="P56_ST00283" HPOS="2200" VPOS="3315" WIDTH="112" HEIGHT="70" CONTENT="der" WC="1.00" CC="000"/>
						<SP ID="P56_SP00252" HPOS="2312" VPOS="3385" WIDTH="47"/>
						<String ID="P56_ST00284" HPOS="2359" VPOS="3316" WIDTH="236" HEIGHT="84" CONTENT="gleiche" WC="0.98" CC="0604570"/>
						<SP ID="P56_SP00253" HPOS="2595" VPOS="3400" WIDTH="43"/>
						<String ID="P56_ST00285" HPOS="2638" VPOS="3316" WIDTH="311" HEIGHT="84" CONTENT="Vorgang." WC="1.00" CC="00060003"/>
						<SP ID="P56_SP00254" HPOS="2949" VPOS="3400" WIDTH="56"/>
						<String ID="P56_ST00286" HPOS="3005" VPOS="3319" WIDTH="279" HEIGHT="68" CONTENT="Diesmal" WC="0.99" CC="0600006"/>
					</TextLine>
					<TextLine ID="P56_TL00033" HPOS="1070" VPOS="3401" WIDTH="2216" HEIGHT="85">
						<String ID="P56_ST00287" HPOS="1070" VPOS="3401" WIDTH="171" HEIGHT="72" CONTENT="hatte" WC="0.98" CC="74000"/>
						<SP ID="P56_SP00255" HPOS="1241" VPOS="3473" WIDTH="46"/>
						<String ID="P56_ST00288" HPOS="1287" VPOS="3403" WIDTH="165" HEIGHT="70" CONTENT="wohl" WC="0.98" CC="0071"/>
						<SP ID="P56_SP00256" HPOS="1452" VPOS="3473" WIDTH="37"/>
						<String ID="P56_ST00289" HPOS="1489" VPOS="3403" WIDTH="355" HEIGHT="82" CONTENT="Wladislav," WC="0.93" CC="0000600000"/>
						<SP ID="P56_SP00257" HPOS="1844" VPOS="3485" WIDTH="57"/>
						<String ID="P56_ST00290" HPOS="1901" VPOS="3406" WIDTH="131" HEIGHT="70" CONTENT="sich" WC="0.97" CC="0717"/>
						<SP ID="P56_SP00258" HPOS="2032" VPOS="3485" WIDTH="41"/>
						<String ID="P56_ST00291" HPOS="2073" VPOS="3406" WIDTH="305" HEIGHT="80" CONTENT="beeilend," WC="0.99" CC="700650003"/>
						<SP ID="P56_SP00259" HPOS="2378" VPOS="3486" WIDTH="34"/>
						<String ID="P56_ST00292" HPOS="2412" VPOS="3408" WIDTH="86" HEIGHT="68" CONTENT="als" WC="0.98" CC="050"/>
						<SP ID="P56_SP00260" HPOS="2498" VPOS="3486" WIDTH="44"/>
						<String ID="P56_ST00293" HPOS="2542" VPOS="3427" WIDTH="191" HEIGHT="51" CONTENT="erster" WC="1.00" CC="000102"/>
						<SP ID="P56_SP00261" HPOS="2733" VPOS="3486" WIDTH="38"/>
						<String ID="P56_ST00294" HPOS="2771" VPOS="3408" WIDTH="121" HEIGHT="68" CONTENT="den" WC="0.98" CC="006"/>
						<SP ID="P56_SP00262" HPOS="2892" VPOS="3486" WIDTH="39"/>
						<String ID="P56_ST00295" HPOS="2931" VPOS="3406" WIDTH="197" HEIGHT="73" CONTENT="Tisch" WC="0.98" CC="17007"/>
						<SP ID="P56_SP00263" HPOS="3128" VPOS="3486" WIDTH="47"/>
						<String ID="P56_ST00296" HPOS="3175" VPOS="3438" WIDTH="111" HEIGHT="41" CONTENT="zur" WC="0.97" CC="060"/>
					</TextLine>
					<TextLine ID="P56_TL00034" HPOS="1068" VPOS="3495" WIDTH="2214" HEIGHT="87">
						<String ID="P56_ST00297" HPOS="1068" VPOS="3495" WIDTH="304" HEIGHT="70" CONTENT="Mahlzeit" WC="0.99" CC="00700060"/>
						<SP ID="P56_SP00264" HPOS="1372" VPOS="3565" WIDTH="41"/>
						<String ID="P56_ST00298" HPOS="1413" VPOS="3497" WIDTH="374" HEIGHT="71" CONTENT="vorbereitet" WC="1.00" CC="01070006000"/>
						<SP ID="P56_SP00265" HPOS="1787" VPOS="3568" WIDTH="37"/>
						<String ID="P56_ST00299" HPOS="1824" VPOS="3500" WIDTH="133" HEIGHT="69" CONTENT="und" WC="0.98" CC="400"/>
						<SP ID="P56_SP00266" HPOS="1957" VPOS="3569" WIDTH="35"/>
						<String ID="P56_ST00300" HPOS="1992" VPOS="3500" WIDTH="89" HEIGHT="70" CONTENT="als" WC="1.00" CC="010"/>
						<SP ID="P56_SP00267" HPOS="2081" VPOS="3570" WIDTH="34"/>
						<String ID="P56_ST00301" HPOS="2115" VPOS="3518" WIDTH="192" HEIGHT="52" CONTENT="erster" WC="1.00" CC="020001"/>
						<SP ID="P56_SP00268" HPOS="2307" VPOS="3570" WIDTH="43"/>
						<String ID="P56_ST00302" HPOS="2350" VPOS="3500" WIDTH="183" HEIGHT="72" CONTENT="stand" WC="1.00" CC="00000"/>
						<SP ID="P56_SP00269" HPOS="2533" VPOS="3572" WIDTH="33"/>
						<String ID="P56_ST00303" HPOS="2566" VPOS="3528" WIDTH="64" HEIGHT="42" CONTENT="er" WC="0.78" CC="04"/>
						<SP ID="P56_SP00270" HPOS="2630" VPOS="3572" WIDTH="35"/>
						<String ID="P56_ST00304" HPOS="2665" VPOS="3500" WIDTH="110" HEIGHT="70" CONTENT="auf" WC="0.97" CC="006"/>
						<SP ID="P56_SP00271" HPOS="2775" VPOS="3572" WIDTH="43"/>
						<String ID="P56_ST00305" HPOS="2818" VPOS="3502" WIDTH="238" HEIGHT="70" CONTENT="seinem" WC="0.99" CC="005000"/>
						<SP ID="P56_SP00272" HPOS="3056" VPOS="3572" WIDTH="34"/>
						<String ID="P56_ST00306" HPOS="3090" VPOS="3502" WIDTH="192" HEIGHT="80" CONTENT="Platz," WC="0.99" CC="060001"/>
					</TextLine>
					<TextLine ID="P56_TL00035" HPOS="1066" VPOS="3588" WIDTH="2217" HEIGHT="86">
						<String ID="P56_ST00307" HPOS="1066" VPOS="3589" WIDTH="165" HEIGHT="70" CONTENT="doch" WC="0.98" CC="0007"/>
						<SP ID="P56_SP00273" HPOS="1231" VPOS="3659" WIDTH="33"/>
						<String ID="P56_ST00308" HPOS="1264" VPOS="3589" WIDTH="168" HEIGHT="70" CONTENT="dann" WC="1.00" CC="0001"/>
						<SP ID="P56_SP00274" HPOS="1432" VPOS="3659" WIDTH="45"/>
						<String ID="P56_ST00309" HPOS="1477" VPOS="3588" WIDTH="136" HEIGHT="71" CONTENT="kam" WC="1.00" CC="000"/>
						<SP ID="P56_SP00275" HPOS="1613" VPOS="3659" WIDTH="37"/>
						<String ID="P56_ST00310" HPOS="1650" VPOS="3591" WIDTH="345" HEIGHT="81" CONTENT="Wratislav," WC="0.85" CC="0000703003"/>
						<SP ID="P56_SP00276" HPOS="1995" VPOS="3672" WIDTH="27"/>
						<String ID="P56_ST00311" HPOS="2022" VPOS="3593" WIDTH="258" HEIGHT="70" CONTENT="schaute" WC="1.00" CC="0070000"/>
						<SP ID="P56_SP00277" HPOS="2280" VPOS="3672" WIDTH="46"/>
						<String ID="P56_ST00312" HPOS="2326" VPOS="3612" WIDTH="278" HEIGHT="52" CONTENT="erstaunt" WC="1.00" CC="00000020"/>
						<SP ID="P56_SP00278" HPOS="2604" VPOS="3672" WIDTH="37"/>
						<String ID="P56_ST00313" HPOS="2641" VPOS="3593" WIDTH="109" HEIGHT="69" CONTENT="auf" WC="0.96" CC="026"/>
						<SP ID="P56_SP00279" HPOS="2750" VPOS="3672" WIDTH="33"/>
						<String ID="P56_ST00314" HPOS="2783" VPOS="3592" WIDTH="340" HEIGHT="74" CONTENT="Wladislav" WC="0.85" CC="020040600"/>
						<SP ID="P56_SP00280" HPOS="3123" VPOS="3672" WIDTH="28"/>
						<String ID="P56_ST00315" HPOS="3151" VPOS="3594" WIDTH="132" HEIGHT="80" CONTENT="hin," WC="0.96" CC="7542"/>
					</TextLine>
					<TextLine ID="P56_TL00036" HPOS="1066" VPOS="3682" WIDTH="2217" HEIGHT="76">
						<String ID="P56_ST00316" HPOS="1066" VPOS="3683" WIDTH="203" HEIGHT="69" CONTENT="stellte" WC="1.00" CC="0000600"/>
						<SP ID="P56_SP00281" HPOS="1269" VPOS="3752" WIDTH="32"/>
						<String ID="P56_ST00317" HPOS="1301" VPOS="3683" WIDTH="109" HEIGHT="69" CONTENT="das" WC="1.00" CC="000"/>
						<SP ID="P56_SP00282" HPOS="1410" VPOS="3752" WIDTH="38"/>
						<String ID="P56_ST00318" HPOS="1448" VPOS="3682" WIDTH="296" HEIGHT="71" CONTENT="Geschirr" WC="0.99" CC="00007636"/>
						<SP ID="P56_SP00283" HPOS="1744" VPOS="3753" WIDTH="44"/>
						<String ID="P56_ST00319" HPOS="1788" VPOS="3686" WIDTH="108" HEIGHT="67" CONTENT="auf" WC="0.95" CC="067"/>
						<SP ID="P56_SP00284" HPOS="1896" VPOS="3753" WIDTH="47"/>
						<String ID="P56_ST00320" HPOS="1943" VPOS="3686" WIDTH="122" HEIGHT="68" CONTENT="den" WC="0.98" CC="004"/>
						<SP ID="P56_SP00285" HPOS="2065" VPOS="3754" WIDTH="35"/>
						<String ID="P56_ST00321" HPOS="2100" VPOS="3685" WIDTH="195" HEIGHT="72" CONTENT="Tisch" WC="0.98" CC="06007"/>
						<SP ID="P56_SP00286" HPOS="2295" VPOS="3757" WIDTH="36"/>
						<String ID="P56_ST00322" HPOS="2331" VPOS="3687" WIDTH="133" HEIGHT="69" CONTENT="und" WC="0.98" CC="500"/>
						<SP ID="P56_SP00287" HPOS="2464" VPOS="3757" WIDTH="46"/>
						<String ID="P56_ST00323" HPOS="2510" VPOS="3686" WIDTH="131" HEIGHT="68" CONTENT="sich" WC="0.98" CC="0407"/>
						<SP ID="P56_SP00288" HPOS="2641" VPOS="3757" WIDTH="30"/>
						<String ID="P56_ST00324" HPOS="2671" VPOS="3686" WIDTH="205" HEIGHT="70" CONTENT="hinter" WC="0.98" CC="744004"/>
						<SP ID="P56_SP00289" HPOS="2876" VPOS="3757" WIDTH="25"/>
						<String ID="P56_ST00325" HPOS="2901" VPOS="3687" WIDTH="123" HEIGHT="71" CONTENT="den" WC="1.00" CC="000"/>
						<SP ID="P56_SP00290" HPOS="3024" VPOS="3758" WIDTH="51"/>
						<String ID="P56_ST00326" HPOS="3075" VPOS="3687" WIDTH="208" HEIGHT="71" CONTENT="Stuhl." WC="0.98" CC="025703"/>
					</TextLine>
					<TextLine ID="P56_TL00037" HPOS="1161" VPOS="3772" WIDTH="2123" HEIGHT="89">
						<String ID="P56_ST00327" HPOS="1161" VPOS="3775" WIDTH="131" HEIGHT="68" CONTENT="Des" WC="1.00" CC="000"/>
						<SP ID="P56_SP00291" HPOS="1292" VPOS="3843" WIDTH="34"/>
						<String ID="P56_ST00328" HPOS="1326" VPOS="3774" WIDTH="239" HEIGHT="71" CONTENT="Grafen" WC="0.99" CC="100700"/>
						<SP ID="P56_SP00292" HPOS="1565" VPOS="3845" WIDTH="37"/>
						<String ID="P56_ST00329" HPOS="1602" VPOS="3772" WIDTH="258" HEIGHT="71" CONTENT="Geduld" WC="0.99" CC="000150"/>
						<SP ID="P56_SP00293" HPOS="1860" VPOS="3845" WIDTH="34"/>
						<String ID="P56_ST00330" HPOS="1894" VPOS="3777" WIDTH="278" HEIGHT="84" CONTENT="kämpfte" WC="1.00" CC="0000600"/>
						<SP ID="P56_SP00294" HPOS="2172" VPOS="3861" WIDTH="32"/>
						<String ID="P56_ST00331" HPOS="2204" VPOS="3781" WIDTH="114" HEIGHT="66" CONTENT="mit" WC="0.97" CC="070"/>
						<SP ID="P56_SP00295" HPOS="2318" VPOS="3861" WIDTH="27"/>
						<String ID="P56_ST00332" HPOS="2345" VPOS="3777" WIDTH="368" HEIGHT="71" CONTENT="Wladislavs" WC="0.87" CC="0000704000"/>
						<SP ID="P56_SP00296" HPOS="2713" VPOS="3861" WIDTH="25"/>
						<String ID="P56_ST00333" HPOS="2738" VPOS="3776" WIDTH="172" HEIGHT="83" CONTENT="Wut," WC="0.99" CC="0004"/>
						<SP ID="P56_SP00297" HPOS="2910" VPOS="3861" WIDTH="37"/>
						<String ID="P56_ST00334" HPOS="2947" VPOS="3780" WIDTH="132" HEIGHT="70" CONTENT="und" WC="0.98" CC="040"/>
						<SP ID="P56_SP00298" HPOS="3079" VPOS="3861" WIDTH="34"/>
						<String ID="P56_ST00335" HPOS="3113" VPOS="3781" WIDTH="171" HEIGHT="69" CONTENT="seine" WC="0.98" CC="00650"/>
					</TextLine>
					<TextLine ID="P56_TL00038" HPOS="1067" VPOS="3865" WIDTH="2215" HEIGHT="89">
						<String ID="P56_ST00336" HPOS="1067" VPOS="3865" WIDTH="434" HEIGHT="74" CONTENT="Gelassenheit" WC="1.00" CC="303000037060"/>
						<SP ID="P56_SP00299" HPOS="1501" VPOS="3939" WIDTH="52"/>
						<String ID="P56_ST00337" HPOS="1553" VPOS="3867" WIDTH="171" HEIGHT="70" CONTENT="blieb" WC="0.97" CC="70606"/>
						<SP ID="P56_SP00300" HPOS="1724" VPOS="3939" WIDTH="47"/>
						<String ID="P56_ST00338" HPOS="1771" VPOS="3870" WIDTH="320" HEIGHT="70" CONTENT="standhaft" WC="0.99" CC="030207060"/>
						<SP ID="P56_SP00301" HPOS="2091" VPOS="3940" WIDTH="48"/>
						<String ID="P56_ST00339" HPOS="2139" VPOS="3901" WIDTH="196" HEIGHT="53" CONTENT="gegen" WC="1.00" CC="00000"/>
						<SP ID="P56_SP00302" HPOS="2335" VPOS="3954" WIDTH="45"/>
						<String ID="P56_ST00340" HPOS="2380" VPOS="3873" WIDTH="200" HEIGHT="67" CONTENT="seines" WC="0.99" CC="007000"/>
						<SP ID="P56_SP00303" HPOS="2580" VPOS="3954" WIDTH="47"/>
						<String ID="P56_ST00341" HPOS="2627" VPOS="3870" WIDTH="266" HEIGHT="71" CONTENT="Dieners" WC="0.99" CC="0600030"/>
						<SP ID="P56_SP00304" HPOS="2893" VPOS="3954" WIDTH="35"/>
						<String ID="P56_ST00342" HPOS="2928" VPOS="3873" WIDTH="354" HEIGHT="72" CONTENT="manchmal" WC="0.99" CC="00107007"/>
					</TextLine>
				</TextBlock>
			</PrintSpace>
		</Page>
	</Layout>
</alto>
