3365 4572
892 431 226 51 Eduard
1141 429 279 52 Bernstein
1454 443 21 28 ♦
1522 428 188 53 Völker
1732 445 66 34 zu
1825 428 189 51 Hause

2433 425 106 56 215

348 630 171 74 nicht
550 628 363 82 notwendig
945 657 80 39 an
1060 628 147 69 halb
1241 629 151 70 rohe
1425 626 362 73 Beefsteaks
1834 656 80 39 zu
1960 624 250 71 denken
2256 624 286 70 braucht.

346 723 79 71 Es
459 719 157 71 wird
649 719 163 70 auch
845 720 66 68 in
944 717 291 83 England
1260 719 192 70 vieles
1479 747 109 56 gar
1611 719 291 84 gekocht.
1924 715 178 71 Aber
2128 715 115 70 der
2270 715 275 69 leitende

347 810 304 75 Gedanke
684 810 114 69 der
844 810 367 82 englischen
1256 809 233 71 Küche
1531 814 82 68 ist
1646 810 187 80 doch,
1882 809 148 70 dem
2064 807 444 71 zuzubereiten-

347 910 121 68 den
531 902 416 84 Gegenstand
1009 903 160 69 nach
1235 902 418 84 Möglichkeit
1709 906 214 68 seinen
1982 899 346 73 Charakter
2392 899 156 69 oder

348 993 527 88 eigentümlichen
910 991 402 72 Geschmack
1338 1025 80 38 zu
1443 996 333 70 bewahren
1804 995 133 71 und
1964 995 110 68 das
2102 991 301 71 Mischen
2430 992 117 69 mit

347 1087 375 75 würzenden
755 1086 457 83 Ergänzungen
1247 1087 149 68 dem
1432 1087 323 71 einzelnen
1801 1117 103 41 am
1947 1086 239 71 Tische
2230 1115 82 40 zu
2356 1085 152 70 über-

348 1185 221 70 lassen.
634 1179 150 70 Wer
833 1179 111 70 das
995 1176 95 71 oft
1140 1179 147 68 sehr
1334 1178 249 71 scharfe
1615 1179 176 84 Zeug
1839 1180 177 69 nicht
2064 1208 165 55 mag,
2281 1178 111 69 das
2443 1176 105 70 die

346 1271 232 74 Tische
611 1269 106 71 für
748 1270 176 70 diese
957 1269 264 70 Zwecke
1254 1298 80 41 zu
1367 1273 208 67 zieren
1609 1269 219 85 pflegt,
1862 1271 114 69 der
2008 1299 144 55 mag
2197 1288 191 51 unter
2432 1268 116 70 der

347 1363 366 75 ziemlichen
739 1360 430 84 Eintönigkeit
1194 1362 116 68 der
1335 1362 365 82 englischen
1728 1360 227 73 Küche
1979 1393 77 40 zu
2084 1363 207 69 leiden
2317 1360 227 72 haben.

348 1456 182 73 Doch
555 1456 83 68 ist
662 1454 164 70 auch
845 1454 174 69 diese
1053 1452 230 72 Küche
1308 1453 177 71 nicht
1510 1453 167 70 ohne
1701 1454 136 70 ihre
1860 1453 312 85 Vorzüge,
2200 1454 104 69 die
2331 1453 216 70 Kunst

350 1551 99 70 für
492 1548 123 69 den
666 1547 157 70 nach
868 1546 291 84 England
1203 1545 461 85 gekommenen
1712 1545 371 72 Festländer
2128 1547 251 70 besteht
2424 1574 124 42 nur

348 1642 196 77 darin,
579 1640 91 68 sie
701 1636 314 85 ausfindig
1058 1668 82 39 zu
1184 1637 267 70 machen
1496 1639 134 67 und
1674 1637 374 83 gebührend
2088 1658 455 50 auszunutzen.

348 1736 140 69 Was
538 1731 144 70 dem
731 1730 395 80 Deutschen,
1179 1731 229 70 dessen
1458 1729 347 71 heimische
1856 1730 225 72 Küche
2130 1731 183 69 einen
2364 1731 184 69 mehr

351 1826 150 70 oder
538 1826 276 80 weniger
859 1821 453 72 umfassenden
1348 1821 484 70 Eklektizismus
1867 1821 422 70 darzustellen
2319 1820 216 85 pflegt,

351 1918 166 71 nicht
550 1915 358 72 sonderlich
944 1914 244 73 schwer
1221 1914 192 71 fallen
1447 1914 207 70 sollte.

1429 2065 36 37 ♦

435 2191 138 72 Viel
610 2191 208 80 freier,
854 2191 90 69 als
972 2190 102 72 ich
1101 2210 319 52 vermutet
1455 2191 193 79 hatte,
1682 2190 152 84 geht
1869 2220 64 40 es
1969 2192 65 69 in
2059 2188 292 86 England
2378 2188 170 70 beim

350 2285 209 70 Baden
593 2284 135 70 und
765 2284 363 82 überhaupt
1160 2285 89 67 im
1282 2284 315 68 Badeorte
1630 2313 101 41 zu.
1757 2280 252 81 Gewiß,
2043 2284 88 68 im
2157 2282 390 70 vornehmen

350 2376 137 72 Teil
521 2378 113 68 der
665 2376 238 84 großen
939 2375 228 71 Straße
1201 2406 101 39 am
1338 2375 257 79 Strand,
1631 2376 103 69 die
1766 2375 176 84 jedes
1968 2374 251 72 Seebad
2252 2373 128 82 hat,
2415 2376 133 69 und

352 2469 97 69 die
480 2498 146 40 man
661 2469 101 69 bei
797 2497 119 41 uns
950 2468 417 80 Promenade,
1416 2470 66 69 in
1532 2467 293 83 England
1874 2467 152 69 aber
2072 2468 188 68 meist
2308 2465 240 70 Parade

352 2581 211 60 nennt,
600 2561 343 69 herrschen
977 2562 262 81 gewisse
1284 2559 242 84 Regeln
1569 2561 115 68 der
1726 2558 545 86 Respektabilität,
2318 2558 104 70 die
2467 2588 80 40 zu

351 2653 306 70 verletzen
708 2652 104 71 für
860 2653 295 84 anstößig
1203 2653 135 83 gilt.
1404 2652 197 71 Sonst
1649 2652 152 70 aber
1844 2681 146 54 mag
2035 2652 133 70 sich
2200 2652 179 83 jeder
2411 2655 136 67 sein

352 2743 210 72 Leben
593 2746 135 70 und
773 2746 174 70 seine
988 2743 519 86 Vergnügungen
1557 2743 370 80 einrichten,
1974 2745 119 68 wie
2143 2773 65 39 es
2256 2742 134 70 ihm
2441 2771 104 40 am

352 2836 212 73 besten
614 2839 255 82 behagt.
934 2836 82 71 Es
1068 2836 144 71 darf
1259 2864 123 43 nur
1429 2836 215 71 keiner
1687 2836 126 70 den
1846 2835 241 71 andern
2121 2849 235 57 stören.
2420 2835 125 70 Am

352 2928 226 72 Strand
611 2930 197 70 selbst
841 2930 255 70 werden
1127 2929 557 82 Unterhaltungen
1709 2928 115 68 der
1847 2928 557 69 verschiedensten
2427 2926 120 70 Art

351 3020 400 84 dargeboten.
786 3022 141 69 Von
950 3020 366 70 Akrobaten
1350 3019 155 70 aller
1526 3016 120 72 Art
1679 3019 134 71 und
1844 3019 543 83 nachgemachten
2412 3018 91 70 Ne-

351 3140 166 54 gern,
544 3116 102 68 die
671 3114 326 69 komische
1015 3113 245 71 Szenen
1279 3110 338 72 aufführen
1642 3110 136 72 und
1802 3110 105 70 die
1932 3130 307 52 neuesten
2266 3110 241 72 Gassen-

353 3202 187 72 hauer
571 3226 354 64 vortragen,
958 3206 201 70 wobei
1194 3206 103 70 die
1330 3204 287 70 Zuhörer
1650 3203 126 71 den
1810 3202 339 71 Kehrreim
2183 3204 364 83 mitsingen,

352 3293 90 71 bis
473 3326 79 41 zu
583 3297 616 84 Wanderpredigern
1236 3295 494 83 irgendwelcher
1759 3295 751 83 Religionsgemeinschaf-

352 3404 121 63 ten,
508 3390 101 68 die
643 3391 147 70 bald
823 3390 112 68 auf
968 3390 111 68 das
1105 3389 363 78 Publikum,
1496 3387 111 70 das
1636 3386 135 71 sich
1797 3417 112 40 um
1936 3387 180 71 ihren
2142 3386 203 72 Stand
2378 3417 128 40 sam-

352 3480 167 80 melt,
539 3481 363 73 bekehrend
921 3480 418 72 einzuwirken
1358 3480 260 80 suchen,
1640 3479 149 70 bald
1806 3483 120 67 mit
1942 3479 357 71 Bekehrten
2317 3479 198 71 öffent-

353 3568 117 73 lich
494 3570 441 75 Gottesdienst
968 3574 297 70 abhalten
1291 3573 155 68 oder
1472 3573 300 82 Hymnen
1797 3573 326 84 absingen,
2149 3570 198 73 findet
2370 3573 178 82 jeder

353 3681 181 53 etwas
569 3668 160 69 nach
765 3669 240 68 seinem
1043 3664 400 73 Geschmack
1476 3664 133 71 und
1640 3664 381 84 Verlangen.
2056 3662 298 72 Gebadet
2387 3664 160 70 wird

355 3781 113 42 nur
499 3787 79 40 zu
612 3759 413 72 bestimmten
1072 3758 294 70 Stunden
1413 3757 100 70 bei
1559 3756 595 73 zurückkehrender
2199 3756 165 75 Flut,
2413 3757 135 70 und

353 3872 74 42 an
459 3847 112 71 der
600 3850 239 72 Parade
872 3851 144 71 darf
1048 3879 122 43 nur
1201 3880 147 41 vom
1381 3848 400 73 Badekarren
1815 3880 113 41 aus
1963 3850 273 83 gebadet
2269 3851 279 70 werden.
