3599 4572
1078 439 102 61 192

1650 447 94 52 Fr.
1775 446 168 53 Mark
1979 455 23 34 *
2039 446 106 53 Die
2171 446 542 71 Kriegsphilosophen

1167 641 86 74 Es
1286 645 81 70 ist
1400 643 329 86 gewißlich
1754 673 94 51 so,
1877 644 179 70 nicht
2082 643 101 72 die
2210 643 652 88 Kriegsphilosophen
2888 645 145 70 sind
3059 674 226 42 unsere

1075 735 424 87 eigentlichen
1537 735 258 85 Gegner
1828 735 137 71 und
2016 736 176 70 nicht
2241 738 100 70 ihr
2389 736 607 81 Staatsidealismus,
3046 736 113 72 der
3205 767 78 41 an

1072 828 139 70 sich
1244 828 104 70 ein
1381 828 146 70 sehr
1571 841 295 57 tönernes
1910 828 135 70 und
2092 827 267 73 lebloses
2404 829 281 71 Gebilde
2726 830 105 69 ist.
2896 825 85 73 Er
3038 830 81 70 ist
3165 857 120 42 nur

1074 918 107 72 die
1209 919 315 84 Attrappe
1557 919 103 69 für
1705 949 158 54 ganz
1908 921 236 69 andere
2187 921 145 71 sehr
2379 922 163 71 reale
2573 921 257 71 Macht-
2863 921 137 71 und
3046 921 204 71 Besitz-

1077 1011 263 85 gelüste.
1374 1011 174 70 Aber
1580 1040 66 41 es
1682 1012 150 84 geht
1863 1013 117 70 wie
2013 1011 167 72 beim
2208 1011 175 73 Wolf
2406 1016 89 68 im
2521 1012 336 71 Märchen.
2892 1011 87 71 Er
3003 1012 132 70 ruft
3159 1032 126 51 erst

1076 1105 117 70 mit
1226 1102 189 71 süßer
1465 1102 303 73 Stimme:
1820 1102 109 71 Ich
1979 1104 112 71 bin
2142 1104 170 73 Eure
2359 1105 164 72 liebe
2571 1106 250 70 Mutter
2868 1105 133 71 und
3052 1105 233 71 streckt

1074 1199 175 68 seine
1282 1195 538 85 weißgemachten
1847 1195 225 72 Pfoten
2101 1199 136 80 dar,
2265 1199 98 71 bis
2396 1199 104 71 die
2525 1198 307 73 dummen
2858 1195 283 74 Zicklein
3175 1198 74 71 be-

1075 1300 131 59 tört
1237 1288 169 70 sind.
1465 1286 127 72 Die
1625 1288 310 71 dummen
1968 1286 308 84 Zicklein,
2310 1290 106 71 die
2446 1290 164 70 auch
2643 1319 80 41 an
2761 1288 176 72 Kant
2984 1289 301 86 glaubten

1074 1379 137 73 und
1242 1410 82 40 an
1362 1380 352 72 deutschen
1750 1380 373 73 Idealismus
2168 1383 134 71 und
2347 1382 229 72 Pflicht
2620 1382 136 70 und
2802 1380 319 87 Hingabe.
3178 1383 107 71 Bis

1075 1472 114 71 der
1220 1469 175 73 Wolf
1424 1474 93 69 sie
1540 1472 119 71 alle
1682 1473 428 85 aufgefressen
2140 1476 195 71 hatte.
2368 1474 172 73 Aber
2567 1474 80 71 da
2674 1477 114 68 wir
2813 1473 183 72 keine
3019 1473 228 86 Ziegen-

1075 1563 265 73 lämmer
1372 1565 168 80 sind,
1566 1565 198 72 sollen
1783 1566 105 71 die
1907 1565 242 73 weißen
2170 1566 224 73 Pfoten
2411 1596 122 41 uns
2551 1567 167 71 doch
2736 1567 179 71 nicht
2933 1568 124 69 irre
3075 1567 210 71 leiten.
