3368 4572
2426 402 94 57 211

854 409 223 52 Eduard
1102 408 281 52 Bernstein
1418 428 21 22 *
1487 407 187 53 Völker
1699 423 69 36 zu
1795 405 183 52 Hause

325 612 141 76 mir,
510 606 306 72 nachdem
865 607 92 67 sie
1000 606 171 69 mich
1216 607 141 71 eine
1402 606 331 71 ziemliche
1765 603 202 71 Weile
2010 602 189 70 allein
2231 630 102 40 am
2368 601 163 71 Ufer

326 705 207 68 hatten
560 697 221 70 stehen
806 697 217 79 sehen,
1051 698 150 68 zwei
1229 726 123 41 von
1379 698 193 70 ihnen
1599 698 139 70 eine
1757 696 176 70 Bank
1958 695 193 68 heran
2179 691 133 72 und
2339 692 192 71 luden

326 792 164 73 mich
518 791 123 77 ein,
675 788 226 70 darauf
924 786 170 74 Platz
1120 818 80 40 zu
1225 790 296 71 nehmen.
1552 790 114 71 Als
1700 791 169 70 dann
1897 788 103 69 ein
2028 785 261 72 leichter
2315 785 217 82 Regen

326 888 318 72 einsetzte,
694 881 257 70 brachte
998 881 124 69 mir
1172 881 173 70 einer
1392 884 139 68 eine
1577 880 387 72 Teerdecke.
2041 876 334 71 Nachdem
2419 876 114 70 der

326 978 210 80 Regen
564 973 236 69 stärker
824 971 240 80 wurde,
1099 971 194 71 luden
1326 974 91 67 sie
1442 974 169 71 mich
1639 974 125 79 ein,
1797 970 113 72 auf
1940 971 209 70 einem
2184 968 348 71 bedeckten

326 1069 254 76 Gerüst,
607 1064 110 70 das
745 1063 287 72 offenbar
1056 1093 145 40 zum
1220 1064 414 71 Ausschauen
1662 1067 100 68 bei
1790 1063 445 72 stürmischem
2254 1060 238 71 Wellen-

326 1189 158 55 gang
508 1157 297 70 errichtet
828 1182 150 52 war,
1012 1154 173 71 Platz
1219 1186 79 38 zu
1322 1156 297 69 nehmen.
1663 1157 214 79 Dann,
1911 1154 236 71 wieder
2171 1154 162 70 nach
2359 1153 174 71 einer

324 1249 219 78 Weile,
579 1248 208 70 ließen
823 1249 90 68 sie
946 1248 171 69 mich
1150 1247 201 71 durch
1388 1248 183 70 einen
1597 1248 239 84 fragen,
1870 1248 84 70 ob
1986 1247 102 70 ich
2122 1247 174 70 nicht
2329 1246 66 70 in
2429 1246 102 68 ein

326 1341 379 86 Speisehaus
753 1341 203 82 gehen
1002 1338 134 72 und
1169 1359 188 51 etwas
1393 1370 80 38 zu
1511 1340 210 70 Nacht
1752 1370 80 40 zu
1864 1341 122 67 mir
2019 1340 274 70 nehmen
2326 1336 204 80 wolle,

326 1437 107 69 das
467 1431 205 72 Schiff
703 1434 89 68 sei
829 1432 163 70 noch
1026 1431 175 70 nicht
1233 1432 66 70 in
1333 1430 203 80 Sicht,
1583 1432 134 70 und
1759 1460 184 41 wenn
1991 1462 65 39 es
2104 1431 135 70 sich
2288 1430 202 70 ankün-

326 1528 191 81 digte,
562 1525 219 70 würde
826 1524 168 70 mich
1032 1524 174 70 einer
1238 1552 122 42 von
1394 1524 193 70 ihnen
1621 1524 210 68 holen.
1896 1521 378 84 Anfänglich
2320 1523 211 68 lehnte

327 1622 97 68 ich
457 1618 101 79 ab,
605 1617 92 71 als
743 1617 152 68 aber
937 1617 236 69 wieder
1216 1617 160 69 nach
1412 1617 173 68 einer
1618 1615 200 70 Weile
1860 1615 173 70 einer
2065 1614 143 70 kam
2242 1614 133 70 und
2408 1614 125 67 mir

326 1709 334 79 vorstellte,
708 1709 99 70 ich
853 1708 156 70 solle
1051 1709 165 70 doch
1265 1708 185 84 ruhig
1482 1737 181 41 essen
1696 1708 225 81 gehen,
1968 1707 101 70 ich
2113 1705 207 72 könne
2362 1705 169 70 mich

326 1832 154 54 ganz
514 1802 328 69 bestimmt
873 1799 113 72 auf
1019 1801 92 68 sie
1141 1798 339 80 verlassen,
1529 1799 216 69 schien
1780 1829 65 38 es
1881 1798 124 67 mir
2037 1797 346 79 unhöflich,
2418 1797 112 68 das

325 1895 380 71 Anerbieten
750 1892 517 84 auszuschlagen,
1314 1893 133 69 und
1494 1921 133 41 nun
1674 1891 212 70 führte
1929 1891 170 68 mich
2142 1890 113 68 der
2301 1887 192 84 Frage-

327 1986 204 71 steller
579 1987 66 69 in
688 1986 138 70 eine
858 1985 250 79 Straße,
1154 2014 98 41 wo
1296 1984 287 69 mehrere
1628 1981 456 86 Speisehäuser
2127 2009 230 51 waren,
2405 1980 128 70 ließ

326 2078 164 69 mich
538 2079 170 68 eines
757 2075 359 71 auswählen
1162 2076 132 71 und
1332 2075 281 84 empfahl
1660 2074 133 70 sich
1827 2074 193 78 dann,
2070 2072 199 70 wobei
2317 2098 68 43 er
2428 2071 105 70 die

326 2170 222 70 vorher
572 2169 323 84 gegebene
919 2166 441 84 Zusicherung
1384 2166 433 79 wiederholte,
1851 2165 127 69 daß
2013 2165 100 70 ich
2140 2192 114 40 zur
2281 2164 251 70 rechten

326 2260 135 72 Zeit
491 2260 297 84 abgeholt
812 2260 252 72 werden
1088 2262 243 68 würde.
1367 2259 87 69 Er
1486 2259 152 70 hielt
1670 2258 161 70 auch
1858 2257 200 69 Wort.
2105 2254 225 85 Gegen
2363 2286 169 40 neun

329 2353 137 70 Uhr
633 2384 72 39 so
749 2365 138 72 spät
932 2380 127 43 war
1103 2382 65 40 es
1216 2352 419 70 mittlerweile
1680 2351 335 83 geworden
2185 2349 214 69 wurde
2432 2348 100 71 ich

327 2446 206 84 geholt
580 2446 133 70 und
749 2445 151 71 fand
933 2474 103 39 am
1072 2443 163 70 Ufer
1267 2445 125 69 den
1427 2443 257 79 Lotsen,
1732 2442 113 70 der
1889 2441 171 72 mich
2103 2442 67 67 in
2204 2442 135 69 sein
2373 2441 160 67 Boot

329 2540 237 81 steigen
600 2537 149 70 hieß
796 2539 132 69 und
962 2568 132 40 nun
1130 2539 117 68 mit
1281 2539 123 67 mir
1436 2536 112 69 auf
1578 2536 112 69 das
1727 2535 202 70 Schiff
1961 2532 252 79 zufuhr,
2259 2533 112 69 das
2418 2532 115 70 wir

327 2631 61 70 in
420 2630 246 70 tiefster
692 2629 388 72 Dunkelheit
1113 2629 111 70 auf
1257 2631 173 68 einer
1455 2626 662 84 heruntergelassenen
2143 2624 390 71 Strickleiter

327 2721 413 72 erkletterten.
807 2721 108 72 Ich
950 2723 106 68 bat
1089 2723 184 70 einen
1307 2721 113 69 der
1442 2719 314 79 Arbeiter,
1789 2719 114 68 der
1935 2716 419 84 mitgefahren
2381 2743 149 51 war,

329 2843 102 40 um
490 2815 112 69 das
661 2814 163 69 Boot
880 2813 609 82 zurückzubringen,
1548 2812 214 68 seinen
1818 2808 400 70 Kameraden
2278 2808 253 70 meinen

327 2920 331 57 wärmsten
692 2904 188 71 Dank
913 2904 507 84 auszusprechen
1454 2903 133 69 und
1620 2902 234 70 konnte
1884 2900 112 70 ihn
2029 2927 122 43 nur
2184 2899 118 70 mit
2326 2898 207 70 Mühe

330 2998 315 84 bewegen,
679 2998 102 70 ein
815 2994 274 73 Zeichen
1125 2986 113 78 der
1270 2993 534 71 Erkenntlichkeit
1836 2992 460 71 anzunehmen.

415 3091 130 70 Das
572 3088 205 73 Schiff
806 3088 122 70 traf
961 3088 158 70 nach
1146 3086 413 71 Mitternacht
1588 3088 63 66 in
1680 3085 267 69 London
1976 3086 123 77 ein,
2124 3083 237 69 konnte
2382 3083 150 69 aber

329 3182 165 72 nicht
510 3184 285 84 anlegen,
815 3182 79 69 da
913 3180 410 71 mittlerweile
1340 3177 180 71 Ebbe
1538 3181 379 80 eingetreten
1935 3204 147 43 war.
2117 3176 133 70 Wir
2267 3175 265 73 mußten

326 3275 103 69 auf
462 3275 128 70 ihm
626 3275 101 70 die
754 3273 208 69 Nacht
997 3273 356 82 kampieren
1387 3269 133 70 und
1545 3270 259 69 wurden
1840 3287 126 50 erst
1997 3298 102 39 am
2126 3268 273 83 Morgen
2424 3266 113 70 auf

327 3363 233 75 Booten
595 3397 79 39 an
706 3367 114 69 der
853 3364 94 72 St.
969 3362 630 74 Katharinen-Werft
1642 3392 112 41 ans
1792 3362 180 71 Land
2016 3359 342 71 befördert.
2424 3359 108 71 Ich

329 3458 114 81 gab
461 3461 123 68 den
607 3457 241 80 Koffer,
876 3458 112 70 der
1012 3458 179 69 einen
1219 3454 235 84 großen
1473 3452 141 72 Teil
1641 3454 111 69 der
1771 3452 323 82 Kleidung
2118 3452 132 70 und
2268 3450 265 72 Wäsche

329 3537 104 82 der
467 3551 259 72 Familie
763 3548 278 80 enthielt,
1091 3549 62 68 in
1188 3549 204 69 einem
1425 3546 113 70 der
1568 3544 203 72 Werft
1806 3546 356 83 gegenüber
2194 3543 338 84 gelegenen

329 3640 240 73 kleinen
603 3642 606 87 Speditionsbureau
1240 3666 112 42 zur
1387 3637 436 85 Beförderung
1848 3668 78 41 an
1952 3668 119 39 uns
2098 3636 106 71 auf
2229 3637 132 70 und
2385 3635 152 72 fuhr

329 3732 161 73 dann
524 3740 116 69 mit
669 3736 163 70 Frau
858 3734 132 71 und
1014 3732 281 71 Tochter
1326 3734 88 68 im
1439 3729 318 73 Omnibus
1784 3730 202 71 direkt
2010 3731 65 69 in
2102 3756 190 44 unser
2319 3727 214 85 Logis.

327 3823 107 73 Als
478 3830 113 69 wir
633 3828 144 69 dort
823 3826 330 85 angelangt
1196 3852 227 51 waren,
1474 3823 368 71 entdeckten
1889 3824 113 70 wir
2046 3820 316 86 plötzlich,
2409 3819 127 72 daß
