<?xml version="1.0" encoding="UTF-8"?>
<alto xmlns:xsi="http://www.w3.org/2001/XMLSchema-instance" xmlns="http://www.loc.gov/standards/alto/ns-v2#" xsi:schemaLocation="http://www.loc.gov/standards/alto/ns-v2# http://www.loc.gov/standards/alto/v2/alto-2-0.xsd" xmlns:xlink="http://www.w3.org/1999/xlink">
	<Description>
		<MeasurementUnit>mm10</MeasurementUnit>
		<sourceImageInformation>
			<fileName>./bmtnabr_1917-02_01_0070.jp2</fileName>
		</sourceImageInformation>
		<OCRProcessing ID="OCRPROCESSING_1">
			<preProcessingStep>
				<processingSoftware>
					<softwareCreator>CCS Content Conversion Specialists GmbH, Germany</softwareCreator>
					<softwareName>CCS docWorks</softwareName>
					<softwareVersion>6.8-1.27</softwareVersion>
				</processingSoftware>
			</preProcessingStep>
			<ocrProcessingStep>
				<processingSoftware>
					<softwareCreator>ABBYY (BIT Software), Russia</softwareCreator>
					<softwareName>FineReader</softwareName>
					<softwareVersion>11.0</softwareVersion>
				</processingSoftware>
			</ocrProcessingStep>
			<postProcessingStep>
				<processingSoftware>
					<softwareCreator>CCS Content Conversion Specialists GmbH, Germany</softwareCreator>
					<softwareName>CCS docWorks</softwareName>
					<softwareVersion>6.8-1.27</softwareVersion>
					<applicationDescription>docWorks: Text modified manually, or automatically replaced</applicationDescription>
				</processingSoftware>
			</postProcessingStep>
		</OCRProcessing>
	</Description>
	<Styles>
		<TextStyle ID="TXT_0" FONTSIZE="27" FONTFAMILY="Times New Roman"/>
		<TextStyle ID="TXT_1" FONTSIZE="18" FONTFAMILY="Times New Roman" FONTSTYLE="bold italics"/>
		<TextStyle ID="TXT_2" FONTSIZE="13" FONTFAMILY="Times New Roman"/>
		<TextStyle ID="TXT_3" FONTSIZE="24" FONTFAMILY="Times New Roman"/>
		<ParagraphStyle ID="PAR_LEFT" ALIGN="Left"/>
		<ParagraphStyle ID="PAR_RIGHT" ALIGN="Right"/>
	</Styles>
	<Layout>
		<Page ID="P70" PHYSICAL_IMG_NR="70" HEIGHT="4572" WIDTH="3562" PRINTED_IMG_NR="154" PC="0.968">
			<TopMargin ID="P70_TM00001" HPOS="0" VPOS="0" WIDTH="3562" HEIGHT="492">
				<TextBlock ID="P70_TB00001" HPOS="1090" VPOS="415" WIDTH="102" HEIGHT="60" STYLEREFS="TXT_0 PAR_LEFT">
					<TextLine ID="P70_TL00001" HPOS="1090" VPOS="415" WIDTH="102" HEIGHT="60">
						<String ID="P70_ST00001" HPOS="1090" VPOS="415" WIDTH="102" HEIGHT="60" CONTENT="154" WC="1.00" CC="000"/>
					</TextLine>
				</TextBlock>
				<TextBlock ID="P70_TB00002" HPOS="1808" VPOS="418" WIDTH="768" HEIGHT="72" STYLEREFS="TXT_1 PAR_RIGHT">
					<TextLine ID="P70_TL00002" HPOS="1816" VPOS="421" WIDTH="760" HEIGHT="69">
						<String ID="P70_ST00002" HPOS="1816" VPOS="421" WIDTH="146" HEIGHT="53" CONTENT="Paul" WC="0.97" CC="4640"/>
						<SP ID="P70_SP00001" HPOS="1962" VPOS="474" WIDTH="22"/>
						<String ID="P70_ST00003" HPOS="1984" VPOS="422" WIDTH="262" HEIGHT="66" CONTENT="Kornfeld" WC="0.98" CC="04652705"/>
						<SP ID="P70_SP00002" HPOS="2246" VPOS="488" WIDTH="41"/>
						<String ID="P70_ST00004" HPOS="2287" VPOS="438" WIDTH="20" HEIGHT="26" CONTENT="♦" WC="0.40" CC="5" STYLEREFS="TXT_2"/>
						<SP ID="P70_SP00003" HPOS="2307" VPOS="488" WIDTH="37"/>
						<String ID="P70_ST00005" HPOS="2344" VPOS="424" WIDTH="232" HEIGHT="66" CONTENT="Legende" WC="0.98" CC="0042345"/>
					</TextLine>
				</TextBlock>
			</TopMargin>
			<LeftMargin ID="P70_LM00001" HPOS="0" VPOS="492" WIDTH="102" HEIGHT="3997"/>
			<RightMargin ID="P70_RM00001" HPOS="3298" VPOS="492" WIDTH="264" HEIGHT="3997"/>
			<BottomMargin ID="P70_BM00001" HPOS="0" VPOS="4489" WIDTH="3562" HEIGHT="83"/>
			<PrintSpace ID="P70_PS00001" HPOS="102" VPOS="492" WIDTH="3196" HEIGHT="3997">
				<TextBlock ID="P70_TB00003" HPOS="1079" VPOS="616" WIDTH="2219" HEIGHT="3319" STYLEREFS="TXT_3 PAR_LEFT">
					<TextLine ID="P70_TL00003" HPOS="1084" VPOS="617" WIDTH="2213" HEIGHT="86">
						<String ID="P70_ST00006" HPOS="1084" VPOS="646" WIDTH="73" HEIGHT="41" CONTENT="so" WC="1.00" CC="00"/>
						<SP ID="P70_SP00004" HPOS="1157" VPOS="687" WIDTH="32"/>
						<String ID="P70_ST00007" HPOS="1189" VPOS="617" WIDTH="159" HEIGHT="71" CONTENT="viele" WC="0.98" CC="06060"/>
						<SP ID="P70_SP00005" HPOS="1348" VPOS="688" WIDTH="33"/>
						<String ID="P70_ST00008" HPOS="1381" VPOS="637" WIDTH="148" HEIGHT="66" CONTENT="gute" WC="0.96" CC="5740"/>
						<SP ID="P70_SP00006" HPOS="1529" VPOS="703" WIDTH="26"/>
						<String ID="P70_ST00009" HPOS="1555" VPOS="617" WIDTH="429" HEIGHT="72" CONTENT="Menschen!“" WC="0.99" CC="0030070678"/>
						<SP ID="P70_SP00007" HPOS="1984" VPOS="703" WIDTH="46"/>
						<String ID="P70_ST00010" HPOS="2030" VPOS="617" WIDTH="142" HEIGHT="71" CONTENT="Von" WC="0.98" CC="005"/>
						<SP ID="P70_SP00008" HPOS="2172" VPOS="703" WIDTH="27"/>
						<String ID="P70_ST00011" HPOS="2199" VPOS="622" WIDTH="237" HEIGHT="70" CONTENT="seinem" WC="0.99" CC="006004"/>
						<SP ID="P70_SP00009" HPOS="2436" VPOS="703" WIDTH="29"/>
						<String ID="P70_ST00012" HPOS="2465" VPOS="619" WIDTH="268" HEIGHT="73" CONTENT="Gesicht" WC="0.99" CC="2006070"/>
						<SP ID="P70_SP00010" HPOS="2733" VPOS="703" WIDTH="24"/>
						<String ID="P70_ST00013" HPOS="2757" VPOS="621" WIDTH="407" HEIGHT="69" CONTENT="verschwand" WC="0.99" CC="1060001009"/>
						<SP ID="P70_SP00011" HPOS="3164" VPOS="703" WIDTH="25"/>
						<String ID="P70_ST00014" HPOS="3189" VPOS="622" WIDTH="108" HEIGHT="70" CONTENT="das" WC="0.92" CC="965"/>
					</TextLine>
					<TextLine ID="P70_TL00004" HPOS="1086" VPOS="707" WIDTH="2211" HEIGHT="88">
						<String ID="P70_ST00015" HPOS="1086" VPOS="707" WIDTH="320" HEIGHT="88" CONTENT="Unglück," WC="0.99" CC="44330063"/>
						<SP ID="P70_SP00012" HPOS="1406" VPOS="795" WIDTH="33"/>
						<String ID="P70_ST00016" HPOS="1439" VPOS="741" WIDTH="65" HEIGHT="40" CONTENT="es" WC="1.00" CC="00"/>
						<SP ID="P70_SP00013" HPOS="1504" VPOS="795" WIDTH="37"/>
						<String ID="P70_ST00017" HPOS="1541" VPOS="711" WIDTH="263" HEIGHT="70" CONTENT="heiterte" WC="1.00" CC="00400300"/>
						<SP ID="P70_SP00014" HPOS="1804" VPOS="795" WIDTH="31"/>
						<String ID="P70_ST00018" HPOS="1835" VPOS="710" WIDTH="138" HEIGHT="71" CONTENT="sich" WC="0.98" CC="0730"/>
						<SP ID="P70_SP00015" HPOS="1973" VPOS="795" WIDTH="22"/>
						<String ID="P70_ST00019" HPOS="1995" VPOS="710" WIDTH="130" HEIGHT="81" CONTENT="auf," WC="0.98" CC="3041"/>
						<SP ID="P70_SP00016" HPOS="2125" VPOS="795" WIDTH="29"/>
						<String ID="P70_ST00020" HPOS="2154" VPOS="715" WIDTH="134" HEIGHT="69" CONTENT="und" WC="0.98" CC="500"/>
						<SP ID="P70_SP00017" HPOS="2288" VPOS="795" WIDTH="24"/>
						<String ID="P70_ST00021" HPOS="2312" VPOS="743" WIDTH="68" HEIGHT="40" CONTENT="er" WC="0.83" CC="03"/>
						<SP ID="P70_SP00018" HPOS="2380" VPOS="795" WIDTH="26"/>
						<String ID="P70_ST00022" HPOS="2406" VPOS="713" WIDTH="194" HEIGHT="71" CONTENT="seihst" WC="0.99" CC="000700"/>
						<SP ID="P70_SP00019" HPOS="2600" VPOS="795" WIDTH="32"/>
						<String ID="P70_ST00023" HPOS="2632" VPOS="712" WIDTH="311" HEIGHT="71" CONTENT="erwachte" WC="0.99" CC="02370030"/>
						<SP ID="P70_SP00020" HPOS="2943" VPOS="795" WIDTH="25"/>
						<String ID="P70_ST00024" HPOS="2968" VPOS="743" WIDTH="78" HEIGHT="39" CONTENT="zu" WC="1.00" CC="00"/>
						<SP ID="P70_SP00021" HPOS="3046" VPOS="795" WIDTH="25"/>
						<String ID="P70_ST00025" HPOS="3071" VPOS="744" WIDTH="226" HEIGHT="39" CONTENT="neuem" WC="0.99" CC="60004"/>
					</TextLine>
					<TextLine ID="P70_TL00005" HPOS="1086" VPOS="801" WIDTH="240" HEIGHT="71">
						<String ID="P70_ST00026" HPOS="1086" VPOS="801" WIDTH="240" HEIGHT="71" CONTENT="Leben." WC="0.99" CC="207003"/>
					</TextLine>
					<TextLine ID="P70_TL00006" HPOS="1170" VPOS="894" WIDTH="2127" HEIGHT="83">
						<String ID="P70_ST00027" HPOS="1170" VPOS="894" WIDTH="265" HEIGHT="80" CONTENT="„Nun“," WC="0.98" CC="205380"/>
						<SP ID="P70_SP00022" HPOS="1435" VPOS="974" WIDTH="21"/>
						<String ID="P70_ST00028" HPOS="1456" VPOS="894" WIDTH="227" HEIGHT="83" CONTENT="sprach" WC="1.00" CC="000000"/>
						<SP ID="P70_SP00023" HPOS="1683" VPOS="977" WIDTH="15"/>
						<String ID="P70_ST00029" HPOS="1698" VPOS="895" WIDTH="113" HEIGHT="70" CONTENT="der" WC="0.98" CC="004"/>
						<SP ID="P70_SP00024" HPOS="1811" VPOS="977" WIDTH="13"/>
						<String ID="P70_ST00030" HPOS="1824" VPOS="894" WIDTH="164" HEIGHT="71" CONTENT="Graf" WC="0.98" CC="2007"/>
						<SP ID="P70_SP00025" HPOS="1988" VPOS="977" WIDTH="11"/>
						<String ID="P70_ST00031" HPOS="1999" VPOS="897" WIDTH="235" HEIGHT="80" CONTENT="weiter," WC="1.00" CC="0050001"/>
						<SP ID="P70_SP00026" HPOS="2234" VPOS="977" WIDTH="24"/>
						<String ID="P70_ST00032" HPOS="2258" VPOS="899" WIDTH="157" HEIGHT="78" CONTENT="„soll" WC="0.98" CC="40206"/>
						<SP ID="P70_SP00027" HPOS="2415" VPOS="977" WIDTH="15"/>
						<String ID="P70_ST00033" HPOS="2430" VPOS="896" WIDTH="283" HEIGHT="73" CONTENT="wirklich" WC="0.99" CC="06061700"/>
						<SP ID="P70_SP00028" HPOS="2713" VPOS="977" WIDTH="20"/>
						<String ID="P70_ST00034" HPOS="2733" VPOS="897" WIDTH="132" HEIGHT="70" CONTENT="dies" WC="0.98" CC="0700"/>
						<SP ID="P70_SP00029" HPOS="2865" VPOS="977" WIDTH="21"/>
						<String ID="P70_ST00035" HPOS="2886" VPOS="897" WIDTH="146" HEIGHT="72" CONTENT="alles" WC="0.99" CC="06400"/>
						<SP ID="P70_SP00030" HPOS="3032" VPOS="977" WIDTH="19"/>
						<String ID="P70_ST00036" HPOS="3051" VPOS="897" WIDTH="246" HEIGHT="72" CONTENT="keinem" WC="0.99" CC="206103"/>
					</TextLine>
					<TextLine ID="P70_TL00007" HPOS="1085" VPOS="986" WIDTH="931" HEIGHT="84">
						<String ID="P70_ST00037" HPOS="1085" VPOS="1016" WIDTH="122" HEIGHT="39" CONTENT="von" WC="0.98" CC="005"/>
						<SP ID="P70_SP00031" HPOS="1207" VPOS="1055" WIDTH="33"/>
						<String ID="P70_ST00038" HPOS="1240" VPOS="1016" WIDTH="118" HEIGHT="40" CONTENT="uns" WC="0.96" CC="450"/>
						<SP ID="P70_SP00032" HPOS="1358" VPOS="1056" WIDTH="37"/>
						<String ID="P70_ST00039" HPOS="1395" VPOS="986" WIDTH="226" HEIGHT="70" CONTENT="beiden" WC="0.99" CC="705000"/>
						<SP ID="P70_SP00033" HPOS="1621" VPOS="1056" WIDTH="32"/>
						<String ID="P70_ST00040" HPOS="1653" VPOS="986" WIDTH="363" HEIGHT="84" CONTENT="gehören?“" WC="0.99" CC="007300468"/>
					</TextLine>
					<TextLine ID="P70_TL00008" HPOS="1169" VPOS="1077" WIDTH="1318" HEIGHT="81">
						<String ID="P70_ST00041" HPOS="1169" VPOS="1077" WIDTH="348" HEIGHT="81" CONTENT="„Keinem!" WC="0.99" CC="35060005"/>
						<SP ID="P70_SP00034" HPOS="1517" VPOS="1158" WIDTH="53"/>
						<String ID="P70_ST00042" HPOS="1570" VPOS="1079" WIDTH="271" HEIGHT="71" CONTENT="Keinem" WC="0.99" CC="406000"/>
						<SP ID="P70_SP00035" HPOS="1841" VPOS="1158" WIDTH="35"/>
						<String ID="P70_ST00043" HPOS="1876" VPOS="1111" WIDTH="122" HEIGHT="40" CONTENT="von" WC="0.98" CC="005"/>
						<SP ID="P70_SP00036" HPOS="1998" VPOS="1158" WIDTH="33"/>
						<String ID="P70_ST00044" HPOS="2031" VPOS="1111" WIDTH="118" HEIGHT="42" CONTENT="uns" WC="0.98" CC="600"/>
						<SP ID="P70_SP00037" HPOS="2149" VPOS="1158" WIDTH="37"/>
						<String ID="P70_ST00045" HPOS="2186" VPOS="1084" WIDTH="301" HEIGHT="70" CONTENT="beiden!“" WC="0.99" CC="70300040"/>
					</TextLine>
					<TextLine ID="P70_TL00009" HPOS="1169" VPOS="1169" WIDTH="1176" HEIGHT="82">
						<String ID="P70_ST00046" HPOS="1169" VPOS="1169" WIDTH="199" HEIGHT="82" CONTENT="„Und" WC="0.98" CC="4200"/>
						<SP ID="P70_SP00038" HPOS="1368" VPOS="1251" WIDTH="32"/>
						<String ID="P70_ST00047" HPOS="1400" VPOS="1199" WIDTH="125" HEIGHT="43" CONTENT="was" WC="0.99" CC="002"/>
						<SP ID="P70_SP00039" HPOS="1525" VPOS="1251" WIDTH="35"/>
						<String ID="P70_ST00048" HPOS="1560" VPOS="1171" WIDTH="196" HEIGHT="71" CONTENT="sollen" WC="0.99" CC="303400"/>
						<SP ID="P70_SP00040" HPOS="1756" VPOS="1251" WIDTH="33"/>
						<String ID="P70_ST00049" HPOS="1789" VPOS="1174" WIDTH="114" HEIGHT="68" CONTENT="wir" WC="0.94" CC="536"/>
						<SP ID="P70_SP00041" HPOS="1903" VPOS="1251" WIDTH="33"/>
						<String ID="P70_ST00050" HPOS="1936" VPOS="1171" WIDTH="173" HEIGHT="71" CONTENT="dann" WC="0.98" CC="6000"/>
						<SP ID="P70_SP00042" HPOS="2109" VPOS="1251" WIDTH="31"/>
						<String ID="P70_ST00051" HPOS="2140" VPOS="1181" WIDTH="205" HEIGHT="64" CONTENT="tun?“" WC="0.99" CC="00108"/>
					</TextLine>
					<TextLine ID="P70_TL00010" HPOS="1182" VPOS="1263" WIDTH="1153" HEIGHT="87">
						<String ID="P70_ST00052" HPOS="1182" VPOS="1263" WIDTH="198" HEIGHT="83" CONTENT="„Weg" WC="0.96" CC="3573"/>
						<SP ID="P70_SP00043" HPOS="1380" VPOS="1346" WIDTH="36"/>
						<String ID="P70_ST00053" HPOS="1416" VPOS="1295" WIDTH="124" HEIGHT="39" CONTENT="von" WC="0.97" CC="024"/>
						<SP ID="P70_SP00044" HPOS="1540" VPOS="1346" WIDTH="36"/>
						<String ID="P70_ST00054" HPOS="1576" VPOS="1264" WIDTH="164" HEIGHT="73" CONTENT="hier!" WC="0.97" CC="77021"/>
						<SP ID="P70_SP00045" HPOS="1740" VPOS="1346" WIDTH="37"/>
						<String ID="P70_ST00055" HPOS="1777" VPOS="1264" WIDTH="155" HEIGHT="86" CONTENT="Weg" WC="0.98" CC="500"/>
						<SP ID="P70_SP00046" HPOS="1932" VPOS="1350" WIDTH="36"/>
						<String ID="P70_ST00056" HPOS="1968" VPOS="1296" WIDTH="123" HEIGHT="41" CONTENT="von" WC="0.98" CC="006"/>
						<SP ID="P70_SP00047" HPOS="2091" VPOS="1350" WIDTH="35"/>
						<String ID="P70_ST00057" HPOS="2126" VPOS="1267" WIDTH="209" HEIGHT="71" CONTENT="hier!“" WC="0.99" CC="040540"/>
					</TextLine>
					<TextLine ID="P70_TL00011" HPOS="1180" VPOS="1355" WIDTH="368" HEIGHT="80">
						<String ID="P70_ST00058" HPOS="1180" VPOS="1355" WIDTH="368" HEIGHT="80" CONTENT="„Wohin?“" WC="0.98" CC="25007298"/>
					</TextLine>
					<TextLine ID="P70_TL00012" HPOS="1181" VPOS="1447" WIDTH="2114" HEIGHT="91">
						<String ID="P70_ST00059" HPOS="1181" VPOS="1447" WIDTH="554" HEIGHT="87" CONTENT="„Gleichgültig!“" WC="1.00" CC="403060000307050"/>
						<SP ID="P70_SP00048" HPOS="1735" VPOS="1534" WIDTH="34"/>
						<String ID="P70_ST00060" HPOS="1769" VPOS="1451" WIDTH="121" HEIGHT="69" CONTENT="rief" WC="0.96" CC="5606"/>
						<SP ID="P70_SP00049" HPOS="1890" VPOS="1534" WIDTH="27"/>
						<String ID="P70_ST00061" HPOS="1917" VPOS="1451" WIDTH="359" HEIGHT="81" CONTENT="Wladislav," WC="0.88" CC="0000703000"/>
						<SP ID="P70_SP00050" HPOS="2276" VPOS="1534" WIDTH="32"/>
						<String ID="P70_ST00062" HPOS="2308" VPOS="1452" WIDTH="484" HEIGHT="86" CONTENT="„gleichgültig!" WC="0.99" CC="40406000069500"/>
						<SP ID="P70_SP00051" HPOS="2792" VPOS="1538" WIDTH="34"/>
						<String ID="P70_ST00063" HPOS="2826" VPOS="1451" WIDTH="144" HEIGHT="71" CONTENT="Nur" WC="0.93" CC="565"/>
						<SP ID="P70_SP00052" HPOS="2970" VPOS="1538" WIDTH="30"/>
						<String ID="P70_ST00064" HPOS="3000" VPOS="1480" WIDTH="137" HEIGHT="54" CONTENT="weg" WC="0.98" CC="004"/>
						<SP ID="P70_SP00053" HPOS="3137" VPOS="1538" WIDTH="34"/>
						<String ID="P70_ST00065" HPOS="3171" VPOS="1483" WIDTH="124" HEIGHT="39" CONTENT="von" WC="0.96" CC="027"/>
					</TextLine>
					<TextLine ID="P70_TL00013" HPOS="1085" VPOS="1539" WIDTH="2211" HEIGHT="90">
						<String ID="P70_ST00066" HPOS="1085" VPOS="1539" WIDTH="162" HEIGHT="71" CONTENT="hier!" WC="0.98" CC="06032"/>
						<SP ID="P70_SP00054" HPOS="1247" VPOS="1610" WIDTH="13"/>
						<String ID="P70_ST00067" HPOS="1260" VPOS="1539" WIDTH="159" HEIGHT="86" CONTENT="Weg" WC="1.00" CC="000"/>
						<SP ID="P70_SP00055" HPOS="1419" VPOS="1625" WIDTH="14"/>
						<String ID="P70_ST00068" HPOS="1433" VPOS="1572" WIDTH="122" HEIGHT="39" CONTENT="von" WC="0.98" CC="006"/>
						<SP ID="P70_SP00056" HPOS="1555" VPOS="1625" WIDTH="19"/>
						<String ID="P70_ST00069" HPOS="1574" VPOS="1541" WIDTH="211" HEIGHT="71" CONTENT="hier!“" WC="0.99" CC="040400"/>
						<SP ID="P70_SP00057" HPOS="1785" VPOS="1625" WIDTH="15"/>
						<String ID="P70_ST00070" HPOS="1800" VPOS="1541" WIDTH="71" HEIGHT="73" CONTENT="In" WC="0.69" CC="60"/>
						<SP ID="P70_SP00058" HPOS="1871" VPOS="1625" WIDTH="19"/>
						<String ID="P70_ST00071" HPOS="1890" VPOS="1546" WIDTH="208" HEIGHT="69" CONTENT="seiner" WC="0.99" CC="007300"/>
						<SP ID="P70_SP00059" HPOS="2098" VPOS="1625" WIDTH="9"/>
						<String ID="P70_ST00072" HPOS="2107" VPOS="1544" WIDTH="273" HEIGHT="71" CONTENT="Stimme" WC="0.99" CC="007000"/>
						<SP ID="P70_SP00060" HPOS="2380" VPOS="1625" WIDTH="16"/>
						<String ID="P70_ST00073" HPOS="2396" VPOS="1545" WIDTH="189" HEIGHT="84" CONTENT="klang" WC="0.98" CC="53070"/>
						<SP ID="P70_SP00061" HPOS="2585" VPOS="1629" WIDTH="11"/>
						<String ID="P70_ST00074" HPOS="2596" VPOS="1544" WIDTH="337" HEIGHT="84" CONTENT="Hoffnung" WC="0.98" CC="00670668"/>
						<SP ID="P70_SP00062" HPOS="2933" VPOS="1629" WIDTH="11"/>
						<String ID="P70_ST00075" HPOS="2944" VPOS="1545" WIDTH="135" HEIGHT="69" CONTENT="und" WC="0.96" CC="460"/>
						<SP ID="P70_SP00063" HPOS="3079" VPOS="1629" WIDTH="9"/>
						<String ID="P70_ST00076" HPOS="3088" VPOS="1544" WIDTH="208" HEIGHT="84" CONTENT="Jubel." WC="0.98" CC="077054"/>
					</TextLine>
					<TextLine ID="P70_TL00014" HPOS="1180" VPOS="1632" WIDTH="725" HEIGHT="81">
						<String ID="P70_ST00077" HPOS="1180" VPOS="1632" WIDTH="248" HEIGHT="81" CONTENT="„Arm?" WC="0.99" CC="32000"/>
						<SP ID="P70_SP00064" HPOS="1428" VPOS="1713" WIDTH="35"/>
						<String ID="P70_ST00078" HPOS="1463" VPOS="1634" WIDTH="442" HEIGHT="71" CONTENT="Heimatlos?“" WC="1.00" CC="00700033000"/>
					</TextLine>
					<TextLine ID="P70_TL00015" HPOS="1179" VPOS="1726" WIDTH="2116" HEIGHT="82">
						<String ID="P70_ST00079" HPOS="1179" VPOS="1726" WIDTH="145" HEIGHT="82" CONTENT="„Ja!" WC="0.98" CC="4005"/>
						<SP ID="P70_SP00065" HPOS="1324" VPOS="1808" WIDTH="28"/>
						<String ID="P70_ST00080" HPOS="1352" VPOS="1727" WIDTH="190" HEIGHT="71" CONTENT="Arm!" WC="0.99" CC="1002"/>
						<SP ID="P70_SP00066" HPOS="1542" VPOS="1808" WIDTH="32"/>
						<String ID="P70_ST00081" HPOS="1574" VPOS="1726" WIDTH="386" HEIGHT="72" CONTENT="Heimatlos!" WC="1.00" CC="0070000000"/>
						<SP ID="P70_SP00067" HPOS="1960" VPOS="1808" WIDTH="29"/>
						<String ID="P70_ST00082" HPOS="1989" VPOS="1729" WIDTH="86" HEIGHT="70" CONTENT="So" WC="0.72" CC="05"/>
						<SP ID="P70_SP00068" HPOS="2075" VPOS="1808" WIDTH="21"/>
						<String ID="P70_ST00083" HPOS="2096" VPOS="1729" WIDTH="221" HEIGHT="70" CONTENT="ziehen" WC="0.98" CC="060702"/>
						<SP ID="P70_SP00069" HPOS="2317" VPOS="1808" WIDTH="28"/>
						<String ID="P70_ST00084" HPOS="2345" VPOS="1732" WIDTH="114" HEIGHT="68" CONTENT="wir" WC="0.96" CC="074"/>
						<SP ID="P70_SP00070" HPOS="2459" VPOS="1808" WIDTH="24"/>
						<String ID="P70_ST00085" HPOS="2483" VPOS="1729" WIDTH="423" HEIGHT="71" CONTENT="miteinander" WC="1.00" CC="05006000001"/>
						<SP ID="P70_SP00071" HPOS="2906" VPOS="1808" WIDTH="25"/>
						<String ID="P70_ST00086" HPOS="2931" VPOS="1736" WIDTH="144" HEIGHT="63" CONTENT="aus!" WC="0.97" CC="0705"/>
						<SP ID="P70_SP00072" HPOS="3075" VPOS="1808" WIDTH="28"/>
						<String ID="P70_ST00087" HPOS="3103" VPOS="1731" WIDTH="192" HEIGHT="69" CONTENT="Dann" WC="0.96" CC="4078"/>
					</TextLine>
					<TextLine ID="P70_TL00016" HPOS="1082" VPOS="1817" WIDTH="2213" HEIGHT="89">
						<String ID="P70_ST00088" HPOS="1082" VPOS="1817" WIDTH="171" HEIGHT="82" CONTENT="gibts" WC="0.54" CC="86700"/>
						<SP ID="P70_SP00073" HPOS="1253" VPOS="1899" WIDTH="35"/>
						<String ID="P70_ST00089" HPOS="1288" VPOS="1818" WIDTH="225" HEIGHT="70" CONTENT="keinen" WC="0.99" CC="506003"/>
						<SP ID="P70_SP00074" HPOS="1513" VPOS="1899" WIDTH="35"/>
						<String ID="P70_ST00090" HPOS="1548" VPOS="1818" WIDTH="199" HEIGHT="71" CONTENT="Streit" WC="0.99" CC="003070"/>
						<SP ID="P70_SP00075" HPOS="1747" VPOS="1899" WIDTH="44"/>
						<String ID="P70_ST00091" HPOS="1791" VPOS="1822" WIDTH="136" HEIGHT="69" CONTENT="und" WC="0.98" CC="050"/>
						<SP ID="P70_SP00076" HPOS="1927" VPOS="1899" WIDTH="38"/>
						<String ID="P70_ST00092" HPOS="1965" VPOS="1821" WIDTH="225" HEIGHT="71" CONTENT="keinen" WC="0.99" CC="507000"/>
						<SP ID="P70_SP00077" HPOS="2190" VPOS="1899" WIDTH="37"/>
						<String ID="P70_ST00093" HPOS="2227" VPOS="1821" WIDTH="170" HEIGHT="71" CONTENT="Zorn" WC="0.99" CC="0040"/>
						<SP ID="P70_SP00078" HPOS="2397" VPOS="1899" WIDTH="37"/>
						<String ID="P70_ST00094" HPOS="2434" VPOS="1821" WIDTH="209" HEIGHT="71" CONTENT="mehr!" WC="0.99" CC="00702"/>
						<SP ID="P70_SP00079" HPOS="2643" VPOS="1899" WIDTH="67"/>
						<String ID="P70_ST00095" HPOS="2710" VPOS="1821" WIDTH="239" HEIGHT="71" CONTENT="Ziehen" WC="0.99" CC="070000"/>
						<SP ID="P70_SP00080" HPOS="2949" VPOS="1899" WIDTH="36"/>
						<String ID="P70_ST00096" HPOS="2985" VPOS="1823" WIDTH="114" HEIGHT="69" CONTENT="wir" WC="0.95" CC="075"/>
						<SP ID="P70_SP00081" HPOS="3099" VPOS="1899" WIDTH="33"/>
						<String ID="P70_ST00097" HPOS="3132" VPOS="1830" WIDTH="163" HEIGHT="76" CONTENT="weg!" WC="0.97" CC="0094"/>
					</TextLine>
					<TextLine ID="P70_TL00017" HPOS="1082" VPOS="1910" WIDTH="628" HEIGHT="86">
						<String ID="P70_ST00098" HPOS="1082" VPOS="1910" WIDTH="240" HEIGHT="72" CONTENT="Ziehen" WC="0.99" CC="060000"/>
						<SP ID="P70_SP00082" HPOS="1322" VPOS="1982" WIDTH="35"/>
						<String ID="P70_ST00099" HPOS="1357" VPOS="1912" WIDTH="113" HEIGHT="69" CONTENT="wir" WC="0.97" CC="060"/>
						<SP ID="P70_SP00083" HPOS="1470" VPOS="1982" WIDTH="34"/>
						<String ID="P70_ST00100" HPOS="1504" VPOS="1919" WIDTH="206" HEIGHT="77" CONTENT="weg!“" WC="0.98" CC="00960"/>
					</TextLine>
					<TextLine ID="P70_TL00018" HPOS="1180" VPOS="2001" WIDTH="1958" HEIGHT="88">
						<String ID="P70_ST00101" HPOS="1180" VPOS="2001" WIDTH="201" HEIGHT="80" CONTENT="„Und" WC="0.99" CC="4000"/>
						<SP ID="P70_SP00084" HPOS="1381" VPOS="2081" WIDTH="34"/>
						<String ID="P70_ST00102" HPOS="1415" VPOS="2004" WIDTH="111" HEIGHT="69" CONTENT="das" WC="1.00" CC="000"/>
						<SP ID="P70_SP00085" HPOS="1526" VPOS="2081" WIDTH="39"/>
						<String ID="P70_ST00103" HPOS="1565" VPOS="2002" WIDTH="265" HEIGHT="71" CONTENT="Haus?“" WC="0.99" CC="006000"/>
						<SP ID="P70_SP00086" HPOS="1830" VPOS="2081" WIDTH="40"/>
						<String ID="P70_ST00104" HPOS="1870" VPOS="2004" WIDTH="200" HEIGHT="85" CONTENT="fragte" WC="0.99" CC="642000"/>
						<SP ID="P70_SP00087" HPOS="2070" VPOS="2089" WIDTH="33"/>
						<String ID="P70_ST00105" HPOS="2103" VPOS="2005" WIDTH="337" HEIGHT="71" CONTENT="Wratislav" WC="0.81" CC="040060500"/>
						<SP ID="P70_SP00088" HPOS="2440" VPOS="2089" WIDTH="37"/>
						<String ID="P70_ST00106" HPOS="2477" VPOS="2006" WIDTH="179" HEIGHT="79" CONTENT="„und" WC="0.97" CC="4520"/>
						<SP ID="P70_SP00089" HPOS="2656" VPOS="2089" WIDTH="33"/>
						<String ID="P70_ST00107" HPOS="2689" VPOS="2006" WIDTH="104" HEIGHT="70" CONTENT="die" WC="0.97" CC="060"/>
						<SP ID="P70_SP00090" HPOS="2793" VPOS="2089" WIDTH="36"/>
						<String ID="P70_ST00108" HPOS="2829" VPOS="2005" WIDTH="309" HEIGHT="71" CONTENT="Felder?“" WC="1.00" CC="00500000"/>
					</TextLine>
					<TextLine ID="P70_TL00019" HPOS="1181" VPOS="2095" WIDTH="2115" HEIGHT="79">
						<String ID="P70_ST00109" HPOS="1181" VPOS="2095" WIDTH="214" HEIGHT="79" CONTENT="„Ach!" WC="0.99" CC="33000"/>
						<SP ID="P70_SP00091" HPOS="1395" VPOS="2174" WIDTH="51"/>
						<String ID="P70_ST00110" HPOS="1446" VPOS="2095" WIDTH="144" HEIGHT="71" CONTENT="Was" WC="1.00" CC="000"/>
						<SP ID="P70_SP00092" HPOS="1590" VPOS="2174" WIDTH="50"/>
						<String ID="P70_ST00111" HPOS="1640" VPOS="2096" WIDTH="350" HEIGHT="70" CONTENT="kümmerts" WC="0.97" CC="00000200"/>
						<SP ID="P70_SP00093" HPOS="1990" VPOS="2174" WIDTH="49"/>
						<String ID="P70_ST00112" HPOS="2039" VPOS="2107" WIDTH="152" HEIGHT="60" CONTENT="uns!" WC="0.98" CC="3202"/>
						<SP ID="P70_SP00094" HPOS="2191" VPOS="2174" WIDTH="44"/>
						<String ID="P70_ST00113" HPOS="2235" VPOS="2098" WIDTH="126" HEIGHT="71" CONTENT="Die" WC="0.96" CC="470"/>
						<SP ID="P70_SP00095" HPOS="2361" VPOS="2174" WIDTH="46"/>
						<String ID="P70_ST00114" HPOS="2407" VPOS="2098" WIDTH="225" HEIGHT="71" CONTENT="Felder" WC="1.00" CC="000000"/>
						<SP ID="P70_SP00096" HPOS="2632" VPOS="2174" WIDTH="47"/>
						<String ID="P70_ST00115" HPOS="2679" VPOS="2099" WIDTH="426" HEIGHT="71" CONTENT="verschenken" WC="1.00" CC="00500003000"/>
						<SP ID="P70_SP00097" HPOS="3105" VPOS="2174" WIDTH="47"/>
						<String ID="P70_ST00116" HPOS="3152" VPOS="2101" WIDTH="144" HEIGHT="68" CONTENT="wir!" WC="0.96" CC="0666"/>
					</TextLine>
					<TextLine ID="P70_TL00020" HPOS="1085" VPOS="2187" WIDTH="2211" HEIGHT="82">
						<String ID="P70_ST00117" HPOS="1085" VPOS="2187" WIDTH="156" HEIGHT="69" CONTENT="Und" WC="1.00" CC="000"/>
						<SP ID="P70_SP00098" HPOS="1241" VPOS="2256" WIDTH="47"/>
						<String ID="P70_ST00118" HPOS="1288" VPOS="2218" WIDTH="88" HEIGHT="38" CONTENT="im" WC="0.89" CC="20"/>
						<SP ID="P70_SP00099" HPOS="1376" VPOS="2256" WIDTH="49"/>
						<String ID="P70_ST00119" HPOS="1425" VPOS="2187" WIDTH="178" HEIGHT="72" CONTENT="Haus" WC="0.98" CC="0070"/>
						<SP ID="P70_SP00100" HPOS="1603" VPOS="2259" WIDTH="46"/>
						<String ID="P70_ST00120" HPOS="1649" VPOS="2190" WIDTH="115" HEIGHT="69" CONTENT="soll" WC="1.00" CC="0020"/>
						<SP ID="P70_SP00101" HPOS="1764" VPOS="2259" WIDTH="46"/>
						<String ID="P70_ST00121" HPOS="1810" VPOS="2189" WIDTH="296" HEIGHT="80" CONTENT="wohnen," WC="0.99" CC="0302002"/>
						<SP ID="P70_SP00102" HPOS="2106" VPOS="2269" WIDTH="48"/>
						<String ID="P70_ST00122" HPOS="2154" VPOS="2221" WIDTH="126" HEIGHT="40" CONTENT="wer" WC="1.00" CC="001"/>
						<SP ID="P70_SP00103" HPOS="2280" VPOS="2269" WIDTH="42"/>
						<String ID="P70_ST00123" HPOS="2322" VPOS="2192" WIDTH="156" HEIGHT="69" CONTENT="will!" WC="0.99" CC="00034"/>
						<SP ID="P70_SP00104" HPOS="2478" VPOS="2269" WIDTH="69"/>
						<String ID="P70_ST00124" HPOS="2547" VPOS="2192" WIDTH="124" HEIGHT="69" CONTENT="Die" WC="0.97" CC="070"/>
						<SP ID="P70_SP00105" HPOS="2671" VPOS="2269" WIDTH="36"/>
						<String ID="P70_ST00125" HPOS="2707" VPOS="2192" WIDTH="240" HEIGHT="69" CONTENT="Armen" WC="0.99" CC="05000"/>
						<SP ID="P70_SP00106" HPOS="2947" VPOS="2269" WIDTH="44"/>
						<String ID="P70_ST00126" HPOS="2991" VPOS="2222" WIDTH="112" HEIGHT="41" CONTENT="aus" WC="0.98" CC="040"/>
						<SP ID="P70_SP00107" HPOS="3103" VPOS="2269" WIDTH="47"/>
						<String ID="P70_ST00127" HPOS="3150" VPOS="2193" WIDTH="146" HEIGHT="70" CONTENT="dem" WC="0.98" CC="006"/>
					</TextLine>
					<TextLine ID="P70_TL00021" HPOS="1086" VPOS="2279" WIDTH="2212" HEIGHT="89">
						<String ID="P70_ST00128" HPOS="1086" VPOS="2279" WIDTH="198" HEIGHT="70" CONTENT="Dorf!" WC="0.98" CC="00271"/>
						<SP ID="P70_SP00108" HPOS="1284" VPOS="2349" WIDTH="49"/>
						<String ID="P70_ST00129" HPOS="1333" VPOS="2280" WIDTH="154" HEIGHT="70" CONTENT="Und" WC="0.97" CC="060"/>
						<SP ID="P70_SP00109" HPOS="1487" VPOS="2350" WIDTH="36"/>
						<String ID="P70_ST00130" HPOS="1523" VPOS="2280" WIDTH="103" HEIGHT="72" CONTENT="die" WC="0.97" CC="070"/>
						<SP ID="P70_SP00110" HPOS="1626" VPOS="2352" WIDTH="34"/>
						<String ID="P70_ST00131" HPOS="1660" VPOS="2282" WIDTH="337" HEIGHT="70" CONTENT="Kranken!" WC="1.00" CC="00030000"/>
						<SP ID="P70_SP00111" HPOS="1997" VPOS="2352" WIDTH="34"/>
						<String ID="P70_ST00132" HPOS="2031" VPOS="2282" WIDTH="150" HEIGHT="71" CONTENT="Wer" WC="1.00" CC="001"/>
						<SP ID="P70_SP00112" HPOS="2181" VPOS="2353" WIDTH="34"/>
						<String ID="P70_ST00133" HPOS="2215" VPOS="2282" WIDTH="155" HEIGHT="71" CONTENT="will!" WC="0.98" CC="07500"/>
						<SP ID="P70_SP00113" HPOS="2370" VPOS="2353" WIDTH="48"/>
						<String ID="P70_ST00134" HPOS="2418" VPOS="2283" WIDTH="238" HEIGHT="71" CONTENT="Ziehen" WC="0.99" CC="040006"/>
						<SP ID="P70_SP00114" HPOS="2656" VPOS="2354" WIDTH="37"/>
						<String ID="P70_ST00135" HPOS="2693" VPOS="2287" WIDTH="114" HEIGHT="67" CONTENT="wir" WC="0.96" CC="074"/>
						<SP ID="P70_SP00115" HPOS="2807" VPOS="2354" WIDTH="33"/>
						<String ID="P70_ST00136" HPOS="2840" VPOS="2292" WIDTH="208" HEIGHT="76" CONTENT="weg!“" WC="0.99" CC="00060"/>
						<SP ID="P70_SP00116" HPOS="3048" VPOS="2368" WIDTH="42"/>
						<String ID="P70_ST00137" HPOS="3090" VPOS="2284" WIDTH="108" HEIGHT="70" CONTENT="bat" WC="0.97" CC="700"/>
						<SP ID="P70_SP00117" HPOS="3198" VPOS="2368" WIDTH="33"/>
						<String ID="P70_ST00138" HPOS="3231" VPOS="2315" WIDTH="67" HEIGHT="40" CONTENT="er" WC="0.64" CC="07"/>
					</TextLine>
					<TextLine ID="P70_TL00022" HPOS="1085" VPOS="2372" WIDTH="2208" HEIGHT="89">
						<String ID="P70_ST00139" HPOS="1085" VPOS="2374" WIDTH="199" HEIGHT="80" CONTENT="innig," WC="0.98" CC="770602"/>
						<SP ID="P70_SP00118" HPOS="1284" VPOS="2454" WIDTH="29"/>
						<String ID="P70_ST00140" HPOS="1313" VPOS="2372" WIDTH="105" HEIGHT="70" CONTENT="die" WC="0.97" CC="070"/>
						<SP ID="P70_SP00119" HPOS="1418" VPOS="2454" WIDTH="29"/>
						<String ID="P70_ST00141" HPOS="1447" VPOS="2372" WIDTH="228" HEIGHT="71" CONTENT="Hände" WC="1.00" CC="00000"/>
						<SP ID="P70_SP00120" HPOS="1675" VPOS="2454" WIDTH="27"/>
						<String ID="P70_ST00142" HPOS="1702" VPOS="2373" WIDTH="285" HEIGHT="70" CONTENT="kindlich" WC="0.99" CC="07002737"/>
						<SP ID="P70_SP00121" HPOS="1987" VPOS="2454" WIDTH="36"/>
						<String ID="P70_ST00143" HPOS="2023" VPOS="2374" WIDTH="601" HEIGHT="84" CONTENT="ineinandergelegt," WC="1.00" CC="73066050008050010"/>
						<SP ID="P70_SP00122" HPOS="2624" VPOS="2458" WIDTH="38"/>
						<String ID="P70_ST00144" HPOS="2662" VPOS="2376" WIDTH="266" HEIGHT="78" CONTENT="„ziehen" WC="0.99" CC="4070000"/>
						<SP ID="P70_SP00123" HPOS="2928" VPOS="2458" WIDTH="28"/>
						<String ID="P70_ST00145" HPOS="2956" VPOS="2378" WIDTH="113" HEIGHT="69" CONTENT="wir" WC="0.95" CC="076"/>
						<SP ID="P70_SP00124" HPOS="3069" VPOS="2458" WIDTH="17"/>
						<String ID="P70_ST00146" HPOS="3086" VPOS="2383" WIDTH="207" HEIGHT="78" CONTENT="weg!“" WC="0.99" CC="00018"/>
					</TextLine>
					<TextLine ID="P70_TL00023" HPOS="1179" VPOS="2463" WIDTH="2118" HEIGHT="87">
						<String ID="P70_ST00147" HPOS="1179" VPOS="2463" WIDTH="236" HEIGHT="80" CONTENT="„Dann" WC="0.99" CC="30030"/>
						<SP ID="P70_SP00125" HPOS="1415" VPOS="2543" WIDTH="50"/>
						<String ID="P70_ST00148" HPOS="1465" VPOS="2465" WIDTH="157" HEIGHT="82" CONTENT="gäbe" WC="0.97" CC="0570"/>
						<SP ID="P70_SP00126" HPOS="1622" VPOS="2547" WIDTH="46"/>
						<String ID="P70_ST00149" HPOS="1668" VPOS="2476" WIDTH="133" HEIGHT="69" CONTENT="es“," WC="0.99" CC="0003"/>
						<SP ID="P70_SP00127" HPOS="1801" VPOS="2547" WIDTH="46"/>
						<String ID="P70_ST00150" HPOS="1847" VPOS="2485" WIDTH="174" HEIGHT="65" CONTENT="sagte" WC="1.00" CC="00000"/>
						<SP ID="P70_SP00128" HPOS="2021" VPOS="2550" WIDTH="47"/>
						<String ID="P70_ST00151" HPOS="2068" VPOS="2467" WIDTH="110" HEIGHT="70" CONTENT="der" WC="0.99" CC="003"/>
						<SP ID="P70_SP00129" HPOS="2178" VPOS="2550" WIDTH="38"/>
						<String ID="P70_ST00152" HPOS="2216" VPOS="2466" WIDTH="163" HEIGHT="70" CONTENT="Graf" WC="0.97" CC="2306"/>
						<SP ID="P70_SP00130" HPOS="2379" VPOS="2550" WIDTH="32"/>
						<String ID="P70_ST00153" HPOS="2411" VPOS="2468" WIDTH="134" HEIGHT="69" CONTENT="und" WC="0.95" CC="660"/>
						<SP ID="P70_SP00131" HPOS="2545" VPOS="2550" WIDTH="36"/>
						<String ID="P70_ST00154" HPOS="2581" VPOS="2468" WIDTH="226" HEIGHT="70" CONTENT="mildes" WC="0.99" CC="071000"/>
						<SP ID="P70_SP00132" HPOS="2807" VPOS="2550" WIDTH="36"/>
						<String ID="P70_ST00155" HPOS="2843" VPOS="2468" WIDTH="280" HEIGHT="72" CONTENT="Lächeln" WC="0.99" CC="1007000"/>
						<SP ID="P70_SP00133" HPOS="3123" VPOS="2550" WIDTH="36"/>
						<String ID="P70_ST00156" HPOS="3159" VPOS="2499" WIDTH="104" HEIGHT="41" CONTENT="ver" SUBS_TYPE="HypPart1" SUBS_CONTENT="verklärte" WC="0.98" CC="003"/>
						<HYP HPOS="3263" VPOS="2499" WIDTH="34" CONTENT="-"/>
					</TextLine>
					<TextLine ID="P70_TL00024" HPOS="1082" VPOS="2557" WIDTH="2216" HEIGHT="87">
						<String ID="P70_ST00157" HPOS="1082" VPOS="2557" WIDTH="196" HEIGHT="70" CONTENT="klärte" SUBS_TYPE="HypPart2" SUBS_CONTENT="verklärte" WC="1.00" CC="000300"/>
						<SP ID="P70_SP00134" HPOS="1278" VPOS="2627" WIDTH="46"/>
						<String ID="P70_ST00158" HPOS="1324" VPOS="2559" WIDTH="136" HEIGHT="68" CONTENT="sein" WC="0.99" CC="0070"/>
						<SP ID="P70_SP00135" HPOS="1460" VPOS="2627" WIDTH="40"/>
						<String ID="P70_ST00159" HPOS="1500" VPOS="2557" WIDTH="291" HEIGHT="82" CONTENT="Gesicht," WC="1.00" CC="00060002"/>
						<SP ID="P70_SP00136" HPOS="1791" VPOS="2639" WIDTH="53"/>
						<String ID="P70_ST00160" HPOS="1844" VPOS="2560" WIDTH="212" HEIGHT="80" CONTENT="„dann" WC="1.00" CC="10000"/>
						<SP ID="P70_SP00137" HPOS="2056" VPOS="2640" WIDTH="50"/>
						<String ID="P70_ST00161" HPOS="2106" VPOS="2560" WIDTH="156" HEIGHT="84" CONTENT="gäbe" WC="0.98" CC="0070"/>
						<SP ID="P70_SP00138" HPOS="2262" VPOS="2644" WIDTH="45"/>
						<String ID="P70_ST00162" HPOS="2307" VPOS="2592" WIDTH="64" HEIGHT="38" CONTENT="es" WC="1.00" CC="00"/>
						<SP ID="P70_SP00139" HPOS="2371" VPOS="2644" WIDTH="49"/>
						<String ID="P70_ST00163" HPOS="2420" VPOS="2561" WIDTH="224" HEIGHT="69" CONTENT="keinen" WC="0.98" CC="005707"/>
						<SP ID="P70_SP00140" HPOS="2644" VPOS="2644" WIDTH="50"/>
						<String ID="P70_ST00164" HPOS="2694" VPOS="2561" WIDTH="196" HEIGHT="71" CONTENT="Streit" WC="0.99" CC="000078"/>
						<SP ID="P70_SP00141" HPOS="2890" VPOS="2644" WIDTH="47"/>
						<String ID="P70_ST00165" HPOS="2937" VPOS="2562" WIDTH="180" HEIGHT="70" CONTENT="mehr" WC="0.97" CC="0077"/>
						<SP ID="P70_SP00142" HPOS="3117" VPOS="2644" WIDTH="46"/>
						<String ID="P70_ST00166" HPOS="3163" VPOS="2564" WIDTH="135" HEIGHT="68" CONTENT="und" WC="0.94" CC="059"/>
					</TextLine>
					<TextLine ID="P70_TL00025" HPOS="1082" VPOS="2648" WIDTH="508" HEIGHT="72">
						<String ID="P70_ST00167" HPOS="1082" VPOS="2650" WIDTH="224" HEIGHT="69" CONTENT="keinen" WC="0.98" CC="007606"/>
						<SP ID="P70_SP00143" HPOS="1306" VPOS="2719" WIDTH="37"/>
						<String ID="P70_ST00168" HPOS="1343" VPOS="2648" WIDTH="247" HEIGHT="72" CONTENT="Zorn!“" WC="0.98" CC="062340"/>
					</TextLine>
					<TextLine ID="P70_TL00026" HPOS="1179" VPOS="2742" WIDTH="670" HEIGHT="86">
						<String ID="P70_ST00169" HPOS="1179" VPOS="2742" WIDTH="281" HEIGHT="80" CONTENT="„Ziehen" WC="0.99" CC="3060000"/>
						<SP ID="P70_SP00144" HPOS="1460" VPOS="2822" WIDTH="34"/>
						<String ID="P70_ST00170" HPOS="1494" VPOS="2745" WIDTH="114" HEIGHT="69" CONTENT="wir" WC="0.96" CC="074"/>
						<SP ID="P70_SP00145" HPOS="1608" VPOS="2822" WIDTH="36"/>
						<String ID="P70_ST00171" HPOS="1644" VPOS="2750" WIDTH="205" HEIGHT="78" CONTENT="weg!“" WC="1.00" CC="00010"/>
					</TextLine>
					<TextLine ID="P70_TL00027" HPOS="1178" VPOS="2834" WIDTH="2117" HEIGHT="80">
						<String ID="P70_ST00172" HPOS="1178" VPOS="2835" WIDTH="199" HEIGHT="79" CONTENT="„Und" WC="0.99" CC="3000"/>
						<SP ID="P70_SP00146" HPOS="1377" VPOS="2914" WIDTH="50"/>
						<String ID="P70_ST00173" HPOS="1427" VPOS="2837" WIDTH="64" HEIGHT="68" CONTENT="in" WC="0.60" CC="60"/>
						<SP ID="P70_SP00147" HPOS="1491" VPOS="2914" WIDTH="52"/>
						<String ID="P70_ST00174" HPOS="1543" VPOS="2834" WIDTH="333" HEIGHT="71" CONTENT="Eintracht" WC="1.00" CC="070000000"/>
						<SP ID="P70_SP00148" HPOS="1876" VPOS="2914" WIDTH="50"/>
						<String ID="P70_ST00175" HPOS="1926" VPOS="2838" WIDTH="279" HEIGHT="70" CONTENT="könnten" WC="0.98" CC="0207707"/>
						<SP ID="P70_SP00149" HPOS="2205" VPOS="2914" WIDTH="55"/>
						<String ID="P70_ST00176" HPOS="2260" VPOS="2839" WIDTH="113" HEIGHT="68" CONTENT="wir" WC="0.97" CC="070"/>
						<SP ID="P70_SP00150" HPOS="2373" VPOS="2914" WIDTH="50"/>
						<String ID="P70_ST00177" HPOS="2423" VPOS="2867" WIDTH="148" HEIGHT="41" CONTENT="zwei" WC="0.99" CC="0006"/>
						<SP ID="P70_SP00151" HPOS="2571" VPOS="2914" WIDTH="59"/>
						<String ID="P70_ST00178" HPOS="2630" VPOS="2842" WIDTH="105" HEIGHT="66" CONTENT="ein" WC="0.95" CC="077"/>
						<SP ID="P70_SP00152" HPOS="2735" VPOS="2914" WIDTH="59"/>
						<String ID="P70_ST00179" HPOS="2794" VPOS="2838" WIDTH="501" HEIGHT="72" CONTENT="freundlicheres" WC="0.99" CC="76016007400600"/>
					</TextLine>
					<TextLine ID="P70_TL00028" HPOS="1082" VPOS="2926" WIDTH="555" HEIGHT="72">
						<String ID="P70_ST00180" HPOS="1082" VPOS="2926" WIDTH="216" HEIGHT="71" CONTENT="Leben" WC="0.99" CC="00702"/>
						<SP ID="P70_SP00153" HPOS="1298" VPOS="2997" WIDTH="36"/>
						<String ID="P70_ST00181" HPOS="1334" VPOS="2927" WIDTH="303" HEIGHT="71" CONTENT="führen!“" WC="0.98" CC="50730038"/>
					</TextLine>
					<TextLine ID="P70_TL00029" HPOS="1178" VPOS="3018" WIDTH="1320" HEIGHT="89">
						<String ID="P70_ST00182" HPOS="1178" VPOS="3018" WIDTH="282" HEIGHT="82" CONTENT="„Ziehen" WC="0.99" CC="4060000"/>
						<SP ID="P70_SP00154" HPOS="1460" VPOS="3100" WIDTH="38"/>
						<String ID="P70_ST00183" HPOS="1498" VPOS="3023" WIDTH="114" HEIGHT="68" CONTENT="wir" WC="0.95" CC="075"/>
						<SP ID="P70_SP00155" HPOS="1612" VPOS="3100" WIDTH="34"/>
						<String ID="P70_ST00184" HPOS="1646" VPOS="3029" WIDTH="164" HEIGHT="77" CONTENT="weg!" WC="0.99" CC="0050"/>
						<SP ID="P70_SP00156" HPOS="1810" VPOS="3106" WIDTH="52"/>
						<String ID="P70_ST00185" HPOS="1862" VPOS="3021" WIDTH="243" HEIGHT="71" CONTENT="Ziehen" WC="0.99" CC="070000"/>
						<SP ID="P70_SP00157" HPOS="2105" VPOS="3106" WIDTH="39"/>
						<String ID="P70_ST00186" HPOS="2144" VPOS="3023" WIDTH="113" HEIGHT="69" CONTENT="wir" WC="0.98" CC="040"/>
						<SP ID="P70_SP00158" HPOS="2257" VPOS="3106" WIDTH="34"/>
						<String ID="P70_ST00187" HPOS="2291" VPOS="3030" WIDTH="207" HEIGHT="77" CONTENT="weg!“" WC="0.99" CC="00630"/>
					</TextLine>
					<TextLine ID="P70_TL00030" HPOS="1174" VPOS="3111" WIDTH="618" HEIGHT="72">
						<String ID="P70_ST00188" HPOS="1174" VPOS="3111" WIDTH="157" HEIGHT="71" CONTENT="Eine" WC="0.96" CC="3670"/>
						<SP ID="P70_SP00159" HPOS="1331" VPOS="3182" WIDTH="36"/>
						<String ID="P70_ST00189" HPOS="1367" VPOS="3112" WIDTH="190" HEIGHT="70" CONTENT="kurze" WC="1.00" CC="00400"/>
						<SP ID="P70_SP00160" HPOS="1557" VPOS="3182" WIDTH="33"/>
						<String ID="P70_ST00190" HPOS="1590" VPOS="3114" WIDTH="202" HEIGHT="69" CONTENT="Stille." WC="0.99" CC="0064003"/>
					</TextLine>
					<TextLine ID="P70_TL00031" HPOS="1176" VPOS="3204" WIDTH="1479" HEIGHT="87">
						<String ID="P70_ST00191" HPOS="1176" VPOS="3204" WIDTH="190" HEIGHT="82" CONTENT="„Ja!“" WC="0.99" CC="30010"/>
						<SP ID="P70_SP00161" HPOS="1366" VPOS="3286" WIDTH="39"/>
						<String ID="P70_ST00192" HPOS="1405" VPOS="3225" WIDTH="173" HEIGHT="64" CONTENT="sagte" WC="1.00" CC="00000"/>
						<SP ID="P70_SP00162" HPOS="1578" VPOS="3289" WIDTH="33"/>
						<String ID="P70_ST00193" HPOS="1611" VPOS="3206" WIDTH="113" HEIGHT="70" CONTENT="der" WC="0.98" CC="005"/>
						<SP ID="P70_SP00163" HPOS="1724" VPOS="3289" WIDTH="37"/>
						<String ID="P70_ST00194" HPOS="1761" VPOS="3205" WIDTH="181" HEIGHT="71" CONTENT="Graf." WC="0.98" CC="23073"/>
						<SP ID="P70_SP00164" HPOS="1942" VPOS="3289" WIDTH="41"/>
						<String ID="P70_ST00195" HPOS="1983" VPOS="3206" WIDTH="282" HEIGHT="80" CONTENT="„Ziehen" WC="0.99" CC="4060002"/>
						<SP ID="P70_SP00165" HPOS="2265" VPOS="3289" WIDTH="37"/>
						<String ID="P70_ST00196" HPOS="2302" VPOS="3210" WIDTH="114" HEIGHT="67" CONTENT="wir" WC="0.96" CC="063"/>
						<SP ID="P70_SP00166" HPOS="2416" VPOS="3289" WIDTH="32"/>
						<String ID="P70_ST00197" HPOS="2448" VPOS="3216" WIDTH="207" HEIGHT="75" CONTENT="weg!“" WC="1.00" CC="00020"/>
					</TextLine>
					<TextLine ID="P70_TL00032" HPOS="1174" VPOS="3296" WIDTH="2123" HEIGHT="87">
						<String ID="P70_ST00198" HPOS="1174" VPOS="3296" WIDTH="376" HEIGHT="72" CONTENT="Wladislavs" WC="0.91" CC="0100700000"/>
						<SP ID="P70_SP00167" HPOS="1550" VPOS="3368" WIDTH="35"/>
						<String ID="P70_ST00199" HPOS="1585" VPOS="3299" WIDTH="225" HEIGHT="84" CONTENT="Augen" WC="0.99" CC="23003"/>
						<SP ID="P70_SP00168" HPOS="1810" VPOS="3383" WIDTH="51"/>
						<String ID="P70_ST00200" HPOS="1861" VPOS="3300" WIDTH="279" HEIGHT="70" CONTENT="öffneten" WC="0.99" CC="54450000"/>
						<SP ID="P70_SP00169" HPOS="2140" VPOS="3383" WIDTH="45"/>
						<String ID="P70_ST00201" HPOS="2185" VPOS="3300" WIDTH="136" HEIGHT="70" CONTENT="sich" WC="0.98" CC="0700"/>
						<SP ID="P70_SP00170" HPOS="2321" VPOS="3383" WIDTH="34"/>
						<String ID="P70_ST00202" HPOS="2355" VPOS="3303" WIDTH="146" HEIGHT="68" CONTENT="weit" WC="0.99" CC="0060"/>
						<SP ID="P70_SP00171" HPOS="2501" VPOS="3383" WIDTH="49"/>
						<String ID="P70_ST00203" HPOS="2550" VPOS="3303" WIDTH="136" HEIGHT="68" CONTENT="und" WC="0.99" CC="300"/>
						<SP ID="P70_SP00172" HPOS="2686" VPOS="3383" WIDTH="36"/>
						<String ID="P70_ST00204" HPOS="2722" VPOS="3303" WIDTH="157" HEIGHT="68" CONTENT="über" WC="0.98" CC="0700"/>
						<SP ID="P70_SP00173" HPOS="2879" VPOS="3383" WIDTH="33"/>
						<String ID="P70_ST00205" HPOS="2912" VPOS="3302" WIDTH="216" HEIGHT="71" CONTENT="beider" WC="1.00" CC="005000"/>
						<SP ID="P70_SP00174" HPOS="3128" VPOS="3383" WIDTH="38"/>
						<String ID="P70_ST00206" HPOS="3166" VPOS="3302" WIDTH="88" HEIGHT="71" CONTENT="Ge" SUBS_TYPE="HypPart1" SUBS_CONTENT="Gesicht" WC="0.97" CC="20"/>
						<HYP HPOS="3254" VPOS="3302" WIDTH="43" CONTENT="-"/>
					</TextLine>
					<TextLine ID="P70_TL00033" HPOS="1080" VPOS="3389" WIDTH="2216" HEIGHT="85">
						<String ID="P70_ST00207" HPOS="1080" VPOS="3389" WIDTH="169" HEIGHT="71" CONTENT="sicht" SUBS_TYPE="HypPart2" SUBS_CONTENT="Gesicht" WC="0.98" CC="02170"/>
						<SP ID="P70_SP00175" HPOS="1249" VPOS="3460" WIDTH="53"/>
						<String ID="P70_ST00208" HPOS="1302" VPOS="3390" WIDTH="264" HEIGHT="70" CONTENT="breitete" WC="0.99" CC="74070000"/>
						<SP ID="P70_SP00176" HPOS="1566" VPOS="3460" WIDTH="51"/>
						<String ID="P70_ST00209" HPOS="1617" VPOS="3392" WIDTH="135" HEIGHT="70" CONTENT="sich" WC="0.97" CC="0507"/>
						<SP ID="P70_SP00177" HPOS="1752" VPOS="3462" WIDTH="48"/>
						<String ID="P70_ST00210" HPOS="1800" VPOS="3392" WIDTH="283" HEIGHT="71" CONTENT="Lächeln" WC="1.00" CC="2000005"/>
						<SP ID="P70_SP00178" HPOS="2083" VPOS="3463" WIDTH="51"/>
						<String ID="P70_ST00211" HPOS="2134" VPOS="3393" WIDTH="110" HEIGHT="70" CONTENT="des" WC="1.00" CC="000"/>
						<SP ID="P70_SP00179" HPOS="2244" VPOS="3463" WIDTH="50"/>
						<String ID="P70_ST00212" HPOS="2294" VPOS="3393" WIDTH="279" HEIGHT="81" CONTENT="Glücks;" WC="0.99" CC="3100006"/>
						<SP ID="P70_SP00180" HPOS="2573" VPOS="3474" WIDTH="52"/>
						<String ID="P70_ST00213" HPOS="2625" VPOS="3396" WIDTH="103" HEIGHT="68" CONTENT="die" WC="0.97" CC="060"/>
						<SP ID="P70_SP00181" HPOS="2728" VPOS="3474" WIDTH="45"/>
						<String ID="P70_ST00214" HPOS="2773" VPOS="3394" WIDTH="195" HEIGHT="70" CONTENT="Arme" WC="0.99" CC="3200"/>
						<SP ID="P70_SP00182" HPOS="2968" VPOS="3474" WIDTH="47"/>
						<String ID="P70_ST00215" HPOS="3015" VPOS="3394" WIDTH="112" HEIGHT="70" CONTENT="auf" WC="0.97" CC="007"/>
						<SP ID="P70_SP00183" HPOS="3127" VPOS="3474" WIDTH="47"/>
						<String ID="P70_ST00216" HPOS="3174" VPOS="3396" WIDTH="122" HEIGHT="69" CONTENT="den" WC="0.97" CC="007"/>
					</TextLine>
					<TextLine ID="P70_TL00034" HPOS="1081" VPOS="3482" WIDTH="2216" HEIGHT="88">
						<String ID="P70_ST00217" HPOS="1081" VPOS="3482" WIDTH="199" HEIGHT="70" CONTENT="Tisch" WC="0.99" CC="14000"/>
						<SP ID="P70_SP00184" HPOS="1280" VPOS="3552" WIDTH="49"/>
						<String ID="P70_ST00218" HPOS="1329" VPOS="3482" WIDTH="226" HEIGHT="84" CONTENT="gelegt," WC="1.00" CC="0010020"/>
						<SP ID="P70_SP00185" HPOS="1555" VPOS="3566" WIDTH="49"/>
						<String ID="P70_ST00219" HPOS="1604" VPOS="3482" WIDTH="252" HEIGHT="86" CONTENT="Körper" WC="1.00" CC="020210"/>
						<SP ID="P70_SP00186" HPOS="1856" VPOS="3568" WIDTH="49"/>
						<String ID="P70_ST00220" HPOS="1905" VPOS="3484" WIDTH="137" HEIGHT="70" CONTENT="und" WC="0.98" CC="050"/>
						<SP ID="P70_SP00187" HPOS="2042" VPOS="3568" WIDTH="46"/>
						<String ID="P70_ST00221" HPOS="2088" VPOS="3483" WIDTH="181" HEIGHT="87" CONTENT="Kopf" WC="0.98" CC="0007"/>
						<SP ID="P70_SP00188" HPOS="2269" VPOS="3570" WIDTH="49"/>
						<String ID="P70_ST00222" HPOS="2318" VPOS="3486" WIDTH="539" HEIGHT="84" CONTENT="zurückgebeugt," WC="1.00" CC="02002000702001"/>
						<SP ID="P70_SP00189" HPOS="2857" VPOS="3570" WIDTH="50"/>
						<String ID="P70_ST00223" HPOS="2907" VPOS="3486" WIDTH="253" HEIGHT="72" CONTENT="blieben" WC="0.99" CC="0570005"/>
						<SP ID="P70_SP00190" HPOS="3160" VPOS="3570" WIDTH="50"/>
						<String ID="P70_ST00224" HPOS="3210" VPOS="3490" WIDTH="87" HEIGHT="67" CONTENT="sie" WC="0.98" CC="050"/>
					</TextLine>
					<TextLine ID="P70_TL00035" HPOS="1081" VPOS="3576" WIDTH="2212" HEIGHT="75">
						<String ID="P70_ST00225" HPOS="1081" VPOS="3595" WIDTH="264" HEIGHT="53" CONTENT="stumm." WC="0.99" CC="031004"/>
						<SP ID="P70_SP00191" HPOS="1345" VPOS="3648" WIDTH="68"/>
						<String ID="P70_ST00226" HPOS="1413" VPOS="3576" WIDTH="193" HEIGHT="70" CONTENT="Dann" WC="0.98" CC="0007"/>
						<SP ID="P70_SP00192" HPOS="1606" VPOS="3648" WIDTH="47"/>
						<String ID="P70_ST00227" HPOS="1653" VPOS="3577" WIDTH="151" HEIGHT="70" CONTENT="aber" WC="0.99" CC="0003"/>
						<SP ID="P70_SP00193" HPOS="1804" VPOS="3648" WIDTH="47"/>
						<String ID="P70_ST00228" HPOS="1851" VPOS="3578" WIDTH="264" HEIGHT="70" CONTENT="rührten" WC="0.99" CC="3070300"/>
						<SP ID="P70_SP00194" HPOS="2115" VPOS="3648" WIDTH="48"/>
						<String ID="P70_ST00229" HPOS="2163" VPOS="3581" WIDTH="89" HEIGHT="69" CONTENT="sie" WC="0.97" CC="070"/>
						<SP ID="P70_SP00195" HPOS="2252" VPOS="3650" WIDTH="44"/>
						<String ID="P70_ST00230" HPOS="2296" VPOS="3578" WIDTH="136" HEIGHT="72" CONTENT="sich" WC="0.98" CC="0700"/>
						<SP ID="P70_SP00196" HPOS="2432" VPOS="3650" WIDTH="50"/>
						<String ID="P70_ST00231" HPOS="2482" VPOS="3581" WIDTH="230" HEIGHT="69" CONTENT="wieder" WC="0.99" CC="070003"/>
						<SP ID="P70_SP00197" HPOS="2712" VPOS="3650" WIDTH="48"/>
						<String ID="P70_ST00232" HPOS="2760" VPOS="3578" WIDTH="135" HEIGHT="70" CONTENT="und" WC="0.97" CC="070"/>
						<SP ID="P70_SP00198" HPOS="2895" VPOS="3650" WIDTH="47"/>
						<String ID="P70_ST00233" HPOS="2942" VPOS="3582" WIDTH="116" HEIGHT="68" CONTENT="mit" WC="0.98" CC="040"/>
						<SP ID="P70_SP00199" HPOS="3058" VPOS="3650" WIDTH="49"/>
						<String ID="P70_ST00234" HPOS="3107" VPOS="3581" WIDTH="186" HEIGHT="70" CONTENT="leisen" WC="0.99" CC="007007"/>
					</TextLine>
					<TextLine ID="P70_TL00036" HPOS="1082" VPOS="3667" WIDTH="2214" HEIGHT="88">
						<String ID="P70_ST00235" HPOS="1082" VPOS="3667" WIDTH="441" HEIGHT="87" CONTENT="Bewegungen" WC="1.00" CC="2000070000"/>
						<SP ID="P70_SP00200" HPOS="1523" VPOS="3754" WIDTH="36"/>
						<String ID="P70_ST00236" HPOS="1559" VPOS="3669" WIDTH="268" HEIGHT="71" CONTENT="standen" WC="1.00" CC="0100004"/>
						<SP ID="P70_SP00201" HPOS="1827" VPOS="3754" WIDTH="35"/>
						<String ID="P70_ST00237" HPOS="1862" VPOS="3672" WIDTH="92" HEIGHT="69" CONTENT="sie" WC="0.98" CC="050"/>
						<SP ID="P70_SP00202" HPOS="1954" VPOS="3754" WIDTH="33"/>
						<String ID="P70_ST00238" HPOS="1987" VPOS="3670" WIDTH="143" HEIGHT="80" CONTENT="auf;" WC="0.96" CC="0376"/>
						<SP ID="P70_SP00203" HPOS="2130" VPOS="3754" WIDTH="51"/>
						<String ID="P70_ST00239" HPOS="2181" VPOS="3671" WIDTH="317" HEIGHT="84" CONTENT="beglückt," WC="0.99" CC="700500063"/>
						<SP ID="P70_SP00204" HPOS="2498" VPOS="3755" WIDTH="49"/>
						<String ID="P70_ST00240" HPOS="2547" VPOS="3702" WIDTH="122" HEIGHT="38" CONTENT="von" WC="0.97" CC="007"/>
						<SP ID="P70_SP00205" HPOS="2669" VPOS="3755" WIDTH="49"/>
						<String ID="P70_ST00241" HPOS="2718" VPOS="3670" WIDTH="229" HEIGHT="82" CONTENT="großer" WC="0.99" CC="025000"/>
						<SP ID="P70_SP00206" HPOS="2947" VPOS="3755" WIDTH="31"/>
						<String ID="P70_ST00242" HPOS="2978" VPOS="3671" WIDTH="168" HEIGHT="84" CONTENT="Qual" WC="0.98" CC="0206"/>
						<SP ID="P70_SP00207" HPOS="3146" VPOS="3755" WIDTH="45"/>
						<String ID="P70_ST00243" HPOS="3191" VPOS="3674" WIDTH="70" HEIGHT="68" CONTENT="be" SUBS_TYPE="HypPart1" SUBS_CONTENT="befreit." WC="0.98" CC="00"/>
						<HYP HPOS="3261" VPOS="3674" WIDTH="35" CONTENT="-"/>
					</TextLine>
					<TextLine ID="P70_TL00037" HPOS="1082" VPOS="3761" WIDTH="2213" HEIGHT="75">
						<String ID="P70_ST00244" HPOS="1082" VPOS="3761" WIDTH="169" HEIGHT="70" CONTENT="freit." SUBS_TYPE="HypPart2" SUBS_CONTENT="befreit." WC="0.98" CC="650604"/>
						<SP ID="P70_SP00208" HPOS="1251" VPOS="3831" WIDTH="68"/>
						<String ID="P70_ST00245" HPOS="1319" VPOS="3763" WIDTH="108" HEIGHT="69" CONTENT="Sie" WC="0.98" CC="060"/>
						<SP ID="P70_SP00209" HPOS="1427" VPOS="3832" WIDTH="46"/>
						<String ID="P70_ST00246" HPOS="1473" VPOS="3761" WIDTH="309" HEIGHT="70" CONTENT="breiteten" WC="1.00" CC="040600000"/>
						<SP ID="P70_SP00210" HPOS="1782" VPOS="3832" WIDTH="48"/>
						<String ID="P70_ST00247" HPOS="1830" VPOS="3764" WIDTH="105" HEIGHT="70" CONTENT="die" WC="0.97" CC="070"/>
						<SP ID="P70_SP00211" HPOS="1935" VPOS="3834" WIDTH="31"/>
						<String ID="P70_ST00248" HPOS="1966" VPOS="3764" WIDTH="197" HEIGHT="70" CONTENT="Arme" WC="1.00" CC="0200"/>
						<SP ID="P70_SP00212" HPOS="2163" VPOS="3834" WIDTH="45"/>
						<String ID="P70_ST00249" HPOS="2208" VPOS="3765" WIDTH="135" HEIGHT="69" CONTENT="und" WC="0.97" CC="070"/>
						<SP ID="P70_SP00213" HPOS="2343" VPOS="3834" WIDTH="47"/>
						<String ID="P70_ST00250" HPOS="2390" VPOS="3766" WIDTH="116" HEIGHT="66" CONTENT="mit" WC="0.97" CC="060"/>
						<SP ID="P70_SP00214" HPOS="2506" VPOS="3834" WIDTH="46"/>
						<String ID="P70_ST00251" HPOS="2552" VPOS="3766" WIDTH="209" HEIGHT="68" CONTENT="einem" WC="0.98" CC="06710"/>
						<SP ID="P70_SP00215" HPOS="2761" VPOS="3834" WIDTH="43"/>
						<String ID="P70_ST00252" HPOS="2804" VPOS="3764" WIDTH="338" HEIGHT="72" CONTENT="Aufschrei" WC="0.99" CC="067007106"/>
						<SP ID="P70_SP00216" HPOS="3142" VPOS="3836" WIDTH="47"/>
						<String ID="P70_ST00253" HPOS="3189" VPOS="3766" WIDTH="106" HEIGHT="69" CONTENT="des" WC="0.97" CC="025"/>
					</TextLine>
					<TextLine ID="P70_TL00038" HPOS="1082" VPOS="3853" WIDTH="1493" HEIGHT="82">
						<String ID="P70_ST00254" HPOS="1082" VPOS="3853" WIDTH="216" HEIGHT="82" CONTENT="Jubels" WC="0.99" CC="027000"/>
						<SP ID="P70_SP00217" HPOS="1298" VPOS="3935" WIDTH="36"/>
						<String ID="P70_ST00255" HPOS="1334" VPOS="3868" WIDTH="280" HEIGHT="57" CONTENT="stürzten" WC="1.00" CC="03060001"/>
						<SP ID="P70_SP00218" HPOS="1614" VPOS="3935" WIDTH="37"/>
						<String ID="P70_ST00256" HPOS="1651" VPOS="3857" WIDTH="89" HEIGHT="67" CONTENT="sie" WC="0.98" CC="060"/>
						<SP ID="P70_SP00219" HPOS="1740" VPOS="3935" WIDTH="33"/>
						<String ID="P70_ST00257" HPOS="1773" VPOS="3855" WIDTH="305" HEIGHT="71" CONTENT="einander" WC="0.99" CC="07105000"/>
						<SP ID="P70_SP00220" HPOS="2078" VPOS="3935" WIDTH="33"/>
						<String ID="P70_ST00258" HPOS="2111" VPOS="3886" WIDTH="80" HEIGHT="39" CONTENT="an" WC="0.64" CC="07"/>
						<SP ID="P70_SP00221" HPOS="2191" VPOS="3935" WIDTH="34"/>
						<String ID="P70_ST00259" HPOS="2225" VPOS="3858" WIDTH="104" HEIGHT="68" CONTENT="die" WC="0.97" CC="060"/>
						<SP ID="P70_SP00222" HPOS="2329" VPOS="3935" WIDTH="33"/>
						<String ID="P70_ST00260" HPOS="2362" VPOS="3858" WIDTH="213" HEIGHT="68" CONTENT="Brust." WC="0.99" CC="006000"/>
					</TextLine>
				</TextBlock>
			</PrintSpace>
		</Page>
	</Layout>
</alto>
