3365 4572
1136 413 143 53 Paul
1472 416 264 66 Kornfeld
1898 413 1 71 *
1898 413 1 71 Legende

2515 416 89 60 151

416 630 282 52 erstarrte
741 614 88 66 sie
873 614 63 66 in
981 612 112 68 der
1134 611 175 69 Luft.
1359 612 187 72 Seine
1574 613 226 85 Augen
1834 617 285 68 weiteten
2164 614 155 80 sich,
2366 618 136 67 und
2549 649 64 39 es

414 703 228 78 schien,
677 703 86 69 als
797 703 305 69 erwachte
1132 730 67 42 er
1221 732 110 41 aus
1357 707 203 69 einem
1586 705 260 72 Traum.
1897 706 251 70 Maßlos
2176 725 279 52 erstaunt
2480 710 135 68 und

414 795 180 68 ratlos
641 793 227 70 blickte
909 824 67 41 er
1018 824 111 39 um
1173 795 154 80 sich,
1374 824 66 42 er
1482 798 221 70 suchte
1746 798 160 70 nach
1939 797 279 81 Worten,
2263 801 134 69 und
2427 800 89 70 als
2550 828 65 43 er

412 889 87 66 sie
542 885 246 71 endlich
833 884 316 85 gefunden
1183 915 79 40 zu
1296 887 202 72 haben
1533 890 213 70 schien
1779 891 135 69 und
1947 909 184 52 etwas
2165 920 187 54 sagen
2385 891 227 81 wollte,

414 976 146 70 fand
590 1003 67 42 er
698 976 217 70 keinen
948 975 148 71 Ton
1124 978 135 68 und
1291 1004 153 59 rang
1474 983 160 68 nach
1663 985 205 67 seiner
1898 981 291 73 Stimme.
2234 983 381 85 Entgeistert

411 1069 180 69 stand
623 1097 66 41 er
721 1069 98 69 da.
871 1068 154 71 Und
1059 1069 246 70 endlich
1333 1070 160 83 legte
1519 1099 66 42 er
1614 1074 183 70 beide
1818 1073 228 72 Hände
2071 1075 410 70 träumerisch
2508 1077 107 69 auf

411 1162 130 67 sein
574 1159 184 79 Herz,
792 1159 220 71 schloß
1042 1160 104 70 die
1169 1160 223 84 Augen
1426 1164 133 69 und
1592 1167 115 67 mit
1740 1186 231 52 zartem
1999 1167 278 70 Lächeln
2310 1187 172 65 sagte
2516 1196 97 44 er:

415 1251 146 80 ~Oh
593 1251 186 69 Gott!
829 1251 165 72 Herr
1028 1251 188 72 Graf!
1266 1253 145 71 Was
1455 1256 160 71 habe
1652 1258 102 70 ich
1788 1266 211 75 getan!
2049 1259 343 72 Verzeihen
2428 1261 180 71 Sie!“

504 1343 147 79 „Ich
674 1343 160 70 habe
849 1343 205 70 nichts
1070 1375 79 38 zu
1168 1347 400 70 verzeihen!“
1596 1350 321 71 erwiderte
1936 1350 112 71 der
2065 1350 181 72 Graf.
2277 1352 335 73 Wladislav

412 1435 94 70 riß
538 1437 99 68 die
665 1433 224 86 Augen
922 1436 127 70 auf.

503 1525 261 80 „Wie?“
816 1526 115 71 rief
970 1554 63 42 er
1075 1531 61 66 in
1179 1527 482 86 fassungslosem
1695 1531 351 74 Schrecken
2079 1536 134 69 und
2245 1536 102 70 die
2382 1535 227 72 Hände

410 1648 141 38 zum
580 1618 274 71 Himmel
892 1619 348 71 erhebend:
1280 1620 254 80 „Wie?!
1577 1623 108 70 Sie
1718 1625 213 70 hätten
1964 1629 120 67 mir
2118 1629 202 69 nichts
2355 1658 78 41 zu
2466 1657 106 43 ver-

407 1710 245 71 zeihen!
703 1709 104 71 Oh
839 1709 233 72 Gott!“

503 1802 174 79 „Der
701 1802 228 80 Herr“,
962 1823 169 63 sagte
1164 1806 113 68 der
1301 1804 162 71 Graf
1487 1808 134 69 und
1651 1808 259 70 lächelte
1933 1811 288 82 sieghaft,
2260 1813 154 79 „der
2442 1812 165 72 Herr

407 1892 136 70 darf
571 1892 57 83 ja
659 1896 211 67 seinen
904 1894 237 70 Diener
1172 1896 364 84 schlagen!“

500 1983 298 79 „Wie?!“
834 1986 201 71 schrie
1066 1986 337 74 Wladislav
1432 1990 128 80 auf,
1600 1990 145 81 „Oh
1783 1990 188 72 Gott!
2024 1994 105 71 Ich
2162 1995 162 70 habe
2355 1995 108 71 Sie
2498 2025 72 55 ge-

405 2075 315 84 schlagen!
769 2077 343 71 Verzeihen
1148 2080 105 70 Sie
1298 2112 64 39 es
1404 2084 140 77 mir,
1580 2082 125 70 daß
1734 2085 101 69 ich
1870 2084 107 71 Sie
2010 2085 367 85 geschlagen
2413 2089 190 70 habe!

406 2166 103 69 Sie
542 2180 249 59 müssen
825 2173 121 66 mir
976 2173 404 69 verzeihen!“

503 2258 148 78 „Sie
682 2259 226 71 dürfen
942 2264 166 69 mich
1143 2264 162 69 doch
1339 2265 361 84 schlagen“,
1736 2269 330 70 erwiderte
2096 2272 115 68 der
2242 2269 181 74 Graf.

496 2348 240 79 „Nein!
802 2353 130 69 Das
976 2353 140 70 darf
1158 2356 100 68 ich
1303 2358 200 69 nicht!
1569 2358 108 70 Bei
1713 2357 190 72 Gott!
1948 2362 109 68 das
2090 2362 142 71 darf
2262 2364 100 69 ich
2395 2366 207 71 nicht!

405 2441 80 66 Es
519 2444 80 65 ist
632 2444 98 66 ein
763 2442 391 74 furchtbares
1187 2447 431 72 Verbrechen!
1668 2449 346 73 Verzeihen
2049 2453 107 70 Sie
2189 2457 193 67 mir!“

485 2533 152 78 „Ich
670 2535 159 68 habe
861 2537 203 70 nichts
1098 2569 79 38 zu
1209 2542 402 69 verzeihen!“

486 2623 250 77 „Doch!
786 2626 256 71 Doch!“
1093 2631 323 83 jammerte
1449 2632 336 71 Wladislav
1827 2636 135 69 und
2008 2664 151 56 rang
2203 2637 103 70 die
2349 2637 248 74 Hände.

411 2711 146 75 „Ich
590 2714 154 68 habe
777 2716 104 69 Sie
913 2719 160 70 doch
1107 2723 395 83 geschlagen!
1554 2724 107 70 Sie
1694 2737 253 58 müssen
1992 2729 151 70 mirs
2188 2730 404 71 verzeihen!“

407 2800 134 69 Der
564 2800 157 72 Graf
750 2808 330 72 schüttelte
1105 2814 121 69 den
1257 2813 196 85 Kopf.
1502 2815 354 80 Wladislav,
1883 2819 64 67 in
1976 2819 256 70 ratloser
2255 2822 304 71 Verzweif-

407 2890 167 84 lung,
608 2897 291 81 stampfte
931 2903 110 66 mit
1074 2903 121 70 den
1221 2904 220 71 Füßen
1475 2905 111 70 auf
1611 2908 113 69 der
1748 2908 168 70 Erde
1940 2912 132 67 und
2101 2912 258 71 brüllte:
2395 2913 160 80 „Ver-

403 2982 215 68 zeihen
656 2983 135 70 Sies
828 2991 146 67 mir!
1017 2992 103 71 Ich
1148 2994 153 70 bitte
1324 2996 106 69 Sie
1454 2997 296 68 darum!“
1788 2998 212 71 Schon
2024 3002 196 70 außer
2242 3006 154 78 sich,
2423 3004 174 73 faßte

403 3100 68 39 er
489 3073 120 69 den
628 3072 237 73 Grafen
890 3109 75 38 an
993 3082 110 69 der
1121 3084 307 73 Schulter.
1456 3088 135 69 Der
1613 3090 149 67 aber
1784 3091 334 72 schüttelte
2136 3125 146 39 zum
2302 3100 255 68 zweiten-

401 3164 119 68 mal
555 3164 120 69 den
704 3167 192 84 Kopf.
938 3170 330 77 Wladislav
1295 3180 250 68 rüttelte
1569 3180 108 68 ihn
1704 3181 105 70 hin
1839 3185 132 68 und
1996 3185 132 81 her,
2157 3190 132 68 und
2316 3191 86 69 im
2429 3189 165 73 Takt

398 3255 159 68 dazu
593 3257 285 71 brüllend
905 3261 252 72 betonte
1182 3295 66 41 er
1270 3270 170 82 jedes
1464 3271 179 69 Wort
1668 3274 61 67 in
1764 3272 438 78 befehlendem
2227 3280 178 72 Ton:
2443 3284 150 79 „Sie

396 3359 250 58 müssen
679 3351 122 66 mir
833 3354 345 78 verzeihen,
1212 3358 124 71 daß
1370 3360 96 69 ich
1502 3361 105 69 Sie
1646 3365 365 81 geschlagen
2048 3369 189 74 habe!
2293 3373 109 70 Ich
2437 3375 156 71 bitte

397 3436 103 70 Sie
536 3439 295 71 darum!“

476 3529 236 79 „Nein!
788 3534 117 70 rief
920 3535 324 74 Wratislav
1263 3542 131 68 und
1418 3542 202 72 lachte
1646 3547 303 76 höhnisch
1974 3553 130 71 auf.
2150 3557 103 71 Da
2279 3558 216 71 schien
2521 3591 66 40 es

393 3620 328 73 Wladislav
763 3655 79 39 zu
886 3627 451 75 übermannen.
1397 3633 86 71 Er
1524 3636 151 71 hielt
1708 3642 86 69 im
1828 3642 261 74 Rütteln
2123 3650 99 67 ein
2259 3651 133 68 und
2424 3652 163 70 stieß

391 3721 120 61 den
537 3713 237 73 Grafen
806 3749 121 39 von
960 3721 152 71 sich.
1164 3722 174 80 „Ha!
1373 3725 340 76 Elender!“
1754 3733 229 74 brüllte
2016 3768 96 42 er:
2148 3741 155 79 „Ich
2343 3742 109 71 bin
2475 3746 115 70 der

390 3805 255 80 Diener,
679 3808 128 70 und
843 3811 104 69 Sie
992 3825 284 60 müssens
1319 3819 120 68 mir
1483 3824 358 72 verzeihen!
2039 3831 84 69 Er
2156 3834 249 71 machte
2449 3840 139 67 eine
