<?xml version="1.0" encoding="UTF-8"?>
<alto xmlns:xsi="http://www.w3.org/2001/XMLSchema-instance" xmlns="http://www.loc.gov/standards/alto/ns-v2#" xsi:schemaLocation="http://www.loc.gov/standards/alto/ns-v2# http://www.loc.gov/standards/alto/v2/alto-2-0.xsd" xmlns:xlink="http://www.w3.org/1999/xlink">
	<Description>
		<MeasurementUnit>mm10</MeasurementUnit>
		<sourceImageInformation>
			<fileName>./bmtnabr_1917-02_01_0022.jp2</fileName>
		</sourceImageInformation>
		<OCRProcessing ID="OCRPROCESSING_1">
			<preProcessingStep>
				<processingSoftware>
					<softwareCreator>CCS Content Conversion Specialists GmbH, Germany</softwareCreator>
					<softwareName>CCS docWorks</softwareName>
					<softwareVersion>6.8-1.27</softwareVersion>
				</processingSoftware>
			</preProcessingStep>
			<ocrProcessingStep>
				<processingSoftware>
					<softwareCreator>ABBYY (BIT Software), Russia</softwareCreator>
					<softwareName>FineReader</softwareName>
					<softwareVersion>11.0</softwareVersion>
				</processingSoftware>
			</ocrProcessingStep>
			<postProcessingStep>
				<processingSoftware>
					<softwareCreator>CCS Content Conversion Specialists GmbH, Germany</softwareCreator>
					<softwareName>CCS docWorks</softwareName>
					<softwareVersion>6.8-1.27</softwareVersion>
					<applicationDescription>docWorks: Text modified manually, or automatically replaced</applicationDescription>
				</processingSoftware>
			</postProcessingStep>
		</OCRProcessing>
	</Description>
	<Styles>
		<TextStyle ID="TXT_0" FONTSIZE="27" FONTFAMILY="Times New Roman"/>
		<TextStyle ID="TXT_1" FONTSIZE="18" FONTFAMILY="Times New Roman" FONTSTYLE="bold italics"/>
		<TextStyle ID="TXT_2" FONTSIZE="24" FONTFAMILY="Times New Roman"/>
		<ParagraphStyle ID="PAR_LEFT" ALIGN="Left"/>
		<ParagraphStyle ID="PAR_RIGHT" ALIGN="Right"/>
		<ParagraphStyle ID="PAR_BLOCK" ALIGN="Block"/>
	</Styles>
	<Layout>
		<Page ID="P22" PHYSICAL_IMG_NR="22" HEIGHT="4572" WIDTH="3510" PRINTED_IMG_NR="106" PC="0.975">
			<TopMargin ID="P22_TM00001" HPOS="0" VPOS="0" WIDTH="3510" HEIGHT="535">
				<TextBlock ID="P22_TB00001" HPOS="982" VPOS="464" WIDTH="101" HEIGHT="62" STYLEREFS="TXT_0 PAR_LEFT">
					<TextLine ID="P22_TL00001" HPOS="982" VPOS="464" WIDTH="101" HEIGHT="62">
						<String ID="P22_ST00001" HPOS="982" VPOS="464" WIDTH="101" HEIGHT="62" CONTENT="106" WC="1.00" CC="000"/>
					</TextLine>
				</TextBlock>
				<TextBlock ID="P22_TB00002" HPOS="1695" VPOS="464" WIDTH="767" HEIGHT="69" STYLEREFS="TXT_1 PAR_RIGHT">
					<TextLine ID="P22_TL00002" HPOS="1697" VPOS="466" WIDTH="765" HEIGHT="67">
						<String ID="P22_ST00002" HPOS="1697" VPOS="467" WIDTH="147" HEIGHT="53" CONTENT="Paul" WC="0.96" CC="5661"/>
						<SP ID="P22_SP00001" HPOS="1844" VPOS="520" WIDTH="26"/>
						<String ID="P22_ST00003" HPOS="1870" VPOS="467" WIDTH="263" HEIGHT="66" CONTENT="Kornfeld" WC="0.99" CC="04360000"/>
						<SP ID="P22_SP00002" HPOS="2133" VPOS="533" WIDTH="37"/>
						<String ID="P22_ST00004" HPOS="2170" VPOS="481" WIDTH="19" HEIGHT="25" CONTENT="*" WC="1.00" CC="0"/>
						<SP ID="P22_SP00003" HPOS="2189" VPOS="533" WIDTH="38"/>
						<String ID="P22_ST00005" HPOS="2227" VPOS="466" WIDTH="235" HEIGHT="67" CONTENT="Legende" WC="0.98" CC="1343606"/>
					</TextLine>
				</TextBlock>
			</TopMargin>
			<LeftMargin ID="P22_LM00001" HPOS="0" VPOS="535" WIDTH="189" HEIGHT="3918"/>
			<RightMargin ID="P22_RM00001" HPOS="3190" VPOS="535" WIDTH="320" HEIGHT="3918"/>
			<BottomMargin ID="P22_BM00001" HPOS="0" VPOS="4453" WIDTH="3510" HEIGHT="119"/>
			<PrintSpace ID="P22_PS00001" HPOS="189" VPOS="535" WIDTH="3001" HEIGHT="3918">
				<TextBlock ID="P22_TB00003" HPOS="974" VPOS="659" WIDTH="2216" HEIGHT="3305" STYLEREFS="TXT_2 PAR_BLOCK">
					<TextLine ID="P22_TL00003" HPOS="980" VPOS="661" WIDTH="2204" HEIGHT="87">
						<String ID="P22_ST00006" HPOS="980" VPOS="698" WIDTH="124" HEIGHT="41" CONTENT="von" WC="0.97" CC="331"/>
						<SP ID="P22_SP00004" HPOS="1104" VPOS="739" WIDTH="36"/>
						<String ID="P22_ST00007" HPOS="1140" VPOS="670" WIDTH="208" HEIGHT="69" CONTENT="seiner" WC="1.00" CC="005000"/>
						<SP ID="P22_SP00005" HPOS="1348" VPOS="739" WIDTH="33"/>
						<String ID="P22_ST00008" HPOS="1381" VPOS="663" WIDTH="470" HEIGHT="73" CONTENT="Freundschaft" WC="0.99" CC="030067007050"/>
						<SP ID="P22_SP00006" HPOS="1851" VPOS="739" WIDTH="44"/>
						<String ID="P22_ST00009" HPOS="1895" VPOS="683" WIDTH="299" HEIGHT="65" CONTENT="getragen" WC="0.99" CC="50050300"/>
						<SP ID="P22_SP00007" HPOS="2194" VPOS="748" WIDTH="45"/>
						<String ID="P22_ST00010" HPOS="2239" VPOS="665" WIDTH="136" HEIGHT="70" CONTENT="und" WC="0.94" CC="509"/>
						<SP ID="P22_SP00008" HPOS="2375" VPOS="748" WIDTH="45"/>
						<String ID="P22_ST00011" HPOS="2420" VPOS="661" WIDTH="204" HEIGHT="73" CONTENT="durch" WC="0.99" CC="01007"/>
						<SP ID="P22_SP00009" HPOS="2624" VPOS="748" WIDTH="47"/>
						<String ID="P22_ST00012" HPOS="2671" VPOS="665" WIDTH="92" HEIGHT="67" CONTENT="sie" WC="0.98" CC="060"/>
						<SP ID="P22_SP00010" HPOS="2763" VPOS="748" WIDTH="34"/>
						<String ID="P22_ST00013" HPOS="2797" VPOS="694" WIDTH="124" HEIGHT="40" CONTENT="von" WC="0.97" CC="215"/>
						<SP ID="P22_SP00011" HPOS="2921" VPOS="748" WIDTH="35"/>
						<String ID="P22_ST00014" HPOS="2956" VPOS="666" WIDTH="228" HEIGHT="70" CONTENT="immer" WC="0.98" CC="40403"/>
					</TextLine>
					<TextLine ID="P22_TL00004" HPOS="980" VPOS="753" WIDTH="2202" HEIGHT="90">
						<String ID="P22_ST00015" HPOS="980" VPOS="790" WIDTH="209" HEIGHT="40" CONTENT="neuen" WC="0.99" CC="30700"/>
						<SP ID="P22_SP00012" HPOS="1189" VPOS="830" WIDTH="19"/>
						<String ID="P22_ST00016" HPOS="1208" VPOS="760" WIDTH="442" HEIGHT="83" CONTENT="Argumenten" WC="1.00" CC="0003000000"/>
						<SP ID="P22_SP00013" HPOS="1650" VPOS="843" WIDTH="27"/>
						<String ID="P22_ST00017" HPOS="1677" VPOS="768" WIDTH="297" HEIGHT="71" CONTENT="gestützt," WC="1.00" CC="000000000"/>
						<SP ID="P22_SP00014" HPOS="1974" VPOS="843" WIDTH="29"/>
						<String ID="P22_ST00018" HPOS="2003" VPOS="754" WIDTH="135" HEIGHT="71" CONTENT="ihm" WC="0.97" CC="700"/>
						<SP ID="P22_SP00015" HPOS="2138" VPOS="843" WIDTH="27"/>
						<String ID="P22_ST00019" HPOS="2165" VPOS="754" WIDTH="167" HEIGHT="84" CONTENT="Qual" WC="0.99" CC="0400"/>
						<SP ID="P22_SP00016" HPOS="2332" VPOS="843" WIDTH="27"/>
						<String ID="P22_ST00020" HPOS="2359" VPOS="757" WIDTH="157" HEIGHT="78" CONTENT="und," WC="0.99" CC="0600"/>
						<SP ID="P22_SP00017" HPOS="2516" VPOS="843" WIDTH="28"/>
						<String ID="P22_ST00021" HPOS="2544" VPOS="753" WIDTH="206" HEIGHT="71" CONTENT="durch" WC="0.99" CC="02200"/>
						<SP ID="P22_SP00018" HPOS="2750" VPOS="843" WIDTH="25"/>
						<String ID="P22_ST00022" HPOS="2775" VPOS="757" WIDTH="174" HEIGHT="69" CONTENT="seine" WC="0.99" CC="00720"/>
						<SP ID="P22_SP00019" HPOS="2949" VPOS="843" WIDTH="25"/>
						<String ID="P22_ST00023" HPOS="2974" VPOS="757" WIDTH="167" HEIGHT="69" CONTENT="wach" SUBS_TYPE="HypPart1" SUBS_CONTENT="wachsende" WC="0.98" CC="2230"/>
						<HYP HPOS="3141" VPOS="757" WIDTH="41" CONTENT="-"/>
					</TextLine>
					<TextLine ID="P22_TL00005" HPOS="977" VPOS="846" WIDTH="2209" HEIGHT="87">
						<String ID="P22_ST00024" HPOS="977" VPOS="852" WIDTH="202" HEIGHT="70" CONTENT="sende" SUBS_TYPE="HypPart2" SUBS_CONTENT="wachsende" WC="1.00" CC="00000"/>
						<SP ID="P22_SP00020" HPOS="1179" VPOS="922" WIDTH="25"/>
						<String ID="P22_ST00025" HPOS="1204" VPOS="847" WIDTH="698" HEIGHT="86" CONTENT="Überzeugungskraft," WC="1.00" CC="170000104000300760"/>
						<SP ID="P22_SP00021" HPOS="1902" VPOS="933" WIDTH="34"/>
						<String ID="P22_ST00026" HPOS="1936" VPOS="848" WIDTH="230" HEIGHT="70" CONTENT="immer" WC="0.99" CC="70003"/>
						<SP ID="P22_SP00022" HPOS="2166" VPOS="933" WIDTH="32"/>
						<String ID="P22_ST00027" HPOS="2198" VPOS="848" WIDTH="180" HEIGHT="71" CONTENT="mehr" WC="1.00" CC="0002"/>
						<SP ID="P22_SP00023" HPOS="2378" VPOS="933" WIDTH="32"/>
						<String ID="P22_ST00028" HPOS="2410" VPOS="846" WIDTH="166" HEIGHT="82" CONTENT="Quai" WC="0.99" CC="0004"/>
						<SP ID="P22_SP00024" HPOS="2576" VPOS="933" WIDTH="36"/>
						<String ID="P22_ST00029" HPOS="2612" VPOS="848" WIDTH="405" HEIGHT="70" CONTENT="verursachte" WC="1.00" CC="00000000000"/>
						<SP ID="P22_SP00025" HPOS="3017" VPOS="933" WIDTH="31"/>
						<String ID="P22_ST00030" HPOS="3048" VPOS="849" WIDTH="138" HEIGHT="69" CONTENT="und" WC="0.99" CC="020"/>
					</TextLine>
					<TextLine ID="P22_TL00006" HPOS="981" VPOS="938" WIDTH="2200" HEIGHT="89">
						<String ID="P22_ST00031" HPOS="981" VPOS="945" WIDTH="204" HEIGHT="82" CONTENT="längst" WC="0.99" CC="600000"/>
						<SP ID="P22_SP00026" HPOS="1185" VPOS="1027" WIDTH="35"/>
						<String ID="P22_ST00032" HPOS="1220" VPOS="942" WIDTH="200" HEIGHT="71" CONTENT="schon" WC="1.00" CC="00000"/>
						<SP ID="P22_SP00027" HPOS="1420" VPOS="1027" WIDTH="36"/>
						<String ID="P22_ST00033" HPOS="1456" VPOS="942" WIDTH="334" HEIGHT="84" CONTENT="begonnen" WC="1.00" CC="70002000"/>
						<SP ID="P22_SP00028" HPOS="1790" VPOS="1027" WIDTH="37"/>
						<String ID="P22_ST00034" HPOS="1827" VPOS="938" WIDTH="194" HEIGHT="71" CONTENT="hatte," WC="0.99" CC="700003"/>
						<SP ID="P22_SP00029" HPOS="2021" VPOS="1027" WIDTH="37"/>
						<String ID="P22_ST00035" HPOS="2058" VPOS="940" WIDTH="134" HEIGHT="69" CONTENT="ihm" WC="0.98" CC="600"/>
						<SP ID="P22_SP00030" HPOS="2192" VPOS="1027" WIDTH="33"/>
						<String ID="P22_ST00036" HPOS="2225" VPOS="942" WIDTH="174" HEIGHT="69" CONTENT="seine" WC="0.99" CC="00640"/>
						<SP ID="P22_SP00031" HPOS="2399" VPOS="1027" WIDTH="33"/>
						<String ID="P22_ST00037" HPOS="2432" VPOS="938" WIDTH="186" HEIGHT="71" CONTENT="Ruhe" WC="0.98" CC="5300"/>
						<SP ID="P22_SP00032" HPOS="2618" VPOS="1027" WIDTH="35"/>
						<String ID="P22_ST00038" HPOS="2653" VPOS="969" WIDTH="79" HEIGHT="39" CONTENT="zu" WC="1.00" CC="00"/>
						<SP ID="P22_SP00033" HPOS="2732" VPOS="1027" WIDTH="34"/>
						<String ID="P22_ST00039" HPOS="2766" VPOS="938" WIDTH="300" HEIGHT="73" CONTENT="nehmen." WC="0.99" CC="5100003"/>
						<SP ID="P22_SP00034" HPOS="3066" VPOS="1027" WIDTH="45"/>
						<String ID="P22_ST00040" HPOS="3111" VPOS="941" WIDTH="70" HEIGHT="68" CONTENT="In" WC="0.38" CC="57"/>
					</TextLine>
					<TextLine ID="P22_TL00007" HPOS="978" VPOS="1030" WIDTH="2206" HEIGHT="86">
						<String ID="P22_ST00041" HPOS="978" VPOS="1037" WIDTH="179" HEIGHT="68" CONTENT="einer" WC="0.97" CC="17603"/>
						<SP ID="P22_SP00035" HPOS="1157" VPOS="1105" WIDTH="26"/>
						<String ID="P22_ST00042" HPOS="1183" VPOS="1033" WIDTH="232" HEIGHT="79" CONTENT="Nacht," WC="0.99" CC="150002"/>
						<SP ID="P22_SP00036" HPOS="1415" VPOS="1112" WIDTH="36"/>
						<String ID="P22_ST00043" HPOS="1451" VPOS="1033" WIDTH="91" HEIGHT="69" CONTENT="als" WC="0.98" CC="040"/>
						<SP ID="P22_SP00037" HPOS="1542" VPOS="1112" WIDTH="35"/>
						<String ID="P22_ST00044" HPOS="1577" VPOS="1033" WIDTH="91" HEIGHT="69" CONTENT="sie" WC="1.00" CC="000"/>
						<SP ID="P22_SP00038" HPOS="1668" VPOS="1112" WIDTH="32"/>
						<String ID="P22_ST00045" HPOS="1700" VPOS="1033" WIDTH="119" HEIGHT="69" CONTENT="seit" WC="0.99" CC="0060"/>
						<SP ID="P22_SP00039" HPOS="1819" VPOS="1112" WIDTH="33"/>
						<String ID="P22_ST00046" HPOS="1852" VPOS="1031" WIDTH="205" HEIGHT="71" CONTENT="vielen" WC="0.99" CC="060400"/>
						<SP ID="P22_SP00040" HPOS="2057" VPOS="1112" WIDTH="26"/>
						<String ID="P22_ST00047" HPOS="2083" VPOS="1031" WIDTH="296" HEIGHT="71" CONTENT="Stunden" WC="1.00" CC="0030000"/>
						<SP ID="P22_SP00041" HPOS="2379" VPOS="1112" WIDTH="33"/>
						<String ID="P22_ST00048" HPOS="2412" VPOS="1031" WIDTH="202" HEIGHT="71" CONTENT="schon" WC="1.00" CC="00001"/>
						<SP ID="P22_SP00042" HPOS="2614" VPOS="1112" WIDTH="37"/>
						<String ID="P22_ST00049" HPOS="2651" VPOS="1030" WIDTH="392" HEIGHT="72" CONTENT="beisammen" WC="1.00" CC="706000000"/>
						<SP ID="P22_SP00043" HPOS="3043" VPOS="1112" WIDTH="33"/>
						<String ID="P22_ST00050" HPOS="3076" VPOS="1063" WIDTH="72" HEIGHT="53" CONTENT="ge" SUBS_TYPE="HypPart1" SUBS_CONTENT="gesessen" WC="0.99" CC="00"/>
						<HYP HPOS="3148" VPOS="1063" WIDTH="36" CONTENT="-"/>
					</TextLine>
					<TextLine ID="P22_TL00008" HPOS="978" VPOS="1121" WIDTH="2206" HEIGHT="75">
						<String ID="P22_ST00051" HPOS="978" VPOS="1155" WIDTH="219" HEIGHT="41" CONTENT="sessen" SUBS_TYPE="HypPart2" SUBS_CONTENT="gesessen" WC="1.00" CC="000004"/>
						<SP ID="P22_SP00044" HPOS="1197" VPOS="1196" WIDTH="51"/>
						<String ID="P22_ST00052" HPOS="1248" VPOS="1153" WIDTH="207" HEIGHT="43" CONTENT="waren" WC="0.99" CC="10004"/>
						<SP ID="P22_SP00045" HPOS="1455" VPOS="1196" WIDTH="59"/>
						<String ID="P22_ST00053" HPOS="1514" VPOS="1124" WIDTH="136" HEIGHT="70" CONTENT="und" WC="0.98" CC="500"/>
						<SP ID="P22_SP00046" HPOS="1650" VPOS="1196" WIDTH="50"/>
						<String ID="P22_ST00054" HPOS="1700" VPOS="1121" WIDTH="167" HEIGHT="73" CONTENT="noch" WC="0.98" CC="4007"/>
						<SP ID="P22_SP00047" HPOS="1867" VPOS="1196" WIDTH="50"/>
						<String ID="P22_ST00055" HPOS="1917" VPOS="1124" WIDTH="227" HEIGHT="72" CONTENT="immer" WC="0.99" CC="60000"/>
						<SP ID="P22_SP00048" HPOS="2144" VPOS="1196" WIDTH="48"/>
						<String ID="P22_ST00056" HPOS="2192" VPOS="1122" WIDTH="411" HEIGHT="73" CONTENT="beieinander" WC="0.99" CC="70706501000"/>
						<SP ID="P22_SP00049" HPOS="2603" VPOS="1196" WIDTH="48"/>
						<String ID="P22_ST00057" HPOS="2651" VPOS="1121" WIDTH="193" HEIGHT="73" CONTENT="saßen" WC="0.99" CC="00005"/>
						<SP ID="P22_SP00050" HPOS="2844" VPOS="1196" WIDTH="52"/>
						<String ID="P22_ST00058" HPOS="2896" VPOS="1124" WIDTH="136" HEIGHT="70" CONTENT="und" WC="1.00" CC="000"/>
						<SP ID="P22_SP00051" HPOS="3032" VPOS="1196" WIDTH="49"/>
						<String ID="P22_ST00059" HPOS="3081" VPOS="1124" WIDTH="103" HEIGHT="68" CONTENT="die" WC="0.98" CC="060"/>
					</TextLine>
					<TextLine ID="P22_TL00009" HPOS="980" VPOS="1214" WIDTH="2206" HEIGHT="86">
						<String ID="P22_ST00060" HPOS="980" VPOS="1218" WIDTH="218" HEIGHT="69" CONTENT="Sonne" WC="0.99" CC="00500"/>
						<SP ID="P22_SP00052" HPOS="1198" VPOS="1287" WIDTH="46"/>
						<String ID="P22_ST00061" HPOS="1244" VPOS="1216" WIDTH="306" HEIGHT="84" CONTENT="mystisch" WC="0.99" CC="00006007"/>
						<SP ID="P22_SP00053" HPOS="1550" VPOS="1300" WIDTH="48"/>
						<String ID="P22_ST00062" HPOS="1598" VPOS="1216" WIDTH="125" HEIGHT="70" CONTENT="den" WC="0.98" CC="006"/>
						<SP ID="P22_SP00054" HPOS="1723" VPOS="1300" WIDTH="34"/>
						<String ID="P22_ST00063" HPOS="1757" VPOS="1214" WIDTH="141" HEIGHT="85" CONTENT="Tag" WC="1.00" CC="000"/>
						<SP ID="P22_SP00055" HPOS="1898" VPOS="1300" WIDTH="46"/>
						<String ID="P22_ST00064" HPOS="1944" VPOS="1215" WIDTH="198" HEIGHT="70" CONTENT="schon" WC="0.99" CC="00050"/>
						<SP ID="P22_SP00056" HPOS="2142" VPOS="1300" WIDTH="49"/>
						<String ID="P22_ST00065" HPOS="2191" VPOS="1215" WIDTH="271" HEIGHT="85" CONTENT="begann," WC="0.99" CC="7000001"/>
						<SP ID="P22_SP00057" HPOS="2462" VPOS="1300" WIDTH="47"/>
						<String ID="P22_ST00066" HPOS="2509" VPOS="1214" WIDTH="155" HEIGHT="71" CONTENT="fand" WC="0.99" CC="6000"/>
						<SP ID="P22_SP00058" HPOS="2664" VPOS="1300" WIDTH="43"/>
						<String ID="P22_ST00067" HPOS="2707" VPOS="1216" WIDTH="174" HEIGHT="69" CONTENT="seine" WC="0.99" CC="00600"/>
						<SP ID="P22_SP00059" HPOS="2881" VPOS="1300" WIDTH="43"/>
						<String ID="P22_ST00068" HPOS="2924" VPOS="1214" WIDTH="262" HEIGHT="71" CONTENT="Geduld" WC="0.99" CC="000550"/>
					</TextLine>
					<TextLine ID="P22_TL00010" HPOS="978" VPOS="1307" WIDTH="2206" HEIGHT="82">
						<String ID="P22_ST00069" HPOS="978" VPOS="1313" WIDTH="104" HEIGHT="67" CONTENT="ein" WC="0.97" CC="070"/>
						<SP ID="P22_SP00060" HPOS="1082" VPOS="1380" WIDTH="35"/>
						<String ID="P22_ST00070" HPOS="1117" VPOS="1309" WIDTH="184" HEIGHT="71" CONTENT="Ende" WC="0.99" CC="2000"/>
						<SP ID="P22_SP00061" HPOS="1301" VPOS="1380" WIDTH="19"/>
						<String ID="P22_ST00071" HPOS="1320" VPOS="1338" WIDTH="15" HEIGHT="51" CONTENT=";" WC="0.31" CC="6"/>
						<SP ID="P22_SP00062" HPOS="1335" VPOS="1389" WIDTH="48"/>
						<String ID="P22_ST00072" HPOS="1383" VPOS="1337" WIDTH="69" HEIGHT="42" CONTENT="er" WC="0.78" CC="22"/>
						<SP ID="P22_SP00063" HPOS="1452" VPOS="1389" WIDTH="46"/>
						<String ID="P22_ST00073" HPOS="1498" VPOS="1308" WIDTH="192" HEIGHT="71" CONTENT="nahm" WC="0.97" CC="5070"/>
						<SP ID="P22_SP00064" HPOS="1690" VPOS="1389" WIDTH="48"/>
						<String ID="P22_ST00074" HPOS="1738" VPOS="1308" WIDTH="81" HEIGHT="68" CONTENT="all" WC="0.98" CC="004"/>
						<SP ID="P22_SP00065" HPOS="1819" VPOS="1389" WIDTH="36"/>
						<String ID="P22_ST00075" HPOS="1855" VPOS="1309" WIDTH="174" HEIGHT="69" CONTENT="seine" WC="0.99" CC="00640"/>
						<SP ID="P22_SP00066" HPOS="2029" VPOS="1389" WIDTH="36"/>
						<String ID="P22_ST00076" HPOS="2065" VPOS="1307" WIDTH="210" HEIGHT="81" CONTENT="Kraft," WC="0.99" CC="500700"/>
						<SP ID="P22_SP00067" HPOS="2275" VPOS="1389" WIDTH="38"/>
						<String ID="P22_ST00077" HPOS="2313" VPOS="1308" WIDTH="154" HEIGHT="70" CONTENT="fand" WC="0.99" CC="6000"/>
						<SP ID="P22_SP00068" HPOS="2467" VPOS="1389" WIDTH="33"/>
						<String ID="P22_ST00078" HPOS="2500" VPOS="1307" WIDTH="240" HEIGHT="78" CONTENT="Worte," WC="0.99" CC="400001"/>
						<SP ID="P22_SP00069" HPOS="2740" VPOS="1389" WIDTH="35"/>
						<String ID="P22_ST00079" HPOS="2775" VPOS="1308" WIDTH="136" HEIGHT="68" CONTENT="und" WC="0.98" CC="500"/>
						<SP ID="P22_SP00070" HPOS="2911" VPOS="1389" WIDTH="33"/>
						<String ID="P22_ST00080" HPOS="2944" VPOS="1338" WIDTH="66" HEIGHT="40" CONTENT="es" WC="1.00" CC="00"/>
						<SP ID="P22_SP00071" HPOS="3010" VPOS="1389" WIDTH="36"/>
						<String ID="P22_ST00081" HPOS="3046" VPOS="1327" WIDTH="104" HEIGHT="51" CONTENT="ent" SUBS_TYPE="HypPart1" SUBS_CONTENT="entspann" WC="0.98" CC="060"/>
						<HYP HPOS="3150" VPOS="1327" WIDTH="34" CONTENT="-"/>
					</TextLine>
					<TextLine ID="P22_TL00011" HPOS="980" VPOS="1398" WIDTH="1139" HEIGHT="88">
						<String ID="P22_ST00082" HPOS="980" VPOS="1431" WIDTH="205" HEIGHT="55" CONTENT="spann" SUBS_TYPE="HypPart2" SUBS_CONTENT="entspann" WC="0.98" CC="00362"/>
						<SP ID="P22_SP00072" HPOS="1185" VPOS="1486" WIDTH="36"/>
						<String ID="P22_ST00083" HPOS="1221" VPOS="1401" WIDTH="136" HEIGHT="69" CONTENT="sich" WC="0.99" CC="0600"/>
						<SP ID="P22_SP00073" HPOS="1357" VPOS="1486" WIDTH="37"/>
						<String ID="P22_ST00084" HPOS="1394" VPOS="1399" WIDTH="327" HEIGHT="84" CONTENT="folgendes" WC="1.00" CC="706000000"/>
						<SP ID="P22_SP00074" HPOS="1721" VPOS="1486" WIDTH="40"/>
						<String ID="P22_ST00085" HPOS="1761" VPOS="1398" WIDTH="358" HEIGHT="85" CONTENT="Gespräch:" WC="1.00" CC="000034003"/>
					</TextLine>
					<TextLine ID="P22_TL00012" HPOS="1074" VPOS="1505" WIDTH="2110" HEIGHT="85">
						<String ID="P22_ST00086" HPOS="1074" VPOS="1506" WIDTH="181" HEIGHT="81" CONTENT="»Wie" WC="0.96" CC="4660"/>
						<SP ID="P22_SP00075" HPOS="1255" VPOS="1587" WIDTH="33"/>
						<String ID="P22_ST00087" HPOS="1288" VPOS="1520" WIDTH="127" HEIGHT="57" CONTENT="wär" WC="0.93" CC="001"/>
						<SP ID="P22_SP00076" HPOS="1415" VPOS="1587" WIDTH="32"/>
						<String ID="P22_ST00088" HPOS="1447" VPOS="1536" WIDTH="90" HEIGHT="51" CONTENT="es," WC="1.00" CC="000"/>
						<SP ID="P22_SP00077" HPOS="1537" VPOS="1587" WIDTH="33"/>
						<String ID="P22_ST00089" HPOS="1570" VPOS="1505" WIDTH="414" HEIGHT="82" CONTENT="Wladislav“," WC="0.75" CC="04005050083"/>
						<SP ID="P22_SP00078" HPOS="1984" VPOS="1587" WIDTH="37"/>
						<String ID="P22_ST00090" HPOS="2021" VPOS="1507" WIDTH="248" HEIGHT="83" CONTENT="begann" WC="0.99" CC="700003"/>
						<SP ID="P22_SP00079" HPOS="2269" VPOS="1590" WIDTH="34"/>
						<String ID="P22_ST00091" HPOS="2303" VPOS="1507" WIDTH="114" HEIGHT="70" CONTENT="der" WC="0.99" CC="003"/>
						<SP ID="P22_SP00080" HPOS="2417" VPOS="1590" WIDTH="36"/>
						<String ID="P22_ST00092" HPOS="2453" VPOS="1505" WIDTH="181" HEIGHT="80" CONTENT="Graf," WC="0.99" CC="10070"/>
						<SP ID="P22_SP00081" HPOS="2634" VPOS="1590" WIDTH="42"/>
						<String ID="P22_ST00093" HPOS="2676" VPOS="1506" WIDTH="159" HEIGHT="79" CONTENT="~wie" WC="0.86" CC="2004"/>
						<SP ID="P22_SP00082" HPOS="2835" VPOS="1590" WIDTH="34"/>
						<String ID="P22_ST00094" HPOS="2869" VPOS="1506" WIDTH="218" HEIGHT="71" CONTENT="würde" WC="1.00" CC="00300"/>
						<SP ID="P22_SP00083" HPOS="3087" VPOS="1590" WIDTH="33"/>
						<String ID="P22_ST00095" HPOS="3120" VPOS="1535" WIDTH="64" HEIGHT="40" CONTENT="es" WC="1.00" CC="00"/>
					</TextLine>
					<TextLine ID="P22_TL00013" HPOS="980" VPOS="1597" WIDTH="2208" HEIGHT="87">
						<String ID="P22_ST00096" HPOS="980" VPOS="1601" WIDTH="99" HEIGHT="69" CONTENT="dir" WC="0.98" CC="060"/>
						<SP ID="P22_SP00084" HPOS="1079" VPOS="1670" WIDTH="44"/>
						<String ID="P22_ST00097" HPOS="1123" VPOS="1600" WIDTH="295" HEIGHT="84" CONTENT="gefallen," WC="1.00" CC="006030003"/>
						<SP ID="P22_SP00085" HPOS="1418" VPOS="1684" WIDTH="47"/>
						<String ID="P22_ST00098" HPOS="1465" VPOS="1600" WIDTH="232" HEIGHT="70" CONTENT="hättest" WC="1.00" CC="7000000"/>
						<SP ID="P22_SP00086" HPOS="1697" VPOS="1684" WIDTH="46"/>
						<String ID="P22_ST00099" HPOS="1743" VPOS="1600" WIDTH="88" HEIGHT="68" CONTENT="du" WC="0.79" CC="04"/>
						<SP ID="P22_SP00087" HPOS="1831" VPOS="1684" WIDTH="44"/>
						<String ID="P22_ST00100" HPOS="1875" VPOS="1599" WIDTH="187" HEIGHT="69" CONTENT="deine" WC="1.00" CC="00300"/>
						<SP ID="P22_SP00088" HPOS="2062" VPOS="1684" WIDTH="33"/>
						<String ID="P22_ST00101" HPOS="2095" VPOS="1602" WIDTH="264" HEIGHT="82" CONTENT="eigenen" WC="0.99" CC="0600300"/>
						<SP ID="P22_SP00089" HPOS="2359" VPOS="1684" WIDTH="37"/>
						<String ID="P22_ST00102" HPOS="2396" VPOS="1597" WIDTH="249" HEIGHT="79" CONTENT="Felder," WC="1.00" CC="0040002"/>
						<SP ID="P22_SP00090" HPOS="2645" VPOS="1684" WIDTH="35"/>
						<String ID="P22_ST00103" HPOS="2680" VPOS="1599" WIDTH="196" HEIGHT="69" CONTENT="deren" WC="0.99" CC="00004"/>
						<SP ID="P22_SP00091" HPOS="2876" VPOS="1684" WIDTH="35"/>
						<String ID="P22_ST00104" HPOS="2911" VPOS="1597" WIDTH="277" HEIGHT="71" CONTENT="Früchte" WC="1.00" CC="0000010"/>
					</TextLine>
					<TextLine ID="P22_TL00014" HPOS="978" VPOS="1689" WIDTH="2208" HEIGHT="87">
						<String ID="P22_ST00105" HPOS="978" VPOS="1691" WIDTH="101" HEIGHT="71" CONTENT="dir" WC="0.95" CC="075"/>
						<SP ID="P22_SP00092" HPOS="1079" VPOS="1762" WIDTH="17"/>
						<String ID="P22_ST00106" HPOS="1096" VPOS="1690" WIDTH="301" HEIGHT="86" CONTENT="gehören," WC="1.00" CC="00020003"/>
						<SP ID="P22_SP00093" HPOS="1397" VPOS="1776" WIDTH="22"/>
						<String ID="P22_ST00107" HPOS="1419" VPOS="1691" WIDTH="188" HEIGHT="70" CONTENT="deine" WC="0.99" CC="00620"/>
						<SP ID="P22_SP00094" HPOS="1607" VPOS="1776" WIDTH="18"/>
						<String ID="P22_ST00108" HPOS="1625" VPOS="1693" WIDTH="263" HEIGHT="82" CONTENT="eigenen" WC="0.99" CC="0600303"/>
						<SP ID="P22_SP00095" HPOS="1888" VPOS="1776" WIDTH="14"/>
						<String ID="P22_ST00109" HPOS="1902" VPOS="1689" WIDTH="255" HEIGHT="71" CONTENT="Wiesen" WC="1.00" CC="060000"/>
						<SP ID="P22_SP00096" HPOS="2157" VPOS="1776" WIDTH="19"/>
						<String ID="P22_ST00110" HPOS="2176" VPOS="1693" WIDTH="117" HEIGHT="67" CONTENT="mit" WC="0.98" CC="060"/>
						<SP ID="P22_SP00097" HPOS="2293" VPOS="1776" WIDTH="26"/>
						<String ID="P22_ST00111" HPOS="2319" VPOS="1690" WIDTH="125" HEIGHT="70" CONTENT="den" WC="1.00" CC="001"/>
						<SP ID="P22_SP00098" HPOS="2444" VPOS="1776" WIDTH="20"/>
						<String ID="P22_ST00112" HPOS="2464" VPOS="1689" WIDTH="310" HEIGHT="80" CONTENT="Rindern," WC="0.99" CC="07200011"/>
						<SP ID="P22_SP00099" HPOS="2774" VPOS="1776" WIDTH="29"/>
						<String ID="P22_ST00113" HPOS="2803" VPOS="1719" WIDTH="125" HEIGHT="41" CONTENT="von" WC="1.00" CC="000"/>
						<SP ID="P22_SP00100" HPOS="2928" VPOS="1776" WIDTH="28"/>
						<String ID="P22_ST00114" HPOS="2956" VPOS="1690" WIDTH="230" HEIGHT="70" CONTENT="deinen" WC="0.99" CC="005004"/>
					</TextLine>
					<TextLine ID="P22_TL00015" HPOS="977" VPOS="1782" WIDTH="2210" HEIGHT="86">
						<String ID="P22_ST00115" HPOS="977" VPOS="1785" WIDTH="269" HEIGHT="83" CONTENT="eigenen" WC="0.99" CC="0600600"/>
						<SP ID="P22_SP00101" HPOS="1246" VPOS="1868" WIDTH="27"/>
						<String ID="P22_ST00116" HPOS="1273" VPOS="1784" WIDTH="251" HEIGHT="70" CONTENT="Bauern" WC="1.00" CC="103000"/>
						<SP ID="P22_SP00102" HPOS="1524" VPOS="1868" WIDTH="35"/>
						<String ID="P22_ST00117" HPOS="1559" VPOS="1784" WIDTH="151" HEIGHT="70" CONTENT="alles" WC="1.00" CC="03000"/>
						<SP ID="P22_SP00103" HPOS="1710" VPOS="1868" WIDTH="35"/>
						<String ID="P22_ST00118" HPOS="1745" VPOS="1783" WIDTH="298" HEIGHT="85" CONTENT="gepflegt," WC="1.00" CC="000000002"/>
						<SP ID="P22_SP00104" HPOS="2043" VPOS="1868" WIDTH="35"/>
						<String ID="P22_ST00119" HPOS="2078" VPOS="1783" WIDTH="135" HEIGHT="70" CONTENT="und" WC="1.00" CC="000"/>
						<SP ID="P22_SP00105" HPOS="2213" VPOS="1868" WIDTH="26"/>
						<String ID="P22_ST00120" HPOS="2239" VPOS="1783" WIDTH="188" HEIGHT="70" CONTENT="deine" WC="0.99" CC="00500"/>
						<SP ID="P22_SP00106" HPOS="2427" VPOS="1868" WIDTH="26"/>
						<String ID="P22_ST00121" HPOS="2453" VPOS="1784" WIDTH="220" HEIGHT="83" CONTENT="eigene" WC="0.99" CC="070070"/>
						<SP ID="P22_SP00107" HPOS="2673" VPOS="1868" WIDTH="27"/>
						<String ID="P22_ST00122" HPOS="2700" VPOS="1782" WIDTH="204" HEIGHT="71" CONTENT="Hütte" WC="1.00" CC="00000"/>
						<SP ID="P22_SP00108" HPOS="2904" VPOS="1868" WIDTH="26"/>
						<String ID="P22_ST00123" HPOS="2930" VPOS="1784" WIDTH="221" HEIGHT="83" CONTENT="irgend" SUBS_TYPE="HypPart1" SUBS_CONTENT="irgendwo" WC="0.99" CC="700000"/>
						<HYP HPOS="3151" VPOS="1784" WIDTH="36" CONTENT="-"/>
					</TextLine>
					<TextLine ID="P22_TL00016" HPOS="980" VPOS="1873" WIDTH="2208" HEIGHT="74">
						<String ID="P22_ST00124" HPOS="980" VPOS="1906" WIDTH="97" HEIGHT="41" CONTENT="wo" SUBS_TYPE="HypPart2" SUBS_CONTENT="irgendwo" WC="0.79" CC="04"/>
						<SP ID="P22_SP00109" HPOS="1077" VPOS="1947" WIDTH="33"/>
						<String ID="P22_ST00125" HPOS="1110" VPOS="1877" WIDTH="138" HEIGHT="70" CONTENT="und" WC="0.99" CC="020"/>
						<SP ID="P22_SP00110" HPOS="1248" VPOS="1947" WIDTH="34"/>
						<String ID="P22_ST00126" HPOS="1282" VPOS="1889" WIDTH="226" HEIGHT="58" CONTENT="wärest" WC="1.00" CC="002000"/>
						<SP ID="P22_SP00111" HPOS="1508" VPOS="1947" WIDTH="34"/>
						<String ID="P22_ST00127" HPOS="1542" VPOS="1875" WIDTH="197" HEIGHT="70" CONTENT="selbst" WC="0.99" CC="002600"/>
						<SP ID="P22_SP00112" HPOS="1739" VPOS="1947" WIDTH="36"/>
						<String ID="P22_ST00128" HPOS="1775" VPOS="1874" WIDTH="166" HEIGHT="70" CONTENT="Herr" WC="0.99" CC="0003"/>
						<SP ID="P22_SP00113" HPOS="1941" VPOS="1947" WIDTH="33"/>
						<String ID="P22_ST00129" HPOS="1974" VPOS="1874" WIDTH="159" HEIGHT="70" CONTENT="über" WC="1.00" CC="0000"/>
						<SP ID="P22_SP00114" HPOS="2133" VPOS="1947" WIDTH="32"/>
						<String ID="P22_ST00130" HPOS="2165" VPOS="1874" WIDTH="133" HEIGHT="70" CONTENT="dies" WC="0.99" CC="0600"/>
						<SP ID="P22_SP00115" HPOS="2298" VPOS="1947" WIDTH="47"/>
						<String ID="P22_ST00131" HPOS="2345" VPOS="1874" WIDTH="197" HEIGHT="70" CONTENT="alles?" WC="0.98" CC="263006"/>
						<SP ID="P22_SP00116" HPOS="2542" VPOS="1947" WIDTH="58"/>
						<String ID="P22_ST00132" HPOS="2600" VPOS="1873" WIDTH="140" HEIGHT="71" CONTENT="Wie" WC="0.98" CC="050"/>
						<SP ID="P22_SP00117" HPOS="2740" VPOS="1947" WIDTH="34"/>
						<String ID="P22_ST00133" HPOS="2774" VPOS="1874" WIDTH="182" HEIGHT="71" CONTENT="würd" WC="0.95" CC="0010"/>
						<SP ID="P22_SP00118" HPOS="2956" VPOS="1947" WIDTH="33"/>
						<String ID="P22_ST00134" HPOS="2989" VPOS="1905" WIDTH="65" HEIGHT="39" CONTENT="es" WC="1.00" CC="00"/>
						<SP ID="P22_SP00119" HPOS="3054" VPOS="1947" WIDTH="36"/>
						<String ID="P22_ST00135" HPOS="3090" VPOS="1875" WIDTH="98" HEIGHT="69" CONTENT="dir" WC="0.97" CC="070"/>
					</TextLine>
					<TextLine ID="P22_TL00017" HPOS="976" VPOS="1967" WIDTH="366" HEIGHT="85">
						<String ID="P22_ST00136" HPOS="976" VPOS="1967" WIDTH="366" HEIGHT="85" CONTENT="gefallen?“" WC="0.99" CC="0060060098"/>
					</TextLine>
					<TextLine ID="P22_TL00018" HPOS="1076" VPOS="2056" WIDTH="2111" HEIGHT="84">
						<String ID="P22_ST00137" HPOS="1076" VPOS="2058" WIDTH="128" HEIGHT="82" CONTENT="„Es" WC="0.98" CC="300"/>
						<SP ID="P22_SP00120" HPOS="1204" VPOS="2140" WIDTH="36"/>
						<String ID="P22_ST00138" HPOS="1240" VPOS="2069" WIDTH="235" HEIGHT="69" CONTENT="wäre“," WC="0.99" CC="003080"/>
						<SP ID="P22_SP00121" HPOS="1475" VPOS="2140" WIDTH="35"/>
						<String ID="P22_ST00139" HPOS="1510" VPOS="2076" WIDTH="374" HEIGHT="53" CONTENT="antwortete" WC="1.00" CC="0600000000"/>
						<SP ID="P22_SP00122" HPOS="1884" VPOS="2140" WIDTH="34"/>
						<String ID="P22_ST00140" HPOS="1918" VPOS="2058" WIDTH="112" HEIGHT="69" CONTENT="der" WC="1.00" CC="000"/>
						<SP ID="P22_SP00123" HPOS="2030" VPOS="2140" WIDTH="32"/>
						<String ID="P22_ST00141" HPOS="2062" VPOS="2056" WIDTH="265" HEIGHT="80" CONTENT="Diener," WC="0.99" CC="2700002"/>
						<SP ID="P22_SP00124" HPOS="2327" VPOS="2140" WIDTH="58"/>
						<String ID="P22_ST00142" HPOS="2385" VPOS="2086" WIDTH="108" HEIGHT="51" CONTENT="„es" WC="0.98" CC="400"/>
						<SP ID="P22_SP00125" HPOS="2493" VPOS="2140" WIDTH="51"/>
						<String ID="P22_ST00143" HPOS="2544" VPOS="2070" WIDTH="163" HEIGHT="57" CONTENT="wäre" WC="1.00" CC="0000"/>
						<SP ID="P22_SP00126" HPOS="2707" VPOS="2140" WIDTH="44"/>
						<String ID="P22_ST00144" HPOS="2751" VPOS="2056" WIDTH="224" HEIGHT="81" CONTENT="schön," WC="0.98" CC="006332"/>
						<SP ID="P22_SP00127" HPOS="2975" VPOS="2140" WIDTH="45"/>
						<String ID="P22_ST00145" HPOS="3020" VPOS="2057" WIDTH="167" HEIGHT="71" CONTENT="doch" WC="1.00" CC="0000"/>
					</TextLine>
					<TextLine ID="P22_TL00019" HPOS="982" VPOS="2149" WIDTH="614" HEIGHT="73">
						<String ID="P22_ST00146" HPOS="982" VPOS="2149" WIDTH="240" HEIGHT="73" CONTENT="wenn’s" WC="0.87" CC="000080"/>
						<SP ID="P22_SP00128" HPOS="1222" VPOS="2222" WIDTH="36"/>
						<String ID="P22_ST00147" HPOS="1258" VPOS="2151" WIDTH="181" HEIGHT="69" CONTENT="nicht" WC="0.99" CC="06000"/>
						<SP ID="P22_SP00129" HPOS="1439" VPOS="2222" WIDTH="33"/>
						<String ID="P22_ST00148" HPOS="1472" VPOS="2151" WIDTH="124" HEIGHT="69" CONTENT="ist“" WC="0.98" CC="7000"/>
						<SP ID="P22_SP00130" HPOS="1596" VPOS="2222" WIDTH="0"/>
					</TextLine>
					<TextLine ID="P22_TL00020" HPOS="1075" VPOS="2240" WIDTH="2113" HEIGHT="85">
						<String ID="P22_ST00149" HPOS="1075" VPOS="2244" WIDTH="127" HEIGHT="80" CONTENT="„Es" WC="0.97" CC="420"/>
						<SP ID="P22_SP00131" HPOS="1202" VPOS="2324" WIDTH="37"/>
						<String ID="P22_ST00150" HPOS="1239" VPOS="2255" WIDTH="164" HEIGHT="59" CONTENT="wäre" WC="1.00" CC="0010"/>
						<SP ID="P22_SP00132" HPOS="1403" VPOS="2324" WIDTH="33"/>
						<String ID="P22_ST00151" HPOS="1436" VPOS="2241" WIDTH="222" HEIGHT="80" CONTENT="schön," WC="1.00" CC="000000"/>
						<SP ID="P22_SP00133" HPOS="1658" VPOS="2324" WIDTH="37"/>
						<String ID="P22_ST00152" HPOS="1695" VPOS="2260" WIDTH="169" HEIGHT="65" CONTENT="sagst" WC="1.00" CC="00000"/>
						<SP ID="P22_SP00134" HPOS="1864" VPOS="2325" WIDTH="33"/>
						<String ID="P22_ST00153" HPOS="1897" VPOS="2241" WIDTH="133" HEIGHT="69" CONTENT="du?" WC="0.98" CC="050"/>
						<SP ID="P22_SP00135" HPOS="2030" VPOS="2325" WIDTH="44"/>
						<String ID="P22_ST00154" HPOS="2074" VPOS="2240" WIDTH="155" HEIGHT="70" CONTENT="Nun" WC="0.96" CC="046"/>
						<SP ID="P22_SP00136" HPOS="2229" VPOS="2325" WIDTH="36"/>
						<String ID="P22_ST00155" HPOS="2265" VPOS="2240" WIDTH="203" HEIGHT="70" CONTENT="denn:" WC="0.99" CC="00016"/>
						<SP ID="P22_SP00137" HPOS="2468" VPOS="2325" WIDTH="34"/>
						<String ID="P22_ST00156" HPOS="2502" VPOS="2240" WIDTH="103" HEIGHT="71" CONTENT="ich" WC="0.98" CC="500"/>
						<SP ID="P22_SP00138" HPOS="2605" VPOS="2325" WIDTH="36"/>
						<String ID="P22_ST00157" HPOS="2641" VPOS="2240" WIDTH="277" HEIGHT="71" CONTENT="schenke" WC="0.99" CC="0000530"/>
						<SP ID="P22_SP00139" HPOS="2918" VPOS="2325" WIDTH="33"/>
						<String ID="P22_ST00158" HPOS="2951" VPOS="2240" WIDTH="100" HEIGHT="71" CONTENT="dir" WC="0.98" CC="060"/>
						<SP ID="P22_SP00140" HPOS="3051" VPOS="2325" WIDTH="33"/>
						<String ID="P22_ST00159" HPOS="3084" VPOS="2243" WIDTH="104" HEIGHT="67" CONTENT="ein" WC="0.95" CC="075"/>
					</TextLine>
					<TextLine ID="P22_TL00021" HPOS="981" VPOS="2331" WIDTH="2209" HEIGHT="82">
						<String ID="P22_ST00160" HPOS="981" VPOS="2335" WIDTH="201" HEIGHT="71" CONTENT="Stück" WC="1.00" CC="00000"/>
						<SP ID="P22_SP00141" HPOS="1182" VPOS="2406" WIDTH="33"/>
						<String ID="P22_ST00161" HPOS="1215" VPOS="2364" WIDTH="124" HEIGHT="42" CONTENT="von" WC="0.98" CC="005"/>
						<SP ID="P22_SP00142" HPOS="1339" VPOS="2406" WIDTH="37"/>
						<String ID="P22_ST00162" HPOS="1376" VPOS="2338" WIDTH="279" HEIGHT="68" CONTENT="meinem" WC="1.00" CC="006000"/>
						<SP ID="P22_SP00143" HPOS="1655" VPOS="2406" WIDTH="36"/>
						<String ID="P22_ST00163" HPOS="1691" VPOS="2334" WIDTH="206" HEIGHT="79" CONTENT="Land," WC="0.99" CC="25000"/>
						<SP ID="P22_SP00144" HPOS="1897" VPOS="2413" WIDTH="47"/>
						<String ID="P22_ST00164" HPOS="1944" VPOS="2333" WIDTH="163" HEIGHT="70" CONTENT="treib" WC="0.98" CC="03067"/>
						<SP ID="P22_SP00145" HPOS="2107" VPOS="2413" WIDTH="33"/>
						<String ID="P22_ST00165" HPOS="2140" VPOS="2331" WIDTH="160" HEIGHT="72" CONTENT="Vieh" WC="0.97" CC="0607"/>
						<SP ID="P22_SP00146" HPOS="2300" VPOS="2413" WIDTH="37"/>
						<String ID="P22_ST00166" HPOS="2337" VPOS="2362" WIDTH="125" HEIGHT="41" CONTENT="von" WC="0.98" CC="014"/>
						<SP ID="P22_SP00147" HPOS="2462" VPOS="2413" WIDTH="38"/>
						<String ID="P22_ST00167" HPOS="2500" VPOS="2335" WIDTH="255" HEIGHT="68" CONTENT="meinen" WC="0.99" CC="004002"/>
						<SP ID="P22_SP00148" HPOS="2755" VPOS="2413" WIDTH="34"/>
						<String ID="P22_ST00168" HPOS="2789" VPOS="2331" WIDTH="257" HEIGHT="72" CONTENT="Wiesen" WC="0.99" CC="060002"/>
						<SP ID="P22_SP00149" HPOS="3046" VPOS="2413" WIDTH="34"/>
						<String ID="P22_ST00169" HPOS="3080" VPOS="2334" WIDTH="110" HEIGHT="69" CONTENT="auf" WC="0.97" CC="007"/>
					</TextLine>
					<TextLine ID="P22_TL00022" HPOS="981" VPOS="2423" WIDTH="2207" HEIGHT="82">
						<String ID="P22_ST00170" HPOS="981" VPOS="2427" WIDTH="107" HEIGHT="70" CONTENT="die" WC="0.98" CC="060"/>
						<SP ID="P22_SP00150" HPOS="1088" VPOS="2497" WIDTH="52"/>
						<String ID="P22_ST00171" HPOS="1140" VPOS="2427" WIDTH="259" HEIGHT="78" CONTENT="deinen," WC="0.99" CC="0062050"/>
						<SP ID="P22_SP00151" HPOS="1399" VPOS="2505" WIDTH="51"/>
						<String ID="P22_ST00172" HPOS="1450" VPOS="2427" WIDTH="135" HEIGHT="68" CONTENT="und" WC="0.96" CC="560"/>
						<SP ID="P22_SP00152" HPOS="1585" VPOS="2505" WIDTH="49"/>
						<String ID="P22_ST00173" HPOS="1634" VPOS="2427" WIDTH="212" HEIGHT="67" CONTENT="meine" WC="0.99" CC="00500"/>
						<SP ID="P22_SP00153" HPOS="1846" VPOS="2505" WIDTH="49"/>
						<String ID="P22_ST00174" HPOS="1895" VPOS="2423" WIDTH="296" HEIGHT="71" CONTENT="Knechte" WC="1.00" CC="5000000"/>
						<SP ID="P22_SP00154" HPOS="2191" VPOS="2505" WIDTH="59"/>
						<String ID="P22_ST00175" HPOS="2250" VPOS="2424" WIDTH="207" HEIGHT="70" CONTENT="bauen" WC="0.98" CC="70400"/>
						<SP ID="P22_SP00155" HPOS="2457" VPOS="2505" WIDTH="52"/>
						<String ID="P22_ST00176" HPOS="2509" VPOS="2424" WIDTH="100" HEIGHT="70" CONTENT="dir" WC="0.97" CC="060"/>
						<SP ID="P22_SP00156" HPOS="2609" VPOS="2505" WIDTH="48"/>
						<String ID="P22_ST00177" HPOS="2657" VPOS="2427" WIDTH="103" HEIGHT="67" CONTENT="ein" WC="0.97" CC="070"/>
						<SP ID="P22_SP00157" HPOS="2760" VPOS="2505" WIDTH="53"/>
						<String ID="P22_ST00178" HPOS="2813" VPOS="2423" WIDTH="211" HEIGHT="72" CONTENT="Haus!" WC="0.99" CC="00305"/>
						<SP ID="P22_SP00158" HPOS="3024" VPOS="2505" WIDTH="59"/>
						<String ID="P22_ST00179" HPOS="3083" VPOS="2424" WIDTH="105" HEIGHT="70" CONTENT="Sei" WC="0.98" CC="005"/>
					</TextLine>
					<TextLine ID="P22_TL00023" HPOS="986" VPOS="2516" WIDTH="1199" HEIGHT="88">
						<String ID="P22_ST00180" HPOS="986" VPOS="2518" WIDTH="315" HEIGHT="86" CONTENT="glücklich" WC="1.00" CC="000002407"/>
						<SP ID="P22_SP00159" HPOS="1301" VPOS="2604" WIDTH="37"/>
						<String ID="P22_ST00181" HPOS="1338" VPOS="2518" WIDTH="167" HEIGHT="80" CONTENT="drin," WC="0.98" CC="03522"/>
						<SP ID="P22_SP00160" HPOS="1505" VPOS="2604" WIDTH="38"/>
						<String ID="P22_ST00182" HPOS="1543" VPOS="2517" WIDTH="162" HEIGHT="70" CONTENT="Gott" WC="0.99" CC="4200"/>
						<SP ID="P22_SP00161" HPOS="1705" VPOS="2604" WIDTH="33"/>
						<String ID="P22_ST00183" HPOS="1738" VPOS="2546" WIDTH="193" HEIGHT="55" CONTENT="segne" WC="1.00" CC="00000"/>
						<SP ID="P22_SP00162" HPOS="1931" VPOS="2604" WIDTH="33"/>
						<String ID="P22_ST00184" HPOS="1964" VPOS="2516" WIDTH="221" HEIGHT="71" CONTENT="dich!“" WC="0.99" CC="060000"/>
					</TextLine>
					<TextLine ID="P22_TL00024" HPOS="1071" VPOS="2622" WIDTH="2118" HEIGHT="87">
						<String ID="P22_ST00185" HPOS="1071" VPOS="2626" WIDTH="136" HEIGHT="71" CONTENT="Der" WC="0.99" CC="300"/>
						<SP ID="P22_SP00163" HPOS="1207" VPOS="2697" WIDTH="37"/>
						<String ID="P22_ST00186" HPOS="1244" VPOS="2625" WIDTH="165" HEIGHT="71" CONTENT="Graf" WC="0.98" CC="0007"/>
						<SP ID="P22_SP00164" HPOS="1409" VPOS="2697" WIDTH="33"/>
						<String ID="P22_ST00187" HPOS="1442" VPOS="2625" WIDTH="173" HEIGHT="70" CONTENT="hatte" WC="1.00" CC="00000"/>
						<SP ID="P22_SP00165" HPOS="1615" VPOS="2697" WIDTH="33"/>
						<String ID="P22_ST00188" HPOS="1648" VPOS="2625" WIDTH="271" HEIGHT="84" CONTENT="geendet" WC="1.00" CC="0000000"/>
						<SP ID="P22_SP00166" HPOS="1919" VPOS="2709" WIDTH="35"/>
						<String ID="P22_ST00189" HPOS="1954" VPOS="2624" WIDTH="134" HEIGHT="69" CONTENT="und" WC="0.99" CC="300"/>
						<SP ID="P22_SP00167" HPOS="2088" VPOS="2709" WIDTH="36"/>
						<String ID="P22_ST00190" HPOS="2124" VPOS="2641" WIDTH="349" HEIGHT="63" CONTENT="erwartete," WC="1.00" CC="0500200004"/>
						<SP ID="P22_SP00168" HPOS="2473" VPOS="2709" WIDTH="47"/>
						<String ID="P22_ST00191" HPOS="2520" VPOS="2624" WIDTH="123" HEIGHT="69" CONTENT="den" WC="1.00" CC="000"/>
						<SP ID="P22_SP00169" HPOS="2643" VPOS="2709" WIDTH="38"/>
						<String ID="P22_ST00192" HPOS="2681" VPOS="2622" WIDTH="254" HEIGHT="85" CONTENT="Körper" WC="0.99" CC="050003"/>
						<SP ID="P22_SP00170" HPOS="2935" VPOS="2709" WIDTH="32"/>
						<String ID="P22_ST00193" HPOS="2967" VPOS="2651" WIDTH="185" HEIGHT="58" CONTENT="vorge" SUBS_TYPE="HypPart1" SUBS_CONTENT="vorgebeugt," WC="0.99" CC="00400"/>
						<HYP HPOS="3152" VPOS="2651" WIDTH="37" CONTENT="-"/>
					</TextLine>
					<TextLine ID="P22_TL00025" HPOS="980" VPOS="2715" WIDTH="2208" HEIGHT="88">
						<String ID="P22_ST00194" HPOS="980" VPOS="2719" WIDTH="218" HEIGHT="84" CONTENT="beugt," SUBS_TYPE="HypPart2" SUBS_CONTENT="vorgebeugt," WC="0.99" CC="604000"/>
						<SP ID="P22_SP00171" HPOS="1198" VPOS="2803" WIDTH="36"/>
						<String ID="P22_ST00195" HPOS="1234" VPOS="2720" WIDTH="124" HEIGHT="69" CONTENT="den" WC="1.00" CC="000"/>
						<SP ID="P22_SP00172" HPOS="1358" VPOS="2803" WIDTH="32"/>
						<String ID="P22_ST00196" HPOS="1390" VPOS="2718" WIDTH="216" HEIGHT="69" CONTENT="Mund" WC="0.98" CC="1260"/>
						<SP ID="P22_SP00173" HPOS="1606" VPOS="2803" WIDTH="33"/>
						<String ID="P22_ST00197" HPOS="1639" VPOS="2716" WIDTH="302" HEIGHT="84" CONTENT="geöffnet," WC="1.00" CC="000705001"/>
						<SP ID="P22_SP00174" HPOS="1941" VPOS="2803" WIDTH="28"/>
						<String ID="P22_ST00198" HPOS="1969" VPOS="2719" WIDTH="117" HEIGHT="67" CONTENT="mit" WC="0.97" CC="070"/>
						<SP ID="P22_SP00175" HPOS="2086" VPOS="2803" WIDTH="26"/>
						<String ID="P22_ST00199" HPOS="2112" VPOS="2715" WIDTH="351" HEIGHT="84" CONTENT="fragenden" WC="0.99" CC="612005000"/>
						<SP ID="P22_SP00176" HPOS="2463" VPOS="2803" WIDTH="27"/>
						<String ID="P22_ST00200" HPOS="2490" VPOS="2715" WIDTH="227" HEIGHT="85" CONTENT="Augen" WC="0.98" CC="05005"/>
						<SP ID="P22_SP00177" HPOS="2717" VPOS="2803" WIDTH="29"/>
						<String ID="P22_ST00201" HPOS="2746" VPOS="2716" WIDTH="103" HEIGHT="70" CONTENT="die" WC="0.99" CC="020"/>
						<SP ID="P22_SP00178" HPOS="2849" VPOS="2803" WIDTH="23"/>
						<String ID="P22_ST00202" HPOS="2872" VPOS="2715" WIDTH="316" HEIGHT="72" CONTENT="Antwort." WC="1.00" CC="10000304"/>
					</TextLine>
					<TextLine ID="P22_TL00026" HPOS="978" VPOS="2808" WIDTH="2211" HEIGHT="85">
						<String ID="P22_ST00203" HPOS="978" VPOS="2811" WIDTH="139" HEIGHT="72" CONTENT="Der" WC="0.99" CC="002"/>
						<SP ID="P22_SP00179" HPOS="1117" VPOS="2883" WIDTH="24"/>
						<String ID="P22_ST00204" HPOS="1141" VPOS="2811" WIDTH="244" HEIGHT="70" CONTENT="Diener" WC="0.99" CC="040005"/>
						<SP ID="P22_SP00180" HPOS="1385" VPOS="2883" WIDTH="33"/>
						<String ID="P22_ST00205" HPOS="1418" VPOS="2810" WIDTH="150" HEIGHT="70" CONTENT="aber" WC="1.00" CC="0000"/>
						<SP ID="P22_SP00181" HPOS="1568" VPOS="2883" WIDTH="26"/>
						<String ID="P22_ST00206" HPOS="1594" VPOS="2809" WIDTH="306" HEIGHT="84" CONTENT="schweigt" WC="0.99" CC="00700400"/>
						<SP ID="P22_SP00182" HPOS="1900" VPOS="2893" WIDTH="26"/>
						<String ID="P22_ST00207" HPOS="1926" VPOS="2809" WIDTH="137" HEIGHT="69" CONTENT="und" WC="0.96" CC="530"/>
						<SP ID="P22_SP00183" HPOS="2063" VPOS="2893" WIDTH="27"/>
						<String ID="P22_ST00208" HPOS="2090" VPOS="2808" WIDTH="199" HEIGHT="71" CONTENT="bleibt" WC="0.98" CC="630570"/>
						<SP ID="P22_SP00184" HPOS="2289" VPOS="2893" WIDTH="28"/>
						<String ID="P22_ST00209" HPOS="2317" VPOS="2808" WIDTH="126" HEIGHT="70" CONTENT="still" WC="0.98" CC="00655"/>
						<SP ID="P22_SP00185" HPOS="2443" VPOS="2893" WIDTH="28"/>
						<String ID="P22_ST00210" HPOS="2471" VPOS="2809" WIDTH="226" HEIGHT="79" CONTENT="sitzen," WC="0.99" CC="0600002"/>
						<SP ID="P22_SP00186" HPOS="2697" VPOS="2893" WIDTH="29"/>
						<String ID="P22_ST00211" HPOS="2726" VPOS="2837" WIDTH="122" HEIGHT="41" CONTENT="nur" WC="0.97" CC="043"/>
						<SP ID="P22_SP00187" HPOS="2848" VPOS="2893" WIDTH="26"/>
						<String ID="P22_ST00212" HPOS="2874" VPOS="2808" WIDTH="315" HEIGHT="71" CONTENT="zwischen" WC="0.99" CC="00600704"/>
					</TextLine>
					<TextLine ID="P22_TL00027" HPOS="982" VPOS="2899" WIDTH="2208" HEIGHT="88">
						<String ID="P22_ST00213" HPOS="982" VPOS="2904" WIDTH="127" HEIGHT="70" CONTENT="den" WC="1.00" CC="000"/>
						<SP ID="P22_SP00188" HPOS="1109" VPOS="2974" WIDTH="47"/>
						<String ID="P22_ST00214" HPOS="1156" VPOS="2903" WIDTH="151" HEIGHT="70" CONTENT="halb" WC="0.98" CC="0007"/>
						<SP ID="P22_SP00189" HPOS="1307" VPOS="2974" WIDTH="45"/>
						<String ID="P22_ST00215" HPOS="1352" VPOS="2902" WIDTH="490" HEIGHT="85" CONTENT="geschlossenen" WC="1.00" CC="0000750000500"/>
						<SP ID="P22_SP00190" HPOS="1842" VPOS="2987" WIDTH="47"/>
						<String ID="P22_ST00216" HPOS="1889" VPOS="2900" WIDTH="438" HEIGHT="84" CONTENT="Augenlidern" WC="0.99" CC="05905160042"/>
						<SP ID="P22_SP00191" HPOS="2327" VPOS="2987" WIDTH="52"/>
						<String ID="P22_ST00217" HPOS="2379" VPOS="2899" WIDTH="225" HEIGHT="71" CONTENT="schaut" WC="1.00" CC="000020"/>
						<SP ID="P22_SP00192" HPOS="2604" VPOS="2987" WIDTH="49"/>
						<String ID="P22_ST00218" HPOS="2653" VPOS="2930" WIDTH="68" HEIGHT="40" CONTENT="er" WC="1.00" CC="00"/>
						<SP ID="P22_SP00193" HPOS="2721" VPOS="2987" WIDTH="48"/>
						<String ID="P22_ST00219" HPOS="2769" VPOS="2900" WIDTH="126" HEIGHT="70" CONTENT="den" WC="0.98" CC="005"/>
						<SP ID="P22_SP00194" HPOS="2895" VPOS="2987" WIDTH="52"/>
						<String ID="P22_ST00220" HPOS="2947" VPOS="2899" WIDTH="243" HEIGHT="73" CONTENT="Grafen" WC="0.99" CC="100704"/>
					</TextLine>
					<TextLine ID="P22_TL00028" HPOS="981" VPOS="2992" WIDTH="970" HEIGHT="73">
						<String ID="P22_ST00221" HPOS="981" VPOS="2994" WIDTH="213" HEIGHT="71" CONTENT="scharf" WC="0.99" CC="000047"/>
						<SP ID="P22_SP00195" HPOS="1194" VPOS="3065" WIDTH="32"/>
						<String ID="P22_ST00222" HPOS="1226" VPOS="2996" WIDTH="138" HEIGHT="68" CONTENT="und" WC="0.98" CC="400"/>
						<SP ID="P22_SP00196" HPOS="1364" VPOS="3065" WIDTH="33"/>
						<String ID="P22_ST00223" HPOS="1397" VPOS="2992" WIDTH="417" HEIGHT="72" CONTENT="mißtrauisch" WC="1.00" CC="06002046000"/>
						<SP ID="P22_SP00197" HPOS="1814" VPOS="3065" WIDTH="33"/>
						<String ID="P22_ST00224" HPOS="1847" VPOS="3022" WIDTH="104" HEIGHT="41" CONTENT="an." WC="0.98" CC="004"/>
					</TextLine>
					<TextLine ID="P22_TL00029" HPOS="1077" VPOS="3100" WIDTH="1430" HEIGHT="82">
						<String ID="P22_ST00225" HPOS="1077" VPOS="3102" WIDTH="153" HEIGHT="80" CONTENT="„Ich" WC="0.98" CC="2400"/>
						<SP ID="P22_SP00198" HPOS="1230" VPOS="3182" WIDTH="37"/>
						<String ID="P22_ST00226" HPOS="1267" VPOS="3102" WIDTH="205" HEIGHT="70" CONTENT="danke" WC="1.00" CC="00100"/>
						<SP ID="P22_SP00199" HPOS="1472" VPOS="3182" WIDTH="37"/>
						<String ID="P22_ST00227" HPOS="1509" VPOS="3102" WIDTH="203" HEIGHT="70" CONTENT="Ihnen" WC="1.00" CC="00001"/>
						<SP ID="P22_SP00200" HPOS="1712" VPOS="3182" WIDTH="148"/>
						<String ID="P22_ST00228" HPOS="1860" VPOS="3100" WIDTH="101" HEIGHT="70" CONTENT="ich" WC="0.98" CC="500"/>
						<SP ID="P22_SP00201" HPOS="1961" VPOS="3182" WIDTH="38"/>
						<String ID="P22_ST00229" HPOS="1999" VPOS="3101" WIDTH="124" HEIGHT="70" CONTENT="will" WC="0.99" CC="0113"/>
						<SP ID="P22_SP00202" HPOS="2123" VPOS="3182" WIDTH="35"/>
						<String ID="P22_ST00230" HPOS="2158" VPOS="3130" WIDTH="65" HEIGHT="40" CONTENT="es" WC="1.00" CC="00"/>
						<SP ID="P22_SP00203" HPOS="2223" VPOS="3182" WIDTH="37"/>
						<String ID="P22_ST00231" HPOS="2260" VPOS="3101" WIDTH="247" HEIGHT="70" CONTENT="nicht!“" WC="0.99" CC="0600060"/>
					</TextLine>
					<TextLine ID="P22_TL00030" HPOS="1076" VPOS="3206" WIDTH="2114" HEIGHT="83">
						<String ID="P22_ST00232" HPOS="1076" VPOS="3208" WIDTH="309" HEIGHT="81" CONTENT="„Warum" WC="0.99" CC="400130"/>
						<SP ID="P22_SP00204" HPOS="1385" VPOS="3289" WIDTH="31"/>
						<String ID="P22_ST00233" HPOS="1416" VPOS="3210" WIDTH="190" HEIGHT="69" CONTENT="willst" WC="0.99" CC="062200"/>
						<SP ID="P22_SP00205" HPOS="1606" VPOS="3289" WIDTH="35"/>
						<String ID="P22_ST00234" HPOS="1641" VPOS="3210" WIDTH="88" HEIGHT="69" CONTENT="du" WC="1.00" CC="00"/>
						<SP ID="P22_SP00206" HPOS="1729" VPOS="3289" WIDTH="37"/>
						<String ID="P22_ST00235" HPOS="1766" VPOS="3238" WIDTH="65" HEIGHT="40" CONTENT="es" WC="1.00" CC="00"/>
						<SP ID="P22_SP00207" HPOS="1831" VPOS="3289" WIDTH="36"/>
						<String ID="P22_ST00236" HPOS="1867" VPOS="3208" WIDTH="220" HEIGHT="71" CONTENT="nicht?" WC="0.99" CC="160000"/>
						<SP ID="P22_SP00208" HPOS="2087" VPOS="3289" WIDTH="47"/>
						<String ID="P22_ST00237" HPOS="2134" VPOS="3206" WIDTH="264" HEIGHT="72" CONTENT="Warum" WC="0.99" CC="00040"/>
						<SP ID="P22_SP00209" HPOS="2398" VPOS="3289" WIDTH="37"/>
						<String ID="P22_ST00238" HPOS="2435" VPOS="3208" WIDTH="187" HEIGHT="71" CONTENT="willst" WC="0.99" CC="062200"/>
						<SP ID="P22_SP00210" HPOS="2622" VPOS="3289" WIDTH="47"/>
						<String ID="P22_ST00239" HPOS="2669" VPOS="3208" WIDTH="86" HEIGHT="68" CONTENT="du" WC="1.00" CC="00"/>
						<SP ID="P22_SP00211" HPOS="2755" VPOS="3289" WIDTH="48"/>
						<String ID="P22_ST00240" HPOS="2803" VPOS="3237" WIDTH="64" HEIGHT="38" CONTENT="es" WC="1.00" CC="00"/>
						<SP ID="P22_SP00212" HPOS="2867" VPOS="3289" WIDTH="46"/>
						<String ID="P22_ST00241" HPOS="2913" VPOS="3236" WIDTH="123" HEIGHT="40" CONTENT="von" WC="0.98" CC="031"/>
						<SP ID="P22_SP00213" HPOS="3036" VPOS="3289" WIDTH="35"/>
						<String ID="P22_ST00242" HPOS="3071" VPOS="3209" WIDTH="119" HEIGHT="66" CONTENT="mir" WC="0.97" CC="060"/>
					</TextLine>
					<TextLine ID="P22_TL00031" HPOS="982" VPOS="3300" WIDTH="661" HEIGHT="72">
						<String ID="P22_ST00243" HPOS="982" VPOS="3302" WIDTH="178" HEIGHT="70" CONTENT="nicht" WC="0.98" CC="55000"/>
						<SP ID="P22_SP00214" HPOS="1160" VPOS="3372" WIDTH="32"/>
						<String ID="P22_ST00244" HPOS="1192" VPOS="3300" WIDTH="451" HEIGHT="72" CONTENT="annehmen?“" WC="1.00" CC="0000000000"/>
					</TextLine>
					<TextLine ID="P22_TL00032" HPOS="1076" VPOS="3408" WIDTH="701" HEIGHT="82">
						<String ID="P22_ST00245" HPOS="1076" VPOS="3408" WIDTH="154" HEIGHT="82" CONTENT="„Ich" WC="0.99" CC="4100"/>
						<SP ID="P22_SP00215" HPOS="1230" VPOS="3490" WIDTH="34"/>
						<String ID="P22_ST00246" HPOS="1264" VPOS="3408" WIDTH="128" HEIGHT="72" CONTENT="will" WC="0.98" CC="0601"/>
						<SP ID="P22_SP00216" HPOS="1392" VPOS="3490" WIDTH="35"/>
						<String ID="P22_ST00247" HPOS="1427" VPOS="3438" WIDTH="63" HEIGHT="39" CONTENT="es" WC="1.00" CC="00"/>
						<SP ID="P22_SP00217" HPOS="1490" VPOS="3490" WIDTH="38"/>
						<String ID="P22_ST00248" HPOS="1528" VPOS="3408" WIDTH="249" HEIGHT="70" CONTENT="nicht!“" WC="0.99" CC="0700020"/>
					</TextLine>
					<TextLine ID="P22_TL00033" HPOS="1074" VPOS="3513" WIDTH="2115" HEIGHT="87">
						<String ID="P22_ST00249" HPOS="1074" VPOS="3515" WIDTH="160" HEIGHT="71" CONTENT="Eine" WC="0.99" CC="0600"/>
						<SP ID="P22_SP00218" HPOS="1234" VPOS="3586" WIDTH="34"/>
						<String ID="P22_ST00250" HPOS="1268" VPOS="3515" WIDTH="414" HEIGHT="71" CONTENT="bedrohliche" WC="1.00" CC="70000034000"/>
						<SP ID="P22_SP00219" HPOS="1682" VPOS="3586" WIDTH="27"/>
						<String ID="P22_ST00251" HPOS="1709" VPOS="3515" WIDTH="202" HEIGHT="71" CONTENT="Pause" WC="0.99" CC="01200"/>
						<SP ID="P22_SP00220" HPOS="1911" VPOS="3586" WIDTH="35"/>
						<String ID="P22_ST00252" HPOS="1946" VPOS="3518" WIDTH="99" HEIGHT="82" CONTENT="lag" WC="1.00" CC="000"/>
						<SP ID="P22_SP00221" HPOS="2045" VPOS="3600" WIDTH="33"/>
						<String ID="P22_ST00253" HPOS="2078" VPOS="3516" WIDTH="159" HEIGHT="69" CONTENT="über" WC="0.98" CC="0700"/>
						<SP ID="P22_SP00222" HPOS="2237" VPOS="3600" WIDTH="34"/>
						<String ID="P22_ST00254" HPOS="2271" VPOS="3516" WIDTH="148" HEIGHT="69" CONTENT="dem" WC="1.00" CC="000"/>
						<SP ID="P22_SP00223" HPOS="2419" VPOS="3600" WIDTH="30"/>
						<String ID="P22_ST00255" HPOS="2449" VPOS="3515" WIDTH="165" HEIGHT="69" CONTENT="Saal." WC="0.98" CC="00433"/>
						<SP ID="P22_SP00224" HPOS="2614" VPOS="3600" WIDTH="36"/>
						<String ID="P22_ST00256" HPOS="2650" VPOS="3513" WIDTH="348" HEIGHT="71" CONTENT="Wladislav" WC="0.82" CC="030060500"/>
						<SP ID="P22_SP00225" HPOS="2998" VPOS="3600" WIDTH="25"/>
						<String ID="P22_ST00257" HPOS="3023" VPOS="3516" WIDTH="166" HEIGHT="77" CONTENT="sitzt," WC="0.99" CC="060000"/>
					</TextLine>
					<TextLine ID="P22_TL00034" HPOS="981" VPOS="3605" WIDTH="2207" HEIGHT="85">
						<String ID="P22_ST00258" HPOS="981" VPOS="3609" WIDTH="170" HEIGHT="71" CONTENT="ohne" WC="0.98" CC="0710"/>
						<SP ID="P22_SP00226" HPOS="1151" VPOS="3680" WIDTH="18"/>
						<String ID="P22_ST00259" HPOS="1169" VPOS="3609" WIDTH="136" HEIGHT="70" CONTENT="sich" WC="0.96" CC="0637"/>
						<SP ID="P22_SP00227" HPOS="1305" VPOS="3680" WIDTH="24"/>
						<String ID="P22_ST00260" HPOS="1329" VPOS="3640" WIDTH="79" HEIGHT="39" CONTENT="zu" WC="0.79" CC="04"/>
						<SP ID="P22_SP00228" HPOS="1408" VPOS="3680" WIDTH="21"/>
						<String ID="P22_ST00261" HPOS="1429" VPOS="3607" WIDTH="258" HEIGHT="81" CONTENT="rühren," WC="1.00" CC="2000060"/>
						<SP ID="P22_SP00229" HPOS="1687" VPOS="3688" WIDTH="29"/>
						<String ID="P22_ST00262" HPOS="1716" VPOS="3610" WIDTH="323" HEIGHT="69" CONTENT="verbissen" WC="0.99" CC="000760000"/>
						<SP ID="P22_SP00230" HPOS="2039" VPOS="3688" WIDTH="26"/>
						<String ID="P22_ST00263" HPOS="2065" VPOS="3609" WIDTH="105" HEIGHT="70" CONTENT="da." WC="0.98" CC="004"/>
						<SP ID="P22_SP00231" HPOS="2170" VPOS="3688" WIDTH="34"/>
						<String ID="P22_ST00264" HPOS="2204" VPOS="3608" WIDTH="189" HEIGHT="71" CONTENT="Doch" WC="0.98" CC="1107"/>
						<SP ID="P22_SP00232" HPOS="2393" VPOS="3688" WIDTH="28"/>
						<String ID="P22_ST00265" HPOS="2421" VPOS="3605" WIDTH="276" HEIGHT="80" CONTENT="endlich," WC="1.00" CC="00007000"/>
						<SP ID="P22_SP00233" HPOS="2697" VPOS="3688" WIDTH="30"/>
						<String ID="P22_ST00266" HPOS="2727" VPOS="3605" WIDTH="161" HEIGHT="70" CONTENT="nach" WC="1.00" CC="0000"/>
						<SP ID="P22_SP00234" HPOS="2888" VPOS="3688" WIDTH="28"/>
						<String ID="P22_ST00267" HPOS="2916" VPOS="3608" WIDTH="272" HEIGHT="82" CONTENT="einigem" WC="0.99" CC="0616000"/>
					</TextLine>
					<TextLine ID="P22_TL00035" HPOS="981" VPOS="3698" WIDTH="2209" HEIGHT="85">
						<String ID="P22_ST00268" HPOS="981" VPOS="3700" WIDTH="320" HEIGHT="83" CONTENT="Zaudern," WC="1.00" CC="00000102"/>
						<SP ID="P22_SP00235" HPOS="1301" VPOS="3783" WIDTH="22"/>
						<String ID="P22_ST00269" HPOS="1323" VPOS="3702" WIDTH="171" HEIGHT="68" CONTENT="dann" WC="0.97" CC="0344"/>
						<SP ID="P22_SP00236" HPOS="1494" VPOS="3783" WIDTH="22"/>
						<String ID="P22_ST00270" HPOS="1516" VPOS="3699" WIDTH="242" HEIGHT="71" CONTENT="schwer" WC="1.00" CC="000000"/>
						<SP ID="P22_SP00237" HPOS="1758" VPOS="3783" WIDTH="18"/>
						<String ID="P22_ST00271" HPOS="1776" VPOS="3702" WIDTH="136" HEIGHT="70" CONTENT="sich" WC="0.99" CC="0600"/>
						<SP ID="P22_SP00238" HPOS="1912" VPOS="3783" WIDTH="21"/>
						<String ID="P22_ST00272" HPOS="1933" VPOS="3700" WIDTH="486" HEIGHT="72" CONTENT="entschließend" WC="1.00" CC="0000003600040"/>
						<SP ID="P22_SP00239" HPOS="2419" VPOS="3783" WIDTH="26"/>
						<String ID="P22_ST00273" HPOS="2445" VPOS="3698" WIDTH="222" HEIGHT="70" CONTENT="erhebt" WC="0.99" CC="030070"/>
						<SP ID="P22_SP00240" HPOS="2667" VPOS="3783" WIDTH="28"/>
						<String ID="P22_ST00274" HPOS="2695" VPOS="3726" WIDTH="66" HEIGHT="42" CONTENT="er" WC="0.69" CC="06"/>
						<SP ID="P22_SP00241" HPOS="2761" VPOS="3783" WIDTH="25"/>
						<String ID="P22_ST00275" HPOS="2786" VPOS="3699" WIDTH="105" HEIGHT="69" CONTENT="die" WC="0.97" CC="060"/>
						<SP ID="P22_SP00242" HPOS="2891" VPOS="3783" WIDTH="27"/>
						<String ID="P22_ST00276" HPOS="2918" VPOS="3699" WIDTH="272" HEIGHT="70" CONTENT="Stimme" WC="1.00" CC="005000"/>
					</TextLine>
					<TextLine ID="P22_TL00036" HPOS="981" VPOS="3789" WIDTH="2207" HEIGHT="85">
						<String ID="P22_ST00277" HPOS="981" VPOS="3794" WIDTH="159" HEIGHT="80" CONTENT="und," WC="0.99" CC="6000"/>
						<SP ID="P22_SP00243" HPOS="1140" VPOS="3874" WIDTH="47"/>
						<String ID="P22_ST00278" HPOS="1187" VPOS="3794" WIDTH="89" HEIGHT="70" CONTENT="als" WC="0.99" CC="030"/>
						<SP ID="P22_SP00244" HPOS="1276" VPOS="3874" WIDTH="49"/>
						<String ID="P22_ST00279" HPOS="1325" VPOS="3807" WIDTH="164" HEIGHT="57" CONTENT="wäre" WC="1.00" CC="0000"/>
						<SP ID="P22_SP00245" HPOS="1489" VPOS="3874" WIDTH="44"/>
						<String ID="P22_ST00280" HPOS="1533" VPOS="3824" WIDTH="64" HEIGHT="39" CONTENT="es" WC="1.00" CC="00"/>
						<SP ID="P22_SP00246" HPOS="1597" VPOS="3874" WIDTH="34"/>
						<String ID="P22_ST00281" HPOS="1631" VPOS="3792" WIDTH="297" HEIGHT="71" CONTENT="Vorwurf" WC="1.00" CC="0000006"/>
						<SP ID="P22_SP00247" HPOS="1928" VPOS="3874" WIDTH="32"/>
						<String ID="P22_ST00282" HPOS="1960" VPOS="3793" WIDTH="136" HEIGHT="69" CONTENT="und" WC="0.99" CC="020"/>
						<SP ID="P22_SP00248" HPOS="2096" VPOS="3874" WIDTH="34"/>
						<String ID="P22_ST00283" HPOS="2130" VPOS="3792" WIDTH="319" HEIGHT="82" CONTENT="Drohung" WC="0.99" CC="0007106"/>
						<SP ID="P22_SP00249" HPOS="2449" VPOS="3874" WIDTH="46"/>
						<String ID="P22_ST00284" HPOS="2495" VPOS="3789" WIDTH="311" HEIGHT="85" CONTENT="zugleich," WC="0.99" CC="030006004"/>
						<SP ID="P22_SP00250" HPOS="2806" VPOS="3874" WIDTH="48"/>
						<String ID="P22_ST00285" HPOS="2854" VPOS="3810" WIDTH="137" HEIGHT="64" CONTENT="sagt" WC="1.00" CC="0000"/>
						<SP ID="P22_SP00251" HPOS="2991" VPOS="3874" WIDTH="35"/>
						<String ID="P22_ST00286" HPOS="3026" VPOS="3820" WIDTH="67" HEIGHT="42" CONTENT="er" WC="0.73" CC="05"/>
						<SP ID="P22_SP00252" HPOS="3093" VPOS="3874" WIDTH="33"/>
						<String ID="P22_ST00287" HPOS="3126" VPOS="3793" WIDTH="62" HEIGHT="68" CONTENT="in" WC="0.30" CC="76"/>
					</TextLine>
					<TextLine ID="P22_TL00037" HPOS="982" VPOS="3882" WIDTH="2208" HEIGHT="82">
						<String ID="P22_ST00288" HPOS="982" VPOS="3887" WIDTH="219" HEIGHT="69" CONTENT="bösem" WC="0.98" CC="74000"/>
						<SP ID="P22_SP00253" HPOS="1201" VPOS="3956" WIDTH="45"/>
						<String ID="P22_ST00289" HPOS="1246" VPOS="3885" WIDTH="217" HEIGHT="71" CONTENT="Tone:" WC="0.99" CC="00004"/>
						<SP ID="P22_SP00254" HPOS="1463" VPOS="3956" WIDTH="70"/>
						<String ID="P22_ST00290" HPOS="1533" VPOS="3883" WIDTH="201" HEIGHT="81" CONTENT="„Und" WC="0.99" CC="3200"/>
						<SP ID="P22_SP00255" HPOS="1734" VPOS="3964" WIDTH="46"/>
						<String ID="P22_ST00291" HPOS="1780" VPOS="3913" WIDTH="123" HEIGHT="41" CONTENT="wer" WC="0.98" CC="004"/>
						<SP ID="P22_SP00256" HPOS="1903" VPOS="3964" WIDTH="47"/>
						<String ID="P22_ST00292" HPOS="1950" VPOS="3885" WIDTH="240" HEIGHT="77" CONTENT="würde," WC="1.00" CC="000003"/>
						<SP ID="P22_SP00257" HPOS="2190" VPOS="3964" WIDTH="48"/>
						<String ID="P22_ST00293" HPOS="2238" VPOS="3911" WIDTH="126" HEIGHT="42" CONTENT="wer" WC="1.00" CC="000"/>
						<SP ID="P22_SP00258" HPOS="2364" VPOS="3964" WIDTH="47"/>
						<String ID="P22_ST00294" HPOS="2411" VPOS="3882" WIDTH="217" HEIGHT="71" CONTENT="würde" WC="1.00" CC="00100"/>
						<SP ID="P22_SP00259" HPOS="2628" VPOS="3964" WIDTH="47"/>
						<String ID="P22_ST00295" HPOS="2675" VPOS="3882" WIDTH="108" HEIGHT="70" CONTENT="Sie" WC="0.98" CC="060"/>
						<SP ID="P22_SP00260" HPOS="2783" VPOS="3964" WIDTH="47"/>
						<String ID="P22_ST00296" HPOS="2830" VPOS="3883" WIDTH="360" HEIGHT="70" CONTENT="bedienen?" WC="1.00" CC="000401020"/>
					</TextLine>
				</TextBlock>
			</PrintSpace>
		</Page>
	</Layout>
</alto>
