3562 4572
1106 433 104 62 138

1821 439 147 54 Paul
1987 440 266 68 Kornfeld
2293 458 21 24 ♦
2354 440 237 70 Legende

1095 636 335 84 geschickt.
1476 636 337 71 Wladislav
1843 655 121 52 trat
1997 639 123 78 ein,
2157 639 133 69 und
2323 642 313 82 traurigen
2667 637 216 74 Tones
2919 640 245 85 begann
3199 641 111 70 der

1098 726 160 73 Graf
1293 759 79 40 zu
1404 730 335 84 sprechen:

1190 820 445 79 „Wladislav“,
1669 838 173 67 sagte
1872 849 88 51 er,
1999 820 131 80 „du
2154 823 189 71 weißt
2375 855 85 49 es,
2495 823 124 71 daß
2652 823 99 70 ich
2785 824 98 70 dir
2916 827 228 67 immer
3174 844 131 65 gut,

1095 912 179 70 mehr
1307 912 86 68 als
1427 912 142 70 das:
1603 912 123 70 daß
1757 912 100 71 ich
1879 912 99 72 dir
2004 914 224 71 immer
2256 915 251 70 Freund
2533 941 148 44 war.
2722 914 183 71 Wohl
2942 917 232 70 konnte
3207 915 100 72 ich

1094 1004 183 70 deine
1310 1003 264 71 Dienste
1606 1035 90 49 so,
1731 1007 116 68 wie
1872 1035 64 40 es
1970 1007 252 82 gerecht
2246 1036 280 55 gewesen
2550 1021 183 65 wäre,
2770 1008 175 70 nicht
2971 1008 334 80 belohnen,

1092 1095 164 69 doch
1291 1125 64 41 es
1388 1125 79 39 zu
1501 1114 135 61 tun,
1672 1124 125 43 war
1830 1097 225 71 immer
2086 1100 167 69 mein
2271 1100 301 80 Wunsch,
2606 1098 134 70 und
2774 1098 99 71 ich
2907 1100 163 69 habe
3100 1119 205 64 getan,

1094 1216 120 41 was
1250 1189 63 68 in
1348 1189 247 71 meinen
1632 1187 263 73 Kräften
1929 1190 202 70 stand.
2197 1190 155 72 Nun
2397 1192 146 70 aber
2587 1191 164 71 steht
2792 1192 205 70 nichts
3031 1192 180 71 mehr
3240 1195 65 67 in

1092 1281 251 70 meinen
1377 1277 265 74 Kräften
1790 1281 100 71 ich
1926 1281 109 71 bin
2067 1289 163 65 arm!
2298 1285 131 70 Das
2476 1282 295 87 Unglück
2817 1284 106 71 hat
2963 1285 169 70 mich
3168 1314 103 42 ver-

1092 1370 178 85 folgt,
1305 1373 135 68 und
1471 1371 104 70 ich
1609 1373 234 71 besitze
1876 1375 203 70 nichts
2106 1375 179 71 mehr
2316 1378 87 68 als
2436 1376 202 70 dieses
2679 1376 175 69 Haus
3003 1403 124 43 wer
3158 1378 148 71 aber

1092 1463 194 71 kanns
1335 1464 314 72 brauchen
1697 1468 291 68 inmitten
2017 1496 123 40 von
2164 1467 310 72 fremdem
2501 1468 184 70 Land
2702 1474 30 64 ?
2886 1468 143 71 Was
3057 1469 113 70 soll
3203 1470 103 70 ich

1089 1561 162 64 tun?
1287 1554 136 71 Wie
1456 1556 113 69 soll
1607 1557 99 70 ich
1741 1557 227 72 leben?
1999 1558 162 80 Ach,
2196 1559 117 70 hilf
2342 1562 140 77 mir,
2507 1558 369 72 Wladislav!
2921 1559 110 71 Ich
3065 1559 239 80 müßte,

1090 1677 182 40 wenn
1317 1647 89 70 du
1451 1651 120 67 mir
1616 1650 174 71 nicht
1833 1650 195 81 hilfst,
2075 1652 397 84 verhungern
2517 1653 153 70 oder
2716 1679 105 58 gar
2855 1653 271 70 stehlen!
3196 1653 108 70 Du

1091 1740 122 70 bist
1260 1740 168 71 reich
1602 1741 264 72 beweise
1908 1745 120 68 mir
2070 1744 186 69 deine
2304 1744 479 80 Freundschaft,
2846 1744 118 71 hilf
3008 1747 120 68 mir
3173 1746 134 71 und

1089 1834 199 68 nimm
1321 1834 191 78 mich,
1547 1835 200 70 nimm
1781 1835 169 71 mich
1984 1835 88 70 als
2107 1836 226 70 deinen
2369 1836 239 71 Diener
2641 1836 184 70 auf!“

1183 1923 134 71 Der
1352 1924 161 72 Graf
1559 1925 160 85 legte
1768 1925 247 73 bittend
2063 1928 103 70 die
2199 1926 227 74 Hände
2459 1929 363 71 ineinander
2873 1930 135 70 und
3047 1929 258 71 schaute

1090 2017 283 83 demütig
1406 2047 79 39 zu
1518 2017 338 72 Wladislav
1888 2018 129 72 auf.
2084 2019 131 71 Der
2265 2019 170 72 hatte
2465 2020 122 70 den
2625 2019 179 86 Kopf
2835 2020 277 73 erhoben
3145 2023 156 77 und,

1087 2109 116 69 seit
1254 2108 209 84 langer
1495 2108 137 72 Zeit
1681 2140 146 40 zum
1876 2111 353 80 erstenmal,
2280 2112 199 71 lachte
2528 2137 86 45 er.
2694 2112 309 86 Belustigt
3047 2114 258 70 schaute

1087 2227 68 42 er
1186 2201 64 68 in
1284 2201 108 70 des
1429 2199 239 73 Grafen
1694 2199 285 83 Gesicht,
2016 2205 63 68 in
2112 2205 115 68 der
2249 2203 392 85 Erwartung,
2676 2206 159 70 auch
2869 2206 142 70 dort
3046 2208 99 68 ein
3182 2206 82 71 La-

1087 2291 160 71 chen
1278 2321 81 40 zu
1392 2292 226 80 sehen;
1654 2295 162 70 doch
1851 2292 152 73 fand
2027 2323 66 42 er
2117 2323 122 42 nur
2266 2293 207 74 Ernst.
2506 2295 86 70 Er
2616 2297 331 70 versuchte
2980 2298 322 70 nochmals

1087 2413 79 39 zu
1202 2384 261 80 lächeln,
1512 2385 163 71 doch
1710 2386 165 70 ohne
1928 2385 123 71 daß
2086 2415 63 41 es
2185 2387 132 70 ihm
2351 2387 254 85 gelang;
2641 2417 66 40 er
2737 2390 219 70 wurde
2987 2391 311 84 verlegen,

1086 2476 169 70 denn
1289 2506 64 40 es
1399 2476 236 71 mißfiel
1686 2479 151 79 ihm,
1891 2480 237 79 diesen,
2177 2483 147 67 wies
2373 2480 130 70 ihm
2549 2481 236 79 schien,
2830 2483 471 71 unheimlichen

1086 2566 233 73 Scherz
1353 2598 79 40 zu
1466 2569 179 85 lange
1675 2572 491 82 auszuspinnen.
2234 2570 71 70 In
2355 2572 109 69 des
2509 2570 238 74 Grafen
2794 2570 240 88 Zügen,
3081 2575 107 69 die
3236 2603 69 42 er

1085 2659 437 87 mißbilligend
1550 2662 402 81 betrachtete,
1987 2663 256 71 änderte
2275 2663 133 71 sich
2444 2664 225 82 nichts,
2704 2666 131 69 und
2869 2693 68 42 er
2968 2667 337 71 schüttelte

1085 2770 301 62 erstaunt,
1447 2754 58 83 ja
1550 2754 270 84 besorgt,
1866 2753 122 71 den
2037 2753 179 85 Kopf
2257 2756 135 70 und
2441 2756 233 71 verließ
2718 2757 159 70 nach
2924 2760 170 69 einer
3136 2789 124 54 weg-

1084 2845 358 72 werfenden
1463 2846 559 86 Handbewegung,
2055 2847 447 73 unfreundlich
2538 2867 185 54 etwas
2751 2850 404 82 brummend,
3192 2852 109 70 das

1084 2935 299 73 Zimmer.
1446 2937 127 71 Am
1607 2937 405 87 Nachmittag
2044 2956 145 68 trug
2222 2967 86 53 er,
2352 2942 118 69 wie
2516 2968 64 43 er
2625 2972 64 40 es
2737 2944 277 70 zweimal
3071 2944 230 85 täglich

1084 3059 77 40 zu
1186 3048 116 52 tun
1331 3029 248 87 pflegte,
1613 3030 109 71 auf
1747 3034 204 70 einem
1976 3030 237 86 großen
2243 3033 174 69 Brett
2450 3034 102 71 die
2577 3034 363 81 Schüsseln,
2975 3040 115 67 mit
3118 3036 148 85 Spei-

1084 3152 111 39 sen
1231 3123 242 84 gefüllt,
1520 3152 114 42 zur
1678 3124 305 71 Mahlzeit
2026 3125 65 69 in
2142 3125 121 71 den
2299 3125 164 73 Saal.
2528 3125 86 71 Er
2647 3128 255 70 brachte
2933 3129 230 84 täglich
3198 3130 103 70 die

1085 3212 339 72 Schüsseln
1451 3214 108 71 auf
1583 3217 178 70 ihren
1787 3215 170 72 Platz
1993 3217 136 71 und
2167 3217 202 71 stellte
2392 3218 134 71 sich
2553 3219 192 70 selbst
2771 3221 168 69 dann
2973 3248 113 42 zur
3121 3221 142 69 rech-

1082 3323 107 52 ten
1225 3307 167 71 Seite
1425 3308 111 70 des
1561 3307 267 72 Tisches
1863 3309 209 73 hinter
2105 3311 123 70 den
2256 3311 209 80 Stuhl,
2512 3311 110 71 auf
2665 3313 145 70 dem
2855 3313 112 69 der
3013 3311 165 72 Graf
3222 3344 78 40 zu

1082 3400 196 69 sitzen
1312 3397 230 86 pflegte
1687 3402 259 71 diesmal
1979 3402 171 81 aber,
2199 3403 87 70 als
2322 3431 67 44 er
2422 3405 122 71 den
2581 3405 140 70 Saal
2754 3403 222 91 betrat,
3025 3435 126 42 war
3187 3407 114 69 der

1080 3490 199 71 Tisch
1315 3519 113 42 zur
1460 3491 304 72 Mahlzeit
1810 3494 197 71 schon
2042 3495 284 81 bereitet,
2373 3497 116 69 mit
2535 3496 266 84 Speisen
2851 3496 267 81 bestellt,
3166 3499 134 69 und

1081 3614 83 40 zu
1209 3585 204 70 seiner
1460 3584 208 71 linken
1703 3585 172 72 Seite
1918 3586 208 73 hinter
2159 3588 145 73 dem
2340 3589 208 80 Stuhl,
2594 3590 207 83 jenem
2849 3588 171 73 Platz
3066 3621 192 55 gegen-

1081 3676 178 82 über,
1293 3676 125 70 den
1452 3676 338 72 Wladislav
1823 3682 223 69 immer
2077 3683 485 84 eingenommen
2595 3680 189 82 hatte,
2820 3684 207 79 stand,
3072 3687 69 68 in
3189 3685 111 70 der

1084 3768 282 85 Haltung
1399 3770 109 70 des
1546 3769 291 81 Dieners,
1874 3772 171 71 Graf
2078 3773 348 71 Wratislav.

1174 3859 358 83 Wladislav,
1579 3864 62 68 in
1688 3861 111 72 der
1849 3862 139 72 Tür
2035 3866 373 79 erstarrend,
2458 3863 167 74 blieb
2657 3864 245 74 stehen.
2970 3867 133 71 Der
3138 3866 162 73 Graf
