3323 4572
1144 415 146 57 Paul
1314 411 262 68 Kornfeld
1613 430 21 24 ♦
1677 406 234 71 Legende

2520 396 99 59 143

423 633 106 70 die
558 630 261 83 Speisen
853 617 293 91 gebracht
1195 613 133 70 und
1360 626 317 70 gewartet.
1731 604 208 79 Doch,
1972 602 81 69 da
2081 597 339 72 Wladislav
2455 597 172 69 nicht

426 724 141 68 kam
600 717 134 74 und
779 743 65 43 er
890 711 157 71 auch
1079 705 233 78 wußte,
1343 701 126 73 daß
1517 702 203 69 dieser
1752 698 123 70 den
1907 692 137 72 Hof
2077 689 308 74 verlassen
2437 687 190 78 hatte,

425 834 144 64 trug
591 839 65 42 er
680 807 146 74 bald
845 805 103 71 die
962 796 339 76 Schüsseln
1314 795 229 71 wieder
1564 792 103 79 ab,
1698 792 147 84 ging
1864 814 110 44 vor
1992 786 115 70 das
2123 781 133 71 Tor
2279 779 111 72 des
2405 777 225 80 Hofes,

424 906 166 83 legte
621 903 133 71 sich
787 900 164 75 dort,
985 887 324 88 behaglich
1342 887 102 70 die
1465 885 263 71 Glieder
1759 879 293 78 reckend,
2086 879 64 67 in
2178 875 125 70 den
2336 872 252 73 Sonnen-

426 998 238 76 schein,
707 1021 110 42 um
851 989 196 71 seines
1083 983 206 71 Herrn
1324 975 366 75 Rückkunft
1723 1006 80 40 zu
1835 989 303 53 erwarten
2170 965 136 74 und
2339 993 93 52 so,
2452 964 182 69 käme

430 1115 84 52 er,
550 1084 198 84 gleich
779 1080 103 72 für
913 1079 219 70 dessen
1164 1072 372 82 Bedienung
1573 1094 114 44 zur
1715 1064 378 84 Verfügung
2123 1089 80 41 zu
2240 1059 156 70 sein.

519 1174 337 75 Wladislav
886 1171 140 68 kam
1063 1183 122 54 erst
1215 1193 104 40 am
1352 1159 233 71 Abend
1633 1157 256 72 zurück.
1948 1149 321 75 Während
2301 1145 331 74 Wratislav

426 1271 135 70 sich
585 1295 140 45 vors
749 1265 135 71 Tor
915 1262 181 83 legte,
1124 1256 184 72 stand
1333 1282 66 42 er
1423 1271 224 52 mitten
1681 1281 64 39 in
1780 1277 208 43 einem
2015 1244 155 71 Feld
2216 1243 136 70 und
2394 1239 237 79 schien,

430 1361 123 70 den
590 1356 178 85 Kopf
797 1352 258 87 gesenkt
1078 1348 136 70 und
1239 1348 114 70 mit
1375 1346 114 70 der
1516 1342 194 72 Hand
1732 1345 65 67 in
1826 1340 344 71 schwerem
2197 1331 433 73 Nachdenken

431 1453 158 71 über
633 1451 101 70 die
777 1447 213 70 Stirne
1033 1439 380 78 streichend,
1456 1465 125 42 von
1625 1436 207 70 einem
1877 1431 293 71 Problem
2216 1428 292 70 besessen
2554 1453 80 40 zu

433 1545 160 70 sein.
651 1541 85 69 Er
765 1540 169 70 hatte
969 1562 120 44 nur
1120 1534 240 81 wenige
1393 1529 293 71 Stunden
1724 1521 355 88 geschlafen
2114 1520 137 71 und
2283 1545 126 43 war
2441 1517 193 77 dann,

433 1634 166 70 noch
642 1628 454 85 unausgeruht,
1132 1623 293 77 erwacht,
1460 1619 202 71 sofort
1689 1616 133 71 sich
1859 1619 173 67 einer
2065 1613 199 83 Sorge
2295 1606 341 75 erinnernd

433 1726 136 69 und
599 1754 122 40 von
754 1750 206 42 einem
986 1715 346 73 Gedanken
1369 1710 332 78 bedrückt,
1736 1709 111 70 der
1882 1737 78 39 zu
1994 1705 182 70 Ende
2208 1700 266 87 gedacht
2502 1727 132 42 sein

438 1816 240 72 mußte.
713 1811 337 72 Grübelnd
1083 1809 204 70 betrat
1322 1834 66 41 er
1412 1804 123 71 den
1568 1801 133 71 Hof
1724 1801 137 69 und
1889 1798 171 71 blieb
2086 1795 242 72 stehen.
2364 1790 227 73 Manch-

440 1907 121 70 mal
594 1903 337 74 murmelte
961 1928 66 44 er
1059 1919 209 59 etwas,
1304 1897 137 70 und
1474 1925 125 39 von
1626 1893 139 70 Zeit
1792 1921 80 41 zu
1897 1889 138 72 Zeit
2063 1887 224 85 sprach
2312 1912 68 43 er
2415 1881 225 86 irgend

436 2002 101 68 ein
570 1999 199 76 Wort,
804 1995 168 71 ohne
1004 1991 125 72 daß
1162 2019 67 44 er
1259 2020 64 40 es
1359 1987 233 79 wußte,
1628 1986 131 69 laut
1792 2014 137 39 aus.
1973 1981 159 70 Man
2168 1980 259 76 konnte,
2462 1977 182 69 hörte

438 2119 143 45 man
610 2090 92 69 im
734 2085 434 84 Vorbeigehen
1215 2081 171 71 diese
1419 2079 241 78 Worte,
1712 2094 270 60 erraten,
2030 2071 126 71 daß
2202 2098 68 43 er
2312 2068 162 70 über
2513 2066 127 70 den

439 2180 236 71 Grafen
720 2179 134 70 und
899 2176 157 72 über
1107 2175 222 71 dessen
1364 2169 444 73 wunderbares
1840 2165 341 71 Verhalten
2218 2159 421 77 nachdachte;

438 2302 67 42 er
537 2272 213 71 schien
798 2269 178 71 nicht
1021 2270 86 68 im
1140 2267 212 69 klaren
1395 2293 79 41 zu
1521 2264 160 76 sein,
1728 2260 84 70 ob
1856 2259 135 70 dies
2042 2256 150 70 alles
2240 2255 104 69 ein
2381 2251 259 78 Scherz,

440 2364 82 70 ob
555 2394 63 39 es
654 2364 99 69 ein
790 2361 195 85 Spiel,
1031 2358 296 70 teuflisch
1374 2354 335 78 erfunden,
1757 2381 112 39 um
1916 2350 109 70 ihn
2074 2377 78 41 zu
2199 2345 254 85 quälen,
2488 2344 154 70 oder

440 2456 84 68 ob
558 2485 64 39 es
654 2453 344 71 Wahnsinn
1035 2451 109 70 des
1183 2448 239 71 Grafen
1459 2448 110 68 sei.
1623 2444 85 70 Er
1755 2442 189 71 stand
1986 2443 67 67 in
2104 2437 353 72 Gedanken
2504 2461 102 44 ver-

444 2546 239 70 sunken
731 2545 147 70 bald
922 2545 78 68 da
1045 2542 136 69 und
1228 2541 147 70 bald
1418 2538 168 79 dort,
1621 2533 414 83 schwerfällig
2068 2561 125 40 von
2227 2531 210 67 einem
2470 2526 172 71 Platz

445 2667 145 39 zum
614 2636 270 70 anderen
900 2632 419 79 schleichend,
1347 2634 229 66 immer
1599 2625 358 86 jemandem
1983 2626 88 66 im
2090 2622 192 81 Wege
2308 2617 135 71 und
2467 2617 175 71 nicht

448 2725 366 79 beachtend,
835 2754 123 41 was
979 2754 110 40 um
1108 2724 107 70 ihn
1234 2724 285 82 vorging.
1544 2719 142 70 Von
1706 2716 225 71 vielem
1950 2726 259 73 gestört,
2230 2742 124 39 von
2376 2709 266 83 Fragen,

449 2817 104 69 die
584 2847 77 38 an
684 2818 112 68 ihn
823 2817 301 82 gerichtet
1141 2842 228 51 waren,
1397 2842 124 41 von
1549 2808 310 78 Zurufen,
1887 2836 147 40 vom
2062 2805 192 69 Lärm
2279 2804 115 70 der
2419 2801 226 71 Arbeit

449 2907 135 68 und
617 2936 145 39 vom
796 2907 322 82 Gespräch
1168 2907 112 70 der
1324 2904 112 70 ihn
1479 2899 443 86 umgebenden
1954 2894 377 81 Menschen,
2381 2893 155 71 fand
2576 2921 69 43 er

453 2996 171 69 nicht
655 2996 104 69 die
784 2996 202 80 Ruhe,
1019 2997 102 70 die
1154 3025 67 42 er
1252 2997 105 70 für
1386 2996 172 68 seine
1590 2992 147 70 alles
1762 2988 277 80 Andere,
2066 2988 89 70 als
2184 2987 177 71 ihren
2390 2984 213 85 Gegen-

452 3087 184 71 stand
680 3088 411 82 vergessende
1132 3083 609 75 Nachdenklichkeit
1790 3111 80 40 zu
1916 3079 320 72 brauchen
2284 3079 251 78 schien;
2579 3106 70 43 er

452 3177 236 73 verließ
718 3178 124 70 den
880 3177 132 70 Hof
1054 3177 133 70 und
1221 3181 146 81 ging
1413 3180 95 67 ins
1546 3176 199 70 Freie.
1798 3173 165 69 Dort
1994 3173 186 70 stand
2221 3200 68 42 er
2334 3171 133 71 hier
2512 3171 137 71 und

452 3270 145 70 dort
630 3271 85 70 im
750 3267 188 71 Felde
971 3267 131 70 und
1135 3269 119 82 gab
1286 3267 133 71 sich
1452 3267 214 69 weiter
1705 3264 134 71 und
1872 3264 363 83 unablässig
2267 3266 205 69 seiner
2490 3262 120 70 Ver-

449 3360 377 72 sunkenheit
862 3359 133 71 hin.
1031 3358 293 81 Endlich,
1352 3360 88 69 als
1473 3385 90 53 er,
1597 3387 111 40 aus
1733 3358 146 71 dem
1907 3356 352 85 Gefängnis
2284 3358 206 69 seiner
2515 3352 90 73 Ge-

452 3453 244 70 danken
731 3449 245 83 befreit,
1012 3477 114 43 zur
1158 3449 367 84 Besinnung
1557 3449 307 71 erwachte
1897 3449 135 70 und
2063 3478 115 41 um
2203 3448 133 71 sich
2362 3448 133 78 sah,
2524 3473 127 43 war

452 3575 65 40 es
547 3543 255 71 Abend.
867 3542 85 71 Er
983 3553 218 74 spürte
1235 3540 229 72 wieder
1494 3540 134 73 sich
1666 3540 136 72 und
1832 3543 216 70 seinen
2085 3539 272 85 Körper,
2406 3538 136 71 und
2571 3538 82 71 da

452 3665 68 43 er
552 3638 268 83 hungrig
851 3662 147 52 war,
1035 3633 218 73 kehrte
1289 3661 68 43 er
1392 3661 113 43 um
1539 3633 134 70 und
1704 3634 248 72 wandte
1983 3634 134 72 sich
2154 3634 149 70 dem
2340 3631 172 71 Hofe
2549 3662 102 40 zu.

453 3730 110 68 Als
597 3755 68 45 er
693 3718 133 82 sich
862 3728 277 78 näherte,
1179 3726 97 81 lag
1301 3725 328 71 Wratislav
1667 3756 113 41 vor
1812 3728 147 69 dem
1992 3726 196 80 Tore,
2226 3726 165 71 doch
2419 3751 236 59 sprang

454 3846 88 53 er,
577 3819 224 72 sobald
833 3846 66 44 er
932 3817 339 73 Wladislav
1314 3817 262 71 erkannt
1620 3819 192 81 hatte,
1861 3819 205 84 hastig
2110 3848 149 42 vom
2292 3817 221 71 Boden
2546 3815 110 72 auf
