3383 4572
2573 377 116 59 239

1437 382 218 55 Glossen

413 614 182 56 mögen
622 602 72 54 sie
718 622 108 33 nun
851 597 148 57 ihren
1024 595 210 69 Anfang
1257 597 73 55 im
1357 595 164 59 Osten

412 680 123 58 oder
569 677 206 58 Westen
809 674 224 57 nehmen
1069 674 125 55 oder
1229 684 185 56 mögen
1448 675 73 55 sie

411 757 89 58 auf
535 757 169 56 einem
742 753 194 56 andern
980 750 127 68 Weg
1146 749 277 69 beginnen,
1464 776 57 31 so

412 834 124 57 wird
558 832 97 58 viel
675 832 166 55 davon
863 829 288 67 abhängen,
1174 830 95 54 wie
1291 830 118 55 weit
1429 830 92 55 wir

409 937 54 33 es
492 909 286 65 verstehen,
808 909 94 55 mit
930 906 93 58 der
1051 905 315 57 feindlichen
1396 906 94 68 Psy-

409 989 230 67 chologie
671 1011 64 33 zu
768 985 243 57 rechnen.
1063 984 158 56 Diese
1255 983 266 68 Fähigkeit

411 1070 63 55 ist
498 1068 80 56 ein
606 1063 289 59 Herzstück
917 1064 92 56 der
1034 1061 325 69 praktischen
1386 1063 107 56 Poli-

409 1144 91 57 tik.
541 1143 87 57 Sie
651 1144 64 55 ist
740 1166 53 31 es
817 1143 184 54 immer
1025 1163 251 44 gewesen,
1301 1139 123 56 aber
1447 1140 74 56 im

409 1220 238 59 Zeitalter
680 1221 91 55 der
808 1215 489 61 Kabinetts-Politik
1330 1239 103 35 war
1466 1240 53 34 es

408 1299 225 65 leichter,
661 1300 74 55 sie
761 1322 65 33 zu
854 1296 362 64 beherrschen,
1245 1294 74 57 als
1348 1295 171 57 heute.

411 1378 105 57 Vor
562 1376 120 56 dem
736 1374 188 68 Kriege
975 1374 109 56 und
1135 1373 243 55 während
1428 1373 91 55 des

412 1455 211 69 Krieges
666 1454 117 56 sind
825 1454 92 54 wir
958 1451 89 57 auf
1088 1451 196 57 diesem
1330 1450 191 57 Gebiet

409 1533 135 57 stark
587 1534 73 54 im
708 1529 376 58 Hintertreffen
1130 1552 232 45 gewesen
1409 1529 112 57 und

408 1610 165 56 haben
595 1608 98 58 viel
713 1609 178 56 Boden
912 1608 252 63 verloren,
1185 1606 93 57 der
1296 1605 192 57 andern-

407 1688 112 57 falls
547 1688 138 55 hätte
713 1686 279 69 behauptet
1020 1686 206 56 werden
1255 1682 262 59 können.“

475 1764 265 57 Hamilton
813 1762 126 69 Fyfe
1008 1762 226 58 schreibt
1303 1762 53 56 in
1428 1762 93 56 der

409 1841 191 69 „Daily
637 1841 164 57 Mail“
839 1866 121 32 vom
1001 1841 118 56 1.2.
1163 1840 82 56 17:

474 1919 136 66 „Am
653 1919 409 68 Samstagabend
1107 1917 123 69 (den
1277 1916 82 57 30.
1410 1916 72 57 De-

408 1996 226 69 zember)
681 1996 117 57 kam
845 1996 83 57 ich
976 2020 100 33 von
1126 1996 291 56 Rumänien
1465 1996 53 56 in

407 2075 274 68 Petrograd
710 2099 85 33 an.
845 2075 135 57 Statt
1010 2075 93 57 der
1131 2074 242 57 üblichen
1405 2071 114 58 Zeit

406 2178 100 32 von
536 2154 65 56 42
630 2152 239 59 Stunden
901 2154 138 56 hatte
1067 2152 84 56 ich
1180 2152 115 56 eine
1325 2151 194 57 Woche

406 2229 85 58 für
530 2231 85 56 die
660 2230 149 57 Reise
850 2230 300 67 gebraucht.
1213 2229 103 57 Die
1359 2231 133 55 russi-

408 2307 155 57 schen
630 2307 360 57 Eisenbahnen
1058 2306 253 57 bedürfen
1378 2309 141 54 einer

402 2386 340 66 gründlichen
797 2386 419 67 Reorganisation
1387 2386 131 64 „wie

406 2462 289 69 überhaupt
719 2464 121 55 alles
864 2465 52 54 in
944 2461 300 65 Rußland“,
1272 2476 138 54 sagte
1434 2464 83 54 ein

406 2538 219 59 Offizier
646 2541 170 56 bitter.
856 2538 229 66 „Aber“,
1105 2540 144 67 fügte
1268 2561 55 35 er
1343 2540 174 63 hinzu,

408 2620 127 62 „wir
585 2618 166 56 haben
802 2618 143 56 nicht
995 2618 85 56 die
1128 2617 235 64 Absicht,
1415 2617 102 56 den

403 2695 221 67 jetzigen
656 2693 231 58 Zustand
917 2719 102 32 von
1052 2695 307 67 Regierung,
1392 2695 126 54 oder

408 2772 173 56 besser
600 2796 99 32 von
719 2771 364 57 Abwesenheit
1103 2796 99 32 von
1226 2771 291 68 Regierung

408 2848 98 56 viel
530 2848 174 68 länger
727 2872 63 32 zu
815 2864 250 52 ertragen.
1107 2848 132 66 Jetzt
1263 2850 65 54 ist
1352 2872 53 31 es
1429 2871 59 45 ge-

409 2926 120 56 rade
547 2926 83 56 die
648 2925 205 64 Armee,
872 2927 82 55 die
972 2941 151 42 unter
1141 2927 121 55 dem
1281 2925 206 57 schreck-

408 3002 168 57 lichen
624 3002 210 67 Mangel
881 3027 64 32 an
991 3003 184 56 festem
1221 3002 295 67 Zugreifen,

411 3079 329 58 Voraussicht
761 3081 109 54 und
892 3081 284 66 gesundem
1201 3079 279 56 Menschen-

406 3158 256 62 verstand,
681 3157 93 56 der
790 3180 185 33 unsere
994 3157 196 56 Führer
1210 3157 276 56 kennzeich-

407 3250 105 49 net,
552 3234 172 64 leidet,
765 3234 109 56 und
914 3234 82 56 die
1034 3233 188 57 Armee
1262 3234 128 56 wird
1429 3233 90 57 auf

404 3300 352 79 Änderungen
793 3311 263 55 bestehen.
1112 3311 108 55 Der
1254 3309 99 57 Zar
1389 3311 128 55 muß

407 3389 82 56 die
531 3389 266 57 Wahrheit
837 3388 233 57 erfahren
1113 3389 108 56 und
1262 3411 91 34 zur
1391 3387 93 58 Ein-

407 3467 131 56 sicht
562 3467 222 56 darüber
808 3466 243 68 gebracht
1076 3467 224 63 werden,
1325 3466 192 55 welche

406 3543 280 58 Schwäche
732 3546 109 54 und
892 3543 333 67 Unfähigkeit
1272 3543 245 67 geduldet

407 3623 145 56 wird.
596 3623 88 56 Sie
709 3623 205 56 werden
942 3622 185 63 sehen;
1155 3622 182 67 irgend
1362 3637 154 42 etwas

411 3699 122 56 wird
564 3700 108 56 sich
707 3700 120 56 bald
859 3698 293 70 ereignen.“

477 3820 84 13 ...
582 3777 128 57 Eine
742 3778 150 56 halbe
924 3778 203 56 Stunde
1157 3777 131 56 nach
1323 3778 194 56 meiner

406 3850 232 61 Ankunft
658 3858 52 55 in
735 3855 274 69 Petrograd
1032 3857 146 56 hörte
1198 3855 83 58 ich
1307 3880 99 33 von
1424 3855 92 58 der

1569 595 330 68 Ermordung
1954 593 237 68 Gregory
2243 593 299 67 Rasputins,
2595 593 93 56 des

1570 674 297 56 sittenlosen
1898 670 245 64 Mönchs,
2171 670 184 56 dessen
2383 668 211 57 Einfluß
2620 693 65 32 an

1570 752 161 57 hoher
1757 750 159 57 Stelle
1941 750 83 56 ein
2053 772 57 33 so
2135 749 234 56 düsteres
2400 745 209 69 Kapitel
2633 748 54 54 in

1569 830 93 56 der
1695 829 290 57 russischen
2024 825 315 59 Geschichte
2373 824 93 56 der
2499 824 188 56 letzten

1569 906 118 58 fünf
1730 908 153 67 Jahre
1927 905 227 69 gebildet
2201 904 106 56 hat.
2374 901 89 58 Ich
2510 901 178 58 wurde

1569 985 165 57 durch
1763 985 150 56 einen
1946 984 248 56 Beamten
2224 983 75 54 im
2330 979 358 57 Ministerium

1569 1063 91 56 des
1701 1054 215 66 Äußern
1959 1059 358 71 telephonisch
2360 1059 170 57 davon
2573 1079 87 36 ver-

1569 1141 242 68 ständigt.
1857 1139 289 68 Allgemein
2175 1136 226 58 bekannt
2427 1134 180 58 wurde
2632 1158 56 33 es

1569 1218 165 57 durch
1751 1219 114 56 eine
1881 1219 125 55 zwei
2024 1216 175 56 Zeilen
2218 1215 148 67 lange
2386 1213 302 67 Mitteilung

1569 1296 52 55 in
1648 1296 141 56 einer
1811 1295 417 66 Abendzeitung,
2255 1294 85 56 die
2365 1290 203 58 einfach
2595 1290 62 57 be-

1569 1388 156 52 sagte,
1753 1373 102 57 daß
1883 1373 252 67 Rasputin
2163 1387 78 40 tot
2267 1373 92 54 sei.
2403 1369 83 57 An
2513 1370 174 66 jenem

1568 1450 189 58 Abend
1822 1451 110 56 und
1996 1475 85 32 am
2144 1450 248 56 nächsten
2462 1448 223 67 Morgen

1569 1529 183 67 sprach
1781 1529 159 67 jeder,
1970 1529 101 56 den
2101 1528 84 57 ich
2214 1526 118 65 traf,
2365 1528 93 54 mit
2486 1524 202 58 tiefster

1568 1605 368 69 Befriedigung
1996 1605 111 57 und
2170 1604 351 57 Dankbarkeit
2581 1627 104 33 von

1569 1684 121 56 dem
1705 1682 251 69 Ereignis.
1977 1682 57 56 In
2053 1682 100 56 den
2173 1680 480 68 Sonntag-Morgen-

1570 1761 219 56 blättern
1820 1760 152 57 stand
1999 1759 117 57 kein
2147 1759 145 57 Wort
2321 1757 239 65 darüber,
2589 1756 64 57 ob-

1569 1839 135 57 wohl
1731 1841 54 56 in
1814 1840 141 55 einer
1983 1837 240 68 Zeitung,
2252 1837 84 56 die
2366 1836 147 56 mehr
2540 1835 109 57 Cou-

1569 1940 118 46 rage
1731 1917 138 56 hatte
1913 1916 72 56 als
2030 1916 85 56 die
2158 1915 244 63 anderen,
2446 1915 54 54 in
2546 1915 142 54 einer

1570 1994 191 57 kurzen
1814 1992 304 68 Mitteilung
2166 1994 114 54 eine
2331 1990 357 57 verschleierte

1568 2071 322 69 Andeutung
1913 2071 233 56 erschien
2172 2114 85 13 ...
2284 2069 152 55 Noch
2464 2067 194 57 erschei-

1568 2175 100 32 nen
1693 2151 84 56 die
1800 2150 193 56 Blätter
2019 2164 92 40 mit
2135 2147 198 57 weißen
2359 2146 193 57 Stellen
2576 2146 112 56 und

1566 2243 165 41 tasten
1767 2226 203 69 zaghaft
2002 2250 66 33 an
2102 2226 102 56 den
2239 2225 209 67 Dingen
2485 2223 200 65 herum,

1568 2307 83 56 die
1691 2331 65 31 zu
1796 2307 122 55 dem
1958 2303 252 69 Ergebnis
2250 2302 208 70 geführt
2499 2301 186 65 haben,

1566 2383 103 56 daß
1702 2383 253 68 Rasputin
1988 2382 236 66 beseitigt
2255 2381 205 56 werden
2493 2389 194 47 müsse.

1565 2461 142 56 Aber
1738 2462 72 55 sie
1842 2484 152 43 sagen
2027 2481 187 46 genug,
2248 2483 91 31 um
2372 2458 83 56 die
2488 2456 195 57 Nation

1566 2540 168 56 davon
1780 2564 65 30 zu
1888 2538 343 65 überzeugen,
2274 2535 103 58 daß
2420 2536 84 55 die
2548 2535 102 64 „Be-

1566 2615 289 68 seitigung“
1892 2617 52 54 in
1978 2616 93 55 der
2102 2613 103 56 Tat
2237 2612 185 69 erfolgt
2454 2613 84 64 ist,
2572 2612 111 56 und

1565 2693 92 58 das
1676 2695 196 64 einzige
1893 2691 214 65 Gefühl,
2128 2691 90 56 das
2236 2691 83 56 ich
2339 2690 344 55 konstatieren

1565 2768 208 66 konnte,
1811 2772 67 53 ist
1913 2794 83 30 ein
2038 2767 196 57 Gefühl
2271 2768 93 56 der
2401 2766 254 57 Erleichte-

1565 2871 131 45 rung
1730 2848 111 56 und
1875 2847 93 56 der
2003 2846 219 57 Freude.

1634 2925 204 55 Gerade
1889 2923 131 56 eben
2074 2922 131 57 habe
2256 2922 84 57 ich
2397 2922 137 56 mich
2589 2922 94 56 mit

1564 3003 170 55 einem
1758 3002 170 56 hohen
1951 3001 247 56 Beamten
2220 2999 346 65 unterhalten,
2590 3001 94 56 der

1565 3079 78 56 bis
1674 3101 92 36 vor
1798 3081 231 64 wenigen
2063 3078 251 56 Monaten
2347 3078 133 56 allen
2515 3077 139 66 „libe-

1565 3156 173 57 ralen“
1785 3156 317 57 Tendenzen
2147 3156 335 57 entschieden
2525 3156 125 67 abge-

1565 3236 140 66 neigt
1738 3256 119 34 war.
1909 3234 90 56 Ich
2031 3236 236 54 entsinne
2302 3233 155 65 mich,
2491 3232 103 58 daß
2627 3256 56 34 er

1566 3313 97 53 mir
1714 3311 134 57 noch
1900 3313 74 55 im
2025 3312 103 66 Juli
2180 3311 326 64 versicherte,
2558 3309 123 59 alles

1565 3389 188 56 stünde
1780 3388 114 57 aufs
1923 3389 162 65 beste,
2116 3389 84 56 die
2229 3388 455 69 Reformparteiler

1565 3468 137 56 seien
1738 3467 164 57 Leute
1932 3468 137 56 ohne
2100 3467 324 67 Bedeutung,
2457 3467 83 57 die
2572 3466 72 58 Na-

1563 3546 108 54 tion
1691 3547 70 54 sei
1781 3547 94 53 mit
1892 3546 101 55 den
2012 3544 349 57 bestehenden
2379 3543 302 58 Zuständen

1564 3622 264 58 zufrieden
1851 3624 109 56 und
1979 3623 95 57 alle
2095 3623 409 67 Bestrebungen,
2524 3624 74 56 sie
2617 3647 66 33 zu

1563 3702 214 63 ändern,
1822 3700 214 58 müßten
2078 3700 370 69 fehlschlagen.
2509 3700 172 58 Heute

1564 3794 109 53 sagt
1691 3802 79 34 er:
1792 3780 125 64 „Ich
1938 3780 89 56 bin
2048 3779 117 57 sehr
2182 3779 118 57 froh
2318 3779 240 66 darüber,
2579 3779 104 57 daß

1564 3857 108 57 sich
1690 3858 165 56 dieses
1874 3857 231 69 Ereignis
2124 3873 306 53 zugetragen
2449 3858 104 66 hat,
2572 3859 111 56 und
