3317 4572
1146 358 149 53 Paul
1319 354 269 71 Kornfeld
1624 375 21 26 ♦
1683 359 241 66 Legende

2550 358 90 59 131

435 565 136 73 und
614 563 160 72 stolz
816 559 110 73 auf
966 558 104 71 die
1103 554 468 72 Vornehmheit
1620 558 209 70 seines
1864 555 239 83 Herrn,
2152 557 211 72 freute
2409 587 70 42 er
2512 562 137 70 sich

435 659 113 70 der
579 656 223 71 Pracht
834 651 135 71 und
1001 648 111 71 des
1145 646 399 74 Reichtums.

527 750 112 69 Als
672 748 111 70 der
816 743 238 71 Herbst
1088 739 274 84 begann,
1395 742 223 70 wurde
1651 762 193 52 unter
1876 743 231 71 vielem
2132 742 192 85 Jubel
2358 743 140 71 und
2531 747 119 70 mit

434 842 226 85 großer
693 833 403 77 Festlichkeit
1140 832 111 70 das
1300 861 165 42 neue
1501 832 179 73 Haus
1728 836 384 85 eingeweiht
2159 837 138 70 und
2334 836 117 72 der
2488 836 164 72 Graf

437 929 551 89 beglückwünscht
1021 924 134 71 und
1188 922 290 87 gefeiert.
1514 925 337 75 Nachdem
1888 958 150 42 man
2067 931 209 84 einige
2301 929 179 85 Tage
2509 933 139 69 und

434 1025 245 70 Nächte
696 1049 297 58 gegessen
1014 1016 135 71 und
1174 1018 384 82 getrunken,
1585 1020 171 71 dann
1784 1023 211 84 einige
2018 1019 183 88 Tage
2227 1023 139 70 und
2391 1021 257 73 Nächte

430 1115 356 85 geschlafen
824 1114 192 78 hatte,
1056 1110 136 70 und
1221 1110 91 69 als
1346 1110 107 70 die
1486 1112 254 73 Freude
1771 1114 366 73 allmählich
2171 1143 116 44 zur
2315 1114 283 75 Gewohn-

432 1208 132 70 heit
595 1207 332 85 geworden
961 1230 125 45 war
1119 1203 136 70 und
1290 1232 135 41 nun
1459 1204 166 70 auch
1660 1206 329 83 früheren,
2032 1208 244 71 älteren
2314 1208 284 74 Gewohn-

429 1297 212 72 heiten
677 1298 203 71 Raum
914 1325 78 42 zu
1020 1296 203 68 lassen
1255 1293 273 85 begann,
1557 1316 125 52 trat
1709 1301 376 81 wiederum,
2113 1300 166 73 wohl
2307 1302 101 72 ein
2437 1305 208 83 wenig

428 1391 352 80 verändert,
813 1390 113 70 der
960 1387 256 71 frühere
1249 1386 215 88 Alltag
1500 1391 127 70 ein.

1510 1548 37 39 *

515 1664 160 72 Graf
703 1665 322 71 Wratislav
1056 1665 445 87 durchquerte,
1535 1669 118 69 seit
1685 1669 213 85 langer
1929 1669 141 73 Zeit
2102 1703 147 42 zum
2283 1677 357 81 erstenmal,

421 1759 129 68 sein
584 1757 199 81 Land,
829 1758 132 69 und
1003 1758 80 70 da
1124 1759 133 71 sich
1299 1762 173 67 seine
1505 1757 351 75 Gedanken
1890 1764 231 70 wieder
2149 1766 113 69 der
2292 1767 351 88 Bebauung

419 1849 132 69 und
573 1847 205 86 Pflege
799 1852 202 67 seiner
1022 1849 224 72 Felder
1263 1852 395 83 zuwandten,
1682 1853 141 71 kam
1848 1856 132 70 ihm
2003 1857 191 71 deren
2216 1857 427 90 Verwüstung

419 1969 142 40 zum
595 1941 395 71 Bewußtsein
1035 1943 134 70 und
1210 1943 248 73 erfüllte
1487 1946 131 80 ihn,
1657 1949 64 68 in
1755 1946 401 89 Erinnerung
2185 1980 80 41 an
2297 1952 104 70 die
2433 1952 206 83 Blüte,

419 2034 62 67 in
515 2032 110 70 der
668 2035 89 68 sie
799 2035 340 82 gestanden
1177 2036 213 71 hatten
1425 2039 136 70 und
1592 2040 234 70 wieder
1854 2041 187 73 Blüte
2071 2045 135 70 und
2244 2045 250 71 reichen
2523 2045 78 71 Er-

416 2143 134 66 trag
589 2124 86 71 als
715 2123 133 73 Ziel
887 2154 114 43 vor
1044 2128 155 81 sich,
1244 2131 118 69 mit
1397 2129 264 74 Trailer.
1728 2131 87 72 Er
1858 2135 112 71 sah
2009 2166 112 40 um
2169 2138 135 71 sich
2349 2139 136 70 und
2528 2140 111 71 sah

414 2216 348 72 manchmal
787 2219 329 72 verfaultes
1141 2220 214 83 Stroh,
1380 2224 125 70 den
1529 2223 343 74 Erdboden
1901 2228 385 81 bedeckend,
2314 2251 176 51 sonst
2519 2261 122 43 nur

415 2308 64 69 in
512 2307 121 72 den
675 2340 78 39 zu
790 2312 334 71 trockenen
1159 2313 325 88 Klumpen
1514 2318 393 72 verhärteten
1939 2319 297 74 Schollen
2271 2323 104 70 die
2409 2323 230 74 Halme

415 2399 107 70 des
550 2402 384 86 vorjährigen
969 2404 330 74 Getreides
1341 2410 154 69 oder
1536 2412 312 71 zwischen
1893 2413 124 70 den
2056 2415 147 69 halb
2232 2417 362 71 verschwun-

416 2491 198 72 denen
649 2495 283 72 Furchen
965 2497 110 73 des
1107 2497 249 89 Pfluges
1392 2502 419 74 Feldblumen
1845 2507 135 70 und
2010 2506 315 74 Unkraut.
2399 2510 71 71 In
2499 2509 90 73 Ge-

419 2582 258 83 danken,
721 2589 116 68 wie
875 2589 151 80 hier,
1063 2620 125 42 was
1227 2595 483 86 vernachlässigt
1754 2599 255 68 worden
2056 2627 147 53 war,
2245 2600 233 72 wieder
2521 2623 114 66 gut

421 2676 276 79 gemacht
720 2681 245 70 werden
998 2681 254 85 könnte,
1281 2686 201 73 betrat
1507 2718 66 41 er
1597 2689 365 72 Wladislavs
1987 2690 348 74 Besitztum
2361 2697 136 69 und
2518 2698 114 70 sah

420 2765 113 67 mit
574 2794 105 42 um
720 2799 68 40 so
830 2774 287 81 größerer
1149 2777 412 88 Bestürzung,
1608 2782 125 69 daß
1776 2783 160 70 auch
1981 2783 202 72 dieses
2218 2785 205 83 Land,
2465 2789 169 71 ohne

420 2853 233 73 Frucht
683 2860 131 70 und
844 2863 200 84 Blüte,
1079 2871 137 69 eine
1247 2869 245 74 Einöde
1521 2901 148 43 war.
1735 2873 156 71 Hier
1930 2877 120 70 wie
2094 2877 143 71 dort
2279 2879 172 70 hatte
2483 2912 111 41 son-

418 2947 170 84 niges
631 2947 232 75 Wetter
905 2959 131 69 und
1079 2959 214 88 Regen
1337 2966 343 84 vergebens
1732 2967 287 84 gewaltet
2063 2971 136 70 und
2243 2973 238 70 sinnlos
2528 2976 104 71 die

414 3039 167 70 Erde
613 3041 208 73 beides
849 3076 318 54 genossen.
1215 3056 84 72 Er
1324 3084 145 55 war,
1496 3060 308 70 zwischen
1830 3064 216 68 seinen
2071 3066 262 83 eigenen
2361 3065 270 76 Feldern

414 3130 282 83 stehend,
744 3136 159 72 nahe
942 3140 188 76 daran
1176 3179 302 53 gewesen,
1521 3154 65 67 in
1619 3150 257 74 Tränen
1920 3156 498 83 auszubrechen,
2458 3161 172 73 denn

411 3249 64 41 es
518 3224 212 71 schien
774 3227 152 82 ihm,
970 3232 86 72 als
1088 3252 160 59 wäre
1291 3243 259 71 niemals
1597 3245 101 69 ein
1731 3244 198 72 Stück
1963 3246 186 74 Land
2193 3252 221 83 irgend
2460 3257 170 69 eines

409 3316 349 73 Menschen
783 3320 207 75 Besitz
1021 3330 132 70 und
1187 3334 224 71 dessen
1437 3335 350 88 Bebauung
1817 3340 177 73 nicht
2029 3372 123 42 nur
2183 3347 173 68 seine
2381 3346 249 73 Freude

406 3409 151 67 oder
588 3412 131 69 sein
752 3412 213 85 Beruf,
1001 3448 63 41 es
1096 3423 211 74 schien
1342 3428 155 80 ihm,
1533 3429 89 71 als
1657 3443 184 71 wäre,
1876 3434 111 72 das
2023 3434 184 74 Land
2241 3466 78 42 zu
2356 3438 268 87 pflegen,

405 3507 221 63 Jrnicht
665 3507 132 67 und
838 3536 63 39 es
940 3511 175 71 nicht
1147 3544 77 42 zu
1258 3517 268 88 pflegen,
1563 3523 140 70 eine
1735 3522 251 86 Sünde;
2034 3560 132 40 nun
2201 3532 219 70 wurde
2448 3536 179 69 seine

419 3600 25 57 1
466 3619 178 44 rauer
675 3600 163 68 noch
862 3600 201 74 durch
1087 3605 109 73 das
1224 3608 239 74 Gefühl
1492 3612 113 73 der
1632 3615 241 75 Schuld
1901 3652 198 54 gegen
2121 3621 341 76 Wladislav
2484 3655 106 42 ver-

401 3688 138 66 tieft
562 3688 132 72 und
713 3688 204 75 durch
942 3695 103 71 die
1070 3696 164 84 Qual
1258 3702 113 72 der
1398 3702 215 91 Frage,
1638 3711 112 71 auf
1766 3714 239 72 welche
2029 3715 120 71 Art
2170 3716 114 70 der
2306 3715 315 86 Schaden,

447 3786 152 62 urch
650 3786 108 68 ihn
807 3789 404 86 angerichtet,
1256 3795 160 72 auch
1462 3800 201 75 durch
1717 3804 110 74 ihn
1883 3809 441 85 ausgeglichen
2370 3814 254 73 werden
