3548 4572
1088 427 105 63 186

1655 431 91 54 Fr.
1779 430 165 55 Mark
2039 430 107 52 Die

1081 629 222 81 falsch,
1355 661 111 39 um
1523 659 70 41 so
1642 628 369 72 schlimmer
2060 626 104 71 für
2213 628 124 69 den
2393 625 223 86 Erfolg
2663 629 204 67 seines
2929 624 352 81 Handelns,

1082 723 414 85 gleichgültig
1529 720 103 71 für
1664 722 126 69 den
1824 719 177 71 Wert
2031 722 203 68 seines
2282 739 194 65 guten
2510 719 287 71 Willens.
2846 717 111 71 Ich
2994 717 111 71 bin
3140 715 145 73 sehr

1081 818 146 67 weit
1274 814 280 71 entfernt
1602 814 231 78 davon,
1893 810 174 72 Prof.
2117 810 243 73 Wundt
2409 813 138 70 und
2604 809 317 80 Sambert,
2980 810 138 70 und
3169 812 117 68 wie

1081 936 227 42 unsere
1343 904 631 87 Kriegsprofessoren
2020 904 119 70 alle
2185 903 250 81 heißen,
2483 903 226 71 höchst
2752 901 308 72 sittliches
3105 899 135 74 Han-

1081 1001 150 69 deln
1263 997 501 85 abzusprechen.
1816 996 111 70 Ich
1961 996 164 71 weiß
2157 997 199 80 nicht,
2389 997 87 70 ob
2509 1000 90 68 sie
2633 993 287 73 wirklich
2948 992 163 74 nach
3138 993 147 71 dem

1082 1090 162 71 Maß
1289 1090 171 71 ihrer
1503 1089 222 71 Kräfte
1769 1089 281 71 wertvoll
2111 1087 390 87 Geglaubtes
2547 1087 412 83 verteidigen.
3004 1084 157 72 Tun
3194 1087 92 68 sie

1082 1184 135 79 das,
1250 1213 71 41 so
1357 1181 279 71 handeln
1668 1184 91 68 sie
1794 1211 203 54 genau
2030 1211 72 40 so
2134 1180 263 81 sittlich,
2444 1184 118 67 wie
2595 1180 114 70 der
2757 1176 209 82 Fakir,
3001 1179 113 68 der
3147 1176 138 71 sich

1084 1306 124 40 von
1240 1278 241 68 seinem
1528 1274 451 84 Götterwagen
2023 1273 384 72 überfahren
2454 1273 129 71 läßt
2628 1271 137 72 und
2812 1274 222 76 meint,
3079 1298 68 42 er
3178 1288 110 52 tue

1084 1367 160 71 Gott
1273 1369 189 68 einen
1498 1365 254 72 Dienst.
1787 1363 169 74 Ehre
1980 1368 242 69 seinem
2246 1364 250 73 Wollen
2521 1364 139 71 und
2686 1362 332 86 heftigster
3046 1360 244 85 Kampf

1081 1463 241 68 seinem
1354 1458 179 71 Tun.

1174 1552 193 70 Denn
1401 1581 126 40 von
1562 1552 113 70 der
1720 1551 295 86 Aufgabe
2048 1551 167 71 kann
2249 1581 121 41 uns
2420 1548 302 74 niemand
2773 1546 305 80 befreien,
3127 1546 161 72 nach

1084 1645 146 70 dem
1301 1644 195 71 Maße
1560 1672 260 43 unserer
1889 1642 189 71 Kraft
2147 1647 141 66 eine
2357 1642 286 70 Maxime
2702 1670 80 40 zu
2855 1640 264 79 suchen,
3187 1640 104 70 die

1082 1740 116 66 wir
1254 1766 150 41 zum
1451 1736 420 84 allgemeinen
1927 1735 258 85 Prinzip
2246 1734 280 71 erheben
2575 1733 322 73 möchten.
2967 1731 324 70 Niemand

1082 1828 169 72 kann
1284 1858 87 50 es,
1419 1829 136 70 und
1606 1829 301 70 niemand
1950 1829 117 69 soll
2116 1857 88 49 es,
2256 1828 171 70 denn
2477 1854 122 42 nur
2643 1825 184 70 darin
2873 1824 169 70 kann
3086 1825 60 83 ja
3192 1823 100 70 ihr

1082 1919 178 71 Wert
1305 1922 227 82 liegen,
1578 1919 128 70 daß
1747 1948 67 41 es
1861 1947 227 43 unsere
2133 1918 284 70 Maxime
2462 1920 100 77 ist,
2610 1918 114 69 der
2769 1919 114 68 wir
2916 1945 122 40 uns
3071 1933 185 52 unter-

1084 2012 257 79 werfen,
1372 2011 179 71 nicht
1574 2014 105 68 ein
1707 2011 276 71 fremdes
2013 2009 254 73 Gesetz.
2296 2008 157 72 Und
2478 2040 185 40 wenn
2690 2012 114 67 wir
2841 2008 205 70 Kants
3070 2011 222 81 eigene

1085 2103 372 85 Regulative
1491 2103 350 85 blindlings
1874 2103 384 79 annähmen,
2293 2133 71 39 so
2399 2102 263 70 würden
2699 2103 114 68 wir
2839 2130 122 39 uns
2986 2100 165 71 eben
3179 2100 74 69 da-

1084 2196 205 70 durch
1322 2227 126 39 von
1475 2195 136 73 ihm
1635 2195 357 79 entfernen,
2020 2195 301 71 während
2347 2197 113 68 wir
2484 2197 176 68 seine
2688 2211 304 66 getreuen
3020 2191 272 71 Schüler

1084 2289 280 79 bleiben,
1400 2319 185 40 wenn
1632 2291 115 68 wir
1792 2318 120 39 uns
1957 2287 134 70 klar
2136 2287 254 72 werden
2437 2286 159 70 über
2641 2286 110 70 das
2801 2284 256 81 Gesetz,
3104 2303 188 53 unter

1084 2381 148 70 dem
1268 2384 114 67 wir
1415 2380 208 70 selber
1656 2398 394 67 angetreten.

1178 2472 155 71 Und
1371 2472 137 71 hier
1545 2472 254 72 komme
1837 2470 103 71 ich
1978 2472 233 69 wieder
2248 2469 112 71 auf
2382 2469 238 71 Wieses
2651 2468 354 71 Gedanken
3033 2467 260 73 zurück.

1082 2563 87 71 Er
1203 2564 363 70 formuliert
1598 2594 71 40 so
1703 2583 134 64 gut,
1866 2594 123 40 was
2017 2562 326 72 kantische
2376 2562 191 70 Ethik
2594 2566 105 66 ist:
2740 2562 156 79 ~der
2930 2561 234 71 Dienst
3189 2590 103 40 am

1081 2657 221 70 Außer
1435 2656 150 71 Ich“
1623 2655 211 85 (über
1968 2655 109 71 Ich
2112 2653 256 74 möchte
2402 2653 103 71 ich
2556 2653 396 79 verbessern,
3003 2653 174 70 denn
3227 2656 65 67 in

1084 2750 242 70 diesem
1362 2749 237 71 Gebiet
1626 2750 160 68 wird
1811 2750 113 68 der
1952 2747 360 85 Gegensatz
2338 2745 317 72 zwischen
2684 2745 109 70 Ich
2821 2746 137 70 und
2987 2743 305 72 Nichtieh

1081 2841 459 85 aufgehoben).
1569 2839 731 86 Entsagungsfähigkeit,
2329 2839 359 71 Gehorsam
2716 2869 199 53 gegen
2943 2837 112 70 das
3083 2835 169 72 über-

1084 2935 442 70 individuelle.
1574 2934 176 70 Aber
1796 2935 172 69 dann
2015 2931 167 72 fährt
2228 2961 66 42 er
2342 2931 156 72 fort:
2550 2930 437 81 „Schließlich
3036 2931 111 83 gilt
3182 2930 112 70 der

1084 3025 275 71 Mensch
1393 3028 91 68 als
1517 3027 195 83 völlig
1753 3055 292 55 erzogen,
2093 3055 186 40 wenn
2312 3027 138 67 sein
2496 3023 455 71 individueller
2982 3020 189 71 Wille
3206 3024 87 69 im

1085 3118 482 71 Gesamtwillen
1626 3137 519 66 untergegangen
2197 3121 80 66 ist
2327 3117 136 70 und
2520 3116 137 71 sich
2716 3118 135 67 sein
2905 3114 274 71 Instinkt
3229 3116 63 67 in

1082 3208 503 87 Ordnungssinn
1614 3211 355 84 gewandelt
1995 3208 174 70 hat.“
2201 3208 132 71 Das
2369 3212 80 66 ist
2474 3207 404 79 unkantisch,
2907 3207 174 70 denn
3107 3225 187 52 unter

1085 3307 209 68 einem
1341 3302 479 73 Gesamtwillen
1867 3303 229 70 ordnet
2144 3302 114 70 der
2304 3300 432 87 kategorische
2784 3300 343 84 Imperativ
3170 3301 122 74 nie,

1082 3397 282 69 sondern
1399 3424 121 41 nur
1554 3414 187 52 unter
1774 3397 112 69 das
1923 3395 255 80 Gesetz,
2227 3414 190 51 unter
2463 3395 105 70 die
2629 3392 319 80 „Stimme
2995 3391 297 79 Gottes“,

1084 3490 105 69 die
1223 3488 106 69 ich
1362 3486 319 71 vielleicht
1714 3489 88 68 als
1839 3490 280 83 einziger
2153 3485 175 71 höre.
2373 3485 176 71 Aber
2585 3516 63 39 es
2684 3488 79 66 ist
2806 3483 249 71 freilich
3104 3483 152 85 hege-

1085 3579 289 81 lianisch,
1428 3579 383 80 wundtisch,
1863 3579 536 85 pseudokantisch
2441 3579 137 69 und
2613 3577 104 69 für
2750 3575 175 71 diese
2958 3574 191 72 Ethik
3184 3575 110 85 gilt

1085 3676 174 69 dann
1307 3677 137 67 sein
1495 3672 240 71 Urteil:
1788 3673 164 79 „Sie
2003 3672 150 71 ruht
2201 3672 112 70 auf
2359 3673 114 70 der
2519 3669 543 84 pessimistischen
3097 3669 157 70 Beur-

1084 3767 245 84 teilung
1377 3767 113 69 der
1542 3766 573 79 Menschennatur,
2166 3765 128 71 daß
2337 3767 92 67 sie
2472 3792 113 40 aus
2632 3762 137 71 sich
2818 3761 199 71 selbst
3067 3762 225 70 heraus

1084 3857 185 70 keine
1302 3858 215 70 Werte
1565 3855 260 81 schaffe,
1876 3858 281 69 sondern
2208 3885 123 41 nur
2375 3855 206 71 durch
2614 3883 414 55 anerzogene,
3080 3857 66 66 in
3192 3852 101 70 die
