3597 4572
1055 419 115 58 224

1761 424 157 67 Jules
2138 424 136 67 Laforgue
2275 442 62 20 ♦
2338 424 219 53 Provinz

1902 1164 518 81 PROVINZ

1803 989 246 109 Jules
2084 986 429 113 Laforgue

1336 1324 103 58 Gin
1492 1328 465 57 österreicßiscßer
2001 1325 208 61 cfofdat
2409 1331 87 52 die
2540 1325 472 80 nacßgefassenen
3064 1324 203 59 Werke

1242 1400 177 79 /Jules
1794 1400 85 80 Baforgues
1880 1410 83 52 mit
1964 1410 193 52 ins
3025 1404 139 58 ‘Feld
2197 1427 335 56 genommen.
2714 1409 171 52 einem
2917 1401 265 80 ‘Rußetag
3210 1409 56 51 in

1240 1484 98 52 der
1374 1480 334 76 galiziscßen
1743 1481 313 69 ,/Provinz“
2098 1488 287 67 übersetzte
2411 1504 64 34 er
2503 1485 86 53 die
2612 1477 304 80 folgenden
3237 1505 29 21 *

1243 1554 480 82 aufzeicßnungen.

1342 1721 605 75 DÄMMERUNG
1978 1725 145 71 UM
2157 1724 289 72 MITTE
2475 1724 220 84 JULI,
2726 1725 41 70 8
2803 1723 191 71 UHR

1153 1861 179 72 Nach
1367 1865 171 70 einer
1560 1864 199 71 Weile
1789 1864 174 71 nicht
1990 1893 77 40 zu
2093 1865 252 70 dichten
2371 1864 388 83 Platzregens
2787 1861 129 72 läßt
2940 1864 109 68 das
3076 1874 152 72 grün-

1061 1954 124 71 lich
1209 1956 388 82 schmutzige
1614 1956 246 70 Wasser
1884 1958 64 68 in
1973 1956 304 84 gleichem
2300 1955 275 74 Schritte
2598 1956 171 70 seine
2790 1955 320 71 Weilchen
3133 1956 134 70 und

1060 2045 525 85 Schmutzwogen
1620 2045 227 71 laufen.

1153 2138 155 70 Drei
1343 2140 239 83 einzige
1614 2139 134 70 und
1779 2137 368 87 einförmige
2171 2138 211 71 Noten
2419 2139 335 70 herrschen
2792 2140 85 68 im
2905 2138 225 80 Raum,
3166 2140 104 69 die

1060 2228 191 74 Pfiffe
1275 2260 143 40 vom
1439 2231 292 71 Bahnhof
1755 2231 131 80 her,
1912 2232 108 68 das
2047 2231 303 71 erwachte
2371 2231 218 71 Flöten
2615 2234 167 68 einer
2808 2229 235 80 Amsel,
3072 2250 195 52 unten

1060 2325 86 67 im
1174 2322 347 71 Laubwerk
1546 2325 111 68 der
1680 2322 319 80 Terrasse,
2025 2323 134 70 und
2192 2323 103 70 die
2326 2322 363 71 Glöckchen
2722 2323 548 71 vorbeiziehender

1061 2411 211 74 Kühe.

1149 2504 173 73 Alles
1366 2506 221 81 übrige
1634 2509 78 67 ist
1760 2509 137 68 eine
1947 2507 369 80 unbewegte
2344 2506 213 71 Masse
2601 2537 121 39 von
2756 2506 276 81 Hügeln,
3068 2507 202 72 Weite

1063 2598 130 69 und
1228 2596 306 73 bleichem
1569 2596 304 73 Himmel.

1522 2779 536 74 TAGESENDE
2096 2780 92 70 IN
2223 2780 179 72 DER
2432 2779 382 73 PROVINZ

1150 2919 187 71 Eines
1372 2919 205 85 Tages
1614 2919 180 71 Ende
1830 2921 64 69 in
1930 2919 113 71 der
2074 2919 264 71 Provinz
2369 2919 351 71 verbracht.

1152 3010 127 70 Die
1310 3010 183 71 Stadt
1526 3040 172 57 grau,
1732 3012 324 85 sorgfältig
2091 3012 381 83 gepflastert,
2508 3010 308 73 friedlich.

1152 3103 132 71 Das
1320 3103 427 72 Hotelfenster
1778 3104 221 71 schaut
2030 3103 108 72 auf
2168 3103 125 72 den
2329 3103 385 86 Hauptplatz
2738 3103 244 72 hinaus.
3026 3104 107 71 Ich
3159 3106 110 69 sah

1061 3195 182 71 einen
1279 3196 303 71 dummen
1618 3195 212 71 Mond
1863 3197 143 70 dort
2049 3214 197 53 unten
2292 3200 483 81 emporsteigen,
2824 3196 445 85 ausgerechnet

1059 3299 174 62 diese
1265 3287 182 70 Stadt
1480 3288 426 80 erleuchtend,
1943 3292 115 68 wie
2099 3319 110 39 um
2242 3291 121 69 mir
2396 3319 79 39 zu
2509 3290 377 78 versichern,
2933 3288 126 72 daß
3100 3290 170 70 diese

1059 3377 184 73 Stadt
1276 3379 370 85 wahrhaftig
1689 3384 330 76 existierte,
2066 3384 65 68 in
2176 3381 163 71 ihrer
2376 3380 711 85 Bedeutungslosigkeit.
3149 3380 118 71 Ein

1059 3470 889 81 Straßenlaternenanzünder,
1969 3475 101 67 ein
2087 3473 233 71 kleines
2340 3471 177 73 Kind
2533 3474 64 68 in
2616 3473 122 69 den
2754 3471 240 73 Armen
3017 3471 253 73 haltend

1060 3565 135 70 und
1226 3593 125 41 von
1386 3567 204 68 einem
1625 3563 238 72 Hunde
1896 3565 255 85 gefolgt,
2188 3567 112 69 der
2331 3565 225 71 aussah
2587 3568 118 68 wie
2743 3567 189 78 einer,
2982 3567 111 69 der
3137 3565 132 71 sich

1060 3685 79 42 an
1183 3656 148 69 alles
1375 3656 292 85 gewöhnt
1712 3657 124 79 hat,
1884 3657 132 70 und
2061 3658 112 70 der
2217 3658 103 70 die
2352 3656 259 72 Pflaster
2655 3657 201 84 gleich
2890 3657 175 72 recht
3105 3657 161 70 alten

1060 3746 362 73 Bekannten
1454 3747 523 84 beschnupperte.

1154 3840 125 71 Die
1310 3840 269 72 Laterne
1609 3840 207 71 wollte
1849 3842 171 69 nicht
2057 3843 304 70 brennen.
