3310 4572
1126 404 142 53 Paul
1295 404 264 68 Kornfeld
1596 419 21 27 *■
1658 405 232 67 Legende

2501 406 104 61 135

420 613 182 69 kaum
636 638 99 41 zu.
792 604 82 71 Es
905 603 118 86 gab
1055 602 179 69 keine
1260 598 368 84 Nachricht,
1663 603 105 68 die
1799 602 110 71 ihn
1943 600 235 82 froher,
2211 604 164 71 auch
2404 604 202 81 keine,

421 704 99 70 die
561 701 111 70 ihn
717 698 162 73 noch
923 694 301 83 trauriger
1266 692 269 72 machen
1581 693 255 72 konnte.
1912 694 247 71 Darum
2206 696 127 69 ließ
2377 726 66 39 es
2494 698 113 70 ihn

420 793 158 70 auch
611 788 417 89 gleichgültig,
1062 784 88 69 als
1178 786 171 67 eines
1375 782 208 88 Tages
1615 788 106 69 ein
1754 784 146 73 Teil
1933 787 209 71 seiner
2174 786 249 81 Felder,
2457 818 149 41 vom

423 884 407 85 Hagelschlag
860 876 321 88 getroffen,
1216 887 336 60 verwüstet
1581 878 239 72 wurde.

491 1005 254 70 Schwer
772 1002 131 71 und
928 997 252 81 dunkel,
1205 997 244 71 schnell
1473 1000 229 82 größer
1726 1002 321 80 werdend,
2074 1002 217 71 wälzte
2316 1002 137 71 sich
2480 1033 125 41 von

414 1096 199 69 Osten
646 1096 109 68 her
787 1094 139 69 eine
950 1089 214 71 Wolke
1189 1088 214 71 heran.
1463 1089 220 75 Sturm
1710 1092 247 85 begann
1985 1124 77 40 zu
2088 1094 288 80 wirbeln,
2404 1096 203 71 Staub

413 1187 123 84 flog
578 1186 125 80 auf,
736 1183 328 73 Rauschen
1110 1183 110 68 des
1256 1181 283 81 Windes,
1585 1185 106 69 die
1724 1183 228 73 Felder
1995 1188 258 83 neigten
2298 1187 159 81 sich,
2498 1188 107 71 die

410 1279 232 68 Bäume
677 1279 198 81 bogen
907 1273 153 80 sich,
1093 1273 136 70 und
1255 1272 198 71 schon
1481 1277 207 78 stand,
1714 1306 103 41 am
1843 1276 287 72 Himmel
2159 1280 442 85 ausgebreitet,

410 1370 100 67 die
527 1367 217 72 Wolke
768 1367 154 70 über
945 1366 108 70 des
1073 1364 241 71 Grafen
1346 1365 226 71 letzten
1594 1366 155 71 Rest
1766 1369 256 71 Landes
2048 1370 135 71 und
2210 1372 158 70 über
2392 1374 210 70 einem

406 1458 141 71 Teil
592 1488 120 39 von
755 1458 362 69 Wladislavs
1164 1455 294 72 Feldern.
1524 1458 198 71 Dicht
1764 1463 137 68 und
1953 1461 131 72 laut
2125 1463 473 86 aufschlagend,

407 1578 140 41 vom
580 1549 239 79 Boden,
866 1548 568 84 zurückgeworfen,
1468 1549 234 72 wieder
1742 1552 475 86 aufspringend,
2264 1554 184 72 fielen
2495 1558 107 70 die

407 1638 263 72 Körner.
734 1639 189 70 Halm
955 1670 107 40 um
1098 1639 191 71 Halm
1321 1642 219 70 wurde
1571 1643 310 84 getroffen
1914 1646 136 68 und
2081 1646 318 86 geknickt.
2457 1648 95 71 Un-

402 1731 376 83 regelmäßig
808 1732 132 68 und
983 1732 447 70 unordentlich
1463 1733 274 84 gemäht,
1770 1734 101 87 lag
1904 1737 148 70 bald
2084 1738 150 71 alles
2269 1740 328 72 Getreide.

401 1818 178 74 Nach
606 1823 276 83 wenigen
909 1822 300 71 Minuten
1246 1854 137 54 zog,
1417 1826 297 82 gelichtet
1755 1828 137 70 und
1925 1828 272 83 dünner,
2224 1831 105 70 die
2353 1831 243 83 Wolke,

402 1911 230 71 schnell
668 1912 233 71 kleiner
931 1915 315 80 werdend,
1279 1930 336 58 westwärts
1648 1920 235 70 weiter.

486 2032 329 73 Wladislav
833 2035 320 73 beachtete
1178 2039 171 70 nicht
1374 2041 103 69 die
1493 2041 421 87 Verwüstung
1937 2047 205 68 seiner
2160 2044 245 83 Felder,
2431 2048 167 71 doch

397 2124 155 70 auch
578 2124 106 70 des
712 2124 238 73 Grafen
978 2127 200 81 Land,
1205 2129 226 74 dessen
1456 2132 219 71 letzter
1697 2133 227 80 Besitz,
1944 2164 128 43 war
2094 2134 105 73 für
2221 2137 202 72 dieses
2448 2138 153 84 Jahr

396 2216 338 71 vernichtet
780 2218 130 70 und
956 2220 163 69 ohne
1153 2221 235 71 Frucht
1421 2223 132 70 und
1585 2223 242 87 Ertrag.
1877 2226 87 71 Er
1995 2227 193 73 besaß
2220 2260 132 41 nun
2390 2232 204 70 nichts

395 2306 193 79 mehr,
622 2307 88 73 als
754 2311 131 67 sein
919 2310 198 72 Haus.
1181 2312 272 87 Freudig
1496 2315 414 86 hingegeben,
1943 2320 162 70 doch
2140 2320 167 72 ohne
2348 2322 248 72 Freude

396 2427 76 38 zu
515 2397 233 82 stiften,
785 2401 95 84 lag
922 2404 106 68 das
1065 2404 179 71 Land
1288 2437 129 39 nun
1450 2409 99 79 da,
1583 2409 88 70 als
1704 2424 164 56 wäre
1898 2442 65 39 es
2008 2413 320 72 herrenlos
2361 2416 131 70 und
2526 2444 70 42 er

396 2488 207 78 selbst,
637 2519 129 41 nun
791 2513 287 60 verarmt,
1105 2496 218 70 wurde
1354 2500 256 83 traurig.
1660 2499 185 72 Wohl
1871 2504 218 69 wurde
2114 2504 108 70 das
2250 2504 197 81 Haus,
2475 2509 118 69 wie

397 2578 230 80 früher,
663 2583 164 71 reich
860 2584 270 83 geführt,
1166 2589 133 69 und
1329 2618 183 42 wann
1542 2593 224 69 immer
1792 2620 66 42 er
1882 2596 90 67 sie
1998 2594 320 82 brauchte,
2344 2596 153 72 fand
2523 2627 69 42 er

397 2696 158 40 neue
587 2669 254 74 Kleider
882 2677 131 68 und
1058 2707 160 41 neue
1248 2679 282 82 Vorräte,
1573 2684 132 69 und
1751 2712 65 42 er
1855 2686 239 78 mußte,
2130 2687 304 72 bedrückt
2466 2721 122 41 von

399 2758 198 69 dieser
635 2761 233 73 Schuld
913 2768 132 70 und
1086 2768 323 76 beschämt
1441 2801 115 42 vor
1592 2777 237 67 seinem
1871 2776 256 82 Diener,
2161 2781 118 69 wie
2323 2809 68 42 er
2422 2782 165 71 wohl

397 2847 226 80 wußte,
668 2851 84 68 als
796 2855 156 71 stille
998 2857 368 75 Geschenke
1398 2861 365 75 Wladislavs
1806 2866 133 70 dies
1984 2867 144 71 alles
2177 2870 409 85 hinnehmen,

395 2937 203 71 wollte
630 2969 67 41 er
728 2942 196 74 leben.

486 3057 348 85 Wladislav,
868 3065 304 75 betroffen
1199 3104 123 40 von
1354 3076 144 69 dem
1528 3076 292 85 Unglück
1851 3082 200 68 seines
2076 3079 233 84 Herrn,
2342 3086 249 73 knickte

802 3184 18 38 *
825 3184 41 39 n
899 3158 131 70 sich
1067 3163 128 79 ein;
1228 3195 63 39 es
1321 3167 235 80 schien,
1583 3167 89 72 als
1698 3184 161 55 wäre
1881 3199 67 43 er
1972 3172 235 72 kleiner
2229 3180 357 81 geworden.

392 3242 170 69 Viele
593 3242 286 74 Stunden
912 3277 76 40 an
1021 3251 204 81 jedem
1258 3256 138 85 Tag
1426 3258 182 72 stand
1639 3288 88 53 er,
1760 3293 89 39 sie
1882 3264 397 85 betrauernd,
2315 3299 116 42 vor
2461 3274 122 70 den

390 3332 470 85 zerschlagenen
889 3330 283 82 Feldern.
1206 3342 183 74 Wohl
1423 3349 210 72 diente
1665 3379 70 42 er
1757 3352 327 77 Wratislav
2116 3360 162 71 noch
2314 3361 269 88 eifriger,

387 3424 85 67 als
627 3424 233 81 früher,er
877 3427 234 75 lauerte
1142 3436 109 69 auf
1271 3439 137 81 jede
1434 3439 372 91 Bewegung,
1832 3446 110 72 auf
1962 3450 185 84 jeden
2173 3450 258 85 Schritt,
2457 3457 126 72 den

387 3539 64 42 er
494 3520 103 65 für
637 3520 122 66 den
799 3520 237 72 Grafen
1082 3543 114 52 tun
1243 3528 247 82 könnte,
1533 3534 244 72 achtete
1817 3538 241 84 darauf,
2098 3544 131 71 ihm
2273 3548 161 70 auch
2480 3551 104 69 die

386 3612 256 66 kleinste
674 3612 203 69 Mühe
921 3643 77 41 zu
1044 3645 310 57 ersparen,
1399 3643 206 66 sorgte
1648 3628 202 84 dafür,
1897 3633 123 72 daß
2065 3634 169 94 alles,
2264 3669 125 42 was
2433 3641 147 72 dem

385 3704 233 65 Grafen
654 3704 123 69 heb
808 3732 144 53 war,
987 3708 85 70 im
1100 3708 212 74 Hause
1342 3716 287 82 geschah,
1656 3721 124 71 daß
1806 3727 174 70 seine
2006 3727 574 90 Lieblingsspeisen

382 3796 395 81 aufgetragen
811 3798 280 83 wurden,
1136 3801 125 72 daß
1302 3806 203 72 nichts
1554 3812 131 71 sich
1736 3816 235 84 rührte,
2005 3850 184 43 wenn
2230 3852 70 41 er
2337 3825 241 83 schlief.
