3513 4572
1006 489 101 58 108

1724 494 138 51 Paul
1888 494 261 65 Kornfeld
2188 506 20 26 *
2245 494 235 65 Legende

1091 691 118 71 Ein
1237 691 225 71 Knabe
1491 692 164 79 kam,
1686 720 111 39 um
1832 691 108 69 ihn
1971 688 110 72 auf
2110 691 110 69 des
2247 688 242 72 Grafen
2515 687 217 71 Befehl
2764 719 81 39 zu
2873 688 154 80 ihm,
3052 689 145 70 dem

1001 781 240 73 Grafen
1268 813 78 40 zu
1372 782 218 79 holen;
1631 782 103 69 die
1755 778 469 89 Aufforderung
2247 780 416 78 überhörend,
2696 780 125 69 ließ
2850 807 65 42 er
2945 782 89 67 sie
3066 782 130 69 sich

998 877 68 68 in
1098 876 113 69 der
1242 873 154 72 Luft
1419 873 319 79 verlieren,
1768 873 135 70 und
1933 873 113 70 der
2072 872 224 73 Knabe
2327 873 216 72 mußte
2573 872 104 70 die
2700 871 216 71 Worte
2938 873 220 69 wieder-

1000 966 204 79 holen,
1240 966 115 69 ehe
1386 966 89 69 sie
1514 967 64 67 in
1618 966 109 69 des
1762 965 268 70 Dieners
2064 965 395 71 Bewußtsein
2492 964 300 83 drangen,
2831 965 135 69 und
2997 965 156 70 noch-

998 1058 154 68 mals
1175 1055 434 80 wiederholen,
1649 1056 115 70 ehe
1787 1056 354 84 Bewegung
2167 1059 62 67 in
2255 1059 104 70 die
2382 1055 303 72 Starrheit
2710 1056 204 70 seiner
2938 1054 259 71 Glieder

998 1149 141 72 kam
1176 1149 137 69 und
1354 1176 67 42 er
1456 1148 153 79 sich,
1645 1148 287 71 mühsam
1965 1149 104 70 die
2100 1149 297 70 Muskeln
2430 1150 62 68 in
2526 1147 164 69 Fluß
2724 1148 306 81 bringend
3062 1149 132 69 und

997 1241 168 69 dann
1206 1239 271 84 wuchtig
1519 1239 134 70 und
1693 1268 324 55 gemessen
2063 1238 588 80 einherschreitend,
2698 1241 145 68 dem
2888 1237 136 71 Hof
3062 1241 135 67 und

996 1331 176 70 Haus
1207 1332 345 70 zuwandte.

1089 1423 134 72 Der
1254 1421 161 72 Graf
1446 1440 318 52 erwartete
1796 1423 131 70 ihn.
1975 1425 244 68 Dessen
2247 1423 250 85 Körper
2520 1450 127 42 war
2679 1422 162 69 klein
2873 1422 137 70 und
3041 1425 122 68 zier-

997 1514 144 78 lich,
1175 1515 109 68 das
1330 1514 270 69 bartlose
1631 1511 263 72 Gesicht
1937 1514 380 71 knabenhaft
2359 1533 150 52 zart.
2572 1514 128 68 Mit
2740 1515 453 81 eingezogenen

995 1604 357 81 Schultern,
1379 1606 65 68 in
1470 1605 132 70 sich
1626 1635 362 41 zusammen
2014 1606 290 85 geduckt,
2323 1609 114 66 mit
2455 1606 121 69 den
2597 1605 270 83 Fingern
2884 1605 112 70 der
3014 1606 179 68 einen

998 1695 190 71 Hand
1218 1696 322 86 aufgeregt
1569 1696 105 70 die
1707 1698 285 71 Knöchel
2026 1699 113 69 der
2168 1699 276 69 anderen
2477 1696 561 79 niederdrückend,
3072 1696 125 69 daß

993 1789 92 69 sie
1113 1788 326 80 knackten,
1458 1792 122 68 den
1602 1789 178 85 Kopf
1794 1790 485 83 vorgeschoben,
2296 1818 111 44 um
2437 1792 115 70 mit
2568 1788 217 71 Ohren
2804 1789 131 69 und
2947 1788 246 84 Augen,

995 1879 122 80 die,
1143 1879 403 85 aufgerissen,
1567 1881 216 69 Falten
1810 1883 65 67 in
1893 1882 101 68 die
2011 1881 212 71 Stirne
2247 1881 380 78 zeichneten,
2646 1881 109 68 das
2774 1879 418 70 Herannahen

995 1972 110 70 des
1138 1972 268 70 Dieners
1440 2001 78 41 zu
1560 1972 298 80 erlauern,
1898 1972 110 70 saß
2041 2000 67 42 er
2140 1975 62 66 in
2238 1975 202 67 einem
2473 1975 223 66 weiten
2730 1972 133 69 und
2896 1973 62 66 in
2992 1973 202 68 seiner

1000 2062 186 71 Höhe
1226 2063 107 70 ihn
1373 2062 470 85 überragenden
1877 2063 207 79 Stuhl,
2125 2093 110 39 aus
2270 2062 379 71 Eichenholz
2689 2062 341 83 großzügig
3062 2065 98 67 ein-

993 2152 141 74 fach
1160 2154 249 85 gebaut,
1428 2155 221 70 dessen
1669 2155 438 71 Seitenlehnen
2128 2183 119 42 nur
2262 2155 122 68 den
2406 2152 176 84 Kopf
2599 2155 134 67 und
2752 2156 179 67 einen
2950 2154 244 69 kleinen

995 2244 139 72 Teil
1167 2248 115 68 der
1312 2248 187 68 Brust
1531 2248 189 69 sehen
1754 2246 225 80 ließen,
2011 2248 133 69 und
2176 2248 222 68 dessen
2425 2246 412 84 Mächtigkeit
2869 2249 170 66 seine
3064 2245 86 71 Ge-

993 2338 143 70 stalt
1178 2339 160 69 noch
1379 2339 319 70 zierlicher
1739 2340 131 69 und
1909 2342 62 67 in
2004 2339 237 69 diesem
2272 2338 391 84 Augenblick
2698 2338 162 71 noch
2892 2340 302 79 trauriger

993 2429 360 70 erscheinen
1387 2428 146 71 ließ.

1085 2521 157 70 Man
1288 2522 180 71 hörte
1505 2522 292 79 Schritte,
1842 2523 133 68 und
2020 2551 63 40 es
2129 2521 421 70 durchzuckte
2587 2522 123 67 den
2745 2519 261 72 Grafen.
3071 2522 123 69 Die

995 2612 167 83 Lage
1198 2616 201 67 seines
1433 2612 281 84 Körpers
1752 2615 132 68 und
1908 2616 170 67 seine
2095 2612 346 84 Spannung
2469 2613 173 69 lösen
2669 2612 152 79 sich,
2840 2615 136 67 und
3003 2613 158 69 breit-

991 2707 216 82 spurig
1240 2705 174 71 lehnt
1443 2734 67 42 er
1542 2705 135 70 sich
1710 2705 275 81 gelassen
2020 2707 62 66 in
2116 2706 212 67 seinen
2357 2704 185 69 Stuhl
2577 2704 266 78 zurück;
2886 2705 148 68 leise
3070 2707 93 66 iro-

990 2796 176 71 nisch
1192 2795 306 80 lächelnd,
1523 2799 117 66 mit
1668 2796 275 84 langsam
1970 2795 478 85 gleichgültigen
2467 2795 433 83 Bewegungen
2923 2796 135 68 tritt
3084 2795 112 70 der

991 2888 239 70 Diener
1255 2890 123 68 ein.
1428 2886 413 86 Gelangweilt
1865 2888 256 70 streicht
2145 2886 132 70 sich
2303 2888 113 68 der
2446 2885 164 70 Graf
2633 2888 199 68 durch
2859 2886 102 70 die
2991 2886 202 70 Haare

988 2980 135 69 und
1155 2980 278 88 beginnt,
1467 2979 371 84 übermäßig
1870 2980 104 69 die
1999 2979 214 70 Silben
2238 2979 315 79 dehnend,
2580 3010 78 38 zu
2685 2979 333 84 sprechen:
3055 2979 138 79 „Im

987 3071 279 81 Westen,
1301 3072 202 70 neben
1536 3073 147 69 dem
1716 3072 236 84 großen
1980 3071 404 85 Obstgarten,
2417 3072 164 79 dort,
2606 3102 98 40 wo
2741 3072 108 68 das
2874 3071 121 69 alte
3020 3071 172 68 Haus

988 3163 165 69 steht
1192 3172 141 61 —“.
1369 3163 111 70 Als
1510 3177 160 56 wäre
1701 3166 173 67 seine
1901 3163 173 70 Rede
2107 3162 476 84 eingeschlafen,
2619 3163 206 70 bricht
2854 3191 65 42 er
2944 3162 149 69 leise
3113 3162 81 69 ab

987 3255 135 68 und
1169 3255 256 84 beginnt
1470 3256 343 80 nochmals,
1857 3255 450 80 unvermittelt,
2354 3256 403 84 energischen
2801 3253 213 72 Tones
3061 3255 132 68 und

986 3347 136 70 sich
1165 3346 453 73 überhastend:
1668 3349 227 78 „Dort,
1938 3378 96 41 wo
2067 3347 110 70 das
2211 3347 122 69 alte
2368 3346 174 71 Haus
2575 3346 185 79 steht,
2793 3349 169 81 jenes
2997 3345 196 71 Stück

991 3438 181 69 Land
1207 3439 219 82 gehört
1461 3468 123 41 von
1620 3440 189 70 heute
1839 3469 78 40 an
1950 3440 172 69 dir!“

1080 3530 334 71 Wladislav
1460 3530 288 85 schwieg,
1794 3533 133 68 und
1968 3533 110 68 der
2112 3532 163 69 Graf
2315 3530 257 73 schreit:
2622 3528 422 86 „Schweig!“
3109 3529 85 70 Er

987 3624 241 82 springt
1261 3620 111 72 auf
1402 3622 153 77 und,
1589 3622 103 70 die
1725 3622 227 71 Fäuste
1987 3626 64 68 in
2083 3624 105 68 die
2224 3622 241 70 Hüften
2503 3619 356 71 stemmend
2892 3622 155 77 und,
3083 3652 108 38 um

988 3714 155 80 ihm,
1170 3716 146 68 dem
1341 3714 120 69 viel
1486 3711 329 72 Größeren
1843 3717 94 67 ins
1964 3713 263 73 Gesicht
2251 3716 190 68 sehen
2468 3742 79 40 zu
2571 3712 273 80 können,
2874 3713 123 69 den
3019 3712 175 84 Kopf

986 3808 142 68 weit
1162 3806 524 82 zurückbiegend,
1712 3806 167 68 stellt
1904 3808 131 69 sich
2063 3807 112 69 der
2202 3807 202 67 kleine
2431 3802 161 71 Graf
2615 3806 257 68 wütend
2898 3833 110 43 vor
3023 3805 127 68 Wla-

987 3899 196 69 dislav
1209 3897 137 71 auf:
1377 3899 151 78 „Ich
1553 3897 111 70 bin
1687 3897 145 69 dein
1860 3897 166 70 Herr
2051 3899 135 68 und
2213 3896 141 71 darf
2378 3897 96 69 dir
2500 3896 161 70 wohl
2691 3896 319 71 befehlen!
3039 3896 154 70 Und
