3383 4572
2545 373 116 59 237

1410 384 222 55 Glossen

392 606 215 61 winkeln
640 603 171 59 dürfte
844 626 118 33 man
995 600 136 59 wohl
1163 602 202 64 wissen,
1398 600 104 58 daß

391 687 90 56 der
506 684 162 57 Feind
693 705 99 34 uns
816 681 176 56 seinen
1019 677 220 59 Frieden
1265 678 74 56 im
1364 680 110 67 eige-

391 786 99 35 nen
539 760 178 57 Lande
763 757 250 59 diktieren
1061 755 103 58 will
1211 755 111 57 und
1369 777 133 35 zwar

392 855 149 44 unter
558 837 390 67 Bedingungen,
969 835 85 56 die
1073 833 122 58 dem
1214 833 286 58 deutschen

392 913 471 63 Wirtschaftsleben
953 912 167 67 wenig
1209 908 293 70 Spielraum

391 993 145 60 mehr
556 993 164 58 lassen
741 990 239 64 dürften;
1000 987 388 58 einschließlich
1409 988 92 57 des

392 1068 404 66 Kunsthandels,
830 1068 73 57 sei
936 1091 72 41 es,
1044 1065 102 58 daß
1179 1087 56 35 er
1270 1066 109 57 sich
1413 1065 90 58 auf

391 1148 245 60 deutsche
660 1146 168 58 Maler
849 1146 126 57 oder
995 1145 90 57 auf
1106 1145 85 55 die
1214 1167 57 33 so
1292 1143 100 57 viel
1413 1167 59 45 ge-

391 1230 266 67 priesenen
675 1222 380 61 französischen
1077 1221 217 58 Meister
1310 1221 191 57 werfen

392 1302 255 61 möchte.“

932 1378 29 31 *

459 1459 58 59 In
576 1459 92 58 der
720 1458 193 57 Pariser
976 1456 235 72 Opinion
1270 1453 232 59 zeichnet

392 1537 443 67 Berthe-Georges
895 1533 182 59 Gaulis
1143 1533 92 57 das
1295 1555 172 34 roman-

392 1614 161 59 tische
593 1613 152 59 Profil
772 1613 91 57 des
892 1611 220 67 Großen
1141 1611 329 78 tKorrespon-

392 1698 457 54 denien:

458 1768 146 66 „Das
645 1768 152 57 Profil
838 1768 91 56 des
969 1766 194 69 großen
1205 1764 297 69 englischen

391 1847 329 65 Publizisten,
745 1848 94 55 wie
865 1870 118 33 man
1008 1844 90 57 ihn
1124 1868 66 33 an
1214 1843 131 57 allen
1371 1843 105 70 poli-

391 1924 195 57 tischen
651 1922 404 70 Brennpunkten
1121 1920 250 70 Europas,
1436 1945 65 33 an

391 2002 129 57 allen
543 2000 456 70 Wegkreuzungen
1021 2000 92 58 der
1134 1999 134 57 Welt
1289 2000 183 56 wieder-

391 2079 141 65 fand,
556 2102 101 34 war
678 2079 99 57 fast
798 2081 186 54 immer
1005 2078 92 57 das
1120 2078 214 69 gleiche.
1371 2075 131 60 Man

392 2157 137 57 hatte
547 2157 66 57 da
632 2158 150 56 einen
804 2157 133 57 hoch
957 2155 355 59 entwickelten
1336 2154 166 59 Mann

391 2256 91 35 vor
501 2234 127 65 sich,
649 2235 91 58 der
762 2234 108 57 sich
891 2234 164 57 durch
1078 2234 156 69 Sport
1254 2233 112 57 und
1388 2233 116 57 sehr

391 2312 359 68 spezialisierte
788 2313 211 67 geistige
1041 2307 199 73 Übung
1279 2310 85 58 für
1400 2312 102 56 den

391 2389 159 57 Beruf
595 2390 140 56 eines
783 2388 719 70 Globetrotter-Diplomaten

392 2465 248 59 fabelhaft
666 2468 229 56 trainiert
923 2467 156 57 hatte.
1125 2465 183 59 Dieser
1336 2465 166 57 Mann

391 2544 363 57 durchstreifte
779 2545 102 56 den
910 2543 184 58 Orient
1121 2544 109 57 und
1257 2544 102 56 den
1386 2543 88 57 Bal-

393 2619 115 66 kan,
561 2635 182 42 rettete
795 2622 91 55 das
937 2620 223 57 treulose
1212 2620 291 68 Bulgarien,

393 2698 201 57 machte
631 2699 84 56 die
753 2698 402 68 Hinmetzelung
1192 2699 92 56 der
1319 2698 148 57 Arme-

393 2775 110 55 nier
524 2774 180 67 publik
724 2775 110 56 und
856 2775 207 57 tauchte
1082 2774 195 57 überall
1298 2774 105 65 auf,
1425 2797 79 34 wo

395 2850 199 57 kleinen
617 2850 226 59 Völkern
866 2876 159 33 neues
1047 2851 233 58 Unrecht
1301 2851 203 58 drohte.

396 2926 68 59 Er
499 2939 190 46 stürzte
721 2928 400 58 Abdul-Hamid
1155 2930 111 56 und
1299 2929 205 67 glaubte

393 3028 65 33 an
476 3005 85 56 die
576 3004 339 68 Jungtürken.
952 3005 69 57 Er
1038 3006 139 56 hatte
1188 3008 84 54 ein
1287 3005 217 57 schönes

397 3081 154 66 Ideal,
586 3083 132 57 auch
753 3085 113 55 eine
901 3083 209 57 Portion
1149 3083 355 68 Mystizismus

393 3160 111 56 und
536 3159 81 58 bei
649 3160 95 56 alle
774 3160 121 57 dem
925 3161 150 56 einen
1107 3160 232 57 scharfen
1373 3160 129 57 Sinn

392 3236 86 56 für
515 3237 85 56 die
640 3235 369 58 Wirklichkeit.
1068 3236 100 57 Die
1206 3239 298 66 auswärtige

393 3314 186 57 Politik
608 3337 103 34 war
740 3316 140 55 seine
913 3314 225 64 Passion,
1171 3315 108 56 sein
1310 3314 192 57 Dasein

393 3392 102 66 galt
522 3414 100 36 nur
647 3392 101 58 ihr.
797 3391 93 59 Oft
919 3392 291 69 hinterging
1239 3417 118 33 man
1385 3392 117 58 ihn:

392 3470 100 57 den
529 3470 205 57 Anwalt
769 3470 123 57 aller
929 3469 418 66 Verzweifelten;
1383 3470 121 57 aber

393 3569 55 34 er
480 3547 103 58 ließ
617 3547 109 58 sich
760 3547 167 58 durch
960 3547 170 58 nichts
1163 3549 340 67 entmutigen.

461 3624 115 58 Ihm
609 3625 278 58 verdankte
920 3624 237 69 England
1188 3626 174 56 seinen
1398 3625 106 58 Ruf

393 3698 73 59 als
510 3701 370 58 Schutzmacht
925 3702 93 57 der
1065 3701 438 60 Unterdrückten.

396 3776 117 60 Was
547 3781 114 56 eine
696 3780 132 58 allzu
852 3780 303 68 bedächtige
1178 3780 325 58 Staatskunst

396 3869 126 44 etwa
548 3859 205 58 versah:
782 3881 55 36 er
865 3859 201 58 machte
1096 3883 54 34 es
1178 3860 188 57 wieder
1394 3875 109 52 gut.

1549 597 70 59 Er
1640 620 105 36 war
1766 597 94 57 der
1883 595 221 63 Pionier,
2128 592 94 57 der
2246 591 416 68 Laiensendling,

1548 677 94 57 der
1671 671 417 71 Ideen-Apostel.
2136 668 70 59 Er
2232 690 103 35 war
2362 667 302 58 unbekannt

1549 755 111 57 und
1703 752 242 69 mächtig.
2009 750 98 55 Ein
2150 744 513 69 Botschaftergehalt,

1549 835 83 54 ein
1690 828 475 71 unerschöpfliches
2222 823 305 60 Bankkonto
2583 846 54 34 er-

1549 910 208 57 laubten
1816 908 111 57 ihm
1982 907 116 69 jede
2154 903 97 59 Art
2308 926 101 33 von
2470 901 162 58 Unter-

1549 987 417 69 nehmungslust.
2014 984 105 58 Für
2147 982 109 58 sich
2284 981 160 58 selbst
2472 979 192 59 behielt

1549 1087 56 35 er
1638 1065 190 58 nichts.
1883 1063 109 59 Das
2027 1084 104 35 war
2164 1062 141 56 seine
2338 1057 181 60 Stärke
2552 1058 113 57 und

1550 1145 108 54 sein
1714 1142 161 58 Stolz.
1949 1141 158 57 Diese
2160 1138 185 69 völlige
2400 1136 231 68 Uneigen-

1549 1221 282 68 nützigkeit
1858 1221 207 67 heiligte
2089 1218 96 59 alle
2212 1219 141 55 seine
2380 1214 284 69 Wagnisse.

1552 1298 101 57 Die
1677 1298 294 70 Regierung
1994 1298 353 57 desavouierte
2368 1293 92 59 ihn
2484 1293 180 66 selten,

1549 1377 138 57 denn
1727 1391 123 42 stets
1888 1377 89 57 hat
2013 1373 236 71 England
2286 1374 85 56 die
2409 1372 256 57 Initiative

1550 1454 92 58 des
1670 1453 278 59 Einzelnen
1977 1453 314 69 begünstigt.
2336 1449 237 69 England
2598 1451 67 55 ist

1549 1532 86 56 die
1666 1531 209 57 Heimat
1903 1532 92 54 des
2024 1529 213 69 großen,
2267 1528 397 67 unabhängigen

1549 1609 394 69 Journalismus,
1961 1609 182 56 dessen
2161 1608 210 67 Jünger,
2390 1630 120 34 vom
2526 1604 104 59 Aus-

1550 1686 134 69 guck
1709 1687 138 57 ihrer
1874 1684 567 59 weltbeherrschenden
2470 1682 163 58 Obser-

1552 1766 246 63 vatorien,
1867 1762 392 58 unermüdliche
2326 1760 186 59 Wacht
2578 1783 58 46 ge-

1552 1843 171 57 halten
1760 1842 187 57 haben.

1619 1919 168 57 Wenn
1836 1943 119 33 man
2005 1919 91 56 das
2146 1915 198 60 Gefühl
2392 1917 104 63 hat,
2546 1938 119 33 man

1550 1998 149 57 lenke
1734 2022 58 33 so
1826 1999 82 55 ein
1945 1997 224 57 bißchen
2203 1997 93 56 das
2333 1994 334 64 Universum,

1550 2077 112 56 und
1689 2078 82 55 ein
1802 2074 346 70 Telegramm,
2176 2074 93 56 das
2297 2096 118 33 man
2446 2070 221 65 schicke,

1550 2154 104 57 übe
1681 2154 333 57 bedeutsame
2042 2153 133 56 Fern
2179 2150 234 69 Wirkung
2439 2149 89 59 auf
2551 2150 117 68 jene

1552 2230 454 70 geheimnisvollen
2037 2230 198 64 Kreise,
2262 2253 101 33 von
2389 2229 168 56 denen
2583 2227 85 57 die

1552 2310 188 58 letzten
1780 2309 456 67 Entscheidungen
2277 2307 256 68 ausgehen
2575 2329 92 33 —:

1553 2412 57 32 so
1632 2388 134 57 stellt
1788 2387 109 58 sich
1917 2409 89 46 gar
2027 2387 154 57 leicht
2202 2387 84 54 ein
2306 2383 361 58 erkleckliches

1552 2464 495 58 Selbstbewußtsein
2074 2465 102 55 ein.
2221 2462 110 57 Der
2355 2460 161 70 große
2540 2484 94 45 eng-

1552 2542 157 58 lische
1738 2542 247 57 Publizist
2013 2542 124 57 hielt
2165 2539 108 58 sich
2302 2562 123 46 gern
2455 2538 85 57 für
2565 2562 67 33 un-

1552 2619 215 63 fehlbar,
1803 2642 56 33 er
1891 2618 204 57 erfüllte
2128 2619 114 55 eine
2279 2616 240 64 Mission,
2555 2615 112 57 und

1552 2698 141 57 diese
1731 2696 294 58 Gewißheit
2062 2695 352 67 entschädigte
2451 2694 91 57 ihn
2580 2693 87 57 für

1553 2774 91 56 das
1663 2774 331 67 unbequeme
2015 2771 177 58 Leben
2215 2774 93 55 mit
2328 2771 121 56 dem
2467 2771 197 68 ewigen

1554 2850 342 59 Ortswechsel
1915 2851 109 56 und
2042 2849 85 58 für
2145 2851 138 55 seine
2301 2849 364 58 unerbittliche

1552 2928 353 68 Anonymität.
1958 2926 232 59 Niemals
2222 2926 179 59 erfuhr
2433 2928 93 55 das
2560 2926 69 57 Pu-

1553 3005 199 58 blikum
1818 3006 176 56 seinen
2061 3005 223 57 Namen.
2371 3004 294 58 Höchstens

1552 3084 176 56 wurde
1766 3084 54 56 in
1860 3083 427 68 diplomatischen
2328 3081 205 59 Zirkeln
2573 3084 94 57 der

1554 3160 455 67 „ausgezeichnete
2047 3160 260 57 Vertreter
2347 3161 92 56 der
2477 3160 124 57 X..
2626 3194 39 23 .-

1552 3236 254 70 Zeitung“
1826 3239 246 57 erwähnt.
2090 3239 155 57 Seine
2263 3237 402 59 Persönlichkeit

1550 3315 333 58 verschwand
1910 3317 52 55 in
1986 3317 170 56 einem
2176 3316 299 70 gewaltigen
2499 3315 132 69 Orga-

1552 3395 215 63 nismus,
1807 3418 100 33 von
1947 3395 121 56 dem
2105 3418 56 34 er
2197 3395 145 57 nicht
2380 3394 147 58 mehr
2561 3417 106 35 war

1550 3471 73 57 als
1657 3472 114 58 eine
1807 3471 240 59 Parzelle.

1618 3547 115 59 Von
1776 3550 66 57 all
1884 3550 94 57 der
2021 3549 361 69 hartnäckigen
2428 3549 236 69 Energie,

1550 3649 101 34 von
1703 3627 131 58 allen
1884 3627 435 70 Anstrengungen
2369 3629 112 57 und
2531 3627 100 59 Auf-

1550 3726 261 47 regungen
1846 3707 141 56 einer
2019 3706 208 57 solchen
2263 3705 240 58 Existenz
2536 3707 131 58 wird

1549 3805 90 45 gar
1670 3784 169 58 nichts
1873 3784 273 66 fortleben,
2179 3785 146 57 nicht
2358 3785 189 57 einmal
2580 3787 84 55 ein

1550 3860 187 61 Name.
1789 3861 142 60 Aber
1963 3864 169 57 dieser
2166 3862 167 60 Mann
2369 3865 147 64 wird,
2551 3865 116 57 eine
