3012 4317
218 122 49 44 16

213 214 216 56 wooden
491 211 214 71 upright,
769 207 268 59 described
1100 207 176 63 above,
1342 229 68 32 oa
1467 204 91 56 the

213 286 214 57 outside,
467 285 123 55 with
630 282 185 72 sliding
853 285 151 67 rings,
1045 305 56 31 so
1139 281 103 55 that
1286 279 116 71 they
1454 301 94 31 can

214 383 131 47 open
367 371 84 42 out
477 356 99 56 and
603 355 105 57 fold
738 379 68 47 up
833 355 188 70 closely
1046 369 51 39 to
1124 354 84 54 the
1236 351 109 56 said
1370 350 143 56 wood-

214 458 63 30 en
331 455 127 32 arms
509 430 231 56 attached
790 444 52 39 to
891 428 83 55 the
1029 426 247 71 principal
1329 423 219 58 wooden

216 505 211 71 upright.
468 503 145 63 And,
637 506 51 51 in
710 502 81 53 the
813 515 129 57 parts
965 500 169 55 below
1154 500 83 54 the
1265 498 283 70 lynchpins,

214 580 115 68 they
367 577 105 55 will
512 577 66 53 be
616 575 225 55 fastened
879 573 124 55 with
1059 596 62 31 an
1167 572 162 70 eyelet
1380 571 170 54 which

214 667 135 40 turns
390 652 49 53 in
479 649 82 55 the
599 648 174 70 hinges
832 646 167 56 which
1036 670 83 32 are
1157 660 53 39 to
1247 644 66 55 be
1365 658 74 41 set
1496 667 53 32 m

214 724 82 55 the
338 722 229 57 movable
607 721 151 55 wood
799 722 293 68 supporting
1148 718 82 55 the
1270 719 280 69 projecting

214 820 103 34 arm
339 821 11 39 ;
390 795 104 55 that
532 797 57 61 is,
630 817 64 32 on
733 793 83 55 the
855 807 140 41 outer
1035 792 109 54 side
1183 790 51 55 of
1271 790 84 55 the
1399 813 150 32 crane

216 869 174 71 plumb
429 868 168 54 below
636 889 136 32 some
799 865 200 56 flexible
1037 864 107 55 thin
1183 864 146 55 metal
1370 863 179 70 plates.

325 942 150 54 Then
514 954 249 42 construct
800 939 137 55 three
976 936 176 56 clouds
1176 961 11 39 ;
1228 936 90 55 but
1352 936 68 54 let
1446 935 106 56 that

216 1014 169 57 which
423 1016 39 53 is
501 1028 51 41 to
609 1013 65 54 be
733 1025 73 42 set
863 1014 52 52 in
971 1010 83 55 the
1106 1009 192 56 middle
1343 1009 65 54 be
1448 1008 102 55 half

216 1112 53 30 as
308 1088 132 69 large
480 1088 145 68 again
663 1108 52 32 as
754 1084 83 54 the
877 1083 163 55 others
1078 1081 169 56 which
1285 1104 83 32 are
1394 1095 52 40 to
1484 1080 70 55 be

216 1176 48 40 at
301 1160 82 55 the
435 1159 150 63 sides,
646 1182 54 31 so
757 1157 101 55 that
914 1156 116 70 they
1075 1178 111 48 may
1243 1155 65 55 be
1359 1154 197 56 hidden

216 1231 191 57 behind
448 1234 52 52 it.

326 1303 316 58 Afterwards
682 1303 157 55 fasten
879 1301 124 57 each
1048 1301 149 56 cloud
1248 1315 51 41 to
1345 1300 81 56 the
1465 1323 61 31 ex-

217 1381 194 66 tremity
449 1378 51 55 of
538 1380 60 52 its
637 1376 218 56 wooden
912 1399 118 38 arm,
1077 1376 52 53 in
1187 1373 122 56 such
1359 1397 29 31 a
1439 1395 111 47 way

217 1452 103 56 that
357 1452 141 55 those
536 1448 169 56 which
759 1472 83 32 are
898 1462 49 41 at
1002 1447 84 55 the
1144 1447 133 56 sides
1336 1469 110 47 may
1486 1446 66 54 be

218 1524 189 55 hidden
452 1522 176 56 within
684 1521 84 54 the
824 1519 245 72 principal
1128 1542 111 32 one.
1343 1518 210 70 Having

218 1598 134 55 done
388 1597 113 62 this,
541 1618 96 32 one
664 1594 105 56 will
797 1594 113 55 take
948 1608 102 40 two
1089 1616 169 47 pieces
1299 1592 51 54 of
1382 1592 167 61 wood,

220 1695 29 30 a
287 1671 103 54 foot
428 1671 51 52 in
518 1667 185 71 length,
726 1665 99 56 and
863 1665 106 55 will
1012 1681 74 39 set
1122 1690 30 29 a
1178 1665 171 70 pulley
1387 1664 163 54 wheel

220 1758 48 40 at
307 1766 94 32 one
428 1740 99 56 end
562 1740 51 55 of
656 1739 139 62 each,
835 1738 101 56 and
974 1738 84 54 the
1103 1737 139 57 other
1280 1737 126 55 ends
1444 1737 106 54 will

220 1817 66 53 be
325 1814 168 56 nailed
532 1815 104 54 into
674 1813 84 54 the
796 1813 301 53 extremities
1138 1810 49 55 of
1224 1810 84 55 the
1333 1809 219 56 wooden

221 1912 127 32 arms
386 1886 168 56 which
611 1900 204 56 support
870 1885 84 55 the
1004 1898 102 42 two
1163 1884 142 54 small
1356 1883 194 62 clouds,

221 1961 101 55 that
374 1963 58 61 is,
471 1960 83 55 the
593 1959 123 56 ends
755 1958 219 55 towards
1012 1958 83 54 the
1134 1956 231 56 movable
1404 1956 148 55 metal

222 2034 174 70 plates,
440 2045 87 42 but
565 2034 52 52 in
656 2030 122 56 such
816 2054 30 31 a
889 2053 203 32 manner
1130 2029 121 64 that,
1277 2029 154 54 while
1469 2027 84 56 the

223 2106 108 56 said
388 2105 218 56 wooden
667 2128 127 31 arms
857 2126 83 32 are
1003 2105 220 68 opening
1280 2116 100 49 out,
1427 2101 129 56 their

223 2192 281 42 movement
542 2200 111 47 may
691 2191 85 40 not
814 2176 66 55 be
919 2175 254 71 impeded.

333 2250 143 57 Take
514 2251 118 55 then
689 2265 102 39 two
847 2252 171 67 pieces
1075 2248 51 55 of
1182 2271 122 47 rope
1347 2248 101 55 and
1487 2248 69 54 let

223 2325 83 53 the
345 2327 99 51 end
482 2323 52 54 of
571 2345 96 32 one
705 2322 64 55 be
809 2321 169 56 nailed
1006 2345 53 30 or
1105 2321 218 72 strongly
1360 2319 105 56 tied
1503 2335 51 40 to

225 2396 82 54 the
345 2397 257 67 extremity
659 2394 51 55 of
766 2419 95 30 one
918 2394 51 55 of
1023 2393 84 55 the
1164 2393 218 55 wooden
1427 2416 127 32 arms

225 2469 167 55 which
430 2482 228 56 supports
716 2492 29 29 a
785 2468 139 55 small
970 2467 151 54 cloud
1145 2490 11 39 ;
1196 2466 103 54 that
1338 2468 59 60 is,
1439 2490 117 30 near

225 2556 50 40 to
313 2540 83 56 the
435 2535 107 61 said
601 2540 149 55 cloud
808 2563 64 32 on
929 2539 84 55 the
1070 2542 144 52 inner
1271 2538 144 63 side;
1455 2538 101 56 and

225 2614 116 55 then
399 2613 68 54 let
524 2615 36 54 it
617 2636 113 47 pass
787 2612 211 69 through
1048 2612 83 55 the
1176 2612 170 69 pulley
1390 2610 166 56 wheel

226 2687 101 54 that
366 2711 102 30 was
510 2702 73 39 set
622 2689 51 52 in
711 2687 83 54 the
829 2687 141 54 small
998 2685 218 55 wooden
1243 2708 103 32 arm
1371 2708 54 32 as
1451 2708 105 32 was

226 2759 108 56 said
372 2759 176 62 above,
576 2759 233 70 bringing
848 2761 36 53 it
910 2758 153 56 down
1089 2758 169 54 below
1284 2758 84 54 the
1403 2772 153 55 stage.

334 2830 115 57 The
489 2855 133 31 same
679 2834 41 52 is
777 2847 51 39 to
886 2831 65 55 be
1008 2830 134 56 done
1192 2854 65 31 on
1295 2830 84 55 the
1417 2830 140 55 other

226 2904 126 64 side,
391 2905 117 55 then
547 2906 193 69 uniting
778 2904 122 56 both
924 2904 84 56 the
1046 2928 145 47 ropes
1229 2904 170 54 which
1431 2904 126 54 have

226 2977 131 55 been
396 2977 189 56 carried
631 2977 184 64 below,
876 3001 55 31 so
969 2977 104 55 that
1115 2976 96 56 this
1253 2976 123 56 shall
1417 3000 140 32 serve

226 3065 51 41 to
316 3074 149 32 cause
501 3051 84 53 the
625 3050 175 56 clouds
839 3065 51 39 to
928 3050 188 54 divide.

336 3122 178 56 When
552 3123 65 54 all
675 3122 96 55 this
829 3122 88 55 has
961 3122 131 55 been
1144 3121 133 56 done
1317 3145 95 32 one
1450 3122 107 55 will

226 3195 113 54 take
378 3210 102 39 two
519 3195 160 60 cords,
720 3193 100 56 and
865 3196 68 52 tie
990 3217 54 32 or
1101 3193 100 56 nail
1247 3193 84 55 the
1369 3193 100 56 end
1507 3195 51 53 of

226 3273 84 50 the
348 3291 95 31 one
484 3269 104 53 into
626 3267 82 53 the
745 3266 153 56 wood
936 3290 65 30 on
1039 3266 83 54 the
1161 3268 229 67 opposite
1431 3266 125 63 side,

227 3339 169 56 where
434 3339 83 55 the
556 3339 137 55 other
733 3339 99 55 end
890 3339 51 54 of
995 3338 83 55 the
1117 3338 139 56 other
1295 3339 120 55 cord
1453 3362 104 32 was

228 3413 121 65 hed,
390 3416 205 68 causing
635 3416 37 52 it
710 3427 49 41 to
816 3436 113 47 pass
987 3412 210 71 through
1253 3435 96 31 one
1388 3412 51 54 of
1476 3412 82 56 the

228 3502 102 41 two
368 3487 169 69 pulley
575 3485 188 56 wheels
802 3484 169 56 which
1015 3499 129 41 must
1181 3484 66 55 be
1286 3499 74 41 set
1397 3485 161 55 above

228 3560 83 55 the
362 3559 245 71 principal
653 3558 217 56 wooden
938 3581 103 31 arm
1103 3556 169 56 which
1329 3573 229 55 supports

228 3631 83 55 the
338 3631 133 72 large
510 3631 151 55 cloud
684 3656 12 38 ;
736 3630 101 56 and
863 3630 117 55 then
1008 3629 142 56 make
1190 3631 37 54 it
1266 3653 112 46 pass
1406 3630 152 56 down

228 3705 169 55 below
423 3729 52 31 as
501 3728 105 32 was
640 3704 132 56 done
810 3703 125 55 with
971 3703 83 54 the
1093 3701 163 56 others
1294 3703 263 55 aforesaid.

302 3777 116 55 The
457 3802 135 31 same
632 3780 40 52 is
711 3793 51 39 to
800 3777 65 55 be
893 3776 132 56 done
1053 3799 63 32 on
1156 3776 83 55 the
1266 3776 137 56 other
1431 3777 126 61 side,

230 3850 200 71 making
467 3850 83 56 the
589 3850 125 54 ends
754 3852 136 52 unite
928 3849 239 71 together,
1208 3871 52 32 as
1299 3871 104 33 was
1450 3850 108 54 said

231 3926 282 67 respecting
545 3924 87 54 the
672 3924 114 62 first,
821 3925 200 68 corning
1055 3922 151 56 down
1234 3922 216 55 beneath
1476 3922 82 56 the

233 4010 135 56 stage
391 4020 11 39 ;
443 3996 99 56 and
580 3996 139 55 these
758 4019 83 32 are
879 4010 50 41 to
970 4019 140 32 serve
1148 4009 52 42 to
1238 3997 192 54 reunite
1476 3996 82 56 the

233 4068 107 56 said
380 4067 191 57 clouds.

1718 205 99 55 Let
1858 205 84 56 the
1995 229 149 33 crane
2189 206 65 56 be
2306 205 75 56 A.
2406 205 56 56 B.
2488 205 66 55 C.
2579 204 69 54 D.
2702 202 99 56 and
2867 202 83 56 the

1605 277 219 56 wooden
1863 301 105 32 arm
2008 279 62 55 C.
2095 277 69 56 D.
2193 279 65 54 be
2297 294 51 39 to
2376 280 188 53 sustain
2591 276 82 55 the
2700 277 246 70 principal

1605 351 170 63 cloud,
1816 352 100 55 and
1954 352 83 55 the
2078 352 139 55 other
2257 368 101 39 two
2394 351 218 56 wooden
2639 373 127 31 arms
2796 348 55 55 F.
2875 348 69 56 G.

1604 425 101 54 and
1746 423 74 56 H.
1845 425 69 54 G.
1956 439 50 40 to
2047 440 205 55 support
2290 425 83 54 the
2426 423 139 55 other
2622 436 102 41 two
2770 422 176 55 clouds

1605 497 56 55 F.
1686 497 75 55 H.
1802 497 169 56 which
2009 498 217 55 wooden
2265 521 129 32 arms
2439 520 83 32 are
2561 511 51 39 to
2658 496 66 54 be
2775 496 171 70 joined

1604 573 105 52 into
1731 569 82 56 the
1834 571 218 56 wooden
2072 594 105 33 arm
2216 571 63 54 C.
2304 571 68 54 D.
2403 569 125 56 each
2550 568 396 70 independently

1603 642 124 57 with
1765 642 83 57 the
1888 643 233 56 movable
2159 643 175 70 hinges
2375 643 52 55 of
2464 642 148 56 metal
2654 643 51 53 in
2746 641 68 54 G.

2164 1574 117 40 Figure
2306 1574 16 40 3
2338 1574 32 40 a.

1711 1734 97 54 Let
1847 1734 137 56 there
2024 1734 64 56 be
2128 1734 170 56 nailed
2338 1736 105 52 into
2471 1733 82 55 the
2592 1732 219 56 wooden
2838 1757 101 30 arm

1599 1807 64 55 C.
1695 1806 67 56 D.
1791 1820 50 41 at
1877 1832 30 29 a
1946 1807 126 55 little
2110 1807 227 55 distance
2377 1807 124 55 from
2542 1806 67 55 D.
2639 1820 102 41 two
2769 1829 169 47 pieces

1599 1881 51 55 of
1687 1880 152 56 wood
1880 1882 50 52 in
1971 1881 88 62 K.,
2100 1881 169 55 which
2308 1895 128 41 must
2476 1882 189 69 project
2709 1894 50 40 at
2819 1880 119 54 least

1599 1954 139 54 three
1776 1954 101 54 feet
1904 1976 64 32 on
1996 1954 157 54 either
2182 1954 126 62 side,
2336 1976 53 32 as
2430 1956 52 51 in
2524 1952 18 55 I
2582 1951 101 56 and
2723 1952 70 62 L;
2821 1952 116 64 and,

1599 2041 49 41 at
1705 2026 127 56 their
1888 2026 143 63 ends,
2071 2027 138 55 there
2266 2041 130 41 must
2453 2026 65 56 be
2577 2041 73 40 set
2695 2050 30 31 a
2769 2026 169 70 pulley

1598 2098 165 56 wheel
1804 2114 49 40 at
1891 2098 157 56 either
2087 2100 118 62 end,
2237 2107 27 47 i.
2297 2122 38 32 e.
2368 2102 51 52 in
2460 2098 17 55 1
2519 2098 100 56 and
2660 2097 61 56 L.
2788 2097 149 56 Then

1599 2173 69 55 let
1706 2172 83 56 the
1827 2196 146 46 ropes
2013 2173 65 55 be
2119 2173 73 55 H.
2225 2173 35 55 I.
2289 2196 66 32 on
2394 2196 96 32 one
2530 2172 109 56 side
2666 2171 100 56 and
2797 2171 55 56 F.
2876 2171 59 56 L.

2182 3136 118 40 Figure
2325 3137 20 34 3
2359 3137 31 35 b.

1604 3290 65 30 on
1708 3266 83 54 the
1830 3266 154 63 other,
2024 3266 101 56 and
2165 3267 67 55 let
2278 3291 97 32 one
2433 3268 99 56 end
2591 3269 50 55 of
2697 3269 136 56 them
2879 3271 65 54 be

1604 3338 104 56 tied
1765 3353 51 40 to
1873 3338 83 56 the
2011 3339 219 56 wooden
2287 3363 104 33 arm
2438 3342 56 54 F.
2525 3342 69 54 G.
2644 3344 49 54 in
2742 3343 56 56 F.
2843 3343 99 56 and

1605 3435 113 45 pass
1745 3410 211 72 through
1981 3410 83 55 the
2090 3412 172 70 pulley
2287 3413 164 56 wheel
2480 3414 61 55 L.
2565 3418 200 69 coming
2790 3416 152 55 down

1605 3484 217 55 beneath
1859 3483 84 56 the
1981 3484 130 55 level
2151 3485 51 54 of
2240 3485 83 56 the
2365 3501 137 58 stage
2544 3488 80 55 M.
2667 3488 68 56 N.
2779 3492 50 53 in
2870 3489 70 55 O.

1605 3558 130 54 And
1775 3558 68 53 let
1881 3556 83 56 the
1991 3558 140 54 other
2158 3559 64 55 be
2248 3559 105 55 tied
2381 3574 51 41 to
2470 3560 84 56 the
2592 3563 154 56 wood
2775 3564 73 55 H.
2873 3563 68 54 G.

1606 3633 51 52 in
1698 3630 73 55 IT.
1801 3630 115 64 and,
1952 3633 203 68 passing
2192 3631 212 72 through
2442 3634 83 55 the
2564 3635 173 71 pulley
2780 3636 162 56 wheel

1608 3703 16 53 I
1666 3725 142 32 come
1848 3716 50 40 to
1956 3705 137 53 unite
2149 3704 124 54 with
2328 3705 84 55 the
2457 3705 140 57 other
2639 3709 100 54 end
2780 3710 61 55 L.
2871 3709 70 56 O.

1605 3775 132 56 And
1777 3775 67 55 let
1884 3790 135 41 tnere
2058 3776 65 55 be
2180 3791 103 42 two
2323 3779 141 56 other
2503 3781 145 56 cords
2688 3784 52 53 of
2777 3783 167 55 which

1605 3849 69 55 let
1712 3871 96 32 one
1848 3849 100 54 end
2005 3850 65 54 be
2127 3850 105 56 tied
2291 3854 52 52 in
2395 3852 75 64 F.,
2511 3854 83 56 the
2634 3856 100 55 end
2775 3857 51 55 of
2862 3856 82 56 the

1604 3921 217 56 wooden
1860 3945 118 39 arm,
2020 3922 103 55 that
2163 3925 40 52 is
2244 3925 52 53 in
2334 3924 83 55 the
2464 3941 108 55 part
2605 3929 219 55 towards
2862 3929 82 55 the

1604 3995 218 56 wooden
1860 4019 103 32 arm
2010 3996 64 56 C.
2123 3995 69 58 D.
2240 3996 100 56 and
2392 4000 239 71 similarly
2676 4001 84 57 the
2807 4002 137 60 other

1605 4070 51 53 in
1695 4067 75 56 H.
