2986 4349
188 67 57 48 22

189 160 640 101 GENUINE
908 155 613 101 GORDON

188 306 109 64 BY
343 306 373 63 GEORGE
762 303 221 79 JEAN
1036 301 395 64 NATHAN

1464 319 60 39 (I)

185 463 191 125 THE
428 474 133 31 mere
621 449 107 55 hint
781 447 51 54 of
884 444 216 56 Gordon
1154 444 155 70 Craig
1349 446 50 52 in
1439 443 85 55 the

296 524 226 71 Douglas
562 523 134 55 Ross
735 519 299 71 production
1073 518 51 53 of

187 604 109 52 .—it
353 599 41 54 is
453 594 179 71 simply
689 618 28 31 a
771 593 122 61 hint,
949 615 53 31 as
1056 590 157 70 Craig
1260 589 86 55 has
1401 612 90 32 con-

187 669 217 61 tributed
457 668 117 70 only
630 691 29 30 a
715 667 100 53 few
874 663 226 56 sketches
1158 665 100 51 and
1318 683 174 50 sugges-

185 749 130 53 tions
327 780 67 6 —
406 745 40 52 is
503 755 84 58 yet
651 740 244 55 sufficient
951 752 52 40 to
1056 735 221 56 indicate
1341 749 51 41 to
1454 735 66 55 all

185 819 99 56 and
339 814 183 70 sundry
574 813 84 54 the
710 811 226 55 distance
989 808 103 55 that
1138 822 250 55 separates
1437 806 84 56 the

184 893 157 56 father
386 889 51 54 of
488 886 207 56 modern
742 885 318 67 interpretive
1115 882 274 54 scenecraft
1435 895 88 41 not

185 965 117 71 only
347 963 123 55 from
523 959 83 54 the
653 980 127 32 mass
834 956 51 55 of
931 968 377 55 contemporary
1350 976 171 32 scenic

185 1053 374 54 entrepreneurs
597 1031 91 55 but
725 1030 105 54 also
869 1029 124 54 from
1031 1026 76 55 his
1135 1049 117 33 own
1290 1025 230 56 hundred

184 1110 100 56 and
322 1130 97 33 one
456 1105 239 68 offspring
731 1101 99 56 and
876 1102 254 54 imitators.
1209 1097 173 56 These
1420 1098 103 56 few

184 1182 175 57 flashes
418 1178 50 55 of
504 1177 174 67 .Craig
733 1175 111 54 thus
902 1172 233 57 revealed
1192 1186 130 41 must
1366 1194 154 47 prove

184 1277 126 33 even
349 1267 50 41 to
438 1274 94 31 one
589 1248 212 55 hitherto
858 1244 371 70 unacquainted
1275 1243 123 56 with
1441 1243 78 56 his

187 1327 138 55 work
362 1323 134 57 what
533 1322 141 55 those
731 1321 51 53 of
839 1342 56 32 us
952 1317 117 57 who
1114 1324 125 47 have
1279 1316 241 55 followed

184 1399 76 56 his
280 1398 296 67 enterprises
603 1394 74 55 for
702 1416 146 46 many
874 1415 139 47 years
1041 1390 126 55 have
1195 1389 322 64 maintained,

184 1488 51 41 to
273 1474 104 61 wit,
404 1469 103 56 that
532 1468 118 55 here
677 1469 40 52 is
744 1465 83 55 the
855 1488 95 32 one
976 1464 101 55 and
1110 1463 118 71 only
1266 1463 254 54 authentic

187 1547 167 54 scenic
392 1543 136 55 artist
566 1540 51 55 of
654 1538 82 54 the
776 1537 206 55 modern
1020 1535 204 56 theatre.

293 1617 114 55 The
447 1617 132 53 main
625 1611 270 58 difference
952 1610 234 55 between
1225 1609 155 70 Craig
1418 1609 101 55 and

184 1690 67 55 all
289 1689 83 56 the
399 1686 138 58 other
562 1684 216 57 workers
806 1685 52 53 in
899 1697 136 55 stage
1074 1681 228 70 pictorial
1341 1681 178 70 design

185 1765 41 53 is
267 1763 102 54 that
405 1761 63 54 he
509 1761 39 52 is
588 1780 63 32 an
679 1759 290 67 interpreter
1007 1759 51 51 of
1096 1754 171 54 drama
1294 1756 51 52 in
1371 1768 148 40 terms

187 1836 52 56 of
264 1857 204 48 scenery
494 1831 101 57 and
634 1832 61 54 its
721 1830 229 71 adjuncts
976 1827 225 58 whereas
1227 1827 85 56 the
1337 1826 182 65 others,

185 1932 116 31 save
338 1906 150 56 when
526 1904 115 69 they
667 1918 73 54 try
766 1900 160 57 rather
965 1898 321 73 pathetically
1312 1914 51 39 to
1390 1923 130 45 copy

184 1981 75 55 his
298 1977 219 64 method,
556 2000 83 32 are
667 1975 180 71 simply
872 1973 101 55 and
1012 1979 174 64 purely
1229 1972 290 56 fabricators

185 2053 51 56 of
275 2055 204 67 settings
518 2047 272 70 externally
816 2046 267 71 suggested
1121 2046 68 70 by
1214 2045 82 55 the
1323 2045 196 55 dramas

185 2126 116 68 they
339 2125 170 54 adorn.
589 2119 196 72 Craig's
827 2122 204 67 settings
1070 2141 144 32 come
1241 2131 86 42 out
1352 2118 52 55 of
1435 2116 84 57 the

184 2198 136 70 body
358 2196 99 56 and
495 2208 189 41 texture
742 2192 52 56 of
849 2216 28 29 a
933 2191 195 63 drama;
1173 2189 141 56 those
1354 2199 52 46 of
1441 2189 78 56 his

187 2269 419 70 contemporaries
669 2290 81 30 are
813 2264 183 55 visited
1054 2286 135 47 upon
1246 2287 29 31 a
1332 2263 185 57 drama.

184 2343 117 56 The
340 2343 141 53 latter
526 2339 66 56 do
631 2352 86 42 not
754 2335 140 58 work
918 2332 194 62 toward
1138 2360 65 33 an
1229 2339 264 69 interpreta-

184 2420 105 54 tion
327 2415 51 55 of
415 2438 29 31 a
484 2413 114 71 play
655 2436 55 30 so
767 2409 147 57 much
970 2434 52 31 as
1081 2409 191 56 toward
1317 2433 29 31 a
1385 2433 134 32 mere

185 2488 224 57 outward
449 2487 276 71 projection
763 2484 52 56 of
860 2485 52 55 it.
988 2483 159 54 Their
1192 2484 205 70 settings
1436 2507 84 32 are

185 2561 137 56 often
348 2556 369 70 beautiful.and
744 2556 136 56 often
907 2555 332 71 superficially
1271 2556 246 64 effective,

184 2658 53 32 as
275 2634 84 54 the
397 2634 205 68 settings
640 2635 53 51 of
729 2653 29 32 a
795 2652 151 33 revue
990 2652 55 33 or
1070 2627 209 58 musical
1305 2629 214 71 comedy

184 2730 83 31 are
300 2704 241 57 beautiful
569 2702 99 56 and
695 2701 243 64 effective,
979 2701 90 55 but
1095 2700 115 71 they
1237 2701 280 55 contribute

183 2777 128 56 little
349 2800 55 33 or
428 2775 207 71 nothing
659 2774 193 57 toward
889 2774 84 55 the
999 2772 333 57 illumination
1359 2774 52 55 of
1434 2774 85 58 the

183 2850 138 56 heart
358 2848 99 56 and
496 2847 108 56 soul
645 2847 51 55 of
733 2871 28 31 a
800 2846 184 56 drama.
1065 2846 40 55 It
1144 2848 39 53 is
1224 2870 28 31 a
1286 2869 230 33 common

183 2923 348 70 phenomenon
557 2921 51 54 of
634 2921 81 54 the
742 2920 186 55 theatre
955 2935 51 39 to
1044 2920 101 54 find
1172 2944 64 30 an
1270 2920 246 55 audience

184 2996 171 70 loudly
394 2993 308 71 applauding
740 3017 29 31 a
808 2996 144 67 piece
1004 2993 51 54 of
1106 3016 206 46 scenery
1366 2993 150 55 when

184 3068 83 55 the
305 3069 190 54 curtain
536 3087 117 48 goes
681 3088 67 46 up
775 3064 99 55 and
902 3066 171 53 before
1114 3064 81 55 the
1234 3066 118 69 play
1384 3066 133 54 itself

181 3142 88 54 has
308 3139 216 78 actually
568 3139 184 70 begun.
829 3137 136 57 That
1021 3141 42 53 is
1119 3162 64 32 an
1239 3162 276 32 occurence

181 3212 367 72 appropriately
574 3226 194 56 strange
794 3224 50 41 to
871 3210 83 55 the
992 3210 186 56 theatre
1216 3214 51 52 of
1302 3212 213 54 Gordon

183 3288 171 68 Craig!

292 3358 72 54 So
402 3355 149 56 much
589 3354 86 56 has
715 3355 131 55 been
890 3356 198 54 written
1133 3356 50 55 of
1223 3356 154 72 Craig
1415 3356 100 56 and

180 3431 76 55 his
296 3430 231 61 theories,
569 3428 120 54 both
745 3428 68 69 by
870 3428 161 54 others
1077 3428 99 54 and
1216 3429 67 70 by
1321 3430 191 70 myself,

180 3505 104 56 that
322 3505 39 55 it
399 3505 42 53 is
480 3524 333 47 unnecessary
849 3515 51 42 to
938 3515 84 56 toy
1064 3501 125 56 with
1232 3505 282 69 repetition.

180 3576 117 56 The
336 3590 130 55 story
505 3575 51 53 of
593 3574 82 53 the
716 3596 113 32 man
870 3572 241 71 proceeds
1147 3576 241 70 naturally
1415 3576 99 55 and

181 3649 213 69 forcibly
433 3661 85 41 out
557 3652 51 49 of
645 3670 28 31 a
711 3646 391 70 contemplation
1142 3647 50 55 of
1229 3647 81 56 the
1350 3649 164 55 efforts

181 3723 51 56 of
287 3721 66 57 all
409 3720 82 54 the
548 3718 140 56 other
744 3743 151 33 scene
951 3718 255 72 designers
1265 3721 251 72 presently

180 3797 164 53 active
383 3796 52 53 in
472 3791 84 57 the
612 3792 161 57 world
830 3796 204 52 theatre.
1111 3791 172 57 These
1335 3795 180 69 simply

269 3962 58 40 (1)
355 3962 38 35 A
418 3959 119 37 further
563 3960 88 35 Note
673 3975 42 19 cn
741 3959 53 36 the
862 3959 162 36 Macbeth
1092 3959 191 41 production
1305 3961 44 40 by
1373 3962 55 35 Mr
1446 3962 46 36 Na-

180 4008 79 35 than
299 4006 56 35 vill
380 4012 40 29 be
452 4005 101 35 found
579 4018 116 26 among
725 4017 89 22 seme
835 4004 87 35 short
954 4004 152 35 Extracts
1128 4019 43 20 cn
1203 4005 53 34 the
1279 4005 124 40 subject
1435 4006 79 35 from

179 4053 126 35 various
332 4064 125 22 sources
482 4048 161 40 reprinted
666 4062 40 21 cn
730 4062 94 27 pege.
851 4048 103 37 23-4.
1442 4051 71 35 Ed.

1576 171 175 50 grope*
1770 173 137 34 more
1945 174 56 33 or
2039 150 98 57 less
2185 151 197 69 blindly
2432 148 124 56 after
2594 157 139 46 what
2771 155 154 65 Craig

1575 223 219 70 actually
1832 223 384 70 accomplishes,
2257 222 102 55 that
2394 223 59 61 is,
2483 220 143 55 those
2664 220 261 69 designers

1573 296 121 56 who
1732 320 83 32 are
1854 312 51 40 to
1944 297 65 55 be
2048 297 150 55 taken
2236 311 50 39 at
2325 296 66 53 all
2434 293 258 70 seriously.
2791 292 99 57 Ger-

1573 392 165 49 many,
1780 369 75 56 for
1893 372 242 60 instance,
2177 371 40 52 is
2258 368 90 55 full
2406 366 54 54 of
2516 366 76 54 his
2650 366 272 63 followers,

1573 466 140 32 some
1751 443 52 55 of
1840 443 135 55 them
2005 468 61 6 ~~
2088 442 266 54 craftsmen
2413 439 101 55 like
2564 439 150 55 Ernst
2754 439 167 65 Stern,

1572 515 191 56 Alfred
1804 515 177 55 Roller
2019 515 100 55 and
2168 513 222 71 Ludwig
2443 512 215 63 Sievert,
2697 512 85 56 the
2822 512 101 57 first

1572 590 53 54 in
1665 587 393 72 particular—of
2095 611 64 30 an
2198 585 318 70 exceptional
2555 584 245 71 aptitude,
2831 585 90 55 but

1571 684 133 32 none
1744 662 52 54 of
1831 660 137 55 them
1995 662 138 68 quite
2163 659 242 55 succeeds
2447 660 51 54 in
2537 658 267 71 achieving
2836 659 85 56 the

1570 734 128 55 ends
1737 734 103 55 that
1886 734 155 68 Craig
2085 733 252 54 achieves.
2433 730 151 71 They
2643 752 146 49 grasp
2841 731 77 56 his

1570 806 215 55 theories
1850 805 101 56 and
2014 805 76 55 his
2156 802 229 58 methods
2457 806 51 52 in
2573 804 192 54 outline
2829 804 91 57 but

1570 879 195 56 seldom
1804 881 51 52 in
1895 891 218 42 content.
2192 876 151 73 They
2381 879 286 53 sometimes
2715 893 80 56 get
2834 885 84 48 the

1570 952 171 55 effects
1780 952 118 70 they
1954 951 167 56 desire
2179 951 67 71 by
2304 951 198 71 Craig's
2555 974 170 32 means
2766 951 89 56 but
2898 952 15 54 1

1568 1025 129 56 have
1733 1040 84 56 yet
1855 1040 51 39 to
1947 1049 84 30 see
2071 1048 97 31 one
2207 1025 51 54 of
2296 1025 126 54 their
2461 1023 325 72 productions
2813 1025 104 56 that

1567 1096 93 56 did
1699 1112 86 40 not
1824 1097 116 55 here
1980 1096 100 56 and
2119 1096 139 56 there
2286 1100 52 53 in
2372 1098 61 54 its
2474 1120 178 32 course
2691 1097 223 70 collapse

1567 1170 160 54 either
1765 1170 219 55 because
2023 1171 52 53 of
2119 1194 63 31 an
2241 1170 54 55 ill
2353 1170 329 55 assimilation
2730 1176 51 49 of
2831 1168 85 57 the

1568 1243 155 71 Craig
1751 1243 272 70 principles
2052 1267 53 31 or
2132 1243 219 56 because
2376 1243 118 71 they
2531 1243 127 56 have
2693 1244 221 70 injected

1566 1316 157 69 faulty
1763 1316 109 55 side
1916 1316 215 55 theories
2183 1317 52 54 of
2285 1317 125 56 their
2461 1340 117 33 own
2631 1319 104 54 into
2787 1317 127 56 their

1568 1393 201 66 general
1808 1392 376 67 appropriation
2224 1389 125 56 from
2390 1392 170 68 Craig.

1677 1462 157 71 Craig
1871 1462 166 55 thinks
2094 1463 52 54 of
2203 1486 209 47 scenery
2462 1463 101 54 and
2603 1463 51 54 of
2692 1487 29 30 a
2761 1465 125 68 parti-

1567 1534 137 56 cular
1742 1534 170 57 drama
1951 1551 49 39 at
2039 1559 96 32 one
2161 1535 101 56 and
2301 1535 84 56 the
2426 1559 134 32 same
2587 1537 137 54 time.
2796 1535 116 57 The

1567 1608 273 71 generality
1878 1608 52 56 of
1967 1608 76 54 his
2083 1609 285 70 colleagues
2417 1611 113 69 give
2582 1632 56 32 us
2696 1608 84 57 the
2820 1611 61 54 im-

1566 1683 227 67 pression
1832 1681 51 55 of
1920 1681 230 71 thinking
2194 1683 52 54 of
2288 1681 85 56 the
2431 1681 171 56 drama
2657 1681 103 57 first
2810 1684 101 56 and

1566 1752 134 64 then,
1742 1756 259 54 sometime
2042 1754 137 63 later,
2220 1755 52 55 of
2309 1755 84 55 the
2445 1778 223 48 scenery.
2746 1755 162 65 Thus,

1566 1825 169 56 where
1775 1827 155 70 Craig
1975 1827 236 56 becomes
2248 1853 51 35 .a
2349 1827 259 56 dramatist
2664 1829 178 56 within
2881 1854 30 31 a

1566 1898 258 56 dramatist
1862 1898 82 55 the
1982 1898 165 56 others
2187 1900 150 56 strike
2377 1924 96 32 one
2518 1925 54 31 as
2629 1901 280 57 dramatists

1566 1975 170 67 sitting
1793 1971 185 56 astride
2036 1972 83 55 the
2178 1973 259 56 shoulders
2495 1975 52 54 of
2610 1975 297 57 dramatists.

1564 2043 172 57 There
1775 2047 42 53 is
1857 2046 186 70 always
2083 2069 62 31 an
2185 2070 133 47 open
2358 2070 168 47 space,
2568 2071 56 32 so
2652 2062 49 41 to
2737 2048 170 70 speak,

1566 2117 233 56 between
1826 2117 127 56 their
1980 2113 349 76 backgrounds
2357 2119 99 55 and
2497 2119 83 56 the
2607 2121 117 70 play
2751 2122 156 62 itself;

1564 2197 84 49 the
1686 2206 103 40 two
1835 2191 67 55 do
1959 2206 88 40 not
2102 2193 115 55 flow
2274 2199 225 64 together
2558 2194 246 72 smoothly
2855 2220 53 30 as

1566 2287 110 32 one.
1755 2263 116 57 The
1910 2263 350 65 backgrounds
2301 2273 51 47 of
2396 2267 155 61 Craig
2589 2290 153 33 never
2780 2268 74 56 for
2880 2293 28 31 a

1564 2351 220 42 moment
1841 2337 270 56 dissociate
2166 2338 300 57 themselves
2523 2342 126 53 from
2687 2363 29 33 a
2754 2342 150 70 play;

1564 2409 116 65 they
1718 2409 219 72 whisper
1976 2409 82 57 the
2104 2426 103 40 text
2263 2434 127 33 even
2448 2437 52 30 as
2560 2414 38 53 it
2654 2415 41 54 is
2753 2414 154 71 being

1564 2483 191 71 spoken
1816 2489 63 65 by
1937 2483 82 54 the
2076 2484 220 70 players;
2343 2485 84 55 the
2466 2485 357 57 orchestration
2864 2490 40 52 is

1564 2555 351 70 meticulously
1952 2555 100 56 and
2105 2558 272 69 gracefully
2415 2572 159 42 exact.
2652 2558 171 57 There
2864 2563 40 52 is

1563 2652 151 31 never
1771 2652 28 30 a
1857 2627 372 67 self-assertive,
2274 2630 351 71 obstreperous
2677 2647 133 49 note,
2851 2657 53 30 as

1564 2704 51 52 in
1655 2700 83 56 the
1778 2724 115 33 case
1920 2701 51 56 of
1996 2701 83 56 the
2118 2702 181 56 others.
2380 2704 89 54 He
2495 2702 200 58 devises
2725 2707 182 70 setting

1562 2775 100 56 and
1702 2789 396 57 appurtenances
2127 2776 281 71 something
2434 2777 122 56 after
2583 2777 84 57 the
2701 2801 205 36 manner

1564 2848 51 55 of
1653 2873 28 30 a
1722 2857 95 46 soil
1855 2848 209 56 musical
2104 2854 450 67 accompaniment.

1672 2921 199 71 Craig's
1910 2921 362 57 contributions
2318 2937 50 42 to
2414 2923 83 58 the
2536 2925 128 56 local
2701 2949 174 47 presen-

1562 3007 155 41 tation
1745 2993 51 55 of
1824 2993 389 71 Shakespeare's
2254 2996 206 71 tragedy
2498 3020 127 48 may,
2649 3021 52 32 as
2733 2997 16 56 I
2777 2998 126 56 have

1563 3066 125 63 said,
1730 3067 63 55 be
1832 3067 148 55 taken
2020 3073 119 65 only
2194 3092 54 32 as
2306 3069 330 73 fragmentary
2687 3072 217 70 samples

1562 3139 52 55 of
1651 3139 76 55 his
1765 3139 286 70 technique.
2131 3141 82 54 To
2252 3142 153 71 judge
2445 3143 83 56 the
2573 3146 138 53 artist
2754 3168 119 34 accu-

1561 3212 170 70 rately,
1773 3236 96 30 one
1926 3227 130 41 must
2113 3213 151 57 know
2319 3214 104 56 him
2480 3231 86 40 not
2616 3218 126 55 from
2782 3218 122 56 such

1562 3308 133 32 mere
1735 3298 310 57 suggestions
2085 3285 90 56 but
2212 3289 127 55 from
2382 3289 77 55 his
2504 3312 117 33 own
2673 3292 230 68 personal

1561 3358 283 57 directorial
1865 3359 192 55 control
2079 3383 117 32 over
2217 3360 150 57 them.
2420 3362 130 55 This

1562 3433 41 52 is
1644 3433 145 68 given
1848 3445 50 40 to
1957 3454 56 31 us
2052 3431 125 56 with
2232 3433 84 56 the
2373 3458 113 32 man
2544 3435 202 57 himself
2795 3438 109 56 four

1561 3504 246 57 thousand
1864 3504 144 54 miles
2064 3528 160 47 away.
2305 3508 88 54 He
2451 3510 182 70 simply
2688 3510 143 56 drew
2875 3536 28 30 a

1561 3576 99 55 few
1699 3579 216 67 pictures
1954 3576 101 55 and
2094 3577 258 58 indicated
2409 3604 29 31 a
2495 3581 101 56 few
2634 3583 267 72 colorings.

1561 3649 114 55 The
1733 3650 101 54 real
1891 3650 156 70 Craig
2517 3655 86 56 thu
2609 3681 20 31 s
2688 3660 214 54 remains

1559 3722 125 56 with
1721 3722 104 56 him
1865 3725 51 53 in
1954 3722 77 55 his
2070 3722 165 59 far-off
2276 3725 174 57 Italian
2490 3727 201 59 Genoa.
