3029 4359
153 100 57 44 32

156 191 48 56 5.
246 187 359 58 TEATRO
658 180 139 57 S.S.
850 177 452 56 APOSTOLI,
1354 169 167 56 1649.

155 321 275 127 THERE
487 355 137 33 were
682 342 108 42 two
827 326 250 56 Theatres
1118 321 52 56 of
1208 319 98 56 this
1345 340 167 33 name.

301 410 119 56 The
483 407 100 57 first
647 407 53 52 in
757 427 30 30 a
845 401 137 70 large
1039 397 160 56 house
1258 396 53 53 in
1363 389 161 59 Calk

157 486 81 58 de'
270 481 240 71 Proverb]
554 486 132 48 ossia
726 476 151 56 Calle
925 473 180 69 Larga.
1187 468 146 56 Here
1377 487 146 34 were

159 584 149 49 given
348 554 277 60 comedies.
705 549 118 57 The
851 568 193 37 secono.
1071 568 52 32 m
1152 568 30 31 a

158 638 52 54 in
251 632 150 57 Calle
440 629 122 57 dell'
586 628 121 56 Oca
746 624 171 57 where
957 618 212 60 musical
1210 617 174 56 drama
1409 637 114 32 was.

161 711 166 69 given.
458 700 259 73 Roughly,
784 698 146 56 Plate
1001 689 363 72 VLength
1436 686 87 64 17*

157 782 174 72 height
371 780 85 56 22.

158 929 51 58 6.
288 927 262 58 TEATRO
628 921 188 60 SANT'
858 919 428 58 APOLLINARE,
1361 911 155 56 1651.

185 1064 76 87 j\,
313 1069 301 78 good-sized
665 1068 226 57 Theatre
955 1067 54 52 in
1060 1062 85 56 the
1203 1061 159 54 Corte
1420 1058 103 56 Pe-

312 1163 160 42 trxana
488 1170 118 33 near
623 1144 82 56 the
728 1141 149 55 Calls
894 1137 173 58 which
1082 1134 143 57 leads
1241 1148 51 42 to
1314 1132 85 56 the
1423 1142 99 44 iro.~

164 1224 168 73 gheilo
370 1223 53 55 of
468 1221 106 57 San
615 1216 283 58 Benedetto
939 1212 170 71 (Plate
1146 1210 51 64 3,
1240 1207 203 72 Length
1470 1207 56 64 7,

160 1298 173 71 height
370 1294 109 71 27).

224 1447 47 56 7.
331 1443 264 57 TEATRO
648 1439 130 56 SAN
839 1435 402 61 SALVATORE,
1303 1430 155 57 1661.

162 1604 203 127 THIS
406 1591 190 55 theatre
637 1590 42 54 is
722 1583 218 59 situated
1000 1607 53 30 in
1112 1580 85 57 the
1248 1579 180 57 Parish
1472 1579 57 54 of

309 1668 105 56 San
467 1665 266 56 Cassiano.
790 1659 146 56 Plate
992 1656 85 65 III,
1119 1655 159 57 about
1324 1654 205 72 Length

166 1743 86 64 23,
293 1739 171 73 height
503 1738 113 57 4-5.

167 1892 51 56 8.
295 1889 371 56 TEATRO
741 1895 84 43 AI
903 1881 380 61 SALONI,
1372 1877 154 56 1670.

164 2021 205 127 THIS
416 2059 106 32 was
580 2058 30 31 a
656 2032 128 56 little
844 2028 224 57 Theatre
1117 2030 52 53 in
1229 2026 83 56 the
1361 2026 172 71 parish

312 2110 52 55 of
422 2108 56 57 S.
529 2107 270 71 Gregorio.
851 2103 146 55 Plate
1048 2101 99 64 IV,
1192 2099 203 73 Length
1449 2099 82 64 16,

168 2185 173 72 height
380 2185 50 54 8.

164 2334 25 56 9
189 2334 26 56 .
294 2332 329 56 TEATRO
689 2326 226 58 SANT'
938 2324 367 57 ANGELO
1377 2324 155 56 1677.

185 2466 64 84 [N
290 2480 84 56 the
430 2478 179 57 Parish
667 2477 52 56 of
776 2474 144 56 Sand
943 2473 231 71 Angelo,
1237 2472 148 57 Plate
1446 2473 85 61 III.

251 2553 204 72 Length
493 2554 79 62 12,
613 2549 172 74 height
827 2549 85 56 29.

178 2700 352 57 10.TEATRO
553 2699 386 57 S.GIOVANNI
962 2695 410 56 GRISOSTOMO
1396 2696 137 56 1678

172 2834 203 71 THIS
418 2847 225 56 Theatre
694 2870 107 32 was
853 2845 132 56 built
1037 2846 52 54 in
1138 2844 135 56 1677
1328 2842 69 74 by
1447 2844 85 57 the

318 2922 154 56 noble
498 2921 174 71 family
694 2920 236 56 Grimani
957 2919 101 55 and
1080 2916 206 72 opened
1314 2920 52 53 in
1396 2919 137 55 1678

169 2996 126 56 with
348 2996 84 57 the
488 3020 152 47 opera
1178 2992 68 71 by
1301 2991 232 58 Maestro

174 3070 333 57 Pallavicino.

286 3145 40 54 it
364 3169 105 32 was
510 3142 167 57 called
710 3165 52 33 in
799 3142 137 55 1730
1032 3140 83 55 the
1156 3155 108 42 true
1298 3138 235 59 Phoenix

172 3217 51 55 of
262 3217 248 55 Theatres
643 3216 65 54 Its
736 3239 147 31 name
910 3213 232 71 changed
1162 3239 31 30 a
1220 3215 100 55 few
1347 3216 146 54 times
1519 3239 10 31 :

172 3293 39 52 it
249 3291 211 56 became
488 3289 191 56 Teatro
707 3288 158 56 Gallo
901 3288 100 56 and
1042 3288 119 56 then
1188 3287 193 57 Teatro
1410 3288 80 56 Ma-

172 3363 180 57 li'oran.
435 3364 40 55 It
513 3387 106 32 was
660 3363 191 56 altered
891 3362 103 56 and
1032 3362 224 56 restored
1305 3364 52 54 in
1394 3363 135 56 1834

172 3438 126 56 after
360 3437 206 72 designs
632 3437 68 71 by
764 3437 84 54 the
925 3435 241 58 architect
1244 3435 284 58 Salvador!.

178 3510 40 55 It
256 3512 108 54 will
406 3510 64 56 be
511 3510 159 56 found
710 3535 66 30 on
818 3510 145 55 Plate
1021 3509 96 64 V.,
1179 3509 202 73 Length
1449 3510 79 65 15,

173 3585 173 71 height
394 3587 67 54 23
503 3584 266 72 precisely.

183 3734 78 55 11.
322 3733 312 57 TEATRO
712 3733 257 56 CANAL
1047 3738 251 58 REGIO,
1373 3733 154 56 1679.

338 3883 142 55 small
521 3881 278 73 playhouse
839 3881 129 56 built
1009 3880 67 72 by
1122 3879 185 57 Marco
1348 3880 180 57 Moro-

176 3950 119 68 J~\
338 3980 98 32 smi
477 3970 141 57 quite
657 3979 118 33 near
802 3955 84 57 the
914 3954 189 58 church
1129 3955 53 55 of
1209 3954 56 56 S.
1296 3954 231 66 Giobbe,

174 4034 97 56 this
336 4031 189 56 theatre
588 4031 107 56 will
762 4030 65 57 be
892 4030 159 57 found
1117 4032 52 52 in
1229 4029 146 57 Plate
1441 4031 86 65 III,

177 4105 202 72 Length
418 4106 87 65 22,
550 4104 173 73 height
789 4105 80 57 15.

1589 167 80 54 12.
1749 164 266 57 TEATRO
2114 164 176 56 ALLE
2387 160 321 65 ZATTERE,
2796 163 151 58 1679.

1608 309 76 70 f\
1747 337 120 48 very
1909 313 144 57 small
2093 311 226 57 Theatre
2359 309 174 57 where
2575 309 373 61 Marionnettes

1575 376 134 48 +\
1748 386 303 74 performed.
2131 385 213 57 Almost
2384 382 301 73 impossible
2725 398 52 42 to
2805 385 144 70 place

1582 462 92 56 but
1712 462 299 72 apparently
2051 461 147 56 Plate
2241 460 59 56 II.
2383 457 204 73 Length
2656 457 61 56 12
2765 464 50 49 &
2868 461 80 65 11,

1583 536 174 60 height
1799 537 31 56 2
1871 542 51 50 &
1960 537 51 56 3.

1675 596 27 13 %aJ

1589 687 80 55 13.
1748 685 390 57 TEATRO
2233 683 451 58 ALTIERI.
2796 685 148 58 1690.

1592 849 73 68 |N
1731 833 84 57 the
1894 833 189 73 garden
2161 833 52 56 of
2289 832 85 56 the
2453 832 218 56 Palazzo
2736 831 208 61 Altieri.

1663 909 234 56 Position
1937 923 88 41 not
2064 907 356 71 satisfactorily
2459 906 283 57 identified.

1589 1059 79 55 14.
1747 1057 265 56 TEATRO
2109 1057 221 56 SANTA
2416 1055 282 64 MARINA,
2793 1056 151 58 1698.

1607 1198 74 72 /\
1745 1208 195 70 private
1979 1205 226 58 Theatre
2245 1219 88 42 not
2370 1205 74 56 far
2478 1205 127 56 from
2632 1204 85 56 the
2756 1203 190 60 Teatro

1747 1282 106 55 San
1894 1280 263 57 Giovanni
2218 1280 324 56 Grisostomo
2589 1279 128 69 (No.
2768 1280 87 70 10)
2895 1283 51 54 in

1576 1355 88 56 the
1731 1355 265 56 Contrada
2059 1355 59 56 S.
2159 1354 216 57 Marino
2438 1378 121 33 near
2614 1363 17 46 i
2685 1353 258 61 Miracoli.

1579 1430 150 56 Plate
1768 1430 96 65 V.,
1907 1429 157 57 about
2104 1429 175 72 length
2327 1430 79 64 17,
2448 1429 175 72 height
2667 1429 88 56 21.

1589 1579 79 56 15.
1772 1578 267 55 TEATRO
2142 1578 130 55 SAN
2379 1578 301 64 FANTINO,
2794 1578 150 57 1699.

1589 1720 235 89 F\JEAR
1883 1726 83 56 the
2026 1741 114 57 spot
2198 1726 172 57 where
2430 1726 154 72 today
2637 1725 79 57 La
2758 1726 188 57 Fenice

1738 1801 188 65 stands,
2008 1801 211 57 ...about
2302 1801 175 72 length
2584 1802 59 56 14
2742 1815 52 42 to
2868 1804 75 63 10,

1578 1875 178 73 height
1795 1877 70 55 32
1907 1876 52 56 of
1998 1876 149 57 Plate
2190 1876 86 57 HI.

1590 2026 80 56 16.
1787 2025 267 57 TEATRO
2176 2025 129 55 SAN
2443 2025 219 64 MOISE,
2794 2025 150 57 1699.

1608 2191 76 48 /V
1747 2176 195 71 private
1983 2173 226 59 Theatre
2231 2176 52 58 in
2304 2174 153 58 Calie
2479 2173 185 74 Lunga
2685 2174 56 56 S.
2773 2174 173 58 Moise
3007 2220 5 18 ,

1747 2248 171 57 which
1959 2251 40 53 is
2041 2272 66 32 on
2149 2248 146 56 Plate
2338 2248 100 56 IV.
2487 2248 203 72 Length
2718 2248 36 57 6
2780 2263 51 41 to
2868 2248 76 65 16,

1582 2322 176 72 height
1796 2323 33 57 4
1871 2337 52 41 to
1965 2323 48 57 5.

1594 2466 290 63 IJESSDES
1924 2472 143 57 these
2096 2474 195 55 sixteen
2313 2497 139 33 more
2474 2498 54 32 or
2556 2474 99 56 less
2679 2475 268 71 important

1716 2545 305 73 playhouses
2062 2546 52 56 of
2152 2546 84 56 the
2285 2546 120 56 17th
2439 2563 209 56 century
2675 2548 140 56 there
2843 2572 101 32 was

1580 2644 31 31 a
1653 2628 209 47 tealrino
1919 2621 52 55 of
2030 2620 242 66 Murano,
2344 2621 153 64 1660,
2558 2647 29 30 a
2648 2630 211 49 icatrino
2896 2623 50 56 of

1582 2694 141 57 Dolo
1749 2695 154 56 1697.
1964 2695 101 56 Ihe
2104 2695 19 56 i
2140 2710 139 42 eatro
2308 2695 105 57 San
2436 2695 287 60 Benedetto
2742 2696 204 58 erected

1580 2771 52 54 in
1660 2770 139 56 1788
1825 2770 70 71 by
1921 2770 83 56 the
2035 2770 237 57 Grimani
2300 2771 190 70 family,
2521 2774 243 56 architect
2793 2771 121 57 Fran-

1579 2867 152 31 cesco
1761 2844 161 57 Costa
1947 2844 54 57 of
2027 2844 110 57 Pad
2144 2868 94 33 ova
2261 2869 13 33 :
2316 2844 85 58 the
2427 2840 195 63 Teafcro
2650 2846 108 57 San
2786 2846 158 65 Luca,

1579 2917 206 57 erected
1822 2919 153 63 1629,
2017 2919 273 72 destroyed
2330 2920 69 72 by
2439 2921 86 56 fire
2566 2924 53 53 in
2669 2921 137 57 1750
2845 2921 99 57 and

1579 2991 187 57 rebuilt
1824 2994 52 54 in
1935 2992 85 56 the
2076 3016 138 33 same
2269 3016 119 49 year
2443 2994 68 72 by
2565 2995 86 57 the
2704 2995 242 57 architect

1580 3066 173 57 Pietro
1781 3066 196 57 Chezia
1998 3093 10 31 :
2039 3067 84 57 the
2163 3068 23 55 1
2205 3082 139 44 eatro
2373 3068 190 58 Fenice
2585 3070 131 57 built
2746 3071 123 56 1791
2887 3071 55 56 -2

1579 3140 67 72 by
1686 3140 85 57 the
1818 3141 242 57 architect
2107 3141 242 58 Antonio
2389 3143 156 58 Selva
2568 3170 12 31 :
2628 3145 85 57 the
2753 3145 190 57 Teatro

1579 3215 57 55 S.
1674 3215 259 66 Samuele,
1982 3217 205 56 erected
2236 3217 68 71 by
2350 3217 86 57 the
2490 3218 237 57 Grimani
2772 3221 172 70 family

1579 3289 51 54 in
1665 3297 8 47 !
1691 3289 108 55 688
1819 3314 10 31 :
1853 3288 84 57 the
1970 3289 26 55 I
2015 3305 137 40 eatro
2178 3292 47 55 a!
2256 3291 330 67 Malcantori,
2608 3293 332 59 1639-1748:

1578 3362 84 56 the
1721 3363 19 55 I
1759 3378 136 41 eatro
1947 3389 49 30 ai
2050 3364 329 59 Mendicanti
2427 3367 132 57 built
2610 3368 69 73 by
2726 3368 214 65 Torelli,

1587 3437 308 57 1640-1747
1922 3463 10 31 :
1987 3439 101 56 and
2142 3439 119 57 then
2319 3465 32 31 a
2408 3442 102 56 few
2557 3443 145 56 small
2750 3446 193 70 private

1575 3510 217 58 theatres
1839 3514 54 54 in
1941 3512 230 58 Palaces.
2252 3514 125 57 One
2422 3517 52 56 of
2526 3517 143 57 these
2711 3518 228 57 Michael

1579 3584 158 70 Kelly
1775 3585 188 58 visited
2001 3587 152 56 when
2192 3612 30 31 a
2265 3601 115 59 boy.

1691 3659 231 71 Pompeo
1964 3659 296 67 Molmenti,
2302 3665 53 54 in
2383 3664 77 56 his
2544 3665 175 58 Sioria

1587 3742 151 47 rsezia
1965 3734 139 56 neila
2317 3734 123 57 Vda
2617 3735 217 59 F^rivata
2332 3738 33 24 ''
2394 3761 141 50 gives
2563 3740 87 59 the
2678 3743 264 72 following

1578 3808 124 55 facts
1730 3808 158 58 about
1914 3809 87 57 the
2077 3810 193 59 theatre
2291 3814 53 55 of
2363 3814 156 57 wood
2540 3818 327 57 constructed
2892 3832 48 42 at

1576 3881 242 59 Venezia
1856 3883 70 72 by
1964 3883 237 58 Palladio
2295 3886 174 57 which
2737 3900 203 64 opened

1632 3955 258 74 February
1931 3959 71 56 28
2039 3959 133 56 1565
2250 3984 11 40 ;
2290 3961 103 56 and
2418 3963 185 58 relates
2629 3965 107 57 that
2763 3969 38 55 it
2827 3989 112 48 may

1632 4030 129 57 have
1801 4031 135 59 been
1975 4032 103 58 due
2118 4048 50 42 to
2196 4034 85 57 the
2309 4039 346 70 complicated
2681 4057 230 43 construe-

1631 4106 107 55 tion
1778 4106 52 56 of
1867 4105 85 58 the
1998 4106 262 58 theatrical
2319 4109 298 64 decoration
2674 4116 104 61 and
2835 4139 104 37 me-
