<?xml version="1.0" encoding="UTF-8"?>
<alto xmlns:xsi="http://www.w3.org/2001/XMLSchema-instance" xmlns="http://www.loc.gov/standards/alto/ns-v2#" xsi:schemaLocation="http://www.loc.gov/standards/alto/ns-v2# http://www.loc.gov/standards/alto/alto-v2.0.xsd" xmlns:xlink="http://www.w3.org/1999/xlink">
	<Description>
		<MeasurementUnit>mm10</MeasurementUnit>
		<sourceImageInformation>
			<fileName>//fileserver7/IN2-2/Princeton/bmtnaau/1929/01_01/00000055.tif</fileName>
		</sourceImageInformation>
		<OCRProcessing ID="OCRPROCESSING_1">
			<preProcessingStep>
				<processingSoftware>
					<softwareCreator>CCS Content Conversion Specialists GmbH, Germany</softwareCreator>
					<softwareName>CCS docWorks</softwareName>
					<softwareVersion>6.7-1.24</softwareVersion>
				</processingSoftware>
			</preProcessingStep>
			<ocrProcessingStep>
				<processingSoftware>
					<softwareCreator>ABBYY (BIT Software), Russia</softwareCreator>
					<softwareName>FineReader</softwareName>
					<softwareVersion>10.0</softwareVersion>
				</processingSoftware>
			</ocrProcessingStep>
		</OCRProcessing>
		<OCRProcessing ID="OCRPROCESSING_2">
			<preProcessingStep>
				<processingSoftware>
					<softwareCreator>CCS Content Conversion Specialists GmbH, Germany</softwareCreator>
					<softwareName>CCS docWorks</softwareName>
					<softwareVersion>6.7-1.24</softwareVersion>
				</processingSoftware>
			</preProcessingStep>
			<ocrProcessingStep>
				<processingSoftware>
					<softwareCreator>ABBYY (BIT Software), Russia</softwareCreator>
					<softwareName>NA</softwareName>
				</processingSoftware>
			</ocrProcessingStep>
		</OCRProcessing>
	</Description>
	<Styles>
		<TextStyle ID="TXT_0" FONTSIZE="12" FONTFAMILY="Times New Roman"/>
		<TextStyle ID="TXT_1" FONTSIZE="14" FONTFAMILY="Times New Roman"/>
		<TextStyle ID="TXT_2" FONTSIZE="15" FONTFAMILY="Times New Roman" FONTSTYLE="italics"/>
		<TextStyle ID="TXT_3" FONTSIZE="15" FONTFAMILY="Times New Roman"/>
		<ParagraphStyle ID="PAR_RIGHT" ALIGN="Right"/>
		<ParagraphStyle ID="PAR_BLOCK" ALIGN="Block"/>
		<ParagraphStyle ID="PAR_LEFT" ALIGN="Left"/>
	</Styles>
	<Layout>
		<Page ID="P45" PHYSICAL_IMG_NR="45" HEIGHT="4350" WIDTH="3026" PRINTED_IMG_NR="37" PC="0.880">
			<TopMargin ID="P45_TM00001" HPOS="0" VPOS="0" WIDTH="3026" HEIGHT="123">
				<TextBlock ID="P45_TB00001" HPOS="2835" VPOS="75" WIDTH="54" HEIGHT="45" STYLEREFS="TXT_0 PAR_RIGHT">
					<TextLine ID="P45_TL00001" HPOS="2835" VPOS="75" WIDTH="54" HEIGHT="45">
						<String ID="P45_ST00001" HPOS="2835" VPOS="75" WIDTH="54" HEIGHT="45" CONTENT="37" WC="1.00" CC="00"/>
					</TextLine>
				</TextBlock>
			</TopMargin>
			<LeftMargin ID="P45_LM00001" HPOS="0" VPOS="123" WIDTH="97" HEIGHT="4024"/>
			<RightMargin ID="P45_RM00001" HPOS="2910" VPOS="123" WIDTH="116" HEIGHT="4024"/>
			<BottomMargin ID="P45_BM00001" HPOS="0" VPOS="4147" WIDTH="3026" HEIGHT="203"/>
			<PrintSpace ID="P45_PS00001" HPOS="97" VPOS="123" WIDTH="2813" HEIGHT="4024">
				<TextBlock ID="P45_TB00002" HPOS="102" VPOS="165" WIDTH="918" HEIGHT="3609" STYLEREFS="TXT_1 PAR_BLOCK">
					<TextLine ID="P45_TL00002" HPOS="118" VPOS="165" WIDTH="902" HEIGHT="56">
						<String ID="P45_ST00002" HPOS="118" VPOS="170" WIDTH="70" HEIGHT="43" CONTENT="lest" SUBS_TYPE="HypPart2" SUBS_CONTENT="smallest" WC="0.98" CC="2050"/>
						<SP ID="P45_SP00001" HPOS="188" VPOS="213" WIDTH="31"/>
						<String ID="P45_ST00003" HPOS="219" VPOS="168" WIDTH="237" HEIGHT="53" CONTENT="beginnings," WC="0.99" CC="76074175051"/>
						<SP ID="P45_SP00002" HPOS="456" VPOS="221" WIDTH="35"/>
						<String ID="P45_ST00004" HPOS="491" VPOS="166" WIDTH="116" HEIGHT="43" CONTENT="made" WC="1.00" CC="0000"/>
						<SP ID="P45_SP00003" HPOS="607" VPOS="221" WIDTH="32"/>
						<String ID="P45_ST00005" HPOS="639" VPOS="165" WIDTH="154" HEIGHT="43" CONTENT="himself" WC="0.99" CC="7005010"/>
						<SP ID="P45_SP00004" HPOS="793" VPOS="221" WIDTH="37"/>
						<String ID="P45_ST00006" HPOS="830" VPOS="184" WIDTH="23" HEIGHT="25" CONTENT="a" WC="1.00" CC="0"/>
						<SP ID="P45_SP00005" HPOS="853" VPOS="221" WIDTH="31"/>
						<String ID="P45_ST00007" HPOS="884" VPOS="184" WIDTH="136" HEIGHT="36" CONTENT="power" WC="0.98" CC="06005"/>
					</TextLine>
					<TextLine ID="P45_TL00003" HPOS="118" VPOS="225" WIDTH="900" HEIGHT="55">
						<String ID="P45_ST00008" HPOS="118" VPOS="232" WIDTH="39" HEIGHT="41" CONTENT="in" WC="0.29" CC="67"/>
						<SP ID="P45_SP00006" HPOS="157" VPOS="273" WIDTH="30"/>
						<String ID="P45_ST00009" HPOS="187" VPOS="227" WIDTH="65" HEIGHT="44" CONTENT="the" WC="0.99" CC="100"/>
						<SP ID="P45_SP00007" HPOS="252" VPOS="273" WIDTH="32"/>
						<String ID="P45_ST00010" HPOS="284" VPOS="226" WIDTH="220" HEIGHT="54" CONTENT="publishing" WC="0.99" CC="0274800600"/>
						<SP ID="P45_SP00008" HPOS="504" VPOS="280" WIDTH="30"/>
						<String ID="P45_ST00011" HPOS="534" VPOS="225" WIDTH="127" HEIGHT="43" CONTENT="world" WC="0.98" CC="00560"/>
						<SP ID="P45_SP00009" HPOS="661" VPOS="280" WIDTH="18"/>
						<String ID="P45_ST00012" HPOS="679" VPOS="243" WIDTH="10" HEIGHT="30" CONTENT=";" WC="0.56" CC="4"/>
						<SP ID="P45_SP00010" HPOS="689" VPOS="280" WIDTH="40"/>
						<String ID="P45_ST00013" HPOS="729" VPOS="226" WIDTH="143" HEIGHT="53" CONTENT="spread" WC="0.99" CC="405000"/>
						<SP ID="P45_SP00011" HPOS="872" VPOS="280" WIDTH="42"/>
						<String ID="P45_ST00014" HPOS="914" VPOS="227" WIDTH="104" HEIGHT="53" CONTENT="good" WC="0.99" CC="0500"/>
					</TextLine>
					<TextLine ID="P45_TL00004" HPOS="120" VPOS="284" WIDTH="897" HEIGHT="47">
						<String ID="P45_ST00015" HPOS="120" VPOS="287" WIDTH="121" HEIGHT="44" CONTENT="books" WC="0.98" CC="65005"/>
						<SP ID="P45_SP00012" HPOS="241" VPOS="331" WIDTH="31"/>
						<String ID="P45_ST00016" HPOS="272" VPOS="285" WIDTH="151" HEIGHT="43" CONTENT="around" WC="0.98" CC="010259"/>
						<SP ID="P45_SP00013" HPOS="423" VPOS="331" WIDTH="33"/>
						<String ID="P45_ST00017" HPOS="456" VPOS="287" WIDTH="39" HEIGHT="41" CONTENT="in" WC="0.65" CC="70"/>
						<SP ID="P45_SP00014" HPOS="495" VPOS="331" WIDTH="32"/>
						<String ID="P45_ST00018" HPOS="527" VPOS="284" WIDTH="166" HEIGHT="43" CONTENT="editions" WC="0.99" CC="00605400"/>
						<SP ID="P45_SP00015" HPOS="693" VPOS="331" WIDTH="33"/>
						<String ID="P45_ST00019" HPOS="726" VPOS="285" WIDTH="210" HEIGHT="42" CONTENT="accessible" WC="0.99" CC="6000217030"/>
						<SP ID="P45_SP00016" HPOS="936" VPOS="331" WIDTH="41"/>
						<String ID="P45_ST00020" HPOS="977" VPOS="297" WIDTH="40" HEIGHT="31" CONTENT="to" WC="0.26" CC="95"/>
					</TextLine>
					<TextLine ID="P45_TL00005" HPOS="117" VPOS="344" WIDTH="901" HEIGHT="54">
						<String ID="P45_ST00021" HPOS="117" VPOS="347" WIDTH="63" HEIGHT="48" CONTENT="all," WC="0.98" CC="5310"/>
						<SP ID="P45_SP00017" HPOS="180" VPOS="395" WIDTH="33"/>
						<String ID="P45_ST00022" HPOS="213" VPOS="347" WIDTH="39" HEIGHT="42" CONTENT="in" WC="0.74" CC="50"/>
						<SP ID="P45_SP00018" HPOS="252" VPOS="395" WIDTH="31"/>
						<String ID="P45_ST00023" HPOS="283" VPOS="362" WIDTH="92" HEIGHT="25" CONTENT="ever" WC="0.99" CC="0003"/>
						<SP ID="P45_SP00019" HPOS="375" VPOS="395" WIDTH="31"/>
						<String ID="P45_ST00024" HPOS="406" VPOS="346" WIDTH="215" HEIGHT="52" CONTENT="increasing" WC="0.99" CC="8007000700"/>
						<SP ID="P45_SP00020" HPOS="621" VPOS="398" WIDTH="41"/>
						<String ID="P45_ST00025" HPOS="662" VPOS="344" WIDTH="211" HEIGHT="49" CONTENT="numbers;" WC="0.99" CC="02000735"/>
						<SP ID="P45_SP00021" HPOS="873" VPOS="398" WIDTH="46"/>
						<String ID="P45_ST00026" HPOS="919" VPOS="345" WIDTH="99" HEIGHT="42" CONTENT="built" WC="0.99" CC="00450"/>
					</TextLine>
					<TextLine ID="P45_TL00006" HPOS="119" VPOS="403" WIDTH="899" HEIGHT="57">
						<String ID="P45_ST00027" HPOS="119" VPOS="424" WIDTH="52" HEIGHT="36" CONTENT="up" WC="1.00" CC="00"/>
						<SP ID="P45_SP00022" HPOS="171" VPOS="460" WIDTH="33"/>
						<String ID="P45_ST00028" HPOS="204" VPOS="424" WIDTH="24" HEIGHT="24" CONTENT="a" WC="1.00" CC="0"/>
						<SP ID="P45_SP00023" HPOS="228" VPOS="460" WIDTH="30"/>
						<String ID="P45_ST00029" HPOS="258" VPOS="415" WIDTH="107" HEIGHT="43" CONTENT="great" WC="1.00" CC="00000"/>
						<SP ID="P45_SP00024" HPOS="365" VPOS="460" WIDTH="30"/>
						<String ID="P45_ST00030" HPOS="395" VPOS="405" WIDTH="199" HEIGHT="47" CONTENT="business;" WC="0.99" CC="000840004"/>
						<SP ID="P45_SP00025" HPOS="594" VPOS="460" WIDTH="38"/>
						<String ID="P45_ST00031" HPOS="632" VPOS="403" WIDTH="142" HEIGHT="43" CONTENT="shared" WC="0.98" CC="061209"/>
						<SP ID="P45_SP00026" HPOS="774" VPOS="460" WIDTH="42"/>
						<String ID="P45_ST00032" HPOS="816" VPOS="405" WIDTH="40" HEIGHT="42" CONTENT="in" WC="0.72" CC="50"/>
						<SP ID="P45_SP00027" HPOS="856" VPOS="460" WIDTH="43"/>
						<String ID="P45_ST00033" HPOS="899" VPOS="421" WIDTH="119" HEIGHT="37" CONTENT="many" WC="0.99" CC="0030"/>
					</TextLine>
					<TextLine ID="P45_TL00007" HPOS="118" VPOS="462" WIDTH="898" HEIGHT="55">
						<String ID="P45_ST00034" HPOS="118" VPOS="463" WIDTH="266" HEIGHT="45" CONTENT="disinterested" WC="0.99" CC="0807630500000"/>
						<SP ID="P45_SP00028" HPOS="384" VPOS="508" WIDTH="32"/>
						<String ID="P45_ST00035" HPOS="416" VPOS="463" WIDTH="134" HEIGHT="54" CONTENT="public" WC="0.98" CC="037060"/>
						<SP ID="P45_SP00029" HPOS="550" VPOS="517" WIDTH="30"/>
						<String ID="P45_ST00036" HPOS="580" VPOS="465" WIDTH="193" HEIGHT="52" CONTENT="projects;" WC="0.99" CC="040503025"/>
						<SP ID="P45_SP00030" HPOS="773" VPOS="517" WIDTH="34"/>
						<String ID="P45_ST00037" HPOS="807" VPOS="462" WIDTH="79" HEIGHT="44" CONTENT="and" WC="0.98" CC="040"/>
						<SP ID="P45_SP00031" HPOS="886" VPOS="517" WIDTH="23"/>
						<String ID="P45_ST00038" HPOS="909" VPOS="463" WIDTH="107" HEIGHT="43" CONTENT="lived" WC="0.97" CC="56009"/>
					</TextLine>
					<TextLine ID="P45_TL00008" HPOS="118" VPOS="521" WIDTH="900" HEIGHT="55">
						<String ID="P45_ST00039" HPOS="118" VPOS="526" WIDTH="56" HEIGHT="42" CONTENT="his" WC="0.92" CC="676"/>
						<SP ID="P45_SP00032" HPOS="174" VPOS="568" WIDTH="30"/>
						<String ID="P45_ST00040" HPOS="204" VPOS="541" WIDTH="91" HEIGHT="26" CONTENT="own" WC="0.96" CC="407"/>
						<SP ID="P45_SP00033" HPOS="295" VPOS="568" WIDTH="30"/>
						<String ID="P45_ST00041" HPOS="325" VPOS="523" WIDTH="67" HEIGHT="42" CONTENT="life" WC="0.97" CC="2560"/>
						<SP ID="P45_SP00034" HPOS="392" VPOS="568" WIDTH="32"/>
						<String ID="P45_ST00042" HPOS="424" VPOS="522" WIDTH="78" HEIGHT="43" CONTENT="and" WC="1.00" CC="000"/>
						<SP ID="P45_SP00035" HPOS="502" VPOS="568" WIDTH="31"/>
						<String ID="P45_ST00043" HPOS="533" VPOS="522" WIDTH="81" HEIGHT="43" CONTENT="had" WC="1.00" CC="000"/>
						<SP ID="P45_SP00036" HPOS="614" VPOS="568" WIDTH="38"/>
						<String ID="P45_ST00044" HPOS="652" VPOS="523" WIDTH="65" HEIGHT="42" CONTENT="the" WC="1.00" CC="000"/>
						<SP ID="P45_SP00037" HPOS="717" VPOS="568" WIDTH="21"/>
						<String ID="P45_ST00045" HPOS="738" VPOS="521" WIDTH="214" HEIGHT="55" CONTENT="friendship" WC="0.99" CC="5070000070"/>
						<SP ID="P45_SP00038" HPOS="952" VPOS="576" WIDTH="22"/>
						<String ID="P45_ST00046" HPOS="974" VPOS="523" WIDTH="44" HEIGHT="42" CONTENT="of" WC="0.76" CC="04"/>
					</TextLine>
					<TextLine ID="P45_TL00009" HPOS="119" VPOS="582" WIDTH="898" HEIGHT="55">
						<String ID="P45_ST00047" HPOS="119" VPOS="600" WIDTH="116" HEIGHT="37" CONTENT="many" WC="0.98" CC="0800"/>
						<SP ID="P45_SP00039" HPOS="235" VPOS="637" WIDTH="30"/>
						<String ID="P45_ST00048" HPOS="265" VPOS="582" WIDTH="41" HEIGHT="44" CONTENT="of" WC="0.64" CC="07"/>
						<SP ID="P45_SP00040" HPOS="306" VPOS="637" WIDTH="21"/>
						<String ID="P45_ST00049" HPOS="327" VPOS="582" WIDTH="65" HEIGHT="43" CONTENT="the" WC="0.99" CC="300"/>
						<SP ID="P45_SP00041" HPOS="392" VPOS="637" WIDTH="33"/>
						<String ID="P45_ST00050" HPOS="425" VPOS="594" WIDTH="99" HEIGHT="31" CONTENT="most" WC="0.98" CC="0460"/>
						<SP ID="P45_SP00042" HPOS="524" VPOS="637" WIDTH="35"/>
						<String ID="P45_ST00051" HPOS="559" VPOS="584" WIDTH="221" HEIGHT="52" CONTENT="interesting" WC="1.00" CC="40502010000"/>
						<SP ID="P45_SP00043" HPOS="780" VPOS="637" WIDTH="21"/>
						<String ID="P45_ST00052" HPOS="801" VPOS="582" WIDTH="195" HEIGHT="54" CONTENT="personali" SUBS_TYPE="HypPart1" SUBS_CONTENT="personalities" WC="0.99" CC="000204006"/>
						<HYP HPOS="996" VPOS="582" WIDTH="21" CONTENT="-"/>
					</TextLine>
					<TextLine ID="P45_TL00010" HPOS="119" VPOS="642" WIDTH="666" HEIGHT="49">
						<String ID="P45_ST00053" HPOS="119" VPOS="646" WIDTH="68" HEIGHT="41" CONTENT="ties" SUBS_TYPE="HypPart2" SUBS_CONTENT="personalities" WC="0.97" CC="5504"/>
						<SP ID="P45_SP00044" HPOS="187" VPOS="687" WIDTH="31"/>
						<String ID="P45_ST00054" HPOS="218" VPOS="643" WIDTH="41" HEIGHT="42" CONTENT="of" WC="0.40" CC="56"/>
						<SP ID="P45_SP00045" HPOS="259" VPOS="687" WIDTH="31"/>
						<String ID="P45_ST00055" HPOS="290" VPOS="642" WIDTH="66" HEIGHT="43" CONTENT="the" WC="0.98" CC="202"/>
						<SP ID="P45_SP00046" HPOS="356" VPOS="687" WIDTH="32"/>
						<String ID="P45_ST00056" HPOS="388" VPOS="644" WIDTH="105" HEIGHT="47" CONTENT="time," WC="0.98" CC="17003"/>
						<SP ID="P45_SP00047" HPOS="493" VPOS="691" WIDTH="34"/>
						<String ID="P45_ST00057" HPOS="527" VPOS="653" WIDTH="40" HEIGHT="32" CONTENT="to" WC="0.67" CC="06"/>
						<SP ID="P45_SP00048" HPOS="567" VPOS="691" WIDTH="32"/>
						<String ID="P45_ST00058" HPOS="599" VPOS="642" WIDTH="64" HEIGHT="43" CONTENT="the" WC="1.00" CC="000"/>
						<SP ID="P45_SP00049" HPOS="663" VPOS="691" WIDTH="37"/>
						<String ID="P45_ST00059" HPOS="700" VPOS="642" WIDTH="85" HEIGHT="44" CONTENT="full." WC="0.97" CC="66504"/>
					</TextLine>
					<TextLine ID="P45_TL00011" HPOS="179" VPOS="701" WIDTH="837" HEIGHT="55">
						<String ID="P45_ST00060" HPOS="179" VPOS="702" WIDTH="32" HEIGHT="43" CONTENT="It" WC="0.51" CC="81"/>
						<SP ID="P45_SP00050" HPOS="211" VPOS="745" WIDTH="28"/>
						<String ID="P45_ST00061" HPOS="239" VPOS="720" WIDTH="83" HEIGHT="25" CONTENT="was" WC="1.00" CC="000"/>
						<SP ID="P45_SP00051" HPOS="322" VPOS="745" WIDTH="32"/>
						<String ID="P45_ST00062" HPOS="354" VPOS="721" WIDTH="23" HEIGHT="24" CONTENT="a" WC="1.00" CC="0"/>
						<SP ID="P45_SP00052" HPOS="377" VPOS="745" WIDTH="30"/>
						<String ID="P45_ST00063" HPOS="407" VPOS="702" WIDTH="67" HEIGHT="43" CONTENT="life" WC="0.96" CC="5660"/>
						<SP ID="P45_SP00053" HPOS="474" VPOS="745" WIDTH="31"/>
						<String ID="P45_ST00064" HPOS="505" VPOS="702" WIDTH="43" HEIGHT="43" CONTENT="of" WC="0.64" CC="07"/>
						<SP ID="P45_SP00054" HPOS="548" VPOS="745" WIDTH="30"/>
						<String ID="P45_ST00065" HPOS="578" VPOS="704" WIDTH="214" HEIGHT="52" CONTENT="expansion" WC="0.99" CC="000043816"/>
						<SP ID="P45_SP00055" HPOS="792" VPOS="756" WIDTH="37"/>
						<String ID="P45_ST00066" HPOS="829" VPOS="701" WIDTH="78" HEIGHT="43" CONTENT="and" WC="0.94" CC="860"/>
						<SP ID="P45_SP00056" HPOS="907" VPOS="756" WIDTH="43"/>
						<String ID="P45_ST00067" HPOS="950" VPOS="720" WIDTH="44" HEIGHT="24" CONTENT="ac" SUBS_TYPE="HypPart1" SUBS_CONTENT="activity" WC="0.98" CC="00"/>
						<HYP HPOS="994" VPOS="720" WIDTH="22" CONTENT="-"/>
					</TextLine>
					<TextLine ID="P45_TL00012" HPOS="119" VPOS="761" WIDTH="899" HEIGHT="54">
						<String ID="P45_ST00068" HPOS="119" VPOS="764" WIDTH="111" HEIGHT="51" CONTENT="tivity" SUBS_TYPE="HypPart2" SUBS_CONTENT="activity" WC="0.99" CC="180500"/>
						<SP ID="P45_SP00057" HPOS="230" VPOS="815" WIDTH="29"/>
						<String ID="P45_ST00069" HPOS="259" VPOS="762" WIDTH="101" HEIGHT="43" CONTENT="from" WC="0.96" CC="6108"/>
						<SP ID="P45_SP00058" HPOS="360" VPOS="815" WIDTH="32"/>
						<String ID="P45_ST00070" HPOS="392" VPOS="762" WIDTH="78" HEIGHT="43" CONTENT="first" WC="0.99" CC="00440"/>
						<SP ID="P45_SP00059" HPOS="470" VPOS="815" WIDTH="34"/>
						<String ID="P45_ST00071" HPOS="504" VPOS="773" WIDTH="40" HEIGHT="31" CONTENT="to" WC="0.80" CC="40"/>
						<SP ID="P45_SP00060" HPOS="544" VPOS="815" WIDTH="20"/>
						<String ID="P45_ST00072" HPOS="564" VPOS="761" WIDTH="85" HEIGHT="44" CONTENT="last." WC="0.99" CC="30004"/>
						<SP ID="P45_SP00061" HPOS="649" VPOS="815" WIDTH="62"/>
						<String ID="P45_ST00073" HPOS="711" VPOS="762" WIDTH="91" HEIGHT="42" CONTENT="The" WC="1.00" CC="000"/>
						<SP ID="P45_SP00062" HPOS="802" VPOS="815" WIDTH="22"/>
						<String ID="P45_ST00074" HPOS="824" VPOS="779" WIDTH="90" HEIGHT="24" CONTENT="man" WC="1.00" CC="000"/>
						<SP ID="P45_SP00063" HPOS="914" VPOS="815" WIDTH="20"/>
						<String ID="P45_ST00075" HPOS="934" VPOS="778" WIDTH="84" HEIGHT="26" CONTENT="was" WC="0.96" CC="064"/>
					</TextLine>
					<TextLine ID="P45_TL00013" HPOS="118" VPOS="820" WIDTH="898" HEIGHT="55">
						<String ID="P45_ST00076" HPOS="118" VPOS="822" WIDTH="108" HEIGHT="43" CONTENT="what" WC="0.97" CC="0083"/>
						<SP ID="P45_SP00064" HPOS="226" VPOS="865" WIDTH="28"/>
						<String ID="P45_ST00077" HPOS="254" VPOS="839" WIDTH="65" HEIGHT="25" CONTENT="we" WC="1.00" CC="00"/>
						<SP ID="P45_SP00065" HPOS="319" VPOS="865" WIDTH="30"/>
						<String ID="P45_ST00078" HPOS="349" VPOS="821" WIDTH="76" HEIGHT="43" CONTENT="call" WC="0.98" CC="2051"/>
						<SP ID="P45_SP00066" HPOS="425" VPOS="865" WIDTH="32"/>
						<String ID="P45_ST00079" HPOS="457" VPOS="840" WIDTH="23" HEIGHT="24" CONTENT="a" WC="1.00" CC="0"/>
						<SP ID="P45_SP00067" HPOS="480" VPOS="865" WIDTH="31"/>
						<String ID="P45_ST00080" HPOS="511" VPOS="821" WIDTH="183" HEIGHT="54" CONTENT="dynamo," WC="1.00" CC="0000000"/>
						<SP ID="P45_SP00068" HPOS="694" VPOS="875" WIDTH="36"/>
						<String ID="P45_ST00081" HPOS="730" VPOS="820" WIDTH="77" HEIGHT="43" CONTENT="and" WC="1.00" CC="000"/>
						<SP ID="P45_SP00069" HPOS="807" VPOS="875" WIDTH="21"/>
						<String ID="P45_ST00082" HPOS="828" VPOS="821" WIDTH="59" HEIGHT="42" CONTENT="his" WC="0.95" CC="670"/>
						<SP ID="P45_SP00070" HPOS="887" VPOS="875" WIDTH="21"/>
						<String ID="P45_ST00083" HPOS="908" VPOS="821" WIDTH="108" HEIGHT="42" CONTENT="force" WC="0.99" CC="60100"/>
					</TextLine>
					<TextLine ID="P45_TL00014" HPOS="118" VPOS="879" WIDTH="898" HEIGHT="56">
						<String ID="P45_ST00084" HPOS="118" VPOS="880" WIDTH="158" HEIGHT="43" CONTENT="seemed" WC="1.00" CC="600000"/>
						<SP ID="P45_SP00071" HPOS="276" VPOS="923" WIDTH="34"/>
						<String ID="P45_ST00085" HPOS="310" VPOS="880" WIDTH="145" HEIGHT="55" CONTENT="always" WC="0.99" CC="030006"/>
						<SP ID="P45_SP00072" HPOS="455" VPOS="935" WIDTH="34"/>
						<String ID="P45_ST00086" HPOS="489" VPOS="882" WIDTH="157" HEIGHT="52" CONTENT="seeking" WC="0.99" CC="0000720"/>
						<SP ID="P45_SP00073" HPOS="646" VPOS="935" WIDTH="39"/>
						<String ID="P45_ST00087" HPOS="685" VPOS="880" WIDTH="103" HEIGHT="43" CONTENT="fresh" WC="0.98" CC="66000"/>
						<SP ID="P45_SP00074" HPOS="788" VPOS="935" WIDTH="40"/>
						<String ID="P45_ST00088" HPOS="828" VPOS="879" WIDTH="188" HEIGHT="44" CONTENT="channels" WC="0.99" CC="30000065"/>
					</TextLine>
					<TextLine ID="P45_TL00015" HPOS="119" VPOS="940" WIDTH="544" HEIGHT="54">
						<String ID="P45_ST00089" HPOS="119" VPOS="940" WIDTH="168" HEIGHT="54" CONTENT="through" WC="0.99" CC="6002407"/>
						<SP ID="P45_SP00075" HPOS="287" VPOS="994" WIDTH="30"/>
						<String ID="P45_ST00090" HPOS="317" VPOS="941" WIDTH="131" HEIGHT="42" CONTENT="which" WC="0.99" CC="00800"/>
						<SP ID="P45_SP00076" HPOS="448" VPOS="994" WIDTH="32"/>
						<String ID="P45_ST00091" HPOS="480" VPOS="951" WIDTH="40" HEIGHT="31" CONTENT="to" WC="0.37" CC="65"/>
						<SP ID="P45_SP00077" HPOS="520" VPOS="994" WIDTH="32"/>
						<String ID="P45_ST00092" HPOS="552" VPOS="957" WIDTH="111" HEIGHT="37" CONTENT="pour." WC="0.98" CC="00704"/>
					</TextLine>
					<TextLine ID="P45_TL00016" HPOS="179" VPOS="998" WIDTH="837" HEIGHT="56">
						<String ID="P45_ST00093" HPOS="179" VPOS="1000" WIDTH="178" HEIGHT="54" CONTENT="Brought" WC="0.99" CC="1370000"/>
						<SP ID="P45_SP00078" HPOS="357" VPOS="1054" WIDTH="29"/>
						<String ID="P45_ST00094" HPOS="386" VPOS="1017" WIDTH="54" HEIGHT="36" CONTENT="up" WC="0.84" CC="30"/>
						<SP ID="P45_SP00079" HPOS="440" VPOS="1054" WIDTH="30"/>
						<String ID="P45_ST00095" HPOS="470" VPOS="1001" WIDTH="40" HEIGHT="41" CONTENT="in" WC="0.49" CC="64"/>
						<SP ID="P45_SP00080" HPOS="510" VPOS="1054" WIDTH="31"/>
						<String ID="P45_ST00096" HPOS="541" VPOS="999" WIDTH="65" HEIGHT="43" CONTENT="the" WC="0.98" CC="400"/>
						<SP ID="P45_SP00081" HPOS="606" VPOS="1054" WIDTH="31"/>
						<String ID="P45_ST00097" HPOS="637" VPOS="1000" WIDTH="103" HEIGHT="41" CONTENT="strict" WC="0.99" CC="202421"/>
						<SP ID="P45_SP00082" HPOS="740" VPOS="1054" WIDTH="31"/>
						<String ID="P45_ST00098" HPOS="771" VPOS="998" WIDTH="245" HEIGHT="55" CONTENT="atmosphere" WC="0.99" CC="0006600050"/>
					</TextLine>
					<TextLine ID="P45_TL00017" HPOS="117" VPOS="1057" WIDTH="899" HEIGHT="56">
						<String ID="P45_ST00099" HPOS="117" VPOS="1059" WIDTH="43" HEIGHT="42" CONTENT="of" WC="0.54" CC="27"/>
						<SP ID="P45_SP00083" HPOS="160" VPOS="1101" WIDTH="31"/>
						<String ID="P45_ST00100" HPOS="191" VPOS="1059" WIDTH="166" HEIGHT="54" CONTENT="Quaker" WC="0.99" CC="050002"/>
						<SP ID="P45_SP00084" HPOS="357" VPOS="1113" WIDTH="30"/>
						<String ID="P45_ST00101" HPOS="387" VPOS="1059" WIDTH="243" HEIGHT="53" CONTENT="Darlington," WC="0.99" CC="25035306051"/>
						<SP ID="P45_SP00085" HPOS="630" VPOS="1113" WIDTH="38"/>
						<String ID="P45_ST00102" HPOS="668" VPOS="1057" WIDTH="65" HEIGHT="44" CONTENT="the" WC="1.00" CC="000"/>
						<SP ID="P45_SP00086" HPOS="733" VPOS="1113" WIDTH="43"/>
						<String ID="P45_ST00103" HPOS="776" VPOS="1058" WIDTH="113" HEIGHT="55" CONTENT="boy's" WC="0.97" CC="65045"/>
						<SP ID="P45_SP00087" HPOS="889" VPOS="1113" WIDTH="40"/>
						<String ID="P45_ST00104" HPOS="929" VPOS="1076" WIDTH="66" HEIGHT="25" CONTENT="ear" SUBS_TYPE="HypPart1" SUBS_CONTENT="earliest" WC="0.98" CC="004"/>
						<HYP HPOS="995" VPOS="1076" WIDTH="21" CONTENT="-"/>
					</TextLine>
					<TextLine ID="P45_TL00018" HPOS="117" VPOS="1117" WIDTH="899" HEIGHT="55">
						<String ID="P45_ST00105" HPOS="117" VPOS="1118" WIDTH="87" HEIGHT="43" CONTENT="liest" SUBS_TYPE="HypPart2" SUBS_CONTENT="earliest" WC="0.97" CC="67036"/>
						<SP ID="P45_SP00088" HPOS="204" VPOS="1161" WIDTH="30"/>
						<String ID="P45_ST00106" HPOS="234" VPOS="1120" WIDTH="152" HEIGHT="52" CONTENT="passion" WC="1.00" CC="0011400"/>
						<SP ID="P45_SP00089" HPOS="386" VPOS="1172" WIDTH="30"/>
						<String ID="P45_ST00107" HPOS="416" VPOS="1135" WIDTH="82" HEIGHT="25" CONTENT="was" WC="0.99" CC="003"/>
						<SP ID="P45_SP00090" HPOS="498" VPOS="1172" WIDTH="31"/>
						<String ID="P45_ST00108" HPOS="529" VPOS="1117" WIDTH="65" HEIGHT="42" CONTENT="the" WC="0.95" CC="371"/>
						<SP ID="P45_SP00091" HPOS="594" VPOS="1172" WIDTH="32"/>
						<String ID="P45_ST00109" HPOS="626" VPOS="1118" WIDTH="164" HEIGHT="49" CONTENT="theatre," WC="0.99" CC="00135402"/>
						<SP ID="P45_SP00092" HPOS="790" VPOS="1172" WIDTH="23"/>
						<String ID="P45_ST00110" HPOS="813" VPOS="1118" WIDTH="130" HEIGHT="42" CONTENT="which" WC="0.99" CC="00800"/>
						<SP ID="P45_SP00093" HPOS="943" VPOS="1172" WIDTH="21"/>
						<String ID="P45_ST00111" HPOS="964" VPOS="1118" WIDTH="52" HEIGHT="42" CONTENT="he" WC="0.74" CC="05"/>
					</TextLine>
					<TextLine ID="P45_TL00019" HPOS="118" VPOS="1176" WIDTH="898" HEIGHT="53">
						<String ID="P45_ST00112" HPOS="118" VPOS="1177" WIDTH="79" HEIGHT="43" CONTENT="had" WC="1.00" CC="000"/>
						<SP ID="P45_SP00094" HPOS="197" VPOS="1220" WIDTH="33"/>
						<String ID="P45_ST00113" HPOS="230" VPOS="1188" WIDTH="40" HEIGHT="30" CONTENT="to" WC="0.83" CC="30"/>
						<SP ID="P45_SP00095" HPOS="270" VPOS="1220" WIDTH="29"/>
						<String ID="P45_ST00114" HPOS="299" VPOS="1178" WIDTH="87" HEIGHT="41" CONTENT="visit" WC="0.98" CC="06073"/>
						<SP ID="P45_SP00096" HPOS="386" VPOS="1220" WIDTH="30"/>
						<String ID="P45_ST00115" HPOS="416" VPOS="1177" WIDTH="55" HEIGHT="52" CONTENT="by" WC="0.64" CC="70"/>
						<SP ID="P45_SP00097" HPOS="471" VPOS="1229" WIDTH="28"/>
						<String ID="P45_ST00116" HPOS="499" VPOS="1176" WIDTH="140" HEIGHT="42" CONTENT="stealth" WC="0.99" CC="4400306"/>
						<SP ID="P45_SP00098" HPOS="639" VPOS="1229" WIDTH="33"/>
						<String ID="P45_ST00117" HPOS="672" VPOS="1177" WIDTH="80" HEIGHT="42" CONTENT="and" WC="0.97" CC="070"/>
						<SP ID="P45_SP00099" HPOS="752" VPOS="1229" WIDTH="40"/>
						<String ID="P45_ST00118" HPOS="792" VPOS="1177" WIDTH="131" HEIGHT="43" CONTENT="which" WC="0.99" CC="00710"/>
						<SP ID="P45_SP00100" HPOS="923" VPOS="1229" WIDTH="41"/>
						<String ID="P45_ST00119" HPOS="964" VPOS="1177" WIDTH="52" HEIGHT="43" CONTENT="he" WC="1.00" CC="00"/>
					</TextLine>
					<TextLine ID="P45_TL00020" HPOS="117" VPOS="1234" WIDTH="898" HEIGHT="55">
						<String ID="P45_ST00120" HPOS="117" VPOS="1253" WIDTH="99" HEIGHT="25" CONTENT="even" WC="1.00" CC="0000"/>
						<SP ID="P45_SP00101" HPOS="216" VPOS="1278" WIDTH="31"/>
						<String ID="P45_ST00121" HPOS="247" VPOS="1235" WIDTH="79" HEIGHT="41" CONTENT="had" WC="0.96" CC="090"/>
						<SP ID="P45_SP00102" HPOS="326" VPOS="1278" WIDTH="32"/>
						<String ID="P45_ST00122" HPOS="358" VPOS="1252" WIDTH="107" HEIGHT="26" CONTENT="some" WC="0.99" CC="6000"/>
						<SP ID="P45_SP00103" HPOS="465" VPOS="1278" WIDTH="30"/>
						<String ID="P45_ST00123" HPOS="495" VPOS="1234" WIDTH="91" HEIGHT="43" CONTENT="idea" WC="0.98" CC="4006"/>
						<SP ID="P45_SP00104" HPOS="586" VPOS="1278" WIDTH="32"/>
						<String ID="P45_ST00124" HPOS="618" VPOS="1235" WIDTH="43" HEIGHT="42" CONTENT="of" WC="0.63" CC="06"/>
						<SP ID="P45_SP00105" HPOS="661" VPOS="1278" WIDTH="30"/>
						<String ID="P45_ST00125" HPOS="691" VPOS="1235" WIDTH="189" HEIGHT="54" CONTENT="adopting" WC="1.00" CC="00001600"/>
						<SP ID="P45_SP00106" HPOS="880" VPOS="1289" WIDTH="33"/>
						<String ID="P45_ST00126" HPOS="913" VPOS="1254" WIDTH="41" HEIGHT="24" CONTENT="as" WC="1.00" CC="00"/>
						<SP ID="P45_SP00107" HPOS="954" VPOS="1289" WIDTH="38"/>
						<String ID="P45_ST00127" HPOS="992" VPOS="1255" WIDTH="23" HEIGHT="24" CONTENT="a" WC="1.00" CC="0"/>
					</TextLine>
					<TextLine ID="P45_TL00021" HPOS="115" VPOS="1293" WIDTH="898" HEIGHT="44">
						<String ID="P45_ST00128" HPOS="115" VPOS="1311" WIDTH="132" HEIGHT="26" CONTENT="career" WC="0.99" CC="504000"/>
						<SP ID="P45_SP00108" HPOS="247" VPOS="1337" WIDTH="32"/>
						<String ID="P45_ST00129" HPOS="279" VPOS="1294" WIDTH="95" HEIGHT="43" CONTENT="until" WC="0.97" CC="50265"/>
						<SP ID="P45_SP00109" HPOS="374" VPOS="1337" WIDTH="31"/>
						<String ID="P45_ST00130" HPOS="405" VPOS="1293" WIDTH="218" HEIGHT="43" CONTENT="convinced" WC="1.00" CC="040080000"/>
						<SP ID="P45_SP00110" HPOS="623" VPOS="1337" WIDTH="37"/>
						<String ID="P45_ST00131" HPOS="660" VPOS="1294" WIDTH="83" HEIGHT="43" CONTENT="that" WC="0.98" CC="1005"/>
						<SP ID="P45_SP00111" HPOS="743" VPOS="1337" WIDTH="41"/>
						<String ID="P45_ST00132" HPOS="784" VPOS="1294" WIDTH="65" HEIGHT="43" CONTENT="the" WC="1.00" CC="000"/>
						<SP ID="P45_SP00112" HPOS="849" VPOS="1337" WIDTH="43"/>
						<String ID="P45_ST00133" HPOS="892" VPOS="1294" WIDTH="97" HEIGHT="43" CONTENT="lame" SUBS_TYPE="HypPart1" SUBS_CONTENT="lameness" WC="0.99" CC="2000"/>
						<HYP HPOS="989" VPOS="1294" WIDTH="24" CONTENT="-"/>
					</TextLine>
					<TextLine ID="P45_TL00022" HPOS="116" VPOS="1353" WIDTH="899" HEIGHT="44">
						<String ID="P45_ST00134" HPOS="116" VPOS="1369" WIDTH="85" HEIGHT="28" CONTENT="ness" SUBS_TYPE="HypPart2" SUBS_CONTENT="lameness" WC="0.97" CC="0076"/>
						<SP ID="P45_SP00113" HPOS="201" VPOS="1397" WIDTH="28"/>
						<String ID="P45_ST00135" HPOS="229" VPOS="1353" WIDTH="96" HEIGHT="43" CONTENT="with" WC="0.99" CC="0600"/>
						<SP ID="P45_SP00114" HPOS="325" VPOS="1397" WIDTH="30"/>
						<String ID="P45_ST00136" HPOS="355" VPOS="1353" WIDTH="130" HEIGHT="42" CONTENT="which" WC="0.99" CC="00700"/>
						<SP ID="P45_SP00115" HPOS="485" VPOS="1397" WIDTH="30"/>
						<String ID="P45_ST00137" HPOS="515" VPOS="1353" WIDTH="51" HEIGHT="42" CONTENT="he" WC="1.00" CC="00"/>
						<SP ID="P45_SP00116" HPOS="566" VPOS="1397" WIDTH="30"/>
						<String ID="P45_ST00138" HPOS="596" VPOS="1370" WIDTH="83" HEIGHT="27" CONTENT="was" WC="1.00" CC="000"/>
						<SP ID="P45_SP00117" HPOS="679" VPOS="1397" WIDTH="30"/>
						<String ID="P45_ST00139" HPOS="709" VPOS="1353" WIDTH="175" HEIGHT="44" CONTENT="afflicted" WC="0.99" CC="565080010"/>
						<SP ID="P45_SP00118" HPOS="884" VPOS="1397" WIDTH="30"/>
						<String ID="P45_ST00140" HPOS="914" VPOS="1355" WIDTH="101" HEIGHT="42" CONTENT="from" WC="0.96" CC="5335"/>
					</TextLine>
					<TextLine ID="P45_TL00023" HPOS="115" VPOS="1412" WIDTH="899" HEIGHT="55">
						<String ID="P45_ST00141" HPOS="115" VPOS="1413" WIDTH="58" HEIGHT="43" CONTENT="his" WC="0.97" CC="070"/>
						<SP ID="P45_SP00119" HPOS="173" VPOS="1456" WIDTH="15"/>
						<String ID="P45_ST00142" HPOS="188" VPOS="1412" WIDTH="215" HEIGHT="44" CONTENT="childhood" WC="0.99" CC="006300259"/>
						<SP ID="P45_SP00120" HPOS="403" VPOS="1456" WIDTH="20"/>
						<String ID="P45_ST00143" HPOS="423" VPOS="1412" WIDTH="135" HEIGHT="44" CONTENT="would" WC="0.99" CC="00350"/>
						<SP ID="P45_SP00121" HPOS="558" VPOS="1456" WIDTH="23"/>
						<String ID="P45_ST00144" HPOS="581" VPOS="1412" WIDTH="210" HEIGHT="55" CONTENT="disqualify" WC="0.99" CC="0805004760"/>
						<SP ID="P45_SP00122" HPOS="791" VPOS="1467" WIDTH="20"/>
						<String ID="P45_ST00145" HPOS="811" VPOS="1414" WIDTH="82" HEIGHT="42" CONTENT="him" WC="0.95" CC="065"/>
						<SP ID="P45_SP00123" HPOS="893" VPOS="1467" WIDTH="21"/>
						<String ID="P45_ST00146" HPOS="914" VPOS="1431" WIDTH="100" HEIGHT="26" CONTENT="even" WC="0.99" CC="0006"/>
					</TextLine>
					<TextLine ID="P45_TL00024" HPOS="115" VPOS="1471" WIDTH="763" HEIGHT="54">
						<String ID="P45_ST00147" HPOS="115" VPOS="1473" WIDTH="60" HEIGHT="42" CONTENT="for" WC="0.96" CC="306"/>
						<SP ID="P45_SP00124" HPOS="175" VPOS="1515" WIDTH="32"/>
						<String ID="P45_ST00148" HPOS="207" VPOS="1490" WIDTH="23" HEIGHT="25" CONTENT="a" WC="1.00" CC="0"/>
						<SP ID="P45_SP00125" HPOS="230" VPOS="1515" WIDTH="33"/>
						<String ID="P45_ST00149" HPOS="263" VPOS="1481" WIDTH="24" HEIGHT="15" CONTENT="44" STYLE="superscript" WC="0.29" CC="67"/>
						<SP ID="P45_SP00126" HPOS="287" VPOS="1515" WIDTH="18"/>
						<String ID="P45_ST00150" HPOS="305" VPOS="1471" WIDTH="261" HEIGHT="54" CONTENT="Walking-on" WC="0.70" CC="3930700420"/>
						<SP ID="P45_SP00127" HPOS="566" VPOS="1525" WIDTH="33"/>
						<String ID="P45_ST00151" HPOS="599" VPOS="1472" WIDTH="221" HEIGHT="53" CONTENT="gentleman" WC="1.00" CC="000150300"/>
						<SP ID="P45_SP00128" HPOS="820" VPOS="1525" WIDTH="17"/>
						<String ID="P45_ST00152" HPOS="837" VPOS="1472" WIDTH="41" HEIGHT="45" CONTENT='".' WC="0.39" CC="74"/>
					</TextLine>
					<TextLine ID="P45_TL00025" HPOS="176" VPOS="1530" WIDTH="778" HEIGHT="55">
						<String ID="P45_ST00153" HPOS="176" VPOS="1532" WIDTH="45" HEIGHT="42" CONTENT="A" WC="1.00" CC="0"/>
						<SP ID="P45_SP00129" HPOS="221" VPOS="1574" WIDTH="32"/>
						<String ID="P45_ST00154" HPOS="253" VPOS="1541" WIDTH="27" HEIGHT="16" CONTENT="44" STYLE="superscript" WC="0.30" CC="66"/>
						<SP ID="P45_SP00130" HPOS="280" VPOS="1574" WIDTH="17"/>
						<String ID="P45_ST00155" HPOS="297" VPOS="1530" WIDTH="194" HEIGHT="55" CONTENT="complete" WC="0.99" CC="20005040"/>
						<SP ID="P45_SP00131" HPOS="491" VPOS="1585" WIDTH="42"/>
						<String ID="P45_ST00156" HPOS="533" VPOS="1530" WIDTH="155" HEIGHT="44" CONTENT="dullard" WC="0.99" CC="0622050"/>
						<SP ID="P45_SP00132" HPOS="688" VPOS="1585" WIDTH="47"/>
						<String ID="P45_ST00157" HPOS="735" VPOS="1543" WIDTH="40" HEIGHT="31" CONTENT="at" WC="0.92" CC="01"/>
						<SP ID="P45_SP00133" HPOS="775" VPOS="1585" WIDTH="45"/>
						<String ID="P45_ST00158" HPOS="820" VPOS="1532" WIDTH="134" HEIGHT="43" CONTENT="school" WC="0.99" CC="140504"/>
					</TextLine>
					<TextLine ID="P45_TL00026" HPOS="115" VPOS="1590" WIDTH="899" HEIGHT="55">
						<String ID="P45_ST00159" HPOS="115" VPOS="1590" WIDTH="51" HEIGHT="43" CONTENT="he" WC="0.66" CC="60"/>
						<SP ID="P45_SP00134" HPOS="166" VPOS="1633" WIDTH="31"/>
						<String ID="P45_ST00160" HPOS="197" VPOS="1601" WIDTH="68" HEIGHT="43" CONTENT="yet" WC="1.00" CC="000"/>
						<SP ID="P45_SP00135" HPOS="265" VPOS="1644" WIDTH="29"/>
						<String ID="P45_ST00161" HPOS="294" VPOS="1590" WIDTH="153" HEIGHT="43" CONTENT="formed" WC="0.99" CC="700000"/>
						<SP ID="P45_SP00136" HPOS="447" VPOS="1644" WIDTH="32"/>
						<String ID="P45_ST00162" HPOS="479" VPOS="1609" WIDTH="50" HEIGHT="24" CONTENT="an" WC="0.75" CC="04"/>
						<SP ID="P45_SP00137" HPOS="529" VPOS="1644" WIDTH="31"/>
						<String ID="P45_ST00163" HPOS="560" VPOS="1591" WIDTH="108" HEIGHT="54" CONTENT="early" WC="0.99" CC="00550"/>
						<SP ID="P45_SP00138" HPOS="668" VPOS="1645" WIDTH="30"/>
						<String ID="P45_ST00164" HPOS="698" VPOS="1591" WIDTH="112" HEIGHT="43" CONTENT="habit" WC="0.99" CC="00730"/>
						<SP ID="P45_SP00139" HPOS="810" VPOS="1645" WIDTH="34"/>
						<String ID="P45_ST00165" HPOS="844" VPOS="1591" WIDTH="43" HEIGHT="43" CONTENT="of" WC="0.66" CC="06"/>
						<SP ID="P45_SP00140" HPOS="887" VPOS="1645" WIDTH="40"/>
						<String ID="P45_ST00166" HPOS="927" VPOS="1610" WIDTH="66" HEIGHT="25" CONTENT="rea" SUBS_TYPE="HypPart1" SUBS_CONTENT="reading" WC="0.98" CC="500"/>
						<HYP HPOS="993" VPOS="1610" WIDTH="21" CONTENT="-"/>
					</TextLine>
					<TextLine ID="P45_TL00027" HPOS="117" VPOS="1649" WIDTH="898" HEIGHT="54">
						<String ID="P45_ST00167" HPOS="117" VPOS="1650" WIDTH="93" HEIGHT="53" CONTENT="ding" SUBS_TYPE="HypPart2" SUBS_CONTENT="reading" WC="0.94" CC="9529"/>
						<SP ID="P45_SP00141" HPOS="210" VPOS="1703" WIDTH="29"/>
						<String ID="P45_ST00168" HPOS="239" VPOS="1649" WIDTH="131" HEIGHT="43" CONTENT="which" WC="0.97" CC="07607"/>
						<SP ID="P45_SP00142" HPOS="370" VPOS="1703" WIDTH="30"/>
						<String ID="P45_ST00169" HPOS="400" VPOS="1667" WIDTH="120" HEIGHT="25" CONTENT="never" WC="0.99" CC="00007"/>
						<SP ID="P45_SP00143" HPOS="520" VPOS="1703" WIDTH="30"/>
						<String ID="P45_ST00170" HPOS="550" VPOS="1649" WIDTH="71" HEIGHT="44" CONTENT="left" WC="0.98" CC="5060"/>
						<SP ID="P45_SP00144" HPOS="621" VPOS="1703" WIDTH="44"/>
						<String ID="P45_ST00171" HPOS="665" VPOS="1651" WIDTH="108" HEIGHT="49" CONTENT="him;" WC="0.98" CC="0403"/>
						<SP ID="P45_SP00145" HPOS="773" VPOS="1703" WIDTH="50"/>
						<String ID="P45_ST00172" HPOS="823" VPOS="1651" WIDTH="78" HEIGHT="43" CONTENT="and" WC="1.00" CC="000"/>
						<SP ID="P45_SP00146" HPOS="901" VPOS="1703" WIDTH="48"/>
						<String ID="P45_ST00173" HPOS="949" VPOS="1651" WIDTH="66" HEIGHT="43" CONTENT="the" WC="0.99" CC="200"/>
					</TextLine>
					<TextLine ID="P45_TL00028" HPOS="113" VPOS="1709" WIDTH="904" HEIGHT="55">
						<String ID="P45_ST00174" HPOS="113" VPOS="1710" WIDTH="82" HEIGHT="42" CONTENT="fact" WC="1.00" CC="0001"/>
						<SP ID="P45_SP00147" HPOS="195" VPOS="1752" WIDTH="30"/>
						<String ID="P45_ST00175" HPOS="225" VPOS="1710" WIDTH="83" HEIGHT="42" CONTENT="that" WC="1.00" CC="0000"/>
						<SP ID="P45_SP00148" HPOS="308" VPOS="1752" WIDTH="30"/>
						<String ID="P45_ST00176" HPOS="338" VPOS="1710" WIDTH="58" HEIGHT="42" CONTENT="his" WC="0.97" CC="070"/>
						<SP ID="P45_SP00149" HPOS="396" VPOS="1752" WIDTH="33"/>
						<String ID="P45_ST00177" HPOS="429" VPOS="1719" WIDTH="24" HEIGHT="15" CONTENT="44" STYLE="superscript" WC="0.56" CC="44"/>
						<SP ID="P45_SP00150" HPOS="453" VPOS="1752" WIDTH="19"/>
						<String ID="P45_ST00178" HPOS="472" VPOS="1709" WIDTH="78" HEIGHT="42" CONTENT="first" WC="0.98" CC="00750"/>
						<SP ID="P45_SP00151" HPOS="550" VPOS="1752" WIDTH="31"/>
						<String ID="P45_ST00179" HPOS="581" VPOS="1710" WIDTH="268" HEIGHT="54" CONTENT="employment" WC="1.00" CC="0000200046"/>
						<SP ID="P45_SP00152" HPOS="849" VPOS="1764" WIDTH="20"/>
						<String ID="P45_ST00180" HPOS="869" VPOS="1728" WIDTH="81" HEIGHT="25" CONTENT="was" WC="0.98" CC="005"/>
						<SP ID="P45_SP00153" HPOS="950" VPOS="1764" WIDTH="24"/>
						<String ID="P45_ST00181" HPOS="974" VPOS="1729" WIDTH="43" HEIGHT="24" CONTENT="as" WC="0.66" CC="06"/>
					</TextLine>
					<TextLine ID="P45_TL00029" HPOS="115" VPOS="1768" WIDTH="901" HEIGHT="55">
						<String ID="P45_ST00182" HPOS="115" VPOS="1787" WIDTH="24" HEIGHT="24" CONTENT="a" WC="1.00" CC="0"/>
						<SP ID="P45_SP00154" HPOS="139" VPOS="1811" WIDTH="46"/>
						<String ID="P45_ST00183" HPOS="185" VPOS="1768" WIDTH="94" HEIGHT="43" CONTENT="kind" WC="0.97" CC="0760"/>
						<SP ID="P45_SP00155" HPOS="279" VPOS="1811" WIDTH="36"/>
						<String ID="P45_ST00184" HPOS="315" VPOS="1769" WIDTH="42" HEIGHT="42" CONTENT="of" WC="0.52" CC="26"/>
						<SP ID="P45_SP00156" HPOS="357" VPOS="1811" WIDTH="40"/>
						<String ID="P45_ST00185" HPOS="397" VPOS="1770" WIDTH="319" HEIGHT="53" CONTENT="messenger-boy" WC="0.99" CC="0055060024740"/>
						<SP ID="P45_SP00157" HPOS="716" VPOS="1823" WIDTH="43"/>
						<String ID="P45_ST00186" HPOS="759" VPOS="1769" WIDTH="79" HEIGHT="43" CONTENT="and" WC="1.00" CC="000"/>
						<SP ID="P45_SP00158" HPOS="838" VPOS="1823" WIDTH="40"/>
						<String ID="P45_ST00187" HPOS="878" VPOS="1771" WIDTH="119" HEIGHT="41" CONTENT="ticket" SUBS_TYPE="HypPart1" SUBS_CONTENT="ticketcollector" WC="0.99" CC="060000"/>
						<HYP HPOS="997" VPOS="1771" WIDTH="19" CONTENT="-"/>
					</TextLine>
					<TextLine ID="P45_TL00030" HPOS="115" VPOS="1827" WIDTH="901" HEIGHT="51">
						<String ID="P45_ST00188" HPOS="115" VPOS="1827" WIDTH="184" HEIGHT="43" CONTENT="collector" SUBS_TYPE="HypPart2" SUBS_CONTENT="ticketcollector" WC="0.99" CC="002106520"/>
						<SP ID="P45_SP00159" HPOS="299" VPOS="1870" WIDTH="31"/>
						<String ID="P45_ST00189" HPOS="330" VPOS="1839" WIDTH="40" HEIGHT="32" CONTENT="to" WC="0.43" CC="64"/>
						<SP ID="P45_SP00160" HPOS="370" VPOS="1871" WIDTH="31"/>
						<String ID="P45_ST00190" HPOS="401" VPOS="1846" WIDTH="51" HEIGHT="25" CONTENT="an" WC="1.00" CC="00"/>
						<SP ID="P45_SP00161" HPOS="452" VPOS="1871" WIDTH="30"/>
						<String ID="P45_ST00191" HPOS="482" VPOS="1829" WIDTH="82" HEIGHT="41" CONTENT="Art" WC="0.95" CC="074"/>
						<SP ID="P45_SP00162" HPOS="564" VPOS="1871" WIDTH="40"/>
						<String ID="P45_ST00192" HPOS="604" VPOS="1828" WIDTH="228" HEIGHT="44" CONTENT="Exhibition" WC="0.99" CC="4673080046"/>
						<SP ID="P45_SP00163" HPOS="832" VPOS="1872" WIDTH="19"/>
						<String ID="P45_ST00193" HPOS="851" VPOS="1828" WIDTH="40" HEIGHT="50" CONTENT='",' WC="0.64" CC="70"/>
						<SP ID="P45_SP00164" HPOS="891" VPOS="1878" WIDTH="44"/>
						<String ID="P45_ST00194" HPOS="935" VPOS="1830" WIDTH="81" HEIGHT="42" CONTENT="and" WC="0.97" CC="007"/>
					</TextLine>
					<TextLine ID="P45_TL00031" HPOS="114" VPOS="1887" WIDTH="904" HEIGHT="56">
						<String ID="P45_ST00195" HPOS="114" VPOS="1887" WIDTH="59" HEIGHT="42" CONTENT="his" WC="0.94" CC="780"/>
						<SP ID="P45_SP00165" HPOS="173" VPOS="1929" WIDTH="30"/>
						<String ID="P45_ST00196" HPOS="203" VPOS="1898" WIDTH="105" HEIGHT="38" CONTENT="next," WC="0.98" CC="00903"/>
						<SP ID="P45_SP00166" HPOS="308" VPOS="1936" WIDTH="33"/>
						<String ID="P45_ST00197" HPOS="341" VPOS="1887" WIDTH="312" HEIGHT="55" CONTENT="apprenticeship" WC="1.00" CC="60050064003070"/>
						<SP ID="P45_SP00167" HPOS="653" VPOS="1942" WIDTH="33"/>
						<String ID="P45_ST00198" HPOS="686" VPOS="1899" WIDTH="40" HEIGHT="32" CONTENT="to" WC="0.69" CC="32"/>
						<SP ID="P45_SP00168" HPOS="726" VPOS="1942" WIDTH="36"/>
						<String ID="P45_ST00199" HPOS="762" VPOS="1907" WIDTH="23" HEIGHT="24" CONTENT="a" WC="1.00" CC="0"/>
						<SP ID="P45_SP00169" HPOS="785" VPOS="1942" WIDTH="22"/>
						<String ID="P45_ST00200" HPOS="807" VPOS="1891" WIDTH="145" HEIGHT="52" CONTENT="printer" WC="0.99" CC="0340402"/>
						<SP ID="P45_SP00170" HPOS="952" VPOS="1943" WIDTH="22"/>
						<String ID="P45_ST00201" HPOS="974" VPOS="1908" WIDTH="44" HEIGHT="23" CONTENT="as" WC="0.53" CC="09"/>
					</TextLine>
					<TextLine ID="P45_TL00032" HPOS="114" VPOS="1946" WIDTH="902" HEIGHT="56">
						<String ID="P45_ST00202" HPOS="114" VPOS="1956" WIDTH="28" HEIGHT="15" CONTENT="44" STYLE="superscript" WC="0.28" CC="77"/>
						<SP ID="P45_SP00171" HPOS="142" VPOS="1971" WIDTH="19"/>
						<String ID="P45_ST00203" HPOS="161" VPOS="1964" WIDTH="50" HEIGHT="25" CONTENT="an" WC="0.75" CC="40"/>
						<SP ID="P45_SP00172" HPOS="211" VPOS="1989" WIDTH="33"/>
						<String ID="P45_ST00204" HPOS="244" VPOS="1946" WIDTH="196" HEIGHT="44" CONTENT="all-round" WC="0.99" CC="052405000"/>
						<SP ID="P45_SP00173" HPOS="440" VPOS="1990" WIDTH="31"/>
						<String ID="P45_ST00205" HPOS="471" VPOS="1948" WIDTH="202" HEIGHT="42" CONTENT="workman" WC="1.00" CC="0040200"/>
						<SP ID="P45_SP00174" HPOS="673" VPOS="1990" WIDTH="20"/>
						<String ID="P45_ST00206" HPOS="693" VPOS="1946" WIDTH="40" HEIGHT="50" CONTENT='",' WC="0.48" CC="63"/>
						<SP ID="P45_SP00175" HPOS="733" VPOS="1996" WIDTH="33"/>
						<String ID="P45_ST00207" HPOS="766" VPOS="1948" WIDTH="109" HEIGHT="54" CONTENT="early" WC="0.99" CC="00430"/>
						<SP ID="P45_SP00176" HPOS="875" VPOS="2002" WIDTH="41"/>
						<String ID="P45_ST00208" HPOS="916" VPOS="1965" WIDTH="100" HEIGHT="37" CONTENT="gave" WC="0.98" CC="8003"/>
					</TextLine>
					<TextLine ID="P45_TL00033" HPOS="111" VPOS="2005" WIDTH="905" HEIGHT="46">
						<String ID="P45_ST00209" HPOS="111" VPOS="2005" WIDTH="85" HEIGHT="43" CONTENT="him" WC="0.96" CC="730"/>
						<SP ID="P45_SP00177" HPOS="196" VPOS="2048" WIDTH="32"/>
						<String ID="P45_ST00210" HPOS="228" VPOS="2005" WIDTH="65" HEIGHT="43" CONTENT="the" WC="1.00" CC="000"/>
						<SP ID="P45_SP00178" HPOS="293" VPOS="2048" WIDTH="32"/>
						<String ID="P45_ST00211" HPOS="325" VPOS="2006" WIDTH="95" HEIGHT="42" CONTENT="bent" WC="0.98" CC="6003"/>
						<SP ID="P45_SP00179" HPOS="420" VPOS="2048" WIDTH="31"/>
						<String ID="P45_ST00212" HPOS="451" VPOS="2006" WIDTH="170" HEIGHT="43" CONTENT="towards" WC="0.99" CC="0200500"/>
						<SP ID="P45_SP00180" HPOS="621" VPOS="2049" WIDTH="31"/>
						<String ID="P45_ST00213" HPOS="652" VPOS="2007" WIDTH="84" HEIGHT="42" CONTENT="that" WC="0.98" CC="0703"/>
						<SP ID="P45_SP00181" HPOS="736" VPOS="2049" WIDTH="28"/>
						<String ID="P45_ST00214" HPOS="764" VPOS="2007" WIDTH="132" HEIGHT="43" CONTENT="which" WC="0.98" CC="00740"/>
						<SP ID="P45_SP00182" HPOS="896" VPOS="2050" WIDTH="36"/>
						<String ID="P45_ST00215" HPOS="932" VPOS="2025" WIDTH="84" HEIGHT="26" CONTENT="was" WC="0.98" CC="005"/>
					</TextLine>
					<TextLine ID="P45_TL00034" HPOS="117" VPOS="2065" WIDTH="462" HEIGHT="45">
						<String ID="P45_ST00216" HPOS="117" VPOS="2076" WIDTH="40" HEIGHT="32" CONTENT="to" WC="0.90" CC="02"/>
						<SP ID="P45_SP00183" HPOS="157" VPOS="2108" WIDTH="31"/>
						<String ID="P45_ST00217" HPOS="188" VPOS="2066" WIDTH="50" HEIGHT="42" CONTENT="be" WC="0.66" CC="60"/>
						<SP ID="P45_SP00184" HPOS="238" VPOS="2108" WIDTH="32"/>
						<String ID="P45_ST00218" HPOS="270" VPOS="2065" WIDTH="59" HEIGHT="43" CONTENT="his" WC="0.94" CC="672"/>
						<SP ID="P45_SP00185" HPOS="329" VPOS="2108" WIDTH="29"/>
						<String ID="P45_ST00219" HPOS="358" VPOS="2065" WIDTH="66" HEIGHT="43" CONTENT="life" WC="0.96" CC="6730"/>
						<SP ID="P45_SP00186" HPOS="424" VPOS="2108" WIDTH="30"/>
						<String ID="P45_ST00220" HPOS="454" VPOS="2066" WIDTH="125" HEIGHT="44" CONTENT="work." WC="0.99" CC="00304"/>
					</TextLine>
					<TextLine ID="P45_TL00035" HPOS="174" VPOS="2124" WIDTH="842" HEIGHT="57">
						<String ID="P45_ST00221" HPOS="174" VPOS="2125" WIDTH="47" HEIGHT="42" CONTENT="A" WC="1.00" CC="0"/>
						<SP ID="P45_SP00187" HPOS="221" VPOS="2167" WIDTH="36"/>
						<String ID="P45_ST00222" HPOS="257" VPOS="2142" WIDTH="105" HEIGHT="25" CONTENT="mere" WC="1.00" CC="0010"/>
						<SP ID="P45_SP00188" HPOS="362" VPOS="2167" WIDTH="42"/>
						<String ID="P45_ST00223" HPOS="404" VPOS="2125" WIDTH="137" HEIGHT="53" CONTENT="glance" WC="0.99" CC="940010"/>
						<SP ID="P45_SP00189" HPOS="541" VPOS="2178" WIDTH="42"/>
						<String ID="P45_ST00224" HPOS="583" VPOS="2124" WIDTH="120" HEIGHT="44" CONTENT="down" WC="0.99" CC="0300"/>
						<SP ID="P45_SP00190" HPOS="703" VPOS="2178" WIDTH="41"/>
						<String ID="P45_ST00225" HPOS="744" VPOS="2125" WIDTH="66" HEIGHT="44" CONTENT="the" WC="1.00" CC="000"/>
						<SP ID="P45_SP00191" HPOS="810" VPOS="2178" WIDTH="42"/>
						<String ID="P45_ST00226" HPOS="852" VPOS="2125" WIDTH="164" HEIGHT="56" CONTENT="chapter" WC="1.00" CC="2000000"/>
					</TextLine>
					<TextLine ID="P45_TL00036" HPOS="116" VPOS="2182" WIDTH="899" HEIGHT="55">
						<String ID="P45_ST00227" HPOS="116" VPOS="2182" WIDTH="189" HEIGHT="55" CONTENT="headings" WC="0.99" CC="00007004"/>
						<SP ID="P45_SP00192" HPOS="305" VPOS="2237" WIDTH="28"/>
						<String ID="P45_ST00228" HPOS="333" VPOS="2183" WIDTH="189" HEIGHT="43" CONTENT="indicates" WC="1.00" CC="000640000"/>
						<SP ID="P45_SP00193" HPOS="522" VPOS="2237" WIDTH="31"/>
						<String ID="P45_ST00229" HPOS="553" VPOS="2202" WIDTH="53" HEIGHT="25" CONTENT="on" WC="0.77" CC="40"/>
						<SP ID="P45_SP00194" HPOS="606" VPOS="2237" WIDTH="34"/>
						<String ID="P45_ST00230" HPOS="640" VPOS="2185" WIDTH="109" HEIGHT="43" CONTENT="what" WC="1.00" CC="0000"/>
						<SP ID="P45_SP00195" HPOS="749" VPOS="2237" WIDTH="38"/>
						<String ID="P45_ST00231" HPOS="787" VPOS="2185" WIDTH="107" HEIGHT="43" CONTENT="wide" WC="0.99" CC="0500"/>
						<SP ID="P45_SP00196" HPOS="894" VPOS="2237" WIDTH="42"/>
						<String ID="P45_ST00232" HPOS="936" VPOS="2185" WIDTH="79" HEIGHT="43" CONTENT="and" WC="0.96" CC="009"/>
					</TextLine>
					<TextLine ID="P45_TL00037" HPOS="106" VPOS="2242" WIDTH="910" HEIGHT="54">
						<String ID="P45_ST00233" HPOS="106" VPOS="2242" WIDTH="233" HEIGHT="54" CONTENT="&lt;expanding" WC="0.76" CC="7300400610"/>
						<SP ID="P45_SP00197" HPOS="339" VPOS="2296" WIDTH="30"/>
						<String ID="P45_ST00234" HPOS="369" VPOS="2243" WIDTH="96" HEIGHT="43" CONTENT="lines" WC="0.99" CC="34000"/>
						<SP ID="P45_SP00198" HPOS="465" VPOS="2296" WIDTH="29"/>
						<String ID="P45_ST00235" HPOS="494" VPOS="2244" WIDTH="51" HEIGHT="42" CONTENT="he" WC="0.96" CC="00"/>
						<SP ID="P45_SP00199" HPOS="545" VPOS="2296" WIDTH="36"/>
						<String ID="P45_ST00236" HPOS="581" VPOS="2244" WIDTH="162" HEIGHT="43" CONTENT="worked" WC="1.00" CC="012000"/>
						<SP ID="P45_SP00200" HPOS="743" VPOS="2296" WIDTH="19"/>
						<String ID="P45_ST00237" HPOS="762" VPOS="2263" WIDTH="10" HEIGHT="30" CONTENT=";" WC="0.57" CC="4"/>
						<SP ID="P45_SP00201" HPOS="772" VPOS="2296" WIDTH="42"/>
						<String ID="P45_ST00238" HPOS="814" VPOS="2245" WIDTH="94" HEIGHT="42" CONTENT="how" WC="1.00" CC="000"/>
						<SP ID="P45_SP00202" HPOS="908" VPOS="2296" WIDTH="40"/>
						<String ID="P45_ST00239" HPOS="948" VPOS="2245" WIDTH="68" HEIGHT="43" CONTENT="the" WC="0.99" CC="001"/>
					</TextLine>
					<TextLine ID="P45_TL00038" HPOS="115" VPOS="2301" WIDTH="900" HEIGHT="56">
						<String ID="P45_ST00240" HPOS="115" VPOS="2301" WIDTH="110" HEIGHT="43" CONTENT="small" WC="0.98" CC="30056"/>
						<SP ID="P45_SP00203" HPOS="225" VPOS="2344" WIDTH="41"/>
						<String ID="P45_ST00241" HPOS="266" VPOS="2302" WIDTH="108" HEIGHT="53" CONTENT="early" WC="0.99" CC="00340"/>
						<SP ID="P45_SP00204" HPOS="374" VPOS="2355" WIDTH="40"/>
						<String ID="P45_ST00242" HPOS="414" VPOS="2305" WIDTH="228" HEIGHT="52" CONTENT="enterprises" WC="1.00" CC="07000008002"/>
						<SP ID="P45_SP00205" HPOS="642" VPOS="2357" WIDTH="41"/>
						<String ID="P45_ST00243" HPOS="683" VPOS="2303" WIDTH="199" HEIGHT="44" CONTENT="extended" WC="1.00" CC="00000000"/>
						<SP ID="P45_SP00206" HPOS="882" VPOS="2357" WIDTH="50"/>
						<String ID="P45_ST00244" HPOS="932" VPOS="2305" WIDTH="83" HEIGHT="41" CONTENT="into" WC="0.96" CC="7036"/>
					</TextLine>
					<TextLine ID="P45_TL00039" HPOS="105" VPOS="2360" WIDTH="908" HEIGHT="46">
						<String ID="P45_ST00245" HPOS="105" VPOS="2360" WIDTH="162" HEIGHT="44" CONTENT="/Aldine" WC="0.76" CC="9000700"/>
						<SP ID="P45_SP00207" HPOS="267" VPOS="2404" WIDTH="12"/>
						<String ID="P45_ST00246" HPOS="279" VPOS="2362" WIDTH="140" HEIGHT="42" CONTENT="House" WC="1.00" CC="00000"/>
						<SP ID="P45_SP00208" HPOS="419" VPOS="2404" WIDTH="19"/>
						<String ID="P45_ST00247" HPOS="438" VPOS="2362" WIDTH="77" HEIGHT="42" CONTENT="and" WC="0.98" CC="050"/>
						<SP ID="P45_SP00209" HPOS="515" VPOS="2404" WIDTH="18"/>
						<String ID="P45_ST00248" HPOS="533" VPOS="2363" WIDTH="65" HEIGHT="43" CONTENT="the" WC="1.00" CC="000"/>
						<SP ID="P45_SP00210" HPOS="598" VPOS="2406" WIDTH="17"/>
						<String ID="P45_ST00249" HPOS="615" VPOS="2363" WIDTH="253" HEIGHT="43" CONTENT="Letchworth" WC="0.91" CC="0022004000"/>
						<SP ID="P45_SP00211" HPOS="868" VPOS="2406" WIDTH="16"/>
						<String ID="P45_ST00250" HPOS="884" VPOS="2364" WIDTH="108" HEIGHT="42" CONTENT="estab" SUBS_TYPE="HypPart1" SUBS_CONTENT="establishment," WC="0.98" CC="05247"/>
						<HYP HPOS="992" VPOS="2364" WIDTH="21" CONTENT="-"/>
					</TextLine>
					<TextLine ID="P45_TL00040" HPOS="106" VPOS="2420" WIDTH="905" HEIGHT="52">
						<String ID="P45_ST00251" HPOS="106" VPOS="2420" WIDTH="198" HEIGHT="49" CONTENT="lishment," SUBS_TYPE="HypPart2" SUBS_CONTENT="establishment," WC="0.99" CC="876010011"/>
						<SP ID="P45_SP00212" HPOS="304" VPOS="2469" WIDTH="27"/>
						<String ID="P45_ST00252" HPOS="331" VPOS="2420" WIDTH="78" HEIGHT="43" CONTENT="and" WC="0.98" CC="320"/>
						<SP ID="P45_SP00213" HPOS="409" VPOS="2469" WIDTH="23"/>
						<String ID="P45_ST00253" HPOS="432" VPOS="2421" WIDTH="65" HEIGHT="43" CONTENT="the" WC="0.98" CC="600"/>
						<SP ID="P45_SP00214" HPOS="497" VPOS="2469" WIDTH="32"/>
						<String ID="P45_ST00254" HPOS="529" VPOS="2422" WIDTH="209" HEIGHT="43" CONTENT="Canadian" WC="0.99" CC="20700600"/>
						<SP ID="P45_SP00215" HPOS="738" VPOS="2469" WIDTH="28"/>
						<String ID="P45_ST00255" HPOS="766" VPOS="2423" WIDTH="142" HEIGHT="49" CONTENT="house;" WC="1.00" CC="001004"/>
						<SP ID="P45_SP00216" HPOS="908" VPOS="2472" WIDTH="25"/>
						<String ID="P45_ST00256" HPOS="933" VPOS="2423" WIDTH="78" HEIGHT="42" CONTENT="and" WC="0.94" CC="960"/>
					</TextLine>
					<TextLine ID="P45_TL00041" HPOS="106" VPOS="2479" WIDTH="906" HEIGHT="57">
						<String ID="P45_ST00257" HPOS="106" VPOS="2479" WIDTH="101" HEIGHT="43" CONTENT="how" WC="0.95" CC="750"/>
						<SP ID="P45_SP00217" HPOS="207" VPOS="2522" WIDTH="16"/>
						<String ID="P45_ST00258" HPOS="223" VPOS="2479" WIDTH="65" HEIGHT="43" CONTENT="the" WC="1.00" CC="000"/>
						<SP ID="P45_SP00218" HPOS="288" VPOS="2522" WIDTH="22"/>
						<String ID="P45_ST00259" HPOS="310" VPOS="2480" WIDTH="212" HEIGHT="43" CONTENT="multiform" WC="0.99" CC="005586120"/>
						<SP ID="P45_SP00219" HPOS="522" VPOS="2523" WIDTH="23"/>
						<String ID="P45_ST00260" HPOS="545" VPOS="2483" WIDTH="188" HEIGHT="41" CONTENT="activities" WC="0.99" CC="0005061800"/>
						<SP ID="P45_SP00220" HPOS="733" VPOS="2524" WIDTH="16"/>
						<String ID="P45_ST00261" HPOS="749" VPOS="2482" WIDTH="44" HEIGHT="44" CONTENT="of" WC="0.28" CC="76"/>
						<SP ID="P45_SP00221" HPOS="793" VPOS="2526" WIDTH="15"/>
						<String ID="P45_ST00262" HPOS="808" VPOS="2499" WIDTH="78" HEIGHT="37" CONTENT="any" WC="1.00" CC="000"/>
						<SP ID="P45_SP00222" HPOS="886" VPOS="2536" WIDTH="29"/>
						<String ID="P45_ST00263" HPOS="915" VPOS="2482" WIDTH="97" HEIGHT="43" CONTENT="alert" WC="0.97" CC="93041"/>
					</TextLine>
					<TextLine ID="P45_TL00042" HPOS="106" VPOS="2538" WIDTH="904" HEIGHT="55">
						<String ID="P45_ST00264" HPOS="106" VPOS="2538" WIDTH="85" HEIGHT="43" CONTENT="and" WC="0.97" CC="700"/>
						<SP ID="P45_SP00223" HPOS="191" VPOS="2581" WIDTH="16"/>
						<String ID="P45_ST00265" HPOS="207" VPOS="2541" WIDTH="145" HEIGHT="42" CONTENT="serious" WC="0.98" CC="3048060"/>
						<SP ID="P45_SP00224" HPOS="352" VPOS="2583" WIDTH="15"/>
						<String ID="P45_ST00266" HPOS="367" VPOS="2540" WIDTH="222" HEIGHT="53" CONTENT="publishing" WC="0.99" CC="0063060050"/>
						<SP ID="P45_SP00225" HPOS="589" VPOS="2593" WIDTH="15"/>
						<String ID="P45_ST00267" HPOS="604" VPOS="2540" WIDTH="122" HEIGHT="44" CONTENT="house" WC="0.99" CC="05102"/>
						<SP ID="P45_SP00226" HPOS="726" VPOS="2593" WIDTH="12"/>
						<String ID="P45_ST00268" HPOS="738" VPOS="2559" WIDTH="106" HEIGHT="26" CONTENT="were" WC="0.99" CC="0060"/>
						<SP ID="P45_SP00227" HPOS="844" VPOS="2593" WIDTH="17"/>
						<String ID="P45_ST00269" HPOS="861" VPOS="2541" WIDTH="149" HEIGHT="44" CONTENT="starred" WC="1.00" CC="0000500"/>
					</TextLine>
					<TextLine ID="P45_TL00043" HPOS="110" VPOS="2598" WIDTH="901" HEIGHT="56">
						<String ID="P45_ST00270" HPOS="110" VPOS="2598" WIDTH="57" HEIGHT="52" CONTENT="by" WC="0.63" CC="70"/>
						<SP ID="P45_SP00228" HPOS="167" VPOS="2650" WIDTH="30"/>
						<String ID="P45_ST00271" HPOS="197" VPOS="2599" WIDTH="94" HEIGHT="41" CONTENT="such" WC="0.99" CC="0060"/>
						<SP ID="P45_SP00229" HPOS="291" VPOS="2650" WIDTH="32"/>
						<String ID="P45_ST00272" HPOS="323" VPOS="2599" WIDTH="216" HEIGHT="43" CONTENT="admirable" WC="0.99" CC="000749720"/>
						<SP ID="P45_SP00230" HPOS="539" VPOS="2650" WIDTH="38"/>
						<String ID="P45_ST00273" HPOS="577" VPOS="2600" WIDTH="146" HEIGHT="54" CONTENT="special" WC="0.99" CC="3000714"/>
						<SP ID="P45_SP00231" HPOS="723" VPOS="2654" WIDTH="37"/>
						<String ID="P45_ST00274" HPOS="760" VPOS="2600" WIDTH="172" HEIGHT="44" CONTENT="features" WC="0.99" CC="40060500"/>
						<SP ID="P45_SP00232" HPOS="932" VPOS="2654" WIDTH="37"/>
						<String ID="P45_ST00275" HPOS="969" VPOS="2620" WIDTH="42" HEIGHT="24" CONTENT="as" WC="0.89" CC="02"/>
					</TextLine>
					<TextLine ID="P45_TL00044" HPOS="116" VPOS="2656" WIDTH="892" HEIGHT="59">
						<String ID="P45_ST00276" HPOS="116" VPOS="2665" WIDTH="25" HEIGHT="15" CONTENT="44" STYLE="superscript" WC="0.35" CC="66"/>
						<SP ID="P45_SP00233" HPOS="141" VPOS="2680" WIDTH="12"/>
						<String ID="P45_ST00277" HPOS="153" VPOS="2656" WIDTH="92" HEIGHT="43" CONTENT="The" WC="0.96" CC="073"/>
						<SP ID="P45_SP00234" HPOS="245" VPOS="2699" WIDTH="21"/>
						<String ID="P45_ST00278" HPOS="266" VPOS="2658" WIDTH="171" HEIGHT="54" CONTENT="Temple" WC="1.00" CC="000030"/>
						<SP ID="P45_SP00235" HPOS="437" VPOS="2712" WIDTH="22"/>
						<String ID="P45_ST00279" HPOS="459" VPOS="2660" WIDTH="166" HEIGHT="52" CONTENT="Library" WC="0.99" CC="0565010"/>
						<SP ID="P45_SP00236" HPOS="625" VPOS="2712" WIDTH="81"/>
						<String ID="P45_ST00280" HPOS="706" VPOS="2660" WIDTH="65" HEIGHT="43" CONTENT="the" WC="0.96" CC="470"/>
						<SP ID="P45_SP00237" HPOS="771" VPOS="2712" WIDTH="28"/>
						<String ID="P45_ST00281" HPOS="799" VPOS="2670" WIDTH="24" HEIGHT="15" CONTENT="44" STYLE="superscript" WC="0.44" CC="46"/>
						<SP ID="P45_SP00238" HPOS="823" VPOS="2712" WIDTH="14"/>
						<String ID="P45_ST00282" HPOS="837" VPOS="2661" WIDTH="171" HEIGHT="54" CONTENT="Temple" WC="1.00" CC="002020"/>
					</TextLine>
					<TextLine ID="P45_TL00045" HPOS="113" VPOS="2715" WIDTH="897" HEIGHT="54">
						<String ID="P45_ST00283" HPOS="113" VPOS="2715" WIDTH="271" HEIGHT="54" CONTENT="Shakespeare" WC="1.00" CC="00000106560"/>
						<SP ID="P45_SP00239" HPOS="384" VPOS="2769" WIDTH="84"/>
						<String ID="P45_ST00284" HPOS="468" VPOS="2717" WIDTH="66" HEIGHT="43" CONTENT="the" WC="1.00" CC="000"/>
						<SP ID="P45_SP00240" HPOS="534" VPOS="2769" WIDTH="28"/>
						<String ID="P45_ST00285" HPOS="562" VPOS="2728" WIDTH="24" HEIGHT="15" CONTENT="44" STYLE="superscript" WC="0.34" CC="67"/>
						<SP ID="P45_SP00241" HPOS="586" VPOS="2769" WIDTH="20"/>
						<String ID="P45_ST00286" HPOS="606" VPOS="2719" WIDTH="231" HEIGHT="44" CONTENT="Mediaeval" WC="1.00" CC="000600003"/>
						<SP ID="P45_SP00242" HPOS="837" VPOS="2769" WIDTH="21"/>
						<String ID="P45_ST00287" HPOS="858" VPOS="2720" WIDTH="152" HEIGHT="43" CONTENT="Towns" WC="0.98" CC="01064"/>
					</TextLine>
					<TextLine ID="P45_TL00046" HPOS="113" VPOS="2775" WIDTH="896" HEIGHT="57">
						<String ID="P45_ST00288" HPOS="113" VPOS="2775" WIDTH="421" HEIGHT="55" CONTENT="Series(planned" WC="0.99" CC="00280008446700"/>
						<SP ID="P45_SP00243" HPOS="534" VPOS="2830" WIDTH="38"/>
						<String ID="P45_ST00289" HPOS="572" VPOS="2777" WIDTH="138" HEIGHT="55" CONTENT="during" WC="0.98" CC="010607"/>
						<SP ID="P45_SP00244" HPOS="710" VPOS="2832" WIDTH="40"/>
						<String ID="P45_ST00290" HPOS="750" VPOS="2797" WIDTH="77" HEIGHT="25" CONTENT="one" WC="1.00" CC="000"/>
						<SP ID="P45_SP00245" HPOS="827" VPOS="2832" WIDTH="41"/>
						<String ID="P45_ST00291" HPOS="868" VPOS="2780" WIDTH="42" HEIGHT="42" CONTENT="of" WC="0.40" CC="65"/>
						<SP ID="P45_SP00246" HPOS="910" VPOS="2832" WIDTH="39"/>
						<String ID="P45_ST00292" HPOS="949" VPOS="2780" WIDTH="60" HEIGHT="43" CONTENT="his" WC="0.97" CC="080"/>
					</TextLine>
					<TextLine ID="P45_TL00047" HPOS="111" VPOS="2835" WIDTH="898" HEIGHT="58">
						<String ID="P45_ST00293" HPOS="111" VPOS="2835" WIDTH="104" HEIGHT="41" CONTENT="visits" WC="0.98" CC="344510"/>
						<SP ID="P45_SP00247" HPOS="215" VPOS="2876" WIDTH="31"/>
						<String ID="P45_ST00294" HPOS="246" VPOS="2846" WIDTH="40" HEIGHT="31" CONTENT="to" WC="0.61" CC="25"/>
						<SP ID="P45_SP00248" HPOS="286" VPOS="2877" WIDTH="33"/>
						<String ID="P45_ST00295" HPOS="319" VPOS="2835" WIDTH="109" HEIGHT="52" CONTENT="Italy," WC="0.98" CC="310703"/>
						<SP ID="P45_SP00249" HPOS="428" VPOS="2887" WIDTH="39"/>
						<String ID="P45_ST00296" HPOS="467" VPOS="2854" WIDTH="25" HEIGHT="24" CONTENT="a" WC="0.50" CC="4"/>
						<SP ID="P45_SP00250" HPOS="492" VPOS="2887" WIDTH="40"/>
						<String ID="P45_ST00297" HPOS="532" VPOS="2847" WIDTH="163" HEIGHT="44" CONTENT="country" WC="0.99" CC="0050310"/>
						<SP ID="P45_SP00251" HPOS="695" VPOS="2891" WIDTH="35"/>
						<String ID="P45_ST00298" HPOS="730" VPOS="2838" WIDTH="51" HEIGHT="43" CONTENT="he" WC="1.00" CC="00"/>
						<SP ID="P45_SP00252" HPOS="781" VPOS="2891" WIDTH="37"/>
						<String ID="P45_ST00299" HPOS="818" VPOS="2839" WIDTH="191" HEIGHT="54" CONTENT="intensely" WC="0.99" CC="700070030"/>
					</TextLine>
					<TextLine ID="P45_TL00048" HPOS="112" VPOS="2892" WIDTH="895" HEIGHT="60">
						<String ID="P45_ST00300" HPOS="112" VPOS="2892" WIDTH="139" HEIGHT="56" CONTENT="loved)" WC="0.99" CC="300008"/>
						<SP ID="P45_SP00253" HPOS="251" VPOS="2948" WIDTH="17"/>
						<String ID="P45_ST00301" HPOS="268" VPOS="2911" WIDTH="10" HEIGHT="25" CONTENT=":" WC="0.23" CC="7"/>
						<SP ID="P45_SP00254" HPOS="278" VPOS="2948" WIDTH="44"/>
						<String ID="P45_ST00302" HPOS="322" VPOS="2894" WIDTH="78" HEIGHT="42" CONTENT="and" WC="1.00" CC="000"/>
						<SP ID="P45_SP00255" HPOS="400" VPOS="2948" WIDTH="37"/>
						<String ID="P45_ST00303" HPOS="437" VPOS="2894" WIDTH="66" HEIGHT="44" CONTENT="the" WC="1.00" CC="000"/>
						<SP ID="P45_SP00256" HPOS="503" VPOS="2948" WIDTH="43"/>
						<String ID="P45_ST00304" HPOS="546" VPOS="2908" WIDTH="107" HEIGHT="41" CONTENT="great" WC="1.00" CC="02100"/>
						<SP ID="P45_SP00257" HPOS="653" VPOS="2949" WIDTH="40"/>
						<String ID="P45_ST00305" HPOS="693" VPOS="2907" WIDTH="25" HEIGHT="14" CONTENT="44" STYLE="superscript" WC="0.55" CC="44"/>
						<SP ID="P45_SP00258" HPOS="718" VPOS="2949" WIDTH="19"/>
						<String ID="P45_ST00306" HPOS="737" VPOS="2897" WIDTH="225" HEIGHT="55" CONTENT="Everyman" WC="1.00" CC="00000000"/>
						<SP ID="P45_SP00259" HPOS="962" VPOS="2952" WIDTH="17"/>
						<String ID="P45_ST00307" HPOS="979" VPOS="2898" WIDTH="28" HEIGHT="13" CONTENT='*"' WC="0.33" CC="66"/>
					</TextLine>
					<TextLine ID="P45_TL00049" HPOS="111" VPOS="2952" WIDTH="896" HEIGHT="60">
						<String ID="P45_ST00308" HPOS="111" VPOS="2953" WIDTH="127" HEIGHT="48" CONTENT="series," WC="0.98" CC="3067043"/>
						<SP ID="P45_SP00260" HPOS="238" VPOS="3001" WIDTH="22"/>
						<String ID="P45_ST00309" HPOS="260" VPOS="2952" WIDTH="132" HEIGHT="44" CONTENT="which" WC="0.99" CC="00600"/>
						<SP ID="P45_SP00261" HPOS="392" VPOS="3001" WIDTH="31"/>
						<String ID="P45_ST00310" HPOS="423" VPOS="2954" WIDTH="127" HEIGHT="54" CONTENT="began" WC="0.99" CC="70000"/>
						<SP ID="P45_SP00262" HPOS="550" VPOS="3008" WIDTH="20"/>
						<String ID="P45_ST00311" HPOS="570" VPOS="2972" WIDTH="112" HEIGHT="37" CONTENT="years" WC="1.00" CC="00003"/>
						<SP ID="P45_SP00263" HPOS="682" VPOS="3009" WIDTH="22"/>
						<String ID="P45_ST00312" HPOS="704" VPOS="2974" WIDTH="74" HEIGHT="37" CONTENT="ago" WC="0.95" CC="803"/>
						<SP ID="P45_SP00264" HPOS="778" VPOS="3011" WIDTH="21"/>
						<String ID="P45_ST00313" HPOS="799" VPOS="2960" WIDTH="128" HEIGHT="52" CONTENT="giving" WC="0.98" CC="860600"/>
						<SP ID="P45_SP00265" HPOS="927" VPOS="3012" WIDTH="21"/>
						<String ID="P45_ST00314" HPOS="948" VPOS="2976" WIDTH="59" HEIGHT="31" CONTENT="us," WC="0.96" CC="604"/>
					</TextLine>
					<TextLine ID="P45_TL00050" HPOS="110" VPOS="3011" WIDTH="898" HEIGHT="50">
						<String ID="P45_ST00315" HPOS="110" VPOS="3011" WIDTH="60" HEIGHT="42" CONTENT="for" WC="0.97" CC="401"/>
						<SP ID="P45_SP00266" HPOS="170" VPOS="3053" WIDTH="34"/>
						<String ID="P45_ST00316" HPOS="204" VPOS="3011" WIDTH="109" HEIGHT="44" CONTENT="what" WC="0.98" CC="0701"/>
						<SP ID="P45_SP00267" HPOS="313" VPOS="3055" WIDTH="40"/>
						<String ID="P45_ST00317" HPOS="353" VPOS="3012" WIDTH="51" HEIGHT="43" CONTENT="he" WC="1.00" CC="00"/>
						<SP ID="P45_SP00268" HPOS="404" VPOS="3055" WIDTH="41"/>
						<String ID="P45_ST00318" HPOS="445" VPOS="3014" WIDTH="129" HEIGHT="43" CONTENT="called" WC="0.99" CC="204000"/>
						<SP ID="P45_SP00269" HPOS="574" VPOS="3057" WIDTH="42"/>
						<String ID="P45_ST00319" HPOS="616" VPOS="3014" WIDTH="65" HEIGHT="44" CONTENT="the" WC="1.00" CC="000"/>
						<SP ID="P45_SP00270" HPOS="681" VPOS="3058" WIDTH="44"/>
						<String ID="P45_ST00320" HPOS="725" VPOS="3027" WIDTH="25" HEIGHT="14" CONTENT="44" STYLE="superscript" WC="0.33" CC="66"/>
						<SP ID="P45_SP00271" HPOS="750" VPOS="3058" WIDTH="19"/>
						<String ID="P45_ST00321" HPOS="769" VPOS="3016" WIDTH="239" HEIGHT="45" CONTENT="democratic" WC="0.99" CC="0000050345"/>
					</TextLine>
					<TextLine ID="P45_TL00051" HPOS="110" VPOS="3070" WIDTH="898" HEIGHT="59">
						<String ID="P45_ST00322" HPOS="110" VPOS="3070" WIDTH="151" HEIGHT="54" CONTENT="shilling" WC="0.98" CC="60733720"/>
						<SP ID="P45_SP00272" HPOS="261" VPOS="3124" WIDTH="98"/>
						<String ID="P45_ST00323" HPOS="359" VPOS="3091" WIDTH="23" HEIGHT="23" CONTENT="a" WC="1.00" CC="0"/>
						<SP ID="P45_SP00273" HPOS="382" VPOS="3124" WIDTH="36"/>
						<String ID="P45_ST00324" HPOS="418" VPOS="3072" WIDTH="92" HEIGHT="54" CONTENT="long" WC="0.99" CC="5000"/>
						<SP ID="P45_SP00274" HPOS="510" VPOS="3126" WIDTH="31"/>
						<String ID="P45_ST00325" HPOS="541" VPOS="3074" WIDTH="78" HEIGHT="43" CONTENT="and" WC="0.97" CC="043"/>
						<SP ID="P45_SP00275" HPOS="619" VPOS="3126" WIDTH="37"/>
						<String ID="P45_ST00326" HPOS="656" VPOS="3075" WIDTH="204" HEIGHT="54" CONTENT="delightful" WC="0.99" CC="0027000752"/>
						<SP ID="P45_SP00276" HPOS="860" VPOS="3129" WIDTH="31"/>
						<String ID="P45_ST00327" HPOS="891" VPOS="3079" WIDTH="117" HEIGHT="41" CONTENT="series" WC="0.99" CC="000603"/>
					</TextLine>
					<TextLine ID="P45_TL00052" HPOS="111" VPOS="3129" WIDTH="896" HEIGHT="56">
						<String ID="P45_ST00328" HPOS="111" VPOS="3129" WIDTH="42" HEIGHT="42" CONTENT="of" WC="0.72" CC="05"/>
						<SP ID="P45_SP00277" HPOS="153" VPOS="3171" WIDTH="30"/>
						<String ID="P45_ST00329" HPOS="183" VPOS="3130" WIDTH="65" HEIGHT="43" CONTENT="the" WC="1.00" CC="000"/>
						<SP ID="P45_SP00278" HPOS="248" VPOS="3173" WIDTH="31"/>
						<String ID="P45_ST00330" HPOS="279" VPOS="3130" WIDTH="157" HEIGHT="55" CONTENT="literary" WC="0.99" CC="07006030"/>
						<SP ID="P45_SP00279" HPOS="436" VPOS="3185" WIDTH="31"/>
						<String ID="P45_ST00331" HPOS="467" VPOS="3143" WIDTH="187" HEIGHT="33" CONTENT="treasures" WC="1.00" CC="050030000"/>
						<SP ID="P45_SP00280" HPOS="654" VPOS="3185" WIDTH="40"/>
						<String ID="P45_ST00332" HPOS="694" VPOS="3136" WIDTH="42" HEIGHT="42" CONTENT="of" WC="0.71" CC="05"/>
						<SP ID="P45_SP00281" HPOS="736" VPOS="3185" WIDTH="31"/>
						<String ID="P45_ST00333" HPOS="767" VPOS="3136" WIDTH="65" HEIGHT="43" CONTENT="the" WC="1.00" CC="000"/>
						<SP ID="P45_SP00282" HPOS="832" VPOS="3185" WIDTH="31"/>
						<String ID="P45_ST00334" HPOS="863" VPOS="3136" WIDTH="144" HEIGHT="44" CONTENT="world." WC="0.99" CC="003404"/>
					</TextLine>
					<TextLine ID="P45_TL00053" HPOS="170" VPOS="3188" WIDTH="838" HEIGHT="61">
						<String ID="P45_ST00335" HPOS="170" VPOS="3188" WIDTH="89" HEIGHT="44" CONTENT="The" WC="1.00" CC="000"/>
						<SP ID="P45_SP00283" HPOS="259" VPOS="3232" WIDTH="33"/>
						<String ID="P45_ST00336" HPOS="292" VPOS="3190" WIDTH="190" HEIGHT="44" CONTENT="Memoirs" WC="0.99" CC="0000640"/>
						<SP ID="P45_SP00284" HPOS="482" VPOS="3234" WIDTH="29"/>
						<String ID="P45_ST00337" HPOS="511" VPOS="3210" WIDTH="105" HEIGHT="26" CONTENT="were" WC="1.00" CC="0000"/>
						<SP ID="P45_SP00285" HPOS="616" VPOS="3236" WIDTH="30"/>
						<String ID="P45_ST00338" HPOS="646" VPOS="3197" WIDTH="153" HEIGHT="40" CONTENT="written" WC="0.99" CC="0075005"/>
						<SP ID="P45_SP00286" HPOS="799" VPOS="3237" WIDTH="32"/>
						<String ID="P45_ST00339" HPOS="831" VPOS="3196" WIDTH="54" HEIGHT="53" CONTENT="by" WC="0.66" CC="60"/>
						<SP ID="P45_SP00287" HPOS="885" VPOS="3249" WIDTH="20"/>
						<String ID="P45_ST00340" HPOS="905" VPOS="3195" WIDTH="78" HEIGHT="44" CONTENT="him" SUBS_TYPE="HypPart1" SUBS_CONTENT="himself" WC="0.96" CC="770"/>
						<HYP HPOS="983" VPOS="3195" WIDTH="25" CONTENT="-"/>
					</TextLine>
					<TextLine ID="P45_TL00054" HPOS="109" VPOS="3247" WIDTH="897" HEIGHT="61">
						<String ID="P45_ST00341" HPOS="109" VPOS="3247" WIDTH="71" HEIGHT="43" CONTENT="self" SUBS_TYPE="HypPart2" SUBS_CONTENT="himself" WC="0.98" CC="2006"/>
						<SP ID="P45_SP00288" HPOS="180" VPOS="3290" WIDTH="22"/>
						<String ID="P45_ST00342" HPOS="202" VPOS="3258" WIDTH="23" HEIGHT="14" CONTENT="44" STYLE="superscript" WC="0.43" CC="64"/>
						<SP ID="P45_SP00289" HPOS="225" VPOS="3290" WIDTH="18"/>
						<String ID="P45_ST00343" HPOS="243" VPOS="3249" WIDTH="168" HEIGHT="44" CONTENT="without" WC="0.99" CC="0400015"/>
						<SP ID="P45_SP00290" HPOS="411" VPOS="3293" WIDTH="20"/>
						<String ID="P45_ST00344" HPOS="431" VPOS="3267" WIDTH="77" HEIGHT="38" CONTENT="any" WC="0.98" CC="060"/>
						<SP ID="P45_SP00291" HPOS="508" VPOS="3305" WIDTH="20"/>
						<String ID="P45_ST00345" HPOS="528" VPOS="3252" WIDTH="91" HEIGHT="43" CONTENT="idea" WC="0.96" CC="7009"/>
						<SP ID="P45_SP00292" HPOS="619" VPOS="3305" WIDTH="21"/>
						<String ID="P45_ST00346" HPOS="640" VPOS="3254" WIDTH="42" HEIGHT="41" CONTENT="of" WC="0.48" CC="46"/>
						<SP ID="P45_SP00293" HPOS="682" VPOS="3305" WIDTH="21"/>
						<String ID="P45_ST00347" HPOS="703" VPOS="3255" WIDTH="241" HEIGHT="53" CONTENT="publication" WC="0.99" CC="02616040607"/>
						<SP ID="P45_SP00294" HPOS="944" VPOS="3308" WIDTH="20"/>
						<String ID="P45_ST00348" HPOS="964" VPOS="3256" WIDTH="42" HEIGHT="48" CONTENT='",' WC="0.79" CC="04"/>
					</TextLine>
					<TextLine ID="P45_TL00055" HPOS="111" VPOS="3310" WIDTH="897" HEIGHT="58">
						<String ID="P45_ST00349" HPOS="111" VPOS="3315" WIDTH="23" HEIGHT="15" CONTENT="44" STYLE="superscript" WC="0.54" CC="44"/>
						<SP ID="P45_SP00295" HPOS="134" VPOS="3330" WIDTH="19"/>
						<String ID="P45_ST00350" HPOS="153" VPOS="3319" WIDTH="130" HEIGHT="32" CONTENT="meant" WC="1.00" CC="00001"/>
						<SP ID="P45_SP00296" HPOS="283" VPOS="3351" WIDTH="30"/>
						<String ID="P45_ST00351" HPOS="313" VPOS="3320" WIDTH="40" HEIGHT="32" CONTENT="to" WC="0.79" CC="40"/>
						<SP ID="P45_SP00297" HPOS="353" VPOS="3352" WIDTH="32"/>
						<String ID="P45_ST00352" HPOS="385" VPOS="3310" WIDTH="50" HEIGHT="42" CONTENT="be" WC="1.00" CC="00"/>
						<SP ID="P45_SP00298" HPOS="435" VPOS="3352" WIDTH="37"/>
						<String ID="P45_ST00353" HPOS="472" VPOS="3312" WIDTH="149" HEIGHT="43" CONTENT="treated" WC="1.00" CC="4300000"/>
						<SP ID="P45_SP00299" HPOS="621" VPOS="3355" WIDTH="47"/>
						<String ID="P45_ST00354" HPOS="668" VPOS="3332" WIDTH="42" HEIGHT="25" CONTENT="as" WC="0.82" CC="03"/>
						<SP ID="P45_SP00300" HPOS="710" VPOS="3357" WIDTH="45"/>
						<String ID="P45_ST00355" HPOS="755" VPOS="3333" WIDTH="23" HEIGHT="24" CONTENT="a" WC="1.00" CC="0"/>
						<SP ID="P45_SP00301" HPOS="778" VPOS="3357" WIDTH="46"/>
						<String ID="P45_ST00356" HPOS="824" VPOS="3315" WIDTH="184" HEIGHT="53" CONTENT="personal" WC="0.99" CC="02151000"/>
					</TextLine>
					<TextLine ID="P45_TL00056" HPOS="108" VPOS="3364" WIDTH="898" HEIGHT="53">
						<String ID="P45_ST00357" HPOS="108" VPOS="3364" WIDTH="110" HEIGHT="45" CONTENT="letter" WC="0.98" CC="505007"/>
						<SP ID="P45_SP00302" HPOS="218" VPOS="3409" WIDTH="28"/>
						<String ID="P45_ST00358" HPOS="246" VPOS="3368" WIDTH="102" HEIGHT="43" CONTENT="from" WC="0.96" CC="2448"/>
						<SP ID="P45_SP00303" HPOS="348" VPOS="3411" WIDTH="31"/>
						<String ID="P45_ST00359" HPOS="379" VPOS="3369" WIDTH="65" HEIGHT="43" CONTENT="the" WC="0.97" CC="160"/>
						<SP ID="P45_SP00304" HPOS="444" VPOS="3412" WIDTH="33"/>
						<String ID="P45_ST00360" HPOS="477" VPOS="3371" WIDTH="139" HEIGHT="43" CONTENT="author" WC="0.98" CC="050055"/>
						<SP ID="P45_SP00305" HPOS="616" VPOS="3414" WIDTH="30"/>
						<String ID="P45_ST00361" HPOS="646" VPOS="3383" WIDTH="40" HEIGHT="32" CONTENT="to" WC="1.00" CC="00"/>
						<SP ID="P45_SP00306" HPOS="686" VPOS="3415" WIDTH="41"/>
						<String ID="P45_ST00362" HPOS="727" VPOS="3373" WIDTH="58" HEIGHT="43" CONTENT="his" WC="0.97" CC="071"/>
						<SP ID="P45_SP00307" HPOS="785" VPOS="3416" WIDTH="45"/>
						<String ID="P45_ST00363" HPOS="830" VPOS="3376" WIDTH="176" HEIGHT="41" CONTENT="intimate" WC="0.99" CC="75000006"/>
					</TextLine>
					<TextLine ID="P45_TL00057" HPOS="282" VPOS="3428" WIDTH="725" HEIGHT="60">
						<String ID="P45_ST00364" HPOS="282" VPOS="3445" WIDTH="10" HEIGHT="30" CONTENT=";" WC="0.63" CC="3"/>
						<SP ID="P45_SP00308" HPOS="292" VPOS="3475" WIDTH="25"/>
						<String ID="P45_ST00365" HPOS="317" VPOS="3428" WIDTH="70" HEIGHT="43" CONTENT="but" WC="0.93" CC="737"/>
						<SP ID="P45_SP00309" HPOS="387" VPOS="3475" WIDTH="32"/>
						<String ID="P45_ST00366" HPOS="419" VPOS="3430" WIDTH="80" HEIGHT="44" CONTENT="Mr." WC="0.98" CC="004"/>
						<SP ID="P45_SP00310" HPOS="499" VPOS="3475" WIDTH="24"/>
						<String ID="P45_ST00367" HPOS="523" VPOS="3430" WIDTH="125" HEIGHT="54" CONTENT="Hugh" WC="0.98" CC="0007"/>
						<SP ID="P45_SP00311" HPOS="648" VPOS="3484" WIDTH="32"/>
						<String ID="P45_ST00368" HPOS="680" VPOS="3432" WIDTH="120" HEIGHT="50" CONTENT="Dent," WC="0.98" CC="00362"/>
						<SP ID="P45_SP00312" HPOS="800" VPOS="3484" WIDTH="34"/>
						<String ID="P45_ST00369" HPOS="834" VPOS="3433" WIDTH="91" HEIGHT="55" CONTENT="long" WC="0.97" CC="2550"/>
						<SP ID="P45_SP00313" HPOS="925" VPOS="3488" WIDTH="20"/>
						<String ID="P45_ST00370" HPOS="945" VPOS="3434" WIDTH="62" HEIGHT="42" CONTENT="his" WC="0.97" CC="070"/>
					</TextLine>
					<TextLine ID="P45_TL00058" HPOS="105" VPOS="3484" WIDTH="900" HEIGHT="63">
						<String ID="P45_ST00371" HPOS="105" VPOS="3484" WIDTH="125" HEIGHT="44" CONTENT="father" WC="0.99" CC="550000"/>
						<SP ID="P45_SP00314" HPOS="230" VPOS="3528" WIDTH="15"/>
						<String ID="P45_ST00372" HPOS="245" VPOS="3504" WIDTH="18" HEIGHT="24" CONTENT="s" WC="1.00" CC="0"/>
						<SP ID="P45_SP00315" HPOS="263" VPOS="3528" WIDTH="31"/>
						<String ID="P45_ST00373" HPOS="294" VPOS="3486" WIDTH="171" HEIGHT="45" CONTENT="devoted" WC="1.00" CC="0000000"/>
						<SP ID="P45_SP00316" HPOS="465" VPOS="3531" WIDTH="22"/>
						<String ID="P45_ST00374" HPOS="487" VPOS="3489" WIDTH="79" HEIGHT="44" CONTENT="and" WC="0.99" CC="300"/>
						<SP ID="P45_SP00317" HPOS="566" VPOS="3533" WIDTH="31"/>
						<String ID="P45_ST00375" HPOS="597" VPOS="3491" WIDTH="170" HEIGHT="44" CONTENT="efficient" WC="1.00" CC="030000000"/>
						<SP ID="P45_SP00318" HPOS="767" VPOS="3535" WIDTH="19"/>
						<String ID="P45_ST00376" HPOS="786" VPOS="3493" WIDTH="219" HEIGHT="54" CONTENT="colleague," WC="0.99" CC="0535050002"/>
					</TextLine>
					<TextLine ID="P45_TL00059" HPOS="106" VPOS="3542" WIDTH="900" HEIGHT="63">
						<String ID="P45_ST00377" HPOS="106" VPOS="3542" WIDTH="79" HEIGHT="43" CONTENT="and" WC="0.98" CC="060"/>
						<SP ID="P45_SP00319" HPOS="185" VPOS="3585" WIDTH="32"/>
						<String ID="P45_ST00378" HPOS="217" VPOS="3561" WIDTH="90" HEIGHT="26" CONTENT="now" WC="1.00" CC="000"/>
						<SP ID="P45_SP00320" HPOS="307" VPOS="3587" WIDTH="32"/>
						<String ID="P45_ST00379" HPOS="339" VPOS="3547" WIDTH="212" HEIGHT="45" CONTENT="Chairman" WC="0.99" CC="30901000"/>
						<SP ID="P45_SP00321" HPOS="551" VPOS="3592" WIDTH="31"/>
						<String ID="P45_ST00380" HPOS="582" VPOS="3550" WIDTH="43" HEIGHT="42" CONTENT="of" WC="0.66" CC="06"/>
						<SP ID="P45_SP00322" HPOS="625" VPOS="3592" WIDTH="30"/>
						<String ID="P45_ST00381" HPOS="655" VPOS="3550" WIDTH="65" HEIGHT="44" CONTENT="the" WC="0.98" CC="400"/>
						<SP ID="P45_SP00323" HPOS="720" VPOS="3594" WIDTH="33"/>
						<String ID="P45_ST00382" HPOS="753" VPOS="3564" WIDTH="108" HEIGHT="41" CONTENT="great" WC="0.99" CC="06040"/>
						<SP ID="P45_SP00324" HPOS="861" VPOS="3605" WIDTH="37"/>
						<String ID="P45_ST00383" HPOS="898" VPOS="3554" WIDTH="108" HEIGHT="42" CONTENT="Firm" WC="0.94" CC="4767"/>
					</TextLine>
					<TextLine ID="P45_TL00060" HPOS="105" VPOS="3602" WIDTH="899" HEIGHT="58">
						<String ID="P45_ST00384" HPOS="105" VPOS="3602" WIDTH="130" HEIGHT="42" CONTENT="which" WC="0.99" CC="00700"/>
						<SP ID="P45_SP00325" HPOS="235" VPOS="3644" WIDTH="31"/>
						<String ID="P45_ST00385" HPOS="266" VPOS="3604" WIDTH="58" HEIGHT="42" CONTENT="his" WC="0.98" CC="060"/>
						<SP ID="P45_SP00326" HPOS="324" VPOS="3646" WIDTH="44"/>
						<String ID="P45_ST00386" HPOS="368" VPOS="3606" WIDTH="126" HEIGHT="43" CONTENT="father" WC="0.99" CC="350006"/>
						<SP ID="P45_SP00327" HPOS="494" VPOS="3649" WIDTH="49"/>
						<String ID="P45_ST00387" HPOS="543" VPOS="3609" WIDTH="191" HEIGHT="51" CONTENT="founded," WC="1.00" CC="00320003"/>
						<SP ID="P45_SP00328" HPOS="734" VPOS="3660" WIDTH="49"/>
						<String ID="P45_ST00388" HPOS="783" VPOS="3611" WIDTH="69" HEIGHT="44" CONTENT="has" WC="1.00" CC="000"/>
						<SP ID="P45_SP00329" HPOS="852" VPOS="3660" WIDTH="46"/>
						<String ID="P45_ST00389" HPOS="898" VPOS="3612" WIDTH="106" HEIGHT="43" CONTENT="done" WC="0.97" CC="0056"/>
					</TextLine>
					<TextLine ID="P45_TL00061" HPOS="103" VPOS="3661" WIDTH="903" HEIGHT="64">
						<String ID="P45_ST00390" HPOS="103" VPOS="3661" WIDTH="92" HEIGHT="42" CONTENT="well" WC="0.97" CC="0463"/>
						<SP ID="P45_SP00330" HPOS="195" VPOS="3703" WIDTH="33"/>
						<String ID="P45_ST00391" HPOS="228" VPOS="3674" WIDTH="39" HEIGHT="30" CONTENT="to" WC="0.72" CC="05"/>
						<SP ID="P45_SP00331" HPOS="267" VPOS="3704" WIDTH="31"/>
						<String ID="P45_ST00392" HPOS="298" VPOS="3663" WIDTH="110" HEIGHT="44" CONTENT="share" WC="0.99" CC="00050"/>
						<SP ID="P45_SP00332" HPOS="408" VPOS="3707" WIDTH="31"/>
						<String ID="P45_ST00393" HPOS="439" VPOS="3667" WIDTH="94" HEIGHT="43" CONTENT="with" WC="0.99" CC="0500"/>
						<SP ID="P45_SP00333" HPOS="533" VPOS="3710" WIDTH="32"/>
						<String ID="P45_ST00394" HPOS="565" VPOS="3686" WIDTH="23" HEIGHT="25" CONTENT="a" WC="0.30" CC="6"/>
						<SP ID="P45_SP00334" HPOS="588" VPOS="3711" WIDTH="31"/>
						<String ID="P45_ST00395" HPOS="619" VPOS="3669" WIDTH="124" HEIGHT="54" CONTENT="larger" WC="0.98" CC="206007"/>
						<SP ID="P45_SP00335" HPOS="743" VPOS="3723" WIDTH="31"/>
						<String ID="P45_ST00396" HPOS="774" VPOS="3671" WIDTH="134" HEIGHT="54" CONTENT="public" WC="0.99" CC="037010"/>
						<SP ID="P45_SP00336" HPOS="908" VPOS="3725" WIDTH="21"/>
						<String ID="P45_ST00397" HPOS="929" VPOS="3672" WIDTH="77" HEIGHT="42" CONTENT="this" WC="0.94" CC="8677"/>
					</TextLine>
					<TextLine ID="P45_TL00062" HPOS="104" VPOS="3722" WIDTH="562" HEIGHT="51">
						<String ID="P45_ST00398" HPOS="104" VPOS="3731" WIDTH="105" HEIGHT="42" CONTENT="story" WC="0.97" CC="24560"/>
						<SP ID="P45_SP00337" HPOS="209" VPOS="3773" WIDTH="29"/>
						<String ID="P45_ST00399" HPOS="238" VPOS="3722" WIDTH="43" HEIGHT="42" CONTENT="of" WC="0.97" CC="00"/>
						<SP ID="P45_SP00338" HPOS="281" VPOS="3773" WIDTH="29"/>
						<String ID="P45_ST00400" HPOS="310" VPOS="3723" WIDTH="58" HEIGHT="43" CONTENT="his" WC="0.98" CC="050"/>
						<SP ID="P45_SP00339" HPOS="368" VPOS="3773" WIDTH="29"/>
						<String ID="P45_ST00401" HPOS="397" VPOS="3724" WIDTH="160" HEIGHT="45" CONTENT="father's" WC="0.98" CC="63400645"/>
						<SP ID="P45_SP00340" HPOS="557" VPOS="3773" WIDTH="29"/>
						<String ID="P45_ST00402" HPOS="586" VPOS="3728" WIDTH="80" HEIGHT="45" CONTENT="life." WC="0.98" CC="26007"/>
					</TextLine>
				</TextBlock>
				<TextBlock ID="P45_TB00003" HPOS="102" VPOS="3806" WIDTH="899" HEIGHT="130" STYLEREFS="TXT_2 PAR_LEFT">
					<TextLine ID="P45_TL00063" HPOS="103" VPOS="3808" WIDTH="896" HEIGHT="65">
						<String ID="P45_ST00403" HPOS="103" VPOS="3808" WIDTH="116" HEIGHT="44" CONTENT="IT'S" WC="1.00" CC="4000"/>
						<SP ID="P45_SP00341" HPOS="219" VPOS="3852" WIDTH="46"/>
						<String ID="P45_ST00404" HPOS="265" VPOS="3811" WIDTH="167" HEIGHT="46" CONTENT="SMEE" WC="0.88" CC="0400"/>
						<SP ID="P45_SP00342" HPOS="432" VPOS="3857" WIDTH="56"/>
						<String ID="P45_ST00405" HPOS="488" VPOS="3816" WIDTH="52" HEIGHT="51" CONTENT="by" WC="0.47" CC="45"/>
						<SP ID="P45_SP00343" HPOS="540" VPOS="3867" WIDTH="57"/>
						<String ID="P45_ST00406" HPOS="597" VPOS="3817" WIDTH="155" HEIGHT="56" CONTENT="George" WC="0.99" CC="060007"/>
						<SP ID="P45_SP00344" HPOS="752" VPOS="3873" WIDTH="60"/>
						<String ID="P45_ST00407" HPOS="812" VPOS="3820" WIDTH="187" HEIGHT="49" CONTENT="Shelton," WC="0.81" CC="00002452"/>
					</TextLine>
					<TextLine ID="P45_TL00064" HPOS="102" VPOS="3868" WIDTH="898" HEIGHT="67">
						<String ID="P45_ST00408" HPOS="102" VPOS="3868" WIDTH="140" HEIGHT="44" CONTENT="Ernest" WC="0.99" CC="015016"/>
						<SP ID="P45_SP00345" HPOS="242" VPOS="3912" WIDTH="29"/>
						<String ID="P45_ST00409" HPOS="271" VPOS="3871" WIDTH="118" HEIGHT="44" CONTENT="Benn" WC="0.57" CC="6054"/>
						<SP ID="P45_SP00346" HPOS="389" VPOS="3915" WIDTH="24"/>
						<String ID="P45_ST00410" HPOS="413" VPOS="3874" WIDTH="192" HEIGHT="51" CONTENT="Limited," WC="0.99" CC="60201031"/>
						<SP ID="P45_SP00347" HPOS="605" VPOS="3925" WIDTH="55"/>
						<String ID="P45_ST00411" HPOS="660" VPOS="3879" WIDTH="121" HEIGHT="43" CONTENT="Price" WC="0.99" CC="60030"/>
						<SP ID="P45_SP00348" HPOS="781" VPOS="3925" WIDTH="29"/>
						<String ID="P45_ST00412" HPOS="810" VPOS="3879" WIDTH="75" HEIGHT="56" CONTENT="5/-" WC="0.98" CC="500"/>
						<SP ID="P45_SP00349" HPOS="885" VPOS="3935" WIDTH="31"/>
						<String ID="P45_ST00413" HPOS="916" VPOS="3888" WIDTH="84" HEIGHT="35" CONTENT="net." WC="1.00" CC="4000"/>
					</TextLine>
				</TextBlock>
				<TextBlock ID="P45_TB00004" HPOS="97" VPOS="3945" WIDTH="907" HEIGHT="186" STYLEREFS="TXT_1 PAR_LEFT">
					<TextLine ID="P45_TL00065" HPOS="139" VPOS="3962" WIDTH="865" HEIGHT="72">
						<String ID="P45_ST00414" HPOS="139" VPOS="3964" WIDTH="133" HEIGHT="70" CONTENT="|HIS" WC="0.65" CC="6070"/>
						<SP ID="P45_SP00350" HPOS="272" VPOS="4034" WIDTH="34"/>
						<String ID="P45_ST00415" HPOS="306" VPOS="3962" WIDTH="30" HEIGHT="42" CONTENT="is" WC="0.44" CC="56"/>
						<SP ID="P45_SP00351" HPOS="336" VPOS="4034" WIDTH="31"/>
						<String ID="P45_ST00416" HPOS="367" VPOS="3980" WIDTH="23" HEIGHT="24" CONTENT="a" WC="0.84" CC="1"/>
						<SP ID="P45_SP00352" HPOS="390" VPOS="4034" WIDTH="30"/>
						<String ID="P45_ST00417" HPOS="420" VPOS="3980" WIDTH="96" HEIGHT="38" CONTENT="very" WC="0.99" CC="0060"/>
						<SP ID="P45_SP00353" HPOS="516" VPOS="4034" WIDTH="30"/>
						<String ID="P45_ST00418" HPOS="546" VPOS="3966" WIDTH="86" HEIGHT="42" CONTENT="nice" WC="0.96" CC="7704"/>
						<SP ID="P45_SP00354" HPOS="632" VPOS="4034" WIDTH="22"/>
						<String ID="P45_ST00419" HPOS="654" VPOS="3966" WIDTH="96" HEIGHT="44" CONTENT="little" WC="0.98" CC="650250"/>
						<SP ID="P45_SP00355" HPOS="750" VPOS="4034" WIDTH="23"/>
						<String ID="P45_ST00420" HPOS="773" VPOS="3968" WIDTH="106" HEIGHT="43" CONTENT="book" WC="0.97" CC="6401"/>
						<SP ID="P45_SP00356" HPOS="879" VPOS="4034" WIDTH="18"/>
						<String ID="P45_ST00421" HPOS="897" VPOS="3987" WIDTH="10" HEIGHT="30" CONTENT=";" WC="0.36" CC="6"/>
						<SP ID="P45_SP00357" HPOS="907" VPOS="4034" WIDTH="25"/>
						<String ID="P45_ST00422" HPOS="932" VPOS="3980" WIDTH="72" HEIGHT="31" CONTENT="not" WC="0.93" CC="657"/>
					</TextLine>
					<TextLine ID="P45_TL00066" HPOS="220" VPOS="4019" WIDTH="782" HEIGHT="57">
						<String ID="P45_ST00423" HPOS="220" VPOS="4019" WIDTH="93" HEIGHT="54" CONTENT="only" WC="0.97" CC="3066"/>
						<SP ID="P45_SP00358" HPOS="313" VPOS="4073" WIDTH="35"/>
						<String ID="P45_ST00424" HPOS="348" VPOS="4023" WIDTH="85" HEIGHT="42" CONTENT="nice" WC="0.97" CC="0841"/>
						<SP ID="P45_SP00359" HPOS="433" VPOS="4073" WIDTH="32"/>
						<String ID="P45_ST00425" HPOS="465" VPOS="4023" WIDTH="167" HEIGHT="45" CONTENT="because" WC="0.99" CC="7034004"/>
						<SP ID="P45_SP00360" HPOS="632" VPOS="4073" WIDTH="31"/>
						<String ID="P45_ST00426" HPOS="663" VPOS="4028" WIDTH="30" HEIGHT="41" CONTENT="it" WC="0.48" CC="64"/>
						<SP ID="P45_SP00361" HPOS="693" VPOS="4073" WIDTH="29"/>
						<String ID="P45_ST00427" HPOS="722" VPOS="4028" WIDTH="31" HEIGHT="41" CONTENT="is" WC="0.53" CC="81"/>
						<SP ID="P45_SP00362" HPOS="753" VPOS="4073" WIDTH="31"/>
						<String ID="P45_ST00428" HPOS="784" VPOS="4027" WIDTH="110" HEIGHT="49" CONTENT="little," WC="0.99" CC="0710302"/>
						<SP ID="P45_SP00363" HPOS="894" VPOS="4076" WIDTH="34"/>
						<String ID="P45_ST00429" HPOS="928" VPOS="4029" WIDTH="74" HEIGHT="42" CONTENT="but" WC="0.97" CC="007"/>
					</TextLine>
					<TextLine ID="P45_TL00067" HPOS="100" VPOS="4075" WIDTH="902" HEIGHT="56">
						<String ID="P45_ST00430" HPOS="100" VPOS="4085" WIDTH="41" HEIGHT="31" CONTENT="at" WC="0.58" CC="80"/>
						<SP ID="P45_SP00364" HPOS="141" VPOS="4116" WIDTH="30"/>
						<String ID="P45_ST00431" HPOS="171" VPOS="4075" WIDTH="94" HEIGHT="45" CONTENT="least" WC="0.97" CC="61750"/>
						<SP ID="P45_SP00365" HPOS="265" VPOS="4120" WIDTH="43"/>
						<String ID="P45_ST00432" HPOS="308" VPOS="4089" WIDTH="9" HEIGHT="14" CONTENT="4" STYLE="superscript" WC="0.55" CC="4"/>
						<SP ID="P45_SP00366" HPOS="317" VPOS="4120" WIDTH="18"/>
						<String ID="P45_ST00433" HPOS="335" VPOS="4081" WIDTH="29" HEIGHT="41" CONTENT="it" WC="0.60" CC="70"/>
						<SP ID="P45_SP00367" HPOS="364" VPOS="4122" WIDTH="14"/>
						<String ID="P45_ST00434" HPOS="378" VPOS="4099" WIDTH="17" HEIGHT="24" CONTENT="s" WC="0.40" CC="5"/>
						<SP ID="P45_SP00368" HPOS="395" VPOS="4123" WIDTH="42"/>
						<String ID="P45_ST00435" HPOS="437" VPOS="4082" WIDTH="236" HEIGHT="46" CONTENT="thatIt" WC="0.99" CC="060070"/>
						<SP ID="P45_SP00369" HPOS="673" VPOS="4128" WIDTH="45"/>
						<String ID="P45_ST00436" HPOS="718" VPOS="4086" WIDTH="171" HEIGHT="44" CONTENT="reminds" WC="0.98" CC="3036693"/>
						<SP ID="P45_SP00370" HPOS="889" VPOS="4130" WIDTH="46"/>
						<String ID="P45_ST00437" HPOS="935" VPOS="4105" WIDTH="67" HEIGHT="26" CONTENT="me" WC="0.34" CC="57"/>
					</TextLine>
				</TextBlock>
				<TextBlock ID="P45_TB00005" HPOS="1053" VPOS="166" WIDTH="911" HEIGHT="3974" STYLEREFS="TXT_1 PAR_BLOCK">
					<TextLine ID="P45_TL00068" HPOS="1066" VPOS="167" WIDTH="898" HEIGHT="45">
						<String ID="P45_ST00438" HPOS="1066" VPOS="167" WIDTH="131" HEIGHT="43" CONTENT="rather" WC="0.98" CC="653004"/>
						<SP ID="P45_SP00371" HPOS="1197" VPOS="210" WIDTH="33"/>
						<String ID="P45_ST00439" HPOS="1230" VPOS="168" WIDTH="42" HEIGHT="42" CONTENT="of" WC="0.67" CC="06"/>
						<SP ID="P45_SP00372" HPOS="1272" VPOS="210" WIDTH="31"/>
						<String ID="P45_ST00440" HPOS="1303" VPOS="187" WIDTH="23" HEIGHT="24" CONTENT="a" WC="1.00" CC="0"/>
						<SP ID="P45_SP00373" HPOS="1326" VPOS="211" WIDTH="36"/>
						<String ID="P45_ST00441" HPOS="1362" VPOS="169" WIDTH="106" HEIGHT="43" CONTENT="book" WC="0.98" CC="7000"/>
						<SP ID="P45_SP00374" HPOS="1468" VPOS="212" WIDTH="47"/>
						<String ID="P45_ST00442" HPOS="1515" VPOS="170" WIDTH="42" HEIGHT="42" CONTENT="of" WC="0.34" CC="66"/>
						<SP ID="P45_SP00375" HPOS="1557" VPOS="212" WIDTH="45"/>
						<String ID="P45_ST00443" HPOS="1602" VPOS="170" WIDTH="291" HEIGHT="42" CONTENT="reminiscences" WC="0.99" CC="7018570004409"/>
						<SP ID="P45_SP00376" HPOS="1893" VPOS="212" WIDTH="30"/>
						<String ID="P45_ST00444" HPOS="1923" VPOS="168" WIDTH="41" HEIGHT="43" CONTENT="of" WC="0.66" CC="06"/>
					</TextLine>
					<TextLine ID="P45_TL00069" HPOS="1067" VPOS="227" WIDTH="896" HEIGHT="54">
						<String ID="P45_ST00445" HPOS="1067" VPOS="245" WIDTH="50" HEIGHT="24" CONTENT="an" WC="0.46" CC="46"/>
						<SP ID="P45_SP00377" HPOS="1117" VPOS="269" WIDTH="33"/>
						<String ID="P45_ST00446" HPOS="1150" VPOS="238" WIDTH="110" HEIGHT="31" CONTENT="actor" WC="0.99" CC="00231"/>
						<SP ID="P45_SP00378" HPOS="1260" VPOS="269" WIDTH="31"/>
						<String ID="P45_ST00447" HPOS="1291" VPOS="227" WIDTH="43" HEIGHT="43" CONTENT="of" WC="0.68" CC="06"/>
						<SP ID="P45_SP00379" HPOS="1334" VPOS="270" WIDTH="21"/>
						<String ID="P45_ST00448" HPOS="1355" VPOS="227" WIDTH="65" HEIGHT="43" CONTENT="the" WC="0.96" CC="470"/>
						<SP ID="P45_SP00380" HPOS="1420" VPOS="270" WIDTH="23"/>
						<String ID="P45_ST00449" HPOS="1443" VPOS="227" WIDTH="223" HEIGHT="54" CONTENT="eighteenth" WC="0.99" CC="0700000650"/>
						<SP ID="P45_SP00381" HPOS="1666" VPOS="281" WIDTH="22"/>
						<String ID="P45_ST00450" HPOS="1688" VPOS="239" WIDTH="163" HEIGHT="42" CONTENT="century" WC="1.00" CC="0001300"/>
						<SP ID="P45_SP00382" HPOS="1851" VPOS="281" WIDTH="19"/>
						<String ID="P45_ST00451" HPOS="1870" VPOS="228" WIDTH="93" HEIGHT="43" CONTENT="who" WC="0.99" CC="003"/>
					</TextLine>
					<TextLine ID="P45_TL00070" HPOS="1065" VPOS="286" WIDTH="898" HEIGHT="55">
						<String ID="P45_ST00452" HPOS="1065" VPOS="286" WIDTH="148" HEIGHT="53" CONTENT="played" WC="0.99" CC="056000"/>
						<SP ID="P45_SP00383" HPOS="1213" VPOS="339" WIDTH="18"/>
						<String ID="P45_ST00453" HPOS="1231" VPOS="304" WIDTH="41" HEIGHT="24" CONTENT="as" WC="0.86" CC="02"/>
						<SP ID="P45_SP00384" HPOS="1272" VPOS="339" WIDTH="23"/>
						<String ID="P45_ST00454" HPOS="1295" VPOS="304" WIDTH="22" HEIGHT="25" CONTENT="a" WC="1.00" CC="0"/>
						<SP ID="P45_SP00385" HPOS="1317" VPOS="339" WIDTH="31"/>
						<String ID="P45_ST00455" HPOS="1348" VPOS="287" WIDTH="82" HEIGHT="54" CONTENT="boy" WC="0.97" CC="710"/>
						<SP ID="P45_SP00386" HPOS="1430" VPOS="341" WIDTH="19"/>
						<String ID="P45_ST00456" HPOS="1449" VPOS="287" WIDTH="96" HEIGHT="43" CONTENT="with" WC="0.98" CC="0007"/>
						<SP ID="P45_SP00387" HPOS="1545" VPOS="341" WIDTH="23"/>
						<String ID="P45_ST00457" HPOS="1568" VPOS="288" WIDTH="168" HEIGHT="42" CONTENT="Garrick" WC="0.81" CC="0024600"/>
						<SP ID="P45_SP00388" HPOS="1736" VPOS="341" WIDTH="32"/>
						<String ID="P45_ST00458" HPOS="1768" VPOS="299" WIDTH="40" HEIGHT="31" CONTENT="at" WC="0.79" CC="04"/>
						<SP ID="P45_SP00389" HPOS="1808" VPOS="341" WIDTH="21"/>
						<String ID="P45_ST00459" HPOS="1829" VPOS="288" WIDTH="134" HEIGHT="53" CONTENT="Drury" WC="0.86" CC="00060"/>
					</TextLine>
					<TextLine ID="P45_TL00071" HPOS="1065" VPOS="345" WIDTH="896" HEIGHT="44">
						<String ID="P45_ST00460" HPOS="1065" VPOS="345" WIDTH="112" HEIGHT="42" CONTENT="Lane" WC="0.98" CC="0053"/>
						<SP ID="P45_SP00390" HPOS="1177" VPOS="387" WIDTH="33"/>
						<String ID="P45_ST00461" HPOS="1210" VPOS="345" WIDTH="79" HEIGHT="42" CONTENT="and" WC="1.00" CC="000"/>
						<SP ID="P45_SP00391" HPOS="1289" VPOS="387" WIDTH="31"/>
						<String ID="P45_ST00462" HPOS="1320" VPOS="345" WIDTH="93" HEIGHT="43" CONTENT="who" WC="0.98" CC="005"/>
						<SP ID="P45_SP00392" HPOS="1413" VPOS="388" WIDTH="30"/>
						<String ID="P45_ST00463" HPOS="1443" VPOS="357" WIDTH="124" HEIGHT="32" CONTENT="wrote" WC="0.98" CC="02570"/>
						<SP ID="P45_SP00393" HPOS="1567" VPOS="389" WIDTH="48"/>
						<String ID="P45_ST00464" HPOS="1615" VPOS="365" WIDTH="23" HEIGHT="24" CONTENT="a" WC="0.96" CC="0"/>
						<SP ID="P45_SP00394" HPOS="1638" VPOS="389" WIDTH="46"/>
						<String ID="P45_ST00465" HPOS="1684" VPOS="358" WIDTH="99" HEIGHT="31" CONTENT="most" WC="1.00" CC="0000"/>
						<SP ID="P45_SP00395" HPOS="1783" VPOS="389" WIDTH="30"/>
						<String ID="P45_ST00466" HPOS="1813" VPOS="347" WIDTH="124" HEIGHT="42" CONTENT="melan" SUBS_TYPE="HypPart1" SUBS_CONTENT="melancholy" WC="0.98" CC="00575"/>
						<HYP HPOS="1937" VPOS="347" WIDTH="24" CONTENT="-"/>
					</TextLine>
					<TextLine ID="P45_TL00072" HPOS="1064" VPOS="403" WIDTH="897" HEIGHT="54">
						<String ID="P45_ST00467" HPOS="1064" VPOS="403" WIDTH="119" HEIGHT="54" CONTENT="choly" SUBS_TYPE="HypPart2" SUBS_CONTENT="melancholy" WC="0.99" CC="20050"/>
						<SP ID="P45_SP00396" HPOS="1183" VPOS="457" WIDTH="30"/>
						<String ID="P45_ST00468" HPOS="1213" VPOS="404" WIDTH="57" HEIGHT="42" CONTENT="lot" WC="0.96" CC="307"/>
						<SP ID="P45_SP00397" HPOS="1270" VPOS="457" WIDTH="20"/>
						<String ID="P45_ST00469" HPOS="1290" VPOS="405" WIDTH="43" HEIGHT="41" CONTENT="of" WC="0.51" CC="26"/>
						<SP ID="P45_SP00398" HPOS="1333" VPOS="457" WIDTH="20"/>
						<String ID="P45_ST00470" HPOS="1353" VPOS="405" WIDTH="278" HEIGHT="49" CONTENT="recollections," WC="1.00" CC="00060200470000"/>
						<SP ID="P45_SP00399" HPOS="1631" VPOS="457" WIDTH="25"/>
						<String ID="P45_ST00471" HPOS="1656" VPOS="405" WIDTH="78" HEIGHT="43" CONTENT="and" WC="1.00" CC="000"/>
						<SP ID="P45_SP00400" HPOS="1734" VPOS="457" WIDTH="27"/>
						<String ID="P45_ST00472" HPOS="1761" VPOS="406" WIDTH="57" HEIGHT="42" CONTENT="his" WC="0.97" CC="080"/>
						<SP ID="P45_SP00401" HPOS="1818" VPOS="457" WIDTH="30"/>
						<String ID="P45_ST00473" HPOS="1848" VPOS="423" WIDTH="113" HEIGHT="25" CONTENT="name" WC="0.98" CC="6005"/>
					</TextLine>
					<TextLine ID="P45_TL00073" HPOS="1066" VPOS="462" WIDTH="895" HEIGHT="46">
						<String ID="P45_ST00474" HPOS="1066" VPOS="463" WIDTH="14" HEIGHT="42" CONTENT="I" WC="0.41" CC="5"/>
						<SP ID="P45_SP00402" HPOS="1080" VPOS="505" WIDTH="53"/>
						<String ID="P45_ST00475" HPOS="1133" VPOS="462" WIDTH="111" HEIGHT="44" CONTENT="think" WC="1.00" CC="00400"/>
						<SP ID="P45_SP00403" HPOS="1244" VPOS="506" WIDTH="45"/>
						<String ID="P45_ST00476" HPOS="1289" VPOS="481" WIDTH="82" HEIGHT="25" CONTENT="was" WC="1.00" CC="000"/>
						<SP ID="P45_SP00404" HPOS="1371" VPOS="506" WIDTH="52"/>
						<String ID="P45_ST00477" HPOS="1423" VPOS="464" WIDTH="194" HEIGHT="44" CONTENT="Everard." WC="0.79" CC="50030204"/>
						<SP ID="P45_SP00405" HPOS="1617" VPOS="508" WIDTH="93"/>
						<String ID="P45_ST00478" HPOS="1710" VPOS="464" WIDTH="99" HEIGHT="43" CONTENT="This" WC="0.98" CC="0070"/>
						<SP ID="P45_SP00406" HPOS="1809" VPOS="508" WIDTH="46"/>
						<String ID="P45_ST00479" HPOS="1855" VPOS="465" WIDTH="106" HEIGHT="43" CONTENT="book" WC="0.95" CC="7666"/>
					</TextLine>
					<TextLine ID="P45_TL00074" HPOS="1064" VPOS="521" WIDTH="897" HEIGHT="51">
						<String ID="P45_ST00480" HPOS="1064" VPOS="521" WIDTH="170" HEIGHT="43" CONTENT="reminds" WC="1.00" CC="0000000"/>
						<SP ID="P45_SP00407" HPOS="1234" VPOS="564" WIDTH="32"/>
						<String ID="P45_ST00481" HPOS="1266" VPOS="540" WIDTH="63" HEIGHT="25" CONTENT="me" WC="1.00" CC="00"/>
						<SP ID="P45_SP00408" HPOS="1329" VPOS="565" WIDTH="40"/>
						<String ID="P45_ST00482" HPOS="1369" VPOS="523" WIDTH="44" HEIGHT="42" CONTENT="of" WC="0.64" CC="07"/>
						<SP ID="P45_SP00409" HPOS="1413" VPOS="565" WIDTH="40"/>
						<String ID="P45_ST00483" HPOS="1453" VPOS="523" WIDTH="83" HEIGHT="43" CONTENT="that" WC="0.98" CC="2700"/>
						<SP ID="P45_SP00410" HPOS="1536" VPOS="566" WIDTH="35"/>
						<String ID="P45_ST00484" HPOS="1571" VPOS="523" WIDTH="106" HEIGHT="44" CONTENT="book" WC="0.99" CC="6000"/>
						<SP ID="P45_SP00411" HPOS="1677" VPOS="567" WIDTH="32"/>
						<String ID="P45_ST00485" HPOS="1709" VPOS="524" WIDTH="180" HEIGHT="48" CONTENT="because," WC="1.00" CC="00000030"/>
						<SP ID="P45_SP00412" HPOS="1889" VPOS="572" WIDTH="33"/>
						<String ID="P45_ST00486" HPOS="1922" VPOS="527" WIDTH="39" HEIGHT="40" CONTENT="in" WC="0.36" CC="75"/>
					</TextLine>
					<TextLine ID="P45_TL00075" HPOS="1063" VPOS="581" WIDTH="896" HEIGHT="55">
						<String ID="P45_ST00487" HPOS="1063" VPOS="599" WIDTH="77" HEIGHT="25" CONTENT="one" WC="0.96" CC="530"/>
						<SP ID="P45_SP00413" HPOS="1140" VPOS="624" WIDTH="40"/>
						<String ID="P45_ST00488" HPOS="1180" VPOS="581" WIDTH="184" HEIGHT="44" CONTENT="hundred" WC="0.99" CC="7500100"/>
						<SP ID="P45_SP00414" HPOS="1364" VPOS="625" WIDTH="39"/>
						<String ID="P45_ST00489" HPOS="1403" VPOS="599" WIDTH="113" HEIGHT="37" CONTENT="years" WC="0.99" CC="00062"/>
						<SP ID="P45_SP00415" HPOS="1516" VPOS="636" WIDTH="39"/>
						<String ID="P45_ST00490" HPOS="1555" VPOS="583" WIDTH="100" HEIGHT="42" CONTENT="from" WC="0.96" CC="7350"/>
						<SP ID="P45_SP00416" HPOS="1655" VPOS="636" WIDTH="51"/>
						<String ID="P45_ST00491" HPOS="1706" VPOS="600" WIDTH="103" HEIGHT="31" CONTENT="now," WC="0.98" CC="6003"/>
						<SP ID="P45_SP00417" HPOS="1809" VPOS="636" WIDTH="42"/>
						<String ID="P45_ST00492" HPOS="1851" VPOS="582" WIDTH="108" HEIGHT="44" CONTENT="there" WC="0.99" CC="60040"/>
					</TextLine>
					<TextLine ID="P45_TL00076" HPOS="1063" VPOS="640" WIDTH="896" HEIGHT="55">
						<String ID="P45_ST00493" HPOS="1063" VPOS="640" WIDTH="125" HEIGHT="43" CONTENT="won't" WC="0.99" CC="06040"/>
						<SP ID="P45_SP00418" HPOS="1188" VPOS="683" WIDTH="31"/>
						<String ID="P45_ST00494" HPOS="1219" VPOS="641" WIDTH="51" HEIGHT="42" CONTENT="be" WC="0.65" CC="60"/>
						<SP ID="P45_SP00419" HPOS="1270" VPOS="683" WIDTH="31"/>
						<String ID="P45_ST00495" HPOS="1301" VPOS="657" WIDTH="120" HEIGHT="38" CONTENT="many" WC="1.00" CC="0000"/>
						<SP ID="P45_SP00420" HPOS="1421" VPOS="695" WIDTH="30"/>
						<String ID="P45_ST00496" HPOS="1451" VPOS="641" WIDTH="136" HEIGHT="54" CONTENT="laughs" WC="0.98" CC="505070"/>
						<SP ID="P45_SP00421" HPOS="1587" VPOS="695" WIDTH="30"/>
						<String ID="P45_ST00497" HPOS="1617" VPOS="641" WIDTH="71" HEIGHT="44" CONTENT="left" WC="0.98" CC="3050"/>
						<SP ID="P45_SP00422" HPOS="1688" VPOS="695" WIDTH="29"/>
						<String ID="P45_ST00498" HPOS="1717" VPOS="643" WIDTH="40" HEIGHT="41" CONTENT="in" WC="0.36" CC="57"/>
						<SP ID="P45_SP00423" HPOS="1757" VPOS="695" WIDTH="32"/>
						<String ID="P45_ST00499" HPOS="1789" VPOS="642" WIDTH="73" HEIGHT="43" CONTENT="this" WC="0.96" CC="5065"/>
						<SP ID="P45_SP00424" HPOS="1862" VPOS="695" WIDTH="21"/>
						<String ID="P45_ST00500" HPOS="1883" VPOS="660" WIDTH="76" HEIGHT="25" CONTENT="one" WC="0.98" CC="600"/>
					</TextLine>
					<TextLine ID="P45_TL00077" HPOS="1065" VPOS="699" WIDTH="894" HEIGHT="56">
						<String ID="P45_ST00501" HPOS="1065" VPOS="699" WIDTH="188" HEIGHT="54" CONTENT="although" WC="0.99" CC="85002090"/>
						<SP ID="P45_SP00425" HPOS="1253" VPOS="753" WIDTH="32"/>
						<String ID="P45_ST00502" HPOS="1285" VPOS="701" WIDTH="109" HEIGHT="42" CONTENT="there" WC="1.00" CC="00020"/>
						<SP ID="P45_SP00426" HPOS="1394" VPOS="753" WIDTH="38"/>
						<String ID="P45_ST00503" HPOS="1432" VPOS="719" WIDTH="64" HEIGHT="25" CONTENT="are" WC="0.99" CC="030"/>
						<SP ID="P45_SP00427" HPOS="1496" VPOS="753" WIDTH="47"/>
						<String ID="P45_ST00504" HPOS="1543" VPOS="720" WIDTH="44" HEIGHT="24" CONTENT="so" WC="0.44" CC="55"/>
						<SP ID="P45_SP00428" HPOS="1587" VPOS="753" WIDTH="47"/>
						<String ID="P45_ST00505" HPOS="1634" VPOS="718" WIDTH="117" HEIGHT="37" CONTENT="many" WC="0.98" CC="0360"/>
						<SP ID="P45_SP00429" HPOS="1751" VPOS="755" WIDTH="31"/>
						<String ID="P45_ST00506" HPOS="1782" VPOS="701" WIDTH="41" HEIGHT="43" CONTENT="of" WC="0.40" CC="56"/>
						<SP ID="P45_SP00430" HPOS="1823" VPOS="755" WIDTH="31"/>
						<String ID="P45_ST00507" HPOS="1854" VPOS="701" WIDTH="105" HEIGHT="42" CONTENT="them" WC="0.98" CC="4040"/>
					</TextLine>
					<TextLine ID="P45_TL00078" HPOS="1063" VPOS="760" WIDTH="896" HEIGHT="44">
						<String ID="P45_ST00508" HPOS="1063" VPOS="762" WIDTH="39" HEIGHT="40" CONTENT="in" WC="0.65" CC="70"/>
						<SP ID="P45_SP00431" HPOS="1102" VPOS="802" WIDTH="32"/>
						<String ID="P45_ST00509" HPOS="1134" VPOS="762" WIDTH="29" HEIGHT="40" CONTENT="it" WC="0.69" CC="60"/>
						<SP ID="P45_SP00432" HPOS="1163" VPOS="802" WIDTH="36"/>
						<String ID="P45_ST00510" HPOS="1199" VPOS="777" WIDTH="104" HEIGHT="26" CONTENT="now." WC="0.99" CC="0004"/>
						<SP ID="P45_SP00433" HPOS="1303" VPOS="803" WIDTH="79"/>
						<String ID="P45_ST00511" HPOS="1382" VPOS="760" WIDTH="81" HEIGHT="44" CONTENT="Mr." WC="0.97" CC="024"/>
						<SP ID="P45_SP00434" HPOS="1463" VPOS="804" WIDTH="49"/>
						<String ID="P45_ST00512" HPOS="1512" VPOS="760" WIDTH="166" HEIGHT="43" CONTENT="Shelton" WC="0.87" CC="0001430"/>
						<SP ID="P45_SP00435" HPOS="1678" VPOS="804" WIDTH="44"/>
						<String ID="P45_ST00513" HPOS="1722" VPOS="762" WIDTH="131" HEIGHT="41" CONTENT="writes" WC="0.99" CC="044104"/>
						<SP ID="P45_SP00436" HPOS="1853" VPOS="804" WIDTH="41"/>
						<String ID="P45_ST00514" HPOS="1894" VPOS="760" WIDTH="65" HEIGHT="42" CONTENT="the" WC="1.00" CC="000"/>
					</TextLine>
					<TextLine ID="P45_TL00079" HPOS="1064" VPOS="819" WIDTH="896" HEIGHT="55">
						<String ID="P45_ST00515" HPOS="1064" VPOS="819" WIDTH="107" HEIGHT="43" CONTENT="book" WC="0.97" CC="6500"/>
						<SP ID="P45_SP00437" HPOS="1171" VPOS="862" WIDTH="30"/>
						<String ID="P45_ST00516" HPOS="1201" VPOS="819" WIDTH="96" HEIGHT="43" CONTENT="with" WC="0.97" CC="0706"/>
						<SP ID="P45_SP00438" HPOS="1297" VPOS="862" WIDTH="31"/>
						<String ID="P45_ST00517" HPOS="1328" VPOS="819" WIDTH="59" HEIGHT="42" CONTENT="his" WC="0.95" CC="083"/>
						<SP ID="P45_SP00439" HPOS="1387" VPOS="862" WIDTH="30"/>
						<String ID="P45_ST00518" HPOS="1417" VPOS="836" WIDTH="176" HEIGHT="38" CONTENT="memory" WC="0.99" CC="300420"/>
						<SP ID="P45_SP00440" HPOS="1593" VPOS="874" WIDTH="36"/>
						<String ID="P45_ST00519" HPOS="1629" VPOS="819" WIDTH="106" HEIGHT="43" CONTENT="filled" WC="1.00" CC="001100"/>
						<SP ID="P45_SP00441" HPOS="1735" VPOS="874" WIDTH="31"/>
						<String ID="P45_ST00520" HPOS="1766" VPOS="819" WIDTH="96" HEIGHT="43" CONTENT="with" WC="0.98" CC="0800"/>
						<SP ID="P45_SP00442" HPOS="1862" VPOS="874" WIDTH="31"/>
						<String ID="P45_ST00521" HPOS="1893" VPOS="819" WIDTH="67" HEIGHT="42" CONTENT="the" WC="0.99" CC="300"/>
					</TextLine>
					<TextLine ID="P45_TL00080" HPOS="1063" VPOS="878" WIDTH="896" HEIGHT="55">
						<String ID="P45_ST00522" HPOS="1063" VPOS="878" WIDTH="268" HEIGHT="44" CONTENT="recollections" WC="1.00" CC="6000500007300"/>
						<SP ID="P45_SP00443" HPOS="1331" VPOS="922" WIDTH="22"/>
						<String ID="P45_ST00523" HPOS="1353" VPOS="879" WIDTH="41" HEIGHT="42" CONTENT="of" WC="0.72" CC="05"/>
						<SP ID="P45_SP00444" HPOS="1394" VPOS="922" WIDTH="21"/>
						<String ID="P45_ST00524" HPOS="1415" VPOS="878" WIDTH="110" HEIGHT="44" CONTENT="those" WC="0.99" CC="00150"/>
						<SP ID="P45_SP00445" HPOS="1525" VPOS="922" WIDTH="22"/>
						<String ID="P45_ST00525" HPOS="1547" VPOS="879" WIDTH="144" HEIGHT="54" CONTENT="people" WC="1.00" CC="010020"/>
						<SP ID="P45_SP00446" HPOS="1691" VPOS="933" WIDTH="30"/>
						<String ID="P45_ST00526" HPOS="1721" VPOS="879" WIDTH="92" HEIGHT="42" CONTENT="who" WC="1.00" CC="000"/>
						<SP ID="P45_SP00447" HPOS="1813" VPOS="933" WIDTH="30"/>
						<String ID="P45_ST00527" HPOS="1843" VPOS="880" WIDTH="116" HEIGHT="42" CONTENT="knew" WC="1.00" CC="0200"/>
					</TextLine>
					<TextLine ID="P45_TL00081" HPOS="1063" VPOS="937" WIDTH="896" HEIGHT="54">
						<String ID="P45_ST00528" HPOS="1063" VPOS="938" WIDTH="109" HEIGHT="42" CONTENT="what" WC="1.00" CC="0000"/>
						<SP ID="P45_SP00448" HPOS="1172" VPOS="980" WIDTH="29"/>
						<String ID="P45_ST00529" HPOS="1201" VPOS="937" WIDTH="167" HEIGHT="44" CONTENT="Shelton" WC="1.00" CC="0000000"/>
						<SP ID="P45_SP00449" HPOS="1368" VPOS="981" WIDTH="29"/>
						<String ID="P45_ST00530" HPOS="1397" VPOS="955" WIDTH="82" HEIGHT="26" CONTENT="was" WC="1.00" CC="000"/>
						<SP ID="P45_SP00450" HPOS="1479" VPOS="981" WIDTH="31"/>
						<String ID="P45_ST00531" HPOS="1510" VPOS="938" WIDTH="146" HEIGHT="53" CONTENT="talking" WC="0.99" CC="9000400"/>
						<SP ID="P45_SP00451" HPOS="1656" VPOS="991" WIDTH="35"/>
						<String ID="P45_ST00532" HPOS="1691" VPOS="939" WIDTH="122" HEIGHT="42" CONTENT="about" WC="0.97" CC="07543"/>
						<SP ID="P45_SP00452" HPOS="1813" VPOS="991" WIDTH="28"/>
						<String ID="P45_ST00533" HPOS="1841" VPOS="939" WIDTH="118" HEIGHT="42" CONTENT="when" WC="0.97" CC="0606"/>
					</TextLine>
					<TextLine ID="P45_TL00082" HPOS="1063" VPOS="996" WIDTH="894" HEIGHT="50">
						<String ID="P45_ST00534" HPOS="1063" VPOS="997" WIDTH="51" HEIGHT="43" CONTENT="he" WC="0.84" CC="03"/>
						<SP ID="P45_SP00453" HPOS="1114" VPOS="1040" WIDTH="17"/>
						<String ID="P45_ST00535" HPOS="1131" VPOS="997" WIDTH="224" HEIGHT="43" CONTENT="mentioned" WC="1.00" CC="130200000"/>
						<SP ID="P45_SP00454" HPOS="1355" VPOS="1040" WIDTH="18"/>
						<String ID="P45_ST00536" HPOS="1373" VPOS="997" WIDTH="66" HEIGHT="43" CONTENT="the" WC="1.00" CC="000"/>
						<SP ID="P45_SP00455" HPOS="1439" VPOS="1040" WIDTH="17"/>
						<String ID="P45_ST00537" HPOS="1456" VPOS="1016" WIDTH="171" HEIGHT="25" CONTENT="name" WC="0.98" CC="03008"/>
						<String ID="P45_ST00538" HPOS="1634" VPOS="1007" WIDTH="24" HEIGHT="15" CONTENT="44" STYLE="superscript" WC="0.30" CC="67"/>
						<SP ID="P45_SP00456" HPOS="1658" VPOS="1041" WIDTH="19"/>
						<String ID="P45_ST00539" HPOS="1677" VPOS="998" WIDTH="81" HEIGHT="43" CONTENT="Mr." WC="0.97" CC="044"/>
						<SP ID="P45_SP00457" HPOS="1758" VPOS="1041" WIDTH="19"/>
						<String ID="P45_ST00540" HPOS="1777" VPOS="996" WIDTH="180" HEIGHT="50" CONTENT='Toole";' WC="0.99" CC="0043064"/>
					</TextLine>
					<TextLine ID="P45_TL00083" HPOS="1063" VPOS="1056" WIDTH="897" HEIGHT="45">
						<String ID="P45_ST00541" HPOS="1063" VPOS="1056" WIDTH="94" HEIGHT="43" CONTENT="who" WC="0.99" CC="003"/>
						<SP ID="P45_SP00458" HPOS="1157" VPOS="1099" WIDTH="31"/>
						<String ID="P45_ST00542" HPOS="1188" VPOS="1058" WIDTH="235" HEIGHT="41" CONTENT="remembers" WC="0.99" CC="300017030"/>
						<SP ID="P45_SP00459" HPOS="1423" VPOS="1099" WIDTH="32"/>
						<String ID="P45_ST00543" HPOS="1455" VPOS="1057" WIDTH="85" HEIGHT="43" CONTENT="that" WC="0.98" CC="0703"/>
						<SP ID="P45_SP00460" HPOS="1540" VPOS="1100" WIDTH="46"/>
						<String ID="P45_ST00544" HPOS="1586" VPOS="1075" WIDTH="114" HEIGHT="25" CONTENT="name" WC="1.00" CC="0000"/>
						<SP ID="P45_SP00461" HPOS="1700" VPOS="1100" WIDTH="47"/>
						<String ID="P45_ST00545" HPOS="1747" VPOS="1074" WIDTH="91" HEIGHT="25" CONTENT="now" WC="0.98" CC="060"/>
						<SP ID="P45_SP00462" HPOS="1838" VPOS="1100" WIDTH="16"/>
						<String ID="P45_ST00546" HPOS="1854" VPOS="1062" WIDTH="19" HEIGHT="39" CONTENT="?" WC="0.28" CC="7"/>
						<SP ID="P45_SP00463" HPOS="1873" VPOS="1101" WIDTH="45"/>
						<String ID="P45_ST00547" HPOS="1918" VPOS="1057" WIDTH="42" HEIGHT="42" CONTENT="of" WC="0.41" CC="46"/>
					</TextLine>
					<TextLine ID="P45_TL00084" HPOS="1063" VPOS="1116" WIDTH="895" HEIGHT="54">
						<String ID="P45_ST00548" HPOS="1063" VPOS="1116" WIDTH="110" HEIGHT="42" CONTENT="what" WC="1.00" CC="0002"/>
						<SP ID="P45_SP00464" HPOS="1173" VPOS="1158" WIDTH="19"/>
						<String ID="P45_ST00549" HPOS="1192" VPOS="1118" WIDTH="31" HEIGHT="40" CONTENT="is" WC="0.41" CC="74"/>
						<SP ID="P45_SP00465" HPOS="1223" VPOS="1158" WIDTH="21"/>
						<String ID="P45_ST00550" HPOS="1244" VPOS="1118" WIDTH="29" HEIGHT="40" CONTENT="it" WC="0.73" CC="50"/>
						<SP ID="P45_SP00466" HPOS="1273" VPOS="1158" WIDTH="20"/>
						<String ID="P45_ST00551" HPOS="1293" VPOS="1116" WIDTH="214" HEIGHT="54" CONTENT="significant" WC="0.99" CC="17906000005"/>
						<SP ID="P45_SP00467" HPOS="1507" VPOS="1170" WIDTH="15"/>
						<String ID="P45_ST00552" HPOS="1522" VPOS="1122" WIDTH="18" HEIGHT="38" CONTENT="?" WC="0.28" CC="7"/>
						<SP ID="P45_SP00468" HPOS="1540" VPOS="1170" WIDTH="35"/>
						<String ID="P45_ST00553" HPOS="1575" VPOS="1117" WIDTH="109" HEIGHT="43" CONTENT="what" WC="0.99" CC="0003"/>
						<SP ID="P45_SP00469" HPOS="1684" VPOS="1170" WIDTH="28"/>
						<String ID="P45_ST00554" HPOS="1712" VPOS="1116" WIDTH="81" HEIGHT="43" CONTENT="will" WC="0.97" CC="0525"/>
						<SP ID="P45_SP00470" HPOS="1793" VPOS="1170" WIDTH="22"/>
						<String ID="P45_ST00555" HPOS="1815" VPOS="1116" WIDTH="143" HEIGHT="54" CONTENT="people" WC="0.99" CC="000060"/>
					</TextLine>
					<TextLine ID="P45_TL00085" HPOS="1064" VPOS="1175" WIDTH="895" HEIGHT="55">
						<String ID="P45_ST00556" HPOS="1064" VPOS="1175" WIDTH="144" HEIGHT="54" CONTENT="to-day" WC="0.99" CC="304000"/>
						<SP ID="P45_SP00471" HPOS="1208" VPOS="1229" WIDTH="51"/>
						<String ID="P45_ST00557" HPOS="1259" VPOS="1175" WIDTH="81" HEIGHT="43" CONTENT="find" WC="1.00" CC="0000"/>
						<SP ID="P45_SP00472" HPOS="1340" VPOS="1229" WIDTH="46"/>
						<String ID="P45_ST00558" HPOS="1386" VPOS="1177" WIDTH="124" HEIGHT="53" CONTENT="funny" WC="0.99" CC="54000"/>
						<SP ID="P45_SP00473" HPOS="1510" VPOS="1230" WIDTH="51"/>
						<String ID="P45_ST00559" HPOS="1561" VPOS="1179" WIDTH="40" HEIGHT="40" CONTENT="in" WC="0.76" CC="40"/>
						<SP ID="P45_SP00474" HPOS="1601" VPOS="1230" WIDTH="47"/>
						<String ID="P45_ST00560" HPOS="1648" VPOS="1177" WIDTH="65" HEIGHT="42" CONTENT="the" WC="0.99" CC="200"/>
						<SP ID="P45_SP00475" HPOS="1713" VPOS="1230" WIDTH="46"/>
						<String ID="P45_ST00561" HPOS="1759" VPOS="1176" WIDTH="200" HEIGHT="53" CONTENT="following" WC="0.99" CC="604300300"/>
					</TextLine>
					<TextLine ID="P45_TL00086" HPOS="1065" VPOS="1234" WIDTH="295" HEIGHT="44">
						<String ID="P45_ST00562" HPOS="1065" VPOS="1234" WIDTH="192" HEIGHT="42" CONTENT="anecdote" WC="0.99" CC="60040440"/>
						<SP ID="P45_SP00476" HPOS="1257" VPOS="1276" WIDTH="18"/>
						<String ID="P45_ST00563" HPOS="1275" VPOS="1253" WIDTH="10" HEIGHT="25" CONTENT=":" WC="0.79" CC="2"/>
						<SP ID="P45_SP00477" HPOS="1285" VPOS="1278" WIDTH="20"/>
						<String ID="P45_ST00564" HPOS="1305" VPOS="1262" WIDTH="55" HEIGHT="6" CONTENT="" WC="0.20" CC="8"/>
					</TextLine>
					<TextLine ID="P45_TL00087" HPOS="1129" VPOS="1294" WIDTH="830" HEIGHT="49">
						<String ID="P45_ST00565" HPOS="1129" VPOS="1294" WIDTH="122" HEIGHT="43" CONTENT='"On' WC="0.92" CC="678"/>
						<SP ID="P45_SP00478" HPOS="1251" VPOS="1337" WIDTH="45"/>
						<String ID="P45_ST00566" HPOS="1296" VPOS="1312" WIDTH="75" HEIGHT="25" CONTENT="one" WC="0.92" CC="776"/>
						<SP ID="P45_SP00479" HPOS="1371" VPOS="1337" WIDTH="44"/>
						<String ID="P45_ST00567" HPOS="1415" VPOS="1302" WIDTH="202" HEIGHT="41" CONTENT="occasion," WC="0.99" CC="141140644" STYLEREFS="TXT_2"/>
						<SP ID="P45_SP00480" HPOS="1617" VPOS="1343" WIDTH="50"/>
						<String ID="P45_ST00568" HPOS="1667" VPOS="1296" WIDTH="120" HEIGHT="41" CONTENT="while" WC="0.97" CC="94008" STYLEREFS="TXT_2"/>
						<SP ID="P45_SP00481" HPOS="1787" VPOS="1343" WIDTH="52"/>
						<String ID="P45_ST00569" HPOS="1839" VPOS="1294" WIDTH="120" HEIGHT="43" CONTENT="Toole" WC="0.98" CC="05206" STYLEREFS="TXT_2"/>
					</TextLine>
					<TextLine ID="P45_TL00088" HPOS="1064" VPOS="1354" WIDTH="890" HEIGHT="54">
						<String ID="P45_ST00570" HPOS="1064" VPOS="1367" WIDTH="83" HEIGHT="28" CONTENT="was" WC="0.95" CC="705" STYLEREFS="TXT_2"/>
						<SP ID="P45_SP00482" HPOS="1147" VPOS="1395" WIDTH="22"/>
						<String ID="P45_ST00571" HPOS="1169" VPOS="1360" WIDTH="43" HEIGHT="35" CONTENT="at" WC="0.77" CC="30" STYLEREFS="TXT_2"/>
						<SP ID="P45_SP00483" HPOS="1212" VPOS="1395" WIDTH="20"/>
						<String ID="P45_ST00572" HPOS="1232" VPOS="1354" WIDTH="64" HEIGHT="42" CONTENT="the" WC="0.96" CC="414" STYLEREFS="TXT_2"/>
						<SP ID="P45_SP00484" HPOS="1296" VPOS="1396" WIDTH="24"/>
						<String ID="P45_ST00573" HPOS="1320" VPOS="1354" WIDTH="91" HEIGHT="43" CONTENT="Old" WC="0.97" CC="105" STYLEREFS="TXT_2"/>
						<SP ID="P45_SP00485" HPOS="1411" VPOS="1397" WIDTH="16"/>
						<String ID="P45_ST00574" HPOS="1427" VPOS="1355" WIDTH="105" HEIGHT="51" CONTENT="Ship" WC="0.99" CC="0014" STYLEREFS="TXT_2"/>
						<SP ID="P45_SP00486" HPOS="1532" VPOS="1406" WIDTH="30"/>
						<String ID="P45_ST00575" HPOS="1562" VPOS="1354" WIDTH="140" HEIGHT="49" CONTENT="Hotel," WC="0.98" CC="450302" STYLEREFS="TXT_2"/>
						<SP ID="P45_SP00487" HPOS="1702" VPOS="1406" WIDTH="36"/>
						<String ID="P45_ST00576" HPOS="1738" VPOS="1354" WIDTH="216" HEIGHT="54" CONTENT="Brighton," WC="0.99" CC="605202002" STYLEREFS="TXT_2"/>
					</TextLine>
					<TextLine ID="P45_TL00089" HPOS="1063" VPOS="1413" WIDTH="895" HEIGHT="52">
						<String ID="P45_ST00577" HPOS="1063" VPOS="1413" WIDTH="230" HEIGHT="52" CONTENT="Bleackley" WC="0.92" CC="000033000" STYLEREFS="TXT_2"/>
						<SP ID="P45_SP00488" HPOS="1293" VPOS="1465" WIDTH="29"/>
						<String ID="P45_ST00578" HPOS="1322" VPOS="1431" WIDTH="113" HEIGHT="25" CONTENT="came" WC="0.99" CC="0004" STYLEREFS="TXT_2"/>
						<SP ID="P45_SP00489" HPOS="1435" VPOS="1465" WIDTH="35"/>
						<String ID="P45_ST00579" HPOS="1470" VPOS="1421" WIDTH="38" HEIGHT="35" CONTENT="to" WC="0.72" CC="22" STYLEREFS="TXT_2"/>
						<SP ID="P45_SP00490" HPOS="1508" VPOS="1465" WIDTH="41"/>
						<String ID="P45_ST00580" HPOS="1549" VPOS="1432" WIDTH="63" HEIGHT="24" CONTENT="see" WC="0.97" CC="026" STYLEREFS="TXT_2"/>
						<SP ID="P45_SP00491" HPOS="1612" VPOS="1465" WIDTH="30"/>
						<String ID="P45_ST00581" HPOS="1642" VPOS="1415" WIDTH="101" HEIGHT="48" CONTENT="him," WC="0.98" CC="0034" STYLEREFS="TXT_2"/>
						<SP ID="P45_SP00492" HPOS="1743" VPOS="1465" WIDTH="35"/>
						<String ID="P45_ST00582" HPOS="1778" VPOS="1414" WIDTH="99" HEIGHT="49" CONTENT="and," WC="0.98" CC="0530" STYLEREFS="TXT_2"/>
						<SP ID="P45_SP00493" HPOS="1877" VPOS="1465" WIDTH="37"/>
						<String ID="P45_ST00583" HPOS="1914" VPOS="1431" WIDTH="44" HEIGHT="25" CONTENT="as" WC="1.00" CC="00" STYLEREFS="TXT_2"/>
					</TextLine>
					<TextLine ID="P45_TL00090" HPOS="1064" VPOS="1473" WIDTH="895" HEIGHT="54">
						<String ID="P45_ST00584" HPOS="1064" VPOS="1473" WIDTH="95" HEIGHT="51" CONTENT="they" WC="0.98" CC="5001" STYLEREFS="TXT_2"/>
						<SP ID="P45_SP00494" HPOS="1159" VPOS="1524" WIDTH="16"/>
						<String ID="P45_ST00585" HPOS="1175" VPOS="1487" WIDTH="92" HEIGHT="38" CONTENT="very" WC="0.98" CC="7030" STYLEREFS="TXT_2"/>
						<SP ID="P45_SP00495" HPOS="1267" VPOS="1525" WIDTH="20"/>
						<String ID="P45_ST00586" HPOS="1287" VPOS="1474" WIDTH="107" HEIGHT="50" CONTENT="often" WC="1.00" CC="00002" STYLEREFS="TXT_2"/>
						<SP ID="P45_SP00496" HPOS="1394" VPOS="1525" WIDTH="23"/>
						<String ID="P45_ST00587" HPOS="1417" VPOS="1473" WIDTH="88" HEIGHT="49" CONTENT="did," WC="1.00" CC="0001" STYLEREFS="TXT_2"/>
						<SP ID="P45_SP00497" HPOS="1505" VPOS="1525" WIDTH="21"/>
						<String ID="P45_ST00588" HPOS="1526" VPOS="1474" WIDTH="93" HEIGHT="51" CONTENT="they" WC="0.98" CC="3060" STYLEREFS="TXT_2"/>
						<SP ID="P45_SP00498" HPOS="1619" VPOS="1525" WIDTH="19"/>
						<String ID="P45_ST00589" HPOS="1638" VPOS="1473" WIDTH="128" HEIGHT="54" CONTENT="began" WC="0.98" CC="67000" STYLEREFS="TXT_2"/>
						<SP ID="P45_SP00499" HPOS="1766" VPOS="1527" WIDTH="31"/>
						<String ID="P45_ST00590" HPOS="1797" VPOS="1474" WIDTH="162" HEIGHT="53" CONTENT="talking" WC="0.98" CC="6006680" STYLEREFS="TXT_2"/>
					</TextLine>
					<TextLine ID="P45_TL00091" HPOS="1064" VPOS="1532" WIDTH="899" HEIGHT="53">
						<String ID="P45_ST00591" HPOS="1064" VPOS="1532" WIDTH="173" HEIGHT="53" CONTENT="together" WC="1.00" CC="30003000" STYLEREFS="TXT_2"/>
						<SP ID="P45_SP00500" HPOS="1237" VPOS="1585" WIDTH="39"/>
						<String ID="P45_ST00592" HPOS="1276" VPOS="1532" WIDTH="120" HEIGHT="43" CONTENT="about" WC="0.98" CC="06370" STYLEREFS="TXT_2"/>
						<SP ID="P45_SP00501" HPOS="1396" VPOS="1585" WIDTH="45"/>
						<String ID="P45_ST00593" HPOS="1441" VPOS="1534" WIDTH="100" HEIGHT="42" CONTENT="their" WC="1.00" CC="00000" STYLEREFS="TXT_2"/>
						<SP ID="P45_SP00502" HPOS="1541" VPOS="1585" WIDTH="44"/>
						<String ID="P45_ST00594" HPOS="1585" VPOS="1534" WIDTH="204" HEIGHT="42" CONTENT="ailments." WC="0.99" CC="400008304" STYLEREFS="TXT_2"/>
						<SP ID="P45_SP00503" HPOS="1789" VPOS="1585" WIDTH="65"/>
						<String ID="P45_ST00595" HPOS="1854" VPOS="1533" WIDTH="109" HEIGHT="43" CONTENT="Said" WC="0.98" CC="1800" STYLEREFS="TXT_2"/>
					</TextLine>
					<TextLine ID="P45_TL00092" HPOS="1063" VPOS="1591" WIDTH="895" HEIGHT="54">
						<String ID="P45_ST00596" HPOS="1063" VPOS="1591" WIDTH="230" HEIGHT="53" CONTENT="Bleackley" WC="0.73" CC="800006080" STYLEREFS="TXT_2"/>
						<SP ID="P45_SP00504" HPOS="1293" VPOS="1644" WIDTH="35"/>
						<String ID="P45_ST00597" HPOS="1328" VPOS="1601" WIDTH="12" HEIGHT="16" CONTENT="*" WC="0.80" CC="1" STYLEREFS="TXT_2"/>
						<SP ID="P45_SP00505" HPOS="1340" VPOS="1644" WIDTH="12"/>
						<String ID="P45_ST00598" HPOS="1352" VPOS="1591" WIDTH="176" HEIGHT="54" CONTENT="Johnny," WC="1.00" CC="0000003" STYLEREFS="TXT_2"/>
						<SP ID="P45_SP00506" HPOS="1528" VPOS="1645" WIDTH="47"/>
						<String ID="P45_ST00599" HPOS="1575" VPOS="1593" WIDTH="79" HEIGHT="42" CONTENT="I'm" WC="0.98" CC="040" STYLEREFS="TXT_2"/>
						<SP ID="P45_SP00507" HPOS="1654" VPOS="1645" WIDTH="48"/>
						<String ID="P45_ST00600" HPOS="1702" VPOS="1593" WIDTH="158" HEIGHT="51" CONTENT="terribly" WC="0.99" CC="29021000" STYLEREFS="TXT_2"/>
						<SP ID="P45_SP00508" HPOS="1860" VPOS="1645" WIDTH="31"/>
						<String ID="P45_ST00601" HPOS="1891" VPOS="1592" WIDTH="45" HEIGHT="42" CONTENT="bo" SUBS_TYPE="HypPart1" SUBS_CONTENT="bothered" WC="0.96" CC="04" STYLEREFS="TXT_2"/>
						<HYP HPOS="1936" VPOS="1592" WIDTH="22" CONTENT="-"/>
					</TextLine>
					<TextLine ID="P45_TL00093" HPOS="1063" VPOS="1651" WIDTH="896" HEIGHT="55">
						<String ID="P45_ST00602" HPOS="1063" VPOS="1651" WIDTH="137" HEIGHT="42" CONTENT="thered" SUBS_TYPE="HypPart2" SUBS_CONTENT="bothered" WC="0.99" CC="700000" STYLEREFS="TXT_2"/>
						<SP ID="P45_SP00509" HPOS="1200" VPOS="1693" WIDTH="18"/>
						<String ID="P45_ST00603" HPOS="1218" VPOS="1659" WIDTH="42" HEIGHT="34" CONTENT="at" WC="0.61" CC="07" STYLEREFS="TXT_2"/>
						<SP ID="P45_SP00510" HPOS="1260" VPOS="1693" WIDTH="20"/>
						<String ID="P45_ST00604" HPOS="1280" VPOS="1652" WIDTH="131" HEIGHT="53" CONTENT="night." WC="0.99" CC="700004" STYLEREFS="TXT_2"/>
						<SP ID="P45_SP00511" HPOS="1411" VPOS="1705" WIDTH="64"/>
						<String ID="P45_ST00605" HPOS="1475" VPOS="1653" WIDTH="24" HEIGHT="41" CONTENT="I" WC="0.84" CC="1" STYLEREFS="TXT_2"/>
						<SP ID="P45_SP00512" HPOS="1499" VPOS="1705" WIDTH="17"/>
						<String ID="P45_ST00606" HPOS="1516" VPOS="1653" WIDTH="114" HEIGHT="42" CONTENT="can't" WC="0.98" CC="00806" STYLEREFS="TXT_2"/>
						<SP ID="P45_SP00513" HPOS="1630" VPOS="1705" WIDTH="30"/>
						<String ID="P45_ST00607" HPOS="1660" VPOS="1660" WIDTH="64" HEIGHT="46" CONTENT="get" WC="0.97" CC="007" STYLEREFS="TXT_2"/>
						<SP ID="P45_SP00514" HPOS="1724" VPOS="1706" WIDTH="28"/>
						<String ID="P45_ST00608" HPOS="1752" VPOS="1660" WIDTH="40" HEIGHT="34" CONTENT="to" WC="0.60" CC="70" STYLEREFS="TXT_2"/>
						<SP ID="P45_SP00515" HPOS="1792" VPOS="1706" WIDTH="21"/>
						<String ID="P45_ST00609" HPOS="1813" VPOS="1652" WIDTH="146" HEIGHT="52" CONTENT="sleep/" WC="0.99" CC="000008" STYLEREFS="TXT_2"/>
					</TextLine>
					<TextLine ID="P45_TL00094" HPOS="1068" VPOS="1710" WIDTH="892" HEIGHT="55">
						<String ID="P45_ST00610" HPOS="1068" VPOS="1719" WIDTH="15" HEIGHT="15" CONTENT="4" STYLE="superscript" WC="0.94" CC="0" STYLEREFS="TXT_2"/>
						<SP ID="P45_SP00516" HPOS="1083" VPOS="1734" WIDTH="21"/>
						<String ID="P45_ST00611" HPOS="1104" VPOS="1710" WIDTH="84" HEIGHT="49" CONTENT="Oh," WC="0.97" CC="503" STYLEREFS="TXT_2"/>
						<String ID="P45_ST00612" HPOS="1201" VPOS="1711" WIDTH="12" HEIGHT="15" CONTENT="9" STYLE="superscript" WC="1.00" CC="0" STYLEREFS="TXT_2"/>
						<SP ID="P45_SP00517" HPOS="1213" VPOS="1759" WIDTH="30"/>
						<String ID="P45_ST00613" HPOS="1243" VPOS="1711" WIDTH="96" HEIGHT="42" CONTENT="said" WC="1.00" CC="0000" STYLEREFS="TXT_2"/>
						<SP ID="P45_SP00518" HPOS="1339" VPOS="1759" WIDTH="34"/>
						<String ID="P45_ST00614" HPOS="1373" VPOS="1711" WIDTH="121" HEIGHT="43" CONTENT="Toole" WC="1.00" CC="00000" STYLEREFS="TXT_2"/>
						<SP ID="P45_SP00519" HPOS="1494" VPOS="1759" WIDTH="18"/>
						<String ID="P45_ST00615" HPOS="1512" VPOS="1729" WIDTH="15" HEIGHT="31" CONTENT=";" WC="1.00" CC="0" STYLEREFS="TXT_2"/>
						<SP ID="P45_SP00520" HPOS="1527" VPOS="1760" WIDTH="38"/>
						<String ID="P45_ST00616" HPOS="1565" VPOS="1721" WIDTH="13" HEIGHT="15" CONTENT="4" STYLE="superscript" WC="1.00" CC="0" STYLEREFS="TXT_2"/>
						<SP ID="P45_SP00521" HPOS="1578" VPOS="1760" WIDTH="16"/>
						<String ID="P45_ST00617" HPOS="1594" VPOS="1712" WIDTH="25" HEIGHT="42" CONTENT="I" WC="0.81" CC="1" STYLEREFS="TXT_2"/>
						<SP ID="P45_SP00522" HPOS="1619" VPOS="1760" WIDTH="26"/>
						<String ID="P45_ST00618" HPOS="1645" VPOS="1730" WIDTH="77" HEIGHT="25" CONTENT="can" WC="0.93" CC="098" STYLEREFS="TXT_2"/>
						<SP ID="P45_SP00523" HPOS="1722" VPOS="1760" WIDTH="35"/>
						<String ID="P45_ST00619" HPOS="1757" VPOS="1718" WIDTH="93" HEIGHT="47" CONTENT="give" WC="0.96" CC="3670" STYLEREFS="TXT_2"/>
						<SP ID="P45_SP00524" HPOS="1850" VPOS="1765" WIDTH="29"/>
						<String ID="P45_ST00620" HPOS="1879" VPOS="1728" WIDTH="81" HEIGHT="35" CONTENT="you" WC="0.94" CC="096" STYLEREFS="TXT_2"/>
					</TextLine>
					<TextLine ID="P45_TL00095" HPOS="1063" VPOS="1770" WIDTH="901" HEIGHT="53">
						<String ID="P45_ST00621" HPOS="1063" VPOS="1787" WIDTH="28" HEIGHT="25" CONTENT="a" WC="0.29" CC="7" STYLEREFS="TXT_2"/>
						<SP ID="P45_SP00525" HPOS="1091" VPOS="1812" WIDTH="30"/>
						<String ID="P45_ST00622" HPOS="1121" VPOS="1771" WIDTH="193" HEIGHT="50" CONTENT="splendid" WC="1.00" CC="90000000" STYLEREFS="TXT_2"/>
						<SP ID="P45_SP00526" HPOS="1314" VPOS="1821" WIDTH="25"/>
						<String ID="P45_ST00623" HPOS="1339" VPOS="1778" WIDTH="254" HEIGHT="45" CONTENT="prescription" WC="1.00" CC="000000003000" STYLEREFS="TXT_2"/>
						<SP ID="P45_SP00527" HPOS="1593" VPOS="1823" WIDTH="32"/>
						<String ID="P45_ST00624" HPOS="1625" VPOS="1771" WIDTH="86" HEIGHT="43" CONTENT="that" WC="0.98" CC="0033" STYLEREFS="TXT_2"/>
						<SP ID="P45_SP00528" HPOS="1711" VPOS="1823" WIDTH="29"/>
						<String ID="P45_ST00625" HPOS="1740" VPOS="1772" WIDTH="89" HEIGHT="42" CONTENT="will" WC="0.99" CC="4000" STYLEREFS="TXT_2"/>
						<SP ID="P45_SP00529" HPOS="1829" VPOS="1823" WIDTH="34"/>
						<String ID="P45_ST00626" HPOS="1863" VPOS="1770" WIDTH="101" HEIGHT="44" CONTENT="send" WC="0.95" CC="6088" STYLEREFS="TXT_2"/>
					</TextLine>
					<TextLine ID="P45_TL00096" HPOS="1061" VPOS="1830" WIDTH="901" HEIGHT="52">
						<String ID="P45_ST00627" HPOS="1061" VPOS="1846" WIDTH="84" HEIGHT="34" CONTENT="you" WC="0.95" CC="076" STYLEREFS="TXT_2"/>
						<SP ID="P45_SP00530" HPOS="1145" VPOS="1880" WIDTH="50"/>
						<String ID="P45_ST00628" HPOS="1195" VPOS="1830" WIDTH="67" HEIGHT="50" CONTENT="off" WC="1.00" CC="000" STYLEREFS="TXT_2"/>
						<SP ID="P45_SP00531" HPOS="1262" VPOS="1880" WIDTH="35"/>
						<String ID="P45_ST00629" HPOS="1297" VPOS="1838" WIDTH="38" HEIGHT="34" CONTENT="to" WC="0.92" CC="10" STYLEREFS="TXT_2"/>
						<SP ID="P45_SP00532" HPOS="1335" VPOS="1880" WIDTH="45"/>
						<String ID="P45_ST00630" HPOS="1380" VPOS="1831" WIDTH="108" HEIGHT="51" CONTENT="sleep" WC="1.00" CC="01000" STYLEREFS="TXT_2"/>
						<SP ID="P45_SP00533" HPOS="1488" VPOS="1882" WIDTH="50"/>
						<String ID="P45_ST00631" HPOS="1538" VPOS="1838" WIDTH="44" HEIGHT="35" CONTENT="at" WC="0.90" CC="02" STYLEREFS="TXT_2"/>
						<SP ID="P45_SP00534" HPOS="1582" VPOS="1882" WIDTH="49"/>
						<String ID="P45_ST00632" HPOS="1631" VPOS="1831" WIDTH="138" HEIGHT="42" CONTENT="once.'" WC="0.98" CC="090544" STYLEREFS="TXT_2"/>
						<SP ID="P45_SP00535" HPOS="1769" VPOS="1882" WIDTH="82"/>
						<String ID="P45_ST00633" HPOS="1851" VPOS="1839" WIDTH="11" HEIGHT="16" CONTENT="4" STYLE="superscript" WC="0.55" CC="4" STYLEREFS="TXT_2"/>
						<SP ID="P45_SP00536" HPOS="1862" VPOS="1882" WIDTH="18"/>
						<String ID="P45_ST00634" HPOS="1880" VPOS="1830" WIDTH="82" HEIGHT="44" CONTENT="For" WC="1.00" CC="000" STYLEREFS="TXT_2"/>
					</TextLine>
					<TextLine ID="P45_TL00097" HPOS="1063" VPOS="1888" WIDTH="897" HEIGHT="53">
						<String ID="P45_ST00635" HPOS="1063" VPOS="1888" WIDTH="194" HEIGHT="53" CONTENT="goodness" WC="0.98" CC="70696000" STYLEREFS="TXT_2"/>
						<SP ID="P45_SP00537" HPOS="1257" VPOS="1941" WIDTH="31"/>
						<String ID="P45_ST00636" HPOS="1288" VPOS="1889" WIDTH="97" HEIGHT="50" CONTENT="sake" WC="0.97" CC="0049" STYLEREFS="TXT_2"/>
						<SP ID="P45_SP00538" HPOS="1385" VPOS="1941" WIDTH="18"/>
						<String ID="P45_ST00637" HPOS="1403" VPOS="1894" WIDTH="18" HEIGHT="38" CONTENT="I" WC="0.42" CC="5" STYLEREFS="TXT_2"/>
						<SP ID="P45_SP00539" HPOS="1421" VPOS="1941" WIDTH="22"/>
						<String ID="P45_ST00638" HPOS="1443" VPOS="1891" WIDTH="12" HEIGHT="15" CONTENT="9" STYLE="superscript" WC="0.67" CC="3" STYLEREFS="TXT_2"/>
						<SP ID="P45_SP00540" HPOS="1455" VPOS="1941" WIDTH="31"/>
						<String ID="P45_ST00639" HPOS="1486" VPOS="1890" WIDTH="109" HEIGHT="42" CONTENT="cried" WC="0.99" CC="00070" STYLEREFS="TXT_2"/>
						<SP ID="P45_SP00541" HPOS="1595" VPOS="1941" WIDTH="27"/>
						<String ID="P45_ST00640" HPOS="1622" VPOS="1891" WIDTH="54" HEIGHT="41" CONTENT="E." WC="0.78" CC="04" STYLEREFS="TXT_2"/>
						<SP ID="P45_SP00542" HPOS="1676" VPOS="1941" WIDTH="39"/>
						<String ID="P45_ST00641" HPOS="1715" VPOS="1890" WIDTH="77" HEIGHT="49" CONTENT="O.," WC="0.47" CC="644"/>
						<SP ID="P45_SP00543" HPOS="1792" VPOS="1941" WIDTH="37"/>
						<String ID="P45_ST00642" HPOS="1829" VPOS="1908" WIDTH="45" HEIGHT="24" CONTENT="as" WC="0.38" CC="29" STYLEREFS="TXT_2"/>
						<SP ID="P45_SP00544" HPOS="1874" VPOS="1941" WIDTH="37"/>
						<String ID="P45_ST00643" HPOS="1911" VPOS="1889" WIDTH="49" HEIGHT="43" CONTENT="he" WC="0.51" CC="09" STYLEREFS="TXT_2"/>
					</TextLine>
					<TextLine ID="P45_TL00098" HPOS="1065" VPOS="1948" WIDTH="896" HEIGHT="45">
						<String ID="P45_ST00644" HPOS="1065" VPOS="1948" WIDTH="50" HEIGHT="42" CONTENT="he" WC="0.17" CC="69" STYLEREFS="TXT_2"/>
						<SP ID="P45_SP00545" HPOS="1115" VPOS="1990" WIDTH="28"/>
						<String ID="P45_ST00645" HPOS="1143" VPOS="1962" WIDTH="84" HEIGHT="28" CONTENT="Was" WC="0.98" CC="600" STYLEREFS="TXT_2"/>
						<SP ID="P45_SP00546" HPOS="1227" VPOS="1990" WIDTH="37"/>
						<String ID="P45_ST00646" HPOS="1264" VPOS="1949" WIDTH="149" HEIGHT="43" CONTENT="called." WC="1.00" CC="0000004" STYLEREFS="TXT_2"/>
						<SP ID="P45_SP00547" HPOS="1413" VPOS="1992" WIDTH="71"/>
						<String ID="P45_ST00647" HPOS="1484" VPOS="1957" WIDTH="13" HEIGHT="17" CONTENT="4" STYLE="superscript" WC="0.33" CC="6" STYLEREFS="TXT_2"/>
						<SP ID="P45_SP00548" HPOS="1497" VPOS="1992" WIDTH="26"/>
						<String ID="P45_ST00648" HPOS="1523" VPOS="1949" WIDTH="126" HEIGHT="44" CONTENT="What" WC="0.98" CC="3005" STYLEREFS="TXT_2"/>
						<SP ID="P45_SP00549" HPOS="1649" VPOS="1993" WIDTH="39"/>
						<String ID="P45_ST00649" HPOS="1688" VPOS="1966" WIDTH="52" HEIGHT="26" CONTENT="on" WC="0.78" CC="40" STYLEREFS="TXT_2"/>
						<SP ID="P45_SP00550" HPOS="1740" VPOS="1993" WIDTH="46"/>
						<String ID="P45_ST00650" HPOS="1786" VPOS="1950" WIDTH="109" HEIGHT="42" CONTENT="earth" WC="0.98" CC="77000" STYLEREFS="TXT_2"/>
						<SP ID="P45_SP00551" HPOS="1895" VPOS="1993" WIDTH="31"/>
						<String ID="P45_ST00651" HPOS="1926" VPOS="1956" WIDTH="35" HEIGHT="36" CONTENT="is" WC="0.89" CC="02" STYLEREFS="TXT_2"/>
					</TextLine>
					<TextLine ID="P45_TL00099" HPOS="1066" VPOS="2008" WIDTH="893" HEIGHT="53">
						<String ID="P45_ST00652" HPOS="1066" VPOS="2014" WIDTH="32" HEIGHT="35" CONTENT="it" WC="0.55" CC="35" STYLEREFS="TXT_2"/>
						<SP ID="P45_SP00552" HPOS="1098" VPOS="2049" WIDTH="20"/>
						<String ID="P45_ST00653" HPOS="1118" VPOS="2011" WIDTH="22" HEIGHT="39" CONTENT="?" WC="1.00" CC="0" STYLEREFS="TXT_2"/>
						<SP ID="P45_SP00553" HPOS="1140" VPOS="2050" WIDTH="22"/>
						<String ID="P45_ST00654" HPOS="1162" VPOS="2009" WIDTH="12" HEIGHT="14" CONTENT="9" STYLE="superscript" WC="0.68" CC="3" STYLEREFS="TXT_2"/>
						<SP ID="P45_SP00554" HPOS="1174" VPOS="2050" WIDTH="67"/>
						<String ID="P45_ST00655" HPOS="1241" VPOS="2016" WIDTH="12" HEIGHT="16" CONTENT="4" STYLE="superscript" WC="0.38" CC="6" STYLEREFS="TXT_2"/>
						<SP ID="P45_SP00555" HPOS="1253" VPOS="2050" WIDTH="16"/>
						<String ID="P45_ST00656" HPOS="1269" VPOS="2008" WIDTH="76" HEIGHT="43" CONTENT="It's" WC="0.99" CC="0220" STYLEREFS="TXT_2"/>
						<SP ID="P45_SP00556" HPOS="1345" VPOS="2051" WIDTH="30"/>
						<String ID="P45_ST00657" HPOS="1375" VPOS="2026" WIDTH="26" HEIGHT="24" CONTENT="a" WC="0.14" CC="8" STYLEREFS="TXT_2"/>
						<SP ID="P45_SP00557" HPOS="1401" VPOS="2051" WIDTH="33"/>
						<String ID="P45_ST00658" HPOS="1434" VPOS="2023" WIDTH="102" HEIGHT="37" CONTENT="copy" WC="1.00" CC="0000" STYLEREFS="TXT_2"/>
						<SP ID="P45_SP00558" HPOS="1536" VPOS="2060" WIDTH="30"/>
						<String ID="P45_ST00659" HPOS="1566" VPOS="2009" WIDTH="52" HEIGHT="50" CONTENT="of" WC="0.92" CC="01" STYLEREFS="TXT_2"/>
						<SP ID="P45_SP00559" HPOS="1618" VPOS="2060" WIDTH="38"/>
						<String ID="P45_ST00660" HPOS="1656" VPOS="2026" WIDTH="68" HEIGHT="35" CONTENT="my" WC="1.00" CC="00" STYLEREFS="TXT_2"/>
						<SP ID="P45_SP00560" HPOS="1724" VPOS="2061" WIDTH="45"/>
						<String ID="P45_ST00661" HPOS="1769" VPOS="2009" WIDTH="163" HEIGHT="43" CONTENT="Remini" SUBS_TYPE="HypPart1" SUBS_CONTENT="Reminiscences" WC="0.99" CC="305060" STYLEREFS="TXT_2"/>
						<HYP HPOS="1932" VPOS="2009" WIDTH="27" CONTENT="-"/>
					</TextLine>
					<TextLine ID="P45_TL00100" HPOS="1063" VPOS="2067" WIDTH="568" HEIGHT="45">
						<String ID="P45_ST00662" HPOS="1063" VPOS="2084" WIDTH="156" HEIGHT="25" CONTENT="scences" SUBS_TYPE="HypPart2" SUBS_CONTENT="Reminiscences" WC="0.99" CC="5008050" STYLEREFS="TXT_2"/>
						<SP ID="P45_SP00561" HPOS="1219" VPOS="2109" WIDTH="18"/>
						<String ID="P45_ST00663" HPOS="1237" VPOS="2071" WIDTH="19" HEIGHT="39" CONTENT="I" WC="0.30" CC="6" STYLEREFS="TXT_2"/>
						<SP ID="P45_SP00562" HPOS="1256" VPOS="2110" WIDTH="22"/>
						<String ID="P45_ST00664" HPOS="1278" VPOS="2068" WIDTH="11" HEIGHT="16" CONTENT="9" STYLE="superscript" WC="1.00" CC="0" STYLEREFS="TXT_2"/>
						<SP ID="P45_SP00563" HPOS="1289" VPOS="2110" WIDTH="30"/>
						<String ID="P45_ST00665" HPOS="1319" VPOS="2067" WIDTH="97" HEIGHT="43" CONTENT="said" WC="1.00" CC="0000" STYLEREFS="TXT_2"/>
						<SP ID="P45_SP00564" HPOS="1416" VPOS="2110" WIDTH="35"/>
						<String ID="P45_ST00666" HPOS="1451" VPOS="2068" WIDTH="180" HEIGHT="44" CONTENT='Toole."' WC="0.99" CC="0060077" STYLEREFS="TXT_2"/>
					</TextLine>
					<TextLine ID="P45_TL00101" HPOS="1124" VPOS="2125" WIDTH="837" HEIGHT="45">
						<String ID="P45_ST00667" HPOS="1124" VPOS="2126" WIDTH="84" HEIGHT="43" CONTENT="We" WC="0.76" CC="40"/>
						<SP ID="P45_SP00565" HPOS="1208" VPOS="2169" WIDTH="30"/>
						<String ID="P45_ST00668" HPOS="1238" VPOS="2125" WIDTH="93" HEIGHT="44" CONTENT="who" WC="0.95" CC="074"/>
						<SP ID="P45_SP00566" HPOS="1331" VPOS="2169" WIDTH="31"/>
						<String ID="P45_ST00669" HPOS="1362" VPOS="2145" WIDTH="74" HEIGHT="25" CONTENT="can" WC="1.00" CC="000"/>
						<SP ID="P45_SP00567" HPOS="1436" VPOS="2170" WIDTH="32"/>
						<String ID="P45_ST00670" HPOS="1468" VPOS="2128" WIDTH="218" HEIGHT="42" CONTENT="remember" WC="0.99" CC="40000700"/>
						<SP ID="P45_SP00568" HPOS="1686" VPOS="2170" WIDTH="31"/>
						<String ID="P45_ST00671" HPOS="1717" VPOS="2127" WIDTH="131" HEIGHT="43" CONTENT="Toole" WC="0.97" CC="04554"/>
						<SP ID="P45_SP00569" HPOS="1848" VPOS="2170" WIDTH="31"/>
						<String ID="P45_ST00672" HPOS="1879" VPOS="2126" WIDTH="82" HEIGHT="43" CONTENT="find" WC="1.00" CC="0000"/>
					</TextLine>
					<TextLine ID="P45_TL00102" HPOS="1063" VPOS="2185" WIDTH="899" HEIGHT="55">
						<String ID="P45_ST00673" HPOS="1063" VPOS="2185" WIDTH="31" HEIGHT="41" CONTENT="it" WC="0.34" CC="66"/>
						<SP ID="P45_SP00570" HPOS="1094" VPOS="2226" WIDTH="30"/>
						<String ID="P45_ST00674" HPOS="1124" VPOS="2202" WIDTH="96" HEIGHT="37" CONTENT="very" WC="0.99" CC="0040"/>
						<SP ID="P45_SP00571" HPOS="1220" VPOS="2239" WIDTH="28"/>
						<String ID="P45_ST00675" HPOS="1248" VPOS="2185" WIDTH="202" HEIGHT="55" CONTENT="charming" WC="0.98" CC="57960806"/>
						<SP ID="P45_SP00572" HPOS="1450" VPOS="2240" WIDTH="17"/>
						<String ID="P45_ST00676" HPOS="1467" VPOS="2205" WIDTH="10" HEIGHT="30" CONTENT=";" WC="0.65" CC="3"/>
						<SP ID="P45_SP00573" HPOS="1477" VPOS="2240" WIDTH="33"/>
						<String ID="P45_ST00677" HPOS="1510" VPOS="2204" WIDTH="63" HEIGHT="26" CONTENT="we" WC="1.00" CC="00"/>
						<SP ID="P45_SP00574" HPOS="1573" VPOS="2240" WIDTH="35"/>
						<String ID="P45_ST00678" HPOS="1608" VPOS="2187" WIDTH="93" HEIGHT="43" CONTENT="who" WC="0.98" CC="006"/>
						<SP ID="P45_SP00575" HPOS="1701" VPOS="2240" WIDTH="42"/>
						<String ID="P45_ST00679" HPOS="1743" VPOS="2187" WIDTH="219" HEIGHT="43" CONTENT="remember" WC="0.99" CC="70000705"/>
					</TextLine>
					<TextLine ID="P45_TL00103" HPOS="1063" VPOS="2244" WIDTH="896" HEIGHT="55">
						<String ID="P45_ST00680" HPOS="1063" VPOS="2244" WIDTH="60" HEIGHT="43" CONTENT="his" WC="0.94" CC="770"/>
						<SP ID="P45_SP00576" HPOS="1123" VPOS="2287" WIDTH="31"/>
						<String ID="P45_ST00681" HPOS="1154" VPOS="2244" WIDTH="88" HEIGHT="43" CONTENT="face" WC="0.98" CC="5002"/>
						<SP ID="P45_SP00577" HPOS="1242" VPOS="2287" WIDTH="30"/>
						<String ID="P45_ST00682" HPOS="1272" VPOS="2245" WIDTH="81" HEIGHT="43" CONTENT="and" WC="0.95" CC="507"/>
						<SP ID="P45_SP00578" HPOS="1353" VPOS="2288" WIDTH="31"/>
						<String ID="P45_ST00683" HPOS="1384" VPOS="2246" WIDTH="59" HEIGHT="43" CONTENT="his" WC="0.93" CC="773"/>
						<SP ID="P45_SP00579" HPOS="1443" VPOS="2289" WIDTH="31"/>
						<String ID="P45_ST00684" HPOS="1474" VPOS="2248" WIDTH="113" HEIGHT="41" CONTENT="voice" WC="1.00" CC="00000"/>
						<SP ID="P45_SP00580" HPOS="1587" VPOS="2289" WIDTH="31"/>
						<String ID="P45_ST00685" HPOS="1618" VPOS="2247" WIDTH="117" HEIGHT="52" CONTENT="begin" WC="0.98" CC="70070"/>
						<SP ID="P45_SP00581" HPOS="1735" VPOS="2299" WIDTH="31"/>
						<String ID="P45_ST00686" HPOS="1766" VPOS="2257" WIDTH="40" HEIGHT="32" CONTENT="to" WC="0.61" CC="60"/>
						<SP ID="P45_SP00582" HPOS="1806" VPOS="2299" WIDTH="21"/>
						<String ID="P45_ST00687" HPOS="1827" VPOS="2246" WIDTH="132" HEIGHT="53" CONTENT="laugh," WC="0.99" CC="061060"/>
					</TextLine>
					<TextLine ID="P45_TL00104" HPOS="1061" VPOS="2303" WIDTH="900" HEIGHT="57">
						<String ID="P45_ST00688" HPOS="1061" VPOS="2303" WIDTH="75" HEIGHT="43" CONTENT="but" WC="0.95" CC="706"/>
						<SP ID="P45_SP00583" HPOS="1136" VPOS="2346" WIDTH="30"/>
						<String ID="P45_ST00689" HPOS="1166" VPOS="2305" WIDTH="40" HEIGHT="41" CONTENT="in" WC="0.28" CC="76"/>
						<SP ID="P45_SP00584" HPOS="1206" VPOS="2346" WIDTH="29"/>
						<String ID="P45_ST00690" HPOS="1235" VPOS="2322" WIDTH="77" HEIGHT="26" CONTENT="one" WC="0.96" CC="602"/>
						<SP ID="P45_SP00585" HPOS="1312" VPOS="2348" WIDTH="46"/>
						<String ID="P45_ST00691" HPOS="1358" VPOS="2305" WIDTH="183" HEIGHT="43" CONTENT="hundred" WC="0.99" CC="7200600"/>
						<SP ID="P45_SP00586" HPOS="1541" VPOS="2348" WIDTH="46"/>
						<String ID="P45_ST00692" HPOS="1587" VPOS="2322" WIDTH="114" HEIGHT="38" CONTENT="years" WC="0.99" CC="00005"/>
						<SP ID="P45_SP00587" HPOS="1701" VPOS="2360" WIDTH="46"/>
						<String ID="P45_ST00693" HPOS="1747" VPOS="2306" WIDTH="94" HEIGHT="53" CONTENT="they" WC="0.98" CC="0009"/>
						<SP ID="P45_SP00588" HPOS="1841" VPOS="2360" WIDTH="36"/>
						<String ID="P45_ST00694" HPOS="1877" VPOS="2305" WIDTH="84" HEIGHT="43" CONTENT="will" WC="0.97" CC="9301"/>
					</TextLine>
					<TextLine ID="P45_TL00105" HPOS="1060" VPOS="2362" WIDTH="901" HEIGHT="57">
						<String ID="P45_ST00695" HPOS="1060" VPOS="2362" WIDTH="81" HEIGHT="44" CONTENT="feel" WC="0.97" CC="6007"/>
						<SP ID="P45_SP00589" HPOS="1141" VPOS="2406" WIDTH="30"/>
						<String ID="P45_ST00696" HPOS="1171" VPOS="2381" WIDTH="43" HEIGHT="25" CONTENT="as" WC="1.00" CC="00"/>
						<SP ID="P45_SP00590" HPOS="1214" VPOS="2406" WIDTH="32"/>
						<String ID="P45_ST00697" HPOS="1246" VPOS="2364" WIDTH="14" HEIGHT="42" CONTENT="I" WC="0.30" CC="6"/>
						<SP ID="P45_SP00591" HPOS="1260" VPOS="2406" WIDTH="30"/>
						<String ID="P45_ST00698" HPOS="1290" VPOS="2364" WIDTH="151" HEIGHT="55" CONTENT="always" WC="0.97" CC="779704"/>
						<SP ID="P45_SP00592" HPOS="1441" VPOS="2419" WIDTH="29"/>
						<String ID="P45_ST00699" HPOS="1470" VPOS="2365" WIDTH="79" HEIGHT="42" CONTENT="feel" WC="0.98" CC="3003"/>
						<SP ID="P45_SP00593" HPOS="1549" VPOS="2419" WIDTH="20"/>
						<String ID="P45_ST00700" HPOS="1569" VPOS="2365" WIDTH="119" HEIGHT="43" CONTENT="when" WC="0.99" CC="0040"/>
						<SP ID="P45_SP00594" HPOS="1688" VPOS="2419" WIDTH="32"/>
						<String ID="P45_ST00701" HPOS="1720" VPOS="2365" WIDTH="15" HEIGHT="43" CONTENT="I" WC="0.33" CC="6"/>
						<SP ID="P45_SP00595" HPOS="1735" VPOS="2419" WIDTH="33"/>
						<String ID="P45_ST00702" HPOS="1768" VPOS="2365" WIDTH="94" HEIGHT="42" CONTENT="read" WC="1.00" CC="0000"/>
						<SP ID="P45_SP00596" HPOS="1862" VPOS="2419" WIDTH="32"/>
						<String ID="P45_ST00703" HPOS="1894" VPOS="2364" WIDTH="67" HEIGHT="45" CONTENT="the" WC="0.95" CC="471"/>
					</TextLine>
					<TextLine ID="P45_TL00106" HPOS="1062" VPOS="2422" WIDTH="895" HEIGHT="47">
						<String ID="P45_ST00704" HPOS="1062" VPOS="2422" WIDTH="267" HEIGHT="44" CONTENT="recollections" WC="0.99" CC="8506800267571"/>
						<SP ID="P45_SP00597" HPOS="1329" VPOS="2466" WIDTH="40"/>
						<String ID="P45_ST00705" HPOS="1369" VPOS="2425" WIDTH="49" HEIGHT="42" CONTENT="of" WC="0.34" CC="84"/>
						<SP ID="P45_SP00598" HPOS="1418" VPOS="2467" WIDTH="31"/>
						<String ID="P45_ST00706" HPOS="1449" VPOS="2424" WIDTH="192" HEIGHT="44" CONTENT="Everard." WC="0.80" CC="00070304"/>
						<SP ID="P45_SP00599" HPOS="1641" VPOS="2468" WIDTH="64"/>
						<String ID="P45_ST00707" HPOS="1705" VPOS="2425" WIDTH="139" HEIGHT="44" CONTENT="When" WC="0.97" CC="6006"/>
						<SP ID="P45_SP00600" HPOS="1844" VPOS="2469" WIDTH="33"/>
						<String ID="P45_ST00708" HPOS="1877" VPOS="2425" WIDTH="80" HEIGHT="43" CONTENT="Mr." WC="0.97" CC="044"/>
					</TextLine>
					<TextLine ID="P45_TL00107" HPOS="1060" VPOS="2482" WIDTH="901" HEIGHT="45">
						<String ID="P45_ST00709" HPOS="1060" VPOS="2482" WIDTH="168" HEIGHT="44" CONTENT="Shelton" WC="0.64" CC="2727060"/>
						<SP ID="P45_SP00601" HPOS="1228" VPOS="2526" WIDTH="32"/>
						<String ID="P45_ST00710" HPOS="1260" VPOS="2483" WIDTH="86" HEIGHT="43" CONTENT="asks" WC="0.95" CC="9409"/>
						<SP ID="P45_SP00602" HPOS="1346" VPOS="2526" WIDTH="44"/>
						<String ID="P45_ST00711" HPOS="1390" VPOS="2484" WIDTH="85" HEIGHT="43" CONTENT="Mr." WC="0.95" CC="254"/>
						<SP ID="P45_SP00603" HPOS="1475" VPOS="2527" WIDTH="39"/>
						<String ID="P45_ST00712" HPOS="1514" VPOS="2484" WIDTH="130" HEIGHT="43" CONTENT="Toole" WC="0.99" CC="06030"/>
						<SP ID="P45_SP00604" HPOS="1644" VPOS="2527" WIDTH="47"/>
						<String ID="P45_ST00713" HPOS="1691" VPOS="2484" WIDTH="61" HEIGHT="43" CONTENT="for" WC="0.94" CC="645"/>
						<SP ID="P45_SP00605" HPOS="1752" VPOS="2527" WIDTH="47"/>
						<String ID="P45_ST00714" HPOS="1799" VPOS="2484" WIDTH="162" HEIGHT="43" CONTENT="another" WC="0.99" CC="0000707"/>
					</TextLine>
					<TextLine ID="P45_TL00108" HPOS="1059" VPOS="2541" WIDTH="899" HEIGHT="57">
						<String ID="P45_ST00715" HPOS="1059" VPOS="2541" WIDTH="139" HEIGHT="53" CONTENT="pound" WC="0.96" CC="56770"/>
						<SP ID="P45_SP00606" HPOS="1198" VPOS="2594" WIDTH="29"/>
						<String ID="P45_ST00716" HPOS="1227" VPOS="2560" WIDTH="23" HEIGHT="25" CONTENT="a" WC="1.00" CC="0"/>
						<SP ID="P45_SP00607" HPOS="1250" VPOS="2594" WIDTH="20"/>
						<String ID="P45_ST00717" HPOS="1270" VPOS="2542" WIDTH="116" HEIGHT="44" CONTENT="week" WC="0.99" CC="0040"/>
						<SP ID="P45_SP00608" HPOS="1386" VPOS="2594" WIDTH="20"/>
						<String ID="P45_ST00718" HPOS="1406" VPOS="2561" WIDTH="55" HEIGHT="25" CONTENT="on" WC="0.61" CC="70"/>
						<SP ID="P45_SP00609" HPOS="1461" VPOS="2594" WIDTH="32"/>
						<String ID="P45_ST00719" HPOS="1493" VPOS="2555" WIDTH="39" HEIGHT="31" CONTENT="to" WC="0.91" CC="10"/>
						<SP ID="P45_SP00610" HPOS="1532" VPOS="2594" WIDTH="36"/>
						<String ID="P45_ST00720" HPOS="1568" VPOS="2543" WIDTH="59" HEIGHT="43" CONTENT="his" WC="0.97" CC="080"/>
						<SP ID="P45_SP00611" HPOS="1627" VPOS="2594" WIDTH="29"/>
						<String ID="P45_ST00721" HPOS="1656" VPOS="2544" WIDTH="129" HEIGHT="54" CONTENT="salary" WC="0.97" CC="463670"/>
						<SP ID="P45_SP00612" HPOS="1785" VPOS="2598" WIDTH="19"/>
						<String ID="P45_ST00722" HPOS="1804" VPOS="2569" WIDTH="54" HEIGHT="6" CONTENT="" WC="0.20" CC="8"/>
						<SP ID="P45_SP00613" HPOS="1858" VPOS="2598" WIDTH="19"/>
						<String ID="P45_ST00723" HPOS="1877" VPOS="2544" WIDTH="81" HEIGHT="43" CONTENT="Mr." WC="0.98" CC="014"/>
					</TextLine>
					<TextLine ID="P45_TL00109" HPOS="1059" VPOS="2600" WIDTH="901" HEIGHT="57">
						<String ID="P45_ST00724" HPOS="1059" VPOS="2600" WIDTH="131" HEIGHT="44" CONTENT="Toole" WC="0.98" CC="07050"/>
						<SP ID="P45_SP00614" HPOS="1190" VPOS="2644" WIDTH="47"/>
						<String ID="P45_ST00725" HPOS="1237" VPOS="2603" WIDTH="141" HEIGHT="53" CONTENT="replies" WC="0.99" CC="0003706"/>
						<SP ID="P45_SP00615" HPOS="1378" VPOS="2656" WIDTH="31"/>
						<String ID="P45_ST00726" HPOS="1409" VPOS="2613" WIDTH="28" HEIGHT="15" CONTENT="44" STYLE="superscript" WC="0.56" CC="44"/>
						<SP ID="P45_SP00616" HPOS="1437" VPOS="2656" WIDTH="19"/>
						<String ID="P45_ST00727" HPOS="1456" VPOS="2602" WIDTH="60" HEIGHT="44" CONTENT="I'll" WC="0.96" CC="3465"/>
						<SP ID="P45_SP00617" HPOS="1516" VPOS="2656" WIDTH="31"/>
						<String ID="P45_ST00728" HPOS="1547" VPOS="2622" WIDTH="65" HEIGHT="24" CONTENT="see" WC="1.00" CC="000"/>
						<SP ID="P45_SP00618" HPOS="1612" VPOS="2656" WIDTH="46"/>
						<String ID="P45_ST00729" HPOS="1658" VPOS="2621" WIDTH="80" HEIGHT="36" CONTENT="you" WC="1.00" CC="000"/>
						<SP ID="P45_SP00619" HPOS="1738" VPOS="2657" WIDTH="49"/>
						<String ID="P45_ST00730" HPOS="1787" VPOS="2602" WIDTH="173" HEIGHT="44" CONTENT="damned" WC="1.00" CC="000200"/>
					</TextLine>
					<TextLine ID="P45_TL00110" HPOS="1058" VPOS="2660" WIDTH="901" HEIGHT="57">
						<String ID="P45_ST00731" HPOS="1058" VPOS="2660" WIDTH="138" HEIGHT="50" CONTENT='first";' WC="0.98" CC="8700575"/>
						<SP ID="P45_SP00620" HPOS="1196" VPOS="2710" WIDTH="35"/>
						<String ID="P45_ST00732" HPOS="1231" VPOS="2662" WIDTH="43" HEIGHT="43" CONTENT="of" WC="0.80" CC="03"/>
						<SP ID="P45_SP00621" HPOS="1274" VPOS="2710" WIDTH="44"/>
						<String ID="P45_ST00733" HPOS="1318" VPOS="2680" WIDTH="137" HEIGHT="25" CONTENT="course" WC="0.98" CC="134605"/>
						<SP ID="P45_SP00622" HPOS="1455" VPOS="2710" WIDTH="47"/>
						<String ID="P45_ST00734" HPOS="1502" VPOS="2680" WIDTH="64" HEIGHT="27" CONTENT="we" WC="0.93" CC="01"/>
						<SP ID="P45_SP00623" HPOS="1566" VPOS="2710" WIDTH="49"/>
						<String ID="P45_ST00735" HPOS="1615" VPOS="2674" WIDTH="64" HEIGHT="43" CONTENT="get" WC="0.96" CC="900"/>
						<SP ID="P45_SP00624" HPOS="1679" VPOS="2717" WIDTH="45"/>
						<String ID="P45_ST00736" HPOS="1724" VPOS="2663" WIDTH="67" HEIGHT="42" CONTENT="the" WC="0.99" CC="300"/>
						<SP ID="P45_SP00625" HPOS="1791" VPOS="2717" WIDTH="36"/>
						<String ID="P45_ST00737" HPOS="1827" VPOS="2663" WIDTH="132" HEIGHT="42" CONTENT="whole" WC="0.98" CC="00640"/>
					</TextLine>
					<TextLine ID="P45_TL00111" HPOS="1057" VPOS="2722" WIDTH="900" HEIGHT="52">
						<String ID="P45_ST00738" HPOS="1057" VPOS="2722" WIDTH="112" HEIGHT="52" CONTENT="point" WC="0.98" CC="00443"/>
						<SP ID="P45_SP00626" HPOS="1169" VPOS="2774" WIDTH="44"/>
						<String ID="P45_ST00739" HPOS="1213" VPOS="2722" WIDTH="43" HEIGHT="42" CONTENT="of" WC="0.43" CC="56"/>
						<SP ID="P45_SP00627" HPOS="1256" VPOS="2774" WIDTH="46"/>
						<String ID="P45_ST00740" HPOS="1302" VPOS="2723" WIDTH="30" HEIGHT="41" CONTENT="it" WC="0.77" CC="40"/>
						<SP ID="P45_SP00628" HPOS="1332" VPOS="2774" WIDTH="44"/>
						<String ID="P45_ST00741" HPOS="1376" VPOS="2722" WIDTH="119" HEIGHT="43" CONTENT="when" WC="1.00" CC="0020"/>
						<SP ID="P45_SP00629" HPOS="1495" VPOS="2774" WIDTH="40"/>
						<String ID="P45_ST00742" HPOS="1535" VPOS="2741" WIDTH="64" HEIGHT="25" CONTENT="we" WC="1.00" CC="00"/>
						<SP ID="P45_SP00630" HPOS="1599" VPOS="2774" WIDTH="49"/>
						<String ID="P45_ST00743" HPOS="1648" VPOS="2723" WIDTH="120" HEIGHT="43" CONTENT="know" WC="0.99" CC="0040"/>
						<SP ID="P45_SP00631" HPOS="1768" VPOS="2774" WIDTH="46"/>
						<String ID="P45_ST00744" HPOS="1814" VPOS="2722" WIDTH="143" HEIGHT="48" CONTENT="Toole," WC="0.99" CC="070520"/>
					</TextLine>
					<TextLine ID="P45_TL00112" HPOS="1057" VPOS="2780" WIDTH="905" HEIGHT="50">
						<String ID="P45_ST00745" HPOS="1057" VPOS="2780" WIDTH="180" HEIGHT="49" CONTENT="Shelton," WC="0.81" CC="00084002"/>
						<SP ID="P45_SP00632" HPOS="1237" VPOS="2829" WIDTH="25"/>
						<String ID="P45_ST00746" HPOS="1262" VPOS="2781" WIDTH="171" HEIGHT="44" CONTENT="London" WC="1.00" CC="000050"/>
						<SP ID="P45_SP00633" HPOS="1433" VPOS="2829" WIDTH="22"/>
						<String ID="P45_ST00747" HPOS="1455" VPOS="2781" WIDTH="79" HEIGHT="44" CONTENT="and" WC="0.95" CC="770"/>
						<SP ID="P45_SP00634" HPOS="1534" VPOS="2829" WIDTH="23"/>
						<String ID="P45_ST00748" HPOS="1557" VPOS="2783" WIDTH="66" HEIGHT="42" CONTENT="the" WC="1.00" CC="000"/>
						<SP ID="P45_SP00635" HPOS="1623" VPOS="2829" WIDTH="23"/>
						<String ID="P45_ST00749" HPOS="1646" VPOS="2794" WIDTH="76" HEIGHT="31" CONTENT="rest" WC="0.98" CC="5002"/>
						<SP ID="P45_SP00636" HPOS="1722" VPOS="2829" WIDTH="20"/>
						<String ID="P45_ST00750" HPOS="1742" VPOS="2782" WIDTH="41" HEIGHT="43" CONTENT="of" WC="0.47" CC="46"/>
						<SP ID="P45_SP00637" HPOS="1783" VPOS="2829" WIDTH="21"/>
						<String ID="P45_ST00751" HPOS="1804" VPOS="2784" WIDTH="55" HEIGHT="46" CONTENT="it;" WC="0.95" CC="444"/>
						<SP ID="P45_SP00638" HPOS="1859" VPOS="2830" WIDTH="30"/>
						<String ID="P45_ST00752" HPOS="1889" VPOS="2782" WIDTH="73" HEIGHT="43" CONTENT="but" WC="0.97" CC="610"/>
					</TextLine>
					<TextLine ID="P45_TL00113" HPOS="1057" VPOS="2840" WIDTH="904" HEIGHT="54">
						<String ID="P45_ST00753" HPOS="1057" VPOS="2842" WIDTH="40" HEIGHT="40" CONTENT="in" WC="0.35" CC="66"/>
						<SP ID="P45_SP00639" HPOS="1097" VPOS="2882" WIDTH="31"/>
						<String ID="P45_ST00754" HPOS="1128" VPOS="2840" WIDTH="85" HEIGHT="54" CONTENT="fifty" WC="0.99" CC="00700"/>
						<SP ID="P45_SP00640" HPOS="1213" VPOS="2894" WIDTH="30"/>
						<String ID="P45_ST00755" HPOS="1243" VPOS="2857" WIDTH="114" HEIGHT="37" CONTENT="years" WC="1.00" CC="00010"/>
						<SP ID="P45_SP00641" HPOS="1357" VPOS="2894" WIDTH="45"/>
						<String ID="P45_ST00756" HPOS="1402" VPOS="2842" WIDTH="101" HEIGHT="42" CONTENT="from" WC="0.96" CC="5415"/>
						<SP ID="P45_SP00642" HPOS="1503" VPOS="2894" WIDTH="47"/>
						<String ID="P45_ST00757" HPOS="1550" VPOS="2860" WIDTH="94" HEIGHT="25" CONTENT="now" WC="0.95" CC="047"/>
						<SP ID="P45_SP00643" HPOS="1644" VPOS="2894" WIDTH="47"/>
						<String ID="P45_ST00758" HPOS="1691" VPOS="2842" WIDTH="110" HEIGHT="42" CONTENT="there" WC="0.98" CC="07052"/>
						<SP ID="P45_SP00644" HPOS="1801" VPOS="2894" WIDTH="35"/>
						<String ID="P45_ST00759" HPOS="1836" VPOS="2841" WIDTH="125" HEIGHT="43" CONTENT="won't" WC="0.99" CC="01040"/>
					</TextLine>
					<TextLine ID="P45_TL00114" HPOS="1058" VPOS="2900" WIDTH="492" HEIGHT="45">
						<String ID="P45_ST00760" HPOS="1058" VPOS="2900" WIDTH="50" HEIGHT="41" CONTENT="be" WC="0.63" CC="70"/>
						<SP ID="P45_SP00645" HPOS="1108" VPOS="2941" WIDTH="35"/>
						<String ID="P45_ST00761" HPOS="1143" VPOS="2917" WIDTH="23" HEIGHT="24" CONTENT="a" WC="0.46" CC="5"/>
						<SP ID="P45_SP00646" HPOS="1166" VPOS="2941" WIDTH="29"/>
						<String ID="P45_ST00762" HPOS="1195" VPOS="2900" WIDTH="110" HEIGHT="42" CONTENT="smile" WC="0.98" CC="00740"/>
						<SP ID="P45_SP00647" HPOS="1305" VPOS="2942" WIDTH="32"/>
						<String ID="P45_ST00763" HPOS="1337" VPOS="2901" WIDTH="71" HEIGHT="42" CONTENT="left" WC="0.96" CC="5077"/>
						<SP ID="P45_SP00648" HPOS="1408" VPOS="2943" WIDTH="30"/>
						<String ID="P45_ST00764" HPOS="1438" VPOS="2903" WIDTH="40" HEIGHT="40" CONTENT="in" WC="0.72" CC="50"/>
						<SP ID="P45_SP00649" HPOS="1478" VPOS="2943" WIDTH="30"/>
						<String ID="P45_ST00765" HPOS="1508" VPOS="2903" WIDTH="42" HEIGHT="42" CONTENT="it." WC="0.93" CC="673"/>
					</TextLine>
					<TextLine ID="P45_TL00115" HPOS="1119" VPOS="2959" WIDTH="840" HEIGHT="55">
						<String ID="P45_ST00766" HPOS="1119" VPOS="2959" WIDTH="43" HEIGHT="42" CONTENT="In" WC="0.67" CC="60"/>
						<SP ID="P45_SP00650" HPOS="1162" VPOS="3001" WIDTH="32"/>
						<String ID="P45_ST00767" HPOS="1194" VPOS="2959" WIDTH="74" HEIGHT="42" CONTENT="this" WC="0.96" CC="2780"/>
						<SP ID="P45_SP00651" HPOS="1268" VPOS="3001" WIDTH="41"/>
						<String ID="P45_ST00768" HPOS="1309" VPOS="2960" WIDTH="107" HEIGHT="42" CONTENT="book" WC="0.98" CC="5400"/>
						<SP ID="P45_SP00652" HPOS="1416" VPOS="3002" WIDTH="49"/>
						<String ID="P45_ST00769" HPOS="1465" VPOS="2961" WIDTH="163" HEIGHT="53" CONTENT="George" WC="0.99" CC="041700"/>
						<SP ID="P45_SP00653" HPOS="1628" VPOS="3014" WIDTH="46"/>
						<String ID="P45_ST00770" HPOS="1674" VPOS="2960" WIDTH="167" HEIGHT="44" CONTENT="Shelton" WC="0.70" CC="0602036"/>
						<SP ID="P45_SP00654" HPOS="1841" VPOS="3014" WIDTH="48"/>
						<String ID="P45_ST00771" HPOS="1889" VPOS="2960" WIDTH="70" HEIGHT="42" CONTENT="has" WC="1.00" CC="000"/>
					</TextLine>
					<TextLine ID="P45_TL00116" HPOS="1056" VPOS="3018" WIDTH="903" HEIGHT="54">
						<String ID="P45_ST00772" HPOS="1056" VPOS="3018" WIDTH="95" HEIGHT="54" CONTENT="only" WC="0.99" CC="6000"/>
						<SP ID="P45_SP00655" HPOS="1151" VPOS="3072" WIDTH="31"/>
						<String ID="P45_ST00773" HPOS="1182" VPOS="3020" WIDTH="162" HEIGHT="52" CONTENT="painted" WC="0.99" CC="0065100"/>
						<SP ID="P45_SP00656" HPOS="1344" VPOS="3072" WIDTH="46"/>
						<String ID="P45_ST00774" HPOS="1390" VPOS="3038" WIDTH="52" HEIGHT="25" CONTENT="an" WC="1.00" CC="00"/>
						<SP ID="P45_SP00657" HPOS="1442" VPOS="3072" WIDTH="48"/>
						<String ID="P45_ST00775" HPOS="1490" VPOS="3021" WIDTH="91" HEIGHT="42" CONTENT="inch" WC="0.95" CC="4784"/>
						<SP ID="P45_SP00658" HPOS="1581" VPOS="3072" WIDTH="47"/>
						<String ID="P45_ST00776" HPOS="1628" VPOS="3019" WIDTH="133" HEIGHT="49" CONTENT="thick;" WC="0.98" CC="602006"/>
						<SP ID="P45_SP00659" HPOS="1761" VPOS="3072" WIDTH="44"/>
						<String ID="P45_ST00777" HPOS="1805" VPOS="3020" WIDTH="51" HEIGHT="43" CONTENT="he" WC="1.00" CC="00"/>
						<SP ID="P45_SP00660" HPOS="1856" VPOS="3072" WIDTH="32"/>
						<String ID="P45_ST00778" HPOS="1888" VPOS="3020" WIDTH="71" HEIGHT="42" CONTENT="has" WC="1.00" CC="000"/>
					</TextLine>
					<TextLine ID="P45_TL00117" HPOS="1056" VPOS="3077" WIDTH="904" HEIGHT="57">
						<String ID="P45_ST00779" HPOS="1056" VPOS="3077" WIDTH="195" HEIGHT="54" CONTENT="forgotten" WC="0.99" CC="630060227"/>
						<SP ID="P45_SP00661" HPOS="1251" VPOS="3131" WIDTH="22"/>
						<String ID="P45_ST00780" HPOS="1273" VPOS="3089" WIDTH="40" HEIGHT="32" CONTENT="to" WC="0.75" CC="05"/>
						<SP ID="P45_SP00662" HPOS="1313" VPOS="3131" WIDTH="31"/>
						<String ID="P45_ST00781" HPOS="1344" VPOS="3079" WIDTH="65" HEIGHT="54" CONTENT="lay" WC="0.98" CC="400"/>
						<SP ID="P45_SP00663" HPOS="1409" VPOS="3133" WIDTH="36"/>
						<String ID="P45_ST00782" HPOS="1445" VPOS="3081" WIDTH="30" HEIGHT="41" CONTENT="it" WC="0.72" CC="50"/>
						<SP ID="P45_SP00664" HPOS="1475" VPOS="3133" WIDTH="32"/>
						<String ID="P45_ST00783" HPOS="1507" VPOS="3098" WIDTH="52" HEIGHT="24" CONTENT="on" WC="0.37" CC="57"/>
						<SP ID="P45_SP00665" HPOS="1559" VPOS="3133" WIDTH="21"/>
						<String ID="P45_ST00784" HPOS="1580" VPOS="3080" WIDTH="106" HEIGHT="54" CONTENT="large" WC="0.96" CC="65860"/>
						<SP ID="P45_SP00666" HPOS="1686" VPOS="3134" WIDTH="33"/>
						<String ID="P45_ST00785" HPOS="1719" VPOS="3079" WIDTH="158" HEIGHT="54" CONTENT="enough" WC="0.99" CC="002280"/>
						<SP ID="P45_SP00667" HPOS="1877" VPOS="3134" WIDTH="22"/>
						<String ID="P45_ST00786" HPOS="1899" VPOS="3079" WIDTH="61" HEIGHT="42" CONTENT="for" WC="0.95" CC="624"/>
					</TextLine>
					<TextLine ID="P45_TL00118" HPOS="1056" VPOS="3137" WIDTH="903" HEIGHT="55">
						<String ID="P45_ST00787" HPOS="1056" VPOS="3137" WIDTH="67" HEIGHT="43" CONTENT="the" WC="1.00" CC="000"/>
						<SP ID="P45_SP00668" HPOS="1123" VPOS="3180" WIDTH="31"/>
						<String ID="P45_ST00788" HPOS="1154" VPOS="3140" WIDTH="193" HEIGHT="41" CONTENT="centuries" WC="0.99" CC="005140700"/>
						<SP ID="P45_SP00669" HPOS="1347" VPOS="3181" WIDTH="40"/>
						<String ID="P45_ST00789" HPOS="1387" VPOS="3138" WIDTH="133" HEIGHT="44" CONTENT="which" WC="0.98" CC="00707"/>
						<SP ID="P45_SP00670" HPOS="1520" VPOS="3182" WIDTH="38"/>
						<String ID="P45_ST00790" HPOS="1558" VPOS="3158" WIDTH="66" HEIGHT="25" CONTENT="are" WC="0.93" CC="719"/>
						<SP ID="P45_SP00671" HPOS="1624" VPOS="3183" WIDTH="37"/>
						<String ID="P45_ST00791" HPOS="1661" VPOS="3141" WIDTH="169" HEIGHT="51" CONTENT="coming." WC="0.99" CC="3006503"/>
						<SP ID="P45_SP00672" HPOS="1830" VPOS="3192" WIDTH="50"/>
						<String ID="P45_ST00792" HPOS="1880" VPOS="3138" WIDTH="79" HEIGHT="43" CONTENT="But" WC="0.96" CC="135"/>
					</TextLine>
					<TextLine ID="P45_TL00119" HPOS="1056" VPOS="3197" WIDTH="903" HEIGHT="56">
						<String ID="P45_ST00793" HPOS="1056" VPOS="3198" WIDTH="30" HEIGHT="41" CONTENT="it" WC="0.69" CC="42"/>
						<SP ID="P45_SP00673" HPOS="1086" VPOS="3239" WIDTH="28"/>
						<String ID="P45_ST00794" HPOS="1114" VPOS="3197" WIDTH="81" HEIGHT="43" CONTENT="will" WC="0.98" CC="0213"/>
						<SP ID="P45_SP00674" HPOS="1195" VPOS="3240" WIDTH="32"/>
						<String ID="P45_ST00795" HPOS="1227" VPOS="3199" WIDTH="51" HEIGHT="41" CONTENT="be" WC="0.65" CC="70"/>
						<SP ID="P45_SP00675" HPOS="1278" VPOS="3240" WIDTH="30"/>
						<String ID="P45_ST00796" HPOS="1308" VPOS="3199" WIDTH="218" HEIGHT="54" CONTENT="something" WC="0.99" CC="000027668"/>
						<SP ID="P45_SP00676" HPOS="1526" VPOS="3253" WIDTH="32"/>
						<String ID="P45_ST00797" HPOS="1558" VPOS="3200" WIDTH="66" HEIGHT="42" CONTENT="for" WC="0.94" CC="708"/>
						<SP ID="P45_SP00677" HPOS="1624" VPOS="3253" WIDTH="35"/>
						<String ID="P45_ST00798" HPOS="1659" VPOS="3199" WIDTH="83" HEIGHT="43" CONTENT="him" WC="0.96" CC="740"/>
						<SP ID="P45_SP00678" HPOS="1742" VPOS="3253" WIDTH="33"/>
						<String ID="P45_ST00799" HPOS="1775" VPOS="3210" WIDTH="40" HEIGHT="32" CONTENT="to" WC="0.66" CC="06"/>
						<SP ID="P45_SP00679" HPOS="1815" VPOS="3253" WIDTH="31"/>
						<String ID="P45_ST00800" HPOS="1846" VPOS="3199" WIDTH="51" HEIGHT="42" CONTENT="be" WC="0.47" CC="73"/>
						<SP ID="P45_SP00680" HPOS="1897" VPOS="3253" WIDTH="21"/>
						<String ID="P45_ST00801" HPOS="1918" VPOS="3201" WIDTH="41" HEIGHT="40" CONTENT="in" WC="0.65" CC="06"/>
					</TextLine>
					<TextLine ID="P45_TL00120" HPOS="1056" VPOS="3256" WIDTH="903" HEIGHT="56">
						<String ID="P45_ST00802" HPOS="1056" VPOS="3256" WIDTH="66" HEIGHT="42" CONTENT="the" WC="0.97" CC="060"/>
						<SP ID="P45_SP00681" HPOS="1122" VPOS="3298" WIDTH="30"/>
						<String ID="P45_ST00803" HPOS="1152" VPOS="3274" WIDTH="198" HEIGHT="38" CONTENT="company" WC="0.99" CC="3600000"/>
						<SP ID="P45_SP00682" HPOS="1350" VPOS="3312" WIDTH="45"/>
						<String ID="P45_ST00804" HPOS="1395" VPOS="3258" WIDTH="43" HEIGHT="42" CONTENT="of" WC="0.52" CC="26"/>
						<SP ID="P45_SP00683" HPOS="1438" VPOS="3312" WIDTH="31"/>
						<String ID="P45_ST00805" HPOS="1469" VPOS="3258" WIDTH="191" HEIGHT="50" CONTENT="Everard," WC="0.76" CC="20060090"/>
						<SP ID="P45_SP00684" HPOS="1660" VPOS="3312" WIDTH="35"/>
						<String ID="P45_ST00806" HPOS="1695" VPOS="3260" WIDTH="62" HEIGHT="42" CONTENT="for" WC="0.97" CC="017"/>
						<SP ID="P45_SP00685" HPOS="1757" VPOS="3312" WIDTH="32"/>
						<String ID="P45_ST00807" HPOS="1789" VPOS="3259" WIDTH="107" HEIGHT="42" CONTENT="there" WC="0.99" CC="30040"/>
						<SP ID="P45_SP00686" HPOS="1896" VPOS="3312" WIDTH="32"/>
						<String ID="P45_ST00808" HPOS="1928" VPOS="3260" WIDTH="31" HEIGHT="41" CONTENT="is" WC="0.41" CC="65"/>
					</TextLine>
					<TextLine ID="P45_TL00121" HPOS="1058" VPOS="3317" WIDTH="901" HEIGHT="54">
						<String ID="P45_ST00809" HPOS="1058" VPOS="3335" WIDTH="23" HEIGHT="23" CONTENT="a" WC="1.00" CC="0"/>
						<SP ID="P45_SP00687" HPOS="1081" VPOS="3358" WIDTH="30"/>
						<String ID="P45_ST00810" HPOS="1111" VPOS="3319" WIDTH="147" HEIGHT="40" CONTENT="certain" WC="1.00" CC="0010000"/>
						<SP ID="P45_SP00688" HPOS="1258" VPOS="3359" WIDTH="20"/>
						<String ID="P45_ST00811" HPOS="1278" VPOS="3317" WIDTH="152" HEIGHT="54" CONTENT="quality" WC="0.98" CC="9400730"/>
						<SP ID="P45_SP00689" HPOS="1430" VPOS="3371" WIDTH="20"/>
						<String ID="P45_ST00812" HPOS="1450" VPOS="3319" WIDTH="39" HEIGHT="42" CONTENT="in" WC="0.75" CC="04"/>
						<SP ID="P45_SP00690" HPOS="1489" VPOS="3371" WIDTH="22"/>
						<String ID="P45_ST00813" HPOS="1511" VPOS="3319" WIDTH="97" HEIGHT="42" CONTENT="both" WC="0.96" CC="6067"/>
						<SP ID="P45_SP00691" HPOS="1608" VPOS="3371" WIDTH="22"/>
						<String ID="P45_ST00814" HPOS="1630" VPOS="3319" WIDTH="42" HEIGHT="43" CONTENT="of" WC="0.41" CC="56"/>
						<SP ID="P45_SP00692" HPOS="1672" VPOS="3371" WIDTH="21"/>
						<String ID="P45_ST00815" HPOS="1693" VPOS="3319" WIDTH="110" HEIGHT="42" CONTENT="these" WC="0.98" CC="76000"/>
						<SP ID="P45_SP00693" HPOS="1803" VPOS="3371" WIDTH="31"/>
						<String ID="P45_ST00816" HPOS="1834" VPOS="3317" WIDTH="125" HEIGHT="44" CONTENT="books" WC="0.98" CC="71403"/>
					</TextLine>
					<TextLine ID="P45_TL00122" HPOS="1055" VPOS="3375" WIDTH="904" HEIGHT="57">
						<String ID="P45_ST00817" HPOS="1055" VPOS="3375" WIDTH="131" HEIGHT="43" CONTENT="which" WC="0.97" CC="07646"/>
						<SP ID="P45_SP00694" HPOS="1186" VPOS="3418" WIDTH="35"/>
						<String ID="P45_ST00818" HPOS="1221" VPOS="3378" WIDTH="32" HEIGHT="41" CONTENT="is" WC="0.63" CC="70"/>
						<SP ID="P45_SP00695" HPOS="1253" VPOS="3419" WIDTH="32"/>
						<String ID="P45_ST00819" HPOS="1285" VPOS="3377" WIDTH="146" HEIGHT="54" CONTENT="always" WC="0.99" CC="940000"/>
						<SP ID="P45_SP00696" HPOS="1431" VPOS="3431" WIDTH="31"/>
						<String ID="P45_ST00820" HPOS="1462" VPOS="3377" WIDTH="97" HEIGHT="44" CONTENT="dear" WC="0.99" CC="0005"/>
						<SP ID="P45_SP00697" HPOS="1559" VPOS="3431" WIDTH="20"/>
						<String ID="P45_ST00821" HPOS="1579" VPOS="3390" WIDTH="40" HEIGHT="30" CONTENT="to" WC="0.79" CC="03"/>
						<SP ID="P45_SP00698" HPOS="1619" VPOS="3431" WIDTH="20"/>
						<String ID="P45_ST00822" HPOS="1639" VPOS="3397" WIDTH="47" HEIGHT="25" CONTENT="us" WC="0.30" CC="76"/>
						<SP ID="P45_SP00699" HPOS="1686" VPOS="3431" WIDTH="22"/>
						<String ID="P45_ST00823" HPOS="1708" VPOS="3378" WIDTH="81" HEIGHT="42" CONTENT="and" WC="0.97" CC="600"/>
						<SP ID="P45_SP00700" HPOS="1789" VPOS="3431" WIDTH="22"/>
						<String ID="P45_ST00824" HPOS="1811" VPOS="3377" WIDTH="148" HEIGHT="55" CONTENT="always" WC="0.98" CC="060704"/>
					</TextLine>
					<TextLine ID="P45_TL00123" HPOS="1056" VPOS="3435" WIDTH="900" HEIGHT="57">
						<String ID="P45_ST00825" HPOS="1056" VPOS="3435" WIDTH="150" HEIGHT="54" CONTENT="quietly" WC="0.99" CC="0070010"/>
						<SP ID="P45_SP00701" HPOS="1206" VPOS="3489" WIDTH="36"/>
						<String ID="P45_ST00826" HPOS="1242" VPOS="3436" WIDTH="133" HEIGHT="43" CONTENT="makes" WC="1.00" CC="00000"/>
						<SP ID="P45_SP00702" HPOS="1375" VPOS="3489" WIDTH="45"/>
						<String ID="P45_ST00827" HPOS="1420" VPOS="3439" WIDTH="47" HEIGHT="41" CONTENT="its" WC="0.96" CC="630"/>
						<SP ID="P45_SP00703" HPOS="1467" VPOS="3489" WIDTH="45"/>
						<String ID="P45_ST00828" HPOS="1512" VPOS="3437" WIDTH="96" HEIGHT="43" CONTENT="little" WC="0.97" CC="364552"/>
						<SP ID="P45_SP00704" HPOS="1608" VPOS="3489" WIDTH="48"/>
						<String ID="P45_ST00829" HPOS="1656" VPOS="3440" WIDTH="124" HEIGHT="52" CONTENT="point," WC="0.97" CC="778730"/>
						<SP ID="P45_SP00705" HPOS="1780" VPOS="3492" WIDTH="35"/>
						<String ID="P45_ST00830" HPOS="1815" VPOS="3437" WIDTH="78" HEIGHT="43" CONTENT="and" WC="1.00" CC="000"/>
						<SP ID="P45_SP00706" HPOS="1893" VPOS="3492" WIDTH="48"/>
						<String ID="P45_ST00831" HPOS="1941" VPOS="3437" WIDTH="15" HEIGHT="43" CONTENT="I" WC="0.39" CC="6"/>
					</TextLine>
					<TextLine ID="P45_TL00124" HPOS="1056" VPOS="3496" WIDTH="903" HEIGHT="55">
						<String ID="P45_ST00832" HPOS="1056" VPOS="3512" WIDTH="65" HEIGHT="25" CONTENT="am" WC="0.29" CC="76"/>
						<SP ID="P45_SP00707" HPOS="1121" VPOS="3537" WIDTH="29"/>
						<String ID="P45_ST00833" HPOS="1150" VPOS="3507" WIDTH="69" HEIGHT="31" CONTENT="not" WC="0.98" CC="040"/>
						<SP ID="P45_SP00708" HPOS="1219" VPOS="3538" WIDTH="20"/>
						<String ID="P45_ST00834" HPOS="1239" VPOS="3514" WIDTH="42" HEIGHT="24" CONTENT="so" WC="0.67" CC="06"/>
						<SP ID="P45_SP00709" HPOS="1281" VPOS="3538" WIDTH="21"/>
						<String ID="P45_ST00835" HPOS="1302" VPOS="3514" WIDTH="88" HEIGHT="25" CONTENT="sure" WC="0.98" CC="0542"/>
						<SP ID="P45_SP00710" HPOS="1390" VPOS="3539" WIDTH="32"/>
						<String ID="P45_ST00836" HPOS="1422" VPOS="3497" WIDTH="83" HEIGHT="42" CONTENT="that" WC="1.00" CC="0000"/>
						<SP ID="P45_SP00711" HPOS="1505" VPOS="3539" WIDTH="29"/>
						<String ID="P45_ST00837" HPOS="1534" VPOS="3499" WIDTH="30" HEIGHT="40" CONTENT="it" WC="0.74" CC="50"/>
						<SP ID="P45_SP00712" HPOS="1564" VPOS="3539" WIDTH="25"/>
						<String ID="P45_ST00838" HPOS="1589" VPOS="3500" WIDTH="31" HEIGHT="40" CONTENT="is" WC="0.29" CC="76"/>
						<SP ID="P45_SP00713" HPOS="1620" VPOS="3540" WIDTH="21"/>
						<String ID="P45_ST00839" HPOS="1641" VPOS="3509" WIDTH="70" HEIGHT="31" CONTENT="not" WC="0.94" CC="770"/>
						<SP ID="P45_SP00714" HPOS="1711" VPOS="3540" WIDTH="31"/>
						<String ID="P45_ST00840" HPOS="1742" VPOS="3516" WIDTH="23" HEIGHT="24" CONTENT="a" WC="0.72" CC="2"/>
						<SP ID="P45_SP00715" HPOS="1765" VPOS="3540" WIDTH="22"/>
						<String ID="P45_ST00841" HPOS="1787" VPOS="3496" WIDTH="172" HEIGHT="55" CONTENT="triumph" WC="0.98" CC="6750507"/>
					</TextLine>
					<TextLine ID="P45_TL00125" HPOS="1056" VPOS="3556" WIDTH="903" HEIGHT="54">
						<String ID="P45_ST00842" HPOS="1056" VPOS="3571" WIDTH="100" HEIGHT="26" CONTENT="even" WC="0.99" CC="0003"/>
						<SP ID="P45_SP00716" HPOS="1156" VPOS="3597" WIDTH="31"/>
						<String ID="P45_ST00843" HPOS="1187" VPOS="3566" WIDTH="41" HEIGHT="31" CONTENT="to" WC="0.75" CC="04"/>
						<SP ID="P45_SP00717" HPOS="1228" VPOS="3597" WIDTH="47"/>
						<String ID="P45_ST00844" HPOS="1275" VPOS="3556" WIDTH="116" HEIGHT="43" CONTENT="make" WC="0.99" CC="0005"/>
						<SP ID="P45_SP00718" HPOS="1391" VPOS="3599" WIDTH="43"/>
						<String ID="P45_ST00845" HPOS="1434" VPOS="3575" WIDTH="24" HEIGHT="23" CONTENT="a" WC="1.00" CC="0"/>
						<SP ID="P45_SP00719" HPOS="1458" VPOS="3599" WIDTH="40"/>
						<String ID="P45_ST00846" HPOS="1498" VPOS="3556" WIDTH="97" HEIGHT="43" CONTENT="little" WC="0.99" CC="250000"/>
						<SP ID="P45_SP00720" HPOS="1595" VPOS="3599" WIDTH="47"/>
						<String ID="P45_ST00847" HPOS="1642" VPOS="3559" WIDTH="114" HEIGHT="51" CONTENT="point" WC="0.97" CC="70475"/>
						<SP ID="P45_SP00721" HPOS="1756" VPOS="3610" WIDTH="44"/>
						<String ID="P45_ST00848" HPOS="1800" VPOS="3557" WIDTH="96" HEIGHT="43" CONTENT="with" WC="0.98" CC="0520"/>
						<SP ID="P45_SP00722" HPOS="1896" VPOS="3610" WIDTH="38"/>
						<String ID="P45_ST00849" HPOS="1934" VPOS="3575" WIDTH="25" HEIGHT="24" CONTENT="a" WC="1.00" CC="0"/>
					</TextLine>
					<TextLine ID="P45_TL00126" HPOS="1055" VPOS="3615" WIDTH="902" HEIGHT="55">
						<String ID="P45_ST00850" HPOS="1055" VPOS="3615" WIDTH="142" HEIGHT="53" CONTENT="couple" WC="0.99" CC="066010"/>
						<SP ID="P45_SP00723" HPOS="1197" VPOS="3668" WIDTH="32"/>
						<String ID="P45_ST00851" HPOS="1229" VPOS="3615" WIDTH="43" HEIGHT="41" CONTENT="of" WC="0.39" CC="65"/>
						<SP ID="P45_SP00724" HPOS="1272" VPOS="3668" WIDTH="44"/>
						<String ID="P45_ST00852" HPOS="1316" VPOS="3618" WIDTH="192" HEIGHT="40" CONTENT="centuries" WC="0.99" CC="203500741"/>
						<SP ID="P45_SP00725" HPOS="1508" VPOS="3668" WIDTH="36"/>
						<String ID="P45_ST00853" HPOS="1544" VPOS="3617" WIDTH="185" HEIGHT="42" CONTENT="between" WC="0.98" CC="7107007"/>
						<SP ID="P45_SP00726" HPOS="1729" VPOS="3668" WIDTH="35"/>
						<String ID="P45_ST00854" HPOS="1764" VPOS="3634" WIDTH="80" HEIGHT="36" CONTENT="you" WC="0.96" CC="055"/>
						<SP ID="P45_SP00727" HPOS="1844" VPOS="3670" WIDTH="33"/>
						<String ID="P45_ST00855" HPOS="1877" VPOS="3616" WIDTH="80" HEIGHT="43" CONTENT="and" WC="0.94" CC="079"/>
					</TextLine>
					<TextLine ID="P45_TL00127" HPOS="1054" VPOS="3674" WIDTH="498" HEIGHT="53">
						<String ID="P45_ST00856" HPOS="1054" VPOS="3689" WIDTH="100" HEIGHT="38" CONTENT="your" WC="0.99" CC="0112"/>
						<SP ID="P45_SP00728" HPOS="1154" VPOS="3727" WIDTH="31"/>
						<String ID="P45_ST00857" HPOS="1185" VPOS="3674" WIDTH="112" HEIGHT="43" CONTENT="silent" WC="0.98" CC="025055"/>
						<SP ID="P45_SP00729" HPOS="1297" VPOS="3727" WIDTH="32"/>
						<String ID="P45_ST00858" HPOS="1329" VPOS="3675" WIDTH="223" HEIGHT="44" CONTENT="audiences." WC="0.99" CC="0605000404"/>
					</TextLine>
					<TextLine ID="P45_TL00128" HPOS="1116" VPOS="3733" WIDTH="845" HEIGHT="56">
						<String ID="P45_ST00859" HPOS="1116" VPOS="3733" WIDTH="135" HEIGHT="42" CONTENT="There" WC="0.99" CC="07020"/>
						<SP ID="P45_SP00730" HPOS="1251" VPOS="3775" WIDTH="33"/>
						<String ID="P45_ST00860" HPOS="1284" VPOS="3752" WIDTH="66" HEIGHT="24" CONTENT="are" WC="0.98" CC="050"/>
						<SP ID="P45_SP00731" HPOS="1350" VPOS="3776" WIDTH="33"/>
						<String ID="P45_ST00861" HPOS="1383" VPOS="3753" WIDTH="24" HEIGHT="24" CONTENT="a" WC="1.00" CC="9"/>
						<SP ID="P45_SP00732" HPOS="1407" VPOS="3777" WIDTH="30"/>
						<String ID="P45_ST00862" HPOS="1437" VPOS="3735" WIDTH="167" HEIGHT="42" CONTENT="number" WC="0.99" CC="010603"/>
						<SP ID="P45_SP00733" HPOS="1604" VPOS="3777" WIDTH="37"/>
						<String ID="P45_ST00863" HPOS="1641" VPOS="3735" WIDTH="44" HEIGHT="42" CONTENT="of" WC="0.28" CC="77"/>
						<SP ID="P45_SP00734" HPOS="1685" VPOS="3777" WIDTH="31"/>
						<String ID="P45_ST00864" HPOS="1716" VPOS="3735" WIDTH="125" HEIGHT="54" CONTENT="things" WC="0.97" CC="777604"/>
						<SP ID="P45_SP00735" HPOS="1841" VPOS="3789" WIDTH="33"/>
						<String ID="P45_ST00865" HPOS="1874" VPOS="3735" WIDTH="87" HEIGHT="43" CONTENT="that" WC="0.98" CC="4006"/>
					</TextLine>
					<TextLine ID="P45_TL00129" HPOS="1058" VPOS="3792" WIDTH="897" HEIGHT="56">
						<String ID="P45_ST00866" HPOS="1058" VPOS="3792" WIDTH="14" HEIGHT="43" CONTENT="I" WC="0.23" CC="7"/>
						<SP ID="P45_SP00736" HPOS="1072" VPOS="3835" WIDTH="32"/>
						<String ID="P45_ST00867" HPOS="1104" VPOS="3792" WIDTH="120" HEIGHT="44" CONTENT="could" WC="0.98" CC="00640"/>
						<SP ID="P45_SP00737" HPOS="1224" VPOS="3836" WIDTH="32"/>
						<String ID="P45_ST00868" HPOS="1256" VPOS="3810" WIDTH="70" HEIGHT="38" CONTENT="say" WC="1.00" CC="000"/>
						<SP ID="P45_SP00738" HPOS="1326" VPOS="3848" WIDTH="33"/>
						<String ID="P45_ST00869" HPOS="1359" VPOS="3794" WIDTH="122" HEIGHT="43" CONTENT="about" WC="0.99" CC="06000"/>
						<SP ID="P45_SP00739" HPOS="1481" VPOS="3848" WIDTH="45"/>
						<String ID="P45_ST00870" HPOS="1526" VPOS="3793" WIDTH="75" HEIGHT="43" CONTENT="this" WC="0.96" CC="7760"/>
						<SP ID="P45_SP00740" HPOS="1601" VPOS="3848" WIDTH="36"/>
						<String ID="P45_ST00871" HPOS="1637" VPOS="3794" WIDTH="108" HEIGHT="43" CONTENT="book" WC="0.96" CC="7900"/>
						<SP ID="P45_SP00741" HPOS="1745" VPOS="3848" WIDTH="30"/>
						<String ID="P45_ST00872" HPOS="1775" VPOS="3795" WIDTH="132" HEIGHT="43" CONTENT="which" WC="0.97" CC="07506"/>
						<SP ID="P45_SP00742" HPOS="1907" VPOS="3848" WIDTH="32"/>
						<String ID="P45_ST00873" HPOS="1939" VPOS="3795" WIDTH="16" HEIGHT="42" CONTENT="I" WC="0.60" CC="3"/>
					</TextLine>
					<TextLine ID="P45_TL00130" HPOS="1058" VPOS="3852" WIDTH="902" HEIGHT="55">
						<String ID="P45_ST00874" HPOS="1058" VPOS="3869" WIDTH="62" HEIGHT="25" CONTENT="am" WC="1.00" CC="00"/>
						<SP ID="P45_SP00743" HPOS="1120" VPOS="3894" WIDTH="16"/>
						<String ID="P45_ST00875" HPOS="1136" VPOS="3852" WIDTH="146" HEIGHT="54" CONTENT="itching" WC="0.99" CC="7000050"/>
						<SP ID="P45_SP00744" HPOS="1282" VPOS="3906" WIDTH="16"/>
						<String ID="P45_ST00876" HPOS="1298" VPOS="3864" WIDTH="41" HEIGHT="33" CONTENT="to" WC="1.00" CC="00"/>
						<SP ID="P45_SP00745" HPOS="1339" VPOS="3906" WIDTH="16"/>
						<String ID="P45_ST00877" HPOS="1355" VPOS="3869" WIDTH="70" HEIGHT="38" CONTENT="say" WC="0.95" CC="390"/>
						<SP ID="P45_SP00746" HPOS="1425" VPOS="3907" WIDTH="21"/>
						<String ID="P45_ST00878" HPOS="1446" VPOS="3853" WIDTH="81" HEIGHT="43" CONTENT="and" WC="0.97" CC="600"/>
						<SP ID="P45_SP00747" HPOS="1527" VPOS="3907" WIDTH="32"/>
						<String ID="P45_ST00879" HPOS="1559" VPOS="3869" WIDTH="92" HEIGHT="38" CONTENT="may" WC="0.99" CC="300"/>
						<SP ID="P45_SP00748" HPOS="1651" VPOS="3907" WIDTH="31"/>
						<String ID="P45_ST00880" HPOS="1682" VPOS="3865" WIDTH="80" HEIGHT="38" CONTENT="not," WC="0.98" CC="7011"/>
						<SP ID="P45_SP00749" HPOS="1762" VPOS="3907" WIDTH="24"/>
						<String ID="P45_ST00881" HPOS="1786" VPOS="3855" WIDTH="174" HEIGHT="43" CONTENT="because" WC="0.98" CC="6020367"/>
					</TextLine>
					<TextLine ID="P45_TL00131" HPOS="1056" VPOS="3912" WIDTH="900" HEIGHT="55">
						<String ID="P45_ST00882" HPOS="1056" VPOS="3912" WIDTH="30" HEIGHT="41" CONTENT="it" WC="0.66" CC="60"/>
						<SP ID="P45_SP00750" HPOS="1086" VPOS="3953" WIDTH="29"/>
						<String ID="P45_ST00883" HPOS="1115" VPOS="3912" WIDTH="31" HEIGHT="41" CONTENT="is" WC="0.70" CC="41"/>
						<SP ID="P45_SP00751" HPOS="1146" VPOS="3953" WIDTH="30"/>
						<String ID="P45_ST00884" HPOS="1176" VPOS="3914" WIDTH="91" HEIGHT="40" CONTENT="nine" WC="0.96" CC="7651"/>
						<SP ID="P45_SP00752" HPOS="1267" VPOS="3954" WIDTH="22"/>
						<String ID="P45_ST00885" HPOS="1289" VPOS="3924" WIDTH="42" HEIGHT="31" CONTENT="to" WC="0.61" CC="61"/>
						<SP ID="P45_SP00753" HPOS="1331" VPOS="3955" WIDTH="21"/>
						<String ID="P45_ST00886" HPOS="1352" VPOS="3930" WIDTH="76" HEIGHT="25" CONTENT="one" WC="0.99" CC="200"/>
						<SP ID="P45_SP00754" HPOS="1428" VPOS="3955" WIDTH="39"/>
						<String ID="P45_ST00887" HPOS="1467" VPOS="3912" WIDTH="84" HEIGHT="43" CONTENT="that" WC="0.98" CC="0710"/>
						<SP ID="P45_SP00755" HPOS="1551" VPOS="3955" WIDTH="21"/>
						<String ID="P45_ST00888" HPOS="1572" VPOS="3912" WIDTH="93" HEIGHT="55" CONTENT="they" WC="1.00" CC="0000"/>
						<SP ID="P45_SP00756" HPOS="1665" VPOS="3967" WIDTH="20"/>
						<String ID="P45_ST00889" HPOS="1685" VPOS="3914" WIDTH="137" HEIGHT="42" CONTENT="would" WC="0.99" CC="05050"/>
						<SP ID="P45_SP00757" HPOS="1822" VPOS="3967" WIDTH="21"/>
						<String ID="P45_ST00890" HPOS="1843" VPOS="3914" WIDTH="113" HEIGHT="48" CONTENT="hurt;" WC="0.98" CC="00439"/>
					</TextLine>
					<TextLine ID="P45_TL00132" HPOS="1057" VPOS="3970" WIDTH="899" HEIGHT="57">
						<String ID="P45_ST00891" HPOS="1057" VPOS="3970" WIDTH="80" HEIGHT="43" CONTENT="and" WC="0.96" CC="630"/>
						<SP ID="P45_SP00758" HPOS="1137" VPOS="4013" WIDTH="50"/>
						<String ID="P45_ST00892" HPOS="1187" VPOS="3982" WIDTH="69" HEIGHT="43" CONTENT="yet" WC="1.00" CC="000"/>
						<SP ID="P45_SP00759" HPOS="1256" VPOS="4025" WIDTH="52"/>
						<String ID="P45_ST00893" HPOS="1308" VPOS="3971" WIDTH="16" HEIGHT="43" CONTENT="I" WC="0.41" CC="5"/>
						<SP ID="P45_SP00760" HPOS="1324" VPOS="4025" WIDTH="51"/>
						<String ID="P45_ST00894" HPOS="1375" VPOS="3971" WIDTH="80" HEIGHT="44" CONTENT="feel" WC="0.98" CC="3006"/>
						<SP ID="P45_SP00761" HPOS="1455" VPOS="4025" WIDTH="52"/>
						<String ID="P45_ST00895" HPOS="1507" VPOS="3971" WIDTH="162" HEIGHT="55" CONTENT="nothing" WC="0.99" CC="0550108"/>
						<SP ID="P45_SP00762" HPOS="1669" VPOS="4026" WIDTH="50"/>
						<String ID="P45_ST00896" HPOS="1719" VPOS="3973" WIDTH="72" HEIGHT="44" CONTENT="but" WC="0.95" CC="731"/>
						<SP ID="P45_SP00763" HPOS="1791" VPOS="4026" WIDTH="45"/>
						<String ID="P45_ST00897" HPOS="1836" VPOS="3973" WIDTH="120" HEIGHT="54" CONTENT="liking" WC="0.97" CC="740739"/>
					</TextLine>
					<TextLine ID="P45_TL00133" HPOS="1058" VPOS="4030" WIDTH="897" HEIGHT="46">
						<String ID="P45_ST00898" HPOS="1058" VPOS="4030" WIDTH="170" HEIGHT="42" CONTENT="towards" WC="0.99" CC="0600400"/>
						<SP ID="P45_SP00764" HPOS="1228" VPOS="4072" WIDTH="31"/>
						<String ID="P45_ST00899" HPOS="1259" VPOS="4030" WIDTH="65" HEIGHT="44" CONTENT="the" WC="0.96" CC="073"/>
						<SP ID="P45_SP00765" HPOS="1324" VPOS="4074" WIDTH="42"/>
						<String ID="P45_ST00900" HPOS="1366" VPOS="4033" WIDTH="132" HEIGHT="41" CONTENT="Actor" WC="1.00" CC="00020"/>
						<SP ID="P45_SP00766" HPOS="1498" VPOS="4074" WIDTH="44"/>
						<String ID="P45_ST00901" HPOS="1542" VPOS="4031" WIDTH="94" HEIGHT="43" CONTENT="who" WC="0.98" CC="006"/>
						<SP ID="P45_SP00767" HPOS="1636" VPOS="4074" WIDTH="48"/>
						<String ID="P45_ST00902" HPOS="1684" VPOS="4031" WIDTH="14" HEIGHT="43" CONTENT="I" WC="0.17" CC="8"/>
						<SP ID="P45_SP00768" HPOS="1698" VPOS="4074" WIDTH="43"/>
						<String ID="P45_ST00903" HPOS="1741" VPOS="4043" WIDTH="79" HEIGHT="31" CONTENT="met" WC="0.99" CC="300"/>
						<SP ID="P45_SP00769" HPOS="1820" VPOS="4074" WIDTH="36"/>
						<String ID="P45_ST00904" HPOS="1856" VPOS="4050" WIDTH="99" HEIGHT="26" CONTENT="once" WC="0.97" CC="4731"/>
					</TextLine>
					<TextLine ID="P45_TL00134" HPOS="1058" VPOS="4088" WIDTH="905" HEIGHT="52">
						<String ID="P45_ST00905" HPOS="1058" VPOS="4088" WIDTH="77" HEIGHT="44" CONTENT="and" WC="0.93" CC="909"/>
						<SP ID="P45_SP00770" HPOS="1135" VPOS="4132" WIDTH="24"/>
						<String ID="P45_ST00906" HPOS="1159" VPOS="4089" WIDTH="132" HEIGHT="42" CONTENT="talked" WC="0.98" CC="066040"/>
						<SP ID="P45_SP00771" HPOS="1291" VPOS="4132" WIDTH="21"/>
						<String ID="P45_ST00907" HPOS="1312" VPOS="4090" WIDTH="99" HEIGHT="43" CONTENT="with" WC="0.95" CC="9860"/>
						<SP ID="P45_SP00772" HPOS="1411" VPOS="4133" WIDTH="33"/>
						<String ID="P45_ST00908" HPOS="1444" VPOS="4102" WIDTH="40" HEIGHT="31" CONTENT="at" WC="0.39" CC="92"/>
						<SP ID="P45_SP00773" HPOS="1484" VPOS="4133" WIDTH="32"/>
						<String ID="P45_ST00909" HPOS="1516" VPOS="4089" WIDTH="231" HEIGHT="45" CONTENT="Barnstable" WC="0.98" CC="5768866752"/>
						<SP ID="P45_SP00774" HPOS="1747" VPOS="4134" WIDTH="19"/>
						<String ID="P45_ST00910" HPOS="1766" VPOS="4109" WIDTH="9" HEIGHT="31" CONTENT=";" WC="0.39" CC="6"/>
						<SP ID="P45_SP00775" HPOS="1775" VPOS="4140" WIDTH="35"/>
						<String ID="P45_ST00911" HPOS="1810" VPOS="4091" WIDTH="15" HEIGHT="42" CONTENT="I" WC="0.21" CC="7"/>
						<SP ID="P45_SP00776" HPOS="1825" VPOS="4140" WIDTH="30"/>
						<String ID="P45_ST00912" HPOS="1855" VPOS="4091" WIDTH="108" HEIGHT="44" CONTENT="shalL" WC="0.32" CC="67748"/>
					</TextLine>
				</TextBlock>
				<TextBlock ID="P45_TB00006" HPOS="2003" VPOS="160" WIDTH="903" HEIGHT="3262" STYLEREFS="TXT_1 PAR_BLOCK">
					<TextLine ID="P45_TL00135" HPOS="2010" VPOS="160" WIDTH="886" HEIGHT="62">
						<String ID="P45_ST00913" HPOS="2010" VPOS="184" WIDTH="120" HEIGHT="28" CONTENT="never" WC="0.98" CC="30606"/>
						<SP ID="P45_SP00777" HPOS="2130" VPOS="212" WIDTH="44"/>
						<String ID="P45_ST00914" HPOS="2174" VPOS="167" WIDTH="128" HEIGHT="54" CONTENT="forget" WC="0.98" CC="648600"/>
						<SP ID="P45_SP00778" HPOS="2302" VPOS="221" WIDTH="52"/>
						<String ID="P45_ST00915" HPOS="2354" VPOS="164" WIDTH="63" HEIGHT="47" CONTENT="the" WC="0.92" CC="578"/>
						<SP ID="P45_SP00779" HPOS="2417" VPOS="221" WIDTH="55"/>
						<String ID="P45_ST00916" HPOS="2472" VPOS="162" WIDTH="127" HEIGHT="60" CONTENT="genial" WC="0.98" CC="520007"/>
						<SP ID="P45_SP00780" HPOS="2599" VPOS="222" WIDTH="50"/>
						<String ID="P45_ST00917" HPOS="2649" VPOS="160" WIDTH="247" HEIGHT="62" CONTENT="personality." WC="0.98" CC="752847667704"/>
					</TextLine>
					<TextLine ID="P45_TL00136" HPOS="2010" VPOS="227" WIDTH="885" HEIGHT="54">
						<String ID="P45_ST00918" HPOS="2010" VPOS="228" WIDTH="278" HEIGHT="53" CONTENT="Occasionally" WC="0.99" CC="030027069400"/>
						<SP ID="P45_SP00781" HPOS="2288" VPOS="281" WIDTH="31"/>
						<String ID="P45_ST00919" HPOS="2319" VPOS="227" WIDTH="16" HEIGHT="43" CONTENT="I" WC="0.40" CC="5"/>
						<SP ID="P45_SP00782" HPOS="2335" VPOS="281" WIDTH="35"/>
						<String ID="P45_ST00920" HPOS="2370" VPOS="228" WIDTH="85" HEIGHT="43" CONTENT="said" WC="0.96" CC="3069"/>
						<SP ID="P45_SP00783" HPOS="2455" VPOS="281" WIDTH="37"/>
						<String ID="P45_ST00921" HPOS="2492" VPOS="246" WIDTH="23" HEIGHT="25" CONTENT="a" WC="1.00" CC="0"/>
						<SP ID="P45_SP00784" HPOS="2515" VPOS="281" WIDTH="39"/>
						<String ID="P45_ST00922" HPOS="2554" VPOS="228" WIDTH="113" HEIGHT="43" CONTENT="word" WC="0.95" CC="3379"/>
						<SP ID="P45_SP00785" HPOS="2667" VPOS="281" WIDTH="46"/>
						<String ID="P45_ST00923" HPOS="2713" VPOS="245" WIDTH="45" HEIGHT="26" CONTENT="or" WC="0.30" CC="76"/>
						<SP ID="P45_SP00786" HPOS="2758" VPOS="281" WIDTH="46"/>
						<String ID="P45_ST00924" HPOS="2804" VPOS="238" WIDTH="91" HEIGHT="38" CONTENT="two," WC="0.97" CC="3450"/>
					</TextLine>
					<TextLine ID="P45_TL00137" HPOS="2009" VPOS="285" WIDTH="891" HEIGHT="57">
						<String ID="P45_ST00925" HPOS="2009" VPOS="288" WIDTH="71" HEIGHT="42" CONTENT="but" WC="0.94" CC="643"/>
						<SP ID="P45_SP00787" HPOS="2080" VPOS="330" WIDTH="35"/>
						<String ID="P45_ST00926" HPOS="2115" VPOS="287" WIDTH="199" HEIGHT="43" CONTENT="Shelton's" WC="0.67" CC="060605540"/>
						<SP ID="P45_SP00788" HPOS="2314" VPOS="330" WIDTH="45"/>
						<String ID="P45_ST00927" HPOS="2359" VPOS="287" WIDTH="181" HEIGHT="43" CONTENT="kindness" WC="0.99" CC="08305006"/>
						<SP ID="P45_SP00789" HPOS="2540" VPOS="330" WIDTH="47"/>
						<String ID="P45_ST00928" HPOS="2587" VPOS="285" WIDTH="78" HEIGHT="45" CONTENT="and" WC="0.94" CC="069"/>
						<SP ID="P45_SP00790" HPOS="2665" VPOS="330" WIDTH="42"/>
						<String ID="P45_ST00929" HPOS="2707" VPOS="287" WIDTH="193" HEIGHT="55" CONTENT="goodness" WC="0.98" CC="75904069"/>
					</TextLine>
					<TextLine ID="P45_TL00138" HPOS="2009" VPOS="346" WIDTH="888" HEIGHT="55">
						<String ID="P45_ST00930" HPOS="2009" VPOS="346" WIDTH="168" HEIGHT="43" CONTENT="beamed" WC="1.00" CC="000000"/>
						<SP ID="P45_SP00791" HPOS="2177" VPOS="389" WIDTH="38"/>
						<String ID="P45_ST00931" HPOS="2215" VPOS="346" WIDTH="78" HEIGHT="43" CONTENT="and" WC="0.97" CC="350"/>
						<SP ID="P45_SP00792" HPOS="2293" VPOS="389" WIDTH="32"/>
						<String ID="P45_ST00932" HPOS="2325" VPOS="346" WIDTH="107" HEIGHT="43" CONTENT="filled" WC="1.00" CC="000100"/>
						<SP ID="P45_SP00793" HPOS="2432" VPOS="389" WIDTH="47"/>
						<String ID="P45_ST00933" HPOS="2479" VPOS="347" WIDTH="66" HEIGHT="43" CONTENT="the" WC="0.94" CC="960"/>
						<SP ID="P45_SP00794" HPOS="2545" VPOS="390" WIDTH="46"/>
						<String ID="P45_ST00934" HPOS="2591" VPOS="347" WIDTH="112" HEIGHT="54" CONTENT="place" WC="0.99" CC="34010"/>
						<SP ID="P45_SP00795" HPOS="2703" VPOS="401" WIDTH="47"/>
						<String ID="P45_ST00935" HPOS="2750" VPOS="358" WIDTH="40" HEIGHT="32" CONTENT="to" WC="0.97" CC="00"/>
						<SP ID="P45_SP00796" HPOS="2790" VPOS="401" WIDTH="41"/>
						<String ID="P45_ST00936" HPOS="2831" VPOS="347" WIDTH="66" HEIGHT="42" CONTENT="the" WC="0.95" CC="707"/>
					</TextLine>
					<TextLine ID="P45_TL00139" HPOS="2008" VPOS="406" WIDTH="885" HEIGHT="49">
						<String ID="P45_ST00937" HPOS="2008" VPOS="407" WIDTH="146" HEIGHT="43" CONTENT="rafters." WC="0.98" CC="79550514"/>
						<SP ID="P45_SP00797" HPOS="2154" VPOS="450" WIDTH="65"/>
						<String ID="P45_ST00938" HPOS="2219" VPOS="407" WIDTH="32" HEIGHT="41" CONTENT="It" WC="0.63" CC="51"/>
						<SP ID="P45_SP00798" HPOS="2251" VPOS="450" WIDTH="29"/>
						<String ID="P45_ST00939" HPOS="2280" VPOS="424" WIDTH="82" HEIGHT="25" CONTENT="was" WC="0.97" CC="060"/>
						<SP ID="P45_SP00799" HPOS="2362" VPOS="450" WIDTH="32"/>
						<String ID="P45_ST00940" HPOS="2394" VPOS="407" WIDTH="64" HEIGHT="43" CONTENT="the" WC="0.99" CC="001"/>
						<SP ID="P45_SP00800" HPOS="2458" VPOS="450" WIDTH="33"/>
						<String ID="P45_ST00941" HPOS="2491" VPOS="406" WIDTH="79" HEIGHT="44" CONTENT="Bar" WC="0.96" CC="450"/>
						<SP ID="P45_SP00801" HPOS="2570" VPOS="450" WIDTH="28"/>
						<String ID="P45_ST00942" HPOS="2598" VPOS="424" WIDTH="62" HEIGHT="26" CONTENT="we" WC="1.00" CC="00"/>
						<SP ID="P45_SP00802" HPOS="2660" VPOS="450" WIDTH="31"/>
						<String ID="P45_ST00943" HPOS="2691" VPOS="423" WIDTH="106" HEIGHT="27" CONTENT="were" WC="0.99" CC="0050"/>
						<SP ID="P45_SP00803" HPOS="2797" VPOS="450" WIDTH="31"/>
						<String ID="P45_ST00944" HPOS="2828" VPOS="408" WIDTH="39" HEIGHT="40" CONTENT="in" WC="0.64" CC="70"/>
						<SP ID="P45_SP00804" HPOS="2867" VPOS="450" WIDTH="17"/>
						<String ID="P45_ST00945" HPOS="2884" VPOS="426" WIDTH="9" HEIGHT="29" CONTENT=";" WC="0.34" CC="6"/>
					</TextLine>
					<TextLine ID="P45_TL00140" HPOS="2006" VPOS="464" WIDTH="890" HEIGHT="52">
						<String ID="P45_ST00946" HPOS="2006" VPOS="481" WIDTH="63" HEIGHT="27" CONTENT="we" WC="1.00" CC="00"/>
						<SP ID="P45_SP00805" HPOS="2069" VPOS="508" WIDTH="31"/>
						<String ID="P45_ST00947" HPOS="2100" VPOS="464" WIDTH="80" HEIGHT="44" CONTENT="had" WC="1.00" CC="000"/>
						<SP ID="P45_SP00806" HPOS="2180" VPOS="508" WIDTH="31"/>
						<String ID="P45_ST00948" HPOS="2211" VPOS="466" WIDTH="73" HEIGHT="42" CONTENT="lost" WC="0.97" CC="6222"/>
						<SP ID="P45_SP00807" HPOS="2284" VPOS="508" WIDTH="46"/>
						<String ID="P45_ST00949" HPOS="2330" VPOS="466" WIDTH="65" HEIGHT="43" CONTENT="the" WC="1.00" CC="000"/>
						<SP ID="P45_SP00808" HPOS="2395" VPOS="509" WIDTH="47"/>
						<String ID="P45_ST00950" HPOS="2442" VPOS="468" WIDTH="110" HEIGHT="48" CONTENT="train," WC="0.98" CC="018600"/>
						<SP ID="P45_SP00809" HPOS="2552" VPOS="516" WIDTH="49"/>
						<String ID="P45_ST00951" HPOS="2601" VPOS="485" WIDTH="44" HEIGHT="24" CONTENT="or" WC="0.45" CC="55"/>
						<SP ID="P45_SP00810" HPOS="2645" VPOS="516" WIDTH="41"/>
						<String ID="P45_ST00952" HPOS="2686" VPOS="466" WIDTH="129" HEIGHT="43" CONTENT="rather" WC="0.98" CC="690007"/>
						<SP ID="P45_SP00811" HPOS="2815" VPOS="516" WIDTH="31"/>
						<String ID="P45_ST00953" HPOS="2846" VPOS="466" WIDTH="50" HEIGHT="43" CONTENT="he" WC="0.65" CC="70"/>
					</TextLine>
					<TextLine ID="P45_TL00141" HPOS="2006" VPOS="524" WIDTH="891" HEIGHT="48">
						<String ID="P45_ST00954" HPOS="2006" VPOS="524" WIDTH="80" HEIGHT="43" CONTENT="had" WC="1.00" CC="000"/>
						<SP ID="P45_SP00812" HPOS="2086" VPOS="567" WIDTH="19"/>
						<String ID="P45_ST00955" HPOS="2105" VPOS="542" WIDTH="9" HEIGHT="30" CONTENT=";" WC="0.85" CC="1"/>
						<SP ID="P45_SP00813" HPOS="2114" VPOS="572" WIDTH="35"/>
						<String ID="P45_ST00956" HPOS="2149" VPOS="525" WIDTH="15" HEIGHT="42" CONTENT="I" WC="0.51" CC="4"/>
						<SP ID="P45_SP00814" HPOS="2164" VPOS="572" WIDTH="30"/>
						<String ID="P45_ST00957" HPOS="2194" VPOS="525" WIDTH="164" HEIGHT="43" CONTENT="wonder" WC="0.98" CC="050906"/>
						<SP ID="P45_SP00815" HPOS="2358" VPOS="572" WIDTH="35"/>
						<String ID="P45_ST00958" HPOS="2393" VPOS="526" WIDTH="30" HEIGHT="42" CONTENT="if" WC="0.38" CC="56"/>
						<SP ID="P45_SP00816" HPOS="2423" VPOS="572" WIDTH="30"/>
						<String ID="P45_ST00959" HPOS="2453" VPOS="526" WIDTH="50" HEIGHT="43" CONTENT="he" WC="0.81" CC="03"/>
						<SP ID="P45_SP00817" HPOS="2503" VPOS="572" WIDTH="30"/>
						<String ID="P45_ST00960" HPOS="2533" VPOS="527" WIDTH="80" HEIGHT="42" CONTENT="will" WC="0.96" CC="0666"/>
						<SP ID="P45_SP00818" HPOS="2613" VPOS="572" WIDTH="32"/>
						<String ID="P45_ST00961" HPOS="2645" VPOS="526" WIDTH="217" HEIGHT="42" CONTENT="remember" WC="0.99" CC="50910600"/>
						<SP ID="P45_SP00819" HPOS="2862" VPOS="572" WIDTH="17"/>
						<String ID="P45_ST00962" HPOS="2879" VPOS="531" WIDTH="18" HEIGHT="37" CONTENT="?" WC="0.29" CC="7"/>
					</TextLine>
					<TextLine ID="P45_TL00142" HPOS="2008" VPOS="583" WIDTH="889" HEIGHT="56">
						<String ID="P45_ST00963" HPOS="2008" VPOS="583" WIDTH="77" HEIGHT="43" CONTENT="and" WC="1.00" CC="000"/>
						<SP ID="P45_SP00820" HPOS="2085" VPOS="626" WIDTH="52"/>
						<String ID="P45_ST00964" HPOS="2137" VPOS="584" WIDTH="194" HEIGHT="54" CONTENT="curiously" WC="0.99" CC="107754050"/>
						<SP ID="P45_SP00821" HPOS="2331" VPOS="638" WIDTH="60"/>
						<String ID="P45_ST00965" HPOS="2391" VPOS="586" WIDTH="154" HEIGHT="53" CONTENT="enough" WC="0.98" CC="040057"/>
						<SP ID="P45_SP00822" HPOS="2545" VPOS="639" WIDTH="63"/>
						<String ID="P45_ST00966" HPOS="2608" VPOS="586" WIDTH="14" HEIGHT="42" CONTENT="I" WC="0.43" CC="5"/>
						<SP ID="P45_SP00823" HPOS="2622" VPOS="639" WIDTH="57"/>
						<String ID="P45_ST00967" HPOS="2679" VPOS="586" WIDTH="218" HEIGHT="42" CONTENT="remember" WC="0.99" CC="70000707"/>
					</TextLine>
					<TextLine ID="P45_TL00143" HPOS="2007" VPOS="641" WIDTH="888" HEIGHT="55">
						<String ID="P45_ST00968" HPOS="2007" VPOS="641" WIDTH="175" HEIGHT="55" CONTENT="thinking" WC="0.98" CC="37560738"/>
						<SP ID="P45_SP00824" HPOS="2182" VPOS="696" WIDTH="41"/>
						<String ID="P45_ST00969" HPOS="2223" VPOS="655" WIDTH="39" HEIGHT="30" CONTENT="at" WC="0.82" CC="03"/>
						<SP ID="P45_SP00825" HPOS="2262" VPOS="696" WIDTH="31"/>
						<String ID="P45_ST00970" HPOS="2293" VPOS="644" WIDTH="65" HEIGHT="42" CONTENT="the" WC="0.99" CC="100"/>
						<SP ID="P45_SP00826" HPOS="2358" VPOS="696" WIDTH="33"/>
						<String ID="P45_ST00971" HPOS="2391" VPOS="647" WIDTH="90" HEIGHT="40" CONTENT="time" WC="0.98" CC="1610"/>
						<SP ID="P45_SP00827" HPOS="2481" VPOS="696" WIDTH="18"/>
						<String ID="P45_ST00972" HPOS="2499" VPOS="673" WIDTH="55" HEIGHT="7" CONTENT="" WC="0.20" CC="8"/>
						<SP ID="P45_SP00828" HPOS="2554" VPOS="696" WIDTH="17"/>
						<String ID="P45_ST00973" HPOS="2571" VPOS="645" WIDTH="118" HEIGHT="43" CONTENT="when" WC="1.00" CC="0000"/>
						<SP ID="P45_SP00829" HPOS="2689" VPOS="696" WIDTH="40"/>
						<String ID="P45_ST00974" HPOS="2729" VPOS="644" WIDTH="166" HEIGHT="44" CONTENT="Shelton" WC="0.79" CC="0002064"/>
					</TextLine>
					<TextLine ID="P45_TL00144" HPOS="2005" VPOS="703" WIDTH="890" HEIGHT="44">
						<String ID="P45_ST00975" HPOS="2005" VPOS="719" WIDTH="130" HEIGHT="25" CONTENT="comes" WC="0.99" CC="30006"/>
						<SP ID="P45_SP00830" HPOS="2135" VPOS="744" WIDTH="32"/>
						<String ID="P45_ST00976" HPOS="2167" VPOS="713" WIDTH="39" HEIGHT="31" CONTENT="to" WC="0.98" CC="00"/>
						<SP ID="P45_SP00831" HPOS="2206" VPOS="744" WIDTH="45"/>
						<String ID="P45_ST00977" HPOS="2251" VPOS="705" WIDTH="110" HEIGHT="41" CONTENT="write" WC="0.99" CC="02400"/>
						<SP ID="P45_SP00832" HPOS="2361" VPOS="746" WIDTH="46"/>
						<String ID="P45_ST00978" HPOS="2407" VPOS="703" WIDTH="58" HEIGHT="43" CONTENT="his" WC="0.95" CC="086"/>
						<SP ID="P45_SP00833" HPOS="2465" VPOS="746" WIDTH="46"/>
						<String ID="P45_ST00979" HPOS="2511" VPOS="706" WIDTH="178" HEIGHT="41" CONTENT="memoirs" WC="0.99" CC="0000900"/>
						<SP ID="P45_SP00834" HPOS="2689" VPOS="747" WIDTH="44"/>
						<String ID="P45_ST00980" HPOS="2733" VPOS="704" WIDTH="108" HEIGHT="43" CONTENT="what" WC="1.00" CC="0000"/>
						<SP ID="P45_SP00835" HPOS="2841" VPOS="747" WIDTH="31"/>
						<String ID="P45_ST00981" HPOS="2872" VPOS="723" WIDTH="23" HEIGHT="24" CONTENT="a" WC="1.00" CC="0"/>
					</TextLine>
					<TextLine ID="P45_TL00145" HPOS="2004" VPOS="760" WIDTH="891" HEIGHT="54">
						<String ID="P45_ST00982" HPOS="2004" VPOS="760" WIDTH="96" HEIGHT="54" CONTENT="jolly" WC="0.97" CC="56850"/>
						<SP ID="P45_SP00836" HPOS="2100" VPOS="814" WIDTH="46"/>
						<String ID="P45_ST00983" HPOS="2146" VPOS="762" WIDTH="104" HEIGHT="41" CONTENT="book" WC="0.96" CC="7450"/>
						<SP ID="P45_SP00837" HPOS="2250" VPOS="814" WIDTH="47"/>
						<String ID="P45_ST00984" HPOS="2297" VPOS="765" WIDTH="28" HEIGHT="40" CONTENT="it" WC="0.38" CC="56"/>
						<SP ID="P45_SP00838" HPOS="2325" VPOS="814" WIDTH="32"/>
						<String ID="P45_ST00985" HPOS="2357" VPOS="763" WIDTH="79" HEIGHT="42" CONTENT="will" WC="0.98" CC="0504"/>
						<SP ID="P45_SP00839" HPOS="2436" VPOS="814" WIDTH="47"/>
						<String ID="P45_ST00986" HPOS="2483" VPOS="764" WIDTH="78" HEIGHT="48" CONTENT="be;" WC="0.99" CC="003"/>
						<SP ID="P45_SP00840" HPOS="2561" VPOS="814" WIDTH="43"/>
						<String ID="P45_ST00987" HPOS="2604" VPOS="764" WIDTH="92" HEIGHT="43" CONTENT="how" WC="0.96" CC="640"/>
						<SP ID="P45_SP00841" HPOS="2696" VPOS="814" WIDTH="46"/>
						<String ID="P45_ST00988" HPOS="2742" VPOS="766" WIDTH="30" HEIGHT="40" CONTENT="it" WC="0.66" CC="60"/>
						<SP ID="P45_SP00842" HPOS="2772" VPOS="814" WIDTH="42"/>
						<String ID="P45_ST00989" HPOS="2814" VPOS="764" WIDTH="81" HEIGHT="43" CONTENT="will" WC="0.96" CC="0774"/>
					</TextLine>
					<TextLine ID="P45_TL00146" HPOS="2004" VPOS="820" WIDTH="891" HEIGHT="53">
						<String ID="P45_ST00990" HPOS="2004" VPOS="820" WIDTH="181" HEIGHT="53" CONTENT="sparkle;" WC="0.99" CC="71150003"/>
						<SP ID="P45_SP00843" HPOS="2185" VPOS="873" WIDTH="35"/>
						<String ID="P45_ST00991" HPOS="2220" VPOS="821" WIDTH="91" HEIGHT="42" CONTENT="how" WC="1.00" CC="000"/>
						<SP ID="P45_SP00844" HPOS="2311" VPOS="873" WIDTH="40"/>
						<String ID="P45_ST00992" HPOS="2351" VPOS="839" WIDTH="62" HEIGHT="25" CONTENT="we" WC="1.00" CC="00"/>
						<SP ID="P45_SP00845" HPOS="2413" VPOS="873" WIDTH="30"/>
						<String ID="P45_ST00993" HPOS="2443" VPOS="822" WIDTH="99" HEIGHT="44" CONTENT="shall" WC="0.98" CC="60045"/>
						<SP ID="P45_SP00846" HPOS="2542" VPOS="873" WIDTH="43"/>
						<String ID="P45_ST00994" HPOS="2585" VPOS="823" WIDTH="50" HEIGHT="43" CONTENT="all" WC="0.98" CC="013"/>
						<SP ID="P45_SP00847" HPOS="2635" VPOS="873" WIDTH="47"/>
						<String ID="P45_ST00995" HPOS="2682" VPOS="841" WIDTH="87" HEIGHT="26" CONTENT="roar" WC="0.97" CC="4604"/>
						<SP ID="P45_SP00848" HPOS="2769" VPOS="873" WIDTH="29"/>
						<String ID="P45_ST00996" HPOS="2798" VPOS="823" WIDTH="97" HEIGHT="43" CONTENT="with" WC="0.97" CC="0740"/>
					</TextLine>
					<TextLine ID="P45_TL00147" HPOS="2005" VPOS="878" WIDTH="890" HEIGHT="54">
						<String ID="P45_ST00997" HPOS="2005" VPOS="878" WIDTH="189" HEIGHT="54" CONTENT="laughter," WC="1.00" CC="005000041"/>
						<SP ID="P45_SP00849" HPOS="2194" VPOS="932" WIDTH="35"/>
						<String ID="P45_ST00998" HPOS="2229" VPOS="880" WIDTH="91" HEIGHT="49" CONTENT="and," WC="0.97" CC="6400"/>
						<SP ID="P45_SP00850" HPOS="2320" VPOS="932" WIDTH="32"/>
						<String ID="P45_ST00999" HPOS="2352" VPOS="880" WIDTH="109" HEIGHT="43" CONTENT="what" WC="1.00" CC="0000"/>
						<SP ID="P45_SP00851" HPOS="2461" VPOS="932" WIDTH="44"/>
						<String ID="P45_ST01000" HPOS="2505" VPOS="883" WIDTH="30" HEIGHT="41" CONTENT="is" WC="0.66" CC="60"/>
						<SP ID="P45_SP00852" HPOS="2535" VPOS="932" WIDTH="47"/>
						<String ID="P45_ST01001" HPOS="2582" VPOS="900" WIDTH="119" HEIGHT="32" CONTENT="more," WC="0.98" CC="06600"/>
						<SP ID="P45_SP00853" HPOS="2701" VPOS="932" WIDTH="32"/>
						<String ID="P45_ST01002" HPOS="2733" VPOS="883" WIDTH="109" HEIGHT="42" CONTENT="what" WC="0.98" CC="0015"/>
						<SP ID="P45_SP00854" HPOS="2842" VPOS="932" WIDTH="31"/>
						<String ID="P45_ST01003" HPOS="2873" VPOS="901" WIDTH="22" HEIGHT="25" CONTENT="a" WC="1.00" CC="0"/>
					</TextLine>
					<TextLine ID="P45_TL00148" HPOS="2005" VPOS="939" WIDTH="890" HEIGHT="56">
						<String ID="P45_ST01004" HPOS="2005" VPOS="939" WIDTH="229" HEIGHT="54" CONTENT="profundity" WC="0.99" CC="0626400600"/>
						<SP ID="P45_SP00855" HPOS="2234" VPOS="993" WIDTH="31"/>
						<String ID="P45_ST01005" HPOS="2265" VPOS="940" WIDTH="42" HEIGHT="41" CONTENT="of" WC="0.65" CC="06"/>
						<SP ID="P45_SP00856" HPOS="2307" VPOS="993" WIDTH="30"/>
						<String ID="P45_ST01006" HPOS="2337" VPOS="941" WIDTH="165" HEIGHT="53" CONTENT="thought" WC="1.00" CC="0001002"/>
						<SP ID="P45_SP00857" HPOS="2502" VPOS="994" WIDTH="31"/>
						<String ID="P45_ST01007" HPOS="2533" VPOS="941" WIDTH="78" HEIGHT="43" CONTENT="and" WC="0.98" CC="060"/>
						<SP ID="P45_SP00858" HPOS="2611" VPOS="994" WIDTH="30"/>
						<String ID="P45_ST01008" HPOS="2641" VPOS="942" WIDTH="144" HEIGHT="53" CONTENT="feeling" WC="0.99" CC="0004700"/>
						<SP ID="P45_SP00859" HPOS="2785" VPOS="995" WIDTH="29"/>
						<String ID="P45_ST01009" HPOS="2814" VPOS="942" WIDTH="81" HEIGHT="42" CONTENT="will" WC="0.98" CC="0640"/>
					</TextLine>
					<TextLine ID="P45_TL00149" HPOS="2006" VPOS="998" WIDTH="891" HEIGHT="56">
						<String ID="P45_ST01010" HPOS="2006" VPOS="999" WIDTH="49" HEIGHT="41" CONTENT="be" WC="0.60" CC="61"/>
						<SP ID="P45_SP00860" HPOS="2055" VPOS="1040" WIDTH="33"/>
						<String ID="P45_ST01011" HPOS="2088" VPOS="998" WIDTH="146" HEIGHT="43" CONTENT="behind" WC="0.98" CC="007870"/>
						<SP ID="P45_SP00861" HPOS="2234" VPOS="1041" WIDTH="31"/>
						<String ID="P45_ST01012" HPOS="2265" VPOS="1001" WIDTH="30" HEIGHT="40" CONTENT="it" WC="0.70" CC="50"/>
						<SP ID="P45_SP00862" HPOS="2295" VPOS="1041" WIDTH="31"/>
						<String ID="P45_ST01013" HPOS="2326" VPOS="999" WIDTH="70" HEIGHT="49" CONTENT="all;" WC="0.97" CC="0752"/>
						<SP ID="P45_SP00863" HPOS="2396" VPOS="1048" WIDTH="26"/>
						<String ID="P45_ST01014" HPOS="2422" VPOS="1000" WIDTH="77" HEIGHT="42" CONTENT="and" WC="0.98" CC="050"/>
						<SP ID="P45_SP00864" HPOS="2499" VPOS="1048" WIDTH="24"/>
						<String ID="P45_ST01015" HPOS="2523" VPOS="1002" WIDTH="29" HEIGHT="40" CONTENT="it" WC="0.80" CC="21"/>
						<SP ID="P45_SP00865" HPOS="2552" VPOS="1048" WIDTH="30"/>
						<String ID="P45_ST01016" HPOS="2582" VPOS="1003" WIDTH="30" HEIGHT="40" CONTENT="is" WC="0.69" CC="60"/>
						<SP ID="P45_SP00866" HPOS="2612" VPOS="1048" WIDTH="31"/>
						<String ID="P45_ST01017" HPOS="2643" VPOS="1002" WIDTH="106" HEIGHT="41" CONTENT="these" WC="0.99" CC="80100"/>
						<SP ID="P45_SP00867" HPOS="2749" VPOS="1048" WIDTH="24"/>
						<String ID="P45_ST01018" HPOS="2773" VPOS="1002" WIDTH="124" HEIGHT="52" CONTENT="things" WC="0.98" CC="107691"/>
					</TextLine>
					<TextLine ID="P45_TL00150" HPOS="2005" VPOS="1057" WIDTH="889" HEIGHT="54">
						<String ID="P45_ST01019" HPOS="2005" VPOS="1057" WIDTH="83" HEIGHT="43" CONTENT="that" WC="1.00" CC="0000"/>
						<SP ID="P45_SP00868" HPOS="2088" VPOS="1100" WIDTH="32"/>
						<String ID="P45_ST01020" HPOS="2120" VPOS="1057" WIDTH="13" HEIGHT="42" CONTENT="I" WC="0.23" CC="7"/>
						<SP ID="P45_SP00869" HPOS="2133" VPOS="1100" WIDTH="33"/>
						<String ID="P45_ST01021" HPOS="2166" VPOS="1069" WIDTH="107" HEIGHT="31" CONTENT="want" WC="0.99" CC="0002"/>
						<SP ID="P45_SP00870" HPOS="2273" VPOS="1100" WIDTH="15"/>
						<String ID="P45_ST01022" HPOS="2288" VPOS="1075" WIDTH="65" HEIGHT="36" CONTENT="my" WC="1.00" CC="00"/>
						<SP ID="P45_SP00871" HPOS="2353" VPOS="1111" WIDTH="17"/>
						<String ID="P45_ST01023" HPOS="2370" VPOS="1059" WIDTH="154" HEIGHT="43" CONTENT="readers" WC="0.99" CC="0000363"/>
						<SP ID="P45_SP00872" HPOS="2524" VPOS="1111" WIDTH="22"/>
						<String ID="P45_ST01024" HPOS="2546" VPOS="1071" WIDTH="39" HEIGHT="31" CONTENT="to" WC="0.55" CC="44"/>
						<SP ID="P45_SP00873" HPOS="2585" VPOS="1111" WIDTH="32"/>
						<String ID="P45_ST01025" HPOS="2617" VPOS="1060" WIDTH="90" HEIGHT="43" CONTENT="look" WC="0.98" CC="2210"/>
						<SP ID="P45_SP00874" HPOS="2707" VPOS="1111" WIDTH="32"/>
						<String ID="P45_ST01026" HPOS="2739" VPOS="1072" WIDTH="39" HEIGHT="31" CONTENT="to" WC="0.64" CC="15"/>
						<SP ID="P45_SP00875" HPOS="2778" VPOS="1111" WIDTH="22"/>
						<String ID="P45_ST01027" HPOS="2800" VPOS="1060" WIDTH="94" HEIGHT="44" CONTENT="find," WC="0.98" CC="00507"/>
					</TextLine>
					<TextLine ID="P45_TL00151" HPOS="2067" VPOS="1117" WIDTH="826" HEIGHT="55">
						<String ID="P45_ST01028" HPOS="2067" VPOS="1117" WIDTH="14" HEIGHT="42" CONTENT="I" WC="0.44" CC="5"/>
						<SP ID="P45_SP00876" HPOS="2081" VPOS="1159" WIDTH="32"/>
						<String ID="P45_ST01029" HPOS="2113" VPOS="1117" WIDTH="139" HEIGHT="43" CONTENT="labour" WC="0.98" CC="206245"/>
						<SP ID="P45_SP00877" HPOS="2252" VPOS="1160" WIDTH="36"/>
						<String ID="P45_ST01030" HPOS="2288" VPOS="1117" WIDTH="125" HEIGHT="43" CONTENT="under" WC="0.98" CC="07005"/>
						<SP ID="P45_SP00878" HPOS="2413" VPOS="1160" WIDTH="37"/>
						<String ID="P45_ST01031" HPOS="2450" VPOS="1137" WIDTH="22" HEIGHT="23" CONTENT="a" WC="0.42" CC="5"/>
						<SP ID="P45_SP00879" HPOS="2472" VPOS="1160" WIDTH="37"/>
						<String ID="P45_ST01032" HPOS="2509" VPOS="1118" WIDTH="278" HEIGHT="54" CONTENT="disadvantage" WC="1.00" CC="050000050001"/>
						<SP ID="P45_SP00880" HPOS="2787" VPOS="1172" WIDTH="18"/>
						<String ID="P45_ST01033" HPOS="2805" VPOS="1138" WIDTH="9" HEIGHT="24" CONTENT=":" WC="0.25" CC="7"/>
						<SP ID="P45_SP00881" HPOS="2814" VPOS="1172" WIDTH="25"/>
						<String ID="P45_ST01034" HPOS="2839" VPOS="1148" WIDTH="54" HEIGHT="5" CONTENT="" WC="0.20" CC="8"/>
					</TextLine>
					<TextLine ID="P45_TL00152" HPOS="2006" VPOS="1176" WIDTH="890" HEIGHT="45">
						<String ID="P45_ST01035" HPOS="2006" VPOS="1176" WIDTH="14" HEIGHT="43" CONTENT="I" WC="0.44" CC="5"/>
						<SP ID="P45_SP00882" HPOS="2020" VPOS="1219" WIDTH="33"/>
						<String ID="P45_ST01036" HPOS="2053" VPOS="1176" WIDTH="101" HEIGHT="43" CONTENT="have" WC="0.97" CC="7900"/>
						<SP ID="P45_SP00883" HPOS="2154" VPOS="1219" WIDTH="31"/>
						<String ID="P45_ST01037" HPOS="2185" VPOS="1177" WIDTH="144" HEIGHT="42" CONTENT="known" WC="1.00" CC="00000"/>
						<SP ID="P45_SP00884" HPOS="2329" VPOS="1219" WIDTH="47"/>
						<String ID="P45_ST01038" HPOS="2376" VPOS="1177" WIDTH="65" HEIGHT="42" CONTENT="the" WC="1.00" CC="000"/>
						<SP ID="P45_SP00885" HPOS="2441" VPOS="1219" WIDTH="45"/>
						<String ID="P45_ST01039" HPOS="2486" VPOS="1179" WIDTH="130" HEIGHT="41" CONTENT="writer" WC="0.99" CC="007000"/>
						<SP ID="P45_SP00886" HPOS="2616" VPOS="1220" WIDTH="17"/>
						<String ID="P45_ST01040" HPOS="2633" VPOS="1207" WIDTH="55" HEIGHT="5" CONTENT="" WC="0.20" CC="8"/>
						<SP ID="P45_SP00887" HPOS="2688" VPOS="1220" WIDTH="24"/>
						<String ID="P45_ST01041" HPOS="2712" VPOS="1179" WIDTH="83" HEIGHT="42" CONTENT="that" WC="0.98" CC="8001"/>
						<SP ID="P45_SP00888" HPOS="2795" VPOS="1221" WIDTH="30"/>
						<String ID="P45_ST01042" HPOS="2825" VPOS="1179" WIDTH="48" HEIGHT="42" CONTENT="ad" SUBS_TYPE="HypPart1" SUBS_CONTENT="advantage" WC="0.98" CC="00"/>
						<HYP HPOS="2873" VPOS="1179" WIDTH="23" CONTENT="-"/>
					</TextLine>
					<TextLine ID="P45_TL00153" HPOS="2004" VPOS="1236" WIDTH="892" HEIGHT="55">
						<String ID="P45_ST01043" HPOS="2004" VPOS="1247" WIDTH="166" HEIGHT="42" CONTENT="vantage" SUBS_TYPE="HypPart2" SUBS_CONTENT="advantage" WC="0.99" CC="0055000"/>
						<SP ID="P45_SP00889" HPOS="2170" VPOS="1289" WIDTH="30"/>
						<String ID="P45_ST01044" HPOS="2200" VPOS="1236" WIDTH="81" HEIGHT="42" CONTENT="will" WC="0.98" CC="0702"/>
						<SP ID="P45_SP00890" HPOS="2281" VPOS="1289" WIDTH="31"/>
						<String ID="P45_ST01045" HPOS="2312" VPOS="1236" WIDTH="51" HEIGHT="42" CONTENT="be" WC="0.64" CC="70"/>
						<SP ID="P45_SP00891" HPOS="2363" VPOS="1289" WIDTH="32"/>
						<String ID="P45_ST01046" HPOS="2395" VPOS="1238" WIDTH="239" HEIGHT="42" CONTENT="memorable" WC="1.00" CC="000360000"/>
						<SP ID="P45_SP00892" HPOS="2634" VPOS="1289" WIDTH="30"/>
						<String ID="P45_ST01047" HPOS="2664" VPOS="1240" WIDTH="40" HEIGHT="40" CONTENT="in" WC="0.44" CC="74"/>
						<SP ID="P45_SP00893" HPOS="2704" VPOS="1289" WIDTH="31"/>
						<String ID="P45_ST01048" HPOS="2735" VPOS="1254" WIDTH="66" HEIGHT="37" CONTENT="my" WC="1.00" CC="00"/>
						<SP ID="P45_SP00894" HPOS="2801" VPOS="1291" WIDTH="36"/>
						<String ID="P45_ST01049" HPOS="2837" VPOS="1255" WIDTH="40" HEIGHT="25" CONTENT="re" SUBS_TYPE="HypPart1" SUBS_CONTENT="recollections" WC="0.96" CC="50"/>
						<HYP HPOS="2877" VPOS="1255" WIDTH="19" CONTENT="-"/>
					</TextLine>
					<TextLine ID="P45_TL00154" HPOS="2004" VPOS="1295" WIDTH="893" HEIGHT="55">
						<String ID="P45_ST01050" HPOS="2004" VPOS="1295" WIDTH="223" HEIGHT="42" CONTENT="collections" SUBS_TYPE="HypPart2" SUBS_CONTENT="recollections" WC="0.99" CC="00740336400"/>
						<SP ID="P45_SP00895" HPOS="2227" VPOS="1337" WIDTH="31"/>
						<String ID="P45_ST01051" HPOS="2258" VPOS="1306" WIDTH="40" HEIGHT="31" CONTENT="to" WC="0.96" CC="00"/>
						<SP ID="P45_SP00896" HPOS="2298" VPOS="1337" WIDTH="31"/>
						<String ID="P45_ST01052" HPOS="2329" VPOS="1295" WIDTH="66" HEIGHT="42" CONTENT="the" WC="0.97" CC="070"/>
						<SP ID="P45_SP00897" HPOS="2395" VPOS="1337" WIDTH="32"/>
						<String ID="P45_ST01053" HPOS="2427" VPOS="1296" WIDTH="77" HEIGHT="43" CONTENT="end" WC="1.00" CC="000"/>
						<SP ID="P45_SP00898" HPOS="2504" VPOS="1339" WIDTH="19"/>
						<String ID="P45_ST01054" HPOS="2523" VPOS="1314" WIDTH="9" HEIGHT="30" CONTENT=";" WC="0.58" CC="4"/>
						<SP ID="P45_SP00899" HPOS="2532" VPOS="1344" WIDTH="33"/>
						<String ID="P45_ST01055" HPOS="2565" VPOS="1298" WIDTH="30" HEIGHT="41" CONTENT="it" WC="0.55" CC="53"/>
						<SP ID="P45_SP00900" HPOS="2595" VPOS="1344" WIDTH="29"/>
						<String ID="P45_ST01056" HPOS="2624" VPOS="1298" WIDTH="31" HEIGHT="41" CONTENT="is" WC="0.30" CC="76"/>
						<SP ID="P45_SP00901" HPOS="2655" VPOS="1344" WIDTH="27"/>
						<String ID="P45_ST01057" HPOS="2682" VPOS="1297" WIDTH="91" HEIGHT="53" CONTENT="long" WC="0.98" CC="6310"/>
						<SP ID="P45_SP00902" HPOS="2773" VPOS="1350" WIDTH="20"/>
						<String ID="P45_ST01058" HPOS="2793" VPOS="1298" WIDTH="104" HEIGHT="41" CONTENT="since" WC="0.99" CC="06000"/>
					</TextLine>
					<TextLine ID="P45_TL00155" HPOS="2006" VPOS="1354" WIDTH="893" HEIGHT="55">
						<String ID="P45_ST01059" HPOS="2006" VPOS="1355" WIDTH="15" HEIGHT="42" CONTENT="I" WC="0.36" CC="6"/>
						<SP ID="P45_SP00903" HPOS="2021" VPOS="1397" WIDTH="32"/>
						<String ID="P45_ST01060" HPOS="2053" VPOS="1371" WIDTH="81" HEIGHT="26" CONTENT="saw" WC="0.92" CC="569"/>
						<SP ID="P45_SP00904" HPOS="2134" VPOS="1397" WIDTH="35"/>
						<String ID="P45_ST01061" HPOS="2169" VPOS="1354" WIDTH="93" HEIGHT="49" CONTENT="him," WC="0.96" CC="0790"/>
						<SP ID="P45_SP00905" HPOS="2262" VPOS="1403" WIDTH="33"/>
						<String ID="P45_ST01062" HPOS="2295" VPOS="1355" WIDTH="61" HEIGHT="42" CONTENT="for" WC="0.93" CC="666"/>
						<SP ID="P45_SP00906" HPOS="2356" VPOS="1403" WIDTH="45"/>
						<String ID="P45_ST01063" HPOS="2401" VPOS="1372" WIDTH="67" HEIGHT="37" CONTENT="my" WC="0.51" CC="90"/>
						<SP ID="P45_SP00907" HPOS="2468" VPOS="1409" WIDTH="46"/>
						<String ID="P45_ST01064" HPOS="2514" VPOS="1356" WIDTH="94" HEIGHT="42" CONTENT="beat" WC="0.98" CC="7000"/>
						<SP ID="P45_SP00908" HPOS="2608" VPOS="1409" WIDTH="43"/>
						<String ID="P45_ST01065" HPOS="2651" VPOS="1358" WIDTH="31" HEIGHT="40" CONTENT="is" WC="0.38" CC="66"/>
						<SP ID="P45_SP00909" HPOS="2682" VPOS="1409" WIDTH="36"/>
						<String ID="P45_ST01066" HPOS="2718" VPOS="1356" WIDTH="181" HEIGHT="42" CONTENT="between" WC="1.00" CC="0010000"/>
					</TextLine>
					<TextLine ID="P45_TL00156" HPOS="2006" VPOS="1413" WIDTH="892" HEIGHT="44">
						<String ID="P45_ST01067" HPOS="2006" VPOS="1413" WIDTH="91" HEIGHT="44" CONTENT="Red" WC="0.99" CC="200"/>
						<SP ID="P45_SP00910" HPOS="2097" VPOS="1457" WIDTH="32"/>
						<String ID="P45_ST01068" HPOS="2129" VPOS="1414" WIDTH="101" HEIGHT="43" CONTENT="Lion" WC="0.99" CC="0410"/>
						<SP ID="P45_SP00911" HPOS="2230" VPOS="1457" WIDTH="31"/>
						<String ID="P45_ST01069" HPOS="2261" VPOS="1416" WIDTH="127" HEIGHT="41" CONTENT="Court" WC="0.97" CC="05417"/>
						<SP ID="P45_SP00912" HPOS="2388" VPOS="1457" WIDTH="30"/>
						<String ID="P45_ST01070" HPOS="2418" VPOS="1414" WIDTH="78" HEIGHT="43" CONTENT="and" WC="0.98" CC="040"/>
						<SP ID="P45_SP00913" HPOS="2496" VPOS="1457" WIDTH="30"/>
						<String ID="P45_ST01071" HPOS="2526" VPOS="1414" WIDTH="66" HEIGHT="43" CONTENT="the" WC="0.97" CC="060"/>
						<SP ID="P45_SP00914" HPOS="2592" VPOS="1457" WIDTH="21"/>
						<String ID="P45_ST01072" HPOS="2613" VPOS="1415" WIDTH="96" HEIGHT="42" CONTENT="little" WC="0.98" CC="373004"/>
						<SP ID="P45_SP00915" HPOS="2709" VPOS="1457" WIDTH="21"/>
						<String ID="P45_ST01073" HPOS="2730" VPOS="1416" WIDTH="144" HEIGHT="41" CONTENT="Restau" SUBS_TYPE="HypPart1" SUBS_CONTENT="Restaurant," WC="0.99" CC="060005"/>
						<HYP HPOS="2874" VPOS="1416" WIDTH="24" CONTENT="-"/>
					</TextLine>
					<TextLine ID="P45_TL00157" HPOS="2005" VPOS="1473" WIDTH="893" HEIGHT="49">
						<String ID="P45_ST01074" HPOS="2005" VPOS="1484" WIDTH="97" HEIGHT="38" CONTENT="rant," SUBS_TYPE="HypPart2" SUBS_CONTENT="Restaurant," WC="0.98" CC="00633"/>
						<SP ID="P45_SP00916" HPOS="2102" VPOS="1522" WIDTH="32"/>
						<String ID="P45_ST01075" HPOS="2134" VPOS="1473" WIDTH="131" HEIGHT="44" CONTENT="which" WC="0.99" CC="00600"/>
						<SP ID="P45_SP00917" HPOS="2265" VPOS="1522" WIDTH="23"/>
						<String ID="P45_ST01076" HPOS="2288" VPOS="1474" WIDTH="14" HEIGHT="42" CONTENT="I" WC="0.39" CC="6"/>
						<SP ID="P45_SP00918" HPOS="2302" VPOS="1522" WIDTH="23"/>
						<String ID="P45_ST01077" HPOS="2325" VPOS="1473" WIDTH="53" HEIGHT="44" CONTENT="do" WC="0.70" CC="05"/>
						<SP ID="P45_SP00919" HPOS="2378" VPOS="1522" WIDTH="23"/>
						<String ID="P45_ST01078" HPOS="2401" VPOS="1485" WIDTH="68" HEIGHT="32" CONTENT="not" WC="0.98" CC="006"/>
						<SP ID="P45_SP00920" HPOS="2469" VPOS="1522" WIDTH="19"/>
						<String ID="P45_ST01079" HPOS="2488" VPOS="1474" WIDTH="135" HEIGHT="43" CONTENT="intend" WC="0.99" CC="605000"/>
						<SP ID="P45_SP00921" HPOS="2623" VPOS="1522" WIDTH="23"/>
						<String ID="P45_ST01080" HPOS="2646" VPOS="1485" WIDTH="39" HEIGHT="32" CONTENT="to" WC="0.82" CC="20"/>
						<SP ID="P45_SP00922" HPOS="2685" VPOS="1522" WIDTH="22"/>
						<String ID="P45_ST01081" HPOS="2707" VPOS="1473" WIDTH="191" HEIGHT="46" CONTENT="advertise" WC="1.00" CC="000070003"/>
					</TextLine>
					<TextLine ID="P45_TL00158" HPOS="2004" VPOS="1532" WIDTH="894" HEIGHT="54">
						<String ID="P45_ST01082" HPOS="2004" VPOS="1532" WIDTH="96" HEIGHT="44" CONTENT="here" WC="0.99" CC="0040"/>
						<SP ID="P45_SP00923" HPOS="2100" VPOS="1576" WIDTH="31"/>
						<String ID="P45_ST01083" HPOS="2131" VPOS="1534" WIDTH="39" HEIGHT="41" CONTENT="in" WC="0.65" CC="60"/>
						<SP ID="P45_SP00924" HPOS="2170" VPOS="1576" WIDTH="30"/>
						<String ID="P45_ST01084" HPOS="2200" VPOS="1535" WIDTH="99" HEIGHT="51" CONTENT="spite" WC="0.99" CC="40400"/>
						<SP ID="P45_SP00925" HPOS="2299" VPOS="1586" WIDTH="46"/>
						<String ID="P45_ST01085" HPOS="2345" VPOS="1534" WIDTH="43" HEIGHT="43" CONTENT="of" WC="0.34" CC="66"/>
						<SP ID="P45_SP00926" HPOS="2388" VPOS="1586" WIDTH="46"/>
						<String ID="P45_ST01086" HPOS="2434" VPOS="1535" WIDTH="61" HEIGHT="44" CONTENT="its" WC="0.98" CC="401"/>
						<SP ID="P45_SP00927" HPOS="2495" VPOS="1586" WIDTH="36"/>
						<String ID="P45_ST01087" HPOS="2531" VPOS="1534" WIDTH="193" HEIGHT="45" CONTENT="excellent" WC="0.99" CC="074047003"/>
						<SP ID="P45_SP00928" HPOS="2724" VPOS="1586" WIDTH="31"/>
						<String ID="P45_ST01088" HPOS="2755" VPOS="1533" WIDTH="143" HEIGHT="47" CONTENT="Mixed" WC="0.97" CC="68007"/>
					</TextLine>
					<TextLine ID="P45_TL00159" HPOS="2007" VPOS="1591" WIDTH="893" HEIGHT="50">
						<String ID="P45_ST01089" HPOS="2007" VPOS="1592" WIDTH="131" HEIGHT="49" CONTENT="Grill;" WC="0.97" CC="057556"/>
						<SP ID="P45_SP00929" HPOS="2138" VPOS="1641" WIDTH="35"/>
						<String ID="P45_ST01090" HPOS="2173" VPOS="1593" WIDTH="70" HEIGHT="42" CONTENT="but" WC="0.96" CC="630"/>
						<SP ID="P45_SP00930" HPOS="2243" VPOS="1641" WIDTH="47"/>
						<String ID="P45_ST01091" HPOS="2290" VPOS="1591" WIDTH="92" HEIGHT="44" CONTENT="then" WC="0.96" CC="3706"/>
						<SP ID="P45_SP00931" HPOS="2382" VPOS="1641" WIDTH="43"/>
						<String ID="P45_ST01092" HPOS="2425" VPOS="1593" WIDTH="33" HEIGHT="44" CONTENT="if" WC="0.30" CC="76"/>
						<SP ID="P45_SP00932" HPOS="2458" VPOS="1641" WIDTH="46"/>
						<String ID="P45_ST01093" HPOS="2504" VPOS="1593" WIDTH="15" HEIGHT="43" CONTENT="I" WC="0.33" CC="6"/>
						<SP ID="P45_SP00933" HPOS="2519" VPOS="1641" WIDTH="46"/>
						<String ID="P45_ST01094" HPOS="2565" VPOS="1611" WIDTH="106" HEIGHT="26" CONTENT="were" WC="1.00" CC="0020"/>
						<SP ID="P45_SP00934" HPOS="2671" VPOS="1641" WIDTH="48"/>
						<String ID="P45_ST01095" HPOS="2719" VPOS="1605" WIDTH="39" HEIGHT="31" CONTENT="to" WC="1.00" CC="00"/>
						<SP ID="P45_SP00935" HPOS="2758" VPOS="1641" WIDTH="38"/>
						<String ID="P45_ST01096" HPOS="2796" VPOS="1605" WIDTH="104" HEIGHT="31" CONTENT="meet" WC="0.97" CC="0093"/>
					</TextLine>
					<TextLine ID="P45_TL00160" HPOS="2006" VPOS="1652" WIDTH="892" HEIGHT="54">
						<String ID="P45_ST01097" HPOS="2006" VPOS="1652" WIDTH="167" HEIGHT="43" CONTENT="Shelton" WC="0.93" CC="0002020"/>
						<SP ID="P45_SP00936" HPOS="2173" VPOS="1695" WIDTH="23"/>
						<String ID="P45_ST01098" HPOS="2196" VPOS="1663" WIDTH="223" HEIGHT="38" CONTENT="tomorrow," WC="1.00" CC="000550000"/>
						<SP ID="P45_SP00937" HPOS="2419" VPOS="1701" WIDTH="34"/>
						<String ID="P45_ST01099" HPOS="2453" VPOS="1652" WIDTH="51" HEIGHT="43" CONTENT="he" WC="1.00" CC="00"/>
						<SP ID="P45_SP00938" HPOS="2504" VPOS="1701" WIDTH="31"/>
						<String ID="P45_ST01100" HPOS="2535" VPOS="1654" WIDTH="122" HEIGHT="52" CONTENT="might" WC="0.97" CC="97004"/>
						<SP ID="P45_SP00939" HPOS="2657" VPOS="1706" WIDTH="21"/>
						<String ID="P45_ST01101" HPOS="2678" VPOS="1654" WIDTH="220" HEIGHT="42" CONTENT="remember" WC="0.99" CC="50000705"/>
					</TextLine>
					<TextLine ID="P45_TL00161" HPOS="2007" VPOS="1711" WIDTH="892" HEIGHT="54">
						<String ID="P45_ST01102" HPOS="2007" VPOS="1728" WIDTH="67" HEIGHT="37" CONTENT="my" WC="1.00" CC="00"/>
						<SP ID="P45_SP00940" HPOS="2074" VPOS="1765" WIDTH="29"/>
						<String ID="P45_ST01103" HPOS="2103" VPOS="1711" WIDTH="86" HEIGHT="43" CONTENT="face" WC="0.99" CC="6000"/>
						<SP ID="P45_SP00941" HPOS="2189" VPOS="1765" WIDTH="33"/>
						<String ID="P45_ST01104" HPOS="2222" VPOS="1712" WIDTH="71" HEIGHT="43" CONTENT="but" WC="1.00" CC="000"/>
						<SP ID="P45_SP00942" HPOS="2293" VPOS="1765" WIDTH="28"/>
						<String ID="P45_ST01105" HPOS="2321" VPOS="1712" WIDTH="136" HEIGHT="43" CONTENT="would" WC="1.00" CC="00030"/>
						<SP ID="P45_SP00943" HPOS="2457" VPOS="1765" WIDTH="38"/>
						<String ID="P45_ST01106" HPOS="2495" VPOS="1722" WIDTH="68" HEIGHT="33" CONTENT="not" WC="0.95" CC="263"/>
						<SP ID="P45_SP00944" HPOS="2563" VPOS="1765" WIDTH="21"/>
						<String ID="P45_ST01107" HPOS="2584" VPOS="1713" WIDTH="219" HEIGHT="42" CONTENT="remember" WC="1.00" CC="00000007"/>
						<SP ID="P45_SP00945" HPOS="2803" VPOS="1765" WIDTH="31"/>
						<String ID="P45_ST01108" HPOS="2834" VPOS="1729" WIDTH="65" HEIGHT="36" CONTENT="my" WC="0.97" CC="00"/>
					</TextLine>
					<TextLine ID="P45_TL00162" HPOS="2007" VPOS="1771" WIDTH="893" HEIGHT="55">
						<String ID="P45_ST01109" HPOS="2007" VPOS="1788" WIDTH="114" HEIGHT="26" CONTENT="name" WC="0.98" CC="3600"/>
						<SP ID="P45_SP00946" HPOS="2121" VPOS="1814" WIDTH="18"/>
						<String ID="P45_ST01110" HPOS="2139" VPOS="1789" WIDTH="10" HEIGHT="30" CONTENT=";" WC="0.58" CC="4"/>
						<SP ID="P45_SP00947" HPOS="2149" VPOS="1819" WIDTH="35"/>
						<String ID="P45_ST01111" HPOS="2184" VPOS="1771" WIDTH="78" HEIGHT="43" CONTENT="and" WC="0.98" CC="500"/>
						<SP ID="P45_SP00948" HPOS="2262" VPOS="1819" WIDTH="29"/>
						<String ID="P45_ST01112" HPOS="2291" VPOS="1783" WIDTH="80" HEIGHT="41" CONTENT="yet," WC="1.00" CC="0001"/>
						<SP ID="P45_SP00949" HPOS="2371" VPOS="1824" WIDTH="35"/>
						<String ID="P45_ST01113" HPOS="2406" VPOS="1790" WIDTH="40" HEIGHT="24" CONTENT="as" WC="0.90" CC="10"/>
						<SP ID="P45_SP00950" HPOS="2446" VPOS="1824" WIDTH="21"/>
						<String ID="P45_ST01114" HPOS="2467" VPOS="1771" WIDTH="169" HEIGHT="54" CONTENT="perhaps" WC="0.99" CC="0046000"/>
						<SP ID="P45_SP00951" HPOS="2636" VPOS="1825" WIDTH="21"/>
						<String ID="P45_ST01115" HPOS="2657" VPOS="1788" WIDTH="66" HEIGHT="38" CONTENT="my" WC="1.00" CC="00"/>
						<SP ID="P45_SP00952" HPOS="2723" VPOS="1826" WIDTH="21"/>
						<String ID="P45_ST01116" HPOS="2744" VPOS="1771" WIDTH="156" HEIGHT="44" CONTENT="readers" WC="0.98" CC="7600646"/>
					</TextLine>
					<TextLine ID="P45_TL00163" HPOS="2007" VPOS="1830" WIDTH="892" HEIGHT="54">
						<String ID="P45_ST01117" HPOS="2007" VPOS="1830" WIDTH="162" HEIGHT="54" CONTENT="already" WC="0.98" CC="5020790"/>
						<SP ID="P45_SP00953" HPOS="2169" VPOS="1884" WIDTH="31"/>
						<String ID="P45_ST01118" HPOS="2200" VPOS="1831" WIDTH="130" HEIGHT="48" CONTENT="know," WC="0.99" CC="06004"/>
						<SP ID="P45_SP00954" HPOS="2330" VPOS="1884" WIDTH="43"/>
						<String ID="P45_ST01119" HPOS="2373" VPOS="1833" WIDTH="104" HEIGHT="40" CONTENT="mine" WC="0.99" CC="0600"/>
						<SP ID="P45_SP00955" HPOS="2477" VPOS="1884" WIDTH="46"/>
						<String ID="P45_ST01120" HPOS="2523" VPOS="1833" WIDTH="30" HEIGHT="40" CONTENT="is" WC="0.55" CC="62"/>
						<SP ID="P45_SP00956" HPOS="2553" VPOS="1884" WIDTH="48"/>
						<String ID="P45_ST01121" HPOS="2601" VPOS="1849" WIDTH="49" HEIGHT="24" CONTENT="an" WC="0.64" CC="07"/>
						<SP ID="P45_SP00957" HPOS="2650" VPOS="1884" WIDTH="41"/>
						<String ID="P45_ST01122" HPOS="2691" VPOS="1830" WIDTH="208" HEIGHT="43" CONTENT="honoured" WC="1.00" CC="00035100"/>
					</TextLine>
					<TextLine ID="P45_TL00164" HPOS="2008" VPOS="1889" WIDTH="891" HEIGHT="55">
						<String ID="P45_ST01123" HPOS="2008" VPOS="1907" WIDTH="113" HEIGHT="25" CONTENT="name" WC="0.99" CC="2001"/>
						<SP ID="P45_SP00958" HPOS="2121" VPOS="1932" WIDTH="30"/>
						<String ID="P45_ST01124" HPOS="2151" VPOS="1891" WIDTH="41" HEIGHT="43" CONTENT="in" WC="0.28" CC="67"/>
						<SP ID="P45_SP00959" HPOS="2192" VPOS="1934" WIDTH="21"/>
						<String ID="P45_ST01125" HPOS="2213" VPOS="1889" WIDTH="66" HEIGHT="46" CONTENT="the" WC="0.96" CC="370"/>
						<SP ID="P45_SP00960" HPOS="2279" VPOS="1935" WIDTH="21"/>
						<String ID="P45_ST01126" HPOS="2300" VPOS="1889" WIDTH="223" HEIGHT="44" CONTENT="Profession" WC="0.99" CC="5423030500"/>
						<SP ID="P45_SP00961" HPOS="2523" VPOS="1935" WIDTH="18"/>
						<String ID="P45_ST01127" HPOS="2541" VPOS="1918" WIDTH="54" HEIGHT="6" CONTENT="" WC="0.20" CC="8"/>
						<SP ID="P45_SP00962" HPOS="2595" VPOS="1935" WIDTH="21"/>
						<String ID="P45_ST01128" HPOS="2616" VPOS="1891" WIDTH="186" HEIGHT="53" CONTENT="although" WC="0.99" CC="90000600"/>
						<SP ID="P45_SP00963" HPOS="2802" VPOS="1944" WIDTH="22"/>
						<String ID="P45_ST01129" HPOS="2824" VPOS="1908" WIDTH="75" HEIGHT="25" CONTENT="one" WC="0.98" CC="040"/>
					</TextLine>
					<TextLine ID="P45_TL00165" HPOS="2007" VPOS="1949" WIDTH="893" HEIGHT="55">
						<String ID="P45_ST01130" HPOS="2007" VPOS="1950" WIDTH="42" HEIGHT="41" CONTENT="of" WC="0.66" CC="06"/>
						<SP ID="P45_SP00964" HPOS="2049" VPOS="1991" WIDTH="35"/>
						<String ID="P45_ST01131" HPOS="2084" VPOS="1965" WIDTH="67" HEIGHT="37" CONTENT="my" WC="0.96" CC="00"/>
						<SP ID="P45_SP00965" HPOS="2151" VPOS="2002" WIDTH="47"/>
						<String ID="P45_ST01132" HPOS="2198" VPOS="1960" WIDTH="192" HEIGHT="34" CONTENT="ancestors" WC="0.98" CC="076079635"/>
						<SP ID="P45_SP00966" HPOS="2390" VPOS="2002" WIDTH="40"/>
						<String ID="P45_ST01133" HPOS="2430" VPOS="1949" WIDTH="97" HEIGHT="44" CONTENT="who" WC="1.00" CC="000"/>
						<SP ID="P45_SP00967" HPOS="2527" VPOS="2002" WIDTH="47"/>
						<String ID="P45_ST01134" HPOS="2574" VPOS="1950" WIDTH="96" HEIGHT="43" CONTENT="bore" WC="0.96" CC="7560"/>
						<SP ID="P45_SP00968" HPOS="2670" VPOS="2002" WIDTH="41"/>
						<String ID="P45_ST01135" HPOS="2711" VPOS="1950" WIDTH="189" HEIGHT="54" CONTENT="precisely" WC="1.00" CC="000282000"/>
					</TextLine>
					<TextLine ID="P45_TL00166" HPOS="2008" VPOS="2008" WIDTH="892" HEIGHT="55">
						<String ID="P45_ST01136" HPOS="2008" VPOS="2008" WIDTH="64" HEIGHT="43" CONTENT="the" WC="0.97" CC="070"/>
						<SP ID="P45_SP00969" HPOS="2072" VPOS="2051" WIDTH="59"/>
						<String ID="P45_ST01137" HPOS="2131" VPOS="2026" WIDTH="106" HEIGHT="28" CONTENT="same" WC="0.95" CC="2955"/>
						<SP ID="P45_SP00970" HPOS="2237" VPOS="2054" WIDTH="51"/>
						<String ID="P45_ST01138" HPOS="2288" VPOS="2026" WIDTH="114" HEIGHT="28" CONTENT="name" WC="0.99" CC="0600"/>
						<SP ID="P45_SP00971" HPOS="2402" VPOS="2054" WIDTH="60"/>
						<String ID="P45_ST01139" HPOS="2462" VPOS="2027" WIDTH="82" HEIGHT="25" CONTENT="was" WC="0.98" CC="004"/>
						<SP ID="P45_SP00972" HPOS="2544" VPOS="2054" WIDTH="61"/>
						<String ID="P45_ST01140" HPOS="2605" VPOS="2010" WIDTH="120" HEIGHT="53" CONTENT="Stage" WC="1.00" CC="00000"/>
						<SP ID="P45_SP00973" HPOS="2725" VPOS="2063" WIDTH="62"/>
						<String ID="P45_ST01141" HPOS="2787" VPOS="2010" WIDTH="113" HEIGHT="43" CONTENT="Door" WC="0.95" CC="1876"/>
					</TextLine>
					<TextLine ID="P45_TL00167" HPOS="2008" VPOS="2068" WIDTH="892" HEIGHT="55">
						<String ID="P45_ST01142" HPOS="2008" VPOS="2068" WIDTH="162" HEIGHT="54" CONTENT="Keeper" WC="0.99" CC="500003"/>
						<SP ID="P45_SP00974" HPOS="2170" VPOS="2122" WIDTH="31"/>
						<String ID="P45_ST01143" HPOS="2201" VPOS="2079" WIDTH="40" HEIGHT="33" CONTENT="at" WC="1.00" CC="00"/>
						<SP ID="P45_SP00975" HPOS="2241" VPOS="2122" WIDTH="29"/>
						<String ID="P45_ST01144" HPOS="2270" VPOS="2068" WIDTH="136" HEIGHT="55" CONTENT="Drury" WC="0.78" CC="40410"/>
						<SP ID="P45_SP00976" HPOS="2406" VPOS="2123" WIDTH="31"/>
						<String ID="P45_ST01145" HPOS="2437" VPOS="2069" WIDTH="110" HEIGHT="44" CONTENT="Lane" WC="0.97" CC="5800"/>
						<SP ID="P45_SP00977" HPOS="2547" VPOS="2123" WIDTH="33"/>
						<String ID="P45_ST01146" HPOS="2580" VPOS="2087" WIDTH="40" HEIGHT="25" CONTENT="as" WC="0.73" CC="05"/>
						<SP ID="P45_SP00978" HPOS="2620" VPOS="2123" WIDTH="37"/>
						<String ID="P45_ST01147" HPOS="2657" VPOS="2069" WIDTH="110" HEIGHT="43" CONTENT="those" WC="1.00" CC="00030"/>
						<SP ID="P45_SP00979" HPOS="2767" VPOS="2123" WIDTH="39"/>
						<String ID="P45_ST01148" HPOS="2806" VPOS="2068" WIDTH="94" HEIGHT="44" CONTENT="who" WC="0.97" CC="006"/>
					</TextLine>
					<TextLine ID="P45_TL00168" HPOS="2007" VPOS="2127" WIDTH="895" HEIGHT="61">
						<String ID="P45_ST01149" HPOS="2007" VPOS="2138" WIDTH="87" HEIGHT="32" CONTENT="turn" WC="0.97" CC="4160"/>
						<SP ID="P45_SP00980" HPOS="2094" VPOS="2170" WIDTH="31"/>
						<String ID="P45_ST01150" HPOS="2125" VPOS="2139" WIDTH="40" HEIGHT="31" CONTENT="to" WC="0.81" CC="03"/>
						<SP ID="P45_SP00981" HPOS="2165" VPOS="2170" WIDTH="32"/>
						<String ID="P45_ST01151" HPOS="2197" VPOS="2128" WIDTH="65" HEIGHT="42" CONTENT="the" WC="1.00" CC="000"/>
						<SP ID="P45_SP00982" HPOS="2262" VPOS="2170" WIDTH="36"/>
						<String ID="P45_ST01152" HPOS="2298" VPOS="2127" WIDTH="174" HEIGHT="45" CONTENT="histories" WC="0.99" CC="060107603"/>
						<SP ID="P45_SP00983" HPOS="2472" VPOS="2172" WIDTH="40"/>
						<String ID="P45_ST01153" HPOS="2512" VPOS="2146" WIDTH="74" HEIGHT="27" CONTENT="can" WC="0.97" CC="007"/>
						<SP ID="P45_SP00984" HPOS="2586" VPOS="2173" WIDTH="38"/>
						<String ID="P45_ST01154" HPOS="2624" VPOS="2130" WIDTH="187" HEIGHT="44" CONTENT="ascertain" WC="0.99" CC="730452070"/>
						<SP ID="P45_SP00985" HPOS="2811" VPOS="2174" WIDTH="30"/>
						<String ID="P45_ST01155" HPOS="2841" VPOS="2127" WIDTH="61" HEIGHT="61" CONTENT="fcjr" WC="0.14" CC="8789"/>
					</TextLine>
					<TextLine ID="P45_TL00169" HPOS="2008" VPOS="2187" WIDTH="894" HEIGHT="54">
						<String ID="P45_ST01156" HPOS="2008" VPOS="2205" WIDTH="23" HEIGHT="25" CONTENT="a" WC="0.18" CC="8"/>
						<SP ID="P45_SP00986" HPOS="2031" VPOS="2230" WIDTH="41"/>
						<String ID="P45_ST01157" HPOS="2072" VPOS="2188" WIDTH="216" HEIGHT="53" CONTENT="certainty;" WC="0.99" CC="0075080905"/>
						<SP ID="P45_SP00987" HPOS="2288" VPOS="2241" WIDTH="35"/>
						<String ID="P45_ST01158" HPOS="2323" VPOS="2187" WIDTH="91" HEIGHT="49" CONTENT="and," WC="0.98" CC="0304"/>
						<SP ID="P45_SP00988" HPOS="2414" VPOS="2241" WIDTH="55"/>
						<String ID="P45_ST01159" HPOS="2469" VPOS="2188" WIDTH="147" HEIGHT="53" CONTENT="though" WC="0.99" CC="000600"/>
						<SP ID="P45_SP00989" HPOS="2616" VPOS="2241" WIDTH="52"/>
						<String ID="P45_ST01160" HPOS="2668" VPOS="2187" WIDTH="65" HEIGHT="44" CONTENT="the" WC="0.98" CC="500"/>
						<SP ID="P45_SP00990" HPOS="2733" VPOS="2241" WIDTH="57"/>
						<String ID="P45_ST01161" HPOS="2790" VPOS="2187" WIDTH="112" HEIGHT="43" CONTENT="other" WC="0.97" CC="66029"/>
					</TextLine>
					<TextLine ID="P45_TL00170" HPOS="2009" VPOS="2246" WIDTH="891" HEIGHT="54">
						<String ID="P45_ST01162" HPOS="2009" VPOS="2258" WIDTH="192" HEIGHT="31" CONTENT="ancestors" WC="0.99" CC="062001570"/>
						<SP ID="P45_SP00991" HPOS="2201" VPOS="2289" WIDTH="16"/>
						<String ID="P45_ST01163" HPOS="2217" VPOS="2264" WIDTH="120" HEIGHT="26" CONTENT="never" WC="0.98" CC="07008"/>
						<SP ID="P45_SP00992" HPOS="2337" VPOS="2290" WIDTH="20"/>
						<String ID="P45_ST01164" HPOS="2357" VPOS="2265" WIDTH="84" HEIGHT="24" CONTENT="rose" WC="0.98" CC="3600"/>
						<SP ID="P45_SP00993" HPOS="2441" VPOS="2290" WIDTH="22"/>
						<String ID="P45_ST01165" HPOS="2463" VPOS="2246" WIDTH="137" HEIGHT="54" CONTENT="higher" WC="0.99" CC="050006"/>
						<SP ID="P45_SP00994" HPOS="2600" VPOS="2300" WIDTH="19"/>
						<String ID="P45_ST01166" HPOS="2619" VPOS="2249" WIDTH="39" HEIGHT="41" CONTENT="in" WC="0.59" CC="80"/>
						<SP ID="P45_SP00995" HPOS="2658" VPOS="2300" WIDTH="22"/>
						<String ID="P45_ST01167" HPOS="2680" VPOS="2247" WIDTH="65" HEIGHT="42" CONTENT="the" WC="1.00" CC="000"/>
						<SP ID="P45_SP00996" HPOS="2745" VPOS="2300" WIDTH="28"/>
						<String ID="P45_ST01168" HPOS="2773" VPOS="2247" WIDTH="127" HEIGHT="43" CONTENT="world" WC="0.98" CC="06050"/>
					</TextLine>
					<TextLine ID="P45_TL00171" HPOS="2006" VPOS="2305" WIDTH="896" HEIGHT="56">
						<String ID="P45_ST01169" HPOS="2006" VPOS="2306" WIDTH="42" HEIGHT="42" CONTENT="of" WC="0.98" CC="00"/>
						<SP ID="P45_SP00997" HPOS="2048" VPOS="2348" WIDTH="31"/>
						<String ID="P45_ST01170" HPOS="2079" VPOS="2305" WIDTH="65" HEIGHT="43" CONTENT="the" WC="0.97" CC="702"/>
						<SP ID="P45_SP00998" HPOS="2144" VPOS="2348" WIDTH="44"/>
						<String ID="P45_ST01171" HPOS="2188" VPOS="2317" WIDTH="108" HEIGHT="43" CONTENT="stage" WC="0.97" CC="68500"/>
						<SP ID="P45_SP00999" HPOS="2296" VPOS="2360" WIDTH="46"/>
						<String ID="P45_ST01172" HPOS="2342" VPOS="2306" WIDTH="94" HEIGHT="43" CONTENT="than" WC="0.98" CC="2006"/>
						<SP ID="P45_SP01000" HPOS="2436" VPOS="2360" WIDTH="46"/>
						<String ID="P45_ST01173" HPOS="2482" VPOS="2318" WIDTH="40" HEIGHT="31" CONTENT="to" WC="0.73" CC="04"/>
						<SP ID="P45_SP01001" HPOS="2522" VPOS="2360" WIDTH="45"/>
						<String ID="P45_ST01174" HPOS="2567" VPOS="2324" WIDTH="112" HEIGHT="37" CONTENT="carry" WC="0.98" CC="03620"/>
						<SP ID="P45_SP01002" HPOS="2679" VPOS="2361" WIDTH="35"/>
						<String ID="P45_ST01175" HPOS="2714" VPOS="2308" WIDTH="188" HEIGHT="47" CONTENT="banners," WC="0.99" CC="70050604"/>
					</TextLine>
					<TextLine ID="P45_TL00172" HPOS="2005" VPOS="2365" WIDTH="895" HEIGHT="55">
						<String ID="P45_ST01176" HPOS="2005" VPOS="2366" WIDTH="119" HEIGHT="42" CONTENT="when" WC="0.98" CC="0700"/>
						<SP ID="P45_SP01003" HPOS="2124" VPOS="2408" WIDTH="32"/>
						<String ID="P45_ST01177" HPOS="2156" VPOS="2365" WIDTH="94" HEIGHT="55" CONTENT="they" WC="0.99" CC="3000"/>
						<SP ID="P45_SP01004" HPOS="2250" VPOS="2420" WIDTH="43"/>
						<String ID="P45_ST01178" HPOS="2293" VPOS="2366" WIDTH="167" HEIGHT="43" CONTENT="weren't" WC="0.99" CC="0050040"/>
						<SP ID="P45_SP01005" HPOS="2460" VPOS="2420" WIDTH="39"/>
						<String ID="P45_ST01179" HPOS="2499" VPOS="2368" WIDTH="177" HEIGHT="52" CONTENT="carrying" WC="0.99" CC="00020609"/>
						<SP ID="P45_SP01006" HPOS="2676" VPOS="2420" WIDTH="31"/>
						<String ID="P45_ST01180" HPOS="2707" VPOS="2366" WIDTH="193" HEIGHT="49" CONTENT="bucklers," WC="0.99" CC="751040244"/>
					</TextLine>
					<TextLine ID="P45_TL00173" HPOS="2006" VPOS="2425" WIDTH="898" HEIGHT="44">
						<String ID="P45_ST01181" HPOS="2006" VPOS="2425" WIDTH="73" HEIGHT="42" CONTENT="still" WC="0.96" CC="92745"/>
						<SP ID="P45_SP01007" HPOS="2079" VPOS="2467" WIDTH="47"/>
						<String ID="P45_ST01182" HPOS="2126" VPOS="2442" WIDTH="63" HEIGHT="26" CONTENT="we" WC="1.00" CC="00"/>
						<SP ID="P45_SP01008" HPOS="2189" VPOS="2468" WIDTH="45"/>
						<String ID="P45_ST01183" HPOS="2234" VPOS="2443" WIDTH="106" HEIGHT="25" CONTENT="were" WC="0.99" CC="0033"/>
						<SP ID="P45_SP01009" HPOS="2340" VPOS="2468" WIDTH="52"/>
						<String ID="P45_ST01184" HPOS="2392" VPOS="2426" WIDTH="129" HEIGHT="43" CONTENT="rather" WC="0.98" CC="802600"/>
						<SP ID="P45_SP01010" HPOS="2521" VPOS="2469" WIDTH="50"/>
						<String ID="P45_ST01185" HPOS="2571" VPOS="2425" WIDTH="225" HEIGHT="43" CONTENT="celebrated" WC="1.00" CC="0040600200"/>
						<SP ID="P45_SP01011" HPOS="2796" VPOS="2469" WIDTH="47"/>
						<String ID="P45_ST01186" HPOS="2843" VPOS="2426" WIDTH="61" HEIGHT="42" CONTENT="for" WC="0.96" CC="605"/>
					</TextLine>
					<TextLine ID="P45_TL00174" HPOS="2008" VPOS="2485" WIDTH="895" HEIGHT="55">
						<String ID="P45_ST01187" HPOS="2008" VPOS="2485" WIDTH="146" HEIGHT="53" CONTENT="always" WC="0.98" CC="760600"/>
						<SP ID="P45_SP01012" HPOS="2154" VPOS="2538" WIDTH="46"/>
						<String ID="P45_ST01188" HPOS="2200" VPOS="2485" WIDTH="145" HEIGHT="53" CONTENT="having" WC="0.98" CC="700870"/>
						<SP ID="P45_SP01013" HPOS="2345" VPOS="2538" WIDTH="44"/>
						<String ID="P45_ST01189" HPOS="2389" VPOS="2503" WIDTH="72" HEIGHT="25" CONTENT="our" WC="0.96" CC="460"/>
						<SP ID="P45_SP01014" HPOS="2461" VPOS="2538" WIDTH="46"/>
						<String ID="P45_ST01190" HPOS="2507" VPOS="2503" WIDTH="91" HEIGHT="26" CONTENT="own" WC="0.98" CC="006"/>
						<SP ID="P45_SP01015" HPOS="2598" VPOS="2538" WIDTH="47"/>
						<String ID="P45_ST01191" HPOS="2645" VPOS="2487" WIDTH="160" HEIGHT="53" CONTENT="opinion" WC="0.99" CC="0070600"/>
						<SP ID="P45_SP01016" HPOS="2805" VPOS="2540" WIDTH="47"/>
						<String ID="P45_ST01192" HPOS="2852" VPOS="2503" WIDTH="51" HEIGHT="25" CONTENT="on" WC="1.00" CC="00"/>
					</TextLine>
					<TextLine ID="P45_TL00175" HPOS="2006" VPOS="2544" WIDTH="897" HEIGHT="55">
						<String ID="P45_ST01193" HPOS="2006" VPOS="2544" WIDTH="108" HEIGHT="42" CONTENT="what" WC="1.00" CC="0000"/>
						<SP ID="P45_SP01017" HPOS="2114" VPOS="2586" WIDTH="47"/>
						<String ID="P45_ST01194" HPOS="2161" VPOS="2545" WIDTH="80" HEIGHT="43" CONTENT="Mr." WC="0.97" CC="034"/>
						<SP ID="P45_SP01018" HPOS="2241" VPOS="2588" WIDTH="40"/>
						<String ID="P45_ST01195" HPOS="2281" VPOS="2545" WIDTH="224" HEIGHT="54" CONTENT="Macready" WC="0.54" CC="09690900"/>
						<SP ID="P45_SP01019" HPOS="2505" VPOS="2599" WIDTH="47"/>
						<String ID="P45_ST01196" HPOS="2552" VPOS="2545" WIDTH="70" HEIGHT="43" CONTENT="did" WC="0.98" CC="040"/>
						<SP ID="P45_SP01020" HPOS="2622" VPOS="2599" WIDTH="49"/>
						<String ID="P45_ST01197" HPOS="2671" VPOS="2545" WIDTH="77" HEIGHT="43" CONTENT="and" WC="1.00" CC="000"/>
						<SP ID="P45_SP01021" HPOS="2748" VPOS="2599" WIDTH="46"/>
						<String ID="P45_ST01198" HPOS="2794" VPOS="2545" WIDTH="109" HEIGHT="43" CONTENT="what" WC="0.98" CC="0062"/>
					</TextLine>
					<TextLine ID="P45_TL00176" HPOS="2007" VPOS="2604" WIDTH="895" HEIGHT="50">
						<String ID="P45_ST01199" HPOS="2007" VPOS="2604" WIDTH="83" HEIGHT="43" CONTENT="Mr." WC="0.95" CC="614"/>
						<SP ID="P45_SP01022" HPOS="2090" VPOS="2647" WIDTH="30"/>
						<String ID="P45_ST01200" HPOS="2120" VPOS="2604" WIDTH="169" HEIGHT="43" CONTENT="Charles" WC="0.98" CC="6077005"/>
						<SP ID="P45_SP01023" HPOS="2289" VPOS="2647" WIDTH="40"/>
						<String ID="P45_ST01201" HPOS="2329" VPOS="2605" WIDTH="120" HEIGHT="46" CONTENT="Kean" WC="0.46" CC="9406"/>
						<SP ID="P45_SP01024" HPOS="2449" VPOS="2651" WIDTH="44"/>
						<String ID="P45_ST01202" HPOS="2493" VPOS="2604" WIDTH="144" HEIGHT="44" CONTENT="should" WC="0.98" CC="404620"/>
						<SP ID="P45_SP01025" HPOS="2637" VPOS="2651" WIDTH="38"/>
						<String ID="P45_ST01203" HPOS="2675" VPOS="2605" WIDTH="66" HEIGHT="49" CONTENT="do," WC="0.99" CC="002"/>
						<SP ID="P45_SP01026" HPOS="2741" VPOS="2654" WIDTH="35"/>
						<String ID="P45_ST01204" HPOS="2776" VPOS="2604" WIDTH="78" HEIGHT="43" CONTENT="and" WC="1.00" CC="000"/>
						<SP ID="P45_SP01027" HPOS="2854" VPOS="2654" WIDTH="34"/>
						<String ID="P45_ST01205" HPOS="2888" VPOS="2604" WIDTH="14" HEIGHT="43" CONTENT="I" WC="0.32" CC="6"/>
					</TextLine>
					<TextLine ID="P45_TL00177" HPOS="2007" VPOS="2663" WIDTH="896" HEIGHT="55">
						<String ID="P45_ST01206" HPOS="2007" VPOS="2663" WIDTH="110" HEIGHT="42" CONTENT="think" WC="0.98" CC="30550"/>
						<SP ID="P45_SP01028" HPOS="2117" VPOS="2705" WIDTH="31"/>
						<String ID="P45_ST01207" HPOS="2148" VPOS="2665" WIDTH="29" HEIGHT="40" CONTENT="it" WC="0.40" CC="56"/>
						<SP ID="P45_SP01029" HPOS="2177" VPOS="2705" WIDTH="30"/>
						<String ID="P45_ST01208" HPOS="2207" VPOS="2665" WIDTH="30" HEIGHT="41" CONTENT="is" WC="0.60" CC="70"/>
						<SP ID="P45_SP01030" HPOS="2237" VPOS="2706" WIDTH="30"/>
						<String ID="P45_ST01209" HPOS="2267" VPOS="2664" WIDTH="101" HEIGHT="43" CONTENT="from" WC="0.97" CC="4740"/>
						<SP ID="P45_SP01031" HPOS="2368" VPOS="2707" WIDTH="33"/>
						<String ID="P45_ST01210" HPOS="2401" VPOS="2664" WIDTH="108" HEIGHT="43" CONTENT="these" WC="1.00" CC="00100"/>
						<SP ID="P45_SP01032" HPOS="2509" VPOS="2707" WIDTH="46"/>
						<String ID="P45_ST01211" HPOS="2555" VPOS="2663" WIDTH="348" HEIGHT="55" CONTENT="self-opinionated" WC="1.00" CC="0063340607300000"/>
					</TextLine>
					<TextLine ID="P45_TL00178" HPOS="2007" VPOS="2723" WIDTH="895" HEIGHT="54">
						<String ID="P45_ST01212" HPOS="2007" VPOS="2740" WIDTH="94" HEIGHT="25" CONTENT="ones" WC="0.97" CC="0642"/>
						<SP ID="P45_SP01033" HPOS="2101" VPOS="2765" WIDTH="28"/>
						<String ID="P45_ST01213" HPOS="2129" VPOS="2723" WIDTH="45" HEIGHT="43" CONTENT="of" WC="0.18" CC="96"/>
						<SP ID="P45_SP01034" HPOS="2174" VPOS="2766" WIDTH="30"/>
						<String ID="P45_ST01214" HPOS="2204" VPOS="2723" WIDTH="66" HEIGHT="43" CONTENT="the" WC="0.94" CC="509"/>
						<SP ID="P45_SP01035" HPOS="2270" VPOS="2766" WIDTH="30"/>
						<String ID="P45_ST01215" HPOS="2300" VPOS="2734" WIDTH="107" HEIGHT="43" CONTENT="stage" WC="0.96" CC="69670"/>
						<SP ID="P45_SP01036" HPOS="2407" VPOS="2777" WIDTH="37"/>
						<String ID="P45_ST01216" HPOS="2444" VPOS="2724" WIDTH="42" HEIGHT="42" CONTENT="of" WC="0.63" CC="61"/>
						<SP ID="P45_SP01037" HPOS="2486" VPOS="2777" WIDTH="45"/>
						<String ID="P45_ST01217" HPOS="2531" VPOS="2724" WIDTH="210" HEIGHT="53" CONTENT="yesterday" WC="1.00" CC="006003000"/>
						<SP ID="P45_SP01038" HPOS="2741" VPOS="2777" WIDTH="32"/>
						<String ID="P45_ST01218" HPOS="2773" VPOS="2724" WIDTH="83" HEIGHT="42" CONTENT="that" WC="1.00" CC="0010"/>
						<SP ID="P45_SP01039" HPOS="2856" VPOS="2777" WIDTH="32"/>
						<String ID="P45_ST01219" HPOS="2888" VPOS="2724" WIDTH="14" HEIGHT="42" CONTENT="I" WC="0.67" CC="3"/>
					</TextLine>
					<TextLine ID="P45_TL00179" HPOS="2006" VPOS="2782" WIDTH="899" HEIGHT="55">
						<String ID="P45_ST01220" HPOS="2006" VPOS="2782" WIDTH="102" HEIGHT="43" CONTENT="have" WC="0.98" CC="0640"/>
						<SP ID="P45_SP01040" HPOS="2108" VPOS="2825" WIDTH="21"/>
						<String ID="P45_ST01221" HPOS="2129" VPOS="2782" WIDTH="193" HEIGHT="43" CONTENT="inherited" WC="0.98" CC="860008679"/>
						<SP ID="P45_SP01041" HPOS="2322" VPOS="2825" WIDTH="23"/>
						<String ID="P45_ST01222" HPOS="2345" VPOS="2802" WIDTH="23" HEIGHT="23" CONTENT="a" WC="1.00" CC="0"/>
						<SP ID="P45_SP01042" HPOS="2368" VPOS="2825" WIDTH="15"/>
						<String ID="P45_ST01223" HPOS="2383" VPOS="2784" WIDTH="148" HEIGHT="43" CONTENT="certain" WC="0.99" CC="5042050"/>
						<SP ID="P45_SP01043" HPOS="2531" VPOS="2827" WIDTH="17"/>
						<String ID="P45_ST01224" HPOS="2548" VPOS="2783" WIDTH="82" HEIGHT="42" CONTENT="flair" WC="0.97" CC="00963"/>
						<SP ID="P45_SP01044" HPOS="2630" VPOS="2827" WIDTH="20"/>
						<String ID="P45_ST01225" HPOS="2650" VPOS="2783" WIDTH="61" HEIGHT="42" CONTENT="for" WC="0.96" CC="056"/>
						<SP ID="P45_SP01045" HPOS="2711" VPOS="2827" WIDTH="21"/>
						<String ID="P45_ST01226" HPOS="2732" VPOS="2799" WIDTH="66" HEIGHT="38" CONTENT="my" WC="1.00" CC="00"/>
						<SP ID="P45_SP01046" HPOS="2798" VPOS="2837" WIDTH="15"/>
						<String ID="P45_ST01227" HPOS="2813" VPOS="2800" WIDTH="92" HEIGHT="26" CONTENT="own" WC="1.00" CC="000"/>
					</TextLine>
					<TextLine ID="P45_TL00180" HPOS="2007" VPOS="2841" WIDTH="897" HEIGHT="55">
						<String ID="P45_ST01228" HPOS="2007" VPOS="2843" WIDTH="173" HEIGHT="51" CONTENT="opinion." WC="0.98" CC="60675074"/>
						<SP ID="P45_SP01047" HPOS="2180" VPOS="2894" WIDTH="35"/>
						<String ID="P45_ST01229" HPOS="2215" VPOS="2842" WIDTH="33" HEIGHT="42" CONTENT="It" WC="0.70" CC="50"/>
						<SP ID="P45_SP01048" HPOS="2248" VPOS="2894" WIDTH="14"/>
						<String ID="P45_ST01230" HPOS="2262" VPOS="2844" WIDTH="30" HEIGHT="40" CONTENT="is" WC="0.64" CC="70"/>
						<SP ID="P45_SP01049" HPOS="2292" VPOS="2894" WIDTH="17"/>
						<String ID="P45_ST01231" HPOS="2309" VPOS="2842" WIDTH="195" HEIGHT="54" CONTENT="probably" WC="0.99" CC="00070600"/>
						<SP ID="P45_SP01050" HPOS="2504" VPOS="2896" WIDTH="16"/>
						<String ID="P45_ST01232" HPOS="2520" VPOS="2843" WIDTH="83" HEIGHT="42" CONTENT="that" WC="0.97" CC="4720"/>
						<SP ID="P45_SP01051" HPOS="2603" VPOS="2896" WIDTH="15"/>
						<String ID="P45_ST01233" HPOS="2618" VPOS="2844" WIDTH="39" HEIGHT="41" CONTENT="in" WC="0.29" CC="67"/>
						<SP ID="P45_SP01052" HPOS="2657" VPOS="2896" WIDTH="18"/>
						<String ID="P45_ST01234" HPOS="2675" VPOS="2841" WIDTH="229" HEIGHT="44" CONTENT="Barnstable" WC="0.99" CC="0030000732"/>
					</TextLine>
					<TextLine ID="P45_TL00181" HPOS="2008" VPOS="2900" WIDTH="895" HEIGHT="55">
						<String ID="P45_ST01235" HPOS="2008" VPOS="2901" WIDTH="161" HEIGHT="53" CONTENT="George" WC="0.98" CC="004670"/>
						<SP ID="P45_SP01053" HPOS="2169" VPOS="2954" WIDTH="35"/>
						<String ID="P45_ST01236" HPOS="2204" VPOS="2901" WIDTH="168" HEIGHT="44" CONTENT="Shelton" WC="0.81" CC="0701400"/>
						<SP ID="P45_SP01054" HPOS="2372" VPOS="2954" WIDTH="38"/>
						<String ID="P45_ST01237" HPOS="2410" VPOS="2902" WIDTH="158" HEIGHT="43" CONTENT="noticed" WC="0.99" CC="0025009"/>
						<SP ID="P45_SP01055" HPOS="2568" VPOS="2954" WIDTH="32"/>
						<String ID="P45_ST01238" HPOS="2600" VPOS="2900" WIDTH="73" HEIGHT="45" CONTENT="this" WC="0.99" CC="0040"/>
						<SP ID="P45_SP01056" HPOS="2673" VPOS="2954" WIDTH="32"/>
						<String ID="P45_ST01239" HPOS="2705" VPOS="2902" WIDTH="78" HEIGHT="43" CONTENT="and" WC="1.00" CC="000"/>
						<SP ID="P45_SP01057" HPOS="2783" VPOS="2954" WIDTH="32"/>
						<String ID="P45_ST01240" HPOS="2815" VPOS="2920" WIDTH="66" HEIGHT="35" CONTENT="pre" SUBS_TYPE="HypPart1" SUBS_CONTENT="prevented" WC="0.98" CC="011"/>
						<HYP HPOS="2881" VPOS="2920" WIDTH="22" CONTENT="-"/>
					</TextLine>
					<TextLine ID="P45_TL00182" HPOS="2006" VPOS="2960" WIDTH="898" HEIGHT="55">
						<String ID="P45_ST01241" HPOS="2006" VPOS="2960" WIDTH="146" HEIGHT="43" CONTENT="vented" SUBS_TYPE="HypPart2" SUBS_CONTENT="prevented" WC="1.00" CC="010400"/>
						<SP ID="P45_SP01058" HPOS="2152" VPOS="3003" WIDTH="40"/>
						<String ID="P45_ST01242" HPOS="2192" VPOS="2979" WIDTH="62" HEIGHT="24" CONTENT="me" WC="1.00" CC="00"/>
						<SP ID="P45_SP01059" HPOS="2254" VPOS="3003" WIDTH="35"/>
						<String ID="P45_ST01243" HPOS="2289" VPOS="2962" WIDTH="100" HEIGHT="42" CONTENT="from" WC="0.95" CC="3944"/>
						<SP ID="P45_SP01060" HPOS="2389" VPOS="3004" WIDTH="37"/>
						<String ID="P45_ST01244" HPOS="2426" VPOS="2962" WIDTH="152" HEIGHT="52" CONTENT="butting" WC="0.98" CC="6731660"/>
						<SP ID="P45_SP01061" HPOS="2578" VPOS="3014" WIDTH="35"/>
						<String ID="P45_ST01245" HPOS="2613" VPOS="2963" WIDTH="40" HEIGHT="41" CONTENT="in" WC="0.25" CC="77"/>
						<SP ID="P45_SP01062" HPOS="2653" VPOS="3014" WIDTH="37"/>
						<String ID="P45_ST01246" HPOS="2690" VPOS="2962" WIDTH="54" HEIGHT="53" CONTENT="by" WC="0.51" CC="09"/>
						<SP ID="P45_SP01063" HPOS="2744" VPOS="3015" WIDTH="38"/>
						<String ID="P45_ST01247" HPOS="2782" VPOS="2961" WIDTH="98" HEIGHT="54" CONTENT="keep" SUBS_TYPE="HypPart1" SUBS_CONTENT="keeping" WC="0.99" CC="0000"/>
						<HYP HPOS="2880" VPOS="2961" WIDTH="24" CONTENT="-"/>
					</TextLine>
					<TextLine ID="P45_TL00183" HPOS="2006" VPOS="3021" WIDTH="898" HEIGHT="53">
						<String ID="P45_ST01248" HPOS="2006" VPOS="3021" WIDTH="65" HEIGHT="52" CONTENT="ing" SUBS_TYPE="HypPart2" SUBS_CONTENT="keeping" WC="0.98" CC="600"/>
						<SP ID="P45_SP01064" HPOS="2071" VPOS="3073" WIDTH="47"/>
						<String ID="P45_ST01249" HPOS="2118" VPOS="3038" WIDTH="53" HEIGHT="36" CONTENT="up" WC="0.81" CC="30"/>
						<SP ID="P45_SP01065" HPOS="2171" VPOS="3074" WIDTH="48"/>
						<String ID="P45_ST01250" HPOS="2219" VPOS="3039" WIDTH="23" HEIGHT="24" CONTENT="a" WC="1.00" CC="0"/>
						<SP ID="P45_SP01066" HPOS="2242" VPOS="3074" WIDTH="47"/>
						<String ID="P45_ST01251" HPOS="2289" VPOS="3021" WIDTH="67" HEIGHT="42" CONTENT="fire" WC="1.00" CC="0000"/>
						<SP ID="P45_SP01067" HPOS="2356" VPOS="3074" WIDTH="47"/>
						<String ID="P45_ST01252" HPOS="2403" VPOS="3021" WIDTH="42" HEIGHT="42" CONTENT="of" WC="0.69" CC="23"/>
						<SP ID="P45_SP01068" HPOS="2445" VPOS="3074" WIDTH="45"/>
						<String ID="P45_ST01253" HPOS="2490" VPOS="3022" WIDTH="282" HEIGHT="48" CONTENT="conversation," WC="0.99" CC="3450043838760"/>
						<SP ID="P45_SP01069" HPOS="2772" VPOS="3074" WIDTH="53"/>
						<String ID="P45_ST01254" HPOS="2825" VPOS="3021" WIDTH="79" HEIGHT="42" CONTENT="and" WC="0.97" CC="060"/>
					</TextLine>
					<TextLine ID="P45_TL00184" HPOS="2006" VPOS="3079" WIDTH="897" HEIGHT="56">
						<String ID="P45_ST01255" HPOS="2006" VPOS="3082" WIDTH="30" HEIGHT="40" CONTENT="it" WC="0.69" CC="60"/>
						<SP ID="P45_SP01070" HPOS="2036" VPOS="3122" WIDTH="29"/>
						<String ID="P45_ST01256" HPOS="2065" VPOS="3082" WIDTH="32" HEIGHT="39" CONTENT="is" WC="0.59" CC="61"/>
						<SP ID="P45_SP01071" HPOS="2097" VPOS="3122" WIDTH="32"/>
						<String ID="P45_ST01257" HPOS="2129" VPOS="3079" WIDTH="195" HEIGHT="56" CONTENT="probably" WC="1.00" CC="04000020"/>
						<SP ID="P45_SP01072" HPOS="2324" VPOS="3135" WIDTH="32"/>
						<String ID="P45_ST01258" HPOS="2356" VPOS="3081" WIDTH="168" HEIGHT="42" CONTENT="because" WC="0.99" CC="0600330"/>
						<SP ID="P45_SP01073" HPOS="2524" VPOS="3135" WIDTH="47"/>
						<String ID="P45_ST01259" HPOS="2571" VPOS="3081" WIDTH="42" HEIGHT="41" CONTENT="of" WC="0.44" CC="37"/>
						<SP ID="P45_SP01074" HPOS="2613" VPOS="3135" WIDTH="47"/>
						<String ID="P45_ST01260" HPOS="2660" VPOS="3081" WIDTH="83" HEIGHT="41" CONTENT="that" WC="0.97" CC="3601"/>
						<SP ID="P45_SP01075" HPOS="2743" VPOS="3135" WIDTH="28"/>
						<String ID="P45_ST01261" HPOS="2771" VPOS="3081" WIDTH="87" HEIGHT="41" CONTENT="that" WC="0.97" CC="7080"/>
						<SP ID="P45_SP01076" HPOS="2858" VPOS="3135" WIDTH="31"/>
						<String ID="P45_ST01262" HPOS="2889" VPOS="3081" WIDTH="14" HEIGHT="42" CONTENT="I" WC="0.21" CC="7"/>
					</TextLine>
					<TextLine ID="P45_TL00185" HPOS="2008" VPOS="3135" WIDTH="894" HEIGHT="59">
						<String ID="P45_ST01263" HPOS="2008" VPOS="3157" WIDTH="62" HEIGHT="24" CONTENT="am" WC="0.93" CC="01"/>
						<SP ID="P45_SP01077" HPOS="2070" VPOS="3181" WIDTH="33"/>
						<String ID="P45_ST01264" HPOS="2103" VPOS="3142" WIDTH="145" HEIGHT="52" CONTENT="getting" WC="0.99" CC="0004620"/>
						<SP ID="P45_SP01078" HPOS="2248" VPOS="3194" WIDTH="32"/>
						<String ID="P45_ST01265" HPOS="2280" VPOS="3157" WIDTH="67" HEIGHT="37" CONTENT="my" WC="1.00" CC="00"/>
						<SP ID="P45_SP01079" HPOS="2347" VPOS="3194" WIDTH="35"/>
						<String ID="P45_ST01266" HPOS="2382" VPOS="3158" WIDTH="92" HEIGHT="25" CONTENT="own" WC="1.00" CC="000"/>
						<SP ID="P45_SP01080" HPOS="2474" VPOS="3194" WIDTH="38"/>
						<String ID="P45_ST01267" HPOS="2512" VPOS="3140" WIDTH="101" HEIGHT="43" CONTENT="back" WC="0.97" CC="7400"/>
						<SP ID="P45_SP01081" HPOS="2613" VPOS="3194" WIDTH="34"/>
						<String ID="P45_ST01268" HPOS="2647" VPOS="3141" WIDTH="116" HEIGHT="53" CONTENT="again" WC="0.96" CC="78670"/>
						<SP ID="P45_SP01082" HPOS="2763" VPOS="3194" WIDTH="31"/>
						<String ID="P45_ST01269" HPOS="2794" VPOS="3135" WIDTH="108" HEIGHT="48" CONTENT="here." WC="0.97" CC="70904"/>
					</TextLine>
					<TextLine ID="P45_TL00186" HPOS="2008" VPOS="3199" WIDTH="898" HEIGHT="54">
						<String ID="P45_ST01270" HPOS="2008" VPOS="3199" WIDTH="80" HEIGHT="43" CONTENT="But" WC="0.94" CC="564"/>
						<SP ID="P45_SP01083" HPOS="2088" VPOS="3242" WIDTH="20"/>
						<String ID="P45_ST01271" HPOS="2108" VPOS="3217" WIDTH="67" HEIGHT="36" CONTENT="my" WC="1.00" CC="00"/>
						<SP ID="P45_SP01084" HPOS="2175" VPOS="3253" WIDTH="21"/>
						<String ID="P45_ST01272" HPOS="2196" VPOS="3201" WIDTH="160" HEIGHT="52" CONTENT="opinion" WC="0.98" CC="6076440"/>
						<SP ID="P45_SP01085" HPOS="2356" VPOS="3253" WIDTH="21"/>
						<String ID="P45_ST01273" HPOS="2377" VPOS="3201" WIDTH="30" HEIGHT="41" CONTENT="is" WC="0.72" CC="50"/>
						<SP ID="P45_SP01086" HPOS="2407" VPOS="3253" WIDTH="22"/>
						<String ID="P45_ST01274" HPOS="2429" VPOS="3200" WIDTH="83" HEIGHT="42" CONTENT="that" WC="0.98" CC="4700"/>
						<SP ID="P45_SP01087" HPOS="2512" VPOS="3253" WIDTH="20"/>
						<String ID="P45_ST01275" HPOS="2532" VPOS="3201" WIDTH="29" HEIGHT="41" CONTENT="it" WC="0.81" CC="30"/>
						<SP ID="P45_SP01088" HPOS="2561" VPOS="3253" WIDTH="21"/>
						<String ID="P45_ST01276" HPOS="2582" VPOS="3201" WIDTH="29" HEIGHT="41" CONTENT="is" WC="0.76" CC="40"/>
						<SP ID="P45_SP01089" HPOS="2611" VPOS="3253" WIDTH="23"/>
						<String ID="P45_ST01277" HPOS="2634" VPOS="3217" WIDTH="51" HEIGHT="25" CONTENT="an" WC="0.63" CC="07"/>
						<SP ID="P45_SP01090" HPOS="2685" VPOS="3253" WIDTH="28"/>
						<String ID="P45_ST01278" HPOS="2713" VPOS="3199" WIDTH="193" HEIGHT="43" CONTENT="excellent" WC="0.99" CC="106061040"/>
					</TextLine>
					<TextLine ID="P45_TL00187" HPOS="2006" VPOS="3258" WIDTH="899" HEIGHT="50">
						<String ID="P45_ST01279" HPOS="2006" VPOS="3259" WIDTH="97" HEIGHT="43" CONTENT="little" WC="0.97" CC="646370"/>
						<SP ID="P45_SP01091" HPOS="2103" VPOS="3302" WIDTH="32"/>
						<String ID="P45_ST01280" HPOS="2135" VPOS="3260" WIDTH="106" HEIGHT="42" CONTENT="book" WC="0.97" CC="6250"/>
						<SP ID="P45_SP01092" HPOS="2241" VPOS="3302" WIDTH="31"/>
						<String ID="P45_ST01281" HPOS="2272" VPOS="3260" WIDTH="86" HEIGHT="48" CONTENT="this," WC="0.97" CC="07704"/>
						<SP ID="P45_SP01093" HPOS="2358" VPOS="3308" WIDTH="35"/>
						<String ID="P45_ST01282" HPOS="2393" VPOS="3259" WIDTH="78" HEIGHT="43" CONTENT="and" WC="0.95" CC="660"/>
						<SP ID="P45_SP01094" HPOS="2471" VPOS="3308" WIDTH="26"/>
						<String ID="P45_ST01283" HPOS="2497" VPOS="3260" WIDTH="60" HEIGHT="42" CONTENT="far" WC="0.96" CC="405"/>
						<SP ID="P45_SP01095" HPOS="2557" VPOS="3308" WIDTH="21"/>
						<String ID="P45_ST01284" HPOS="2578" VPOS="3277" WIDTH="108" HEIGHT="25" CONTENT="more" WC="0.98" CC="0330"/>
						<SP ID="P45_SP01096" HPOS="2686" VPOS="3308" WIDTH="32"/>
						<String ID="P45_ST01285" HPOS="2718" VPOS="3258" WIDTH="187" HEIGHT="47" CONTENT="readable" WC="0.99" CC="10000779"/>
					</TextLine>
					<TextLine ID="P45_TL00188" HPOS="2007" VPOS="3318" WIDTH="899" HEIGHT="55">
						<String ID="P45_ST01286" HPOS="2007" VPOS="3319" WIDTH="95" HEIGHT="43" CONTENT="than" WC="0.98" CC="0630"/>
						<SP ID="P45_SP01097" HPOS="2102" VPOS="3362" WIDTH="29"/>
						<String ID="P45_ST01287" HPOS="2131" VPOS="3337" WIDTH="109" HEIGHT="25" CONTENT="some" WC="0.98" CC="5300"/>
						<SP ID="P45_SP01098" HPOS="2240" VPOS="3362" WIDTH="36"/>
						<String ID="P45_ST01288" HPOS="2276" VPOS="3319" WIDTH="42" HEIGHT="43" CONTENT="of" WC="0.35" CC="66"/>
						<SP ID="P45_SP01099" HPOS="2318" VPOS="3362" WIDTH="36"/>
						<String ID="P45_ST01289" HPOS="2354" VPOS="3319" WIDTH="65" HEIGHT="43" CONTENT="the" WC="0.97" CC="401"/>
						<SP ID="P45_SP01100" HPOS="2419" VPOS="3362" WIDTH="38"/>
						<String ID="P45_ST01290" HPOS="2457" VPOS="3318" WIDTH="105" HEIGHT="55" CONTENT="large" WC="0.99" CC="50100"/>
						<SP ID="P45_SP01101" HPOS="2562" VPOS="3373" WIDTH="37"/>
						<String ID="P45_ST01291" HPOS="2599" VPOS="3319" WIDTH="123" HEIGHT="42" CONTENT="books" WC="0.99" CC="70000"/>
						<SP ID="P45_SP01102" HPOS="2722" VPOS="3373" WIDTH="28"/>
						<String ID="P45_ST01292" HPOS="2750" VPOS="3337" WIDTH="53" HEIGHT="24" CONTENT="on" WC="0.75" CC="40"/>
						<SP ID="P45_SP01103" HPOS="2803" VPOS="3373" WIDTH="36"/>
						<String ID="P45_ST01293" HPOS="2839" VPOS="3319" WIDTH="67" HEIGHT="42" CONTENT="the" WC="0.97" CC="070"/>
					</TextLine>
					<TextLine ID="P45_TL00189" HPOS="2006" VPOS="3378" WIDTH="900" HEIGHT="44">
						<String ID="P45_ST01294" HPOS="2006" VPOS="3390" WIDTH="62" HEIGHT="32" CONTENT="art" WC="0.94" CC="970"/>
						<SP ID="P45_SP01104" HPOS="2068" VPOS="3422" WIDTH="30"/>
						<String ID="P45_ST01295" HPOS="2098" VPOS="3379" WIDTH="41" HEIGHT="43" CONTENT="of" WC="0.51" CC="36"/>
						<SP ID="P45_SP01105" HPOS="2139" VPOS="3422" WIDTH="22"/>
						<String ID="P45_ST01296" HPOS="2161" VPOS="3379" WIDTH="65" HEIGHT="42" CONTENT="the" WC="0.99" CC="002"/>
						<SP ID="P45_SP01106" HPOS="2226" VPOS="3422" WIDTH="27"/>
						<String ID="P45_ST01297" HPOS="2253" VPOS="3378" WIDTH="151" HEIGHT="44" CONTENT="theatre" WC="1.00" CC="0000010"/>
						<SP ID="P45_SP01107" HPOS="2404" VPOS="3422" WIDTH="30"/>
						<String ID="P45_ST01298" HPOS="2434" VPOS="3378" WIDTH="135" HEIGHT="44" CONTENT="whose" WC="0.99" CC="00430"/>
						<SP ID="P45_SP01108" HPOS="2569" VPOS="3422" WIDTH="32"/>
						<String ID="P45_ST01299" HPOS="2601" VPOS="3378" WIDTH="156" HEIGHT="44" CONTENT="authors" WC="0.99" CC="0600290"/>
						<SP ID="P45_SP01109" HPOS="2757" VPOS="3422" WIDTH="23"/>
						<String ID="P45_ST01300" HPOS="2780" VPOS="3379" WIDTH="14" HEIGHT="42" CONTENT="I" WC="0.40" CC="5"/>
						<SP ID="P45_SP01110" HPOS="2794" VPOS="3422" WIDTH="31"/>
						<String ID="P45_ST01301" HPOS="2825" VPOS="3378" WIDTH="81" HEIGHT="43" CONTENT="will" WC="0.97" CC="0606"/>
					</TextLine>
				</TextBlock>
				<TextBlock ID="P45_TB00007" HPOS="2786" VPOS="3444" WIDTH="118" HEIGHT="38" STYLEREFS="TXT_3 PAR_RIGHT">
					<TextLine ID="P45_TL00190" HPOS="2788" VPOS="3444" WIDTH="116" HEIGHT="37">
						<String ID="P45_ST01302" HPOS="2788" VPOS="3444" WIDTH="50" HEIGHT="37" CONTENT="D." WC="0.51" CC="54"/>
						<SP ID="P45_SP01111" HPOS="2838" VPOS="3481" WIDTH="22"/>
						<String ID="P45_ST01303" HPOS="2860" VPOS="3444" WIDTH="44" HEIGHT="37" CONTENT="P." WC="0.67" CC="24"/>
					</TextLine>
				</TextBlock>
				<TextBlock ID="P45_TB00008" HPOS="2003" VPOS="3447" WIDTH="233" HEIGHT="35" STYLEREFS="TXT_1 PAR_RIGHT">
					<TextLine ID="P45_TL00191" HPOS="2005" VPOS="3450" WIDTH="228" HEIGHT="32">
						<String ID="P45_ST01304" HPOS="2005" VPOS="3450" WIDTH="72" HEIGHT="31" CONTENT="not" WC="0.96" CC="740"/>
						<SP ID="P45_SP01112" HPOS="2077" VPOS="3481" WIDTH="29"/>
						<String ID="P45_ST01305" HPOS="2106" VPOS="3457" WIDTH="127" HEIGHT="25" CONTENT="name." WC="0.98" CC="60017"/>
						<SP ID="P45_SP01113" HPOS="2233" VPOS="3482" WIDTH="0"/>
					</TextLine>
				</TextBlock>
				<TextBlock ID="P45_TB00009" HPOS="2004" VPOS="3557" WIDTH="904" HEIGHT="237" STYLEREFS="TXT_2 PAR_BLOCK">
					<TextLine ID="P45_TL00192" HPOS="2008" VPOS="3558" WIDTH="895" HEIGHT="44">
						<String ID="P45_ST01306" HPOS="2008" VPOS="3558" WIDTH="223" HEIGHT="43" CONTENT="ORIGIN" WC="1.00" CC="003100"/>
						<SP ID="P45_SP01114" HPOS="2231" VPOS="3601" WIDTH="25"/>
						<String ID="P45_ST01307" HPOS="2256" VPOS="3558" WIDTH="139" HEIGHT="43" CONTENT="AND" WC="0.99" CC="001"/>
						<SP ID="P45_SP01115" HPOS="2395" VPOS="3601" WIDTH="35"/>
						<String ID="P45_ST01308" HPOS="2430" VPOS="3558" WIDTH="473" HEIGHT="44" CONTENT="DEVELOPMENT" WC="1.00" CC="00000000007"/>
					</TextLine>
					<TextLine ID="P45_TL00193" HPOS="2012" VPOS="3617" WIDTH="895" HEIGHT="54">
						<String ID="P45_ST01309" HPOS="2012" VPOS="3617" WIDTH="83" HEIGHT="43" CONTENT="OF" WC="0.78" CC="04"/>
						<SP ID="P45_SP01116" HPOS="2095" VPOS="3660" WIDTH="43"/>
						<String ID="P45_ST01310" HPOS="2138" VPOS="3617" WIDTH="194" HEIGHT="43" CONTENT="LIGHT" WC="0.99" CC="22000"/>
						<SP ID="P45_SP01117" HPOS="2332" VPOS="3660" WIDTH="42"/>
						<String ID="P45_ST01311" HPOS="2374" VPOS="3618" WIDTH="210" HEIGHT="44" CONTENT="OPERA" WC="1.00" CC="00000"/>
						<SP ID="P45_SP01118" HPOS="2584" VPOS="3662" WIDTH="49"/>
						<String ID="P45_ST01312" HPOS="2633" VPOS="3618" WIDTH="53" HEIGHT="51" CONTENT="by" WC="1.00" CC="00"/>
						<SP ID="P45_SP01119" HPOS="2686" VPOS="3669" WIDTH="45"/>
						<String ID="P45_ST01313" HPOS="2731" VPOS="3617" WIDTH="176" HEIGHT="54" CONTENT="Sterling" WC="1.00" CC="03000000"/>
					</TextLine>
					<TextLine ID="P45_TL00194" HPOS="2005" VPOS="3677" WIDTH="903" HEIGHT="52">
						<String ID="P45_ST01314" HPOS="2005" VPOS="3678" WIDTH="270" HEIGHT="51" CONTENT="Mackinlay." WC="0.70" CC="0333490004"/>
						<SP ID="P45_SP01120" HPOS="2275" VPOS="3729" WIDTH="65"/>
						<String ID="P45_ST01315" HPOS="2340" VPOS="3677" WIDTH="255" HEIGHT="43" CONTENT="Hutchinson" WC="1.00" CC="0032000000"/>
						<SP ID="P45_SP01121" HPOS="2595" VPOS="3729" WIDTH="23"/>
						<String ID="P45_ST01316" HPOS="2618" VPOS="3678" WIDTH="43" HEIGHT="41" CONTENT="&amp;" WC="1.00" CC="0"/>
						<SP ID="P45_SP01122" HPOS="2661" VPOS="3729" WIDTH="35"/>
						<String ID="P45_ST01317" HPOS="2696" VPOS="3677" WIDTH="75" HEIGHT="43" CONTENT="Co." WC="0.92" CC="677" STYLEREFS="TXT_1"/>
						<SP ID="P45_SP01123" HPOS="2771" VPOS="3729" WIDTH="30"/>
						<String ID="P45_ST01318" HPOS="2801" VPOS="3677" WIDTH="107" HEIGHT="44" CONTENT="First" WC="0.99" CC="00006"/>
					</TextLine>
					<TextLine ID="P45_TL00195" HPOS="2005" VPOS="3737" WIDTH="750" HEIGHT="57">
						<String ID="P45_ST01319" HPOS="2005" VPOS="3738" WIDTH="131" HEIGHT="51" CONTENT="cheap" WC="0.99" CC="70000"/>
						<SP ID="P45_SP01124" HPOS="2136" VPOS="3789" WIDTH="32"/>
						<String ID="P45_ST01320" HPOS="2168" VPOS="3737" WIDTH="164" HEIGHT="48" CONTENT="edition," WC="0.99" CC="90060500"/>
						<SP ID="P45_SP01125" HPOS="2332" VPOS="3789" WIDTH="32"/>
						<String ID="P45_ST01321" HPOS="2364" VPOS="3738" WIDTH="121" HEIGHT="42" CONTENT="Price" WC="1.00" CC="00000"/>
						<SP ID="P45_SP01126" HPOS="2485" VPOS="3789" WIDTH="40"/>
						<String ID="P45_ST01322" HPOS="2525" VPOS="3737" WIDTH="115" HEIGHT="57" CONTENT="10/6" WC="0.69" CC="4340"/>
						<SP ID="P45_SP01127" HPOS="2640" VPOS="3794" WIDTH="34"/>
						<String ID="P45_ST01323" HPOS="2674" VPOS="3744" WIDTH="81" HEIGHT="36" CONTENT="net." WC="0.96" CC="7044"/>
					</TextLine>
				</TextBlock>
				<TextBlock ID="P45_TB00010" HPOS="2003" VPOS="3846" WIDTH="907" HEIGHT="301" STYLEREFS="TXT_1 PAR_RIGHT">
					<TextLine ID="P45_TL00196" HPOS="2009" VPOS="3846" WIDTH="899" HEIGHT="99">
						<String ID="P45_ST01324" HPOS="2009" VPOS="3846" WIDTH="174" HEIGHT="99" CONTENT="THIS" WC="0.98" CC="1072"/>
						<SP ID="P45_SP01128" HPOS="2183" VPOS="3945" WIDTH="45"/>
						<String ID="P45_ST01325" HPOS="2228" VPOS="3856" WIDTH="107" HEIGHT="42" CONTENT="book" WC="0.98" CC="0440"/>
						<SP ID="P45_SP01129" HPOS="2335" VPOS="3945" WIDTH="44"/>
						<String ID="P45_ST01326" HPOS="2379" VPOS="3872" WIDTH="83" HEIGHT="26" CONTENT="was" WC="0.95" CC="535"/>
						<SP ID="P45_SP01130" HPOS="2462" VPOS="3945" WIDTH="42"/>
						<String ID="P45_ST01327" HPOS="2504" VPOS="3854" WIDTH="161" HEIGHT="55" CONTENT="already" WC="0.98" CC="9580300"/>
						<SP ID="P45_SP01131" HPOS="2665" VPOS="3945" WIDTH="40"/>
						<String ID="P45_ST01328" HPOS="2705" VPOS="3855" WIDTH="99" HEIGHT="54" CONTENT="fully" WC="0.98" CC="40660"/>
						<SP ID="P45_SP01132" HPOS="2804" VPOS="3945" WIDTH="45"/>
						<String ID="P45_ST01329" HPOS="2849" VPOS="3873" WIDTH="40" HEIGHT="24" CONTENT="re" SUBS_TYPE="HypPart1" SUBS_CONTENT="reviewed" WC="0.96" CC="60"/>
						<HYP HPOS="2889" VPOS="3873" WIDTH="19" CONTENT="-"/>
					</TextLine>
					<TextLine ID="P45_TL00197" HPOS="2101" VPOS="3913" WIDTH="809" HEIGHT="56">
						<String ID="P45_ST01330" HPOS="2101" VPOS="3914" WIDTH="155" HEIGHT="43" CONTENT="viewed" SUBS_TYPE="HypPart2" SUBS_CONTENT="reviewed" WC="1.00" CC="050000"/>
						<SP ID="P45_SP01133" HPOS="2256" VPOS="3957" WIDTH="38"/>
						<String ID="P45_ST01331" HPOS="2294" VPOS="3915" WIDTH="78" HEIGHT="43" CONTENT="and" WC="0.98" CC="060"/>
						<SP ID="P45_SP01134" HPOS="2372" VPOS="3958" WIDTH="36"/>
						<String ID="P45_ST01332" HPOS="2408" VPOS="3915" WIDTH="165" HEIGHT="54" CONTENT="warmly" WC="0.98" CC="007930"/>
						<SP ID="P45_SP01135" HPOS="2573" VPOS="3969" WIDTH="36"/>
						<String ID="P45_ST01333" HPOS="2609" VPOS="3913" WIDTH="155" HEIGHT="55" CONTENT="praised" WC="0.99" CC="0407000"/>
						<SP ID="P45_SP01136" HPOS="2764" VPOS="3969" WIDTH="31"/>
						<String ID="P45_ST01334" HPOS="2795" VPOS="3916" WIDTH="39" HEIGHT="41" CONTENT="in" WC="0.62" CC="70"/>
						<SP ID="P45_SP01137" HPOS="2834" VPOS="3969" WIDTH="31"/>
						<String ID="P45_ST01335" HPOS="2865" VPOS="3916" WIDTH="45" HEIGHT="40" CONTENT="its" WC="0.96" CC="603"/>
					</TextLine>
					<TextLine ID="P45_TL00198" HPOS="2010" VPOS="3973" WIDTH="900" HEIGHT="56">
						<String ID="P45_ST01336" HPOS="2010" VPOS="3973" WIDTH="82" HEIGHT="44" CONTENT="first" WC="0.98" CC="33810"/>
						<SP ID="P45_SP01138" HPOS="2092" VPOS="4017" WIDTH="31"/>
						<String ID="P45_ST01337" HPOS="2123" VPOS="3973" WIDTH="79" HEIGHT="44" CONTENT="and" WC="0.98" CC="600"/>
						<SP ID="P45_SP01139" HPOS="2202" VPOS="4017" WIDTH="31"/>
						<String ID="P45_ST01338" HPOS="2233" VPOS="3991" WIDTH="108" HEIGHT="26" CONTENT="more" WC="1.00" CC="0000"/>
						<SP ID="P45_SP01140" HPOS="2341" VPOS="4017" WIDTH="31"/>
						<String ID="P45_ST01339" HPOS="2372" VPOS="3975" WIDTH="123" HEIGHT="54" CONTENT="costly" WC="0.99" CC="231100"/>
						<SP ID="P45_SP01141" HPOS="2495" VPOS="4029" WIDTH="31"/>
						<String ID="P45_ST01340" HPOS="2526" VPOS="3974" WIDTH="149" HEIGHT="43" CONTENT="edition" WC="0.99" CC="0070730"/>
						<SP ID="P45_SP01142" HPOS="2675" VPOS="4029" WIDTH="29"/>
						<String ID="P45_ST01341" HPOS="2704" VPOS="3976" WIDTH="40" HEIGHT="40" CONTENT="in" WC="0.66" CC="60"/>
						<SP ID="P45_SP01143" HPOS="2744" VPOS="4029" WIDTH="33"/>
						<String ID="P45_ST01342" HPOS="2777" VPOS="3982" WIDTH="25" HEIGHT="16" CONTENT='"' WC="0.55" CC="4"/>
						<SP ID="P45_SP01144" HPOS="2802" VPOS="4029" WIDTH="18"/>
						<String ID="P45_ST01343" HPOS="2820" VPOS="3973" WIDTH="90" HEIGHT="43" CONTENT="The" WC="0.97" CC="071"/>
					</TextLine>
					<TextLine ID="P45_TL00199" HPOS="2011" VPOS="4032" WIDTH="897" HEIGHT="56">
						<String ID="P45_ST01344" HPOS="2011" VPOS="4032" WIDTH="179" HEIGHT="49" CONTENT='Mask",' WC="0.97" CC="677460"/>
						<SP ID="P45_SP01145" HPOS="2190" VPOS="4081" WIDTH="33"/>
						<String ID="P45_ST01345" HPOS="2223" VPOS="4032" WIDTH="177" HEIGHT="44" CONTENT="Volume" WC="0.98" CC="073700"/>
						<SP ID="P45_SP01146" HPOS="2400" VPOS="4081" WIDTH="30"/>
						<String ID="P45_ST01346" HPOS="2430" VPOS="4034" WIDTH="122" HEIGHT="48" CONTENT="XIV," WC="0.73" CC="0703"/>
						<SP ID="P45_SP01147" HPOS="2552" VPOS="4082" WIDTH="26"/>
						<String ID="P45_ST01347" HPOS="2578" VPOS="4033" WIDTH="66" HEIGHT="43" CONTENT="No" WC="0.56" CC="35"/>
						<SP ID="P45_SP01148" HPOS="2644" VPOS="4082" WIDTH="38"/>
						<String ID="P45_ST01348" HPOS="2682" VPOS="4034" WIDTH="25" HEIGHT="42" CONTENT="2" WC="1.00" CC="0"/>
						<SP ID="P45_SP01149" HPOS="2707" VPOS="4082" WIDTH="33"/>
						<String ID="P45_ST01349" HPOS="2740" VPOS="4033" WIDTH="168" HEIGHT="55" CONTENT="(1128)." WC="0.63" CC="0670604"/>
					</TextLine>
					<TextLine ID="P45_TL00200" HPOS="2011" VPOS="4090" WIDTH="899" HEIGHT="56">
						<String ID="P45_ST01350" HPOS="2011" VPOS="4092" WIDTH="95" HEIGHT="43" CONTENT="The" WC="0.98" CC="203"/>
						<SP ID="P45_SP01150" HPOS="2106" VPOS="4135" WIDTH="32"/>
						<String ID="P45_ST01351" HPOS="2138" VPOS="4103" WIDTH="155" HEIGHT="43" CONTENT="present" WC="0.98" CC="0724370"/>
						<SP ID="P45_SP01151" HPOS="2293" VPOS="4146" WIDTH="30"/>
						<String ID="P45_ST01352" HPOS="2323" VPOS="4092" WIDTH="191" HEIGHT="50" CONTENT="editition," WC="0.65" CC="4060736303"/>
						<SP ID="P45_SP01152" HPOS="2514" VPOS="4146" WIDTH="25"/>
						<String ID="P45_ST01353" HPOS="2539" VPOS="4103" WIDTH="40" HEIGHT="32" CONTENT="at" WC="0.86" CC="20"/>
						<SP ID="P45_SP01153" HPOS="2579" VPOS="4146" WIDTH="31"/>
						<String ID="P45_ST01354" HPOS="2610" VPOS="4093" WIDTH="65" HEIGHT="42" CONTENT="the" WC="0.95" CC="607"/>
						<SP ID="P45_SP01154" HPOS="2675" VPOS="4146" WIDTH="33"/>
						<String ID="P45_ST01355" HPOS="2708" VPOS="4090" WIDTH="202" HEIGHT="45" CONTENT="moderate" WC="0.98" CC="94006777"/>
					</TextLine>
				</TextBlock>
			</PrintSpace>
		</Page>
	</Layout>
</alto>
