4330 4043
577 143 76 52 Ai
687 150 177 47 nostri
901 147 177 51 lettori
1111 147 129 52 sarà
1269 152 94 66 già
1392 157 125 45 nota
1548 152 329 52 l'iniziativa
1894 172 169 51 presa
2092 157 436 53 dall'autorevole
2554 160 65 50 ed
2643 161 236 70 elegante
2906 165 312 68 confratello
3246 165 71 53 II
3345 165 224 57 Teatro
3596 169 315 55 illustrato

343 273 108 51 per
489 273 187 34 creare
717 263 57 45 in
816 257 161 53 Italia
1018 261 101 50 un'
1141 260 405 56 Accademia
1585 265 174 50 simile
1797 283 33 32 a
1871 266 176 69 quella
2089 268 141 68 degli
2268 268 305 54 Immortali
2627 273 59 51 di
2740 273 261 63 Francia,
3062 294 87 33 ma
3189 296 32 31 a
3264 278 295 68 differenza
3599 282 60 50 di
3706 290 209 61 questa,

384 367 153 50 eletta
774 368 68 51 da
995 376 132 44 tutto
1344 370 42 49 il
1471 372 195 66 popolo
1946 373 217 51 italiano
2440 391 108 51 per
2731 391 178 34 mezzo
3168 376 58 49 di
3356 393 111 35 una
3654 379 213 68 grande

577 478 44 51 L
648 478 423 63 Accademia,
1120 484 172 50 ideata
1346 485 94 51 dal
1496 482 228 56 Teatro
1777 490 314 51 illustrato
2092 529 15 21 ,
2159 509 93 33 era
2308 494 222 50 limitata
2585 513 31 33 a
2670 504 138 44 venti
2858 499 218 52 mevìibri
3128 503 144 49 scelti
3314 506 92 46 nei
3447 508 124 47 vari
3620 510 146 47 rami
3806 508 79 49 del-

355 589 170 52 l'Arte
567 593 236 51 teatrale.

844 702 156 52 Tutta
1245 706 49 48 la
1424 712 211 61 stampa
1931 707 227 52 italiana
2470 710 66 49 ed
2675 717 171 43 estera
3099 712 177 51 salutò
3532 730 98 34 con
3809 732 106 33 una

349 821 172 44 mente
562 816 41 49 il
648 814 221 54 Teatro
908 818 317 53 illustrato
1263 821 73 49 ad
1372 821 275 69 allargare
1687 840 14 32 i
1744 825 197 67 confini
1983 826 137 51 della
2155 830 201 64 futura
2397 828 317 54 Accademia
2755 833 373 52 includendovi
3163 839 21 46 i
3221 843 441 62 rappresentanti
3690 840 58 50 dì
3781 847 131 44 tutte

351 924 44 51 le
422 928 105 65 più
568 927 104 49 alte
713 931 442 66 manifestazioni
1190 931 123 50 dell'
1330 929 254 73 Ingegno.

570 1037 55 51 Il
667 1036 222 55 Teatro
941 1041 328 64 illustrato,
1301 1059 106 52 per
1449 1044 214 52 l'indole
1701 1064 120 42 sua,
1863 1065 108 33 non
2000 1056 192 61 poteva
2233 1058 306 44 ammettere
2576 1070 164 35 senza
2784 1056 356 69 oltrepassare
3179 1059 44 49 il
3258 1060 204 52 cerchio
3503 1061 138 52 della
3693 1082 105 34 sua
3829 1069 54 47 in-

367 1148 212 67 fluenza
874 1149 93 51 che
1141 1150 44 51 le
1284 1153 339 66 personalità
2047 1160 365 46 strettamente
2860 1157 165 68 legate
3269 1159 60 50 al
3461 1166 166 44 teatro
3876 1178 28 32 e

344 1261 273 67 plorando
971 1262 58 50 di
1160 1279 109 33 non
1448 1270 154 61 poter
1830 1268 215 65 seguire
2323 1266 85 68 gli
2562 1268 298 50 autorevoli
3229 1271 227 69 consigli
3752 1276 60 46 ai

570 1371 275 54 Senonchè
884 1375 43 50 il
962 1383 181 43 nostro
1184 1376 251 51 direttore
1475 1376 63 52 F.
1590 1379 56 51 T.
1689 1379 299 66 Marinetti,
2032 1383 69 50 ha
2141 1385 185 66 offerto
2366 1386 59 50 al
2467 1384 223 56 Teatro
2728 1388 315 56 illustrato
3084 1393 293 72 l'appoggio
3404 1414 27 33 e
3460 1398 51 49 la
3532 1404 376 63 cooperazione

343 1486 60 49 di
437 1486 221 52 Poesia
686 1505 107 50 per
831 1488 316 69 completare
1188 1489 43 50 il
1265 1489 217 70 disegno
1523 1492 136 49 della
1697 1496 199 64 futura
1938 1494 316 53 Accademia
2298 1498 91 50 nel
2422 1516 155 34 senso
2618 1501 67 51 da
2728 1507 126 46 tutti
2889 1503 312 54 desiderato.

568 1599 80 49 Za
692 1606 256 61 proposta
1002 1600 51 51 di
1095 1600 221 53 Poesia
1368 1606 27 46 è
1432 1610 139 44 stata
1612 1613 251 44 accettata
1905 1607 84 50 col
2009 1611 106 65 più
2149 1610 213 69 grande
2401 1615 327 48 entusiasmo
2769 1615 141 50 nella
2950 1623 238 44 certezza
3230 1618 94 50 che
3356 1637 99 34 con
3483 1621 45 50 le
3555 1639 173 35 nuove
3751 1628 157 66 forze

362 1709 94 51 che
648 1713 52 47 si
847 1727 130 34 sono
1209 1727 107 34 cosi
1500 1714 255 66 aggiunte
2087 1731 33 31 a
2237 1714 170 67 quelle
2657 1714 88 50 del
2900 1723 181 43 nostro
3344 1718 333 67 confratello,

329 1818 320 69 probabilità
691 1821 59 49 di
781 1837 258 36 successo.

790 2168 71 54 Perciò
862 2171 370 54 /'Accademia
1274 2173 243 55 d'Italia
2756 2180 346 64 patrocinata
3528 2176 69 52 da
3747 2176 154 54 Poes

344 2281 60 50 di
530 2280 100 60 20,
810 2298 89 34 ma
1068 2282 59 50 di
1258 2282 80 51 50
1494 2282 239 61 membri,
2051 2302 107 33 cosi
2343 2285 341 67 classificati:

336 2454 36 53 4
414 2454 131 67 poeti

333 2567 37 52 4
410 2567 303 55 romanzieri
755 2582 28 41 o
824 2567 258 57 novellieri

333 2679 33 53 2
407 2679 224 54 scrittori
673 2680 47 53 di
762 2681 206 55 scienze
1009 2681 297 56 filosofiche
1346 2696 30 41 e
1414 2683 289 68 filologiche

334 2792 32 52 2
407 2790 226 55 scrittori
675 2793 44 53 di
761 2793 212 56 scienze
1019 2796 494 54 economico-sociali
1561 2810 28 40 e
1636 2797 306 67 storico-geo-

555 2865 248 68 grafiche.

329 2977 38 53 4
407 2977 224 55 scrittori
675 2978 44 55 di
761 2981 363 67 antropologia,
1167 2982 45 54 di
1268 2982 247 55 medicina
1567 2997 30 40 e
1650 2984 46 52 di
1752 2985 214 67 biologia

554 3053 254 66 generale.

329 3164 33 52 2
403 3164 226 54 scrittori
671 3165 44 53 di
758 3166 207 55 scienze
1005 3168 186 54 fisiche
1233 3169 261 67 chimiche,
1529 3170 378 55 astronomiche
1936 3185 28 41 e

554 3240 367 56 matematiche.

329 3349 32 52 2
403 3349 225 55 scrittori
671 3351 44 53 di
757 3352 206 54 scienze
1002 3353 273 67 giuridiche

329 3462 32 52 2
403 3462 192 54 statisti

330 3574 33 52 2
405 3574 195 52 oratori

2271 2464 36 53 3
2348 2465 214 56 scultori

2270 2577 34 53 3
2346 2577 165 69 pittori

2270 2690 33 51 2
2345 2691 282 66 pubblicisti
2669 2708 27 41 e
2737 2694 160 57 critici
2939 2696 165 58 d'arte

2265 2801 38 53 4
2343 2804 210 54 maestri
2596 2807 327 66 compositori

2275 2914 11 53 1
2336 2919 226 51 maestro
2604 2921 357 55 concertatore

2263 3027 37 52 4
2340 3029 414 68 commediografi

2265 3138 34 54 2
2340 3140 167 54 attrici

2267 3253 33 52 2
2342 3253 150 54 attori

2267 3366 33 52 3
2341 3366 183 54 artiste
2566 3367 45 53 di
2653 3371 150 52 canto

2266 3478 33 50 2
2340 3478 168 54 artisti
2552 3479 45 53 di
2639 3484 150 51 canto

562 3772 111 54 Nel
693 3793 275 52 prossimo
1444 3781 256 68 fascicoli)
2037 3782 218 53 daremo
2554 3803 40 33 nu
