<?xml version="1.0" encoding="UTF-8"?>
<alto xmlns:xsi="http://www.w3.org/2001/XMLSchema-instance" xmlns="http://www.loc.gov/standards/alto/ns-v2#" xsi:schemaLocation="http://www.loc.gov/standards/alto/ns-v2# http://www.loc.gov/standards/alto/v2/alto-2-0.xsd" xmlns:xlink="http://www.w3.org/1999/xlink">
	<Description>
		<MeasurementUnit>mm10</MeasurementUnit>
		<sourceImageInformation>
			<fileName>./bmtnabr_1920-03_01_0014.jp2</fileName>
		</sourceImageInformation>
		<OCRProcessing ID="OCRPROCESSING_1">
			<preProcessingStep>
				<processingSoftware>
					<softwareCreator>CCS Content Conversion Specialists GmbH, Germany</softwareCreator>
					<softwareName>CCS docWorks</softwareName>
					<softwareVersion>6.9-1.27</softwareVersion>
				</processingSoftware>
			</preProcessingStep>
			<ocrProcessingStep>
				<processingSoftware>
					<softwareCreator>ABBYY (BIT Software), Russia</softwareCreator>
					<softwareName>FineReader</softwareName>
					<softwareVersion>11.0</softwareVersion>
				</processingSoftware>
			</ocrProcessingStep>
			<postProcessingStep>
				<processingSoftware>
					<softwareCreator>CCS Content Conversion Specialists GmbH, Germany</softwareCreator>
					<softwareName>CCS docWorks</softwareName>
					<softwareVersion>6.9-1.27</softwareVersion>
					<applicationDescription>docWorks: Text modified manually, or automatically replaced</applicationDescription>
				</processingSoftware>
			</postProcessingStep>
		</OCRProcessing>
	</Description>
	<Styles>
		<TextStyle ID="TXT_0" FONTSIZE="21" FONTFAMILY="Times New Roman"/>
		<TextStyle ID="TXT_1" FONTSIZE="16" FONTFAMILY="Times New Roman" FONTSTYLE="bold"/>
		<TextStyle ID="TXT_2" FONTSIZE="19" FONTFAMILY="Times New Roman" FONTSTYLE="bold italics"/>
		<TextStyle ID="TXT_3" FONTSIZE="12" FONTFAMILY="Times New Roman"/>
		<TextStyle ID="TXT_4" FONTSIZE="60" FONTFAMILY="Arial"/>
		<ParagraphStyle ID="PAR_RIGHT" ALIGN="Right"/>
		<ParagraphStyle ID="PAR_LEFT" ALIGN="Left"/>
	</Styles>
	<Layout>
		<Page ID="P14" PHYSICAL_IMG_NR="14" HEIGHT="4572" WIDTH="3168" PRINTED_IMG_NR="110" PC="0.960">
			<TopMargin ID="P14_TM00001" HPOS="0" VPOS="0" WIDTH="3168" HEIGHT="609"/>
			<LeftMargin ID="P14_LM00001" HPOS="0" VPOS="609" WIDTH="93" HEIGHT="3363"/>
			<RightMargin ID="P14_RM00001" HPOS="3041" VPOS="609" WIDTH="127" HEIGHT="3363"/>
			<BottomMargin ID="P14_BM00001" HPOS="0" VPOS="3972" WIDTH="3168" HEIGHT="600"/>
			<PrintSpace ID="P14_PS00001" HPOS="93" VPOS="609" WIDTH="2948" HEIGHT="3363">
				<TextBlock ID="P14_TB00001" HPOS="846" VPOS="784" WIDTH="2195" HEIGHT="3188" STYLEREFS="TXT_0 PAR_RIGHT">
					<TextLine ID="P14_TL00001" HPOS="847" VPOS="784" WIDTH="2121" HEIGHT="84">
						<String ID="P14_ST00001" HPOS="847" VPOS="812" WIDTH="213" HEIGHT="56" CONTENT="Pedro" WC="0.98" CC="30550"/>
						<SP ID="P14_SP00001" HPOS="1060" VPOS="868" WIDTH="12"/>
						<String ID="P14_ST00002" HPOS="1072" VPOS="830" WIDTH="94" HEIGHT="34" CONTENT="so;" WC="0.97" CC="107"/>
						<SP ID="P14_SP00002" HPOS="1166" VPOS="868" WIDTH="41"/>
						<String ID="P14_ST00003" HPOS="1207" VPOS="804" WIDTH="158" HEIGHT="57" CONTENT="Ganz" WC="0.97" CC="0064"/>
						<SP ID="P14_SP00003" HPOS="1365" VPOS="868" WIDTH="38"/>
						<String ID="P14_ST00004" HPOS="1403" VPOS="802" WIDTH="165" HEIGHT="56" CONTENT="recht." WC="0.99" CC="000603"/>
						<SP ID="P14_SP00004" HPOS="1568" VPOS="868" WIDTH="79"/>
						<String ID="P14_ST00005" HPOS="1647" VPOS="798" WIDTH="118" HEIGHT="56" CONTENT="Das" WC="0.99" CC="300"/>
						<SP ID="P14_SP00005" HPOS="1765" VPOS="868" WIDTH="47"/>
						<String ID="P14_ST00006" HPOS="1812" VPOS="795" WIDTH="169" HEIGHT="58" CONTENT="Geld." WC="0.97" CC="30491"/>
						<SP ID="P14_SP00006" HPOS="1981" VPOS="868" WIDTH="79"/>
						<String ID="P14_ST00007" HPOS="2060" VPOS="793" WIDTH="136" HEIGHT="56" CONTENT="Hier" WC="0.99" CC="0300"/>
						<SP ID="P14_SP00007" HPOS="2196" VPOS="868" WIDTH="45"/>
						<String ID="P14_ST00008" HPOS="2241" VPOS="794" WIDTH="71" HEIGHT="52" CONTENT="ist" WC="1.00" CC="000"/>
						<SP ID="P14_SP00008" HPOS="2312" VPOS="868" WIDTH="46"/>
						<String ID="P14_ST00009" HPOS="2358" VPOS="811" WIDTH="76" HEIGHT="34" CONTENT="es." WC="0.99" CC="003"/>
						<SP ID="P14_SP00009" HPOS="2434" VPOS="868" WIDTH="80"/>
						<String ID="P14_ST00010" HPOS="2514" VPOS="787" WIDTH="182" HEIGHT="72" CONTENT="(Zieht" WC="0.99" CC="005060"/>
						<SP ID="P14_SP00010" HPOS="2696" VPOS="868" WIDTH="38"/>
						<String ID="P14_ST00011" HPOS="2734" VPOS="784" WIDTH="234" HEIGHT="57" CONTENT="Scheine" WC="0.99" CC="0000470"/>
					</TextLine>
					<TextLine ID="P14_TL00002" HPOS="923" VPOS="861" WIDTH="2046" HEIGHT="84">
						<String ID="P14_ST00012" HPOS="923" VPOS="888" WIDTH="199" HEIGHT="53" CONTENT="heraus" WC="0.99" CC="070700"/>
						<SP ID="P14_SP00011" HPOS="1122" VPOS="941" WIDTH="40"/>
						<String ID="P14_ST00013" HPOS="1162" VPOS="880" WIDTH="114" HEIGHT="56" CONTENT="und" WC="0.97" CC="070"/>
						<SP ID="P14_SP00012" HPOS="1276" VPOS="941" WIDTH="38"/>
						<String ID="P14_ST00014" HPOS="1314" VPOS="877" WIDTH="117" HEIGHT="57" CONTENT="läßt" WC="0.98" CC="0350"/>
						<SP ID="P14_SP00013" HPOS="1431" VPOS="941" WIDTH="38"/>
						<String ID="P14_ST00015" HPOS="1469" VPOS="879" WIDTH="80" HEIGHT="54" CONTENT="sie" WC="0.95" CC="147"/>
						<SP ID="P14_SP00014" HPOS="1549" VPOS="941" WIDTH="39"/>
						<String ID="P14_ST00016" HPOS="1588" VPOS="874" WIDTH="249" HEIGHT="71" CONTENT="langsam" WC="0.98" CC="5078008"/>
						<SP ID="P14_SP00015" HPOS="1837" VPOS="945" WIDTH="41"/>
						<String ID="P14_ST00017" HPOS="1878" VPOS="893" WIDTH="67" HEIGHT="34" CONTENT="zu" WC="0.38" CC="92"/>
						<SP ID="P14_SP00016" HPOS="1945" VPOS="945" WIDTH="36"/>
						<String ID="P14_ST00018" HPOS="1981" VPOS="869" WIDTH="194" HEIGHT="56" CONTENT="Boden" WC="0.97" CC="70077"/>
						<SP ID="P14_SP00017" HPOS="2175" VPOS="945" WIDTH="42"/>
						<String ID="P14_ST00019" HPOS="2217" VPOS="864" WIDTH="205" HEIGHT="70" CONTENT="fallen.)" WC="0.98" CC="60657740"/>
						<SP ID="P14_SP00018" HPOS="2422" VPOS="945" WIDTH="66"/>
						<String ID="P14_ST00020" HPOS="2488" VPOS="863" WIDTH="82" HEIGHT="56" CONTENT="Ich" WC="0.98" CC="600"/>
						<SP ID="P14_SP00019" HPOS="2570" VPOS="945" WIDTH="40"/>
						<String ID="P14_ST00021" HPOS="2610" VPOS="863" WIDTH="146" HEIGHT="54" CONTENT="habe" WC="0.96" CC="0757"/>
						<SP ID="P14_SP00020" HPOS="2756" VPOS="945" WIDTH="40"/>
						<String ID="P14_ST00022" HPOS="2796" VPOS="880" WIDTH="61" HEIGHT="35" CONTENT="es" WC="0.61" CC="70"/>
						<SP ID="P14_SP00021" HPOS="2857" VPOS="945" WIDTH="41"/>
						<String ID="P14_ST00023" HPOS="2898" VPOS="861" WIDTH="71" HEIGHT="53" CONTENT="im" WC="0.20" CC="78"/>
					</TextLine>
					<TextLine ID="P14_TL00003" HPOS="924" VPOS="931" WIDTH="2048" HEIGHT="97">
						<String ID="P14_ST00024" HPOS="924" VPOS="955" WIDTH="325" HEIGHT="73" CONTENT="Pokerspiel" WC="1.00" CC="0000400700"/>
						<SP ID="P14_SP00022" HPOS="1249" VPOS="1028" WIDTH="46"/>
						<String ID="P14_ST00025" HPOS="1295" VPOS="948" WIDTH="398" HEIGHT="61" CONTENT="erschwindelt." WC="1.00" CC="0000040000004"/>
						<SP ID="P14_SP00023" HPOS="1693" VPOS="1028" WIDTH="80"/>
						<String ID="P14_ST00026" HPOS="1773" VPOS="947" WIDTH="102" HEIGHT="54" CONTENT="Mir" WC="0.98" CC="121"/>
						<SP ID="P14_SP00024" HPOS="1875" VPOS="1028" WIDTH="46"/>
						<String ID="P14_ST00027" HPOS="1921" VPOS="940" WIDTH="357" HEIGHT="61" CONTENT="schwindelte" WC="1.00" CC="00030504000"/>
						<SP ID="P14_SP00025" HPOS="2278" VPOS="1028" WIDTH="46"/>
						<String ID="P14_ST00028" HPOS="2324" VPOS="961" WIDTH="100" HEIGHT="34" CONTENT="vor" WC="0.99" CC="030"/>
						<SP ID="P14_SP00026" HPOS="2424" VPOS="1028" WIDTH="37"/>
						<String ID="P14_ST00029" HPOS="2461" VPOS="936" WIDTH="359" HEIGHT="71" CONTENT="Vergnügen." WC="0.99" CC="0007007004"/>
						<SP ID="P14_SP00027" HPOS="2820" VPOS="1028" WIDTH="78"/>
						<String ID="P14_ST00030" HPOS="2898" VPOS="931" WIDTH="74" HEIGHT="56" CONTENT="Es" WC="0.56" CC="52"/>
					</TextLine>
					<TextLine ID="P14_TL00004" HPOS="924" VPOS="1009" WIDTH="2051" HEIGHT="80">
						<String ID="P14_ST00031" HPOS="924" VPOS="1054" WIDTH="112" HEIGHT="35" CONTENT="war" WC="0.99" CC="002"/>
						<SP ID="P14_SP00028" HPOS="1036" VPOS="1089" WIDTH="46"/>
						<String ID="P14_ST00032" HPOS="1082" VPOS="1034" WIDTH="104" HEIGHT="52" CONTENT="wie" WC="0.99" CC="010"/>
						<SP ID="P14_SP00029" HPOS="1186" VPOS="1089" WIDTH="58"/>
						<String ID="P14_ST00033" HPOS="1244" VPOS="1028" WIDTH="92" HEIGHT="56" CONTENT="auf" WC="0.98" CC="005"/>
						<SP ID="P14_SP00030" HPOS="1336" VPOS="1089" WIDTH="57"/>
						<String ID="P14_ST00034" HPOS="1393" VPOS="1025" WIDTH="100" HEIGHT="55" CONTENT="der" WC="0.98" CC="005"/>
						<SP ID="P14_SP00031" HPOS="1493" VPOS="1089" WIDTH="46"/>
						<String ID="P14_ST00035" HPOS="1539" VPOS="1020" WIDTH="371" HEIGHT="59" CONTENT="Rutschbahn." WC="1.00" CC="20000020033"/>
						<SP ID="P14_SP00032" HPOS="1910" VPOS="1089" WIDTH="85"/>
						<String ID="P14_ST00036" HPOS="1995" VPOS="1018" WIDTH="84" HEIGHT="56" CONTENT="Ich" WC="0.98" CC="600"/>
						<SP ID="P14_SP00033" HPOS="2079" VPOS="1089" WIDTH="58"/>
						<String ID="P14_ST00037" HPOS="2137" VPOS="1015" WIDTH="146" HEIGHT="56" CONTENT="habe" WC="0.99" CC="0060"/>
						<SP ID="P14_SP00034" HPOS="2283" VPOS="1089" WIDTH="59"/>
						<String ID="P14_ST00038" HPOS="2342" VPOS="1014" WIDTH="101" HEIGHT="54" CONTENT="das" WC="1.00" CC="000"/>
						<SP ID="P14_SP00035" HPOS="2443" VPOS="1089" WIDTH="55"/>
						<String ID="P14_ST00039" HPOS="2498" VPOS="1009" WIDTH="156" HEIGHT="73" CONTENT="Spiel" WC="1.00" CC="00000"/>
						<SP ID="P14_SP00036" HPOS="2654" VPOS="1089" WIDTH="57"/>
						<String ID="P14_ST00040" HPOS="2711" VPOS="1030" WIDTH="66" HEIGHT="33" CONTENT="zu" WC="0.69" CC="60"/>
						<SP ID="P14_SP00037" HPOS="2777" VPOS="1089" WIDTH="48"/>
						<String ID="P14_ST00041" HPOS="2825" VPOS="1015" WIDTH="150" HEIGHT="47" CONTENT="ernst" WC="1.00" CC="03000"/>
					</TextLine>
					<TextLine ID="P14_TL00005" HPOS="928" VPOS="1081" WIDTH="2046" HEIGHT="98">
						<String ID="P14_ST00042" HPOS="928" VPOS="1126" WIDTH="349" HEIGHT="53" CONTENT="genommen." WC="0.99" CC="004430004"/>
						<SP ID="P14_SP00038" HPOS="1277" VPOS="1179" WIDTH="77"/>
						<String ID="P14_ST00043" HPOS="1354" VPOS="1099" WIDTH="138" HEIGHT="57" CONTENT="Was" WC="0.97" CC="700"/>
						<SP ID="P14_SP00039" HPOS="1492" VPOS="1179" WIDTH="47"/>
						<String ID="P14_ST00044" HPOS="1539" VPOS="1096" WIDTH="94" HEIGHT="58" CONTENT="Sie" WC="0.99" CC="030"/>
						<SP ID="P14_SP00040" HPOS="1633" VPOS="1179" WIDTH="47"/>
						<String ID="P14_ST00045" HPOS="1680" VPOS="1095" WIDTH="296" HEIGHT="65" CONTENT="aufheben," WC="0.83" CC="016700000"/>
						<SP ID="P14_SP00041" HPOS="1976" VPOS="1179" WIDTH="53"/>
						<String ID="P14_ST00046" HPOS="2029" VPOS="1091" WIDTH="144" HEIGHT="55" CONTENT="Herr" WC="1.00" CC="0000"/>
						<SP ID="P14_SP00042" HPOS="2173" VPOS="1179" WIDTH="45"/>
						<String ID="P14_ST00047" HPOS="2218" VPOS="1088" WIDTH="279" HEIGHT="64" CONTENT="Direktor," WC="1.00" CC="560000000"/>
						<SP ID="P14_SP00043" HPOS="2497" VPOS="1179" WIDTH="48"/>
						<String ID="P14_ST00048" HPOS="2545" VPOS="1085" WIDTH="199" HEIGHT="71" CONTENT="gehört" WC="0.99" CC="006700"/>
						<SP ID="P14_SP00044" HPOS="2744" VPOS="1179" WIDTH="46"/>
						<String ID="P14_ST00049" HPOS="2790" VPOS="1081" WIDTH="184" HEIGHT="55" CONTENT="Ihnen." WC="0.99" CC="500004"/>
					</TextLine>
					<TextLine ID="P14_TL00006" HPOS="856" VPOS="1154" WIDTH="2117" HEIGHT="83">
						<String ID="P14_ST00050" HPOS="856" VPOS="1183" WIDTH="132" HEIGHT="54" CONTENT="Der" WC="1.00" CC="000"/>
						<SP ID="P14_SP00045" HPOS="988" VPOS="1237" WIDTH="48"/>
						<String ID="P14_ST00051" HPOS="1036" VPOS="1179" WIDTH="188" HEIGHT="56" CONTENT="Erste" WC="1.00" CC="30000"/>
						<SP ID="P14_SP00046" HPOS="1224" VPOS="1237" WIDTH="47"/>
						<String ID="P14_ST00052" HPOS="1271" VPOS="1173" WIDTH="334" HEIGHT="57" CONTENT="Direktor:" WC="1.00" CC="053000000"/>
						<SP ID="P14_SP00047" HPOS="1605" VPOS="1237" WIDTH="56"/>
						<String ID="P14_ST00053" HPOS="1661" VPOS="1169" WIDTH="122" HEIGHT="56" CONTENT="Aus" WC="0.99" CC="300"/>
						<SP ID="P14_SP00048" HPOS="1783" VPOS="1237" WIDTH="47"/>
						<String ID="P14_ST00054" HPOS="1830" VPOS="1168" WIDTH="128" HEIGHT="55" CONTENT="dem" WC="0.99" CC="001"/>
						<SP ID="P14_SP00049" HPOS="1958" VPOS="1237" WIDTH="48"/>
						<String ID="P14_ST00055" HPOS="2006" VPOS="1164" WIDTH="188" HEIGHT="66" CONTENT="Hotel," WC="0.99" CC="020060"/>
						<SP ID="P14_SP00050" HPOS="2194" VPOS="1237" WIDTH="47"/>
						<String ID="P14_ST00056" HPOS="2241" VPOS="1159" WIDTH="167" HEIGHT="58" CONTENT="bitte!" WC="1.00" CC="000004"/>
						<SP ID="P14_SP00051" HPOS="2408" VPOS="1237" WIDTH="77"/>
						<String ID="P14_ST00057" HPOS="2485" VPOS="1159" WIDTH="72" HEIGHT="54" CONTENT="Im" WC="0.65" CC="60"/>
						<SP ID="P14_SP00052" HPOS="2557" VPOS="1237" WIDTH="47"/>
						<String ID="P14_ST00058" HPOS="2604" VPOS="1154" WIDTH="369" HEIGHT="74" CONTENT="Augenblick." WC="1.00" CC="00004043001"/>
					</TextLine>
					<TextLine ID="P14_TL00007" HPOS="857" VPOS="1227" WIDTH="2122" HEIGHT="85">
						<String ID="P14_ST00059" HPOS="857" VPOS="1256" WIDTH="211" HEIGHT="56" CONTENT="Pedro" WC="0.99" CC="00050"/>
						<SP ID="P14_SP00053" HPOS="1068" VPOS="1312" WIDTH="12"/>
						<String ID="P14_ST00060" HPOS="1080" VPOS="1274" WIDTH="96" HEIGHT="36" CONTENT="so:" WC="0.99" CC="012"/>
						<SP ID="P14_SP00054" HPOS="1176" VPOS="1312" WIDTH="42"/>
						<String ID="P14_ST00061" HPOS="1218" VPOS="1249" WIDTH="95" HEIGHT="57" CONTENT="Sie" WC="0.98" CC="050"/>
						<SP ID="P14_SP00055" HPOS="1313" VPOS="1312" WIDTH="39"/>
						<String ID="P14_ST00062" HPOS="1352" VPOS="1249" WIDTH="184" HEIGHT="56" CONTENT="lassen" WC="1.00" CC="000000"/>
						<SP ID="P14_SP00056" HPOS="1536" VPOS="1312" WIDTH="41"/>
						<String ID="P14_ST00063" HPOS="1577" VPOS="1248" WIDTH="99" HEIGHT="53" CONTENT="mir" WC="0.98" CC="050"/>
						<SP ID="P14_SP00057" HPOS="1676" VPOS="1312" WIDTH="27"/>
						<String ID="P14_ST00064" HPOS="1703" VPOS="1244" WIDTH="138" HEIGHT="56" CONTENT="doch" WC="0.99" CC="0006"/>
						<SP ID="P14_SP00058" HPOS="1841" VPOS="1312" WIDTH="29"/>
						<String ID="P14_ST00065" HPOS="1870" VPOS="1242" WIDTH="91" HEIGHT="55" CONTENT="die" WC="1.00" CC="010"/>
						<SP ID="P14_SP00059" HPOS="1961" VPOS="1312" WIDTH="28"/>
						<String ID="P14_ST00066" HPOS="1989" VPOS="1240" WIDTH="135" HEIGHT="66" CONTENT="Zeit," WC="0.99" CC="10500"/>
						<SP ID="P14_SP00060" HPOS="2124" VPOS="1312" WIDTH="41"/>
						<String ID="P14_ST00067" HPOS="2165" VPOS="1239" WIDTH="180" HEIGHT="53" CONTENT="meine" WC="0.99" CC="00400"/>
						<SP ID="P14_SP00061" HPOS="2345" VPOS="1312" WIDTH="27"/>
						<String ID="P14_ST00068" HPOS="2372" VPOS="1232" WIDTH="249" HEIGHT="57" CONTENT="Taschen" WC="1.00" CC="6000001"/>
						<SP ID="P14_SP00062" HPOS="2621" VPOS="1312" WIDTH="34"/>
						<String ID="P14_ST00069" HPOS="2655" VPOS="1253" WIDTH="66" HEIGHT="34" CONTENT="zu" WC="0.75" CC="40"/>
						<SP ID="P14_SP00063" HPOS="2721" VPOS="1312" WIDTH="30"/>
						<String ID="P14_ST00070" HPOS="2751" VPOS="1227" WIDTH="228" HEIGHT="59" CONTENT="leeren?" WC="0.99" CC="4009007"/>
					</TextLine>
					<TextLine ID="P14_TL00008" HPOS="933" VPOS="1301" WIDTH="2045" HEIGHT="94">
						<String ID="P14_ST00071" HPOS="933" VPOS="1329" WIDTH="117" HEIGHT="56" CONTENT="Das" WC="1.00" CC="000"/>
						<SP ID="P14_SP00064" HPOS="1050" VPOS="1385" WIDTH="41"/>
						<String ID="P14_ST00072" HPOS="1091" VPOS="1325" WIDTH="149" HEIGHT="57" CONTENT="Geld" WC="1.00" CC="0010"/>
						<SP ID="P14_SP00065" HPOS="1240" VPOS="1385" WIDTH="42"/>
						<String ID="P14_ST00073" HPOS="1282" VPOS="1324" WIDTH="199" HEIGHT="71" CONTENT="gehört" WC="0.99" CC="000700"/>
						<SP ID="P14_SP00066" HPOS="1481" VPOS="1395" WIDTH="39"/>
						<String ID="P14_ST00074" HPOS="1520" VPOS="1321" WIDTH="145" HEIGHT="65" CONTENT="dem," WC="1.00" CC="0002"/>
						<SP ID="P14_SP00067" HPOS="1665" VPOS="1395" WIDTH="42"/>
						<String ID="P14_ST00075" HPOS="1707" VPOS="1319" WIDTH="97" HEIGHT="54" CONTENT="der" WC="0.98" CC="004"/>
						<SP ID="P14_SP00068" HPOS="1804" VPOS="1395" WIDTH="41"/>
						<String ID="P14_ST00076" HPOS="1845" VPOS="1339" WIDTH="61" HEIGHT="33" CONTENT="es" WC="1.00" CC="00"/>
						<SP ID="P14_SP00069" HPOS="1906" VPOS="1395" WIDTH="41"/>
						<String ID="P14_ST00077" HPOS="1947" VPOS="1314" WIDTH="246" HEIGHT="64" CONTENT="aufhebt," WC="0.99" CC="00700601"/>
						<SP ID="P14_SP00070" HPOS="2193" VPOS="1395" WIDTH="42"/>
						<String ID="P14_ST00078" HPOS="2235" VPOS="1310" WIDTH="145" HEIGHT="56" CONTENT="Herr" WC="1.00" CC="0010"/>
						<SP ID="P14_SP00071" HPOS="2380" VPOS="1395" WIDTH="30"/>
						<String ID="P14_ST00079" HPOS="2410" VPOS="1306" WIDTH="276" HEIGHT="57" CONTENT="Direktor." WC="1.00" CC="021000000"/>
						<SP ID="P14_SP00072" HPOS="2686" VPOS="1395" WIDTH="67"/>
						<String ID="P14_ST00080" HPOS="2753" VPOS="1303" WIDTH="72" HEIGHT="56" CONTENT="Es" WC="0.78" CC="40"/>
						<SP ID="P14_SP00073" HPOS="2825" VPOS="1395" WIDTH="28"/>
						<String ID="P14_ST00081" HPOS="2853" VPOS="1301" WIDTH="125" HEIGHT="57" CONTENT="sind" WC="0.99" CC="0500"/>
					</TextLine>
					<TextLine ID="P14_TL00009" HPOS="934" VPOS="1376" WIDTH="2048" HEIGHT="95">
						<String ID="P14_ST00082" HPOS="934" VPOS="1400" WIDTH="496" HEIGHT="71" CONTENT="schätzungsweise" WC="1.00" CC="007900000000000"/>
						<SP ID="P14_SP00074" HPOS="1430" VPOS="1471" WIDTH="81"/>
						<String ID="P14_ST00083" HPOS="1511" VPOS="1390" WIDTH="445" HEIGHT="73" CONTENT="vierzigtausend" WC="1.00" CC="02010500000040"/>
						<SP ID="P14_SP00075" HPOS="1956" VPOS="1471" WIDTH="64"/>
						<String ID="P14_ST00084" HPOS="2020" VPOS="1386" WIDTH="268" HEIGHT="56" CONTENT="Franken." WC="0.99" CC="03300013"/>
						<SP ID="P14_SP00076" HPOS="2288" VPOS="1471" WIDTH="103"/>
						<String ID="P14_ST00085" HPOS="2391" VPOS="1382" WIDTH="118" HEIGHT="56" CONTENT="Vor" WC="0.98" CC="004"/>
						<SP ID="P14_SP00077" HPOS="2509" VPOS="1471" WIDTH="64"/>
						<String ID="P14_ST00086" HPOS="2573" VPOS="1380" WIDTH="127" HEIGHT="54" CONTENT="dem" WC="1.00" CC="000"/>
						<SP ID="P14_SP00078" HPOS="2700" VPOS="1471" WIDTH="66"/>
						<String ID="P14_ST00087" HPOS="2766" VPOS="1376" WIDTH="216" HEIGHT="57" CONTENT="Richter" WC="0.99" CC="0200005"/>
					</TextLine>
					<TextLine ID="P14_TL00010" HPOS="936" VPOS="1451" WIDTH="2036" HEIGHT="96">
						<String ID="P14_ST00088" HPOS="936" VPOS="1477" WIDTH="247" HEIGHT="70" CONTENT="gehören" WC="0.96" CC="7788876"/>
						<SP ID="P14_SP00079" HPOS="1183" VPOS="1547" WIDTH="41"/>
						<String ID="P14_ST00089" HPOS="1224" VPOS="1476" WIDTH="80" HEIGHT="52" CONTENT="sie" WC="0.99" CC="020"/>
						<SP ID="P14_SP00080" HPOS="1304" VPOS="1547" WIDTH="41"/>
						<String ID="P14_ST00090" HPOS="1345" VPOS="1473" WIDTH="113" HEIGHT="63" CONTENT="mir," WC="0.95" CC="8174"/>
						<SP ID="P14_SP00081" HPOS="1458" VPOS="1547" WIDTH="43"/>
						<String ID="P14_ST00091" HPOS="1501" VPOS="1467" WIDTH="221" HEIGHT="57" CONTENT="obwohl" WC="0.98" CC="012177"/>
						<SP ID="P14_SP00082" HPOS="1722" VPOS="1547" WIDTH="47"/>
						<String ID="P14_ST00092" HPOS="1769" VPOS="1465" WIDTH="81" HEIGHT="56" CONTENT="ich" WC="0.99" CC="300"/>
						<SP ID="P14_SP00083" HPOS="1850" VPOS="1547" WIDTH="48"/>
						<String ID="P14_ST00093" HPOS="1898" VPOS="1467" WIDTH="78" HEIGHT="52" CONTENT="sie" WC="0.98" CC="040"/>
						<SP ID="P14_SP00084" HPOS="1976" VPOS="1547" WIDTH="42"/>
						<String ID="P14_ST00094" HPOS="2018" VPOS="1457" WIDTH="381" HEIGHT="59" CONTENT="erschwindelt" WC="0.99" CC="003000356065"/>
						<SP ID="P14_SP00085" HPOS="2399" VPOS="1547" WIDTH="40"/>
						<String ID="P14_ST00095" HPOS="2439" VPOS="1455" WIDTH="163" HEIGHT="55" CONTENT="habe." WC="0.97" CC="08704"/>
						<SP ID="P14_SP00086" HPOS="2602" VPOS="1547" WIDTH="79"/>
						<String ID="P14_ST00096" HPOS="2681" VPOS="1452" WIDTH="120" HEIGHT="55" CONTENT="Mir." WC="0.97" CC="5204"/>
						<SP ID="P14_SP00087" HPOS="2801" VPOS="1547" WIDTH="77"/>
						<String ID="P14_ST00097" HPOS="2878" VPOS="1451" WIDTH="94" HEIGHT="54" CONTENT="Mii" WC="0.23" CC="957"/>
					</TextLine>
					<TextLine ID="P14_TL00011" HPOS="938" VPOS="1524" WIDTH="2045" HEIGHT="87">
						<String ID="P14_ST00098" HPOS="938" VPOS="1552" WIDTH="179" HEIGHT="56" CONTENT="allein." WC="0.99" CC="0400404"/>
						<SP ID="P14_SP00088" HPOS="1117" VPOS="1608" WIDTH="97"/>
						<String ID="P14_ST00099" HPOS="1214" VPOS="1547" WIDTH="167" HEIGHT="64" CONTENT="Bitte," WC="0.99" CC="510000"/>
						<SP ID="P14_SP00089" HPOS="1381" VPOS="1611" WIDTH="67"/>
						<String ID="P14_ST00100" HPOS="1448" VPOS="1543" WIDTH="275" HEIGHT="56" CONTENT="bedienen" WC="1.00" CC="00020004"/>
						<SP ID="P14_SP00090" HPOS="1723" VPOS="1611" WIDTH="65"/>
						<String ID="P14_ST00101" HPOS="1788" VPOS="1538" WIDTH="95" HEIGHT="56" CONTENT="Sie" WC="0.98" CC="040"/>
						<SP ID="P14_SP00091" HPOS="1883" VPOS="1611" WIDTH="64"/>
						<String ID="P14_ST00102" HPOS="1947" VPOS="1536" WIDTH="129" HEIGHT="57" CONTENT="sich." WC="0.98" CC="05073"/>
						<SP ID="P14_SP00092" HPOS="2076" VPOS="1611" WIDTH="97"/>
						<String ID="P14_ST00103" HPOS="2173" VPOS="1531" WIDTH="188" HEIGHT="58" CONTENT="Nein?" WC="0.99" CC="50300"/>
						<SP ID="P14_SP00093" HPOS="2361" VPOS="1611" WIDTH="95"/>
						<String ID="P14_ST00104" HPOS="2456" VPOS="1529" WIDTH="82" HEIGHT="56" CONTENT="Ich" WC="0.95" CC="560"/>
						<SP ID="P14_SP00094" HPOS="2538" VPOS="1611" WIDTH="66"/>
						<String ID="P14_ST00105" HPOS="2604" VPOS="1526" WIDTH="206" HEIGHT="72" CONTENT="klingle" WC="0.99" CC="0450050"/>
						<SP ID="P14_SP00095" HPOS="2810" VPOS="1611" WIDTH="65"/>
						<String ID="P14_ST00106" HPOS="2875" VPOS="1524" WIDTH="108" HEIGHT="55" CONTENT="den" WC="0.97" CC="007"/>
					</TextLine>
					<TextLine ID="P14_TL00012" HPOS="937" VPOS="1617" WIDTH="672" HEIGHT="74">
						<String ID="P14_ST00107" HPOS="937" VPOS="1625" WIDTH="281" HEIGHT="57" CONTENT="Kellnern." WC="0.99" CC="406640062"/>
						<SP ID="P14_SP00096" HPOS="1218" VPOS="1682" WIDTH="80"/>
						<String ID="P14_ST00108" HPOS="1298" VPOS="1617" WIDTH="311" HEIGHT="74" CONTENT="(Klingelt.)" WC="1.00" CC="04002003040"/>
					</TextLine>
					<TextLine ID="P14_TL00013" HPOS="866" VPOS="1682" WIDTH="2122" HEIGHT="76">
						<String ID="P14_ST00109" HPOS="866" VPOS="1701" WIDTH="132" HEIGHT="56" CONTENT="Der" WC="0.97" CC="026"/>
						<SP ID="P14_SP00097" HPOS="998" VPOS="1757" WIDTH="39"/>
						<String ID="P14_ST00110" HPOS="1037" VPOS="1707" WIDTH="174" HEIGHT="47" CONTENT="erste" WC="1.00" CC="00000"/>
						<SP ID="P14_SP00098" HPOS="1211" VPOS="1757" WIDTH="41"/>
						<String ID="P14_ST00111" HPOS="1252" VPOS="1692" WIDTH="312" HEIGHT="57" CONTENT="Direktor" WC="1.00" CC="03400002"/>
						<SP ID="P14_SP00099" HPOS="1564" VPOS="1757" WIDTH="49"/>
						<String ID="P14_ST00112" HPOS="1613" VPOS="1688" WIDTH="191" HEIGHT="70" CONTENT="(stürzt" WC="1.00" CC="4000000"/>
						<SP ID="P14_SP00100" HPOS="1804" VPOS="1758" WIDTH="41"/>
						<String ID="P14_ST00113" HPOS="1845" VPOS="1686" WIDTH="111" HEIGHT="56" CONTENT="sich" WC="0.99" CC="0600"/>
						<SP ID="P14_SP00101" HPOS="1956" VPOS="1758" WIDTH="39"/>
						<String ID="P14_ST00114" HPOS="1995" VPOS="1706" WIDTH="66" HEIGHT="33" CONTENT="zu" WC="1.00" CC="00"/>
						<SP ID="P14_SP00102" HPOS="2061" VPOS="1758" WIDTH="41"/>
						<String ID="P14_ST00115" HPOS="2102" VPOS="1682" WIDTH="196" HEIGHT="56" CONTENT="Boden" WC="0.99" CC="40000"/>
						<SP ID="P14_SP00103" HPOS="2298" VPOS="1758" WIDTH="47"/>
						<String ID="P14_ST00116" HPOS="2345" VPOS="1682" WIDTH="113" HEIGHT="52" CONTENT="und" WC="1.00" CC="001"/>
						<SP ID="P14_SP00104" HPOS="2458" VPOS="1758" WIDTH="40"/>
						<String ID="P14_ST00117" HPOS="2498" VPOS="1682" WIDTH="253" HEIGHT="51" CONTENT="sammelt" WC="0.99" CC="0110060"/>
						<SP ID="P14_SP00105" HPOS="2751" VPOS="1758" WIDTH="38"/>
						<String ID="P14_ST00118" HPOS="2789" VPOS="1682" WIDTH="166" HEIGHT="46" CONTENT="heber" SUBS_TYPE="HypPart1" SUBS_CONTENT="heberhaft" WC="0.98" CC="70304"/>
						<HYP HPOS="2955" VPOS="1682" WIDTH="33" CONTENT="-"/>
					</TextLine>
					<TextLine ID="P14_TL00014" HPOS="941" VPOS="1744" WIDTH="2048" HEIGHT="89">
						<String ID="P14_ST00119" HPOS="941" VPOS="1773" WIDTH="117" HEIGHT="57" CONTENT="haft" SUBS_TYPE="HypPart2" SUBS_CONTENT="heberhaft" WC="0.98" CC="0070"/>
						<SP ID="P14_SP00106" HPOS="1058" VPOS="1830" WIDTH="58"/>
						<String ID="P14_ST00120" HPOS="1116" VPOS="1771" WIDTH="90" HEIGHT="54" CONTENT="die" WC="0.98" CC="040"/>
						<SP ID="P14_SP00107" HPOS="1206" VPOS="1830" WIDTH="57"/>
						<String ID="P14_ST00121" HPOS="1263" VPOS="1763" WIDTH="284" HEIGHT="70" CONTENT="Scheine):" WC="1.00" CC="000010003"/>
						<SP ID="P14_SP00108" HPOS="1547" VPOS="1833" WIDTH="67"/>
						<String ID="P14_ST00122" HPOS="1614" VPOS="1761" WIDTH="392" HEIGHT="63" CONTENT="Sturmläuten," WC="1.00" CC="000400000001"/>
						<SP ID="P14_SP00109" HPOS="2006" VPOS="1833" WIDTH="59"/>
						<String ID="P14_ST00123" HPOS="2065" VPOS="1757" WIDTH="145" HEIGHT="54" CONTENT="Herr" WC="1.00" CC="0000"/>
						<SP ID="P14_SP00110" HPOS="2210" VPOS="1833" WIDTH="58"/>
						<String ID="P14_ST00124" HPOS="2268" VPOS="1752" WIDTH="154" HEIGHT="66" CONTENT="Graf," WC="0.99" CC="00050"/>
						<SP ID="P14_SP00111" HPOS="2422" VPOS="1833" WIDTH="58"/>
						<String ID="P14_ST00125" HPOS="2480" VPOS="1750" WIDTH="182" HEIGHT="66" CONTENT="zehn-," WC="1.00" CC="000040"/>
						<SP ID="P14_SP00112" HPOS="2662" VPOS="1833" WIDTH="58"/>
						<String ID="P14_ST00126" HPOS="2720" VPOS="1744" WIDTH="269" HEIGHT="59" CONTENT="zwölfmal" WC="0.99" CC="60006606"/>
					</TextLine>
					<TextLine ID="P14_TL00015" HPOS="942" VPOS="1829" WIDTH="1435" HEIGHT="75">
						<String ID="P14_ST00127" HPOS="942" VPOS="1847" WIDTH="154" HEIGHT="57" CONTENT="rasch" WC="1.00" CC="00000"/>
						<SP ID="P14_SP00113" HPOS="1096" VPOS="1904" WIDTH="39"/>
						<String ID="P14_ST00128" HPOS="1135" VPOS="1839" WIDTH="464" HEIGHT="61" CONTENT="hintereinander." WC="1.00" CC="016000056060063"/>
						<SP ID="P14_SP00114" HPOS="1599" VPOS="1904" WIDTH="77"/>
						<String ID="P14_ST00129" HPOS="1676" VPOS="1834" WIDTH="155" HEIGHT="56" CONTENT="Noch" WC="0.99" CC="4000"/>
						<SP ID="P14_SP00115" HPOS="1831" VPOS="1904" WIDTH="42"/>
						<String ID="P14_ST00130" HPOS="1873" VPOS="1829" WIDTH="223" HEIGHT="59" CONTENT="einmal!" WC="0.99" CC="0140054"/>
						<SP ID="P14_SP00116" HPOS="2096" VPOS="1904" WIDTH="79"/>
						<String ID="P14_ST00131" HPOS="2175" VPOS="1829" WIDTH="202" HEIGHT="70" CONTENT="Fertig." WC="0.99" CC="0060204"/>
					</TextLine>
					<TextLine ID="P14_TL00016" HPOS="1108" VPOS="1908" WIDTH="1649" HEIGHT="82">
						<String ID="P14_ST00132" HPOS="1108" VPOS="1932" WIDTH="125" HEIGHT="58" CONTENT="(Auf." WC="0.99" CC="00054" STYLEREFS="TXT_1"/>
						<SP ID="P14_SP00117" HPOS="1233" VPOS="1990" WIDTH="62"/>
						<String ID="P14_ST00133" HPOS="1295" VPOS="1928" WIDTH="61" HEIGHT="46" CONTENT="Im" WC="0.42" CC="55" STYLEREFS="TXT_1"/>
						<SP ID="P14_SP00118" HPOS="1356" VPOS="1990" WIDTH="32"/>
						<String ID="P14_ST00134" HPOS="1388" VPOS="1927" WIDTH="156" HEIGHT="46" CONTENT="selben" WC="0.99" CC="005005" STYLEREFS="TXT_1"/>
						<SP ID="P14_SP00119" HPOS="1544" VPOS="1990" WIDTH="32"/>
						<String ID="P14_ST00135" HPOS="1576" VPOS="1923" WIDTH="286" HEIGHT="59" CONTENT="Augenblick" WC="0.99" CC="0570044004" STYLEREFS="TXT_1"/>
						<SP ID="P14_SP00120" HPOS="1862" VPOS="1990" WIDTH="31"/>
						<String ID="P14_ST00136" HPOS="1893" VPOS="1922" WIDTH="211" HEIGHT="43" CONTENT="kommen" WC="0.98" CC="030905" STYLEREFS="TXT_1"/>
						<SP ID="P14_SP00121" HPOS="2104" VPOS="1990" WIDTH="31"/>
						<String ID="P14_ST00137" HPOS="2135" VPOS="1918" WIDTH="94" HEIGHT="45" CONTENT="vier" WC="0.99" CC="1002" STYLEREFS="TXT_1"/>
						<SP ID="P14_SP00122" HPOS="2229" VPOS="1990" WIDTH="30"/>
						<String ID="P14_ST00138" HPOS="2259" VPOS="1916" WIDTH="184" HEIGHT="44" CONTENT="Kellner" WC="0.98" CC="4063523" STYLEREFS="TXT_1"/>
						<SP ID="P14_SP00123" HPOS="2443" VPOS="1990" WIDTH="32"/>
						<String ID="P14_ST00139" HPOS="2475" VPOS="1908" WIDTH="282" HEIGHT="61" CONTENT="angerannt.)" WC="0.99" CC="02900367530" STYLEREFS="TXT_1"/>
					</TextLine>
					<TextLine ID="P14_TL00017" HPOS="1632" VPOS="2111" WIDTH="602" HEIGHT="64">
						<String ID="P14_ST00140" HPOS="1632" VPOS="2117" WIDTH="264" HEIGHT="58" CONTENT="Vierter" WC="1.00" CC="0001004"/>
						<SP ID="P14_SP00124" HPOS="1896" VPOS="2175" WIDTH="37"/>
						<String ID="P14_ST00141" HPOS="1933" VPOS="2111" WIDTH="301" HEIGHT="59" CONTENT="Auftritt." WC="1.00" CC="006002002"/>
					</TextLine>
					<TextLine ID="P14_TL00018" HPOS="1014" VPOS="2213" WIDTH="1414" HEIGHT="62">
						<String ID="P14_ST00142" HPOS="1014" VPOS="2229" WIDTH="263" HEIGHT="46" CONTENT="Pedroso." WC="0.84" CC="00610004" STYLEREFS="TXT_1"/>
						<SP ID="P14_SP00125" HPOS="1277" VPOS="2275" WIDTH="63"/>
						<String ID="P14_ST00143" HPOS="1340" VPOS="2225" WIDTH="110" HEIGHT="45" CONTENT="Der" WC="0.98" CC="301" STYLEREFS="TXT_1"/>
						<SP ID="P14_SP00126" HPOS="1450" VPOS="2275" WIDTH="32"/>
						<String ID="P14_ST00144" HPOS="1482" VPOS="2222" WIDTH="159" HEIGHT="47" CONTENT="Erste" WC="0.99" CC="20003" STYLEREFS="TXT_1"/>
						<SP ID="P14_SP00127" HPOS="1641" VPOS="2275" WIDTH="33"/>
						<String ID="P14_ST00145" HPOS="1674" VPOS="2220" WIDTH="282" HEIGHT="44" CONTENT="Direktor." WC="0.99" CC="040000450" STYLEREFS="TXT_1"/>
						<SP ID="P14_SP00128" HPOS="1956" VPOS="2275" WIDTH="60"/>
						<String ID="P14_ST00146" HPOS="2016" VPOS="2215" WIDTH="136" HEIGHT="45" CONTENT="Vier" WC="1.00" CC="0100" STYLEREFS="TXT_1"/>
						<SP ID="P14_SP00129" HPOS="2152" VPOS="2275" WIDTH="31"/>
						<String ID="P14_ST00147" HPOS="2183" VPOS="2213" WIDTH="245" HEIGHT="45" CONTENT="Kellner." WC="0.99" CC="90560000" STYLEREFS="TXT_1"/>
					</TextLine>
					<TextLine ID="P14_TL00019" HPOS="879" VPOS="2299" WIDTH="1816" HEIGHT="88">
						<String ID="P14_ST00148" HPOS="879" VPOS="2321" WIDTH="316" HEIGHT="57" CONTENT="Pedroso:" WC="0.90" CC="20000005"/>
						<SP ID="P14_SP00130" HPOS="1195" VPOS="2378" WIDTH="40"/>
						<String ID="P14_ST00149" HPOS="1235" VPOS="2318" WIDTH="86" HEIGHT="55" CONTENT="Ihr" WC="0.98" CC="500"/>
						<SP ID="P14_SP00131" HPOS="1321" VPOS="2378" WIDTH="39"/>
						<String ID="P14_ST00150" HPOS="1360" VPOS="2313" WIDTH="152" HEIGHT="57" CONTENT="müßt" WC="0.99" CC="4000"/>
						<SP ID="P14_SP00132" HPOS="1512" VPOS="2378" WIDTH="40"/>
						<String ID="P14_ST00151" HPOS="1552" VPOS="2312" WIDTH="137" HEIGHT="56" CONTENT="mich" WC="0.98" CC="0207"/>
						<SP ID="P14_SP00133" HPOS="1689" VPOS="2378" WIDTH="39"/>
						<String ID="P14_ST00152" HPOS="1728" VPOS="2305" WIDTH="419" HEIGHT="66" CONTENT="hinauswerfen," WC="1.00" CC="0310200036054"/>
						<SP ID="P14_SP00134" HPOS="2147" VPOS="2378" WIDTH="42"/>
						<String ID="P14_ST00153" HPOS="2189" VPOS="2305" WIDTH="179" HEIGHT="54" CONTENT="meine" WC="0.99" CC="00600"/>
						<SP ID="P14_SP00135" HPOS="2368" VPOS="2378" WIDTH="43"/>
						<String ID="P14_ST00154" HPOS="2411" VPOS="2299" WIDTH="284" HEIGHT="88" CONTENT="Freunde.^" WC="0.99" CC="010640038"/>
					</TextLine>
					<TextLine ID="P14_TL00020" HPOS="879" VPOS="2369" WIDTH="2126" HEIGHT="82">
						<String ID="P14_ST00155" HPOS="879" VPOS="2396" WIDTH="130" HEIGHT="55" CONTENT="£)er" WC="0.69" CC="7040"/>
						<SP ID="P14_SP00136" HPOS="1009" VPOS="2451" WIDTH="46"/>
						<String ID="P14_ST00156" HPOS="1055" VPOS="2393" WIDTH="189" HEIGHT="56" CONTENT="Erste" WC="0.97" CC="77007"/>
						<SP ID="P14_SP00137" HPOS="1244" VPOS="2451" WIDTH="47"/>
						<String ID="P14_ST00157" HPOS="1291" VPOS="2388" WIDTH="337" HEIGHT="57" CONTENT="Direktor:" WC="0.98" CC="607700077"/>
						<SP ID="P14_SP00138" HPOS="1628" VPOS="2451" WIDTH="56"/>
						<String ID="P14_ST00158" HPOS="1684" VPOS="2383" WIDTH="108" HEIGHT="56" CONTENT="Die" WC="0.95" CC="067"/>
						<SP ID="P14_SP00139" HPOS="1792" VPOS="2451" WIDTH="47"/>
						<String ID="P14_ST00159" HPOS="1839" VPOS="2380" WIDTH="228" HEIGHT="56" CONTENT="Kellner" WC="0.97" CC="0726777"/>
						<SP ID="P14_SP00140" HPOS="2067" VPOS="2451" WIDTH="43"/>
						<String ID="P14_ST00160" HPOS="2110" VPOS="2377" WIDTH="224" HEIGHT="57" CONTENT="werden" WC="0.97" CC="077077"/>
						<SP ID="P14_SP00141" HPOS="2334" VPOS="2451" WIDTH="48"/>
						<String ID="P14_ST00161" HPOS="2382" VPOS="2374" WIDTH="118" HEIGHT="56" CONTENT="fünf" WC="0.97" CC="7006"/>
						<SP ID="P14_SP00142" HPOS="2500" VPOS="2451" WIDTH="45"/>
						<String ID="P14_ST00162" HPOS="2545" VPOS="2371" WIDTH="235" HEIGHT="58" CONTENT="Schritte" WC="0.99" CC="10070067"/>
						<SP ID="P14_SP00143" HPOS="2780" VPOS="2451" WIDTH="47"/>
						<String ID="P14_ST00163" HPOS="2827" VPOS="2369" WIDTH="178" HEIGHT="55" CONTENT="hinter" WC="0.98" CC="027077"/>
					</TextLine>
					<TextLine ID="P14_TL00021" HPOS="956" VPOS="2464" WIDTH="472" HEIGHT="74">
						<String ID="P14_ST00164" HPOS="956" VPOS="2471" WIDTH="168" HEIGHT="53" CONTENT="Ihnen" WC="0.99" CC="60201"/>
						<SP ID="P14_SP00144" HPOS="1124" VPOS="2524" WIDTH="39"/>
						<String ID="P14_ST00165" HPOS="1163" VPOS="2464" WIDTH="265" HEIGHT="74" CONTENT="hergehn." WC="1.00" CC="00000031"/>
					</TextLine>
					<TextLine ID="P14_TL00022" HPOS="885" VPOS="2529" WIDTH="1026" HEIGHT="71">
						<String ID="P14_ST00166" HPOS="885" VPOS="2542" WIDTH="321" HEIGHT="58" CONTENT="Pedroso:" WC="0.85" CC="50002004"/>
						<SP ID="P14_SP00145" HPOS="1206" VPOS="2600" WIDTH="42"/>
						<String ID="P14_ST00167" HPOS="1248" VPOS="2538" WIDTH="83" HEIGHT="56" CONTENT="Ich" WC="0.98" CC="400"/>
						<SP ID="P14_SP00146" HPOS="1331" VPOS="2600" WIDTH="39"/>
						<String ID="P14_ST00168" HPOS="1370" VPOS="2535" WIDTH="161" HEIGHT="56" CONTENT="rühre" WC="1.00" CC="30000"/>
						<SP ID="P14_SP00147" HPOS="1531" VPOS="2600" WIDTH="41"/>
						<String ID="P14_ST00169" HPOS="1572" VPOS="2531" WIDTH="136" HEIGHT="58" CONTENT="mich" WC="0.99" CC="0300"/>
						<SP ID="P14_SP00148" HPOS="1708" VPOS="2600" WIDTH="42"/>
						<String ID="P14_ST00170" HPOS="1750" VPOS="2529" WIDTH="161" HEIGHT="56" CONTENT="nicht." WC="0.99" CC="050003"/>
					</TextLine>
					<TextLine ID="P14_TL00023" HPOS="887" VPOS="2598" WIDTH="2120" HEIGHT="78">
						<String ID="P14_ST00171" HPOS="887" VPOS="2619" WIDTH="129" HEIGHT="55" CONTENT="Der" WC="0.96" CC="504"/>
						<SP ID="P14_SP00149" HPOS="1016" VPOS="2674" WIDTH="40"/>
						<String ID="P14_ST00172" HPOS="1056" VPOS="2615" WIDTH="187" HEIGHT="56" CONTENT="Erste" WC="0.99" CC="40000"/>
						<SP ID="P14_SP00150" HPOS="1243" VPOS="2674" WIDTH="41"/>
						<String ID="P14_ST00173" HPOS="1284" VPOS="2610" WIDTH="311" HEIGHT="57" CONTENT="Direktor" WC="1.00" CC="04200000"/>
						<SP ID="P14_SP00151" HPOS="1595" VPOS="2674" WIDTH="47"/>
						<String ID="P14_ST00174" HPOS="1642" VPOS="2606" WIDTH="90" HEIGHT="70" CONTENT="(zu" WC="0.98" CC="203"/>
						<SP ID="P14_SP00152" HPOS="1732" VPOS="2676" WIDTH="39"/>
						<String ID="P14_ST00175" HPOS="1771" VPOS="2601" WIDTH="299" HEIGHT="70" CONTENT="Pedroso):" WC="0.96" CC="000000200"/>
						<SP ID="P14_SP00153" HPOS="2070" VPOS="2676" WIDTH="48"/>
						<String ID="P14_ST00176" HPOS="2118" VPOS="2599" WIDTH="117" HEIGHT="56" CONTENT="Der" WC="0.98" CC="400"/>
						<SP ID="P14_SP00154" HPOS="2235" VPOS="2676" WIDTH="46"/>
						<String ID="P14_ST00177" HPOS="2281" VPOS="2598" WIDTH="143" HEIGHT="54" CONTENT="Herr" WC="0.99" CC="0040"/>
						<SP ID="P14_SP00155" HPOS="2424" VPOS="2676" WIDTH="48"/>
						<String ID="P14_ST00178" HPOS="2472" VPOS="2598" WIDTH="138" HEIGHT="52" CONTENT="Graf" WC="0.96" CC="9106"/>
						<SP ID="P14_SP00156" HPOS="2610" VPOS="2676" WIDTH="48"/>
						<String ID="P14_ST00179" HPOS="2658" VPOS="2598" WIDTH="197" HEIGHT="64" CONTENT="begibt" WC="0.99" CC="200550"/>
						<SP ID="P14_SP00157" HPOS="2855" VPOS="2676" WIDTH="44"/>
						<String ID="P14_ST00180" HPOS="2899" VPOS="2598" WIDTH="108" HEIGHT="47" CONTENT="sich" WC="0.99" CC="0103"/>
					</TextLine>
					<TextLine ID="P14_TL00024" HPOS="964" VPOS="2661" WIDTH="2052" HEIGHT="91">
						<String ID="P14_ST00181" HPOS="964" VPOS="2691" WIDTH="137" HEIGHT="55" CONTENT="über" WC="0.97" CC="0077"/>
						<SP ID="P14_SP00158" HPOS="1101" VPOS="2746" WIDTH="46"/>
						<String ID="P14_ST00182" HPOS="1147" VPOS="2690" WIDTH="92" HEIGHT="54" CONTENT="die" WC="0.94" CC="907"/>
						<SP ID="P14_SP00159" HPOS="1239" VPOS="2746" WIDTH="47"/>
						<String ID="P14_ST00183" HPOS="1286" VPOS="2686" WIDTH="400" HEIGHT="66" CONTENT="Diensttreppe" WC="0.99" CC="630704270400"/>
						<SP ID="P14_SP00160" HPOS="1686" VPOS="2752" WIDTH="49"/>
						<String ID="P14_ST00184" HPOS="1735" VPOS="2681" WIDTH="83" HEIGHT="52" CONTENT="ins" WC="0.98" CC="050"/>
						<SP ID="P14_SP00161" HPOS="1818" VPOS="2752" WIDTH="48"/>
						<String ID="P14_ST00185" HPOS="1866" VPOS="2677" WIDTH="172" HEIGHT="55" CONTENT="Freie." WC="0.99" CC="100174"/>
						<SP ID="P14_SP00162" HPOS="2038" VPOS="2752" WIDTH="80"/>
						<String ID="P14_ST00186" HPOS="2118" VPOS="2672" WIDTH="100" HEIGHT="72" CONTENT="(Zu" WC="0.97" CC="303"/>
						<SP ID="P14_SP00163" HPOS="2218" VPOS="2752" WIDTH="49"/>
						<String ID="P14_ST00187" HPOS="2267" VPOS="2671" WIDTH="109" HEIGHT="54" CONTENT="den" WC="1.00" CC="000"/>
						<SP ID="P14_SP00164" HPOS="2376" VPOS="2752" WIDTH="50"/>
						<String ID="P14_ST00188" HPOS="2426" VPOS="2665" WIDTH="311" HEIGHT="69" CONTENT="Kellnern):" WC="0.99" CC="2043007047"/>
						<SP ID="P14_SP00165" HPOS="2737" VPOS="2752" WIDTH="55"/>
						<String ID="P14_ST00189" HPOS="2792" VPOS="2665" WIDTH="55" HEIGHT="53" CONTENT="In" WC="0.65" CC="70"/>
						<SP ID="P14_SP00166" HPOS="2847" VPOS="2752" WIDTH="48"/>
						<String ID="P14_ST00190" HPOS="2895" VPOS="2661" WIDTH="121" HEIGHT="57" CONTENT="fünf" WC="0.97" CC="6006"/>
					</TextLine>
					<TextLine ID="P14_TL00025" HPOS="964" VPOS="2739" WIDTH="2047" HEIGHT="82">
						<String ID="P14_ST00191" HPOS="964" VPOS="2765" WIDTH="249" HEIGHT="56" CONTENT="Minuten" WC="1.00" CC="0050000"/>
						<SP ID="P14_SP00167" HPOS="1213" VPOS="2821" WIDTH="39"/>
						<String ID="P14_ST00192" HPOS="1252" VPOS="2764" WIDTH="72" HEIGHT="53" CONTENT="ist" WC="0.98" CC="500"/>
						<SP ID="P14_SP00168" HPOS="1324" VPOS="2821" WIDTH="38"/>
						<String ID="P14_ST00193" HPOS="1362" VPOS="2760" WIDTH="101" HEIGHT="55" CONTENT="der" WC="0.99" CC="003"/>
						<SP ID="P14_SP00169" HPOS="1463" VPOS="2821" WIDTH="39"/>
						<String ID="P14_ST00194" HPOS="1502" VPOS="2756" WIDTH="145" HEIGHT="55" CONTENT="Herr" WC="0.99" CC="0004"/>
						<SP ID="P14_SP00170" HPOS="1647" VPOS="2821" WIDTH="38"/>
						<String ID="P14_ST00195" HPOS="1685" VPOS="2752" WIDTH="138" HEIGHT="56" CONTENT="Graf" WC="0.97" CC="0056"/>
						<SP ID="P14_SP00171" HPOS="1823" VPOS="2821" WIDTH="39"/>
						<String ID="P14_ST00196" HPOS="1862" VPOS="2773" WIDTH="99" HEIGHT="33" CONTENT="aus" WC="1.00" CC="000"/>
						<SP ID="P14_SP00172" HPOS="1961" VPOS="2821" WIDTH="45"/>
						<String ID="P14_ST00197" HPOS="2006" VPOS="2750" WIDTH="129" HEIGHT="55" CONTENT="dem" WC="1.00" CC="000"/>
						<SP ID="P14_SP00173" HPOS="2135" VPOS="2821" WIDTH="40"/>
						<String ID="P14_ST00198" HPOS="2175" VPOS="2745" WIDTH="188" HEIGHT="57" CONTENT="Hotel." WC="0.99" CC="000054"/>
						<SP ID="P14_SP00174" HPOS="2363" VPOS="2821" WIDTH="78"/>
						<String ID="P14_ST00199" HPOS="2441" VPOS="2741" WIDTH="263" HEIGHT="57" CONTENT="Tausend" WC="1.00" CC="6000000"/>
						<SP ID="P14_SP00175" HPOS="2704" VPOS="2821" WIDTH="39"/>
						<String ID="P14_ST00200" HPOS="2743" VPOS="2739" WIDTH="268" HEIGHT="64" CONTENT="Franken," WC="0.99" CC="00060030"/>
					</TextLine>
					<TextLine ID="P14_TL00026" HPOS="967" VPOS="2810" WIDTH="2049" HEIGHT="86">
						<String ID="P14_ST00201" HPOS="967" VPOS="2849" WIDTH="159" HEIGHT="46" CONTENT="unter" WC="0.97" CC="30077"/>
						<SP ID="P14_SP00176" HPOS="1126" VPOS="2895" WIDTH="46"/>
						<String ID="P14_ST00202" HPOS="1172" VPOS="2835" WIDTH="133" HEIGHT="57" CONTENT="euch" WC="0.97" CC="7007"/>
						<SP ID="P14_SP00177" HPOS="1305" VPOS="2895" WIDTH="49"/>
						<String ID="P14_ST00203" HPOS="1354" VPOS="2855" WIDTH="66" HEIGHT="33" CONTENT="zu" WC="1.00" CC="00"/>
						<SP ID="P14_SP00178" HPOS="1420" VPOS="2895" WIDTH="44"/>
						<String ID="P14_ST00204" HPOS="1464" VPOS="2827" WIDTH="282" HEIGHT="66" CONTENT="verteilen," WC="0.99" CC="0700704774"/>
						<SP ID="P14_SP00179" HPOS="1746" VPOS="2895" WIDTH="48"/>
						<String ID="P14_ST00205" HPOS="1794" VPOS="2826" WIDTH="186" HEIGHT="70" CONTENT="liegen" WC="0.97" CC="607077"/>
						<SP ID="P14_SP00180" HPOS="1980" VPOS="2896" WIDTH="49"/>
						<String ID="P14_ST00206" HPOS="2029" VPOS="2821" WIDTH="92" HEIGHT="56" CONTENT="auf" WC="0.97" CC="026"/>
						<SP ID="P14_SP00181" HPOS="2121" VPOS="2896" WIDTH="45"/>
						<String ID="P14_ST00207" HPOS="2166" VPOS="2822" WIDTH="101" HEIGHT="54" CONTENT="der" WC="0.97" CC="070"/>
						<SP ID="P14_SP00182" HPOS="2267" VPOS="2896" WIDTH="45"/>
						<String ID="P14_ST00208" HPOS="2312" VPOS="2817" WIDTH="200" HEIGHT="56" CONTENT="Kasse." WC="0.98" CC="070074"/>
						<SP ID="P14_SP00183" HPOS="2512" VPOS="2896" WIDTH="84"/>
						<String ID="P14_ST00209" HPOS="2596" VPOS="2815" WIDTH="82" HEIGHT="54" CONTENT="Ich" WC="0.97" CC="700"/>
						<SP ID="P14_SP00184" HPOS="2678" VPOS="2896" WIDTH="60"/>
						<String ID="P14_ST00210" HPOS="2738" VPOS="2810" WIDTH="278" HEIGHT="73" CONTENT="empfehle" WC="0.98" CC="77067057"/>
					</TextLine>
					<TextLine ID="P14_TL00027" HPOS="971" VPOS="2907" WIDTH="395" HEIGHT="72">
						<String ID="P14_ST00211" HPOS="971" VPOS="2911" WIDTH="155" HEIGHT="57" CONTENT="mich." WC="0.99" CC="03004"/>
						<SP ID="P14_SP00185" HPOS="1126" VPOS="2968" WIDTH="79"/>
						<String ID="P14_ST00212" HPOS="1205" VPOS="2907" WIDTH="161" HEIGHT="72" CONTENT="(Ab.)" WC="0.99" CC="30240"/>
					</TextLine>
					<TextLine ID="P14_TL00028" HPOS="1652" VPOS="3034" WIDTH="612" HEIGHT="63">
						<String ID="P14_ST00213" HPOS="1652" VPOS="3039" WIDTH="268" HEIGHT="58" CONTENT="Fünfter" WC="0.99" CC="4055000"/>
						<SP ID="P14_SP00186" HPOS="1920" VPOS="3097" WIDTH="46"/>
						<String ID="P14_ST00214" HPOS="1966" VPOS="3034" WIDTH="298" HEIGHT="58" CONTENT="Auftritt." WC="0.99" CC="257000003"/>
					</TextLine>
					<TextLine ID="P14_TL00029" HPOS="1033" VPOS="3149" WIDTH="733" HEIGHT="51">
						<String ID="P14_ST00215" HPOS="1033" VPOS="3156" WIDTH="263" HEIGHT="44" CONTENT="Pedroso." WC="0.82" CC="00072004" STYLEREFS="TXT_1"/>
						<SP ID="P14_SP00187" HPOS="1296" VPOS="3200" WIDTH="61"/>
						<String ID="P14_ST00216" HPOS="1357" VPOS="3150" WIDTH="131" HEIGHT="46" CONTENT="Vier" WC="0.97" CC="0177" STYLEREFS="TXT_1"/>
						<SP ID="P14_SP00188" HPOS="1488" VPOS="3200" WIDTH="33"/>
						<String ID="P14_ST00217" HPOS="1521" VPOS="3149" WIDTH="245" HEIGHT="45" CONTENT="Kellner." WC="0.99" CC="50067003" STYLEREFS="TXT_1"/>
					</TextLine>
					<TextLine ID="P14_TL00030" HPOS="904" VPOS="3215" WIDTH="2125" HEIGHT="87">
						<String ID="P14_ST00218" HPOS="904" VPOS="3245" WIDTH="319" HEIGHT="57" CONTENT="Pedroso:" WC="0.93" CC="00030001"/>
						<SP ID="P14_SP00189" HPOS="1223" VPOS="3302" WIDTH="61"/>
						<String ID="P14_ST00219" HPOS="1284" VPOS="3241" WIDTH="143" HEIGHT="56" CONTENT="Zwei" WC="1.00" CC="0000"/>
						<SP ID="P14_SP00190" HPOS="1427" VPOS="3302" WIDTH="61"/>
						<String ID="P14_ST00220" HPOS="1488" VPOS="3262" WIDTH="67" HEIGHT="31" CONTENT="an" WC="0.74" CC="05"/>
						<SP ID="P14_SP00191" HPOS="1555" VPOS="3302" WIDTH="49"/>
						<String ID="P14_ST00221" HPOS="1604" VPOS="3238" WIDTH="91" HEIGHT="54" CONTENT="die" WC="1.00" CC="000"/>
						<SP ID="P14_SP00192" HPOS="1695" VPOS="3302" WIDTH="47"/>
						<String ID="P14_ST00222" HPOS="1742" VPOS="3235" WIDTH="189" HEIGHT="65" CONTENT="Arme," WC="0.99" CC="04000"/>
						<SP ID="P14_SP00193" HPOS="1931" VPOS="3302" WIDTH="49"/>
						<String ID="P14_ST00223" HPOS="1980" VPOS="3233" WIDTH="130" HEIGHT="53" CONTENT="zwei" WC="0.98" CC="2006"/>
						<SP ID="P14_SP00194" HPOS="2110" VPOS="3302" WIDTH="58"/>
						<String ID="P14_ST00224" HPOS="2168" VPOS="3250" WIDTH="67" HEIGHT="33" CONTENT="an" WC="0.75" CC="05"/>
						<SP ID="P14_SP00195" HPOS="2235" VPOS="3302" WIDTH="48"/>
						<String ID="P14_ST00225" HPOS="2283" VPOS="3227" WIDTH="92" HEIGHT="55" CONTENT="die" WC="0.99" CC="010"/>
						<SP ID="P14_SP00196" HPOS="2375" VPOS="3302" WIDTH="48"/>
						<String ID="P14_ST00226" HPOS="2423" VPOS="3222" WIDTH="170" HEIGHT="59" CONTENT="Füße." WC="0.99" CC="00004"/>
						<SP ID="P14_SP00197" HPOS="2593" VPOS="3302" WIDTH="89"/>
						<String ID="P14_ST00227" HPOS="2682" VPOS="3219" WIDTH="180" HEIGHT="57" CONTENT="Durch" WC="0.99" CC="02006"/>
						<SP ID="P14_SP00198" HPOS="2862" VPOS="3302" WIDTH="55"/>
						<String ID="P14_ST00228" HPOS="2917" VPOS="3215" WIDTH="112" HEIGHT="56" CONTENT="den" WC="0.98" CC="004"/>
					</TextLine>
					<TextLine ID="P14_TL00031" HPOS="980" VPOS="3293" WIDTH="2049" HEIGHT="86">
						<String ID="P14_ST00229" HPOS="980" VPOS="3329" WIDTH="159" HEIGHT="47" CONTENT="roten" WC="0.99" CC="40000"/>
						<SP ID="P14_SP00199" HPOS="1139" VPOS="3376" WIDTH="38"/>
						<String ID="P14_ST00230" HPOS="1177" VPOS="3318" WIDTH="114" HEIGHT="54" CONTENT="und" WC="0.96" CC="540"/>
						<SP ID="P14_SP00200" HPOS="1291" VPOS="3376" WIDTH="40"/>
						<String ID="P14_ST00231" HPOS="1331" VPOS="3315" WIDTH="202" HEIGHT="56" CONTENT="blauen" WC="0.99" CC="510500"/>
						<SP ID="P14_SP00201" HPOS="1533" VPOS="3376" WIDTH="26"/>
						<String ID="P14_ST00232" HPOS="1559" VPOS="3313" WIDTH="188" HEIGHT="66" CONTENT="Salon," WC="0.99" CC="103004"/>
						<SP ID="P14_SP00202" HPOS="1747" VPOS="3379" WIDTH="42"/>
						<String ID="P14_ST00233" HPOS="1789" VPOS="3309" WIDTH="165" HEIGHT="56" CONTENT="durch" WC="0.99" CC="00006"/>
						<SP ID="P14_SP00203" HPOS="1954" VPOS="3379" WIDTH="43"/>
						<String ID="P14_ST00234" HPOS="1997" VPOS="3305" WIDTH="99" HEIGHT="56" CONTENT="das" WC="1.00" CC="000"/>
						<SP ID="P14_SP00204" HPOS="2096" VPOS="3379" WIDTH="28"/>
						<String ID="P14_ST00235" HPOS="2124" VPOS="3301" WIDTH="276" HEIGHT="59" CONTENT="Vestibül." WC="1.00" CC="000030054"/>
						<SP ID="P14_SP00205" HPOS="2400" VPOS="3379" WIDTH="57"/>
						<String ID="P14_ST00236" HPOS="2457" VPOS="3296" WIDTH="182" HEIGHT="60" CONTENT="Werft" WC="0.98" CC="50060"/>
						<SP ID="P14_SP00206" HPOS="2639" VPOS="3379" WIDTH="38"/>
						<String ID="P14_ST00237" HPOS="2677" VPOS="3295" WIDTH="137" HEIGHT="56" CONTENT="mich" WC="0.98" CC="0505"/>
						<SP ID="P14_SP00207" HPOS="2814" VPOS="3379" WIDTH="28"/>
						<String ID="P14_ST00238" HPOS="2842" VPOS="3314" WIDTH="55" HEIGHT="34" CONTENT="in" WC="0.41" CC="55"/>
						<SP ID="P14_SP00208" HPOS="2897" VPOS="3379" WIDTH="40"/>
						<String ID="P14_ST00239" HPOS="2937" VPOS="3293" WIDTH="92" HEIGHT="53" CONTENT="die" WC="0.98" CC="060"/>
					</TextLine>
					<TextLine ID="P14_TL00032" HPOS="981" VPOS="3366" WIDTH="2048" HEIGHT="82">
						<String ID="P14_ST00240" HPOS="981" VPOS="3394" WIDTH="261" HEIGHT="54" CONTENT="Drehtür." WC="0.99" CC="60700074"/>
						<SP ID="P14_SP00209" HPOS="1242" VPOS="3448" WIDTH="77"/>
						<String ID="P14_ST00241" HPOS="1319" VPOS="3389" WIDTH="107" HEIGHT="54" CONTENT="Die" WC="0.97" CC="017"/>
						<SP ID="P14_SP00210" HPOS="1426" VPOS="3448" WIDTH="48"/>
						<String ID="P14_ST00242" HPOS="1474" VPOS="3387" WIDTH="243" HEIGHT="55" CONTENT="Drehtür" WC="0.99" CC="0770000"/>
						<SP ID="P14_SP00211" HPOS="1717" VPOS="3448" WIDTH="45"/>
						<String ID="P14_ST00243" HPOS="1762" VPOS="3380" WIDTH="312" HEIGHT="60" CONTENT="schleudert" WC="0.99" CC="0005700700"/>
						<SP ID="P14_SP00212" HPOS="2074" VPOS="3448" WIDTH="39"/>
						<String ID="P14_ST00244" HPOS="2113" VPOS="3377" WIDTH="136" HEIGHT="55" CONTENT="mich" WC="0.97" CC="7400"/>
						<SP ID="P14_SP00213" HPOS="2249" VPOS="3448" WIDTH="42"/>
						<String ID="P14_ST00245" HPOS="2291" VPOS="3375" WIDTH="91" HEIGHT="56" CONTENT="auf" WC="0.97" CC="007"/>
						<SP ID="P14_SP00214" HPOS="2382" VPOS="3448" WIDTH="41"/>
						<String ID="P14_ST00246" HPOS="2423" VPOS="3374" WIDTH="90" HEIGHT="54" CONTENT="die" WC="0.97" CC="007"/>
						<SP ID="P14_SP00215" HPOS="2513" VPOS="3448" WIDTH="39"/>
						<String ID="P14_ST00247" HPOS="2552" VPOS="3371" WIDTH="242" HEIGHT="70" CONTENT="Treppe." WC="0.98" CC="0770073"/>
						<SP ID="P14_SP00216" HPOS="2794" VPOS="3448" WIDTH="77"/>
						<String ID="P14_ST00248" HPOS="2871" VPOS="3366" WIDTH="158" HEIGHT="68" CONTENT="(Zum" WC="0.98" CC="4007"/>
					</TextLine>
					<TextLine ID="P14_TL00033" HPOS="985" VPOS="3440" WIDTH="2047" HEIGHT="101">
						<String ID="P14_ST00249" HPOS="985" VPOS="3466" WIDTH="235" HEIGHT="75" CONTENT="größten" WC="1.00" CC="0500000"/>
						<SP ID="P14_SP00217" HPOS="1220" VPOS="3541" WIDTH="40"/>
						<String ID="P14_ST00250" HPOS="1260" VPOS="3465" WIDTH="100" HEIGHT="56" CONTENT="der" WC="1.00" CC="000"/>
						<SP ID="P14_SP00218" HPOS="1360" VPOS="3541" WIDTH="27"/>
						<String ID="P14_ST00251" HPOS="1387" VPOS="3461" WIDTH="271" HEIGHT="70" CONTENT="Kellner):" WC="0.99" CC="002660000"/>
						<SP ID="P14_SP00219" HPOS="1658" VPOS="3541" WIDTH="42"/>
						<String ID="P14_ST00252" HPOS="1700" VPOS="3459" WIDTH="89" HEIGHT="55" CONTENT="Du" WC="0.67" CC="32"/>
						<SP ID="P14_SP00220" HPOS="1789" VPOS="3541" WIDTH="42"/>
						<String ID="P14_ST00253" HPOS="1831" VPOS="3460" WIDTH="95" HEIGHT="53" CONTENT="mit" WC="0.96" CC="450"/>
						<SP ID="P14_SP00221" HPOS="1926" VPOS="3541" WIDTH="30"/>
						<String ID="P14_ST00254" HPOS="1956" VPOS="3455" WIDTH="217" HEIGHT="54" CONTENT="deinem" WC="0.99" CC="003030"/>
						<SP ID="P14_SP00222" HPOS="2173" VPOS="3541" WIDTH="30"/>
						<String ID="P14_ST00255" HPOS="2203" VPOS="3451" WIDTH="240" HEIGHT="56" CONTENT="schönen" WC="1.00" CC="0000400"/>
						<SP ID="P14_SP00223" HPOS="2443" VPOS="3541" WIDTH="41"/>
						<String ID="P14_ST00256" HPOS="2484" VPOS="3445" WIDTH="214" HEIGHT="75" CONTENT="großen" WC="1.00" CC="001003"/>
						<SP ID="P14_SP00224" HPOS="2698" VPOS="3541" WIDTH="30"/>
						<String ID="P14_ST00257" HPOS="2728" VPOS="3440" WIDTH="115" HEIGHT="58" CONTENT="Fuß" WC="1.00" CC="000"/>
						<SP ID="P14_SP00225" HPOS="2843" VPOS="3541" WIDTH="41"/>
						<String ID="P14_ST00258" HPOS="2884" VPOS="3442" WIDTH="148" HEIGHT="52" CONTENT="wirst" WC="0.99" CC="05400"/>
					</TextLine>
					<TextLine ID="P14_TL00034" HPOS="986" VPOS="3514" WIDTH="2048" HEIGHT="92">
						<String ID="P14_ST00259" HPOS="986" VPOS="3541" WIDTH="138" HEIGHT="57" CONTENT="mich" WC="1.00" CC="0000"/>
						<SP ID="P14_SP00226" HPOS="1124" VPOS="3598" WIDTH="43"/>
						<String ID="P14_ST00260" HPOS="1167" VPOS="3539" WIDTH="120" HEIGHT="57" CONTENT="aufs" WC="0.99" CC="0060"/>
						<SP ID="P14_SP00227" HPOS="1287" VPOS="3598" WIDTH="40"/>
						<String ID="P14_ST00261" HPOS="1327" VPOS="3537" WIDTH="235" HEIGHT="56" CONTENT="Pflaster" WC="0.99" CC="07600000"/>
						<SP ID="P14_SP00228" HPOS="1562" VPOS="3598" WIDTH="38"/>
						<String ID="P14_ST00262" HPOS="1600" VPOS="3535" WIDTH="183" HEIGHT="71" CONTENT="fegen." WC="0.99" CC="200013"/>
						<SP ID="P14_SP00229" HPOS="1783" VPOS="3606" WIDTH="79"/>
						<String ID="P14_ST00263" HPOS="1862" VPOS="3531" WIDTH="142" HEIGHT="55" CONTENT="Dort" WC="0.99" CC="1020"/>
						<SP ID="P14_SP00230" HPOS="2004" VPOS="3606" WIDTH="37"/>
						<String ID="P14_ST00264" HPOS="2041" VPOS="3525" WIDTH="260" HEIGHT="75" CONTENT="gedenke" WC="1.00" CC="0000000"/>
						<SP ID="P14_SP00231" HPOS="2301" VPOS="3606" WIDTH="41"/>
						<String ID="P14_ST00265" HPOS="2342" VPOS="3523" WIDTH="81" HEIGHT="56" CONTENT="ich" WC="1.00" CC="000"/>
						<SP ID="P14_SP00232" HPOS="2423" VPOS="3606" WIDTH="42"/>
						<String ID="P14_ST00266" HPOS="2465" VPOS="3544" WIDTH="66" HEIGHT="33" CONTENT="zu" WC="1.00" CC="00"/>
						<SP ID="P14_SP00233" HPOS="2531" VPOS="3606" WIDTH="40"/>
						<String ID="P14_ST00267" HPOS="2571" VPOS="3521" WIDTH="202" HEIGHT="68" CONTENT="liegen," WC="1.00" CC="0000042"/>
						<SP ID="P14_SP00234" HPOS="2773" VPOS="3606" WIDTH="42"/>
						<String ID="P14_ST00268" HPOS="2815" VPOS="3516" WIDTH="89" HEIGHT="54" CONTENT="bis" WC="0.95" CC="660"/>
						<SP ID="P14_SP00235" HPOS="2904" VPOS="3606" WIDTH="38"/>
						<String ID="P14_ST00269" HPOS="2942" VPOS="3514" WIDTH="92" HEIGHT="53" CONTENT="die" WC="0.98" CC="050"/>
					</TextLine>
					<TextLine ID="P14_TL00035" HPOS="988" VPOS="3589" WIDTH="2048" HEIGHT="82">
						<String ID="P14_ST00270" HPOS="988" VPOS="3616" WIDTH="185" HEIGHT="55" CONTENT="Autos" WC="1.00" CC="00000"/>
						<SP ID="P14_SP00236" HPOS="1173" VPOS="3671" WIDTH="59"/>
						<String ID="P14_ST00271" HPOS="1232" VPOS="3615" WIDTH="208" HEIGHT="53" CONTENT="meiner" WC="0.99" CC="404005"/>
						<SP ID="P14_SP00237" HPOS="1440" VPOS="3671" WIDTH="57"/>
						<String ID="P14_ST00272" HPOS="1497" VPOS="3607" WIDTH="253" HEIGHT="59" CONTENT="Freunde" WC="1.00" CC="0000202"/>
						<SP ID="P14_SP00238" HPOS="1750" VPOS="3671" WIDTH="59"/>
						<String ID="P14_ST00273" HPOS="1809" VPOS="3603" WIDTH="91" HEIGHT="56" CONTENT="die" WC="1.00" CC="000"/>
						<SP ID="P14_SP00239" HPOS="1900" VPOS="3671" WIDTH="58"/>
						<String ID="P14_ST00274" HPOS="1958" VPOS="3600" WIDTH="201" HEIGHT="59" CONTENT="Straße" WC="1.00" CC="000000"/>
						<SP ID="P14_SP00240" HPOS="2159" VPOS="3671" WIDTH="51"/>
						<String ID="P14_ST00275" HPOS="2210" VPOS="3596" WIDTH="275" HEIGHT="72" CONTENT="verstopft" WC="1.00" CC="001000030"/>
						<SP ID="P14_SP00241" HPOS="2485" VPOS="3671" WIDTH="57"/>
						<String ID="P14_ST00276" HPOS="2542" VPOS="3592" WIDTH="184" HEIGHT="57" CONTENT="haben" WC="0.99" CC="70000"/>
						<SP ID="P14_SP00242" HPOS="2726" VPOS="3671" WIDTH="59"/>
						<String ID="P14_ST00277" HPOS="2785" VPOS="3589" WIDTH="113" HEIGHT="55" CONTENT="und" WC="0.99" CC="030"/>
						<SP ID="P14_SP00243" HPOS="2898" VPOS="3671" WIDTH="47"/>
						<String ID="P14_ST00278" HPOS="2945" VPOS="3589" WIDTH="91" HEIGHT="51" CONTENT="die" WC="0.99" CC="030"/>
					</TextLine>
					<TextLine ID="P14_TL00036" HPOS="988" VPOS="3680" WIDTH="768" HEIGHT="67">
						<String ID="P14_ST00279" HPOS="988" VPOS="3691" WIDTH="206" HEIGHT="56" CONTENT="Polizei" WC="0.99" CC="4061001"/>
						<SP ID="P14_SP00244" HPOS="1194" VPOS="3747" WIDTH="40"/>
						<String ID="P14_ST00280" HPOS="1234" VPOS="3686" WIDTH="137" HEIGHT="57" CONTENT="mich" WC="0.98" CC="0105"/>
						<SP ID="P14_SP00245" HPOS="1371" VPOS="3747" WIDTH="41"/>
						<String ID="P14_ST00281" HPOS="1412" VPOS="3685" WIDTH="133" HEIGHT="56" CONTENT="holt." WC="0.99" CC="00402"/>
						<SP ID="P14_SP00246" HPOS="1545" VPOS="3747" WIDTH="79"/>
						<String ID="P14_ST00282" HPOS="1624" VPOS="3680" WIDTH="132" HEIGHT="58" CONTENT="Los!" WC="0.99" CC="0005"/>
					</TextLine>
					<TextLine ID="P14_TL00037" HPOS="918" VPOS="3743" WIDTH="2122" HEIGHT="79">
						<String ID="P14_ST00283" HPOS="918" VPOS="3766" WIDTH="122" HEIGHT="56" CONTENT="Die" WC="0.98" CC="320"/>
						<SP ID="P14_SP00247" HPOS="1040" VPOS="3822" WIDTH="39"/>
						<String ID="P14_ST00284" HPOS="1079" VPOS="3763" WIDTH="156" HEIGHT="58" CONTENT="Vier" WC="0.99" CC="0300"/>
						<SP ID="P14_SP00248" HPOS="1235" VPOS="3822" WIDTH="47"/>
						<String ID="P14_ST00285" HPOS="1282" VPOS="3760" WIDTH="295" HEIGHT="57" CONTENT="Kellner:" WC="1.00" CC="00440000"/>
						<SP ID="P14_SP00249" HPOS="1577" VPOS="3822" WIDTH="60"/>
						<String ID="P14_ST00286" HPOS="1637" VPOS="3752" WIDTH="261" HEIGHT="60" CONTENT="Tausend" WC="1.00" CC="0000010"/>
						<SP ID="P14_SP00250" HPOS="1898" VPOS="3822" WIDTH="47"/>
						<String ID="P14_ST00287" HPOS="1945" VPOS="3748" WIDTH="267" HEIGHT="66" CONTENT="Franken," WC="1.00" CC="03050000"/>
						<SP ID="P14_SP00251" HPOS="2212" VPOS="3822" WIDTH="52"/>
						<String ID="P14_ST00288" HPOS="2264" VPOS="3755" WIDTH="159" HEIGHT="46" CONTENT="unter" WC="0.99" CC="62001"/>
						<SP ID="P14_SP00252" HPOS="2423" VPOS="3822" WIDTH="58"/>
						<String ID="P14_ST00289" HPOS="2481" VPOS="3765" WIDTH="101" HEIGHT="34" CONTENT="uns" WC="0.99" CC="200"/>
						<SP ID="P14_SP00253" HPOS="2582" VPOS="3822" WIDTH="58"/>
						<String ID="P14_ST00290" HPOS="2640" VPOS="3762" WIDTH="66" HEIGHT="33" CONTENT="zu" WC="0.94" CC="10"/>
						<SP ID="P14_SP00254" HPOS="2706" VPOS="3822" WIDTH="51"/>
						<String ID="P14_ST00291" HPOS="2757" VPOS="3743" WIDTH="283" HEIGHT="56" CONTENT="verteilen," WC="0.99" CC="0030026034"/>
					</TextLine>
					<TextLine ID="P14_TL00038" HPOS="994" VPOS="3832" WIDTH="694" HEIGHT="79">
						<String ID="P14_ST00292" HPOS="994" VPOS="3840" WIDTH="184" HEIGHT="71" CONTENT="liegen" WC="0.99" CC="500002"/>
						<SP ID="P14_SP00255" HPOS="1178" VPOS="3911" WIDTH="41"/>
						<String ID="P14_ST00293" HPOS="1219" VPOS="3836" WIDTH="93" HEIGHT="56" CONTENT="auf" WC="0.98" CC="006"/>
						<SP ID="P14_SP00256" HPOS="1312" VPOS="3911" WIDTH="39"/>
						<String ID="P14_ST00294" HPOS="1351" VPOS="3835" WIDTH="100" HEIGHT="54" CONTENT="der" WC="1.00" CC="000"/>
						<SP ID="P14_SP00257" HPOS="1451" VPOS="3911" WIDTH="38"/>
						<String ID="P14_ST00295" HPOS="1489" VPOS="3832" WIDTH="199" HEIGHT="56" CONTENT="Kasse." WC="1.00" CC="000003"/>
					</TextLine>
					<TextLine ID="P14_TL00039" HPOS="1766" VPOS="3908" WIDTH="436" HEIGHT="64">
						<String ID="P14_ST00296" HPOS="1766" VPOS="3915" WIDTH="97" HEIGHT="57" CONTENT="(Sie" WC="0.99" CC="0030" STYLEREFS="TXT_1"/>
						<SP ID="P14_SP00258" HPOS="1863" VPOS="3972" WIDTH="30"/>
						<String ID="P14_ST00297" HPOS="1893" VPOS="3915" WIDTH="169" HEIGHT="55" CONTENT="packen" WC="1.00" CC="000040" STYLEREFS="TXT_1"/>
						<SP ID="P14_SP00259" HPOS="2062" VPOS="3972" WIDTH="33"/>
						<String ID="P14_ST00298" HPOS="2095" VPOS="3908" WIDTH="107" HEIGHT="59" CONTENT="ihn.)" WC="0.99" CC="06000" STYLEREFS="TXT_1"/>
					</TextLine>
				</TextBlock>
				<TextBlock ID="P14_TB00002" HPOS="1372" VPOS="612" WIDTH="1141" HEIGHT="69" STYLEREFS="TXT_2 PAR_RIGHT">
					<TextLine ID="P14_TL00040" HPOS="1373" VPOS="614" WIDTH="1140" HEIGHT="67">
						<String ID="P14_ST00299" HPOS="1373" VPOS="625" WIDTH="149" HEIGHT="56" CONTENT="Rene" WC="0.97" CC="9401"/>
						<SP ID="P14_SP00260" HPOS="1522" VPOS="681" WIDTH="39"/>
						<String ID="P14_ST00300" HPOS="1561" VPOS="621" WIDTH="276" HEIGHT="59" CONTENT="Schickele" WC="0.77" CC="203102503"/>
						<SP ID="P14_SP00261" HPOS="1837" VPOS="681" WIDTH="56"/>
						<String ID="P14_ST00301" HPOS="1893" VPOS="648" WIDTH="13" HEIGHT="14" CONTENT="•" WC="0.54" CC="4" STYLEREFS="TXT_3"/>
						<SP ID="P14_SP00262" HPOS="1906" VPOS="681" WIDTH="58"/>
						<String ID="P14_ST00302" HPOS="1964" VPOS="616" WIDTH="115" HEIGHT="57" CONTENT="Am" WC="1.00" CC="99"/>
						<SP ID="P14_SP00263" HPOS="2079" VPOS="681" WIDTH="43"/>
						<String ID="P14_ST00303" HPOS="2122" VPOS="614" WIDTH="391" HEIGHT="57" CONTENT="Glockenturm" WC="0.74" CC="50003421406"/>
					</TextLine>
				</TextBlock>
				<TextBlock ID="P14_TB00003" HPOS="845" VPOS="635" WIDTH="110" HEIGHT="56" STYLEREFS="TXT_4 PAR_LEFT">
					<TextLine ID="P14_TL00041" HPOS="845" VPOS="635" WIDTH="110" HEIGHT="56">
						<String ID="P14_ST00304" HPOS="845" VPOS="635" WIDTH="110" HEIGHT="56" CONTENT="110" WC="1.00" CC="000"/>
					</TextLine>
				</TextBlock>
			</PrintSpace>
		</Page>
	</Layout>
</alto>
