<?xml version="1.0" encoding="UTF-8"?>
<alto xmlns:xsi="http://www.w3.org/2001/XMLSchema-instance" xmlns="http://www.loc.gov/standards/alto/ns-v2#" xsi:schemaLocation="http://www.loc.gov/standards/alto/ns-v2# http://www.loc.gov/standards/alto/v2/alto-2-0.xsd" xmlns:xlink="http://www.w3.org/1999/xlink">
	<Description>
		<MeasurementUnit>mm10</MeasurementUnit>
		<sourceImageInformation>
			<fileName>./bmtnabr_1920-03_01_0042.jp2</fileName>
		</sourceImageInformation>
		<OCRProcessing ID="OCRPROCESSING_1">
			<preProcessingStep>
				<processingSoftware>
					<softwareCreator>CCS Content Conversion Specialists GmbH, Germany</softwareCreator>
					<softwareName>CCS docWorks</softwareName>
					<softwareVersion>6.9-1.27</softwareVersion>
				</processingSoftware>
			</preProcessingStep>
			<ocrProcessingStep>
				<processingSoftware>
					<softwareCreator>ABBYY (BIT Software), Russia</softwareCreator>
					<softwareName>FineReader</softwareName>
					<softwareVersion>11.0</softwareVersion>
				</processingSoftware>
			</ocrProcessingStep>
			<postProcessingStep>
				<processingSoftware>
					<softwareCreator>CCS Content Conversion Specialists GmbH, Germany</softwareCreator>
					<softwareName>CCS docWorks</softwareName>
					<softwareVersion>6.9-1.27</softwareVersion>
					<applicationDescription>docWorks: Text modified manually, or automatically replaced</applicationDescription>
				</processingSoftware>
			</postProcessingStep>
		</OCRProcessing>
	</Description>
	<Styles>
		<TextStyle ID="TXT_0" FONTSIZE="32" FONTFAMILY="Times New Roman"/>
		<TextStyle ID="TXT_1" FONTSIZE="28" FONTFAMILY="Times New Roman"/>
		<TextStyle ID="TXT_2" FONTSIZE="25" FONTFAMILY="Times New Roman" FONTSTYLE="italics"/>
		<TextStyle ID="TXT_3" FONTSIZE="21" FONTFAMILY="Times New Roman"/>
		<TextStyle ID="TXT_4" FONTSIZE="21" FONTFAMILY="Times New Roman" FONTSTYLE="italics"/>
		<TextStyle ID="TXT_5" FONTSIZE="19" FONTFAMILY="Times New Roman" FONTSTYLE="bold"/>
		<TextStyle ID="TXT_6" FONTSIZE="20" FONTFAMILY="Times New Roman" FONTSTYLE="italics"/>
		<TextStyle ID="TXT_7" FONTSIZE="60" FONTFAMILY="Arial"/>
		<ParagraphStyle ID="PAR_RIGHT" ALIGN="Right"/>
		<ParagraphStyle ID="PAR_LEFT" ALIGN="Left"/>
	</Styles>
	<Layout>
		<Page ID="P42" PHYSICAL_IMG_NR="42" HEIGHT="4572" WIDTH="3192" PRINTED_IMG_NR="138" PC="0.938">
			<TopMargin ID="P42_TM00001" HPOS="0" VPOS="0" WIDTH="3192" HEIGHT="302"/>
			<LeftMargin ID="P42_LM00001" HPOS="0" VPOS="302" WIDTH="102" HEIGHT="3689"/>
			<RightMargin ID="P42_RM00001" HPOS="3112" VPOS="302" WIDTH="80" HEIGHT="3689"/>
			<BottomMargin ID="P42_BM00001" HPOS="0" VPOS="3991" WIDTH="3192" HEIGHT="581"/>
			<PrintSpace ID="P42_PS00001" HPOS="102" VPOS="302" WIDTH="3010" HEIGHT="3689">
				<TextBlock ID="P42_TB00001" HPOS="927" VPOS="1175" WIDTH="2122" HEIGHT="129" STYLEREFS="TXT_0 PAR_RIGHT">
					<TextLine ID="P42_TL00001" HPOS="927" VPOS="1176" WIDTH="2121" HEIGHT="128">
						<String ID="P42_ST00001" HPOS="927" VPOS="1219" WIDTH="394" HEIGHT="85" CONTENT="KLEINE" WC="0.97" CC="445524"/>
						<SP ID="P42_SP00001" HPOS="1321" VPOS="1304" WIDTH="53"/>
						<String ID="P42_ST00002" HPOS="1374" VPOS="1194" WIDTH="879" HEIGHT="101" CONTENT="TSCHECHISCHE" WC="0.99" CC="000460640006"/>
						<SP ID="P42_SP00002" HPOS="2253" VPOS="1304" WIDTH="59"/>
						<String ID="P42_ST00003" HPOS="2312" VPOS="1176" WIDTH="736" HEIGHT="94" CONTENT="ANTHOLOGIE" WC="0.99" CC="0406000207"/>
					</TextLine>
				</TextBlock>
				<TextBlock ID="P42_TB00002" HPOS="1392" VPOS="1634" WIDTH="1216" HEIGHT="101" STYLEREFS="TXT_1 PAR_RIGHT">
					<TextLine ID="P42_TL00002" HPOS="1392" VPOS="1636" WIDTH="1216" HEIGHT="99">
						<String ID="P42_ST00004" HPOS="1392" VPOS="1656" WIDTH="602" HEIGHT="79" CONTENT="APOTHEOSE" WC="0.99" CC="100205006"/>
						<SP ID="P42_SP00003" HPOS="1994" VPOS="1735" WIDTH="46"/>
						<String ID="P42_ST00005" HPOS="2040" VPOS="1648" WIDTH="188" HEIGHT="72" CONTENT="DER" WC="0.99" CC="002"/>
						<SP ID="P42_SP00004" HPOS="2228" VPOS="1735" WIDTH="46"/>
						<String ID="P42_ST00006" HPOS="2274" VPOS="1636" WIDTH="334" HEIGHT="79" CONTENT="ÄHREN" WC="0.98" CC="20251"/>
					</TextLine>
				</TextBlock>
				<TextBlock ID="P42_TB00003" HPOS="1694" VPOS="1476" WIDTH="608" HEIGHT="75" STYLEREFS="TXT_2 PAR_RIGHT">
					<TextLine ID="P42_TL00003" HPOS="1694" VPOS="1476" WIDTH="608" HEIGHT="75">
						<String ID="P42_ST00007" HPOS="1694" VPOS="1481" WIDTH="258" HEIGHT="70" CONTENT="Otokar" WC="0.78" CC="301501"/>
						<SP ID="P42_SP00005" HPOS="1952" VPOS="1551" WIDTH="44"/>
						<String ID="P42_ST00008" HPOS="1996" VPOS="1476" WIDTH="306" HEIGHT="66" CONTENT="Březina" WC="1.00" CC="0020020"/>
					</TextLine>
				</TextBlock>
				<TextBlock ID="P42_TB00004" HPOS="946" VPOS="1811" WIDTH="2166" HEIGHT="2180" STYLEREFS="TXT_3 PAR_LEFT">
					<TextLine ID="P42_TL00004" HPOS="948" VPOS="1812" WIDTH="2121" HEIGHT="105">
						<String ID="P42_ST00009" HPOS="948" VPOS="1861" WIDTH="138" HEIGHT="56" CONTENT="Hier" WC="0.98" CC="0306"/>
						<SP ID="P42_SP00006" HPOS="1086" VPOS="1917" WIDTH="25"/>
						<String ID="P42_ST00010" HPOS="1111" VPOS="1851" WIDTH="170" HEIGHT="60" CONTENT="mach’" WC="0.97" CC="64068"/>
						<SP ID="P42_SP00007" HPOS="1281" VPOS="1917" WIDTH="31"/>
						<String ID="P42_ST00011" HPOS="1312" VPOS="1848" WIDTH="78" HEIGHT="56" CONTENT="ich" WC="0.95" CC="706"/>
						<SP ID="P42_SP00008" HPOS="1390" VPOS="1917" WIDTH="31"/>
						<String ID="P42_ST00012" HPOS="1421" VPOS="1843" WIDTH="112" HEIGHT="58" CONTENT="halt" WC="0.95" CC="3665"/>
						<SP ID="P42_SP00009" HPOS="1533" VPOS="1917" WIDTH="25"/>
						<String ID="P42_ST00013" HPOS="1558" VPOS="1840" WIDTH="114" HEIGHT="56" CONTENT="und" WC="0.94" CC="365"/>
						<SP ID="P42_SP00010" HPOS="1672" VPOS="1917" WIDTH="26"/>
						<String ID="P42_ST00014" HPOS="1698" VPOS="1835" WIDTH="91" HEIGHT="59" CONTENT="laß" WC="0.94" CC="473"/>
						<SP ID="P42_SP00011" HPOS="1789" VPOS="1917" WIDTH="28"/>
						<String ID="P42_ST00015" HPOS="1817" VPOS="1835" WIDTH="112" HEIGHT="56" CONTENT="den" WC="0.93" CC="556"/>
						<SP ID="P42_SP00012" HPOS="1929" VPOS="1917" WIDTH="28"/>
						<String ID="P42_ST00016" HPOS="1957" VPOS="1823" WIDTH="449" HEIGHT="63" CONTENT="andachtshellen" WC="0.99" CC="06060607671017"/>
						<SP ID="P42_SP00013" HPOS="2406" VPOS="1917" WIDTH="26"/>
						<String ID="P42_ST00017" HPOS="2432" VPOS="1818" WIDTH="155" HEIGHT="58" CONTENT="Blick" WC="0.98" CC="61300"/>
						<SP ID="P42_SP00014" HPOS="2587" VPOS="1917" WIDTH="33"/>
						<String ID="P42_ST00018" HPOS="2620" VPOS="1815" WIDTH="109" HEIGHT="58" CONTENT="sida" WC="0.28" CC="5787"/>
						<SP ID="P42_SP00015" HPOS="2729" VPOS="1917" WIDTH="30"/>
						<String ID="P42_ST00019" HPOS="2759" VPOS="1812" WIDTH="310" HEIGHT="69" CONTENT="schwingen" WC="0.98" CC="207604735"/>
					</TextLine>
					<TextLine ID="P42_TL00005" HPOS="948" VPOS="1886" WIDTH="1814" HEIGHT="104">
						<String ID="P42_ST00020" HPOS="948" VPOS="1932" WIDTH="77" HEIGHT="58" CONTENT="ob" WC="0.64" CC="25"/>
						<SP ID="P42_SP00016" HPOS="1025" VPOS="1990" WIDTH="28"/>
						<String ID="P42_ST00021" HPOS="1053" VPOS="1932" WIDTH="210" HEIGHT="53" CONTENT="diesem" WC="0.98" CC="002645"/>
						<SP ID="P42_SP00017" HPOS="1263" VPOS="1990" WIDTH="31"/>
						<String ID="P42_ST00022" HPOS="1294" VPOS="1919" WIDTH="152" HEIGHT="59" CONTENT="Land" WC="0.98" CC="5040"/>
						<SP ID="P42_SP00018" HPOS="1446" VPOS="1990" WIDTH="36"/>
						<String ID="P42_ST00023" HPOS="1482" VPOS="1917" WIDTH="112" HEIGHT="55" CONTENT="und" WC="0.95" CC="770"/>
						<SP ID="P42_SP00019" HPOS="1594" VPOS="1990" WIDTH="35"/>
						<String ID="P42_ST00024" HPOS="1629" VPOS="1914" WIDTH="175" HEIGHT="53" CONTENT="breite" WC="0.99" CC="350300"/>
						<SP ID="P42_SP00020" HPOS="1804" VPOS="1990" WIDTH="36"/>
						<String ID="P42_ST00025" HPOS="1840" VPOS="1927" WIDTH="180" HEIGHT="35" CONTENT="meine" WC="0.96" CC="56256"/>
						<SP ID="P42_SP00021" HPOS="2020" VPOS="1990" WIDTH="28"/>
						<String ID="P42_ST00026" HPOS="2048" VPOS="1901" WIDTH="165" HEIGHT="56" CONTENT="Seele" WC="0.98" CC="05600"/>
						<SP ID="P42_SP00022" HPOS="2213" VPOS="1990" WIDTH="28"/>
						<String ID="P42_ST00027" HPOS="2241" VPOS="1899" WIDTH="137" HEIGHT="56" CONTENT="über" WC="0.96" CC="6607"/>
						<SP ID="P42_SP00023" HPOS="2378" VPOS="1990" WIDTH="26"/>
						<String ID="P42_ST00028" HPOS="2404" VPOS="1894" WIDTH="122" HEIGHT="56" CONTENT="dies" WC="0.96" CC="0656"/>
						<SP ID="P42_SP00024" HPOS="2526" VPOS="1990" WIDTH="25"/>
						<String ID="P42_ST00029" HPOS="2551" VPOS="1911" WIDTH="109" HEIGHT="36" CONTENT="von" WC="0.95" CC="057"/>
						<SP ID="P42_SP00025" HPOS="2660" VPOS="1990" WIDTH="28"/>
						<String ID="P42_ST00030" HPOS="2688" VPOS="1886" WIDTH="74" HEIGHT="56" CONTENT="du" WC="0.29" CC="67"/>
					</TextLine>
					<TextLine ID="P42_TL00006" HPOS="951" VPOS="1962" WIDTH="2121" HEIGHT="102">
						<String ID="P42_ST00031" HPOS="951" VPOS="2005" WIDTH="114" HEIGHT="59" CONTENT="und" WC="0.95" CC="650"/>
						<SP ID="P42_SP00026" HPOS="1065" VPOS="2064" WIDTH="41"/>
						<String ID="P42_ST00032" HPOS="1106" VPOS="2005" WIDTH="68" HEIGHT="54" CONTENT="im" WC="0.89" CC="02"/>
						<SP ID="P42_SP00027" HPOS="1174" VPOS="2064" WIDTH="41"/>
						<String ID="P42_ST00033" HPOS="1215" VPOS="1998" WIDTH="226" HEIGHT="58" CONTENT="Gebete" WC="0.98" CC="055056"/>
						<SP ID="P42_SP00028" HPOS="1441" VPOS="2064" WIDTH="38"/>
						<String ID="P42_ST00034" HPOS="1479" VPOS="1993" WIDTH="135" HEIGHT="53" CONTENT="höre" WC="0.95" CC="2766"/>
						<SP ID="P42_SP00029" HPOS="1614" VPOS="2064" WIDTH="41"/>
						<String ID="P42_ST00035" HPOS="1655" VPOS="1985" WIDTH="83" HEIGHT="59" CONTENT="ich" WC="0.99" CC="200"/>
						<SP ID="P42_SP00030" HPOS="1738" VPOS="2064" WIDTH="38"/>
						<String ID="P42_ST00036" HPOS="1776" VPOS="1983" WIDTH="92" HEIGHT="55" CONTENT="die" WC="0.92" CC="956"/>
						<SP ID="P42_SP00031" HPOS="1868" VPOS="2064" WIDTH="41"/>
						<String ID="P42_ST00037" HPOS="1909" VPOS="1980" WIDTH="144" HEIGHT="56" CONTENT="Erde" WC="0.97" CC="0905"/>
						<SP ID="P42_SP00032" HPOS="2053" VPOS="2064" WIDTH="41"/>
						<String ID="P42_ST00038" HPOS="2094" VPOS="1972" WIDTH="216" HEIGHT="59" CONTENT="reifend" WC="0.97" CC="6066269"/>
						<SP ID="P42_SP00033" HPOS="2310" VPOS="2064" WIDTH="38"/>
						<String ID="P42_ST00039" HPOS="2348" VPOS="1988" WIDTH="198" HEIGHT="50" CONTENT="singen" WC="0.97" CC="741905"/>
						<SP ID="P42_SP00034" HPOS="2546" VPOS="2064" WIDTH="175"/>
						<String ID="P42_ST00040" HPOS="2721" VPOS="1962" WIDTH="351" HEIGHT="69" CONTENT="[Heiligtum," WC="0.99" CC="30405674600"/>
					</TextLine>
					<TextLine ID="P42_TL00007" HPOS="954" VPOS="2044" WIDTH="1968" HEIGHT="106">
						<String ID="P42_ST00041" HPOS="954" VPOS="2084" WIDTH="71" HEIGHT="54" CONTENT="im" WC="0.93" CC="10"/>
						<SP ID="P42_SP00035" HPOS="1025" VPOS="2138" WIDTH="40"/>
						<String ID="P42_ST00042" HPOS="1065" VPOS="2072" WIDTH="333" HEIGHT="78" CONTENT="mystischen" WC="0.99" CC="1573366002"/>
						<SP ID="P42_SP00036" HPOS="1398" VPOS="2150" WIDTH="25"/>
						<String ID="P42_ST00043" HPOS="1423" VPOS="2059" WIDTH="521" HEIGHT="63" CONTENT="Weltenorchester," WC="0.99" CC="7013075616164062"/>
						<SP ID="P42_SP00037" HPOS="1944" VPOS="2150" WIDTH="41"/>
						<String ID="P42_ST00044" HPOS="1985" VPOS="2046" WIDTH="292" HEIGHT="61" CONTENT="donnernd" WC="0.98" CC="00734670"/>
						<SP ID="P42_SP00038" HPOS="2277" VPOS="2150" WIDTH="38"/>
						<String ID="P42_ST00045" HPOS="2315" VPOS="2064" WIDTH="109" HEIGHT="35" CONTENT="von" WC="0.96" CC="063"/>
						<SP ID="P42_SP00039" HPOS="2424" VPOS="2150" WIDTH="41"/>
						<String ID="P42_ST00046" HPOS="2465" VPOS="2044" WIDTH="221" HEIGHT="50" CONTENT="deinem" WC="0.97" CC="825519"/>
						<SP ID="P42_SP00040" HPOS="2686" VPOS="2150" WIDTH="40"/>
						<String ID="P42_ST00047" HPOS="2726" VPOS="2044" WIDTH="196" HEIGHT="45" CONTENT="Kuhm." WC="0.63" CC="70460"/>
					</TextLine>
					<TextLine ID="P42_TL00008" HPOS="959" VPOS="2188" WIDTH="1706" HEIGHT="99">
						<String ID="P42_ST00048" HPOS="959" VPOS="2229" WIDTH="55" HEIGHT="58" CONTENT="O" WC="0.79" CC="2"/>
						<SP ID="P42_SP00041" HPOS="1014" VPOS="2287" WIDTH="41"/>
						<String ID="P42_ST00049" HPOS="1055" VPOS="2211" WIDTH="211" HEIGHT="76" CONTENT="Ähren," WC="0.99" CC="003342"/>
						<SP ID="P42_SP00042" HPOS="1266" VPOS="2287" WIDTH="41"/>
						<String ID="P42_ST00050" HPOS="1307" VPOS="2209" WIDTH="411" HEIGHT="66" CONTENT="Arbeitsschar!" WC="0.99" CC="0676056560306"/>
						<SP ID="P42_SP00043" HPOS="1718" VPOS="2287" WIDTH="79"/>
						<String ID="P42_ST00051" HPOS="1797" VPOS="2204" WIDTH="56" HEIGHT="58" CONTENT="O" WC="1.00" CC="0"/>
						<SP ID="P42_SP00044" HPOS="1853" VPOS="2287" WIDTH="40"/>
						<String ID="P42_ST00052" HPOS="1893" VPOS="2196" WIDTH="389" HEIGHT="63" CONTENT="Brüderschaft" WC="0.99" CC="550051350656"/>
						<SP ID="P42_SP00045" HPOS="2282" VPOS="2287" WIDTH="41"/>
						<String ID="P42_ST00053" HPOS="2323" VPOS="2191" WIDTH="124" HEIGHT="58" CONTENT="ohn’" WC="0.90" CC="4000"/>
						<SP ID="P42_SP00046" HPOS="2447" VPOS="2287" WIDTH="43"/>
						<String ID="P42_ST00054" HPOS="2490" VPOS="2188" WIDTH="175" HEIGHT="64" CONTENT="Ende," WC="0.97" CC="45900"/>
					</TextLine>
					<TextLine ID="P42_TL00009" HPOS="958" VPOS="2269" WIDTH="1638" HEIGHT="90">
						<String ID="P42_ST00055" HPOS="958" VPOS="2326" WIDTH="66" HEIGHT="33" CONTENT="zu" WC="0.83" CC="02"/>
						<SP ID="P42_SP00047" HPOS="1024" VPOS="2359" WIDTH="43"/>
						<String ID="P42_ST00056" HPOS="1067" VPOS="2319" WIDTH="184" HEIGHT="36" CONTENT="eurem" WC="0.99" CC="03500"/>
						<SP ID="P42_SP00048" HPOS="1251" VPOS="2359" WIDTH="27"/>
						<String ID="P42_ST00057" HPOS="1278" VPOS="2284" WIDTH="377" HEIGHT="66" CONTENT="Wurzelwerk" WC="0.99" CC="5034050043"/>
						<SP ID="P42_SP00049" HPOS="1655" VPOS="2359" WIDTH="38"/>
						<String ID="P42_ST00058" HPOS="1693" VPOS="2283" WIDTH="245" HEIGHT="71" CONTENT="geneigt," WC="0.99" CC="70720700"/>
						<SP ID="P42_SP00050" HPOS="1938" VPOS="2359" WIDTH="42"/>
						<String ID="P42_ST00059" HPOS="1980" VPOS="2273" WIDTH="131" HEIGHT="58" CONTENT="blaß" WC="0.97" CC="6603"/>
						<SP ID="P42_SP00051" HPOS="2111" VPOS="2359" WIDTH="41"/>
						<String ID="P42_ST00060" HPOS="2152" VPOS="2269" WIDTH="113" HEIGHT="57" CONTENT="und" WC="0.94" CC="464"/>
						<SP ID="P42_SP00052" HPOS="2265" VPOS="2359" WIDTH="42"/>
						<String ID="P42_ST00061" HPOS="2307" VPOS="2269" WIDTH="289" HEIGHT="58" CONTENT="erschlattt," WC="0.75" CC="00105035703"/>
					</TextLine>
					<TextLine ID="P42_TL00010" HPOS="962" VPOS="2339" WIDTH="1671" HEIGHT="95">
						<String ID="P42_ST00062" HPOS="962" VPOS="2376" WIDTH="114" HEIGHT="58" CONTENT="und" WC="0.95" CC="445"/>
						<SP ID="P42_SP00053" HPOS="1076" VPOS="2434" WIDTH="41"/>
						<String ID="P42_ST00063" HPOS="1117" VPOS="2369" WIDTH="166" HEIGHT="60" CONTENT="durch" WC="0.99" CC="03006"/>
						<SP ID="P42_SP00054" HPOS="1283" VPOS="2434" WIDTH="43"/>
						<String ID="P42_ST00064" HPOS="1326" VPOS="2368" WIDTH="99" HEIGHT="55" CONTENT="der" WC="1.00" CC="000"/>
						<SP ID="P42_SP00055" HPOS="1425" VPOS="2434" WIDTH="38"/>
						<String ID="P42_ST00065" HPOS="1463" VPOS="2363" WIDTH="121" HEIGHT="56" CONTENT="Zeit" WC="0.99" CC="0020"/>
						<SP ID="P42_SP00056" HPOS="1584" VPOS="2434" WIDTH="39"/>
						<String ID="P42_ST00066" HPOS="1623" VPOS="2355" WIDTH="343" HEIGHT="64" CONTENT="Geheimnis," WC="0.99" CC="1042660720"/>
						<SP ID="P42_SP00057" HPOS="1966" VPOS="2434" WIDTH="42"/>
						<String ID="P42_ST00067" HPOS="2008" VPOS="2348" WIDTH="146" HEIGHT="56" CONTENT="hohe" WC="0.99" CC="0500"/>
						<SP ID="P42_SP00058" HPOS="2154" VPOS="2434" WIDTH="26"/>
						<String ID="P42_ST00068" HPOS="2180" VPOS="2339" WIDTH="453" HEIGHT="65" CONTENT="Wellenbrande," WC="1.00" CC="0045001030000"/>
					</TextLine>
					<TextLine ID="P42_TL00011" HPOS="962" VPOS="2419" WIDTH="1644" HEIGHT="89">
						<String ID="P42_ST00069" HPOS="962" VPOS="2447" WIDTH="259" HEIGHT="61" CONTENT="liebreich" WC="0.99" CC="340020307"/>
						<SP ID="P42_SP00059" HPOS="1221" VPOS="2508" WIDTH="42"/>
						<String ID="P42_ST00070" HPOS="1263" VPOS="2440" WIDTH="167" HEIGHT="59" CONTENT="durch" WC="1.00" CC="00000"/>
						<SP ID="P42_SP00060" HPOS="1430" VPOS="2508" WIDTH="41"/>
						<String ID="P42_ST00071" HPOS="1471" VPOS="2438" WIDTH="90" HEIGHT="55" CONTENT="die" WC="0.98" CC="050"/>
						<SP ID="P42_SP00061" HPOS="1561" VPOS="2508" WIDTH="40"/>
						<String ID="P42_ST00072" HPOS="1601" VPOS="2432" WIDTH="204" HEIGHT="55" CONTENT="Äonen" WC="0.98" CC="30406"/>
						<SP ID="P42_SP00062" HPOS="1805" VPOS="2508" WIDTH="38"/>
						<String ID="P42_ST00073" HPOS="1843" VPOS="2423" WIDTH="238" HEIGHT="75" CONTENT="tragend" WC="1.00" CC="0500000"/>
						<SP ID="P42_SP00063" HPOS="2081" VPOS="2508" WIDTH="38"/>
						<String ID="P42_ST00074" HPOS="2119" VPOS="2420" WIDTH="133" HEIGHT="55" CONTENT="Brot" WC="0.99" CC="1300"/>
						<SP ID="P42_SP00064" HPOS="2252" VPOS="2508" WIDTH="39"/>
						<String ID="P42_ST00075" HPOS="2291" VPOS="2419" WIDTH="100" HEIGHT="52" CONTENT="der" WC="1.00" CC="000"/>
						<SP ID="P42_SP00065" HPOS="2391" VPOS="2508" WIDTH="41"/>
						<String ID="P42_ST00076" HPOS="2432" VPOS="2419" WIDTH="174" HEIGHT="57" CONTENT="Kraft," WC="0.97" CC="750790"/>
					</TextLine>
					<TextLine ID="P42_TL00012" HPOS="967" VPOS="2564" WIDTH="1446" HEIGHT="92">
						<String ID="P42_ST00077" HPOS="967" VPOS="2622" WIDTH="34" HEIGHT="34" CONTENT="o" WC="1.00" CC="0"/>
						<SP ID="P42_SP00066" HPOS="1001" VPOS="2656" WIDTH="41"/>
						<String ID="P42_ST00078" HPOS="1042" VPOS="2593" WIDTH="175" HEIGHT="61" CONTENT="Gute!" WC="0.99" CC="04006"/>
						<SP ID="P42_SP00067" HPOS="1217" VPOS="2656" WIDTH="79"/>
						<String ID="P42_ST00079" HPOS="1296" VPOS="2581" WIDTH="313" HEIGHT="65" CONTENT="Brüderlich" WC="1.00" CC="0400031500"/>
						<SP ID="P42_SP00068" HPOS="1609" VPOS="2656" WIDTH="44"/>
						<String ID="P42_ST00080" HPOS="1653" VPOS="2575" WIDTH="306" HEIGHT="76" CONTENT="gewährtet" WC="0.99" CC="015704000"/>
						<SP ID="P42_SP00069" HPOS="1959" VPOS="2656" WIDTH="37"/>
						<String ID="P42_ST00081" HPOS="1996" VPOS="2570" WIDTH="83" HEIGHT="55" CONTENT="ihr" WC="0.98" CC="500"/>
						<SP ID="P42_SP00070" HPOS="2079" VPOS="2656" WIDTH="40"/>
						<String ID="P42_ST00082" HPOS="2119" VPOS="2567" WIDTH="99" HEIGHT="55" CONTENT="der" WC="0.98" CC="005"/>
						<SP ID="P42_SP00071" HPOS="2218" VPOS="2656" WIDTH="38"/>
						<String ID="P42_ST00083" HPOS="2256" VPOS="2564" WIDTH="157" HEIGHT="56" CONTENT="Blüte" WC="0.98" CC="65000"/>
					</TextLine>
					<TextLine ID="P42_TL00013" HPOS="968" VPOS="2640" WIDTH="1669" HEIGHT="89">
						<String ID="P42_ST00084" HPOS="968" VPOS="2667" WIDTH="347" HEIGHT="62" CONTENT="unird’schen" WC="0.64" CC="66760800004"/>
						<SP ID="P42_SP00072" HPOS="1315" VPOS="2729" WIDTH="40"/>
						<String ID="P42_ST00085" HPOS="1355" VPOS="2658" WIDTH="505" HEIGHT="59" CONTENT="Schönheitstraum" WC="1.00" CC="000630020000000"/>
						<SP ID="P42_SP00073" HPOS="1860" VPOS="2729" WIDTH="39"/>
						<String ID="P42_ST00086" HPOS="1899" VPOS="2649" WIDTH="55" HEIGHT="52" CONTENT="in" WC="0.82" CC="30"/>
						<SP ID="P42_SP00074" HPOS="1954" VPOS="2729" WIDTH="42"/>
						<String ID="P42_ST00087" HPOS="1996" VPOS="2663" WIDTH="165" HEIGHT="37" CONTENT="euren" WC="0.99" CC="00105"/>
						<SP ID="P42_SP00075" HPOS="2161" VPOS="2729" WIDTH="40"/>
						<String ID="P42_ST00088" HPOS="2201" VPOS="2640" WIDTH="219" HEIGHT="53" CONTENT="dichten" WC="0.98" CC="9700007"/>
						<SP ID="P42_SP00076" HPOS="2420" VPOS="2729" WIDTH="40"/>
						<String ID="P42_ST00089" HPOS="2460" VPOS="2640" WIDTH="177" HEIGHT="48" CONTENT="Keihn" WC="0.54" CC="80077"/>
					</TextLine>
					<TextLine ID="P42_TL00014" HPOS="971" VPOS="2706" WIDTH="1785" HEIGHT="98">
						<String ID="P42_ST00090" HPOS="971" VPOS="2745" WIDTH="115" HEIGHT="59" CONTENT="und" WC="0.97" CC="440"/>
						<SP ID="P42_SP00077" HPOS="1086" VPOS="2804" WIDTH="38"/>
						<String ID="P42_ST00091" HPOS="1124" VPOS="2740" WIDTH="172" HEIGHT="59" CONTENT="ließet" WC="0.99" CC="310060"/>
						<SP ID="P42_SP00078" HPOS="1296" VPOS="2804" WIDTH="39"/>
						<String ID="P42_ST00092" HPOS="1335" VPOS="2740" WIDTH="98" HEIGHT="61" CONTENT="sie," WC="0.98" CC="4600"/>
						<SP ID="P42_SP00079" HPOS="1433" VPOS="2804" WIDTH="41"/>
						<String ID="P42_ST00093" HPOS="1474" VPOS="2733" WIDTH="99" HEIGHT="54" CONTENT="der" WC="1.00" CC="000"/>
						<SP ID="P42_SP00080" HPOS="1573" VPOS="2804" WIDTH="42"/>
						<String ID="P42_ST00094" HPOS="1615" VPOS="2719" WIDTH="382" HEIGHT="64" CONTENT="Höhenbrand" WC="0.99" CC="0700060060"/>
						<SP ID="P42_SP00081" HPOS="1997" VPOS="2804" WIDTH="40"/>
						<String ID="P42_ST00095" HPOS="2037" VPOS="2717" WIDTH="108" HEIGHT="54" CONTENT="den" WC="0.98" CC="005"/>
						<SP ID="P42_SP00082" HPOS="2145" VPOS="2804" WIDTH="42"/>
						<String ID="P42_ST00096" HPOS="2187" VPOS="2712" WIDTH="151" HEIGHT="56" CONTENT="Blick" WC="0.98" CC="55600"/>
						<SP ID="P42_SP00083" HPOS="2338" VPOS="2804" WIDTH="40"/>
						<String ID="P42_ST00097" HPOS="2378" VPOS="2706" WIDTH="378" HEIGHT="68" CONTENT="durchgluhte," WC="0.49" CC="064069556752"/>
					</TextLine>
					<TextLine ID="P42_TL00015" HPOS="974" VPOS="2777" WIDTH="1914" HEIGHT="102">
						<String ID="P42_ST00098" HPOS="974" VPOS="2823" WIDTH="92" HEIGHT="54" CONTENT="die" WC="0.98" CC="050"/>
						<SP ID="P42_SP00084" HPOS="1066" VPOS="2877" WIDTH="27"/>
						<String ID="P42_ST00099" HPOS="1093" VPOS="2813" WIDTH="262" HEIGHT="61" CONTENT="Wurzeln" WC="0.99" CC="5530010"/>
						<SP ID="P42_SP00085" HPOS="1355" VPOS="2877" WIDTH="41"/>
						<String ID="P42_ST00100" HPOS="1396" VPOS="2802" WIDTH="452" HEIGHT="77" CONTENT="erdgeschwärzt," WC="1.00" CC="00000007070300"/>
						<SP ID="P42_SP00086" HPOS="1848" VPOS="2879" WIDTH="40"/>
						<String ID="P42_ST00101" HPOS="1888" VPOS="2804" WIDTH="96" HEIGHT="45" CONTENT="mit" WC="0.97" CC="060"/>
						<SP ID="P42_SP00087" HPOS="1984" VPOS="2879" WIDTH="39"/>
						<String ID="P42_ST00102" HPOS="2023" VPOS="2791" WIDTH="172" HEIGHT="56" CONTENT="ihrem" WC="0.99" CC="40002"/>
						<SP ID="P42_SP00088" HPOS="2195" VPOS="2879" WIDTH="39"/>
						<String ID="P42_ST00103" HPOS="2234" VPOS="2783" WIDTH="172" HEIGHT="59" CONTENT="Liede" WC="0.99" CC="05000"/>
						<SP ID="P42_SP00089" HPOS="2406" VPOS="2879" WIDTH="40"/>
						<String ID="P42_ST00104" HPOS="2446" VPOS="2783" WIDTH="92" HEIGHT="54" CONTENT="bei" WC="0.93" CC="656"/>
						<SP ID="P42_SP00090" HPOS="2538" VPOS="2879" WIDTH="42"/>
						<String ID="P42_ST00105" HPOS="2580" VPOS="2777" WIDTH="133" HEIGHT="56" CONTENT="euch" WC="0.96" CC="0277"/>
						<SP ID="P42_SP00091" HPOS="2713" VPOS="2879" WIDTH="41"/>
						<String ID="P42_ST00106" HPOS="2754" VPOS="2795" WIDTH="134" HEIGHT="34" CONTENT="sun." WC="0.50" CC="7750"/>
					</TextLine>
					<TextLine ID="P42_TL00016" HPOS="977" VPOS="2917" WIDTH="2126" HEIGHT="108">
						<String ID="P42_ST00107" HPOS="977" VPOS="2966" WIDTH="236" HEIGHT="59" CONTENT="Frieden" WC="1.00" CC="0050000"/>
						<SP ID="P42_SP00092" HPOS="1213" VPOS="3025" WIDTH="38"/>
						<String ID="P42_ST00108" HPOS="1251" VPOS="2983" WIDTH="111" HEIGHT="34" CONTENT="von" WC="0.97" CC="006"/>
						<SP ID="P42_SP00093" HPOS="1362" VPOS="3025" WIDTH="39"/>
						<String ID="P42_ST00109" HPOS="1401" VPOS="2956" WIDTH="760" HEIGHT="60" CONTENT="Sommersonntagsmorgen" WC="1.00" CC="00030437760001065000"/>
						<SP ID="P42_SP00094" HPOS="2161" VPOS="3025" WIDTH="48"/>
						<String ID="P42_ST00110" HPOS="2209" VPOS="2933" WIDTH="128" HEIGHT="57" CONTENT="fühl’" WC="0.97" CC="70608"/>
						<SP ID="P42_SP00095" HPOS="2337" VPOS="3025" WIDTH="51"/>
						<String ID="P42_ST00111" HPOS="2388" VPOS="2931" WIDTH="81" HEIGHT="56" CONTENT="ich" WC="0.94" CC="347"/>
						<SP ID="P42_SP00096" HPOS="2469" VPOS="3025" WIDTH="47"/>
						<String ID="P42_ST00112" HPOS="2516" VPOS="2927" WIDTH="132" HEIGHT="56" CONTENT="euch" WC="1.00" CC="1000"/>
						<SP ID="P42_SP00097" HPOS="2648" VPOS="3025" WIDTH="51"/>
						<String ID="P42_ST00113" HPOS="2699" VPOS="2917" WIDTH="404" HEIGHT="62" CONTENT="entschweben," WC="1.00" CC="040000022034"/>
					</TextLine>
					<TextLine ID="P42_TL00017" HPOS="980" VPOS="2995" WIDTH="1916" HEIGHT="107">
						<String ID="P42_ST00114" HPOS="980" VPOS="3044" WIDTH="100" HEIGHT="54" CONTENT="der" WC="0.96" CC="009"/>
						<SP ID="P42_SP00098" HPOS="1080" VPOS="3098" WIDTH="38"/>
						<String ID="P42_ST00115" HPOS="1118" VPOS="3037" WIDTH="146" HEIGHT="57" CONTENT="Erde" WC="0.99" CC="6000"/>
						<SP ID="P42_SP00099" HPOS="1264" VPOS="3098" WIDTH="41"/>
						<String ID="P42_ST00116" HPOS="1305" VPOS="3034" WIDTH="138" HEIGHT="68" CONTENT="Flug" WC="0.99" CC="0310"/>
						<SP ID="P42_SP00100" HPOS="1443" VPOS="3102" WIDTH="39"/>
						<String ID="P42_ST00117" HPOS="1482" VPOS="3027" WIDTH="113" HEIGHT="57" CONTENT="und" WC="0.97" CC="330"/>
						<SP ID="P42_SP00101" HPOS="1595" VPOS="3102" WIDTH="41"/>
						<String ID="P42_ST00118" HPOS="1636" VPOS="3021" WIDTH="467" HEIGHT="61" CONTENT="Glockenzittern," WC="1.00" CC="004000006000000"/>
						<SP ID="P42_SP00102" HPOS="2103" VPOS="3102" WIDTH="41"/>
						<String ID="P42_ST00119" HPOS="2144" VPOS="3011" WIDTH="102" HEIGHT="54" CONTENT="das" WC="1.00" CC="000"/>
						<SP ID="P42_SP00103" HPOS="2246" VPOS="3102" WIDTH="40"/>
						<String ID="P42_ST00120" HPOS="2286" VPOS="3028" WIDTH="84" HEIGHT="35" CONTENT="ms" WC="0.27" CC="86"/>
						<SP ID="P42_SP00104" HPOS="2370" VPOS="3102" WIDTH="26"/>
						<String ID="P42_ST00121" HPOS="2396" VPOS="3001" WIDTH="223" HEIGHT="59" CONTENT="Weltall" WC="0.99" CC="0020105"/>
						<SP ID="P42_SP00105" HPOS="2619" VPOS="3102" WIDTH="41"/>
						<String ID="P42_ST00122" HPOS="2660" VPOS="2995" WIDTH="236" HEIGHT="64" CONTENT="streicht," WC="0.99" CC="000045700"/>
					</TextLine>
					<TextLine ID="P42_TL00018" HPOS="983" VPOS="3072" WIDTH="1880" HEIGHT="105">
						<String ID="P42_ST00123" HPOS="983" VPOS="3112" WIDTH="300" HEIGHT="61" CONTENT="sinkender" WC="0.99" CC="576800006"/>
						<SP ID="P42_SP00106" HPOS="1283" VPOS="3173" WIDTH="38"/>
						<String ID="P42_ST00124" HPOS="1321" VPOS="3108" WIDTH="216" HEIGHT="69" CONTENT="Lippen" WC="1.00" CC="010000"/>
						<SP ID="P42_SP00107" HPOS="1537" VPOS="3177" WIDTH="42"/>
						<String ID="P42_ST00125" HPOS="1579" VPOS="3098" WIDTH="154" HEIGHT="65" CONTENT="Duft," WC="0.98" CC="47500"/>
						<SP ID="P42_SP00108" HPOS="1733" VPOS="3177" WIDTH="42"/>
						<String ID="P42_ST00126" HPOS="1775" VPOS="3094" WIDTH="181" HEIGHT="55" CONTENT="denen" WC="0.98" CC="00645"/>
						<SP ID="P42_SP00109" HPOS="1956" VPOS="3177" WIDTH="42"/>
						<String ID="P42_ST00127" HPOS="1998" VPOS="3089" WIDTH="81" HEIGHT="54" CONTENT="ihr" WC="0.98" CC="400"/>
						<SP ID="P42_SP00110" HPOS="2079" VPOS="3177" WIDTH="40"/>
						<String ID="P42_ST00128" HPOS="2119" VPOS="3088" WIDTH="142" HEIGHT="52" CONTENT="einst" WC="0.99" CC="02600"/>
						<SP ID="P42_SP00111" HPOS="2261" VPOS="3177" WIDTH="38"/>
						<String ID="P42_ST00129" HPOS="2299" VPOS="3102" WIDTH="66" HEIGHT="34" CONTENT="zu" WC="0.59" CC="61"/>
						<SP ID="P42_SP00112" HPOS="2365" VPOS="3177" WIDTH="39"/>
						<String ID="P42_ST00130" HPOS="2404" VPOS="3077" WIDTH="230" HEIGHT="57" CONTENT="hohem" WC="0.98" CC="04006"/>
						<SP ID="P42_SP00113" HPOS="2634" VPOS="3177" WIDTH="41"/>
						<String ID="P42_ST00131" HPOS="2675" VPOS="3072" WIDTH="188" HEIGHT="54" CONTENT="Leben" WC="0.98" CC="70106"/>
					</TextLine>
					<TextLine ID="P42_TL00019" HPOS="986" VPOS="3158" WIDTH="1606" HEIGHT="89">
						<String ID="P42_ST00132" HPOS="986" VPOS="3194" WIDTH="103" HEIGHT="53" CONTENT="des" WC="0.92" CC="597" STYLEREFS="TXT_4"/>
						<SP ID="P42_SP00114" HPOS="1089" VPOS="3247" WIDTH="38"/>
						<String ID="P42_ST00133" HPOS="1127" VPOS="3187" WIDTH="220" HEIGHT="56" CONTENT="Kornes" WC="1.00" CC="400000"/>
						<SP ID="P42_SP00115" HPOS="1347" VPOS="3247" WIDTH="39"/>
						<String ID="P42_ST00134" HPOS="1386" VPOS="3178" WIDTH="154" HEIGHT="59" CONTENT="Süße" WC="1.00" CC="0000"/>
						<SP ID="P42_SP00116" HPOS="1540" VPOS="3247" WIDTH="40"/>
						<String ID="P42_ST00135" HPOS="1580" VPOS="3168" WIDTH="261" HEIGHT="64" CONTENT="stärkend" WC="0.99" CC="00850050"/>
						<SP ID="P42_SP00117" HPOS="1841" VPOS="3247" WIDTH="40"/>
						<String ID="P42_ST00136" HPOS="1881" VPOS="3164" WIDTH="112" HEIGHT="57" CONTENT="und" WC="0.97" CC="070"/>
						<SP ID="P42_SP00118" HPOS="1993" VPOS="3247" WIDTH="39"/>
						<String ID="P42_ST00137" HPOS="2032" VPOS="3158" WIDTH="337" HEIGHT="58" CONTENT="verwandelt" WC="1.00" CC="0000200050"/>
						<SP ID="P42_SP00119" HPOS="2369" VPOS="3247" WIDTH="39"/>
						<String ID="P42_ST00138" HPOS="2408" VPOS="3158" WIDTH="184" HEIGHT="50" CONTENT="reicht." WC="0.99" CC="0060704"/>
					</TextLine>
					<TextLine ID="P42_TL00020" HPOS="988" VPOS="3285" WIDTH="2124" HEIGHT="109">
						<String ID="P42_ST00139" HPOS="988" VPOS="3337" WIDTH="185" HEIGHT="57" CONTENT="Wenn" WC="0.99" CC="0041"/>
						<SP ID="P42_SP00120" HPOS="1173" VPOS="3394" WIDTH="26"/>
						<String ID="P42_ST00140" HPOS="1199" VPOS="3326" WIDTH="367" HEIGHT="66" CONTENT="Mitternacht," WC="1.00" CC="040000550000"/>
						<SP ID="P42_SP00121" HPOS="1566" VPOS="3394" WIDTH="42"/>
						<String ID="P42_ST00141" HPOS="1608" VPOS="3314" WIDTH="294" HEIGHT="61" CONTENT="ekstatisch" WC="1.00" CC="4000350000"/>
						<SP ID="P42_SP00122" HPOS="1902" VPOS="3394" WIDTH="29"/>
						<String ID="P42_ST00142" HPOS="1931" VPOS="3321" WIDTH="217" HEIGHT="53" CONTENT="stumm," WC="1.00" CC="200200"/>
						<SP ID="P42_SP00123" HPOS="2148" VPOS="3394" WIDTH="39"/>
						<String ID="P42_ST00143" HPOS="2187" VPOS="3305" WIDTH="139" HEIGHT="56" CONTENT="hoch" WC="1.00" CC="0000"/>
						<SP ID="P42_SP00124" HPOS="2326" VPOS="3394" WIDTH="42"/>
						<String ID="P42_ST00144" HPOS="2368" VPOS="3302" WIDTH="72" HEIGHT="55" CONTENT="ob" WC="0.72" CC="05"/>
						<SP ID="P42_SP00125" HPOS="2440" VPOS="3394" WIDTH="43"/>
						<String ID="P42_ST00145" HPOS="2483" VPOS="3298" WIDTH="108" HEIGHT="54" CONTENT="den" WC="0.99" CC="003"/>
						<SP ID="P42_SP00126" HPOS="2591" VPOS="3394" WIDTH="36"/>
						<String ID="P42_ST00146" HPOS="2627" VPOS="3295" WIDTH="252" HEIGHT="53" CONTENT="Landern" WC="0.97" CC="0777067"/>
						<SP ID="P42_SP00127" HPOS="2879" VPOS="3394" WIDTH="40"/>
						<String ID="P42_ST00147" HPOS="2919" VPOS="3285" WIDTH="193" HEIGHT="62" CONTENT="ziehet," WC="0.99" CC="6000030"/>
					</TextLine>
					<TextLine ID="P42_TL00021" HPOS="994" VPOS="3376" WIDTH="1694" HEIGHT="93">
						<String ID="P42_ST00148" HPOS="994" VPOS="3412" WIDTH="113" HEIGHT="57" CONTENT="und" WC="0.95" CC="570"/>
						<SP ID="P42_SP00128" HPOS="1107" VPOS="3469" WIDTH="40"/>
						<String ID="P42_ST00149" HPOS="1147" VPOS="3427" WIDTH="159" HEIGHT="37" CONTENT="eurer" WC="0.99" CC="00204"/>
						<SP ID="P42_SP00129" HPOS="1306" VPOS="3469" WIDTH="38"/>
						<String ID="P42_ST00150" HPOS="1344" VPOS="3401" WIDTH="199" HEIGHT="58" CONTENT="Felder" WC="0.99" CC="105000"/>
						<SP ID="P42_SP00130" HPOS="1543" VPOS="3469" WIDTH="41"/>
						<String ID="P42_ST00151" HPOS="1584" VPOS="3395" WIDTH="175" HEIGHT="58" CONTENT="Glanz" WC="0.98" CC="15046"/>
						<SP ID="P42_SP00131" HPOS="1759" VPOS="3469" WIDTH="42"/>
						<String ID="P42_ST00152" HPOS="1801" VPOS="3389" WIDTH="111" HEIGHT="57" CONTENT="sich" WC="0.98" CC="4300"/>
						<SP ID="P42_SP00132" HPOS="1912" VPOS="3469" WIDTH="42"/>
						<String ID="P42_ST00153" HPOS="1954" VPOS="3385" WIDTH="92" HEIGHT="56" CONTENT="auf" WC="0.96" CC="056"/>
						<SP ID="P42_SP00133" HPOS="2046" VPOS="3469" WIDTH="40"/>
						<String ID="P42_ST00154" HPOS="2086" VPOS="3387" WIDTH="85" HEIGHT="50" CONTENT="ins" WC="0.96" CC="450"/>
						<SP ID="P42_SP00134" HPOS="2171" VPOS="3469" WIDTH="38"/>
						<String ID="P42_ST00155" HPOS="2209" VPOS="3378" WIDTH="156" HEIGHT="57" CONTENT="Freie" WC="0.99" CC="00060" STYLEREFS="TXT_5"/>
						<SP ID="P42_SP00135" HPOS="2365" VPOS="3469" WIDTH="41"/>
						<String ID="P42_ST00156" HPOS="2406" VPOS="3376" WIDTH="282" HEIGHT="65" CONTENT="schwingt," WC="1.00" CC="000060000"/>
					</TextLine>
					<TextLine ID="P42_TL00022" HPOS="994" VPOS="3440" WIDTH="1879" HEIGHT="104">
						<String ID="P42_ST00157" HPOS="994" VPOS="3488" WIDTH="210" HEIGHT="55" CONTENT="flammt" WC="0.98" CC="444400"/>
						<SP ID="P42_SP00136" HPOS="1204" VPOS="3543" WIDTH="38"/>
						<String ID="P42_ST00158" HPOS="1242" VPOS="3474" WIDTH="271" HEIGHT="62" CONTENT="sternhaft" WC="0.99" CC="402400070"/>
						<SP ID="P42_SP00137" HPOS="1513" VPOS="3543" WIDTH="36"/>
						<String ID="P42_ST00159" HPOS="1549" VPOS="3472" WIDTH="156" HEIGHT="72" CONTENT="jeder" WC="0.98" CC="70540"/>
						<SP ID="P42_SP00138" HPOS="1705" VPOS="3544" WIDTH="38"/>
						<String ID="P42_ST00160" HPOS="1743" VPOS="3465" WIDTH="181" HEIGHT="65" CONTENT="Halm," WC="0.97" CC="04663"/>
						<SP ID="P42_SP00139" HPOS="1924" VPOS="3544" WIDTH="41"/>
						<String ID="P42_ST00161" HPOS="1965" VPOS="3456" WIDTH="291" HEIGHT="69" CONTENT="Hoffnung" WC="0.98" CC="65766044"/>
						<SP ID="P42_SP00140" HPOS="2256" VPOS="3544" WIDTH="38"/>
						<String ID="P42_ST00162" HPOS="2294" VPOS="3474" WIDTH="55" HEIGHT="33" CONTENT="in" WC="0.46" CC="46"/>
						<SP ID="P42_SP00141" HPOS="2349" VPOS="3544" WIDTH="39"/>
						<String ID="P42_ST00163" HPOS="2388" VPOS="3449" WIDTH="235" HEIGHT="56" CONTENT="Sternen" WC="0.98" CC="2076606"/>
						<SP ID="P42_SP00142" HPOS="2623" VPOS="3544" WIDTH="43"/>
						<String ID="P42_ST00164" HPOS="2666" VPOS="3440" WIDTH="207" HEIGHT="72" CONTENT="glühet," WC="0.99" CC="0700360"/>
					</TextLine>
					<TextLine ID="P42_TL00023" HPOS="997" VPOS="3522" WIDTH="1778" HEIGHT="96">
						<String ID="P42_ST00165" HPOS="997" VPOS="3563" WIDTH="92" HEIGHT="55" CONTENT="die" WC="0.97" CC="061"/>
						<SP ID="P42_SP00143" HPOS="1089" VPOS="3618" WIDTH="39"/>
						<String ID="P42_ST00166" HPOS="1128" VPOS="3554" WIDTH="255" HEIGHT="60" CONTENT="Strahlen" WC="1.00" CC="00010100"/>
						<SP ID="P42_SP00144" HPOS="1383" VPOS="3618" WIDTH="39"/>
						<String ID="P42_ST00167" HPOS="1422" VPOS="3554" WIDTH="195" HEIGHT="51" CONTENT="zittern" WC="0.99" CC="2400042"/>
						<SP ID="P42_SP00145" HPOS="1617" VPOS="3618" WIDTH="41"/>
						<String ID="P42_ST00168" HPOS="1658" VPOS="3564" WIDTH="84" HEIGHT="45" CONTENT="so," WC="1.00" CC="000"/>
						<SP ID="P42_SP00146" HPOS="1742" VPOS="3618" WIDTH="39"/>
						<String ID="P42_ST00169" HPOS="1781" VPOS="3538" WIDTH="112" HEIGHT="58" CONTENT="daß" WC="1.00" CC="000"/>
						<SP ID="P42_SP00147" HPOS="1893" VPOS="3618" WIDTH="42"/>
						<String ID="P42_ST00170" HPOS="1935" VPOS="3556" WIDTH="59" HEIGHT="35" CONTENT="es" WC="1.00" CC="00"/>
						<SP ID="P42_SP00148" HPOS="1994" VPOS="3618" WIDTH="38"/>
						<String ID="P42_ST00171" HPOS="2032" VPOS="3554" WIDTH="103" HEIGHT="33" CONTENT="wie" WC="0.99" CC="010"/>
						<SP ID="P42_SP00149" HPOS="2135" VPOS="3618" WIDTH="42"/>
						<String ID="P42_ST00172" HPOS="2177" VPOS="3524" WIDTH="367" HEIGHT="61" CONTENT="Silberlauten" WC="0.78" CC="050606601000"/>
						<SP ID="P42_SP00150" HPOS="2544" VPOS="3618" WIDTH="42"/>
						<String ID="P42_ST00173" HPOS="2586" VPOS="3522" WIDTH="189" HEIGHT="65" CONTENT="Klingt," WC="0.99" CC="7004004" STYLEREFS="TXT_5"/>
					</TextLine>
					<TextLine ID="P42_TL00024" HPOS="1001" VPOS="3666" WIDTH="1955" HEIGHT="113">
						<String ID="P42_ST00174" HPOS="1001" VPOS="3707" WIDTH="114" HEIGHT="58" CONTENT="und" WC="0.96" CC="460"/>
						<SP ID="P42_SP00151" HPOS="1115" VPOS="3765" WIDTH="40"/>
						<String ID="P42_ST00175" HPOS="1155" VPOS="3698" WIDTH="354" HEIGHT="62" CONTENT="unabsehbar" WC="0.99" CC="3501000503"/>
						<SP ID="P42_SP00152" HPOS="1509" VPOS="3765" WIDTH="36"/>
						<String ID="P42_ST00176" HPOS="1545" VPOS="3700" WIDTH="170" HEIGHT="64" CONTENT="wogt," WC="1.00" CC="00002"/>
						<SP ID="P42_SP00153" HPOS="1715" VPOS="3765" WIDTH="42"/>
						<String ID="P42_ST00177" HPOS="1757" VPOS="3684" WIDTH="176" HEIGHT="76" CONTENT="gleich" WC="0.99" CC="060207"/>
						<SP ID="P42_SP00154" HPOS="1933" VPOS="3765" WIDTH="42"/>
						<String ID="P42_ST00178" HPOS="1975" VPOS="3684" WIDTH="178" HEIGHT="53" CONTENT="einem" WC="1.00" CC="01200"/>
						<SP ID="P42_SP00155" HPOS="2153" VPOS="3765" WIDTH="41"/>
						<String ID="P42_ST00179" HPOS="2194" VPOS="3666" WIDTH="415" HEIGHT="63" CONTENT="Meeressunde," WC="1.00" CC="500600232003"/>
						<SP ID="P42_SP00156" HPOS="2609" VPOS="3765" WIDTH="201"/>
						<String ID="P42_ST00180" HPOS="2810" VPOS="3731" WIDTH="43" HEIGHT="48" CONTENT="p" STYLE="subscript" WC="0.42" CC="5"/>
						<SP ID="P42_SP00157" HPOS="2853" VPOS="3779" WIDTH="91"/>
						<String ID="P42_ST00181" HPOS="2944" VPOS="3728" WIDTH="12" HEIGHT="22" CONTENT="," WC="0.55" CC="4"/>
					</TextLine>
					<TextLine ID="P42_TL00025" HPOS="1005" VPOS="3733" WIDTH="2000" HEIGHT="106">
						<String ID="P42_ST00182" HPOS="1005" VPOS="3782" WIDTH="165" HEIGHT="57" CONTENT="Ernte" WC="0.99" CC="30300"/>
						<SP ID="P42_SP00158" HPOS="1170" VPOS="3839" WIDTH="39"/>
						<String ID="P42_ST00183" HPOS="1209" VPOS="3776" WIDTH="93" HEIGHT="58" CONTENT="auf" WC="0.94" CC="546"/>
						<SP ID="P42_SP00159" HPOS="1302" VPOS="3839" WIDTH="39"/>
						<String ID="P42_ST00184" HPOS="1341" VPOS="3773" WIDTH="141" HEIGHT="57" CONTENT="allen" WC="0.99" CC="10005"/>
						<SP ID="P42_SP00160" HPOS="1482" VPOS="3839" WIDTH="40"/>
						<String ID="P42_ST00185" HPOS="1522" VPOS="3764" WIDTH="194" HEIGHT="59" CONTENT="Höhn!" WC="0.99" CC="00006"/>
						<SP ID="P42_SP00161" HPOS="1716" VPOS="3839" WIDTH="80"/>
						<String ID="P42_ST00186" HPOS="1796" VPOS="3763" WIDTH="114" HEIGHT="54" CONTENT="Der" WC="0.97" CC="602"/>
						<SP ID="P42_SP00162" HPOS="1910" VPOS="3839" WIDTH="39"/>
						<String ID="P42_ST00187" HPOS="1949" VPOS="3755" WIDTH="235" HEIGHT="57" CONTENT="Traume" WC="0.99" CC="604000"/>
						<SP ID="P42_SP00163" HPOS="2184" VPOS="3839" WIDTH="39"/>
						<String ID="P42_ST00188" HPOS="2223" VPOS="3745" WIDTH="338" HEIGHT="59" CONTENT="Atherflotte" WC="0.67" CC="09701853000"/>
						<SP ID="P42_SP00164" HPOS="2561" VPOS="3839" WIDTH="39"/>
						<String ID="P42_ST00189" HPOS="2600" VPOS="3737" WIDTH="163" HEIGHT="57" CONTENT="volle." WC="0.98" CC="037700"/>
						<SP ID="P42_SP00165" HPOS="2763" VPOS="3839" WIDTH="48"/>
						<String ID="P42_ST00190" HPOS="2811" VPOS="3733" WIDTH="194" HEIGHT="54" CONTENT="PraJii" WC="0.37" CC="607877"/>
					</TextLine>
					<TextLine ID="P42_TL00026" HPOS="1005" VPOS="3815" WIDTH="1817" HEIGHT="97">
						<String ID="P42_ST00191" HPOS="1005" VPOS="3855" WIDTH="222" HEIGHT="57" CONTENT="verliert" WC="1.00" CC="00063000"/>
						<SP ID="P42_SP00166" HPOS="1227" VPOS="3912" WIDTH="38"/>
						<String ID="P42_ST00192" HPOS="1265" VPOS="3849" WIDTH="112" HEIGHT="58" CONTENT="sich" WC="0.99" CC="0300"/>
						<SP ID="P42_SP00167" HPOS="1377" VPOS="3912" WIDTH="41"/>
						<String ID="P42_ST00193" HPOS="1418" VPOS="3846" WIDTH="118" HEIGHT="55" CONTENT="fern" WC="0.97" CC="6033"/>
						<SP ID="P42_SP00168" HPOS="1536" VPOS="3912" WIDTH="39"/>
						<String ID="P42_ST00194" HPOS="1575" VPOS="3840" WIDTH="93" HEIGHT="58" CONTENT="auf" WC="0.97" CC="007"/>
						<SP ID="P42_SP00169" HPOS="1668" VPOS="3912" WIDTH="39"/>
						<String ID="P42_ST00195" HPOS="1707" VPOS="3839" WIDTH="106" HEIGHT="63" CONTENT="ihr;" WC="0.98" CC="6031"/>
						<SP ID="P42_SP00170" HPOS="1813" VPOS="3912" WIDTH="43"/>
						<String ID="P42_ST00196" HPOS="1856" VPOS="3839" WIDTH="70" HEIGHT="51" CONTENT="im" WC="0.83" CC="30"/>
						<SP ID="P42_SP00171" HPOS="1926" VPOS="3912" WIDTH="42"/>
						<String ID="P42_ST00197" HPOS="1968" VPOS="3829" WIDTH="245" HEIGHT="73" CONTENT="goldnen" WC="0.89" CC="0000304"/>
						<SP ID="P42_SP00172" HPOS="2213" VPOS="3912" WIDTH="40"/>
						<String ID="P42_ST00198" HPOS="2253" VPOS="3821" WIDTH="153" HEIGHT="57" CONTENT="Sand" WC="0.97" CC="0075"/>
						<SP ID="P42_SP00173" HPOS="2406" VPOS="3912" WIDTH="39"/>
						<String ID="P42_ST00199" HPOS="2445" VPOS="3839" WIDTH="85" HEIGHT="33" CONTENT="am" WC="1.00" CC="00"/>
						<SP ID="P42_SP00174" HPOS="2530" VPOS="3912" WIDTH="43"/>
						<String ID="P42_ST00200" HPOS="2573" VPOS="3815" WIDTH="249" HEIGHT="61" CONTENT="Grunde," WC="0.99" CC="7032004"/>
					</TextLine>
					<TextLine ID="P42_TL00027" HPOS="1011" VPOS="3892" WIDTH="1670" HEIGHT="99">
						<String ID="P42_ST00201" HPOS="1011" VPOS="3931" WIDTH="108" HEIGHT="55" CONTENT="den" WC="0.98" CC="005"/>
						<SP ID="P42_SP00175" HPOS="1119" VPOS="3986" WIDTH="40"/>
						<String ID="P42_ST00202" HPOS="1159" VPOS="3925" WIDTH="189" HEIGHT="57" CONTENT="Ruder" WC="0.99" CC="50000"/>
						<SP ID="P42_SP00176" HPOS="1348" VPOS="3986" WIDTH="38"/>
						<String ID="P42_ST00203" HPOS="1386" VPOS="3912" WIDTH="352" HEIGHT="79" CONTENT="aufgewühlt," WC="1.00" CC="04700000300"/>
						<SP ID="P42_SP00177" HPOS="1738" VPOS="3991" WIDTH="42"/>
						<String ID="P42_ST00204" HPOS="1780" VPOS="3905" WIDTH="193" HEIGHT="61" CONTENT="strahlt" WC="1.00" CC="0061000"/>
						<SP ID="P42_SP00178" HPOS="1973" VPOS="3991" WIDTH="38"/>
						<String ID="P42_ST00205" HPOS="2011" VPOS="3902" WIDTH="189" HEIGHT="57" CONTENT="Sonne" WC="0.99" CC="01530"/>
						<SP ID="P42_SP00179" HPOS="2200" VPOS="3991" WIDTH="42"/>
						<String ID="P42_ST00206" HPOS="2242" VPOS="3895" WIDTH="137" HEIGHT="57" CONTENT="stolz" WC="0.97" CC="09217"/>
						<SP ID="P42_SP00180" HPOS="2379" VPOS="3991" WIDTH="42"/>
						<String ID="P42_ST00207" HPOS="2421" VPOS="3892" WIDTH="260" HEIGHT="55" CONTENT="entfacht;" WC="0.99" CC="072600307"/>
					</TextLine>
				</TextBlock>
				<TextBlock ID="P42_TB00005" HPOS="1486" VPOS="599" WIDTH="973" HEIGHT="73" STYLEREFS="TXT_6 PAR_RIGHT">
					<TextLine ID="P42_TL00028" HPOS="1487" VPOS="599" WIDTH="972" HEIGHT="73">
						<String ID="P42_ST00208" HPOS="1487" VPOS="615" WIDTH="197" HEIGHT="57" CONTENT="Kleine" WC="1.00" CC="000000"/>
						<SP ID="P42_SP00181" HPOS="1684" VPOS="672" WIDTH="39"/>
						<String ID="P42_ST00209" HPOS="1723" VPOS="606" WIDTH="366" HEIGHT="61" CONTENT="tschechische" WC="1.00" CC="514000000200"/>
						<SP ID="P42_SP00182" HPOS="2089" VPOS="672" WIDTH="38"/>
						<String ID="P42_ST00210" HPOS="2127" VPOS="599" WIDTH="332" HEIGHT="70" CONTENT="Anthologie" WC="0.99" CC="1320506727"/>
					</TextLine>
				</TextBlock>
				<TextBlock ID="P42_TB00006" HPOS="912" VPOS="631" WIDTH="110" HEIGHT="57" STYLEREFS="TXT_7 PAR_LEFT">
					<TextLine ID="P42_TL00029" HPOS="912" VPOS="631" WIDTH="110" HEIGHT="57">
						<String ID="P42_ST00211" HPOS="912" VPOS="631" WIDTH="110" HEIGHT="57" CONTENT="138" WC="1.00" CC="000"/>
					</TextLine>
				</TextBlock>
			</PrintSpace>
		</Page>
	</Layout>
</alto>
