<?xml version="1.0" encoding="UTF-8"?>
<alto xmlns:xsi="http://www.w3.org/2001/XMLSchema-instance" xmlns="http://www.loc.gov/standards/alto/ns-v2#" xsi:schemaLocation="http://www.loc.gov/standards/alto/ns-v2# http://www.loc.gov/standards/alto/v2/alto-2-0.xsd" xmlns:xlink="http://www.w3.org/1999/xlink">
	<Description>
		<MeasurementUnit>mm10</MeasurementUnit>
		<sourceImageInformation>
			<fileName>./bmtnabr_1920-03_01_0047.jp2</fileName>
		</sourceImageInformation>
		<OCRProcessing ID="OCRPROCESSING_1">
			<preProcessingStep>
				<processingSoftware>
					<softwareCreator>CCS Content Conversion Specialists GmbH, Germany</softwareCreator>
					<softwareName>CCS docWorks</softwareName>
					<softwareVersion>6.9-1.27</softwareVersion>
				</processingSoftware>
			</preProcessingStep>
			<ocrProcessingStep>
				<processingSoftware>
					<softwareCreator>ABBYY (BIT Software), Russia</softwareCreator>
					<softwareName>FineReader</softwareName>
					<softwareVersion>11.0</softwareVersion>
				</processingSoftware>
			</ocrProcessingStep>
			<postProcessingStep>
				<processingSoftware>
					<softwareCreator>CCS Content Conversion Specialists GmbH, Germany</softwareCreator>
					<softwareName>CCS docWorks</softwareName>
					<softwareVersion>6.9-1.27</softwareVersion>
					<applicationDescription>docWorks: Text modified manually, or automatically replaced</applicationDescription>
				</processingSoftware>
			</postProcessingStep>
		</OCRProcessing>
	</Description>
	<Styles>
		<TextStyle ID="TXT_0" FONTSIZE="21" FONTFAMILY="Times New Roman"/>
		<TextStyle ID="TXT_1" FONTSIZE="19" FONTFAMILY="Times New Roman" FONTSTYLE="italics"/>
		<TextStyle ID="TXT_2" FONTSIZE="12" FONTFAMILY="Times New Roman"/>
		<TextStyle ID="TXT_3" FONTSIZE="60" FONTFAMILY="Arial"/>
		<ParagraphStyle ID="PAR_LEFT" ALIGN="Left"/>
		<ParagraphStyle ID="PAR_CENTER" ALIGN="Center"/>
		<ParagraphStyle ID="PAR_RIGHT" ALIGN="Right"/>
	</Styles>
	<Layout>
		<Page ID="P47" PHYSICAL_IMG_NR="47" HEIGHT="4572" WIDTH="2929" PRINTED_IMG_NR="143" PC="0.952">
			<TopMargin ID="P47_TM00001" HPOS="0" VPOS="0" WIDTH="2929" HEIGHT="618"/>
			<LeftMargin ID="P47_LM00001" HPOS="0" VPOS="618" WIDTH="105" HEIGHT="1838"/>
			<RightMargin ID="P47_RM00001" HPOS="2233" VPOS="618" WIDTH="696" HEIGHT="1838"/>
			<BottomMargin ID="P47_BM00001" HPOS="0" VPOS="2456" WIDTH="2929" HEIGHT="2116"/>
			<PrintSpace ID="P47_PS00001" HPOS="105" VPOS="618" WIDTH="2128" HEIGHT="1838">
				<TextBlock ID="P47_TB00001" HPOS="105" VPOS="792" WIDTH="2123" HEIGHT="1664" STYLEREFS="TXT_0 PAR_LEFT">
					<TextLine ID="P47_TL00001" HPOS="167" VPOS="793" WIDTH="2061" HEIGHT="91">
						<String ID="P47_ST00001" HPOS="167" VPOS="795" WIDTH="49" HEIGHT="54" CONTENT="9." WC="0.69" CC="23"/>
						<SP ID="P47_SP00001" HPOS="216" VPOS="849" WIDTH="59"/>
						<String ID="P47_ST00002" HPOS="275" VPOS="793" WIDTH="131" HEIGHT="56" CONTENT="Wer" WC="0.98" CC="500"/>
						<SP ID="P47_SP00002" HPOS="406" VPOS="849" WIDTH="38"/>
						<String ID="P47_ST00003" HPOS="444" VPOS="798" WIDTH="157" HEIGHT="52" CONTENT="einen" WC="0.99" CC="05400"/>
						<SP ID="P47_SP00003" HPOS="601" VPOS="850" WIDTH="41"/>
						<String ID="P47_ST00004" HPOS="642" VPOS="795" WIDTH="171" HEIGHT="73" CONTENT="Krieg" WC="0.98" CC="34207"/>
						<SP ID="P47_SP00004" HPOS="813" VPOS="868" WIDTH="37"/>
						<String ID="P47_ST00005" HPOS="850" VPOS="799" WIDTH="351" HEIGHT="67" CONTENT="vorbereitet," WC="1.00" CC="004602000010"/>
						<SP ID="P47_SP00005" HPOS="1201" VPOS="868" WIDTH="41"/>
						<String ID="P47_ST00006" HPOS="1242" VPOS="802" WIDTH="235" HEIGHT="58" CONTENT="bereitet" WC="0.99" CC="40304000"/>
						<SP ID="P47_SP00006" HPOS="1477" VPOS="868" WIDTH="38"/>
						<String ID="P47_ST00007" HPOS="1515" VPOS="805" WIDTH="108" HEIGHT="56" CONTENT="den" WC="0.97" CC="700"/>
						<SP ID="P47_SP00007" HPOS="1623" VPOS="868" WIDTH="42"/>
						<String ID="P47_ST00008" HPOS="1665" VPOS="812" WIDTH="214" HEIGHT="67" CONTENT="ewigen" WC="0.98" CC="007900"/>
						<SP ID="P47_SP00008" HPOS="1879" VPOS="879" WIDTH="28"/>
						<String ID="P47_ST00009" HPOS="1907" VPOS="811" WIDTH="171" HEIGHT="73" CONTENT="Krieg" WC="0.99" CC="51100"/>
						<SP ID="P47_SP00009" HPOS="2078" VPOS="884" WIDTH="34"/>
						<String ID="P47_ST00010" HPOS="2112" VPOS="837" WIDTH="116" HEIGHT="35" CONTENT="vor." WC="0.98" CC="0043"/>
					</TextLine>
					<TextLine ID="P47_TL00002" HPOS="273" VPOS="865" WIDTH="1955" HEIGHT="89">
						<String ID="P47_ST00011" HPOS="273" VPOS="865" WIDTH="105" HEIGHT="55" CONTENT="Die" WC="0.97" CC="440"/>
						<SP ID="P47_SP00010" HPOS="378" VPOS="920" WIDTH="47"/>
						<String ID="P47_ST00012" HPOS="425" VPOS="866" WIDTH="454" HEIGHT="73" CONTENT="Landesgrenzen" WC="0.99" CC="2545000002406"/>
						<SP ID="P47_SP00011" HPOS="879" VPOS="939" WIDTH="60"/>
						<String ID="P47_ST00013" HPOS="939" VPOS="872" WIDTH="112" HEIGHT="54" CONTENT="und" WC="1.00" CC="000"/>
						<SP ID="P47_SP00012" HPOS="1051" VPOS="939" WIDTH="57"/>
						<String ID="P47_ST00014" HPOS="1108" VPOS="873" WIDTH="90" HEIGHT="56" CONTENT="die" WC="0.99" CC="030"/>
						<SP ID="P47_SP00013" HPOS="1198" VPOS="939" WIDTH="57"/>
						<String ID="P47_ST00015" HPOS="1255" VPOS="879" WIDTH="465" HEIGHT="57" CONTENT="wirtschaftlichen" WC="1.00" CC="0300006060140700"/>
						<SP ID="P47_SP00014" HPOS="1720" VPOS="939" WIDTH="56"/>
						<String ID="P47_ST00016" HPOS="1776" VPOS="882" WIDTH="254" HEIGHT="58" CONTENT="Grenzen" WC="0.99" CC="0400204"/>
						<SP ID="P47_SP00015" HPOS="2030" VPOS="940" WIDTH="58"/>
						<String ID="P47_ST00017" HPOS="2088" VPOS="891" WIDTH="140" HEIGHT="63" CONTENT="sind," WC="0.99" CC="04200"/>
					</TextLine>
					<TextLine ID="P47_TL00003" HPOS="272" VPOS="940" WIDTH="1955" HEIGHT="79">
						<String ID="P47_ST00018" HPOS="272" VPOS="940" WIDTH="121" HEIGHT="52" CONTENT="eine" WC="0.98" CC="0640"/>
						<SP ID="P47_SP00016" HPOS="393" VPOS="992" WIDTH="39"/>
						<String ID="P47_ST00019" HPOS="432" VPOS="940" WIDTH="130" HEIGHT="53" CONTENT="nach" WC="0.99" CC="0006"/>
						<SP ID="P47_SP00017" HPOS="562" VPOS="993" WIDTH="42"/>
						<String ID="P47_ST00020" HPOS="604" VPOS="941" WIDTH="99" HEIGHT="55" CONTENT="der" WC="0.99" CC="003"/>
						<SP ID="P47_SP00018" HPOS="703" VPOS="996" WIDTH="38"/>
						<String ID="P47_ST00021" HPOS="741" VPOS="944" WIDTH="222" HEIGHT="67" CONTENT="andern," WC="0.99" CC="0600243"/>
						<SP ID="P47_SP00019" HPOS="963" VPOS="1011" WIDTH="41"/>
						<String ID="P47_ST00022" HPOS="1004" VPOS="948" WIDTH="189" HEIGHT="53" CONTENT="immer" WC="0.99" CC="50001"/>
						<SP ID="P47_SP00020" HPOS="1193" VPOS="1011" WIDTH="37"/>
						<String ID="P47_ST00023" HPOS="1230" VPOS="949" WIDTH="317" HEIGHT="70" CONTENT="schlimmer," WC="0.99" CC="0106500050"/>
						<SP ID="P47_SP00021" HPOS="1547" VPOS="1019" WIDTH="42"/>
						<String ID="P47_ST00024" HPOS="1589" VPOS="957" WIDTH="121" HEIGHT="54" CONTENT="eine" WC="0.98" CC="0700"/>
						<SP ID="P47_SP00022" HPOS="1710" VPOS="1019" WIDTH="39"/>
						<String ID="P47_ST00025" HPOS="1749" VPOS="957" WIDTH="81" HEIGHT="57" CONTENT="als" WC="0.97" CC="250"/>
						<SP ID="P47_SP00023" HPOS="1830" VPOS="1019" WIDTH="40"/>
						<String ID="P47_ST00026" HPOS="1870" VPOS="958" WIDTH="90" HEIGHT="57" CONTENT="die" WC="1.00" CC="010"/>
						<SP ID="P47_SP00024" HPOS="1960" VPOS="1019" WIDTH="41"/>
						<String ID="P47_ST00027" HPOS="2001" VPOS="962" WIDTH="226" HEIGHT="57" CONTENT="andere." WC="0.99" CC="4400103"/>
					</TextLine>
					<TextLine ID="P47_TL00004" HPOS="126" VPOS="1040" WIDTH="2099" HEIGHT="86">
						<String ID="P47_ST00028" HPOS="126" VPOS="1043" WIDTH="84" HEIGHT="52" CONTENT="10." WC="0.62" CC="343"/>
						<SP ID="P47_SP00025" HPOS="210" VPOS="1095" WIDTH="57"/>
						<String ID="P47_ST00029" HPOS="267" VPOS="1040" WIDTH="116" HEIGHT="56" CONTENT="Auf" WC="1.00" CC="001"/>
						<SP ID="P47_SP00026" HPOS="383" VPOS="1096" WIDTH="38"/>
						<String ID="P47_ST00030" HPOS="421" VPOS="1043" WIDTH="183" HEIGHT="57" CONTENT="dieser" WC="1.00" CC="040000"/>
						<SP ID="P47_SP00027" HPOS="604" VPOS="1100" WIDTH="38"/>
						<String ID="P47_ST00031" HPOS="642" VPOS="1046" WIDTH="143" HEIGHT="55" CONTENT="Erde" WC="1.00" CC="1000"/>
						<SP ID="P47_SP00028" HPOS="785" VPOS="1101" WIDTH="38"/>
						<String ID="P47_ST00032" HPOS="823" VPOS="1049" WIDTH="121" HEIGHT="69" CONTENT="gibt" WC="0.99" CC="0050"/>
						<SP ID="P47_SP00029" HPOS="944" VPOS="1118" WIDTH="39"/>
						<String ID="P47_ST00033" HPOS="983" VPOS="1072" WIDTH="60" HEIGHT="34" CONTENT="es" WC="1.00" CC="00"/>
						<SP ID="P47_SP00030" HPOS="1043" VPOS="1118" WIDTH="41"/>
						<String ID="P47_ST00034" HPOS="1084" VPOS="1075" WIDTH="120" HEIGHT="34" CONTENT="nur:" WC="0.98" CC="4400"/>
						<SP ID="P47_SP00031" HPOS="1204" VPOS="1118" WIDTH="59"/>
						<String ID="P47_ST00035" HPOS="1263" VPOS="1056" WIDTH="341" HEIGHT="70" CONTENT="persönliche" WC="0.99" CC="00007226060"/>
						<SP ID="P47_SP00032" HPOS="1604" VPOS="1126" WIDTH="40"/>
						<String ID="P47_ST00036" HPOS="1644" VPOS="1059" WIDTH="302" HEIGHT="60" CONTENT="Interessen" WC="1.00" CC="5000000005"/>
						<SP ID="P47_SP00033" HPOS="1946" VPOS="1126" WIDTH="39"/>
						<String ID="P47_ST00037" HPOS="1985" VPOS="1067" WIDTH="113" HEIGHT="55" CONTENT="und" WC="0.98" CC="050"/>
						<SP ID="P47_SP00034" HPOS="2098" VPOS="1126" WIDTH="41"/>
						<String ID="P47_ST00038" HPOS="2139" VPOS="1071" WIDTH="86" HEIGHT="52" CONTENT="ein" WC="0.96" CC="055"/>
					</TextLine>
					<TextLine ID="P47_TL00005" HPOS="267" VPOS="1117" WIDTH="1958" HEIGHT="89">
						<String ID="P47_ST00039" HPOS="267" VPOS="1117" WIDTH="239" HEIGHT="69" CONTENT="einziges" WC="0.99" CC="04006900"/>
						<SP ID="P47_SP00035" HPOS="506" VPOS="1186" WIDTH="47"/>
						<String ID="P47_ST00040" HPOS="553" VPOS="1122" WIDTH="402" HEIGHT="66" CONTENT="gemeinsames" WC="1.00" CC="00001000400"/>
						<SP ID="P47_SP00036" HPOS="955" VPOS="1188" WIDTH="49"/>
						<String ID="P47_ST00041" HPOS="1004" VPOS="1124" WIDTH="282" HEIGHT="57" CONTENT="Interesse," WC="1.00" CC="7000000003"/>
						<SP ID="P47_SP00037" HPOS="1286" VPOS="1188" WIDTH="85"/>
						<String ID="P47_ST00042" HPOS="1371" VPOS="1129" WIDTH="52" HEIGHT="55" CONTENT="ln" WC="1.00" CC="00"/>
						<SP ID="P47_SP00038" HPOS="1423" VPOS="1188" WIDTH="29"/>
						<String ID="P47_ST00043" HPOS="1452" VPOS="1128" WIDTH="286" HEIGHT="61" CONTENT="Wahrheit" WC="0.98" CC="93705040"/>
						<SP ID="P47_SP00039" HPOS="1738" VPOS="1189" WIDTH="44"/>
						<String ID="P47_ST00044" HPOS="1782" VPOS="1136" WIDTH="122" HEIGHT="70" CONTENT="gibt" WC="0.98" CC="0370"/>
						<SP ID="P47_SP00040" HPOS="1904" VPOS="1206" WIDTH="55"/>
						<String ID="P47_ST00045" HPOS="1959" VPOS="1160" WIDTH="58" HEIGHT="34" CONTENT="es" WC="1.00" CC="00"/>
						<SP ID="P47_SP00041" HPOS="2017" VPOS="1206" WIDTH="48"/>
						<String ID="P47_ST00046" HPOS="2065" VPOS="1139" WIDTH="160" HEIGHT="58" CONTENT="keine" WC="0.98" CC="00560"/>
					</TextLine>
					<TextLine ID="P47_TL00006" HPOS="265" VPOS="1186" WIDTH="1545" HEIGHT="79">
						<String ID="P47_ST00047" HPOS="265" VPOS="1186" WIDTH="330" HEIGHT="60" CONTENT="Ausländer." WC="0.99" CC="0005730003"/>
						<SP ID="P47_SP00042" HPOS="595" VPOS="1246" WIDTH="77"/>
						<String ID="P47_ST00048" HPOS="672" VPOS="1193" WIDTH="178" HEIGHT="72" CONTENT="Logik" WC="0.99" CC="00061"/>
						<SP ID="P47_SP00043" HPOS="850" VPOS="1265" WIDTH="37"/>
						<String ID="P47_ST00049" HPOS="887" VPOS="1197" WIDTH="114" HEIGHT="54" CONTENT="und" WC="0.97" CC="430"/>
						<SP ID="P47_SP00044" HPOS="1001" VPOS="1265" WIDTH="38"/>
						<String ID="P47_ST00050" HPOS="1039" VPOS="1197" WIDTH="174" HEIGHT="58" CONTENT="Moral" WC="0.98" CC="03206"/>
						<SP ID="P47_SP00045" HPOS="1213" VPOS="1265" WIDTH="40"/>
						<String ID="P47_ST00051" HPOS="1253" VPOS="1200" WIDTH="122" HEIGHT="56" CONTENT="sind" WC="0.99" CC="0500"/>
						<SP ID="P47_SP00046" HPOS="1375" VPOS="1265" WIDTH="40"/>
						<String ID="P47_ST00052" HPOS="1415" VPOS="1206" WIDTH="395" HEIGHT="58" CONTENT="international." WC="1.00" CC="10003000200044"/>
					</TextLine>
					<TextLine ID="P47_TL00007" HPOS="124" VPOS="1289" WIDTH="2095" HEIGHT="99">
						<String ID="P47_ST00053" HPOS="124" VPOS="1291" WIDTH="81" HEIGHT="54" CONTENT="11." WC="0.34" CC="954"/>
						<SP ID="P47_SP00047" HPOS="205" VPOS="1345" WIDTH="61"/>
						<String ID="P47_ST00054" HPOS="266" VPOS="1289" WIDTH="114" HEIGHT="56" CONTENT="Das" WC="0.97" CC="070"/>
						<SP ID="P47_SP00048" HPOS="380" VPOS="1345" WIDTH="39"/>
						<String ID="P47_ST00055" HPOS="419" VPOS="1293" WIDTH="136" HEIGHT="55" CONTENT="noch" WC="0.97" CC="6006"/>
						<SP ID="P47_SP00049" HPOS="555" VPOS="1348" WIDTH="41"/>
						<String ID="P47_ST00056" HPOS="596" VPOS="1297" WIDTH="282" HEIGHT="57" CONTENT="unsichere" WC="0.98" CC="470400777"/>
						<SP ID="P47_SP00050" HPOS="878" VPOS="1354" WIDTH="39"/>
						<String ID="P47_ST00057" HPOS="917" VPOS="1300" WIDTH="134" HEIGHT="55" CONTENT="aber" WC="0.93" CC="9677"/>
						<SP ID="P47_SP00051" HPOS="1051" VPOS="1355" WIDTH="38"/>
						<String ID="P47_ST00058" HPOS="1089" VPOS="1322" WIDTH="63" HEIGHT="35" CONTENT="so" WC="1.00" CC="00"/>
						<SP ID="P47_SP00052" HPOS="1152" VPOS="1357" WIDTH="41"/>
						<String ID="P47_ST00059" HPOS="1193" VPOS="1305" WIDTH="345" HEIGHT="69" CONTENT="ergreifende" WC="0.98" CC="77077467707"/>
						<SP ID="P47_SP00053" HPOS="1538" VPOS="1374" WIDTH="41"/>
						<String ID="P47_ST00060" HPOS="1579" VPOS="1306" WIDTH="202" HEIGHT="60" CONTENT="Tasten" WC="0.97" CC="770077"/>
						<SP ID="P47_SP00054" HPOS="1781" VPOS="1374" WIDTH="41"/>
						<String ID="P47_ST00061" HPOS="1822" VPOS="1312" WIDTH="99" HEIGHT="56" CONTENT="der" WC="0.94" CC="077"/>
						<SP ID="P47_SP00055" HPOS="1921" VPOS="1374" WIDTH="38"/>
						<String ID="P47_ST00062" HPOS="1959" VPOS="1313" WIDTH="260" HEIGHT="75" CONTENT="heutigen" WC="0.98" CC="47005077"/>
					</TextLine>
					<TextLine ID="P47_TL00008" HPOS="262" VPOS="1363" WIDTH="1957" HEIGHT="93">
						<String ID="P47_ST00063" HPOS="262" VPOS="1363" WIDTH="210" HEIGHT="57" CONTENT="Völker" WC="0.98" CC="063005"/>
						<SP ID="P47_SP00056" HPOS="472" VPOS="1420" WIDTH="45"/>
						<String ID="P47_ST00064" HPOS="517" VPOS="1367" WIDTH="132" HEIGHT="54" CONTENT="nach" WC="0.99" CC="2000"/>
						<SP ID="P47_SP00057" HPOS="649" VPOS="1421" WIDTH="47"/>
						<String ID="P47_ST00065" HPOS="696" VPOS="1371" WIDTH="154" HEIGHT="54" CONTENT="mehr" WC="1.00" CC="0002"/>
						<SP ID="P47_SP00058" HPOS="850" VPOS="1425" WIDTH="39"/>
						<String ID="P47_ST00066" HPOS="889" VPOS="1371" WIDTH="177" HEIGHT="57" CONTENT="Glück" WC="0.99" CC="04000"/>
						<SP ID="P47_SP00059" HPOS="1066" VPOS="1428" WIDTH="39"/>
						<String ID="P47_ST00067" HPOS="1105" VPOS="1374" WIDTH="210" HEIGHT="58" CONTENT="kündet" WC="1.00" CC="001000"/>
						<SP ID="P47_SP00060" HPOS="1315" VPOS="1432" WIDTH="39"/>
						<String ID="P47_ST00068" HPOS="1354" VPOS="1381" WIDTH="87" HEIGHT="52" CONTENT="ein" WC="0.96" CC="035"/>
						<SP ID="P47_SP00061" HPOS="1441" VPOS="1433" WIDTH="39"/>
						<String ID="P47_ST00069" HPOS="1480" VPOS="1401" WIDTH="170" HEIGHT="36" CONTENT="neues" WC="0.99" CC="00400"/>
						<SP ID="P47_SP00062" HPOS="1650" VPOS="1437" WIDTH="39"/>
						<String ID="P47_ST00070" HPOS="1689" VPOS="1381" WIDTH="257" HEIGHT="59" CONTENT="Zeitalter" WC="1.00" CC="201006001"/>
						<SP ID="P47_SP00063" HPOS="1946" VPOS="1440" WIDTH="38"/>
						<String ID="P47_ST00071" HPOS="1984" VPOS="1410" WIDTH="85" HEIGHT="46" CONTENT="an," WC="0.98" CC="130"/>
						<SP ID="P47_SP00064" HPOS="2069" VPOS="1456" WIDTH="48"/>
						<String ID="P47_ST00072" HPOS="2117" VPOS="1391" WIDTH="102" HEIGHT="56" CONTENT="das" WC="1.00" CC="000"/>
					</TextLine>
					<TextLine ID="P47_TL00009" HPOS="262" VPOS="1438" WIDTH="1779" HEIGHT="80">
						<String ID="P47_ST00073" HPOS="262" VPOS="1458" WIDTH="66" HEIGHT="33" CONTENT="an" WC="0.64" CC="07"/>
						<SP ID="P47_SP00065" HPOS="328" VPOS="1491" WIDTH="41"/>
						<String ID="P47_ST00074" HPOS="369" VPOS="1438" WIDTH="251" HEIGHT="57" CONTENT="Reinheit" WC="0.99" CC="10320062"/>
						<SP ID="P47_SP00066" HPOS="620" VPOS="1495" WIDTH="38"/>
						<String ID="P47_ST00075" HPOS="658" VPOS="1444" WIDTH="111" HEIGHT="54" CONTENT="und" WC="0.95" CC="770"/>
						<SP ID="P47_SP00067" HPOS="769" VPOS="1498" WIDTH="40"/>
						<String ID="P47_ST00076" HPOS="809" VPOS="1443" WIDTH="191" HEIGHT="58" CONTENT="Größe" WC="1.00" CC="00000"/>
						<SP ID="P47_SP00068" HPOS="1000" VPOS="1501" WIDTH="41"/>
						<String ID="P47_ST00077" HPOS="1041" VPOS="1448" WIDTH="99" HEIGHT="56" CONTENT="das" WC="0.97" CC="070"/>
						<SP ID="P47_SP00069" HPOS="1140" VPOS="1504" WIDTH="41"/>
						<String ID="P47_ST00078" HPOS="1181" VPOS="1451" WIDTH="298" HEIGHT="58" CONTENT="christliche" WC="1.00" CC="00140076000"/>
						<SP ID="P47_SP00070" HPOS="1479" VPOS="1509" WIDTH="40"/>
						<String ID="P47_ST00079" HPOS="1519" VPOS="1456" WIDTH="333" HEIGHT="58" CONTENT="übertreffen" WC="0.99" CC="05040005005"/>
						<SP ID="P47_SP00071" HPOS="1852" VPOS="1514" WIDTH="39"/>
						<String ID="P47_ST00080" HPOS="1891" VPOS="1462" WIDTH="150" HEIGHT="56" CONTENT="wird." WC="0.98" CC="05303"/>
					</TextLine>
					<TextLine ID="P47_TL00010" HPOS="115" VPOS="1538" WIDTH="2099" HEIGHT="99">
						<String ID="P47_ST00081" HPOS="115" VPOS="1540" WIDTH="85" HEIGHT="53" CONTENT="12." WC="0.69" CC="503"/>
						<SP ID="P47_SP00072" HPOS="200" VPOS="1593" WIDTH="61"/>
						<String ID="P47_ST00082" HPOS="261" VPOS="1538" WIDTH="179" HEIGHT="57" CONTENT="Durch" WC="0.99" CC="40000"/>
						<SP ID="P47_SP00073" HPOS="440" VPOS="1595" WIDTH="30"/>
						<String ID="P47_ST00083" HPOS="470" VPOS="1542" WIDTH="107" HEIGHT="56" CONTENT="den" WC="0.97" CC="006"/>
						<SP ID="P47_SP00074" HPOS="577" VPOS="1598" WIDTH="29"/>
						<String ID="P47_ST00084" HPOS="606" VPOS="1542" WIDTH="160" HEIGHT="59" CONTENT="Geist" WC="0.98" CC="00563"/>
						<SP ID="P47_SP00075" HPOS="766" VPOS="1601" WIDTH="32"/>
						<String ID="P47_ST00085" HPOS="798" VPOS="1548" WIDTH="124" HEIGHT="54" CONTENT="sind" WC="0.98" CC="0620"/>
						<SP ID="P47_SP00076" HPOS="922" VPOS="1602" WIDTH="28"/>
						<String ID="P47_ST00086" HPOS="950" VPOS="1548" WIDTH="89" HEIGHT="56" CONTENT="die" WC="0.98" CC="040"/>
						<SP ID="P47_SP00077" HPOS="1039" VPOS="1604" WIDTH="29"/>
						<String ID="P47_ST00087" HPOS="1068" VPOS="1550" WIDTH="183" HEIGHT="73" CONTENT="Dinge" WC="0.99" CC="04100"/>
						<SP ID="P47_SP00078" HPOS="1251" VPOS="1623" WIDTH="28"/>
						<String ID="P47_ST00088" HPOS="1279" VPOS="1552" WIDTH="456" HEIGHT="74" CONTENT="fortgeschritten." WC="1.00" CC="7027004000000024"/>
						<SP ID="P47_SP00079" HPOS="1735" VPOS="1626" WIDTH="73"/>
						<String ID="P47_ST00089" HPOS="1808" VPOS="1560" WIDTH="105" HEIGHT="57" CONTENT="Die" WC="0.98" CC="040"/>
						<SP ID="P47_SP00080" HPOS="1913" VPOS="1626" WIDTH="28"/>
						<String ID="P47_ST00090" HPOS="1941" VPOS="1567" WIDTH="273" HEIGHT="70" CONTENT="geistigen" WC="1.00" CC="006000000"/>
					</TextLine>
					<TextLine ID="P47_TL00011" HPOS="258" VPOS="1614" WIDTH="1959" HEIGHT="83">
						<String ID="P47_ST00091" HPOS="258" VPOS="1614" WIDTH="295" HEIGHT="55" CONTENT="Menschen" WC="0.98" CC="57703777"/>
						<SP ID="P47_SP00081" HPOS="553" VPOS="1669" WIDTH="40"/>
						<String ID="P47_ST00092" HPOS="593" VPOS="1617" WIDTH="178" HEIGHT="56" CONTENT="haben" WC="0.96" CC="07777"/>
						<SP ID="P47_SP00082" HPOS="771" VPOS="1673" WIDTH="52"/>
						<String ID="P47_ST00093" HPOS="823" VPOS="1621" WIDTH="91" HEIGHT="54" CONTENT="die" WC="0.95" CC="057"/>
						<SP ID="P47_SP00083" HPOS="914" VPOS="1675" WIDTH="47"/>
						<String ID="P47_ST00094" HPOS="961" VPOS="1622" WIDTH="207" HEIGHT="69" CONTENT="Pflicht," WC="0.99" CC="05540604"/>
						<SP ID="P47_SP00084" HPOS="1168" VPOS="1691" WIDTH="59"/>
						<String ID="P47_ST00095" HPOS="1227" VPOS="1626" WIDTH="83" HEIGHT="55" CONTENT="ihr" WC="0.99" CC="300"/>
						<SP ID="P47_SP00085" HPOS="1310" VPOS="1691" WIDTH="49"/>
						<String ID="P47_ST00096" HPOS="1359" VPOS="1627" WIDTH="187" HEIGHT="59" CONTENT="Leben" WC="0.96" CC="07677"/>
						<SP ID="P47_SP00086" HPOS="1546" VPOS="1691" WIDTH="61"/>
						<String ID="P47_ST00097" HPOS="1607" VPOS="1634" WIDTH="84" HEIGHT="53" CONTENT="für" WC="0.95" CC="607"/>
						<SP ID="P47_SP00087" HPOS="1691" VPOS="1691" WIDTH="57"/>
						<String ID="P47_ST00098" HPOS="1748" VPOS="1634" WIDTH="107" HEIGHT="55" CONTENT="den" WC="0.94" CC="077"/>
						<SP ID="P47_SP00088" HPOS="1855" VPOS="1691" WIDTH="47"/>
						<String ID="P47_ST00099" HPOS="1902" VPOS="1636" WIDTH="315" HEIGHT="61" CONTENT="Fortschritt" WC="0.99" CC="62700077305"/>
					</TextLine>
					<TextLine ID="P47_TL00012" HPOS="259" VPOS="1686" WIDTH="367" HEIGHT="73">
						<String ID="P47_ST00100" HPOS="259" VPOS="1686" WIDTH="367" HEIGHT="73" CONTENT="hinzugeben." WC="0.99" CC="04447000043"/>
					</TextLine>
					<TextLine ID="P47_TL00013" HPOS="112" VPOS="1787" WIDTH="1539" HEIGHT="81">
						<String ID="P47_ST00101" HPOS="112" VPOS="1788" WIDTH="84" HEIGHT="54" CONTENT="13." WC="0.60" CC="433"/>
						<SP ID="P47_SP00089" HPOS="196" VPOS="1842" WIDTH="58"/>
						<String ID="P47_ST00102" HPOS="254" VPOS="1787" WIDTH="134" HEIGHT="56" CONTENT="Wer" WC="0.94" CC="907"/>
						<SP ID="P47_SP00090" HPOS="388" VPOS="1843" WIDTH="38"/>
						<String ID="P47_ST00103" HPOS="426" VPOS="1791" WIDTH="170" HEIGHT="56" CONTENT="nichts" WC="0.98" CC="760720"/>
						<SP ID="P47_SP00091" HPOS="596" VPOS="1847" WIDTH="38"/>
						<String ID="P47_ST00104" HPOS="634" VPOS="1802" WIDTH="98" HEIGHT="59" CONTENT="tut," WC="0.99" CC="0004"/>
						<SP ID="P47_SP00092" HPOS="732" VPOS="1861" WIDTH="42"/>
						<String ID="P47_ST00105" HPOS="774" VPOS="1795" WIDTH="209" HEIGHT="73" CONTENT="kämpft" WC="0.98" CC="059160"/>
						<SP ID="P47_SP00093" HPOS="983" VPOS="1868" WIDTH="40"/>
						<String ID="P47_ST00106" HPOS="1023" VPOS="1799" WIDTH="82" HEIGHT="56" CONTENT="für" WC="0.95" CC="707"/>
						<SP ID="P47_SP00094" HPOS="1105" VPOS="1868" WIDTH="40"/>
						<String ID="P47_ST00107" HPOS="1145" VPOS="1801" WIDTH="99" HEIGHT="57" CONTENT="das" WC="1.00" CC="010"/>
						<SP ID="P47_SP00095" HPOS="1244" VPOS="1868" WIDTH="40"/>
						<String ID="P47_ST00108" HPOS="1284" VPOS="1804" WIDTH="367" HEIGHT="59" CONTENT="Bestehende." WC="0.99" CC="45004765023"/>
					</TextLine>
					<TextLine ID="P47_TL00014" HPOS="111" VPOS="1889" WIDTH="2099" HEIGHT="93">
						<String ID="P47_ST00109" HPOS="111" VPOS="1890" WIDTH="84" HEIGHT="52" CONTENT="14." WC="0.53" CC="454"/>
						<SP ID="P47_SP00096" HPOS="195" VPOS="1942" WIDTH="59"/>
						<String ID="P47_ST00110" HPOS="254" VPOS="1889" WIDTH="115" HEIGHT="56" CONTENT="Der" WC="0.97" CC="405"/>
						<SP ID="P47_SP00097" HPOS="369" VPOS="1945" WIDTH="38"/>
						<String ID="P47_ST00111" HPOS="407" VPOS="1894" WIDTH="282" HEIGHT="68" CONTENT="politische" WC="0.99" CC="6265003000"/>
						<SP ID="P47_SP00098" HPOS="689" VPOS="1962" WIDTH="39"/>
						<String ID="P47_ST00112" HPOS="728" VPOS="1896" WIDTH="183" HEIGHT="58" CONTENT="Streik" WC="0.99" CC="400050"/>
						<SP ID="P47_SP00099" HPOS="911" VPOS="1962" WIDTH="44"/>
						<String ID="P47_ST00113" HPOS="955" VPOS="1903" WIDTH="70" HEIGHT="53" CONTENT="ist" WC="0.98" CC="500"/>
						<SP ID="P47_SP00100" HPOS="1025" VPOS="1962" WIDTH="46"/>
						<String ID="P47_ST00114" HPOS="1071" VPOS="1903" WIDTH="99" HEIGHT="56" CONTENT="der" WC="0.98" CC="005"/>
						<SP ID="P47_SP00101" HPOS="1170" VPOS="1962" WIDTH="47"/>
						<String ID="P47_ST00115" HPOS="1217" VPOS="1905" WIDTH="210" HEIGHT="56" CONTENT="edelste" WC="0.99" CC="0004050"/>
						<SP ID="P47_SP00102" HPOS="1427" VPOS="1962" WIDTH="47"/>
						<String ID="P47_ST00116" HPOS="1474" VPOS="1909" WIDTH="110" HEIGHT="55" CONTENT="und" WC="0.93" CC="774"/>
						<SP ID="P47_SP00103" HPOS="1584" VPOS="1964" WIDTH="46"/>
						<String ID="P47_ST00117" HPOS="1630" VPOS="1912" WIDTH="244" HEIGHT="70" CONTENT="zugleich" WC="0.99" CC="61900000"/>
						<SP ID="P47_SP00104" HPOS="1874" VPOS="1982" WIDTH="49"/>
						<String ID="P47_ST00118" HPOS="1923" VPOS="1915" WIDTH="98" HEIGHT="56" CONTENT="der" WC="1.00" CC="000"/>
						<SP ID="P47_SP00105" HPOS="2021" VPOS="1982" WIDTH="38"/>
						<String ID="P47_ST00119" HPOS="2059" VPOS="1924" WIDTH="121" HEIGHT="49" CONTENT="nütz" SUBS_TYPE="HypPart1" SUBS_CONTENT="nützlichste." WC="0.98" CC="3055"/>
						<HYP HPOS="2180" VPOS="1924" WIDTH="30" CONTENT="-"/>
					</TextLine>
					<TextLine ID="P47_TL00015" HPOS="253" VPOS="1964" WIDTH="1953" HEIGHT="90">
						<String ID="P47_ST00120" HPOS="253" VPOS="1964" WIDTH="205" HEIGHT="57" CONTENT="lichste." SUBS_TYPE="HypPart2" SUBS_CONTENT="nützlichste." WC="0.99" CC="66070003"/>
						<SP ID="P47_SP00106" HPOS="458" VPOS="2021" WIDTH="85"/>
						<String ID="P47_ST00121" HPOS="543" VPOS="1968" WIDTH="68" HEIGHT="54" CONTENT="Er" WC="0.75" CC="50"/>
						<SP ID="P47_SP00107" HPOS="611" VPOS="2022" WIDTH="56"/>
						<String ID="P47_ST00122" HPOS="667" VPOS="1971" WIDTH="160" HEIGHT="69" CONTENT="stellt," WC="0.99" CC="1400704"/>
						<SP ID="P47_SP00108" HPOS="827" VPOS="2040" WIDTH="59"/>
						<String ID="P47_ST00123" HPOS="886" VPOS="1976" WIDTH="262" HEIGHT="55" CONTENT="zwischen" WC="0.99" CC="76500000"/>
						<SP ID="P47_SP00109" HPOS="1148" VPOS="2040" WIDTH="59"/>
						<String ID="P47_ST00124" HPOS="1207" VPOS="1978" WIDTH="288" HEIGHT="58" CONTENT="Evolution" WC="1.00" CC="000100605"/>
						<SP ID="P47_SP00110" HPOS="1495" VPOS="2040" WIDTH="60"/>
						<String ID="P47_ST00125" HPOS="1555" VPOS="1987" WIDTH="112" HEIGHT="53" CONTENT="und" WC="0.97" CC="070"/>
						<SP ID="P47_SP00111" HPOS="1667" VPOS="2040" WIDTH="45"/>
						<String ID="P47_ST00126" HPOS="1712" VPOS="1985" WIDTH="343" HEIGHT="69" CONTENT="Revolution," WC="1.00" CC="50005000044"/>
						<SP ID="P47_SP00112" HPOS="2055" VPOS="2054" WIDTH="61"/>
						<String ID="P47_ST00127" HPOS="2116" VPOS="1993" WIDTH="90" HEIGHT="56" CONTENT="die" WC="0.98" CC="040"/>
					</TextLine>
					<TextLine ID="P47_TL00016" HPOS="253" VPOS="2040" WIDTH="1170" HEIGHT="70">
						<String ID="P47_ST00128" HPOS="253" VPOS="2046" WIDTH="158" HEIGHT="46" CONTENT="horm" WC="0.46" CC="9064"/>
						<SP ID="P47_SP00113" HPOS="411" VPOS="2092" WIDTH="42"/>
						<String ID="P47_ST00129" HPOS="453" VPOS="2040" WIDTH="97" HEIGHT="56" CONTENT="der" WC="0.98" CC="006"/>
						<SP ID="P47_SP00114" HPOS="550" VPOS="2096" WIDTH="40"/>
						<String ID="P47_ST00130" HPOS="590" VPOS="2042" WIDTH="310" HEIGHT="59" CONTENT="friedlichen" WC="0.99" CC="50505640007"/>
						<SP ID="P47_SP00115" HPOS="900" VPOS="2101" WIDTH="40"/>
						<String ID="P47_ST00131" HPOS="940" VPOS="2048" WIDTH="328" HEIGHT="59" CONTENT="Revolution" WC="0.99" CC="7000020304"/>
						<SP ID="P47_SP00116" HPOS="1268" VPOS="2107" WIDTH="40"/>
						<String ID="P47_ST00132" HPOS="1308" VPOS="2054" WIDTH="115" HEIGHT="56" CONTENT="dar." WC="0.98" CC="0404"/>
					</TextLine>
					<TextLine ID="P47_TL00017" HPOS="107" VPOS="2138" WIDTH="2096" HEIGHT="95">
						<String ID="P47_ST00133" HPOS="107" VPOS="2139" WIDTH="84" HEIGHT="53" CONTENT="15." WC="0.56" CC="533"/>
						<SP ID="P47_SP00117" HPOS="191" VPOS="2192" WIDTH="61"/>
						<String ID="P47_ST00134" HPOS="252" VPOS="2138" WIDTH="105" HEIGHT="56" CONTENT="Die" WC="0.96" CC="460"/>
						<SP ID="P47_SP00118" HPOS="357" VPOS="2194" WIDTH="50"/>
						<String ID="P47_ST00135" HPOS="407" VPOS="2140" WIDTH="396" HEIGHT="61" CONTENT="Revolutionen" WC="0.99" CC="204266340607"/>
						<SP ID="P47_SP00119" HPOS="803" VPOS="2201" WIDTH="58"/>
						<String ID="P47_ST00136" HPOS="861" VPOS="2149" WIDTH="218" HEIGHT="56" CONTENT="werden" WC="0.99" CC="003003"/>
						<SP ID="P47_SP00120" HPOS="1079" VPOS="2205" WIDTH="57"/>
						<String ID="P47_ST00137" HPOS="1136" VPOS="2175" WIDTH="108" HEIGHT="34" CONTENT="von" WC="0.95" CC="606"/>
						<SP ID="P47_SP00121" HPOS="1244" VPOS="2209" WIDTH="59"/>
						<String ID="P47_ST00138" HPOS="1303" VPOS="2155" WIDTH="105" HEIGHT="55" CONTENT="den" WC="0.94" CC="905"/>
						<SP ID="P47_SP00122" HPOS="1408" VPOS="2210" WIDTH="52"/>
						<String ID="P47_ST00139" HPOS="1460" VPOS="2157" WIDTH="384" HEIGHT="75" CONTENT="Regierungen" WC="0.99" CC="80970507000"/>
						<SP ID="P47_SP00123" HPOS="1844" VPOS="2232" WIDTH="58"/>
						<String ID="P47_ST00140" HPOS="1902" VPOS="2166" WIDTH="301" HEIGHT="67" CONTENT="veranlaßt," WC="1.00" CC="0030150004"/>
					</TextLine>
					<TextLine ID="P47_TL00018" HPOS="249" VPOS="2214" WIDTH="1951" HEIGHT="88">
						<String ID="P47_ST00141" HPOS="249" VPOS="2214" WIDTH="90" HEIGHT="52" CONTENT="die" WC="0.94" CC="367"/>
						<SP ID="P47_SP00124" HPOS="339" VPOS="2266" WIDTH="41"/>
						<String ID="P47_ST00142" HPOS="380" VPOS="2214" WIDTH="597" HEIGHT="70" CONTENT="Gegenrevolutionäre" WC="0.99" CC="507076020573667660"/>
						<SP ID="P47_SP00125" HPOS="977" VPOS="2284" WIDTH="48"/>
						<String ID="P47_ST00143" HPOS="1025" VPOS="2225" WIDTH="221" HEIGHT="55" CONTENT="machen" WC="0.97" CC="880607"/>
						<SP ID="P47_SP00126" HPOS="1246" VPOS="2284" WIDTH="49"/>
						<String ID="P47_ST00144" HPOS="1295" VPOS="2232" WIDTH="79" HEIGHT="50" CONTENT="sie" WC="0.93" CC="557"/>
						<SP ID="P47_SP00127" HPOS="1374" VPOS="2284" WIDTH="47"/>
						<String ID="P47_ST00145" HPOS="1421" VPOS="2230" WIDTH="190" HEIGHT="72" CONTENT="blutig*" WC="0.97" CC="7087494"/>
						<SP ID="P47_SP00128" HPOS="1611" VPOS="2302" WIDTH="78"/>
						<String ID="P47_ST00146" HPOS="1689" VPOS="2234" WIDTH="106" HEIGHT="55" CONTENT="Die" WC="0.96" CC="720"/>
						<SP ID="P47_SP00129" HPOS="1795" VPOS="2302" WIDTH="39"/>
						<String ID="P47_ST00147" HPOS="1834" VPOS="2236" WIDTH="333" HEIGHT="59" CONTENT="Verantwort" SUBS_TYPE="HypPart1" SUBS_CONTENT="Verantwortliehen" WC="0.99" CC="0778600573"/>
						<HYP HPOS="2167" VPOS="2236" WIDTH="33" CONTENT="-"/>
					</TextLine>
					<TextLine ID="P47_TL00019" HPOS="247" VPOS="2284" WIDTH="1953" HEIGHT="84">
						<String ID="P47_ST00148" HPOS="247" VPOS="2284" WIDTH="171" HEIGHT="62" CONTENT="liehen" SUBS_TYPE="HypPart2" SUBS_CONTENT="Verantwortliehen" WC="0.98" CC="307710"/>
						<SP ID="P47_SP00130" HPOS="418" VPOS="2346" WIDTH="47"/>
						<String ID="P47_ST00149" HPOS="465" VPOS="2291" WIDTH="149" HEIGHT="52" CONTENT="eines" WC="0.99" CC="06100"/>
						<SP ID="P47_SP00131" HPOS="614" VPOS="2346" WIDTH="49"/>
						<String ID="P47_ST00150" HPOS="663" VPOS="2290" WIDTH="233" HEIGHT="73" CONTENT="Krieges" WC="0.99" CC="6430000"/>
						<SP ID="P47_SP00132" HPOS="896" VPOS="2363" WIDTH="184"/>
						<String ID="P47_ST00151" HPOS="1080" VPOS="2298" WIDTH="227" HEIGHT="56" CONTENT="welcher" WC="0.99" CC="6360000"/>
						<SP ID="P47_SP00133" HPOS="1307" VPOS="2363" WIDTH="37"/>
						<String ID="P47_ST00152" HPOS="1344" VPOS="2300" WIDTH="105" HEIGHT="56" CONTENT="Art" WC="1.00" CC="000"/>
						<SP ID="P47_SP00134" HPOS="1449" VPOS="2363" WIDTH="58"/>
						<String ID="P47_ST00153" HPOS="1507" VPOS="2326" WIDTH="58" HEIGHT="33" CONTENT="er" WC="0.92" CC="10"/>
						<SP ID="P47_SP00135" HPOS="1565" VPOS="2363" WIDTH="56"/>
						<String ID="P47_ST00154" HPOS="1621" VPOS="2307" WIDTH="132" HEIGHT="54" CONTENT="auch" WC="0.99" CC="0700"/>
						<SP ID="P47_SP00136" HPOS="1753" VPOS="2363" WIDTH="60"/>
						<String ID="P47_ST00155" HPOS="1813" VPOS="2313" WIDTH="77" HEIGHT="51" CONTENT="sei" WC="0.99" CC="002"/>
						<SP ID="P47_SP00137" HPOS="1890" VPOS="2364" WIDTH="187"/>
						<String ID="P47_ST00156" HPOS="2077" VPOS="2314" WIDTH="123" HEIGHT="54" CONTENT="sind" WC="0.98" CC="0540"/>
					</TextLine>
					<TextLine ID="P47_TL00020" HPOS="248" VPOS="2357" WIDTH="1951" HEIGHT="98">
						<String ID="P47_ST00157" HPOS="248" VPOS="2357" WIDTH="328" HEIGHT="74" CONTENT="diejenigen," WC="0.99" CC="00476759050"/>
						<SP ID="P47_SP00138" HPOS="576" VPOS="2431" WIDTH="42"/>
						<String ID="P47_ST00158" HPOS="618" VPOS="2374" WIDTH="87" HEIGHT="44" CONTENT="die" WC="0.94" CC="474"/>
						<SP ID="P47_SP00139" HPOS="705" VPOS="2431" WIDTH="29"/>
						<String ID="P47_ST00159" HPOS="734" VPOS="2368" WIDTH="413" HEIGHT="69" CONTENT="unterdrücken," WC="0.99" CC="0726770000671"/>
						<SP ID="P47_SP00140" HPOS="1147" VPOS="2437" WIDTH="42"/>
						<String ID="P47_ST00160" HPOS="1189" VPOS="2375" WIDTH="224" HEIGHT="55" CONTENT="niemals" WC="0.97" CC="7647676"/>
						<SP ID="P47_SP00141" HPOS="1413" VPOS="2437" WIDTH="29"/>
						<String ID="P47_ST00161" HPOS="1442" VPOS="2376" WIDTH="105" HEIGHT="67" CONTENT="die," WC="0.96" CC="3653"/>
						<SP ID="P47_SP00142" HPOS="1547" VPOS="2443" WIDTH="38"/>
						<String ID="P47_ST00162" HPOS="1585" VPOS="2379" WIDTH="91" HEIGHT="55" CONTENT="die" WC="0.95" CC="840"/>
						<SP ID="P47_SP00143" HPOS="1676" VPOS="2443" WIDTH="27"/>
						<String ID="P47_ST00163" HPOS="1703" VPOS="2382" WIDTH="108" HEIGHT="54" CONTENT="sich" WC="0.98" CC="5300"/>
						<SP ID="P47_SP00144" HPOS="1811" VPOS="2443" WIDTH="28"/>
						<String ID="P47_ST00164" HPOS="1839" VPOS="2384" WIDTH="360" HEIGHT="71" CONTENT="verteidigen." WC="0.99" CC="066065059074"/>
					</TextLine>
				</TextBlock>
				<TextBlock ID="P47_TB00002" HPOS="451" VPOS="618" WIDTH="1455" HEIGHT="77" STYLEREFS="TXT_1 PAR_CENTER">
					<TextLine ID="P47_TL00021" HPOS="451" VPOS="619" WIDTH="1455" HEIGHT="76">
						<String ID="P47_ST00165" HPOS="451" VPOS="619" WIDTH="207" HEIGHT="71" CONTENT="Weißes" WC="1.00" CC="002000"/>
						<SP ID="P47_SP00145" HPOS="658" VPOS="690" WIDTH="37"/>
						<String ID="P47_ST00166" HPOS="695" VPOS="620" WIDTH="150" HEIGHT="56" CONTENT="Brett" WC="1.00" CC="00010"/>
						<SP ID="P47_SP00146" HPOS="845" VPOS="690" WIDTH="55"/>
						<String ID="P47_ST00167" HPOS="900" VPOS="653" WIDTH="12" HEIGHT="12" CONTENT="•" WC="0.58" CC="4" STYLEREFS="TXT_2"/>
						<SP ID="P47_SP00147" HPOS="912" VPOS="690" WIDTH="55"/>
						<String ID="P47_ST00168" HPOS="967" VPOS="624" WIDTH="108" HEIGHT="54" CONTENT="Die" WC="0.99" CC="003"/>
						<SP ID="P47_SP00148" HPOS="1075" VPOS="690" WIDTH="46"/>
						<String ID="P47_ST00169" HPOS="1121" VPOS="624" WIDTH="67" HEIGHT="56" CONTENT="15" WC="0.46" CC="82"/>
						<SP ID="P47_SP00149" HPOS="1188" VPOS="690" WIDTH="21"/>
						<String ID="P47_ST00170" HPOS="1209" VPOS="626" WIDTH="267" HEIGHT="58" CONTENT="Leitsätze" WC="1.00" CC="000302000"/>
						<SP ID="P47_SP00150" HPOS="1476" VPOS="690" WIDTH="39"/>
						<String ID="P47_ST00171" HPOS="1515" VPOS="631" WIDTH="98" HEIGHT="55" CONTENT="der" WC="1.00" CC="000"/>
						<SP ID="P47_SP00151" HPOS="1613" VPOS="690" WIDTH="36"/>
						<String ID="P47_ST00172" HPOS="1649" VPOS="633" WIDTH="257" HEIGHT="62" CONTENT="„Clarte“" WC="0.67" CC="30560108"/>
					</TextLine>
				</TextBlock>
				<TextBlock ID="P47_TB00003" HPOS="2127" VPOS="643" WIDTH="106" HEIGHT="52" STYLEREFS="TXT_3 PAR_RIGHT">
					<TextLine ID="P47_TL00022" HPOS="2127" VPOS="643" WIDTH="106" HEIGHT="52">
						<String ID="P47_ST00173" HPOS="2127" VPOS="643" WIDTH="106" HEIGHT="52" CONTENT="143" WC="1.00" CC="000"/>
					</TextLine>
				</TextBlock>
			</PrintSpace>
		</Page>
	</Layout>
</alto>
