2888 3960
259 347 643 120 L'Édition

711 528 628 94 Musicale

250 775 10 23 1
283 777 168 38 Dotésio
688 776 13 21 2
725 775 187 40 Hamelle
1440 777 13 23 3
1476 776 195 55 Durdilly
1848 775 13 23 4
1888 779 168 38 Seeman

250 834 14 23 5
288 836 202 38 Schirmer
696 834 15 23 6
734 836 107 39 Chez
862 834 174 41 l'auteur
1057 838 22 38 à
1102 838 164 38 Genève
1444 836 13 23 7
1479 837 174 39 Durand
1846 834 15 23 8
1885 838 193 38 Furstner

393 1002 242 49 PIANO.
759 1003 38 47 Il
836 1022 76 29 me
950 1006 102 45 faut
1087 1016 105 36 tout
1232 1004 193 48 d'abord
1468 1005 201 63 signaler
1713 1004 65 47 les
1822 1004 200 64 Goyescas
2062 1004 55 46 de

252 1072 345 64 Grranados,
626 1076 15 62 (
646 1079 8 22 l
659 1076 14 61 )
701 1077 367 46 extraordinaire
1108 1079 117 59 petit
1263 1077 172 47 recueil
1477 1077 61 47 où
1575 1077 42 47 la
1646 1077 195 46 verdeur
1869 1075 250 64 espagnole

251 1166 46 29 se
348 1148 131 46 vient
530 1148 247 46 combiner
826 1166 94 29 aux
964 1149 200 46 audaces
1207 1149 302 63 pianistiques
1554 1148 113 47 d'un
1717 1148 134 47 Liszt
1895 1166 62 29 ou
2002 1147 117 47 d'un

256 1220 220 63 Debussy
495 1241 11 37 ;
547 1220 155 46 disons
741 1219 103 62 plus
871 1237 11 30 :
926 1237 76 30 ces
1030 1220 167 62 pièces,
1232 1220 145 47 d'une
1404 1220 201 48 écriture
1648 1221 318 62 prestigieuse,
2004 1221 124 46 enri-

255 1291 207 47 chissent
487 1291 56 47 de
580 1290 231 64 quelques
837 1290 231 48 éléments
1096 1309 250 29 nouveaux
1374 1304 137 34 notre
1539 1293 258 62 technique
1816 1312 13 38 ;
1856 1304 47 34 et
1924 1293 47 63 je
1999 1309 58 28 ne
2084 1293 139 47 serais
2260 1308 79 46 pas
2378 1289 177 48 étonné
2594 1308 89 46 que
2724 1289 108 47 d'ici

254 1362 228 64 quelques
524 1362 192 61 années,
762 1362 43 47 le
849 1364 204 61 premier
1098 1375 219 34 moment
1361 1361 329 50 d'effarement
1736 1362 142 64 passé,
1925 1380 62 29 on
2034 1362 64 49 les
2143 1361 268 50 considérât
2452 1379 191 30 comme
2690 1362 55 46 de
2790 1360 44 47 la

316 1435 220 61 musique
575 1435 57 46 de
668 1435 214 61 pianiste.
975 1434 126 48 Pour
1139 1434 228 62 l'instant,
1408 1435 205 63 goûtons
1651 1453 58 28 en
1750 1434 305 64 l'originalité
2089 1436 202 60 intense,
2320 1434 286 47 l'harmonie
2632 1432 201 61 chaude,

258 1505 242 63 imprévue
528 1517 47 35 et
603 1506 212 65 toujours
843 1506 367 61 profondément
1237 1507 189 45 nourrie
1446 1522 10 31 :
1488 1506 79 47 des
1594 1522 137 46 pages
1757 1522 190 31 comme
1975 1505 41 47 le
2046 1505 147 48 début
2220 1506 63 47 du
2311 1505 252 47 deuxième
2593 1521 240 43 morceau,

315 1577 223 64 coloquio
583 1595 59 29 en
688 1577 43 47 la
776 1580 94 63 reja
989 1589 107 35 sont
1135 1577 56 47 de
1230 1577 140 48 celles
1407 1578 79 63 qui
1528 1596 58 28 ne
1624 1577 258 48 s'oublient
1920 1595 94 46 pas.
2058 1577 93 48 Les
2198 1577 179 65 Quatre
2413 1587 134 54 pièces
2591 1577 149 47 brèves
2775 1576 56 46 de

259 1651 77 48 M.
367 1646 285 52 Maurice
688 1647 321 49 Reuchsel
1037 1649 49 63 (~)
1126 1666 59 29 ne
1225 1663 264 49 manquent
1517 1651 49 45 ni
1595 1649 54 47 de
1677 1649 294 61 distinction,
2001 1649 46 46 ni
2076 1651 57 45 de
2161 1667 164 29 saveur
2344 1671 13 38 ;
2387 1666 120 30 nous
2535 1666 58 28 ne
2621 1665 213 44 pouvons

256 1740 60 29 en
357 1740 166 44 penser
560 1735 167 34 autant
768 1723 78 47 des
885 1722 80 47 Six
1003 1719 189 65 esquisses
1229 1732 41 34 et
1294 1721 66 45 six
1390 1731 134 52 pièces
1549 1722 108 46 dans
1685 1722 37 46 le
1747 1722 103 63 style
1877 1721 150 47 ancien
2030 1759 13 23 ,
2074 1722 57 47 de
2159 1722 78 47 M.
2265 1717 197 52 Albin
2495 1716 243 53 Ghlillot
2767 1719 66 63 ('),

258 1794 231 62 pastiches
514 1794 160 47 faciles
699 1806 47 37 et
774 1794 56 47 de
859 1796 107 45 bien
997 1794 199 46 minime
1224 1809 277 46 envergure.

400 1867 137 47 Nous
562 1883 146 31 avons
743 1865 101 61 déjà
871 1867 69 45 dit
981 1877 135 35 notre
1159 1876 103 34 mot
1305 1881 76 30 sur
1427 1863 273 63 l'entologie
1746 1863 185 62 publiée
1978 1882 80 43 par
2099 1864 42 47 le
2188 1863 268 48 Professeur
2498 1860 334 64 Riemann,

263 1935 397 65 Musikgeschichte
1103 1938 47 47 in
1254 1938 240 62 Beispielen
1020 1936 49 64 (')
1098 1936 117 47 dont
1242 1934 43 47 la
1326 1935 236 47 troisième
1606 1949 47 33 et
1698 1935 212 47 dernière
1953 1936 146 60 partie
2140 1936 130 46 vient
2312 1936 58 46 de
2411 1935 201 62 paraître
2636 1953 121 41 ;on
2804 1953 30 47 y

255 2027 302 45 remarquera
583 2009 223 65 quelques
832 2027 186 29 œuvres
1045 2009 237 47 curieuses
1309 2006 78 47 des
1413 2008 225 61 premiers
1681 2006 346 63 représentants
2053 2008 63 45 du
2160 2006 118 65 style
2321 2006 228 63 classique
2596 2024 58 29 en
2698 2005 111 47 Alle-

259 2098 188 47 magne,
476 2099 190 29 comme
696 2081 216 60 Richter,
942 2079 274 63 Graupner,
1247 2077 216 47 Foerster
1489 2090 47 34 et
1566 2079 161 45 Hasse.
1759 2077 139 47 Voici
1926 2077 26 47 à
1980 2077 186 63 présent
2194 2077 41 47 le
2264 2077 147 47 début
2438 2077 146 47 d'une
2622 2076 186 64 publica-

258 2154 100 45 tion
388 2152 56 47 de
472 2155 142 46 haute
642 2155 313 61 importance,
984 2152 65 47 les
1896 2168 175 30 œuvres
2295 2151 222 61 complètes
2789 2151 48 45 de
1964 2168 119 43 pour
2124 2150 183 63 l'orgue
2352 2150 66 63 (').
2458 2149 93 48 Les
2597 2166 138 31 noms
2777 2150 56 46 de

260 2224 144 48 MM.
434 2222 226 50 Widor
696 2224 67 48 et
800 2221 397 52 Scliweitzer
1224 2222 184 46 inscrits
1435 2239 57 28 en
1522 2221 94 47 tête
1646 2221 56 46 de
1729 2234 125 34 cette
1882 2220 273 62 collection,
2180 2239 118 29 nous
2319 2234 109 34 sont
2450 2221 57 47 de
2527 2239 99 29 surs
2648 2232 186 52 garants

259 2296 54 46 de
341 2312 47 30 sa
415 2291 159 49 valeur
602 2291 255 62 historique
886 2302 46 35 et
957 2288 314 64 scientifique.
1293 2292 135 47 Nous
1448 2291 82 65 n'y
1553 2305 278 34 trouverons
1850 2309 187 30 aucune
2065 2292 56 46 de
2143 2310 77 29 ces
2237 2292 291 47 fastidieuses
2550 2292 286 47 indications

258 2368 57 46 de
343 2367 203 64 doigters
571 2376 47 35 et
646 2363 57 47 de
730 2380 226 43 nuances,
984 2363 79 61 qui
1091 2366 311 62 surchargent
1439 2376 104 51 trop
1587 2376 201 34 souvent
1832 2363 65 48 les
1942 2363 268 48 meilleures
2255 2363 257 48 rééditions
2552 2363 248 64 classiques
2820 2386 12 37 ;

256 2438 65 47 les
341 2436 319 49 observations
680 2433 240 66 générales
946 2446 108 34 sont
1075 2434 193 64 rejetées
1290 2436 113 45 dans
1423 2434 44 47 la
1483 2434 201 63 préface,
1702 2434 62 47 où
1785 2434 130 64 après
1933 2436 125 45 avoir
2080 2434 171 64 exposé
2269 2434 101 49 leur
2392 2434 107 64 plan
2524 2434 310 64 d'ensemble,

258 2509 144 49 MM.
433 2508 292 50 Schweitzer
753 2519 46 35 et
826 2505 176 47 Widor
1028 2523 121 29 nous
1174 2507 218 47 donnent
1418 2507 64 47 les
1528 2507 102 62 plus
1675 2505 261 64 précieuses
1982 2507 285 48 indications
2309 2524 78 31 sur
2433 2507 399 63 l'interprétation

258 2579 351 51 traditionnelle
637 2579 57 46 de
722 2578 130 47 Bach
881 2589 47 36 et
955 2594 57 30 en
1041 2579 271 61 particulier
1348 2579 78 47 des
1472 2579 190 62 Fugues
1703 2592 45 33 et
1793 2578 222 47 Préludes
2060 2579 77 62 qui
2185 2579 105 47 font
2335 2579 164 65 l'objet
2541 2579 63 47 du
2648 2578 188 63 présent

258 2653 209 47 volume.
498 2651 47 46 A
571 2651 117 46 citer
716 2667 117 44 pour
861 2648 231 48 mémoire
1117 2649 282 61 seulement,
1428 2667 78 29 car
1533 2648 114 48 c'est
1674 2667 66 29 un
1768 2667 203 45 ouvrage
1999 2650 77 62 qui
2104 2668 27 28 a
2157 2649 102 65 déjà
2296 2650 84 47 fait
2424 2667 70 30 ses
2530 2668 196 43 preuves
2772 2649 64 48 les

259 2726 124 46 deux
412 2723 216 48 volumes
655 2721 62 47 du
1237 2721 155 65 solfège
1596 2723 52 44 de
1754 2720 35 47 V
1793 2721 155 64 enfant
1218 2739 80 45 par
1326 2721 125 49 Mlle
1478 2718 203 50 Marie
1719 2718 402 50 Chassevant
2147 2720 49 65 (°)
2217 2734 47 34 et
2282 2721 42 47 le

260 2798 17 63 (
278 2798 14 22 6
294 2799 16 62 )
339 2794 171 65 exposé
537 2795 56 47 de
621 2794 43 47 la
692 2792 223 47 méthode
943 2792 253 64 enseignée
1221 2792 299 67 aujourd'hui
1550 2812 60 27 au
1639 2792 361 49 Conservatoire
2028 2794 56 45 de
2107 2791 217 51 Genève.

405 2942 467 51 PARTITIONS.
998 2942 251 49 Excusons
1291 2960 120 31 nous
1455 2944 57 45 de
1554 2942 179 47 n'avoir
1775 2959 79 46 pas
1897 2941 179 65 signalé
2122 2941 104 64 plus
2265 2942 73 49 tôt
2382 2961 94 30 une
2517 2945 223 61 partition
2781 2945 56 47 de

261 3020 78 47 M.
368 3016 71 48 R.
467 3015 300 62 Ducasse,
807 3015 187 63 publiée
1035 3015 29 47 il
1105 3034 30 45 y
1173 3034 26 28 a
1237 3015 227 63 quelques
1503 3016 135 60 mois,
1676 3015 41 47 le
2428 3015 65 63 Q.
2536 3015 189 48 Encore
2771 3035 66 28 un

261 3092 162 60 Faust,
452 3107 77 30 me
557 3090 271 45 direz-vous
852 3086 15 48 ?
895 3086 121 62 Oui,
1046 3088 116 46 mais
1187 3087 42 47 le
1258 3105 173 46 pauvre
1459 3088 138 46 vieux
1627 3087 294 46 bonhomme
1966 3087 77 61 qui
2088 3104 58 29 en
2189 3100 69 34 est
2295 3087 42 47 le
2373 3087 137 47 héros
2546 3100 67 34 est
2651 3088 186 47 devenu

322 3180 195 46 presque
545 3179 64 29 un
639 3159 165 47 enfant
890 3171 47 34 et
964 3158 115 47 c'est
1105 3176 113 29 avec
1247 3177 93 29 une
1369 3159 217 47 lassitude
1616 3159 105 45 bien
1751 3157 345 48 désenchantée
2124 3158 115 62 qu'il
2269 3158 228 62 promène
2602 3177 48 29 sa
2684 3159 153 49 vieille

261 3236 107 47 âme
395 3234 188 47 chenue
669 3232 147 61 parmi
846 3229 64 47 les
937 3247 220 47 paysages
1196 3229 235 63 estompés
1472 3242 47 33 et
1559 3228 366 62 crépusculaires
1968 3229 78 63 qui
2093 3229 161 47 furent
2293 3231 120 64 jadis
2456 3229 65 49 les
2560 3231 178 64 jardins
2781 3232 56 47 de

264 3306 316 63 Marguerite.
611 3302 297 61 Clématites,
940 3320 120 29 roses
1087 3313 47 34 et
1155 3300 69 65 lys
1249 3312 281 37 concertent
1557 3299 24 48 à
1609 3299 170 48 l'envie
1807 3317 117 44 pour
1969 3302 219 45 charmer
2229 3318 68 31 ses
2340 3303 244 46 souvenirs
2629 3303 208 61 pendant

263 3397 90 44 que
381 3377 63 48 les
473 3377 108 45 voix
609 3375 57 46 de
694 3375 125 46 deux
848 3372 274 48 inévitables
1148 3391 280 43 amoureux,
1516 3372 88 47 elle
1632 3386 47 33 et
1705 3372 64 47 lui
1877 3389 192 30 comme
2096 3373 58 47 de
2175 3374 140 64 juste,
2345 3386 224 34 montent
2594 3391 60 29 au
2682 3375 155 47 dessus

263 3452 63 45 du
348 3452 169 45 chœur
538 3448 78 47 des
636 3448 138 46 fleurs
795 3445 346 47 consolatrices.
1173 3445 191 46 Notons
1390 3444 42 47 la
1454 3445 143 45 haute
1624 3444 276 47 distinction
1920 3444 62 47 du
2008 3443 137 66 style,
2166 3444 409 48 l'enchainement
2602 3445 234 49 délicieux

263 3524 78 46 des
368 3520 320 48 modulations
713 3532 47 34 et
786 3518 254 47 attendons
1065 3534 97 29 une
1188 3515 230 64 première
1444 3515 213 48 audition
1686 3533 118 46 pour
1825 3516 137 64 juger
1989 3516 33 47 si
2051 3529 106 34 tout
2203 3519 98 46 ceci
2344 3518 122 47 n'est
2512 3534 77 46 pas
2634 3537 64 29 un
2745 3537 91 43 peu

265 3594 253 48 douceâtre
545 3604 48 34 et
618 3591 34 47 si
682 3590 202 47 l'auteur
914 3587 78 49 n'a
1018 3605 78 46 pas
1121 3586 292 65 quelquefois
1451 3585 143 49 abusé
1632 3587 56 46 de
1733 3604 55 29 ce
1832 3586 204 62 procédé
2079 3586 240 50 séduisant
2364 3601 47 35 et
2457 3587 135 49 facile
2617 3589 151 63 qu'est
2794 3589 43 47 le

266 3667 188 49 Chœur
480 3664 26 48 à
533 3664 184 47 bouche
745 3660 192 48 fermée.
