2888 3960
1122 269 122 73 LE
1312 271 247 71 MOIS

2527 297 94 74 75

214 408 138 49 Nous
397 415 314 61 enregistrons
755 434 112 29 avec
907 418 153 62 plaisir
1100 419 42 47 la
1182 422 317 60 nomination,
1545 423 33 45 si
1625 424 470 63 sympathiquement
2133 425 243 48 accueillie
2416 426 114 48 dans
2573 426 63 47 les

70 479 198 49 milieux
296 485 280 62 artistiques,
606 488 55 45 de
684 488 76 47 M.
787 487 208 50 Etienne
1017 490 198 49 Gaveau
1244 511 58 29 au
1330 494 139 62 grade
1498 494 54 45 de
1581 495 232 45 chevalier
1841 496 56 46 de
1924 496 41 46 la
1994 497 184 63 Légion
2208 498 282 48 d'honneur.

213 757 155 48 Notre
409 759 239 65 distingué
686 764 215 47 confrère
943 765 63 47 H.
1039 765 158 47 Collet
1237 767 131 45 vient
1408 767 54 45 de
1503 766 192 62 déposer
1734 786 59 28 en
1831 769 243 47 Sorbonne
2102 769 63 48 les
2193 771 122 46 deux
2343 771 151 46 thèses
2520 771 113 62 qu'il

68 828 272 47 soutiendra
376 830 25 47 à
438 831 42 46 la
507 833 201 49 rentrée.
740 834 70 46 La
837 837 230 60 première
1095 850 131 49 porte
1253 855 77 29 sur
1359 838 40 46 le
1482 837 276 65 Mysticisme
1785 841 181 46 musical
1987 843 199 60 espagnol
2208 861 56 28 au
2290 842 129 49 XVI
2427 851 16 20 e
2467 843 116 46 siècle

69 910 46 34 et
155 898 12 46 1
189 912 130 34 autre
347 918 99 30 sera
472 921 95 29 une
595 905 290 61 publication
915 926 58 27 en
1002 908 170 63 langue
1201 909 250 63 espagnole
1479 910 114 45 d'un
1624 913 30 22 u
1678 909 161 48 Traite
1865 913 51 45 de
1940 911 134 48 chant
2375 915 260 45 manuscrit

70 970 55 46 de
166 971 42 46 la
248 971 334 66 Bibliothèque
624 976 255 48 Nationale
920 980 79 61 qui
1037 980 213 61 présente
1287 980 42 46 le
1357 980 101 62 plus
1485 983 64 43 vif
1578 981 170 48 intérêt
1777 1001 93 28 non
1899 983 267 47 seulement
2194 1002 117 43 pour
2339 985 63 46 les
2430 986 176 45 musico-

68 1040 162 65 logues
257 1045 117 45 mais
401 1062 116 43 pour
545 1045 40 47 le
614 1049 157 59 public
799 1051 219 61 espagnol
1048 1064 45 33 et
1120 1051 253 46 américain
1404 1052 61 46 du
1494 1052 109 47 Sud.

308 1114 87 48 On
425 1116 77 48 n'a
529 1135 79 44 pas
634 1119 157 47 oublié
837 1120 41 46 le
921 1139 231 30 concours
1194 1124 54 44 de
1293 1124 31 25 66
1346 1122 72 47 the
1458 1122 93 47 Art
1592 1124 277 47 Publication
1916 1125 156 64 Society
2167 1127 116 45 dont
2328 1144 119 29 nous
2491 1144 144 28 avons

67 1186 221 46 annoncé
317 1187 352 48 dernièrement
690 1190 64 47 les
775 1192 284 48 conditions.
1084 1193 93 47 Les
1197 1195 343 62 organisateurs
1566 1195 56 47 de
1650 1208 125 34 cette
1803 1197 216 45 brillante
2048 1197 312 61 compétition
2389 1197 242 62 musicale,

67 1258 248 62 craignant
342 1276 90 44 que
461 1260 64 46 les
564 1260 270 50 différentes
873 1263 163 48 classes
1076 1282 59 30 ne
1175 1278 189 49 portent
1410 1284 77 43 pas
1533 1266 78 47 des
1662 1267 385 47 dénominations
2087 1284 128 30 assez
2259 1268 212 61 précises,
2516 1286 118 30 nous

68 1329 156 59 prient
252 1328 225 48 d'insérer
505 1349 52 29 ce
585 1334 77 59 qui
691 1335 92 44 suit
813 1351 10 30 :

213 1399 71 47 La
310 1400 140 48 classe
479 1419 33 30 A
539 1406 281 59 correspond
851 1405 25 46 à
904 1406 41 46 la
973 1406 246 47 Polonaise
1247 1425 59 29 en
1335 1407 42 47 la
1406 1407 157 48 bémol
1591 1409 55 46 de
1676 1409 211 61 Chopin,
1918 1423 45 32 et
1990 1426 93 29 aux
2122 1409 198 63 grandes
2359 1409 180 48 Etudes
2577 1411 57 45 de

68 1468 134 49 Liszt
230 1493 11 36 ;
272 1471 43 46 la
342 1472 141 47 classe
512 1489 42 45 B,
583 1492 60 29 au
672 1476 174 47 Rondo
876 1477 273 61 Capricioso
1177 1479 54 45 de
1261 1478 347 48 Mendelssohn
1636 1502 12 36 ;
1678 1480 41 47 la
1749 1480 141 47 classe
1916 1496 27 31 c
1971 1498 93 29 aux
2092 1480 172 47 Scènes
2304 1480 236 47 d'enfants
2579 1482 55 45 de

68 1540 294 52 Schumann.

213 1785 70 47 La
319 1785 174 47 société
535 1787 78 46 des
707 1787 259 47 Auditions
994 1787 263 48 Modernes
1366 1808 106 29 sous
1500 1790 40 47 le
1570 1792 113 46 haut
1711 1804 255 50 patronage
1996 1793 57 46 de
2083 1792 76 48 M.
2190 1793 41 46 le
2259 1793 376 47 sous-secrétaire

67 1856 164 48 d'Etat
270 1875 92 28 aux
402 1857 322 62 Beaux-Arts,
772 1859 203 46 informe
1023 1858 143 49 MM.
1211 1860 63 46 les
1315 1864 342 59 compositeurs
1697 1881 93 44 que
1832 1864 122 45 leurs
1996 1881 186 30 œuvres
2227 1867 308 45 manuscrites
2580 1866 56 47 de

67 1929 216 62 musique
328 1929 57 45 de
430 1929 225 46 chambre
682 1941 159 35 seront
868 1947 162 43 reçues
1052 1931 220 63 jusqu'au
1316 1931 74 51 31
1441 1931 206 52 Octobre
1686 1936 245 59 prochain,
1973 1934 193 48 Maison
2209 1935 178 66 Pleyel,
2430 1952 83 45 22,
2554 1954 82 30 rue

68 1999 385 47 Rochechouart.

209 2071 227 46 Adresser
463 2083 132 34 toute
623 2072 233 47 demande
885 2073 56 46 de
969 2075 407 62 renseignements
1401 2075 26 47 à
1457 2076 74 47 M.
1564 2075 50 49 P.
1646 2075 356 65 Oberdoerffer,
2032 2093 83 45 40,
2139 2096 81 29 rue
2251 2078 216 65 Dulong,
2492 2079 139 49 Paris.

210 2349 137 47 Nous
371 2365 207 30 sommes
605 2349 213 46 heureux
846 2348 292 48 d'annoncer
1166 2368 92 44 que
1286 2349 43 47 la
1357 2349 184 48 Société
1570 2350 217 48 Haendel
1816 2353 213 45 donnera
2064 2371 85 29 son
2190 2355 203 60 premier
2421 2354 212 48 Concert

65 2421 43 47 le
135 2420 246 48 Vendredi
411 2419 29 48 6
469 2420 267 47 décembre.
765 2419 108 48 Elle
898 2423 267 61 organisera
1190 2434 162 50 quatre
1381 2423 201 47 Séances
1621 2424 209 62 pendant
1857 2437 125 34 cette
2008 2426 168 60 saison,
2204 2443 113 30 avec
2345 2426 79 47 des
2449 2445 186 30 œuvres

65 2492 56 46 de
148 2509 9 30 :
190 2491 235 62 Haendel,
455 2491 164 60 Hasse,
648 2490 250 62 Locatelli,
927 2490 257 63 Graupner
1211 2504 47 34 et
1286 2492 194 49 Schtitz.

210 2764 71 49 Le
310 2764 155 47 Cours
492 2764 256 60 Sauvrezis,
781 2776 80 48 55,
891 2782 82 29 rue
1001 2764 55 47 de
1096 2764 44 47 la
1176 2764 196 64 Pompe,
1404 2767 195 61 reprend
1639 2785 71 29 ses
1747 2785 322 47 programmes
2106 2771 34 45 si
2181 2771 246 62 complets,
2467 2783 47 35 et
2552 2773 79 61 qui

67 2837 198 48 mènent
290 2834 165 48 l'élève
484 2835 164 61 depuis
673 2834 42 48 le
743 2834 184 65 Solfège
949 2835 184 65 jusqu'à
1160 2835 314 63 l'Orchestre,
1502 2854 107 31 sous
1635 2837 43 48 la
1706 2839 231 47 direction
1965 2840 57 46 de
2053 2839 203 50 Maîtres
2281 2840 251 50 éminents.

209 3112 155 47 Notre
392 3110 215 48 éminent
635 3111 214 65 collègue
879 3111 78 48 M.
985 3114 120 62 Jean
1135 3112 213 47 d'Udine
1377 3130 119 30 nous
1532 3115 97 59 prie
1658 3114 292 48 d'annoncer
1977 3134 92 46 que
2096 3133 85 30 son
2208 3115 150 49 Ecole
2384 3117 248 63 Française

65 3186 57 47 de
168 3183 353 65 Gymnastique
566 3182 299 65 Rythmique
911 3186 185 44 ouvrira
1141 3201 53 31 ce
1240 3186 133 46 mois.
1422 3185 94 47 Les
1559 3202 138 31 cours
1739 3199 173 34 auront
1956 3186 111 62 lieu,
2110 3205 190 30 comme
2340 3188 289 63 d'habitude,

74 3272 79 47 11,
179 3272 185 32 avenue
390 3254 79 47 des
494 3253 206 48 Ternes.

211 3484 93 49 Les
337 3483 255 48 rééditions
634 3483 55 46 de
717 3501 11 30 :
1493 3482 274 65 Télémaque,
1081 3486 187 61 parodie
1307 3502 80 45 par
1418 3483 179 66 Lesage
1637 3484 160 64 (Paris,
1834 3487 164 63 1715),
2039 3500 47 34 et

66 3573 80 47 par
174 3554 112 66 Gay
313 3567 47 34 et
388 3554 213 62 Pepusch
632 3553 249 63 (Londres,
908 3554 168 65 1728),
1107 3573 78 43 par
1212 3568 136 34 notre
1377 3555 213 65 collègue
1621 3557 246 47 berlinoise
1897 3557 198 66 Georgy
2123 3558 213 61 Calmus,
2363 3559 270 47 annoncées

66 3629 116 46 dans
273 3625 97 50 S.I.
386 3624 79 50 M.
559 3624 188 48 l'année
775 3625 170 63 passée,
976 3628 231 44 viennent
1234 3628 54 46 de
1317 3627 215 62 paraître.
1561 3627 88 48 On
1689 3641 114 49 peut
1828 3630 226 46 souscrire
2083 3628 79 48 dès
2187 3630 299 46 maintenant
2512 3632 122 45 chez

72 3698 414 63 Liepmannsshon
512 3696 26 47 à
566 3696 177 49 Berlin.
