2888 3960
2514 152 43 71 6
2575 175 35 71 5

1104 160 122 68 LE
1294 157 247 71 MOIS

42 310 250 64 analogue.
324 310 62 61 Si,
414 327 60 30 au
518 310 97 48 lieu
642 311 57 46 de
727 327 119 30 nous
889 325 247 46 comparer
1161 324 94 30 aux
1297 305 198 64 grandes
1522 305 188 45 nations
1736 302 258 64 d'Europe,
2023 322 121 31 nous
2181 307 330 46 confrontions
2538 324 85 33 nos

43 382 218 48 activités
286 401 113 29 avec
426 382 141 48 celles
593 383 79 47 des
697 383 140 63 petits
864 381 206 63 peuples,
1099 396 85 30 nos
1209 379 169 63 égaux,
1406 392 121 31 nous
1551 377 176 46 serions
1754 376 150 61 pleins
1929 377 56 46 de
2026 377 246 49 confiance
2300 392 45 34 et
2373 381 249 65 d'orgueil.

47 454 156 47 Notre
231 454 177 63 public,
437 454 118 47 dont
596 472 62 29 on
685 453 189 64 déplore
902 451 361 61 l'indifférence,
1291 462 69 34 est
1387 447 102 47 l'un
1523 447 79 46 des
1627 446 104 62 plus
1757 447 373 62 compréhensifs
2155 462 49 36 et
2229 452 79 46 des
2328 452 103 62 plus
2456 454 171 47 avertis

47 528 80 61 qui
155 528 170 46 soient.

191 597 40 47 Il
259 609 69 35 est
353 598 219 46 restreint
598 613 138 46 parce
764 613 90 45 que
882 594 40 47 le
950 611 112 48 pays
1087 604 69 36 est
1183 593 133 61 petit.
1345 589 144 47 Voila
1514 600 121 36 tout.
1664 587 39 46 Il
1731 606 46 29 se
1805 588 141 48 méfie
1973 590 78 47 des
2075 609 187 31 œuvres
2290 594 170 65 belges.
2491 595 133 50 C'est

46 669 113 47 vrai.
189 668 73 48 Ce
290 687 91 44 que
404 668 79 65 j'ai
525 669 68 46 dit
620 669 227 46 ci-dessus
871 665 180 49 semble
1078 664 274 47 démontrer
1387 678 90 44 que
1504 677 84 30 son
1617 660 196 46 instinct
1842 678 57 28 ne
1926 660 43 47 le
2008 674 186 51 trompe
2229 683 92 43 pas.
2351 665 273 64 L'épithète

49 741 135 64 belge
228 739 189 48 accolée
456 740 26 47 à
526 758 94 29 une
647 757 165 30 œuvre
854 739 292 61 dramatique
1186 753 63 29 ou
1291 734 182 65 lyrique
1500 743 69 35 est
1611 731 96 46 loin
1736 730 149 48 d'être
1927 752 94 28 une
2061 739 461 48 recommandation.
2552 740 71 48 Le

47 824 384 52 gouvernement
473 823 114 49 peut
614 810 212 47 décréter
860 827 65 27 un
953 820 118 50 pont
1098 825 62 28 ou
1200 806 111 46 faire
1339 804 261 47 construire
1641 820 65 28 un
1735 804 193 45 chemin
1966 805 57 46 de
2050 806 67 46 fer
2161 807 148 64 belge,
2338 811 116 46 mais
2481 811 29 46 il
2557 824 68 36 est

49 885 280 61 impuissant
374 882 25 47 à
426 882 212 47 décréter
664 900 97 28 une
785 880 285 65 symphonie
1098 896 62 28 ou
1186 877 26 46 à
1258 877 111 46 faire
1397 874 295 62 représenter
1735 893 113 29 avec
1876 876 164 48 succès
2077 896 66 28 un
2171 880 139 61 opéra
2351 882 169 64 belges.
2553 884 70 47 Le

49 955 161 62 public
236 965 112 36 veut
376 954 97 47 être
501 954 115 45 libre
644 954 114 45 dans
783 969 69 29 ses
879 952 152 62 goûts,
1059 966 70 29 ses
1153 947 309 47 admirations
1490 964 61 28 ou
1579 962 68 31 ses
1674 945 175 62 plaisirs
1876 969 13 37 ;
1917 960 47 33 et
1990 960 107 35 tout
2131 968 55 29 ce
2213 952 77 61 qui
2327 970 112 29 aura
2475 952 153 66 figure

50 1027 56 46 de
134 1027 269 46 contrainte
431 1025 214 47 officielle
673 1025 42 47 le
742 1036 220 34 trouvera
988 1021 183 47 hostile.

121 1097 77 48 En
242 1098 250 60 revanche,
536 1097 36 46 si
607 1114 68 27 un
720 1096 261 47 sentiment
1026 1091 210 48 national
1283 1088 240 64 populaire
1565 1089 208 46 soutient
1824 1089 216 63 l'œuvre,
2083 1110 152 47 voyez
2276 1112 191 31 comme
2519 1110 108 34 tout

50 1171 200 62 change.
285 1169 103 46 Nos
426 1168 256 47 musiciens
727 1164 228 49 flamands
992 1162 222 48 n'ont-ils
1251 1178 80 46 pas
1358 1161 75 47 été
1466 1161 141 61 aidés,
1650 1161 202 62 poussés,
1891 1162 306 63 réconfortés,
2237 1166 339 61 spécialement
2601 1169 26 46 à

52 1241 206 59 Anvers,
286 1257 138 45 parce
451 1256 89 44 que
628 1237 228 48 flamands
882 1234 14 47 ?

197 1312 139 45 Nous
362 1309 200 47 n'avons
586 1310 100 45 rien
717 1309 57 45 de
799 1307 142 63 pareil
969 1323 60 29 en
1057 1304 265 61 Wallonie,
1345 1314 47 36 et
1419 1319 85 31 nos
1531 1304 255 46 musiciens
1810 1321 90 45 que
1928 1303 97 48 l'on
2054 1318 113 50 peut
2192 1307 205 61 préférer
2422 1308 24 47 à
2474 1310 153 47 raison

50 1383 57 47 de
135 1383 42 47 la
203 1382 166 63 pureté
395 1394 46 33 et
469 1382 56 45 de
553 1380 43 47 la
623 1380 268 47 délicatesse
920 1378 56 45 de
1004 1376 101 47 leur
1132 1378 260 45 sentiment
1421 1374 286 63 mélodique,
1730 1375 57 46 de
1814 1374 43 47 la
1884 1375 252 64 régularité
2163 1389 47 34 et
2237 1379 58 46 de
2322 1379 303 63 l'harmonie,

51 1456 57 46 de
136 1455 125 46 leurs
305 1454 367 58 constructions,
701 1464 85 34 ont
814 1450 74 47 été
916 1450 156 46 moins
1099 1446 305 65 encouragés,
1434 1464 136 45 parce
1614 1446 115 63 qu'il
1757 1448 81 63 n'y
1865 1449 139 60 avait,
2042 1448 219 64 jusqu'en
2289 1468 77 29 ces
2392 1451 236 50 dernières

50 1525 192 61 années,
271 1542 79 44 pas
375 1525 57 44 de
457 1524 261 45 sentiment
744 1520 210 48 national
985 1519 191 48 wallon.
1207 1517 39 47 Il
1273 1517 206 49 s'éveille
1504 1517 282 61 seulement,
1814 1517 25 47 à
1866 1517 181 49 l'heure
2073 1520 218 48 actuelle.

195 1597 80 46 Ne
301 1595 295 47 demandons
638 1595 122 46 donc
789 1610 93 45 pas,
910 1609 111 29 avec
1063 1604 76 34 cet
1166 1591 67 46 air
1260 1591 56 45 de
1359 1591 217 60 tristesse,
1604 1590 35 46 si
1666 1589 65 48 les
1769 1608 186 29 œuvres
1993 1590 56 46 de
2078 1608 84 30 nos
2199 1594 341 61 compositeurs
2571 1613 57 28 ne

51 1669 203 48 seraient
299 1684 80 44 pas
398 1666 175 47 viables
593 1665 16 47 ?
637 1665 71 47 Ce
734 1681 101 31 sera
854 1681 61 29 au
959 1662 178 62 public,
1165 1674 47 34 et
1254 1679 99 29 non
1381 1677 78 45 pas
1500 1660 27 47 à
1553 1679 135 43 nous,
1717 1661 26 46 à
1787 1661 247 62 répondre.
2064 1661 65 47 Et
2171 1662 29 47 il
2241 1681 77 29 me
2347 1665 148 61 paraît
2539 1684 90 44 que

52 1757 120 46 pour
200 1740 189 47 Franck
416 1750 47 35 et
502 1737 183 60 Lekeu,
714 1754 80 43 par
821 1735 235 62 exemple,
1084 1733 30 47 il
1142 1752 25 27 a
1213 1733 103 65 déjà
1341 1733 280 47 clairement
1649 1733 230 63 répondu.
1914 1735 51 61 Je
1993 1751 60 29 ne
2081 1735 92 45 cite
2200 1752 91 45 que
2327 1737 79 46 des
2445 1750 149 35 morts
2616 1760 13 36 ;

55 1829 137 45 parce
220 1829 109 45 que,
358 1827 119 45 pour
503 1808 65 47 les
595 1810 199 58 vivants,
823 1823 120 31 nous
969 1822 267 46 manquons
1263 1806 63 45 du
1353 1804 128 47 recul
1510 1804 272 47 nécessaire.

201 1882 94 47 Les
334 1881 229 59 remèdes,
591 1881 319 48 maintenant.
934 1877 94 48 Les
1053 1877 213 47 remèdes
1292 1877 27 46 à
1344 1878 108 60 quoi
1476 1874 15 47 ?
1518 1876 47 47 A
1593 1887 136 36 notre
1755 1876 197 62 pénurie
1980 1877 55 46 de
2082 1878 282 60 production
2392 1877 15 48 ?
2432 1878 59 64 Je
2517 1897 117 31 vous

59 1956 42 45 ai
129 1954 68 46 dit
223 1952 109 63 qu'à
358 1968 116 31 mon
501 1968 119 43 sens,
649 1949 88 47 elle
766 1949 130 61 était,
925 1967 60 28 au
1020 1948 252 60 contraire,
1299 1948 271 46 abondante
1597 1959 47 33 et
1670 1945 273 49 admirable.
1976 1948 84 46 Un
2091 1964 204 46 manque
2324 1949 58 46 de
2409 1949 224 48 célébrité

56 2024 283 48 universelle
369 2024 54 46 de
451 2039 86 30 nos
574 2023 342 61 compositeurs
939 2019 14 47 ?
988 2020 59 64 Je
1073 2037 117 29 vous
1214 2020 41 46 ai
1285 2019 69 46 dit
1395 2018 114 63 qu'il
1537 2036 29 47 y
1608 2019 125 46 avait
1758 2017 156 62 plutôt
1942 2017 93 47 lieu
2063 2018 57 47 de
2148 2037 119 29 nous
2294 2019 171 66 réjouir
2507 2022 24 45 à
2559 2034 75 35 cet

59 2097 156 63 égard,
243 2097 35 45 si
306 2094 98 47 l'on
450 2093 244 48 considère
731 2094 265 46 sainement
1023 2091 66 47 les
1133 2093 179 45 choses.
1343 2091 47 45 A
1418 2088 344 48 l'indifférence
1802 2090 63 46 du
1893 2089 158 62 public
2079 2089 13 47 ?
2120 2090 58 62 Je
2205 2108 116 29 vous
2354 2093 40 45 ai
2425 2093 67 45 dit
2519 2093 114 62 qu'il

57 2187 59 29 ne
145 2185 78 30 me
268 2168 234 62 paraissait
530 2183 79 44 pas
643 2166 123 64 juste
790 2165 56 46 de
873 2164 44 47 la
962 2163 241 47 dénoncer
1241 2161 443 64 perpétuellement.
1715 2163 115 44 Aux
1872 2161 248 47 difficultés
2159 2180 93 45 que
2279 2175 227 36 trouvent
2550 2183 86 30 nos

57 2240 182 47 artistes
280 2239 341 61 compositeurs
647 2235 26 47 à
717 2254 45 28 se
790 2236 113 46 faire
930 2234 248 48 connaître
1217 2248 47 31 et
1291 2232 290 63 représenter
1607 2231 14 47 ?
1649 2231 129 47 Mais
1802 2249 70 29 ses
1899 2231 249 48 difficultés
2187 2251 60 28 ne
2285 2235 246 48 sont-elles
2557 2254 79 43 pas

57 2324 139 34 notre
242 2311 71 46 vie
358 2309 27 47 à
422 2320 107 36 tous
554 2306 14 48 ?
611 2306 334 66 Croyez-vous
1001 2306 123 46 donc
1171 2306 150 62 qu'un
1369 2304 153 61 poète,
1567 2321 66 28 un
1679 2302 254 63 sculpteur,
1974 2321 63 28 un
2086 2305 243 61 historien,
2373 2324 58 29 ou
2477 2307 157 47 même

59 2381 307 64 simplement
405 2398 68 29 un
499 2391 167 36 avocat
692 2396 63 29 ou
795 2396 66 28 un
891 2377 218 46 médecin
1137 2377 206 46 arrivent
1383 2375 230 48 aisément
1640 2373 25 47 à
1692 2373 42 47 la
1776 2375 233 45 notoriété
2036 2387 46 33 et
2117 2375 26 47 à
2169 2376 44 46 la
2238 2377 192 47 fortune
2451 2376 14 48 ?
2491 2378 59 64 Je
2577 2396 60 29 ne

59 2472 124 30 veux
212 2470 78 44 pas
316 2453 98 46 dire
442 2452 116 62 qu'il
586 2469 59 29 ne
672 2450 125 47 faille
824 2451 135 61 point
985 2450 127 45 aider
1139 2466 121 29 ceux
1287 2450 77 61 qui
1393 2465 60 29 en
1481 2458 108 36 sont
1614 2447 179 62 dignes.
1824 2446 204 47 Chacun
2069 2447 56 47 de
2154 2465 136 44 nous,
2317 2467 59 28 au
2403 2452 235 46 contraire

61 2526 42 47 le
132 2537 115 51 peut
287 2536 49 34 et
361 2523 42 47 le
432 2523 114 47 doit.
587 2521 132 49 C'est
747 2521 166 63 élargir
954 2538 48 30 sa
1028 2521 71 44 vie
1127 2538 90 45 que
1260 2521 56 45 de
1344 2517 251 48 l'embellir
1621 2536 58 28 en
1721 2517 296 62 proclamant
2054 2531 47 33 et
2145 2536 56 29 en
2244 2533 290 51 propageant
2575 2522 64 48 les

60 2597 291 65 sympathies
394 2606 47 34 et
469 2594 65 46 les
559 2593 307 46 admirations
907 2610 91 43 que
1026 2589 98 49 l'on
1166 2591 221 61 éprouve.
1418 2589 141 47 Tous
1584 2589 132 60 ainsi,
1747 2588 114 47 dans
1901 2606 94 29 une
2041 2589 165 61 sphère
2248 2591 102 61 plus
2394 2610 62 28 ou
2484 2594 157 46 moins

62 2668 224 61 étendue,
304 2683 216 45 pouvons
544 2665 114 63 agir.
684 2664 64 47 Et
770 2663 79 66 j'ai
880 2663 102 62 plus
1009 2662 200 62 d'espoir
1223 2679 60 30 en
1306 2662 192 47 l'action
1522 2662 80 45 des
1621 2660 131 47 élites
1777 2678 90 45 que
1890 2660 114 47 dans
2026 2659 357 51 l'intervention
2406 2664 231 48 officielle.

206 2739 58 62 Je
292 2737 313 47 m'associerai
642 2735 270 60 volontiers,
940 2733 126 48 est-il
1096 2734 159 46 besoin
1284 2734 57 46 de
1368 2733 42 46 le
1439 2733 113 61 dire,
1581 2732 23 45 à
1632 2744 156 33 toutes
1814 2749 207 30 mesures
2047 2734 78 60 qui
2154 2735 214 45 auraient
2394 2752 118 44 pour
2529 2735 112 47 effet

64 2813 56 46 de
167 2810 169 47 rendre
365 2809 42 46 la
450 2808 216 61 carrière,
692 2808 35 45 si
757 2808 116 45 dure
918 2806 186 61 parfois,
1134 2805 56 46 de
1236 2822 85 29 nos
1359 2805 358 61 compositeurs,
1748 2803 103 62 plus
1894 2804 134 58 aisée,
2060 2805 56 46 de
2158 2804 65 47 les
2248 2808 283 59 rapprocher
2577 2809 62 46 du

64 2883 179 63 public,
272 2881 56 46 de
371 2879 201 48 faciliter
598 2880 65 46 les
706 2879 158 61 étapes
889 2876 113 64 qu'il
1030 2894 31 47 y
1096 2894 26 29 a
1148 2888 134 35 entre
1324 2875 196 47 l'œuvre
1566 2875 144 46 écrite
1749 2888 46 33 et
1840 2875 197 46 l'œuvre
2083 2876 311 61 représentée.
2423 2878 40 47 Il
2505 2881 136 45 serait

64 2966 151 36 certes
261 2954 111 59 bon,
400 2953 115 45 dans
559 2963 76 34 cet
662 2950 135 47 ordre
827 2949 189 59 d'idées,
1056 2966 91 45 que
1176 2947 65 47 les
1285 2947 204 47 théâtres
1524 2960 46 33 et
1598 2946 372 47 établissements
1995 2947 374 49 subventionnés
2394 2949 42 47 le
2464 2950 178 47 fussent

65 3026 263 61 davantage
374 3039 172 30 encore
591 3039 113 29 avec
743 3020 296 63 l'obligation
1084 3020 54 46 de
1181 3020 179 61 risquer
1406 3017 264 47 l'aventure
1716 3017 56 46 de
1813 3017 292 63 représenter
2141 3019 412 63 périodiquement
2580 3021 63 47 les

64 3113 189 31 œuvres
296 3093 258 47 flamandes
579 3111 63 28 ou
684 3092 264 47 wallonnes
987 3090 212 47 inédites.
1231 3090 128 48 Mais
1404 3107 58 28 ne
1491 3105 120 30 nous
1637 3088 314 47 illusionnons
1976 3106 79 45 pas
2079 3106 78 31 sur
2183 3107 77 30 ces
2298 3092 345 47 interventions

66 3171 80 46 des
173 3168 220 63 pouvoirs
419 3165 182 63 publics
628 3182 9 30 :
668 3165 65 47 les
758 3163 370 49 chefs-d'œuvre
1156 3180 60 29 ne
1244 3179 45 30 se
1317 3162 104 47 font
1451 3179 76 44 pas
1552 3179 78 29 sur
1656 3161 287 47 commande
1970 3172 48 36 et
2045 3161 42 47 le
2107 3162 163 47 succès
2296 3181 59 28 ne
2394 3180 45 30 se
2479 3163 164 49 décide

68 3257 78 46 pas
172 3238 131 49 selon
330 3255 68 29 un
426 3237 134 47 ordre
588 3236 56 47 de
671 3233 253 50 l'autorité.

1923 3304 154 63 JULES
2106 3302 250 51 DESTRÉE.

377 3457 227 49 Ecrivain
882 3457 232 62 distingué,
1402 3468 182 34 orateur
1816 3454 247 61 véhément,
2362 3454 155 47 esthete

89 3546 42 35 et
254 3533 54 47 de
440 3530 123 47 Fart
762 3529 200 47 wallons.
1247 3529 181 61 Député
1674 3529 70 45 des
1893 3544 148 28 masses
2271 3527 221 45 ouvrières

69 3607 347 61 fougueusement
442 3600 45 47 la
516 3599 188 47 réaction
732 3610 143 36 contre
902 3599 36 47 le
949 3596 389 68 famingantisme
1363 3599 230 63 —forme
1628 3599 113 61 belge
1778 3599 59 46 du
1868 3598 295 62 germanisme
2199 3598 298 48 envahisseur.
2529 3598 119 48 C'est
