2888 3960
641 201 132 66 LA
842 198 464 79 MUSIQUE
1375 198 185 67 DES
1626 178 501 89 HÉBREUX

2549 217 96 69 23

91 350 163 58 l'une
283 370 119 58 que
430 348 71 59 de
532 350 232 69 l'autre,
790 363 58 42 et
876 362 236 43 surtout
1142 346 439 80 l'orchestique
1610 366 150 37 nous
1788 343 276 83 échappe
2091 346 505 81 complètement,
2625 342 32 60 à

91 441 202 57 moins
319 461 118 59 que
467 461 150 37 nous
651 461 75 36 ne
753 440 300 57 veuillons
1081 437 340 59 l'assimiler
1449 435 29 58 à
1506 437 55 56 la
1596 435 179 58 danse
1802 433 372 84 égyptienne
2203 459 79 35 ou
2310 437 344 81 assyrienne

93 531 151 57 dont
286 531 41 56 il
363 551 152 37 nous
551 545 151 42 reste
739 530 295 80 quelques
1073 526 245 83 figures.
1359 527 241 57 Encore
1651 525 345 59 devrait-on
2050 530 193 79 parler
2292 527 74 59 de
2417 526 237 60 théorie

94 643 79 35 ou
208 621 339 57 seulement
583 635 57 43 et
678 621 203 79 plutôt
917 620 274 79 d'usages
1222 620 16 55 ?

277 713 165 56 C'est
479 710 176 81 qu'en
696 710 143 59 effet
876 731 151 36 nous
1055 709 247 57 n'avons
1332 728 81 58 pu
1441 706 229 58 relever
1697 728 157 58 pour
1887 709 53 56 la
1968 709 360 81 rythmique
2362 706 293 83 poétique

94 824 119 59 que
247 802 102 58 des
385 823 229 60 usages,
651 802 273 80 l'emploi
978 800 348 79 empirique
1376 797 74 58 de
1487 799 292 79 quelques
1813 798 291 81 procédés
2142 799 116 60 très
2292 802 266 78 simples,
2594 813 59 43 et

94 894 108 79 qui
237 892 351 59 résultaient
623 893 205 57 même
856 892 72 57 de
962 892 56 56 la
1053 891 283 80 pratique
1370 889 55 56 la
1459 888 136 81 plus
1643 885 414 77 élémentaire,
2091 891 55 57 la
2196 892 132 80 plus
2363 905 291 44 courante

94 982 72 58 de
200 983 136 57 l'art
372 981 315 82 poétique.
728 982 87 57 La
847 978 201 61 forme
1083 978 474 80 antiphonique,
1595 979 52 58 la
1698 978 212 73 triade,
1945 981 55 57 le
2052 979 240 72 refrain,
2330 982 52 56 la
2433 981 219 78 simple

93 1075 430 68 acclamation,
561 1087 114 45 etc.
708 1072 411 80 s'expliquent
1156 1068 467 73 d'eux-mêmes,
1661 1084 58 43 et
1754 1067 307 62 l'écrivain
2100 1092 74 37 ne
2208 1071 211 58 devint
2470 1070 180 81 poète

94 1186 120 59 que
278 1165 277 80 lorsqu'il
620 1164 444 81 proportionna
1129 1181 86 37 ses
1286 1160 300 80 strophes,
1641 1175 58 43 et
1746 1162 273 57 ordonna
2090 1161 31 58 à
2185 1184 119 60 peu
2371 1161 133 81 près
2566 1181 88 38 ses

91 1254 306 82 systèmes.
437 1256 87 57 Le
557 1275 132 37 vers
722 1252 326 59 lui-même
1074 1249 149 61 était
1258 1273 120 35 une
1404 1250 282 60 fonction
1721 1250 72 60 de
1821 1254 53 57 la
1909 1251 269 83 strophe,
2213 1266 59 44 et
2306 1252 81 58 les
2422 1272 198 38 corres-

93 1344 345 81 pondances
472 1344 523 81 approximatives
1036 1341 102 59 des
1186 1343 460 57 accentuations
1681 1341 145 59 dans
1865 1341 160 60 deux
2061 1341 418 70 hémistiches,
2517 1341 136 82 puis

93 1435 144 60 dans
272 1437 53 57 la
359 1435 248 80 strophe
642 1449 59 44 et
736 1430 159 63 enfin
926 1433 143 58 dans
1103 1434 54 56 le
1191 1432 282 81 système,
1510 1434 408 80 apparaissent
1953 1456 245 37 comme
2226 1433 100 58 des
2361 1433 292 57 minuties

91 1523 322 84 apportées
470 1526 553 80 progressivement
1083 1522 144 58 dans
1283 1524 53 56 le
1392 1524 232 70 travail,
1680 1538 57 43 et
1793 1546 78 35 un
1928 1524 167 59 souci
2147 1524 136 80 plus
2337 1522 193 81 grand
2579 1522 74 57 de

90 1617 399 80 l'adaptation
527 1616 71 57 de
632 1614 252 59 l'œuvre
918 1612 32 60 à
982 1613 231 80 l'usage
1248 1614 192 80 qu'on
1492 1635 69 37 en
1611 1630 145 43 veut
1791 1612 167 61 faire.
1999 1616 80 56 Et
2128 1635 153 37 nous
2315 1633 184 39 avons
2547 1633 105 50 vu,

90 1727 72 37 en
199 1703 84 61 fin
310 1706 73 58 de
419 1720 269 66 compte,
714 1726 119 60 que
866 1706 56 56 le
956 1703 248 82 rythme
1237 1705 240 58 interne
1500 1705 100 58 des
1625 1719 223 44 versets
1873 1720 57 43 et
1966 1705 101 58 des
2102 1702 256 72 césures,
2396 1701 257 59 dérivait

93 1800 406 79 uniquement
554 1797 71 57 de
678 1797 55 57 la
785 1797 421 57 construction
1242 1796 254 80 logique
1531 1810 58 44 et
1624 1795 73 58 de
1731 1797 53 57 la
1831 1796 469 80 prononciation
2337 1794 313 58 naturelle.

274 1889 182 57 Cette
490 1887 288 70 minutie,
814 1886 150 57 dont
999 1907 154 36 nous
1178 1907 232 38 venons
1444 1886 73 57 de
1553 1887 213 79 parler,
1796 1901 86 44 est
1906 1885 149 58 allée
2084 1882 386 84 quelquefois
2493 1904 160 37 assez

93 1980 124 57 loin
251 2002 12 35 :
311 1979 108 80 j'ai
454 1975 322 83 remarqué
811 1978 261 57 certains
1125 1974 338 84 fragments
1498 1975 320 83 poétiques
1854 1974 79 61 où
1986 1976 163 59 deux
2182 1989 224 45 versets
2442 1973 176 59 consé-

93 2067 182 61 cutifs
333 2083 246 66 portent
614 2082 389 44 exactement
1056 2068 55 57 la
1166 2068 202 57 même
1426 2068 451 70 accentuation,
1914 2088 58 37 se
2027 2067 263 57 divisent
2348 2065 160 59 selon
2570 2065 83 57 les

94 2159 230 59 mêmes
381 2180 265 38 mesures
703 2172 59 44 et
820 2157 283 59 devaient
1161 2180 58 36 se
1277 2155 237 61 débiter
1570 2159 163 57 selon
1793 2158 55 57 la
1912 2158 204 57 même
2187 2154 354 83 psalmodie,
2598 2155 55 58 le

98 2272 29 59 3
134 2252 54 22 me
241 2265 194 44 verset
471 2272 72 36 au
603 2251 302 57 contraire
959 2271 58 37 se
1053 2247 411 61 différenciait
1496 2275 13 46 ;
1567 2271 67 36 ce
1684 2249 107 80 qui
1837 2247 188 61 trahit
2080 2246 466 82 probablement
2598 2247 55 57 le

91 2342 170 57 souci
291 2341 141 58 d'un
471 2338 399 83 parallélisme
907 2340 274 80 complet
1216 2340 72 58 de
1324 2338 247 83 rythme
1605 2354 59 43 et
1702 2340 72 57 de
1810 2336 268 61 mélodie
2113 2337 145 58 dans
2315 2338 55 56 la
2403 2335 250 82 strophe

91 2448 59 43 et
183 2431 445 81 l'antistrophe,
665 2446 57 42 et
761 2431 143 58 d'un
940 2444 303 45 contraste
1277 2431 145 58 dans
1456 2429 254 82 l'épode.
1751 2431 85 56 Le
1877 2431 91 57 Ps.
2008 2429 287 58 CXVIII
2333 2442 84 44 est
2455 2425 197 59 formé

93 2522 72 58 de
200 2521 279 83 strophes
536 2519 489 83 alphabétiques,
1072 2520 354 81 composées
1462 2520 275 60 chacune
1794 2535 60 42 et
1905 2517 119 60 très
2071 2516 474 83 régulièrement
2582 2516 72 59 de

93 2613 138 58 huit
265 2628 224 44 versets
522 2611 434 60 sensiblement
992 2610 218 83 égaux.
1253 2614 168 57 Mais
1478 2633 97 38 ces
1609 2613 328 78 exemples,
2005 2609 161 80 (bien
2206 2630 119 60 que
2359 2606 296 84 précieux

93 2726 72 37 en
221 2726 68 37 ce
325 2704 178 80 qu'ils
562 2724 152 37 nous
748 2702 270 59 révèlent
1074 2704 56 57 la
1190 2700 334 83 possibilité
1578 2702 146 58 d'un
1782 2702 212 58 travail
2028 2699 274 71 réfléchi,
2338 2696 231 61 destiné
2624 2696 30 60 à

90 2792 372 61 l'exécution
522 2793 245 58 chorale
821 2807 60 44 et
935 2792 468 81 probablement
1463 2792 446 80 orchestique),
1968 2806 135 43 sont
2169 2788 119 60 très
2353 2811 177 48 rares,
2596 2803 58 43 et

93 2886 391 80 l'apparition
510 2884 73 59 de
609 2906 134 37 vers
766 2884 326 82 disparates
1128 2906 73 36 au
1237 2886 216 56 milieu
1478 2883 71 59 de
1586 2882 279 81 strophes
1892 2883 107 80 qui
2034 2882 329 81 paraissent
2392 2878 231 81 réguliè-

95 2990 238 44 rement
368 2973 313 84 rythmées
716 2997 72 36 ne
825 2976 182 57 devra
1042 2976 221 79 jamais
1298 2973 273 60 étonner.
1627 2975 95 57 En
1774 2995 81 37 un
1915 2989 132 41 mot
2099 2973 53 57 le
2211 2970 178 83 poète
2424 2968 230 60 hébreu

90 3066 230 58 semble
355 3079 239 45 surtout
630 3086 58 37 se
724 3064 382 82 préoccuper
1142 3066 71 57 de
1261 3064 345 81 l'équilibre
1642 3064 100 58 des
1777 3062 355 71 ensembles,
2170 3061 101 60 des
2320 3081 239 49 masses,
2594 3072 59 45 et

95 3178 122 37 non
278 3157 102 58 des
414 3154 294 59 éléments
766 3154 378 61 constitutifs
1181 3178 11 35 :
1257 3155 144 60 dans
1436 3177 81 36 un
1575 3175 252 61 psaume
1881 3155 43 57 il
1981 3155 271 80 aperçoit
2287 3154 83 56 les
2404 3150 253 81 grandes

93 3248 293 58 divisions
444 3246 273 60 chorales
753 3272 14 47 ;
828 3248 145 58 dans
1030 3269 82 36 un
1171 3246 283 82 système,
1512 3248 83 57 les
1661 3246 292 59 divisions
2010 3244 391 81 strophiques
2438 3267 13 47 ;
2512 3241 143 59 dans

90 3339 270 59 celles-ci
419 3339 82 57 les
555 3359 301 59 coupures
909 3359 73 37 en
1042 3337 244 81 phrases
1341 3352 179 67 ayant
1572 3358 81 37 un
1709 3358 131 37 sens
1893 3337 294 80 complet,
2230 3335 108 80 qui
2382 3331 270 59 forment

89 3429 84 59 les
207 3443 244 56 versets,
487 3442 59 43 et
583 3427 146 59 dans
762 3428 54 57 le
851 3443 216 56 verset,
1102 3429 83 57 les
1220 3427 236 59 césures
1491 3428 367 81 principales
1895 3451 12 47 ;
1968 3427 43 57 il
2046 3425 216 69 arrive,
2296 3438 58 43 et
2413 3422 141 58 c'est
2599 3419 56 60 là

89 3521 445 81 qu'intervient
569 3519 56 58 la
659 3521 216 57 notion
912 3519 176 70 d'art,
1125 3518 32 60 à
1191 3517 170 61 créer
1398 3541 119 37 une
1553 3517 396 82 équivalence
1986 3512 348 85 approchée
2370 3527 167 45 entre
2572 3513 82 57 les

87 3608 425 73 hémistiches,
667 3624 59 43 et
761 3610 54 57 le
849 3608 426 60 balancement
1312 3608 29 60 à
1378 3631 120 59 peu
1535 3608 134 83 près
1703 3607 265 83 régulier
2004 3606 72 58 de
2111 3607 54 57 la
2197 3605 146 58 voix
2377 3618 169 44 entre
2572 3603 83 57 les
