2888 3960
909 242 132 66 LA
1105 240 167 68 VIE
1338 237 188 71 DES
1590 237 244 69 SONS

2544 252 92 70 27

280 391 163 60 C'est
464 390 32 59 à
520 412 69 37 ce
613 412 234 60 groupe
870 404 322 67 compacte
1218 390 72 57 de
1312 390 257 57 lecteurs
1593 386 355 81 impatients
1966 406 118 58 que
2107 383 275 60 s'adresse
2408 381 209 78 aujour-

96 481 173 60 d'hui
292 504 84 37 un
405 481 221 60 double
651 484 140 76 in-4
793 480 18 28 0
818 532 13 21 ,
859 481 149 60 dont
1037 495 174 44 notre
1238 477 273 60 éminent
1535 475 278 82 collègue
1839 476 97 58 M.
1966 476 288 57 Maurice
2278 471 373 60 Emmanuel

96 575 170 57 vient
302 574 72 58 de
421 595 151 37 nous
617 572 289 83 ménager
939 574 55 57 la
1030 572 278 80 surprise.
1347 571 88 57 Le
1484 567 127 60 zèle
1661 583 57 43 et
1764 566 492 59 l'entraînement
2303 579 106 43 ont
2460 562 190 59 rendu

97 664 265 81 possible
397 678 59 44 et
491 663 292 59 désirable
819 685 118 36 une
1041 664 248 56 Histoire
1320 660 65 57 de
1418 661 60 56 la
1511 660 202 78 langue
1750 658 265 58 musicale
2109 654 9 26 1
2174 677 72 36 en
2283 674 128 60 700
2449 673 202 61 pages,

101 758 106 77 qui
259 755 195 57 aurait
503 753 111 59 fait
665 752 225 62 hésiter
939 767 172 44 toute
1159 753 55 57 la
1262 750 267 59 librairie
1563 748 103 58 d'il
1715 771 37 58 y
1803 769 32 36 a
1881 749 177 77 vingt
2104 767 121 38 ans.
2275 746 80 56 Et
2390 745 145 57 c'est
2571 743 79 57 du

101 848 490 70 Conservatoire,
630 845 335 59 sanctuaire
1000 843 74 58 de
1113 844 55 57 la
1202 843 284 80 pratique
1521 840 46 58 si
1620 853 255 45 souvent
1929 838 327 70 exclusive,
2306 857 119 60 que
2481 835 169 56 vient

100 952 95 43 cet
232 937 179 58 effort
447 937 72 58 de
552 938 55 57 la
641 936 277 58 doctrine
951 932 255 61 éclairée
1239 933 10 57 !

2648 1261 24 26 JJ

287 1299 277 57 Laissant
599 1296 71 58 de
700 1294 135 61 côté
872 1296 83 56 les
983 1293 327 58 musiciens
1337 1305 58 43 et
1430 1291 157 57 leurs
1622 1309 256 48 œuvres,
1906 1286 311 78 l'ouvrage
2254 1285 72 57 de
2364 1285 100 56 M.
2504 1284 168 71 Em-,

106 1390 248 58 manuel
381 1408 73 37 ne
482 1388 178 57 traite
686 1407 116 58 que
838 1384 72 57 de
936 1385 57 56 la
1020 1383 283 78 musique
1338 1380 370 69 elle-même,
1733 1392 59 44 et
1829 1376 72 59 de
1928 1374 358 60 l'évolution
2323 1373 99 58 des
2446 1394 177 59 procé-

105 1478 122 72 dés,
266 1479 106 79 qui
409 1498 73 37 en
509 1475 135 59 font
680 1497 82 36 un
796 1475 257 78 langage
1089 1472 72 58 de
1196 1472 253 78 logique
1483 1468 443 60 sentimentale.
1968 1465 164 57 C'est
2166 1463 56 58 là
2249 1486 104 35 son
2391 1464 234 79 origina-

105 1568 126 61 lité.
287 1569 52 59 Il
373 1567 276 82 pourrait
684 1586 59 38 se
778 1583 285 40 nommer
1100 1583 10 36 :
1148 1562 54 57 la
1244 1561 97 58 Vie
1373 1559 92 57 des
1497 1562 132 57 Sons
1636 1608 13 21 ,
1688 1580 78 36 ou
1802 1558 212 56 mieux
2050 1576 217 37 encore
2300 1577 11 36 :
2349 1554 56 56 la
2447 1553 97 58 Vie
2566 1552 93 58 des

118 1660 282 69 Echelles,
446 1658 260 80 puisque
741 1676 96 38 ces
893 1655 182 80 petits
1116 1651 295 71 schémas,
1448 1651 108 80 qui
1614 1663 135 45 sont
1783 1649 82 56 les
1916 1666 295 61 gammes,
2248 1642 412 84 représentent

108 1771 160 38 assez
302 1746 352 61 fidèlement
688 1745 163 58 l'état
887 1743 73 59 de
994 1745 55 56 la
1083 1741 286 80 musique
1403 1761 74 37 en
1512 1760 87 38 ses
1633 1736 350 61 différentes
2023 1733 363 60 évolutions.

291 1840 116 57 Les
442 1836 280 70 échelles,
759 1856 74 37 en
868 1836 158 56 leurs
1074 1830 228 61 formes
1335 1830 313 71 variables,
1685 1850 67 36 ce
1794 1841 135 45 sont
1978 1826 84 58 les
2098 1825 228 70 modes,
2362 1825 84 56 les
2478 1825 186 56 vieux

108 1931 176 60 modes
291 1978 14 23 ,
366 1929 204 58 dit-on
622 1925 412 81 aujourd'hui,
1070 1924 216 80 depuis
1326 1943 119 58 que
1478 1921 57 57 la
1585 1917 451 63 centralisation
2090 1916 375 59 occidentale
2518 1915 81 57 les
2634 1935 31 36 a

110 2022 230 59 réduits
373 2018 32 59 à
440 2041 83 36 un
560 2018 148 70 seul,
743 2018 54 57 le
832 2015 232 80 majeur
1101 2014 410 79 omnipotent.

293 2112 117 57 Les
444 2107 263 61 échelles
741 2128 70 36 en
842 2107 159 57 leurs
1035 2104 386 80 migrations,
1458 2122 67 37 ce
1561 2114 151 52 sont,
1729 2100 83 57 les
1846 2112 137 57 tons,
2036 2118 118 60 que
2192 2110 174 44 notre
2414 2095 250 57 instinct

110 2202 292 60 moderne
438 2220 184 58 range
656 2212 220 43 autour
904 2197 81 57 du
1020 2208 204 45 centre
1260 2193 208 70 d'UT,
1498 2213 74 36 en
1609 2212 81 37 un
1714 2189 176 60 ordre
1917 2185 248 61 intuitif
2184 2188 107 79 qui
2319 2187 150 57 n'est
2497 2198 168 45 autre

113 2315 118 60 que
265 2293 56 57 la
355 2287 272 62 tonalité.
668 2288 200 70 Ainsi,
903 2288 244 79 lorsque
1182 2305 151 38 nous
1368 2297 417 66 transportons
1820 2295 174 43 notre
2022 2278 232 60 échelle
2290 2276 266 80 majeure
2584 2274 80 57 du

112 2399 105 43 ton
255 2381 71 60 de
363 2380 61 59 ré
459 2378 208 60 bémol
701 2377 32 60 à
767 2378 159 59 celui
961 2376 74 58 de
1069 2377 88 56 mi
1194 2375 256 69 naturel,
1487 2392 151 38 nous
1676 2391 240 62 passons
1943 2370 74 58 de
2042 2371 55 56 la
2124 2390 144 37 cave
2302 2390 75 35 au
2405 2366 260 80 grenier,

114 2495 99 38 car
247 2493 153 38 nous
434 2470 295 60 évoluons
764 2491 73 36 au
875 2469 239 57 dessous
1148 2481 60 43 et
1242 2488 76 35 au
1355 2464 199 58 dessus
1590 2461 72 58 de
1713 2476 174 43 notre
1921 2460 292 58 domicile
2264 2458 257 69 normal,
2558 2456 106 80 qui

113 2579 86 43 est
235 2561 31 60 à
301 2560 218 80 l'étage
556 2560 149 58 d'ut.
745 2559 97 57 De
876 2557 78 72 là,
988 2557 54 56 le
1094 2557 328 58 sentiment
1458 2550 287 61 différent
1780 2551 108 80 qui
1924 2550 292 58 accueille
2250 2547 102 59 des
2385 2544 283 60 tonalités

113 2653 371 68 différentes,
520 2648 373 61 c'est-à-dire
927 2648 72 58 de
1051 2646 245 80 simples
1347 2643 452 82 déplacements
1849 2640 339 60 d'échelles.
2245 2640 175 56 Nons
2456 2650 176 43 enten-

115 2747 149 57 dons
297 2744 55 57 la
387 2743 283 79 musique
707 2762 73 36 en
816 2738 278 60 fonction
1133 2737 132 57 d'ut
1300 2735 248 80 majeur.

298 2834 116 57 Les
448 2831 259 59 échelles
766 2845 106 43 ont
908 2824 159 62 enfin
1119 2828 129 57 leur
1279 2838 165 69 pente
1496 2824 314 70 naturelle,
1846 2837 59 43 et
1963 2822 141 58 c'est
2141 2842 79 37 un
2281 2815 387 84 phénomène

118 2926 150 58 dont
322 2925 99 57 M.
480 2921 372 58 Emmanuel
904 2919 229 80 signale
1190 2916 30 58 à
1267 2917 122 57 bon
1425 2914 161 59 droit
1623 2928 171 44 toute
1827 2914 56 56 la
1935 2909 254 84 gravité.
2229 2911 115 57 Les
2389 2908 149 58 amis
2589 2905 80 59 du

118 3015 232 80 majeur
386 3034 120 59 que
562 3031 153 38 nous
768 3031 283 48 sommes,
1100 3008 368 78 conçoivent
1522 3006 58 57 la
1614 3005 284 78 musique
1933 3002 72 58 de
2039 3002 103 58 bas
2199 3021 72 37 en
2325 2999 169 58 haut.
2556 2997 115 57 Les

118 3106 295 81 partisans
448 3104 80 57 du
557 3104 263 67 mineur,
856 3099 374 60 c'est-à-dire
1258 3111 172 45 toute
1463 3093 353 82 l'antiquité
1841 3091 515 82 gréco-romaine,
2385 3087 286 58 orientait

117 3198 55 57 le
207 3208 401 45 mouvement
642 3212 214 38 sonore
891 3190 74 57 de
1017 3187 150 59 haut
1220 3209 74 36 en
1331 3186 119 59 bas.
1488 3185 149 58 Ceci
1674 3199 85 44 est
1816 3204 160 38 assez
2010 3182 311 79 singulier,
2380 3179 189 68 Mais,
2605 3198 66 35 ce

120 3288 107 80 qui
261 3285 130 59 l'est
425 3285 136 80 plus
595 3303 242 50 encore,
861 3281 145 58 c'est
1036 3302 117 58 que
1188 3299 96 38 ces
1310 3276 163 60 deux
1507 3275 281 71 échelles,
1823 3276 55 56 la
1914 3274 266 80 majeure
2216 3285 57 43 et
2307 3272 54 55 la
2398 3269 274 58 mineure

119 3378 196 58 soient
349 3373 385 58 absolument
769 3372 365 78 identiques.
2442 3369 95 69 Ut,
2271 3375 58 42 et

138 3468 87 71 do,
381 3466 66 71 si,
585 3466 82 69 la,
816 3464 101 70 sol,
931 3460 106 80 fa,
1319 3460 94 74 mi,
907 3460 141 59 c'est
1083 3460 55 58 le
1173 3459 202 57 même
1412 3454 328 83 dispositif,
1779 3453 168 84 placé
1983 3474 98 39 sur
2114 3473 87 38 ses
2236 3450 188 82 pieds,
2462 3469 79 36 ou
2577 3467 95 38 sur

120 3580 60 38 sa
214 3557 143 58 tête.

238 3678 11 23 1
282 3680 190 43 Laurens,
499 3690 20 24 2
545 3673 77 41 vol.
646 3674 90 48 in-4
739 3671 14 23 0
758 3705 7 7 .
