2888 3960
668 178 132 69 LA
869 178 465 87 MUSIQUE
1400 183 188 74 DES
1654 168 502 92 HÉBREUX

2641 211 43 70 9

117 320 366 87 rythmique
507 324 141 62 bien
673 328 399 76 déterminée,
1098 333 487 76 intentionnelle,
1611 337 72 58 de
1710 338 56 59 la
1786 337 206 82 poésie
2015 338 331 84 sémitique
2370 341 314 58 ancienne.

210 414 60 58 D
300 418 188 79 esprit
524 432 138 46 tout
698 423 257 59 oriental
991 425 154 58 aussi
1249 426 54 58 le
1340 428 198 57 Kinot
1654 450 80 37 ou
1785 451 218 38 encore
2054 452 237 39 mesure
2341 430 342 82 élégiaque,

117 505 108 78 qui
263 508 262 59 consiste
559 531 32 37 a
625 508 150 63 faire
811 515 199 57 suivre
1044 536 120 37 une
1199 515 206 61 césure
1438 519 227 80 longue
1701 520 180 59 d'une
1916 536 212 45 courte
2152 546 14 47 ;
2197 544 121 37 non
2347 524 337 57 seulement

118 610 161 44 cette
315 619 240 39 mesure
593 601 294 84 poétique
921 626 60 39 se
1032 621 214 45 trouve
1282 607 143 61 dans
1481 610 84 58 les
1695 612 463 60 Lamentations
2280 629 58 44 et
2388 612 145 60 dans
2584 612 100 60 des

117 700 196 46 textes
351 691 321 80 Assyriens
706 692 235 63 étudiés
977 718 107 60 par
1119 698 245 73 Rudde,
1400 701 152 59 mais
1609 723 219 38 encore
1881 704 145 58 dans
2083 704 101 60 des
2233 705 213 59 chants
2504 703 144 59 funé-

117 778 182 59 raires
336 781 232 61 Arabes
601 785 450 83 accompagnés
1086 789 73 57 de
1193 790 53 56 la
1281 788 167 73 flûte,
1485 792 151 58 ainsi
1673 813 119 60 que
1825 794 55 57 le
1914 795 280 79 signalait
2229 794 132 81 déjà
2388 794 291 80 Jérémie.

125 868 206 77 (Nous
366 875 323 79 rappelons
724 875 304 61 d'ailleurs
1062 900 119 59 que
1217 880 53 58 la
1305 879 147 60 flûte
1502 882 100 58 des
1636 882 377 61 cérémonies
2046 883 285 61 funèbres
2365 884 146 60 était
2563 907 117 37 une

116 976 298 45 coutume
450 966 72 57 de
559 981 135 43 tout
728 967 272 60 l'Orient
1034 971 214 57 ancien
1287 993 11 37 :
1341 969 219 77 Grèce,
1599 974 168 72 Asie,
1805 976 292 80 Egypte.)

296 1053 209 80 Ayant
555 1056 384 81 rapidement
988 1080 304 60 parcouru
1326 1061 351 59 l'ensemble
1726 1063 102 60 des
1862 1063 226 60 formes
2142 1063 420 61 élémentaires
2596 1067 83 57 les

115 1142 134 79 plus
284 1147 362 59 essentielles
680 1147 30 59 à
738 1148 54 58 la
827 1151 422 58 construction
1286 1150 315 84 poétique,
1631 1169 57 43 et
1716 1154 170 82 après
1914 1178 71 35 en
2015 1157 169 57 avoir
2210 1159 134 57 saisi
2371 1159 55 57 la
2462 1159 212 57 notion

116 1234 358 81 principale,
513 1258 152 38 nous
700 1239 187 58 allons
921 1241 264 78 pouvoir
1234 1241 252 59 aborder
1536 1245 54 56 la
1641 1246 282 79 question
1979 1267 220 36 encore
2253 1245 423 61 controversée

113 1322 73 58 de
221 1324 55 57 la
309 1324 201 61 forme
545 1327 267 72 chorale,
849 1344 58 42 et
943 1329 265 81 préciser
1228 1353 108 58 par
1372 1334 72 57 de
1481 1334 134 80 plus
1642 1334 333 60 abondants
2010 1334 213 61 détails
2246 1338 429 80 l'importance

113 1415 224 79 qu'elle
372 1419 194 79 prend
601 1441 74 35 au
710 1421 177 79 point
922 1420 73 59 de
1029 1443 119 37 vue
1183 1424 134 79 plus
1352 1424 567 79 particulièrement
1947 1428 275 58 musical.

294 1794 484 80 L'agencement
813 1797 365 83 strophique
1213 1802 305 58 constitue
1554 1802 143 59 dans
1733 1805 53 56 la
1820 1804 364 82 rythmique
2218 1804 339 82 hébraïque
2592 1829 83 36 un

111 1884 320 80 problème
465 1885 151 58 dont
652 1888 53 55 la
740 1888 265 58 solution
1044 1890 154 57 tient
1234 1889 30 60 à
1300 1893 54 56 la
1387 1890 117 61 fois
1538 1891 32 60 à
1616 1895 54 56 la
1705 1894 363 81 rythmique
2103 1912 399 64 proprement
2552 1896 124 60 dite

111 1988 58 43 et
205 1997 30 35 a
270 1975 54 57 la
359 1976 304 80 musique.
703 1979 166 58 C'est
906 1983 311 79 pourquoi
1253 2004 152 39 nous
1439 2006 73 35 en
1562 1983 204 61 ferons
1799 1987 53 57 le
1895 1987 431 58 trait-d'union
2365 1988 100 58 des
2515 1988 162 58 deux

110 2065 223 79 parties
369 2068 367 80 principales
771 2068 73 58 de
879 2084 174 45 notre
1089 2070 200 61 étude.

292 2157 190 57 Etant
519 2157 200 59 donné
757 2181 247 37 comme
1039 2183 153 37 nous
1225 2163 231 60 l'avons
1493 2163 128 81 déjà
1656 2164 233 83 signalé
1926 2189 119 59 que
2081 2170 259 57 certains
2373 2190 301 60 psaumes,

110 2248 259 57 certains
426 2246 339 82 fragments
832 2250 324 83 poétiques
1206 2270 134 43 sont
1395 2255 117 59 très
1573 2258 359 59 clairement
1984 2258 260 60 destinés
2294 2283 72 35 au
2418 2260 186 58 chant
2638 2257 37 75 *,

108 2357 78 36 on
223 2338 255 79 pouvait
529 2360 58 37 se
638 2340 330 59 demander
1016 2364 101 37 sur
1168 2346 140 79 quel
1358 2347 282 82 principe
1695 2346 308 83 métrique
2054 2351 260 80 reposait
2365 2371 69 37 ce
2488 2350 186 58 chant

108 2426 231 75 choral,
378 2450 77 37 ou
507 2430 362 74 individuel,
906 2449 60 42 et
1021 2434 91 58 s'il
1169 2435 147 60 était
1372 2437 203 59 même
1632 2437 512 61 matériellement
2204 2441 259 80 possible
2515 2463 159 60 pour

107 2520 260 57 certains
411 2540 275 60 passages
720 2521 149 60 dont
927 2524 55 57 la
1015 2525 305 80 longueur
1354 2542 87 44 est
1499 2528 437 73 considérable,
1975 2530 73 59 de
2100 2531 81 59 les
2217 2531 254 59 chanter
2524 2531 146 59 d'un

107 2606 151 60 bout
294 2608 30 58 à
359 2610 215 59 l'autre
610 2632 131 39 sans
774 2614 203 60 arrêts.

290 2700 377 60 L'attention
705 2723 61 38 se
799 2719 177 65 porta
1010 2707 152 58 alors
1197 2727 99 38 sur
1330 2707 467 85 l'énigmatique
1849 2727 195 43 terme
2154 2712 176 59 Selah
2438 2735 118 59 que
2590 2713 81 58 les

107 2789 290 80 Septante
444 2806 105 44 ont
597 2793 228 60 traduit
872 2816 109 60 par
1090 2797 297 81 dipsalma
1498 2815 58 43 et
1608 2822 120 59 que
1761 2802 127 58 l'on
1937 2817 320 45 rencontre
2291 2802 32 60 à
2375 2805 296 80 plusieurs

106 2882 254 79 reprises
395 2881 144 59 dans
573 2883 83 59 les
690 2905 273 62 passages
997 2885 324 85 poétiques
1363 2888 262 80 (surtout
1662 2891 144 60 dans
1841 2893 82 59 les
1959 2895 330 78 psaumes).
2330 2893 101 59 On
2467 2916 73 36 ne
2573 2892 97 60 fut

105 2992 105 59 pas
244 2972 277 80 toujours
566 2973 280 61 d'accord
901 2998 99 38 sur
1046 2980 53 57 la
1146 2977 413 83 signification
1597 2982 73 59 de
1719 3005 68 37 ce
1824 2998 196 45 terme
2051 2984 17 26 2
2076 3034 12 22 ,
2126 3006 77 37 au
2252 2985 152 80 sujet
2440 2985 229 81 duquel

101 3062 21 57 1
145 3061 305 81 antiquité
484 3085 76 37 ne
596 3085 151 38 nous
780 3088 33 37 a
865 3089 103 58 pas
1002 3067 168 60 laissé
1225 3070 73 58 de
1349 3071 348 60 nombreux
1748 3076 521 79 renseignements
2305 3099 14 47 ;
2378 3089 291 67 pourtant

103 3151 391 80 aujourd'hui
531 3175 76 37 on
643 3155 206 60 admet
884 3179 160 38 assez
1079 3158 459 82 généralement
1574 3164 152 80 qu'il
1778 3164 309 82 indiquait
2123 3188 81 36 un
2255 3165 411 80 changement

101 3243 75 58 de
210 3264 320 60 personne,
569 3245 73 59 de
675 3246 270 82 rythme,
981 3249 72 58 de
1087 3250 185 60 mode
1306 3266 116 45 etc.
1461 3252 145 61 dans
1637 3254 55 59 le
1726 3253 173 61 débit
2035 3271 60 44 et
2129 3278 107 60 par
2270 3254 395 83 conséquent,

101 3335 47 58 si
185 3335 54 58 le
275 3334 186 60 chant
496 3334 148 61 était
680 3338 291 75 collectif,
1009 3362 82 37 un
1128 3340 413 82 changement
1576 3344 74 60 de

217 3499 11 23 1
252 3502 82 37 Des
355 3502 334 53 superscriptions
710 3503 217 54 indiquent
948 3520 102 25 assez
1073 3506 235 41 clairement
1329 3510 102 38 aussi
1455 3509 102 53 qu'il
1577 3512 119 50 s'agit
1717 3513 49 39 de
1789 3513 124 40 chant
1935 3512 154 41 choral.

215 3558 14 22 2
252 3562 56 36 Le
350 3559 172 39 nombre
564 3561 66 38 des
652 3571 162 30 auteurs
836 3565 70 51 qui
943 3574 73 30 ont
1037 3565 150 40 abordé
1219 3565 35 41 le
1277 3565 207 56 problème
1521 3569 56 38 du
1651 3569 114 41 Selah
1838 3581 56 30 est
1927 3570 279 49 incalculable,
2230 3581 37 30 et
2305 3570 53 41 les
2393 3573 94 47 avis,
2507 3583 155 38 autant,

94 3616 331 41 naturellement.
