2888 3960
632 200 135 67 LA
833 196 469 80 MUSIQUE
1369 193 185 69 DES
1620 173 505 89 HÉBREUX

2563 214 86 45 11

269 353 215 58 Est-ce
517 349 56 60 là
608 348 342 84 cependant
983 347 57 58 la
1089 343 233 72 réalité,
1359 366 81 36 ou
1490 343 342 58 seulement
1883 364 80 37 un
2017 340 264 84 procédé
2333 341 331 60 commode

86 440 540 84 d'interprétation
664 443 18 57 ?
721 440 167 59 C'est
923 460 67 36 ce
1027 437 155 82 qu'il
1216 449 88 45 est
1363 433 140 58 bien
1542 432 252 59 difficile
1829 432 334 61 d'affirmer
2198 457 12 36 :
2271 435 81 58 les
2387 452 276 63 passages

86 534 422 82 scripturaires
543 533 106 80 qui
687 532 237 81 parlent
960 528 81 60 du
1078 527 187 60 chant
1299 523 394 83 antiphonique
1718 538 135 45 sont
1890 546 120 60 peu
2045 526 347 59 nombreux
2418 540 58 43 et
2504 545 162 38 assez

86 648 229 59 vagues
347 653 12 45 ;
423 625 151 58 mais
656 623 237 59 d'autre
948 635 159 67 part,
1166 621 82 56 les
1305 616 393 81 philologues
1754 614 377 61 s'accordent
2189 617 31 58 à
2279 614 387 61 reconnaître

87 717 350 60 l'influence
472 715 357 81 hellénique
863 735 75 37 en
978 712 223 59 Orient
1237 730 77 37 au
1350 722 200 66 temps
1585 707 75 57 de
1694 708 56 58 la
1785 707 295 81 captivité
2132 708 73 59 de
2243 707 312 83 Babylone
2606 721 60 45 et

90 811 43 57 il
170 810 150 58 n'est
355 830 103 60 pas
494 806 176 61 outré
708 806 74 59 de
818 804 194 58 croire
1048 801 31 59 à
1116 797 475 63 l'introduction
1647 796 81 60 du
1765 797 187 61 chant
2010 799 212 59 choral
2523 797 145 59 dans

94 903 100 59 des
244 903 318 80 cantiques
612 899 150 58 dont
819 896 55 58 le
931 893 520 80 développement
1509 910 59 38 se
1627 890 222 81 prêtait
1905 889 123 61 fort
2081 891 141 59 bien
2281 890 31 60 à
2365 913 68 35 ce
2486 888 183 60 mode

94 992 411 61 d'exécution.
538 992 98 58 En
673 988 240 60 dernier
946 987 146 68 lieu,
1115 985 46 56 si
1197 982 121 58 l'on
1354 1002 189 60 songe
1578 980 31 60 à
1643 982 363 58 l'extension
2045 982 477 59 extraordinaire
2551 1002 120 60 que

95 1087 122 81 prit
253 1087 55 57 la
343 1084 289 80 musique
668 1079 324 82 religieuse
1025 1073 176 84 après
1234 1074 56 57 le
1341 1088 208 43 retour
1585 1072 184 61 d'exil
1812 1073 83 80 (et
1949 1075 127 58 cela
2126 1095 137 39 sous
2320 1072 352 59 l'influence

95 1176 371 82 assyrienne)
623 1173 138 82 puis
795 1169 152 60 aussi
984 1189 121 38 aux
1138 1167 178 79 longs
1349 1163 381 83 pèlerinages
1764 1187 132 37 vers
1923 1164 363 80 Jérusalem,
2315 1164 320 82 qu'accom-

98 1270 330 80 pagnaient
485 1260 641 64 vraisemblablement
1181 1255 523 61 d'interminables
1756 1255 308 83 mélopées
2107 1256 157 80 (voir
2316 1257 54 56 le
2410 1256 93 57 Ps.
2553 1252 115 60 118

96 1382 108 61 par
240 1356 307 83 exemple)
714 1375 77 37 on
828 1373 75 37 ne
938 1349 347 59 s'étonnera
1321 1369 104 60 pas
1460 1369 121 60 que
1737 1349 299 80 originale
2072 1370 79 36 ou
2206 1346 466 80 d'importation

96 1449 341 84 étrangère,
474 1450 55 57 la
580 1445 200 61 forme
833 1440 460 83 antiphonique
1332 1441 84 57 ait
1470 1439 96 59 été
1620 1462 74 36 en
1731 1462 183 59 usage
1949 1440 73 58 de
2057 1440 205 58 bonne
2296 1437 190 60 heure
2522 1436 154 59 chez

93 1544 82 57 les
209 1542 247 59 anciens
490 1537 328 62 Hébreux.

280 1632 89 58 Ce
399 1632 108 81 qui
543 1643 149 67 peut
728 1625 278 80 choquer
1034 1623 144 60 dans
1211 1624 58 57 la
1303 1623 362 81 disposition
1697 1623 72 57 de
1794 1623 264 70 Zenner,
2083 1622 144 58 c'est
2264 1615 412 87 précisément

95 1727 56 57 la
209 1740 139 64 trop
407 1719 229 84 grande
693 1716 311 85 symétrie,
1062 1737 118 59 peu
1251 1736 75 37 en
1380 1713 323 60 harmonie
1755 1735 146 38 avec
1958 1714 56 57 le
2086 1710 181 83 génie
2325 1708 352 81 sémitique,

95 1815 340 61 formaliste
471 1813 154 59 mais
670 1808 285 73 nomade,
992 1822 59 43 et
1107 1806 447 81 incompatible
1613 1807 153 57 aussi
1822 1827 71 36 en
1944 1826 120 37 une
2111 1803 269 59 certaine
2437 1820 241 39 mesure

95 1929 145 38 avec
277 1929 67 37 ce
381 1926 120 61 que
536 1924 155 39 nous
739 1921 185 40 avons
960 1897 336 61 découvert
1323 1897 295 81 jusqu'ici
1672 1897 75 57 de
1780 1897 56 57 la
1895 1895 364 82 rythmique
2312 1891 360 81 hébraïque.

96 2001 82 57 Et
214 1999 50 58 c'
269 2013 86 44 est
390 1998 156 58 aussi
581 2017 69 36 ce
686 2015 120 60 que
842 2013 153 38 nous
1029 1992 87 58 lui
1153 1989 462 82 reprocherons.
1650 1989 187 71 Mais,
1869 1986 309 83 quoiqu'il
2205 2008 76 35 en
2309 1985 138 71 soit,
2476 1985 45 57 si
2550 1984 126 57 l'on

95 2093 156 57 tient
287 2102 251 68 compte
575 2086 74 59 de
683 2083 439 83 l'exagération
1157 2081 366 82 qu'apporte
1573 2079 242 81 chaque
1868 2078 354 59 technicien
2260 2075 32 58 à
2344 2089 337 46 soumettre

94 2184 85 57 les
212 2180 140 60 faits
386 2178 32 60 à
452 2201 108 38 son
595 2175 285 85 système,
917 2197 77 37 on
1031 2188 150 69 peut
1216 2187 285 67 accepter
1534 2193 132 37 sans
1700 2172 233 58 crainte
1970 2169 73 58 de
2076 2183 141 66 trop
2268 2165 257 83 s'égarer
2560 2185 120 61 que

98 2295 153 38 nous
278 2291 187 41 avons
500 2269 221 59 devant
748 2268 85 58 les
858 2288 167 60 yeux
1059 2267 55 57 le
1142 2263 250 61 schème
1427 2260 350 83 théorique,
1807 2262 337 80 rigoureux
2179 2258 32 58 à
2244 2255 225 61 l'excès
2494 2255 186 59 d'une

98 2365 425 59 construction
559 2359 268 70 chorale,
865 2373 58 44 et
960 2380 119 58 que
1115 2377 107 61 par
1256 2357 178 70 suite,
1469 2356 55 57 la
1577 2352 366 85 rythmique
1995 2348 333 83 sémitique
2385 2348 297 58 ancienne

99 2470 235 46 connut
382 2455 164 71 bien,
597 2474 146 38 avec
781 2472 80 37 un
915 2450 233 58 certain
1185 2446 349 61 flottement
1594 2445 364 82 cependant,
1995 2443 55 57 la
2084 2442 223 81 strophe
2312 2490 14 22 ,
2365 2442 54 57 le
2467 2452 216 69 groupe

98 2545 443 82 antistrophique
722 2556 59 45 et
818 2542 45 59 si
900 2542 127 57 l'on
1060 2554 148 44 veut
1243 2540 55 57 la
1332 2537 183 59 triade
1670 2535 152 58 ainsi
1873 2556 121 59 que
2031 2533 101 59 des
2166 2531 393 60 associations
2608 2528 74 59 de

101 2660 96 39 ces
254 2639 261 58 diverses
567 2634 230 61 formes
855 2655 73 37 en
982 2654 120 37 vue
1156 2633 72 57 de
1288 2641 443 69 groupements
1785 2627 136 82 plus
1975 2626 409 80 compliques,
2437 2643 245 38 comme

101 2730 160 60 celui
300 2751 119 59 que
454 2749 153 37 nous
640 2747 231 38 venons
905 2724 355 80 d'indiquer
1285 2746 11 35 :
1350 2719 350 82 l'équilibre
1751 2719 100 57 des
1887 2718 164 58 deux
2111 2718 222 80 parties
2384 2714 302 58 extrêmes

100 2845 75 35 en
212 2820 201 72 serait,
449 2820 176 58 sinon
659 2818 56 57 la
750 2837 252 61 preuve,
1039 2814 82 59 du
1157 2814 204 57 moins
1396 2810 268 60 l'indice.

289 2912 171 58 Mais
495 2931 151 38 nous
681 2908 336 59 bornerons
1050 2904 55 60 là
1164 2926 69 38 ce
1270 2926 120 60 que
1427 2923 153 38 nous
1629 2921 282 62 pouvons
1945 2899 131 59 dire
2112 2898 72 58 de
2235 2899 55 56 la
2324 2894 362 86 rythmique

103 3016 401 71 proprement
542 3002 127 59 dite
707 3022 12 37 :
758 3021 152 37 nous
946 3000 190 57 allons
1172 2994 287 84 pénétrer
1493 2993 148 60 dans
1674 2994 56 58 le
1765 2992 288 60 domaine
2089 2989 279 70 musical,
2405 3002 59 43 et
2500 2982 155 86 profi-

105 3111 132 45 tant
286 3095 72 58 de
406 3115 69 37 ce
521 3114 119 60 que
687 3113 155 38 nous
886 3111 189 38 avons
1133 3109 227 61 aperçu
1420 3109 75 35 au
1544 3106 179 38 cours
1780 3085 74 57 de
1904 3085 55 57 la
2010 3080 305 83 première
2367 3080 194 81 partie
2612 3077 74 57 de

104 3203 161 44 cette
301 3185 207 71 étude,
545 3204 231 62 essayer
811 3182 73 59 de
919 3203 154 37 nous
1106 3179 151 59 faire
1293 3200 118 38 une
1446 3175 137 61 idée
1630 3198 77 36 au
1742 3176 205 58 moins
1980 3171 465 61 vraisemblable
2495 3168 73 59 de
2620 3189 66 37 ce

105 3301 121 59 que
261 3276 256 83 pouvait
554 3275 125 57 être
714 3275 54 57 la
819 3273 288 81 musique
1143 3269 333 82 sémitique
1526 3268 320 69 ancienne,
1883 3262 324 84 envisagée
2254 3274 239 47 surtout
2544 3257 144 60 dans

105 3391 88 39 ses
227 3383 282 67 rapports
543 3387 145 37 avec
725 3367 53 57 le
814 3364 270 81 rythme.
