2888 3960
656 191 135 69 LA
857 190 472 81 MUSIQUE
1395 191 187 70 DES
1649 172 506 93 HÉBREUX

2580 224 30 45 1
2633 224 44 69 9

283 341 89 58 La
407 342 261 59 relation
696 356 170 45 entre
895 341 84 58 les
1005 354 246 45 accents
1285 339 386 83 mélodiques
1705 356 60 43 et
1798 342 84 60 les
1916 360 241 46 accents
2193 347 399 83 prosodiques
2626 365 59 45 et

96 430 352 84 également
482 449 173 44 entre
691 434 251 59 ceux-ci
993 446 59 45 et
1087 433 82 58 les
1215 431 201 80 signes
1450 434 432 81 neumatiques
1916 450 86 45 est
2037 436 258 82 parfaite
2330 462 248 38 comme
2607 464 78 37 on

97 546 77 36 va
208 526 267 81 pouvoir
503 526 123 59 s'en
655 525 215 60 rendre
899 539 251 66 compte
1179 523 144 59 dans
1348 524 56 57 la
1431 524 243 58 version
1708 525 300 75 suivante,
2037 525 80 62 où
2141 530 333 83 j'indique,
2510 548 175 46 outre

100 617 55 58 le
193 631 188 58 texte,
416 618 483 58 l'accentuation
936 631 59 44 et
1030 617 82 57 les
1146 613 397 84 néguinoths.
1555 613 11 27 1

288 1117 59 60 Si
385 1117 405 69 maintenant,
839 1112 125 59 l'on
1017 1131 160 38 cesse
1227 1108 73 59 de
1352 1108 162 59 tenir
1547 1124 252 66 compte
1834 1108 75 60 de
1943 1111 56 57 la
2286 1134 399 63 proprement

104 1209 149 71 dite,
288 1228 158 61 pour
495 1205 351 58 n'observer
895 1223 120 59 que
1048 1202 57 57 le
2212 1211 348 48 mouvement
1888 1221 79 37 on
2004 1201 317 83 s'aperçoit
2351 1226 120 60 que
2504 1209 55 57 le
2596 1206 61 60 ré-

103 1301 181 59 sultat
321 1296 248 84 général
606 1310 148 68 peut
789 1315 59 38 se
885 1293 380 82 représenter
1300 1314 110 60 par
1443 1293 55 57 le
1533 1289 251 62 schème
1817 1293 244 59 suivant
2094 1315 11 37 :

104 1601 241 81 chaque
388 1611 44 42 +
482 1597 328 82 indiquant
846 1618 82 36 un
964 1610 216 44 accent
1209 1595 259 81 tonique
1497 1595 81 58 du
1608 1607 167 46 texte
1811 1619 14 47 ;
1864 1609 60 44 et
1957 1597 47 57 si
2041 1592 161 62 enfin
2232 1619 78 37 on
2347 1600 341 81 rapproche

103 1715 70 37 ce
207 1691 250 60 résultat
494 1689 72 58 de
613 1689 160 58 celui
811 1709 121 60 que
969 1708 154 38 nous
1157 1707 186 38 avons
1380 1685 233 60 obtenu
1648 1684 531 83 précédemment,
2217 1704 59 44 et
2311 1705 240 45 surtout
2587 1691 101 61 des

104 1783 395 59 nombreuses
535 1779 415 60 observations
1003 1779 108 81 qui
1167 1793 108 44 ont
1326 1775 96 61 été
1476 1775 175 61 faites
1702 1799 100 37 sur
1850 1778 56 58 la
1942 1780 287 80 musique
2262 1783 320 80 populaire
2617 1783 73 61 de

103 1874 241 60 l'orient
373 1870 355 83 sémitique,
757 1891 75 37 on
865 1870 194 58 arrive
1084 1867 360 61 facilement
1472 1867 33 62 à
1531 1883 163 45 cette
1721 1869 359 59 conclusion
2114 1893 12 37 :

105 1964 329 83 mélodiques
829 1974 125 49 sont
1134 1961 354 60 déterminées
1916 1974 123 69 par
2259 1962 38 57 û
2302 1961 385 59 accentuation
1919 1959 42 85 f

107 2056 276 61 littéraire
724 2066 54 47 et
893 2075 104 61 que
1167 2053 49 59 le
1332 2052 213 83 rythme
1853 2066 85 46 est
2107 2051 279 84 engendré

101 2161 153 46 entre
287 2169 85 37 ces
420 2159 238 45 accents.
698 2143 262 83 Chaque
1011 2166 216 37 mesure
1275 2145 403 58 constitutive
1727 2165 128 38 sera
1905 2145 152 58 ainsi
2094 2142 380 64 déterminée
2509 2146 32 61 à
2580 2169 108 39 son

103 2254 141 44 tour
278 2260 108 60 par
419 2237 366 59 l'intervalle
820 2236 73 59 de
928 2235 167 60 deux
1121 2250 244 46 accents
1399 2250 60 45 et
1496 2258 123 37 non
1655 2258 109 59 par
1797 2236 56 59 le
1887 2235 259 61 nombre
2182 2237 101 59 des
2318 2239 252 81 syllabes
2606 2262 77 36 ou

101 2333 160 57 leurs
296 2330 236 59 valeurs
575 2328 281 82 (longues
890 2343 59 43 et
984 2326 260 83 brèves).

289 2422 171 58 Dans
494 2441 96 38 ces
626 2418 373 73 conditions,
1037 2441 98 36 ces
1185 2418 235 73 durées,
1455 2441 98 38 ces
1603 2439 268 38 mesures
1918 2416 425 64 élémentaires
2387 2437 301 66 pourront

103 2514 127 59 être
256 2510 232 84 parfois
513 2509 433 61 sensiblement
974 2508 201 84 égales
1203 2532 80 37 ou
1312 2510 576 82 proportionnelles,
1916 2510 167 60 selon
2113 2533 119 60 que
2260 2512 162 58 deux
2447 2528 241 46 accents

103 2618 204 46 seront
343 2599 235 85 séparés
613 2623 108 60 par
749 2623 81 37 un
858 2602 135 80 plus
1030 2601 192 81 grand
1250 2602 257 58 nombre
1544 2602 74 58 de
1644 2601 254 82 syllabes
1933 2616 228 60 atones,
2191 2626 78 36 ou
2300 2604 180 80 qu'ils
2514 2626 131 38 com-

105 2695 338 82 prendront
494 2695 136 81 plus
679 2692 74 58 de
789 2692 254 84 syllabes
1091 2693 258 82 longues
1398 2715 109 60 par
1556 2709 217 43 nature
1824 2715 78 37 ou
1939 2715 108 60 par
2081 2696 292 80 position,
2410 2717 80 37 ou
2526 2693 161 63 enfin

104 2809 122 60 que
259 2787 56 57 la
350 2785 266 59 division
649 2785 255 80 logique
938 2783 342 60 entraînera
1314 2783 102 60 des
1449 2783 420 82 disjonctions,
1900 2785 100 59 des
2045 2783 234 63 césures
2313 2787 378 60 secondaires

104 2893 118 45 etc.
261 2877 295 59 traduites
592 2875 302 60 d'ailleurs
927 2898 108 59 par
1069 2876 55 59 la
1158 2877 431 80 ponctuation.

293 2969 170 58 Mais
498 2968 165 57 nulle
696 2982 136 66 part
869 2988 153 38 nous
1072 2989 75 37 ne
1197 2982 364 45 trouverons
1606 2969 55 57 le
1695 2968 249 83 rythme
1981 2970 255 59 musical
2271 2968 416 83 indépendant

104 3082 84 37 ou
222 3058 290 59 différent
562 3057 83 59 du
695 3057 250 85 rythme
993 3057 298 60 littéraire
1323 3081 13 35 :
1373 3059 84 58 les
1943 3059 323 83 indiquées
2300 3082 106 60 par
2443 3062 196 58 Naum-

105 3152 201 80 bourg
341 3166 135 43 sont
512 3171 119 37 une
667 3151 354 58 concession
1074 3148 149 61 faite
1256 3148 33 61 à
1323 3172 111 37 nos
1481 3149 330 61 habitudes
1845 3153 342 71 musicales,
2225 3153 105 80 qui
2366 3153 320 58 l'entraîne

103 3242 35 60 à
174 3242 100 58 des
310 3242 447 79 allongements
811 3238 309 84 exagérés,
1177 3256 59 43 et
1290 3262 75 37 ne
1417 3239 238 83 répond
1688 3241 31 59 à
1755 3243 130 57 rien
1940 3242 145 60 dans
2136 3243 137 60 l'art
2326 3241 359 84 hébraïque.

105 3336 172 58 Dans
326 3332 278 71 celui-ci,
655 3333 56 58 la
769 3354 239 37 mesure
1060 3333 295 59 musicale
1413 3347 59 45 et
1530 3335 57 57 la
1643 3355 243 38 mesure
1943 3332 319 84 poétique,
2314 3333 373 61 c'est-à-dire

104 3445 250 41 comme
383 3444 153 38 nous
556 3424 229 58 l'avons
813 3421 130 83 déjà
968 3422 251 83 signalé,
1246 3424 56 58 la
1326 3421 207 62 césure
1564 3424 355 83 (composée
1947 3425 72 58 de
2046 3426 298 81 plusieurs

223 3552 10 22 1
266 3555 142 36 Vesser
439 3566 22 24 a
493 3550 215 40 lui-même
739 3566 183 24 reconnu
955 3561 92 30 tout
1078 3550 35 41 le
1145 3552 105 54 parti
1283 3554 127 51 qu'on
1442 3554 169 53 pouvait
1642 3554 96 39 tirer
1769 3555 68 39 des
1868 3568 167 26 neumes
2056 3568 51 25 au
2129 3554 117 54 point
2268 3554 49 39 de
2338 3568 77 24 vue
2436 3555 249 52 rythmique.

146 3615 84 38 Des
251 3612 137 54 points
405 3611 222 54 poétiques,
651 3608 123 50 dit-il,
795 3609 122 52 jaillit
940 3625 79 24 une
1042 3610 265 40 bienfaisante
1331 3609 121 41 clarté
1536 3613 172 38 D'autre
1730 3622 90 45 part
1842 3611 28 40 il
1892 3627 213 38 remarque
2128 3627 77 38 que
2227 3613 99 39 dans
2347 3610 36 41 le
2404 3610 98 42 livre
2524 3613 48 40 de
2594 3613 91 53 Job,

101 3687 52 27 en
179 3675 80 49 652
287 3684 64 26 cas
377 3672 69 49 (on
470 3679 186 29 retrouve
679 3683 40 25 sa
742 3669 191 50 minutie)
954 3668 38 41 la
1014 3670 186 39 scansion
1224 3679 56 30 est
1302 3668 74 42 liée
1398 3672 22 38 à
1442 3668 37 42 la
1501 3672 284 52 ponctuation.
