2888 3960
2578 3791 29 36 2

614 203 135 69 LA
812 200 468 82 MUSIQUE
1346 203 188 69 DES
1600 185 497 92 HÉBREUX

2521 235 91 62 i
2614 235 1 62 7

524 351 55 57 le
626 371 18 38 i
658 351 35 21 re
722 365 40 38 ■
793 349 257 82 indique
1086 371 119 38 une
1241 348 200 83 légère
1487 349 306 61 élévation
1836 353 71 59 de
1942 356 55 58 la
2030 358 149 58 voix
2212 372 58 45 et
2305 375 207 44 retour
2544 382 72 37 au

800 440 181 82 degré
1018 441 219 58 initial.

525 532 55 57 le
622 546 47 50 <
710 554 118 37 une
863 531 305 60 élévation
1219 531 72 58 de
1341 531 56 58 la
1445 532 149 57 voix
1627 532 341 80 atteignant
2016 558 117 38 une
2168 559 42 58 4
2211 534 10 26 1
2221 540 24 22 *
2277 562 80 36 ou
2392 563 119 37 une
2550 537 71 84 5*

241 673 11 12 .
270 671 9 20 v
797 644 74 37 au
908 623 200 58 dessus
1143 621 72 59 de
1249 623 56 57 la
1340 620 288 60 ''chorda

56 694 304 61 première
454 696 8 37 !
722 714 224 72 auquel
980 713 238 58 aboutit
1247 727 159 44 cette
1441 714 310 57 ascension
1789 716 230 70 vocale,
2047 718 253 68 indique
2337 743 116 37 une
2489 744 97 37 cer-

118 784 208 38 cesure
453 771 8 50 !
999 803 10 10 •
1096 803 10 10 •
1596 802 28 29 j
1759 802 11 20 '
1820 802 19 29 /
1886 799 34 29 te
2112 803 14 27 t
2128 810 15 21 e
2149 808 15 25 \

797 818 163 45 taine
994 821 324 42 insistance
1354 823 100 38 sur
1488 824 67 37 ce
1592 810 183 73 degre
1820 810 63 74 (4
1952 828 78 37 ou
2072 827 31 58 5
2147 810 46 78 ).

523 896 56 57 le
1187 915 32 39 2
1225 897 54 19 mo
740 908 38 38 b
811 894 451 80 d'importance
1296 893 284 58 moindre
1616 915 119 59 que
1769 894 54 59 le
1877 896 23 71 ]
1968 899 102 78 qui
2109 901 54 57 le
2189 899 258 82 précède
2474 918 142 45 vaut

796 986 80 57 ici
899 984 54 58 le
970 992 74 65 X.
1060 984 103 79 qui
1191 983 258 81 indique
1472 984 53 58 le
1549 984 216 58 milieu
1782 984 80 59 du
1878 1001 217 57 verset,
2110 1004 60 43 et
2193 1011 105 59 par
2321 993 155 58 suite
2499 1015 118 37 une

797 1072 291 60 inflexion
1126 1073 403 59 descendante
1563 1073 75 59 de
1670 1075 54 58 la
1761 1076 167 72 voix,
1966 1099 117 37 une
2133 1078 480 65 demi-cadence.

54 1255 327 61 deuxième
452 1202 23 100 f
720 1204 254 81 indique
1009 1224 118 37 une
1162 1202 325 73 élévation,
1517 1205 138 80 puis
1681 1227 118 37 une
1826 1207 213 59 liaison
2076 1230 108 59 par
2218 1227 397 44 mouvement

167 1344 12 21 ,
795 1293 365 60 descendant
1196 1315 145 38 avec
1375 1296 53 57 le
1464 1310 133 44 mot
1633 1297 258 58 suivant,

117 1368 207 37 cesure
453 1383 86 61 ,j
545 1407 30 37 e
642 1381 9 89 |
717 1387 18 56 j
741 1407 68 36 nc
809 1386 162 81 [ique
1006 1385 19 57 j
1030 1406 31 37 a
1094 1382 40 60 £
1141 1406 36 37 n
1588 1407 119 37 une
1742 1387 263 60 cadence
2042 1392 338 59 terminale.

240 1547 33 38 2
279 1524 18 28 0
331 1525 445 60 Déterminons
809 1525 30 59 à
872 1524 242 83 présent
1143 1525 143 60 dans
1322 1527 240 82 chaque
1596 1542 133 44 mot
1764 1531 258 58 l'accent
2058 1533 277 80 tonique,
2373 1533 42 57 il
2450 1536 167 57 vient

238 1829 56 83 3°
327 1829 186 62 Enfin
547 1833 260 58 l'accent
835 1833 378 81 dynamique
1242 1834 211 59 tombe
1482 1856 99 38 sur
1611 1837 219 81 Hiyob
1867 1851 58 44 et
1961 1857 99 38 sur
2093 1838 330 82 vayekalel.

235 1974 59 58 Si
329 1975 383 58 maintenant
746 1997 153 38 nous
933 1997 153 38 nous
1119 1994 321 64 reportons
1474 1978 32 59 à
1540 1980 54 59 la
1628 1979 340 82 psalmodie
1997 2002 120 58 que
2151 2002 154 38 nous
2339 2002 74 37 en
2446 1979 138 61 four-

49 2064 93 58 nit
179 2064 171 58 Dom
387 2065 255 71 Parisot,
679 2087 151 38 nous
879 2087 203 38 serons
1136 2067 245 83 frappés
1416 2069 72 58 de
1538 2070 54 57 la
1627 2070 421 59 concordance
2084 2072 105 80 qui
2226 2072 189 58 existe
2451 2086 167 44 entre

51 2154 82 59 les
167 2153 336 62 élévations
536 2155 402 83 mélodiques,
974 2158 84 57 les
1092 2174 244 44 accents
1364 2162 287 80 toniques
1685 2174 58 45 et
1771 2159 407 84 dynamiques
2204 2176 60 44 et
2290 2163 83 57 les
2399 2159 183 84 négui-

53 2244 202 61 noths.

232 2723 170 59 Dans
435 2724 56 58 la
524 2722 304 82 première
862 2721 229 73 césure,
1125 2722 56 60 la
1216 2721 422 59 concordance
1672 2736 88 44 est
1797 2719 256 83 parfaite
2090 2743 12 37 :

228 2868 55 57 le
317 2868 269 80 premier
639 2881 215 44 accent
890 2867 258 80 tonique
1205 2886 60 38 se
1300 2863 231 59 traduit
1564 2886 110 59 par
1728 2887 118 37 une
1881 2862 309 62 élévation
2226 2865 74 59 de
2343 2887 20 38 i
2427 2865 184 83 degré

45 2977 149 39 avec
258 2971 208 44 retour
522 2977 100 38 sur
674 2958 52 57 le
779 2958 106 69 sol,
941 2971 58 43 et
1064 2954 371 82 correspond
1488 2953 140 60 bien
1695 2976 108 60 par
1860 2953 377 84 conséquent
2302 2978 76 37 au
2443 2957 170 80 signe

48 3049 404 80 neumatique
487 3072 14 47 ;

230 3140 54 57 le
318 3138 224 59 second
592 3160 58 38 se
684 3138 230 59 traduit
965 3160 108 58 par
1108 3159 120 37 une
1262 3133 305 61 élévation
1623 3136 73 58 de
1749 3137 55 57 la
1839 3137 147 57 voix
2034 3152 59 45 et
2127 3137 240 60 aboutit
2419 3160 75 37 au
2530 3136 81 75 ré,

47 3230 218 80 quinte
301 3229 73 58 de
406 3230 56 57 la
572 3227 230 60 chorda
932 3229 107 80 qui
1075 3229 277 78 souligne
1388 3240 58 44 et
1496 3226 260 60 l'accent
1790 3227 258 82 tonique
2103 3227 80 59 du
2218 3243 131 43 mot
2376 3227 143 80 Job,
2552 3243 59 44 et

44 3321 266 59 l'accent
345 3319 377 82 dynamique
758 3319 74 58 de
866 3334 162 44 cette
1064 3315 208 62 césure
1303 3342 14 47 ;

230 3408 163 62 enfin
429 3411 55 58 le
519 3409 240 61 dernier
793 3424 211 45 accent
1041 3410 259 80 tonique
1348 3429 59 38 se
1442 3406 323 61 manifeste
1797 3430 108 60 par
1954 3429 120 38 une
2108 3424 160 45 sorte
2316 3409 260 81 d'appog-

45 3503 242 80 giature
324 3514 326 68 marquant
684 3502 55 57 la
766 3499 483 60 demi-cadence.

163 3641 11 23 1
200 3644 59 38 La
282 3655 237 40 synagogue
540 3642 49 39 de
611 3643 152 38 Damas
785 3642 168 53 prétend
978 3655 76 37 que
1076 3655 40 25 sa
1139 3641 195 39 tradition
1359 3655 50 25 ne
1431 3639 63 40 fut
1513 3640 145 51 jamais
1679 3641 292 54 interrompue.
