2888 3960
245 114 99 94 56

1335 106 65 70 S.
1470 109 54 68 I.
1595 107 107 69 M.

236 261 232 60 réfléchis,
496 270 47 36 et
568 258 103 48 leur
705 275 92 45 peu
824 256 58 47 de
910 256 162 63 portée
1114 255 122 48 n'est
1277 256 63 47 dû
1365 254 115 65 qu'à
1505 273 54 29 ce
1586 254 139 63 qu'ils
1749 267 108 35 sont
1884 254 43 48 le
1955 255 82 46 fait
2064 254 145 48 d'une
2247 255 109 48 élite
2383 274 127 29 assez
2545 258 198 59 réduite,
2773 270 47 35 et

236 334 46 47 la
306 329 280 66 supériorité
611 329 59 47 de
697 328 129 48 Paris
851 341 69 35 est
945 339 188 36 surtout
1161 328 179 45 d'avoir
1365 344 68 28 un
1463 325 186 60 Public,
1677 344 61 28 au
1757 326 160 46 besoin
1946 325 157 47 même
2131 344 65 28 un
2227 328 147 62 grand
2403 326 182 50 Public.

384 402 162 61 Hélas,
569 419 59 29 en
657 419 53 28 ce
738 402 78 61 qui
845 418 239 29 concerne
1111 400 42 46 le
1181 399 235 59 Théâtre,
1447 396 317 62 Montpellier
1792 397 200 47 n'existe
2020 415 80 43 pas
2220 399 127 47 faute
2375 400 57 46 de
2459 401 146 64 grand
2634 400 184 51 Public.

382 474 134 48 Mais
554 472 27 47 à
606 484 107 34 tous
753 470 66 48 les
856 482 158 36 autres
1053 471 158 60 points
1237 470 57 45 de
1336 486 90 28 vue
1466 466 115 48 c'est
1608 485 97 28 une
1741 479 134 35 autre
1915 466 176 49 affaire.
2120 468 140 47 Nous
2295 488 146 29 avons
2478 489 65 29 un
2583 474 238 47 orchestre

235 547 342 59 intermittent,
603 542 225 62 composé
855 543 56 46 de
951 541 364 63 professionnels
1341 541 56 46 de
1438 540 203 61 premier
1668 540 136 45 ordre
1832 552 47 33 et
1905 540 286 48 d'amateurs
2227 541 273 49 excellents.
2530 543 93 47 Cet
2648 562 145 31 assem-

238 618 134 64 blage
399 629 69 35 est
508 613 299 66 quelquefois
832 625 151 48 terne,
1011 612 106 62 plus
1155 623 203 36 souvent
1385 611 93 45 très
1519 612 112 58 bon,
1659 622 48 34 et
1748 611 170 61 parfois
1942 611 243 62 supérieur
2209 629 11 30 :
2265 625 105 34 tout
2397 613 100 47 cela
2538 615 184 62 dépend
2764 617 58 46 de

236 689 409 59 l'entraînement,
675 687 55 46 de
771 686 43 47 la
855 684 245 64 discipline
1128 702 63 29 ou
1231 683 57 47 de
1327 682 405 48 l'enthousiasme.
1763 682 94 48 Ces
1896 684 271 60 musiciens,
2207 684 201 64 groupés
2445 703 60 30 en
2543 689 279 47 association

238 759 251 61 mutuelle,
518 758 219 47 donnent
775 757 80 47 des
880 768 219 36 concerts
1124 756 377 64 symphoniques
1542 766 104 49 trop
1674 771 139 44 rares,
1839 753 64 48 où
1929 753 99 48 l'on
2056 756 179 45 entend
2263 757 58 46 de
2360 756 274 49 l'excellent
2674 773 48 33 et
2760 761 63 47 du

238 834 115 62 pire,
381 848 106 31 sans
512 848 94 46 que
633 828 99 48 l'on
760 829 152 62 puisse
940 839 305 36 exactement
1270 827 151 45 savoir
1448 825 251 63 pourquoi.

384 903 71 48 Le
497 913 198 37 concert
733 902 65 45 du
838 900 120 47 mois
996 898 164 48 d'avril
1197 917 26 28 a
1264 896 76 49 été
1378 896 442 64 particulièrement
1861 898 344 62 remarquable,
2246 918 80 43 par
2366 900 290 50 l'exécution
2699 904 56 47 de
2783 904 44 47 la

243 975 245 65 symphonie
507 974 176 47 inédite
725 990 60 30 en
1396 971 36 49 si
1522 989 174 29 mineur
1077 971 57 46 de
1174 970 78 48 M.
1283 969 328 48 Bost-Siefert.
1640 969 79 47 M.
1748 968 225 62 Granier,
2003 969 258 49 Directeur
2287 973 56 44 de
2384 985 136 35 notre
2561 974 236 48 Conserva-

238 1050 137 60 toire,
403 1048 123 47 avait
554 1046 90 47 mis
670 1058 125 34 cette
821 1062 166 29 œuvre
1015 1060 77 31 sur
1119 1043 107 63 pied
1254 1054 49 34 et
1329 1041 268 47 conduisait
1633 1040 412 62 supérieurement
2072 1041 290 62 l'orchestre,
2392 1057 47 34 et
2465 1044 41 47 le
2534 1046 193 47 résultat
2754 1048 73 47 fût

240 1121 236 47 vraiment
502 1116 255 50 excellent.
780 1115 306 49 L'ensemble
1115 1116 80 46 des
1222 1114 254 47 musiciens
1503 1112 177 47 étonna
1706 1112 66 47 les
1797 1112 104 63 plus
1928 1114 227 61 difficiles,
2177 1126 48 35 et
2252 1133 121 29 nous
2398 1116 160 47 donna
2583 1117 44 47 la
2653 1137 172 44 preuve

240 1192 117 65 qu'il
386 1191 211 64 pourrait
624 1206 246 46 composer
898 1205 66 29 un
992 1187 81 47 des
1099 1186 242 47 meilleurs
1367 1187 263 45 orchestres
1656 1185 56 45 de
1741 1186 240 61 province,
2011 1185 71 48 s'il
2111 1185 43 48 le
2182 1186 196 48 voulait.

385 1264 171 57 Quant
583 1262 26 47 à
635 1261 45 47 la
703 1262 285 65 symphonie
1016 1261 57 46 de
1101 1258 79 49 M.
1209 1257 311 50 Bost-Siefert
1546 1257 89 47 elle
1661 1270 136 47 reçut
1824 1275 67 29 un
1929 1258 183 47 accueil
2148 1258 289 49 chaleureux
2464 1272 47 35 et
2538 1261 184 62 mérité,
2751 1280 76 31 car

240 1337 117 48 c'est
382 1354 96 29 une
516 1351 166 31 œuvre
709 1335 57 45 de
805 1335 144 45 haute
976 1332 176 61 valeur,
1180 1342 47 36 et
1255 1332 108 46 bien
1402 1330 245 47 au-dessus
1673 1331 57 44 de
1769 1330 44 47 la
1838 1347 241 47 moyenne
2108 1331 79 47 des
2215 1331 268 48 meilleures
2521 1335 308 61 productions

242 1407 327 66 provinciales.
598 1404 107 50 Elle
747 1417 69 36 est
854 1403 171 48 divisée
1067 1422 58 28 en
1167 1404 113 46 trois
1321 1403 185 62 parties,
1536 1413 47 35 et
1621 1418 85 31 son
1745 1403 335 60 architecture,
2122 1403 93 46 très
2252 1403 242 64 classique,
2534 1406 113 45 n'en
2686 1424 28 29 a
2751 1425 78 43 pas

244 1482 156 46 moins
426 1496 95 30 une
549 1477 237 47 tendance
813 1476 218 66 cyclique
1058 1492 128 29 assez
1212 1474 212 47 accusée.
1447 1473 95 48 Les
1569 1474 299 61 proportions
1894 1491 59 29 en
1980 1487 109 33 sont
2116 1474 93 47 très
2235 1476 268 62 heureuses,
2526 1488 46 33 et
2592 1476 237 50 l'absence

243 1554 56 46 de
424 1552 164 59 scherzo,
589 1549 139 64 auquel
770 1549 162 61 depuis
959 1548 279 46 Beethoven
1278 1565 61 29 on
1385 1545 158 47 donne
1570 1563 95 28 une
1708 1547 296 61 importance
2045 1558 104 51 trop
2188 1548 178 62 grande
2407 1559 47 36 et
2482 1548 241 65 illogique,
2762 1551 64 48 lui

243 1625 161 46 donne
424 1639 68 31 un
520 1610 227 75 équilibre
774 1618 311 65 appréciable.
1108 1618 409 48 L'orchestration
1546 1634 58 30 en
1632 1628 69 36 est
1727 1617 93 47 très
1848 1617 357 64 wagnérienne,
2228 1632 46 33 et
2301 1636 80 45 par
2408 1619 208 48 endroits
2642 1638 66 28 un
2737 1639 92 45 peu

243 1708 105 50 trop
384 1712 185 42 sonore,
598 1694 117 46 mais
755 1692 44 46 la
824 1692 106 62 pâte
958 1692 333 60 harmonique,
1320 1702 45 34 et
1393 1689 42 47 le
1462 1689 305 61 contrepoint
1806 1689 334 47 instrumental
2168 1702 108 34 sont
2315 1703 106 34 tout
2460 1692 26 46 à
2512 1693 83 45 fait
2633 1692 173 52 intéres-

243 1779 127 37 sants
396 1778 47 34 et
469 1765 281 62 supérieurs.
780 1763 232 48 L'auteur
1038 1780 28 28 a
1091 1761 103 65 déjà
1221 1760 160 64 publié
1407 1761 126 47 deux
1748 1760 174 62 (piano,
1945 1761 139 61 piano
2106 1774 47 34 et
2180 1763 147 62 flûte),
2357 1764 201 47 diverses
2585 1764 244 65 mélodies,

244 1857 95 29 une
502 1849 178 36 cantate
929 1836 110 55 [aux
1226 1846 132 35 morts
1551 1844 114 53 pour
1833 1834 44 47 la
1978 1832 181 64 Patrie)
1311 1850 77 29 sur
1415 1832 66 47 les
1506 1849 102 29 vers
1636 1832 56 46 de
1722 1832 63 49 V.
1816 1834 164 62 Hugo,
2011 1832 91 47 très
2127 1834 172 47 réussie
2337 1846 46 35 et
2411 1835 91 47 très
2528 1835 250 62 applaudie
2804 1839 27 47 à

248 1909 316 62 Montpellier
605 1907 91 47 lors
723 1907 57 46 de
819 1924 49 29 sa
894 1905 231 62 première
1151 1905 231 48 audition.
1414 1904 70 47 Le
1512 1904 167 47 maître
1721 1904 57 47 de
1807 1904 78 48 M.
1915 1904 169 48 Siefert
2125 1924 27 28 a
2178 1905 75 47 été
2290 1919 187 34 surtout
2505 1906 77 48 M.
2615 1907 215 50 Vincent

247 1982 190 65 d'lndy.
469 1980 70 48 Le
567 1991 181 51 respect
775 1980 56 46 de
859 1979 44 45 la
930 1977 244 62 discipline
1202 1977 97 62 (M.
1330 1976 114 47 Bost
1471 1987 68 36 est
1566 1976 233 61 capitaine
1826 1977 64 46 du
1917 1976 156 63 génie)
2102 1977 65 47 lui
2195 1996 25 28 a
2247 1979 85 45 fait
2361 1992 220 49 accepter
2608 1982 195 64 aveuglé-

248 2065 134 35 ment
419 2051 221 67 jusqu'ici
683 2051 44 46 le
765 2051 172 62 dogme
978 2050 56 44 de
1075 2065 85 29 son
1203 2048 277 63 professeur.
1524 2046 132 48 Mais
1696 2064 48 30 sa
1785 2047 318 61 personnalité
2145 2061 47 34 et
2235 2061 188 34 surtout
2473 2069 48 29 sa
2571 2053 260 47 sensibilité

248 2137 197 51 percent
487 2122 181 65 malgré
709 2132 107 36 tout
842 2122 115 46 dans
995 2137 48 31 sa
1081 2119 212 47 dernière
1334 2136 165 29 œuvre
1539 2118 301 61 orchestrale,
1882 2119 41 46 la
1951 2119 202 47 rendent
2191 2119 25 47 à
2243 2139 55 27 ce
2338 2125 136 58 point
2514 2122 57 47 de
2599 2141 89 29 vue
2727 2125 105 62 plus

247 2197 308 48 intéressante
593 2213 92 45 que
722 2193 142 48 celles
889 2193 79 62 qui
997 2192 272 62 précèdent,
1298 2203 47 35 et
1371 2208 47 30 se
1444 2191 306 47 manifestent
1777 2191 27 47 à
1829 2191 229 62 plusieurs
2083 2193 208 61 reprises,
2321 2207 306 36 notamment
2653 2198 116 47 dans
2789 2198 42 47 la

247 2269 218 63 question
508 2268 56 45 de
610 2264 199 49 tonalité
835 2263 133 50 :M.
1011 2263 313 47 Bost-Siefert
1364 2280 283 29 commence
1686 2278 48 29 sa
2053 2281 59 28 en
2228 2267 189 44 mineur
2459 2283 81 45 par
2581 2285 67 28 un
2691 2271 149 45 motif

248 2340 396 59 d'introduction,
673 2349 46 35 et
744 2349 193 50 attaque
964 2335 43 47 le
1034 2335 163 46 thème
1223 2334 229 64 principal
1481 2335 64 46 du
1572 2334 204 61 premier
1809 2333 176 65 allegro
2012 2352 60 29 en
2190 2335 156 47 bémol
2375 2338 206 48 mineur.
2611 2339 223 51 Certains

249 2412 186 47 thèmes
459 2423 108 34 sont
587 2410 215 45 heureux
830 2419 47 35 et
903 2407 261 62 expressifs,
1185 2418 47 34 et
1259 2405 43 47 la
1322 2404 176 48 variété
1525 2405 58 47 de
1603 2404 277 48 l'ensemble
1901 2405 115 46 rend
2039 2418 125 34 cette
2185 2424 165 31 œuvre
2371 2409 79 47 des
2472 2409 103 61 plus
2594 2412 238 62 agréables

248 2484 27 48 à
301 2483 247 48 entendre.

395 2554 71 47 Le
506 2553 176 48 second
725 2550 287 48 événement
1054 2550 262 61 important
1360 2549 58 45 de
1459 2547 45 47 la
1546 2549 152 45 saison
1741 2560 68 34 est
1853 2546 291 50 l'exécution
2186 2550 56 46 de
2281 2550 45 47 la
2644 2560 190 57 r/,par

248 2627 275 47 l'orchestre
554 2625 216 65 lyonnais
797 2636 46 33 et
884 2622 65 47 les
974 2622 191 47 chœurs
1191 2621 58 47 de
1278 2621 79 47 M.
1386 2621 316 60 Witkowski,
1744 2620 61 47 M
1810 2622 70 21 mes
1908 2621 423 64 Mellot-Joubert,
2373 2624 458 66 Legrand-Philipp,

250 2699 145 49 MM.
426 2696 301 50 Plamondon
755 2708 47 34 et
830 2694 217 63 Georges
1073 2694 163 63 Mary.
1266 2694 139 45 Nous
1432 2691 40 48 le
1501 2692 179 47 devons
1706 2692 25 46 à
1758 2691 187 47 l'active
1973 2706 47 33 et
2046 2694 309 48 intéressante
2394 2696 175 47 société
2608 2700 226 46 musicale

250 2772 120 46 dont
394 2780 68 37 est
489 2767 239 64 président
755 2766 77 47 M.
863 2763 201 51 Gervais
1091 2765 75 62 (de
1194 2763 44 47 la
1264 2765 180 45 section
1473 2762 309 48 méridionale
1810 2763 56 46 de
1895 2763 210 64 5.1.M.),
2124 2776 47 34 et
2197 2782 89 45 que
2314 2767 149 64 dirige
2481 2767 77 48 M.
2583 2768 51 47 P.
2657 2768 175 50 Coulet

249 2860 113 30 avec
391 2842 247 59 beaucoup
666 2838 57 47 de
750 2837 321 47 dévouement
1096 2848 47 35 et
1170 2835 357 64 d'intelligence
1551 2836 260 62 artistique.

398 2911 320 49 L'exécution
760 2909 73 46 fut
860 2908 279 47 excellente.
1170 2907 88 49 On
1284 2908 173 46 sentait
1494 2925 91 44 que
1613 2906 178 47 l'étude
1819 2907 57 46 de
1903 2918 125 36 cette
2067 2925 165 30 œuvre
2256 2909 123 46 avait
2406 2909 76 47 été
2507 2911 93 48 très
2624 2913 207 64 soignée,

250 3000 49 34 et
337 3003 62 30 on
442 3002 60 28 ne
543 2983 172 47 saurait
757 2993 104 50 trop
901 2982 188 46 couvrir
1127 2979 208 65 d'éloges
1373 2978 78 48 M.
1492 2979 296 47 Witkowski
1830 2997 118 43 pour
1981 2981 130 45 avoir
2138 2981 181 47 obtenu
2359 2983 77 46 des
2474 2983 216 50 résultats
2714 2988 118 46 aussi

252 3057 316 48 satisfaisants.

398 3128 129 47 Mais
553 3125 153 64 quelle
734 3124 137 61 leçon
899 3123 102 48 cela
1026 3124 209 61 pourrait
1263 3123 182 46 fournir
1471 3141 94 28 aux
1589 3122 419 62 Montpellierains
2028 3124 97 61 qui,
2153 3142 67 28 un
2248 3142 92 44 peu
2367 3125 105 63 plus
2498 3128 121 60 unis,
2649 3146 65 29 un
2742 3147 92 44 peu

252 3202 105 63 plus
393 3198 283 63 disciplinés,
715 3214 68 29 un
824 3213 92 46 peu
957 3194 104 63 plus
1101 3195 343 46 enthousiastes
1482 3195 275 61 pourraient
1795 3195 128 46 avoir
1964 3212 67 30 un
2070 3196 238 47 orchestre
2351 3196 103 63 plus
2479 3200 238 61 expressif,
2756 3202 80 47 des

252 3275 193 46 chœurs
470 3270 104 64 plus
600 3270 247 62 puissants,
874 3268 137 47 sinon
1040 3284 96 29 une
1162 3268 267 45 correction
1456 3266 118 47 aussi
1602 3266 191 63 grande.

398 3344 172 56 Quant
607 3341 27 47 à
672 3340 215 61 l'œuvre,
913 3337 91 47 elle
1042 3356 26 28 a
1105 3339 348 45 certainement
1492 3337 192 63 produit
1710 3354 67 30 un
1805 3337 148 64 grand
1980 3336 128 64 effet,
2138 3340 116 46 mais
2280 3358 27 28 a
2333 3340 217 48 d'autant
2586 3343 103 60 plus
2715 3344 120 62 déçu

253 3416 344 64 quelques-uns
624 3430 91 45 que
742 3410 65 47 les
833 3411 223 61 critiques
1081 3410 222 61 parisiens
1324 3407 356 63 l'annonçaient
1707 3425 191 31 comme
1926 3426 66 28 un
2021 3410 79 46 des
2124 3423 231 35 sommets
2381 3412 56 46 de
2464 3411 131 48 l'Art
2620 3415 214 48 musical.

253 3490 39 47 Il
323 3490 100 46 faut
450 3485 214 49 réfléchir
691 3501 67 29 un
786 3501 92 44 peu
906 3494 47 34 et
979 3482 245 46 examiner
1252 3482 247 61 beaucoup
1524 3492 142 36 avant
1693 3480 254 48 d'affirmer
1974 3481 57 47 de
2058 3482 212 61 pareilles
2296 3485 178 47 choses.
