2888 3960
2607 3799 18 35 I

66 1815 112 58 CE
228 1815 188 64 QUE
459 1812 244 61 NOUS
762 1812 297 59 AVONS
1105 1810 317 61 VOULU
1478 1810 124 58 EN
1651 1808 475 60 ÉCRIVANT
2169 1808 353 58 ARIANE
2573 1808 56 58 A

386 1904 302 58 NAXOS
726 1904 117 58 ET
879 1904 109 58 LE
1026 1901 523 61 BOURGEOIS
1587 1899 727 61 GENTILHOMME

480 2086 72 49 On
708 2087 88 47 sait
965 2105 79 44 que
1200 2084 85 49 M.
1435 2084 212 47 Richard
1938 2083 192 60 Strauss,
2390 2083 124 62 après

78 2158 210 49 VOrient
550 2157 203 59 hébreux,
1031 2157 100 62 puis
1282 2158 110 44 dans
1555 2157 44 45 la
1703 2155 137 47 Grèce
1859 2155 69 46 des
1357 2153 1047 61 Atrides,s'est

67 2229 368 48 Rosenkavalier
860 2228 194 48 viennois
1301 2226 143 47 touche
1643 2247 26 26 a
1754 2238 122 34 notre
2047 2225 204 50 XVIII*
2512 2225 125 60 siècle,

78 2304 37 46 le
227 2303 98 62 plus
480 2300 211 66 français
980 2300 74 64 qui
1209 2318 38 28 se
1356 2299 141 63 puisse
1716 2299 116 47 voir.
2034 2298 47 45 Il
2197 2309 85 34 met
2448 2315 49 27 en
2629 2315 8 27 m
1977 2295 260 62 Bourgeois
2264 2293 368 49 Gentilhomme

73 2393 50 28 en
232 2374 37 46 le
340 2383 199 53 prenant
774 2383 115 52 pour
1051 2373 130 45 cadre
1362 2383 41 34 et
1488 2381 111 52 pour
1747 2371 201 61 prétexte
2199 2369 117 47 d'un
2489 2370 128 62 opéra
1660 2367 212 46 Ariadne
1900 2367 87 46 auf
2009 2367 178 46 Naxos.

65 2463 140 29 verra
247 2445 37 46 le
321 2444 71 59 feu
424 2445 52 44 de
503 2445 43 44 la
575 2453 151 53 rampe
753 2461 25 28 a
807 2442 230 61 Stuttgart
1065 2441 36 46 le
1130 2451 61 49 25
1221 2441 53 46 de
1312 2459 40 27 ce
1384 2440 114 46 mois.
1529 2439 217 45 L'œuvre
1770 2440 52 44 de
1849 2437 214 61 Molière,
2093 2436 117 48 ainsi
2236 2435 271 62 modernisée,
2535 2454 100 28 nous

78 2521 171 42 réserve
470 2515 92 45 bien
706 2516 68 44 des
891 2514 209 62 surprises
1338 2535 17 36 ;
1450 2533 51 26 ne
1616 2512 204 47 serait-ce
2074 2530 77 44 que
2283 2512 43 46 la
2425 2511 101 46 mise

77 2587 50 47 Il
222 2586 164 63 parait
621 2605 77 44 que
853 2585 37 47 F
894 2586 119 46 élève
1249 2585 216 59 musicien,
1752 2585 77 62 qui
1971 2583 258 63 impatiente
2533 2582 35 47 si

78 2658 186 60 Salomé,
504 2668 39 36 et
635 2676 78 45 que
842 2675 98 29 nous
1092 2675 180 28 verrons
1509 2656 175 47 Strauss
1910 2665 204 52 composer
2368 2672 47 29 sa
2503 2663 134 54 propr

209 2728 65 47 Le
311 2729 314 46 collaborateur
655 2728 138 65 fidèle
828 2728 58 46 du
927 2727 95 47 Dr.
1053 2726 190 61 Strauss,
1285 2736 123 35 notre
1446 2724 92 46 ami
1576 2723 140 61 Hugo
1743 2742 84 27 von
1856 2721 366 67 Hofmannsthal
2243 2740 28 28 a
2297 2719 126 49 choisi
2450 2718 181 50 S.I.M.

63 2812 116 53 pour
340 2801 133 64 faire
665 2811 113 52 part
945 2818 58 28 au
1120 2799 143 64 public
1455 2798 211 67 français
1928 2799 69 46 des
2118 2797 233 47 intentions
2631 2816 6 44 q

81 2873 175 47 théâtre
482 2872 110 47 allemand
593 2872 118 47 d'un
1282 2870 107 65 chef
1515 2869 209 48 d'oeuvre
1978 2870 52 46 de
2136 2869 43 46 la
2301 2868 182 47 comédie

67 2955 118 37 ment
203 2944 96 62 grè.

250 3082 89 59 Le
377 3081 335 80 Bourgeois
749 3079 476 61 Gentilhomme
1261 3077 72 60 de
1373 3075 273 60 Molière
1674 3090 83 45 est
1787 3096 81 37 un
1897 3075 74 58 de
1997 3095 97 38 ces
2128 3071 169 61 chefs
2331 3071 304 60 d'œuvres

67 3175 111 81 qui
214 3193 152 39 nous
399 3173 241 58 laissent
666 3173 54 56 le
748 3171 286 59 souvenir
1069 3170 145 59 d'un
1247 3188 377 62 personnage
1657 3165 396 72 inoubliable,
2090 3165 203 81 plutôt
2329 3184 119 60 que
2475 3162 159 59 celui

67 3265 182 59 d'une
313 3263 204 58 action
585 3263 212 58 suivie.
870 3262 164 58 C'est
1101 3282 119 37 une
1285 3255 519 74 comédie-ballet,
1870 3254 188 61 écrite
2126 3276 155 59 pour
2344 3254 56 57 la
2465 3273 166 38 cour.

68 3353 352 62 L'élément
453 3352 440 82 impérissable,
918 3353 57 57 la
1020 3349 280 61 comédie
1337 3349 72 59 de
1445 3345 324 75 caractère,
1798 3368 151 37 nous
1982 3348 84 57 les
2100 3345 226 59 devons
2359 3343 32 58 à
2417 3344 55 57 la
2507 3363 97 38 sur-

68 3444 355 63 abondance
444 3444 82 59 du
555 3443 199 81 génie,
777 3443 224 81 auquel
1026 3465 75 37 on
1134 3442 226 58 n'avait
1385 3462 155 60 pour
1567 3439 151 59 ainsi
1754 3438 127 60 dire
1905 3434 298 62 demandé
2232 3436 191 81 qu'un
2451 3432 184 61 décor

70 3559 156 62 pour
260 3557 84 37 un
379 3535 489 59 divertissement
904 3535 72 57 de
1012 3533 178 59 danse
1225 3547 59 43 et
1321 3532 72 58 de
1427 3532 306 80 musique.

252 3629 88 58 La
377 3625 173 84 pièce
585 3646 57 38 se
693 3626 283 70 termine,
1013 3645 247 38 comme
1295 3644 80 38 on
1417 3623 53 59 le
1506 3622 132 71 sait,
1675 3641 107 61 par
1817 3641 81 37 un
1935 3617 191 83 grand
2173 3617 203 71 ballet,
2411 3616 225 81 auquel
