2888 3960
269 172 102 69 66

1364 173 63 70 S.
1497 173 53 71 I.
1622 173 107 69 M.

262 322 64 47 lui
351 321 75 64 qui
452 320 223 61 organisa,
706 319 102 48 Fan
835 321 195 62 dernier,
1059 323 45 46 la
1131 323 105 46 belle
1263 323 325 65 manifestation
1615 325 69 45 des
1709 323 114 48 Arts
1848 324 170 47 anciens
2043 325 58 46 du
2129 323 240 60 Hainaut,
2399 343 27 27 a
2468 321 300 64 FExposition
2795 322 52 45 de

265 392 241 49 Charleroi
529 392 80 57 ;il
630 404 59 34 est
716 391 141 47 Vâme
882 394 52 46 de
962 394 43 46 la
1035 393 154 48 Société
1226 396 71 45 des
1334 395 129 47 Amis
1499 397 53 45 de
1590 396 139 46 FArt
1759 396 186 48 Wallon
1971 397 94 57 ;il
2096 396 127 48 vient
2259 397 52 45 de
2340 395 179 63 publier
2556 413 81 27 une
2676 393 168 47 Lettre

261 477 196 36 ouverte
498 483 60 27 au
600 464 110 60 Roi,
751 465 245 47 réclamant
1035 467 44 46 la
1117 467 249 62 séparation
1408 467 372 48 administrative
1816 470 52 44 de
1907 469 199 46 Flandre
2131 480 42 35 et
2204 467 242 48 Wallonie.
2480 466 121 47 Cest
2626 484 54 45 qu
2702 465 119 46 inter-

263 536 298 61 nationaliste,
601 536 133 66 'Jules
768 536 185 47 Destrée
990 538 115 46 aime
1135 539 331 64 profondément
1505 557 69 28 son
1613 539 60 47 sol
1707 541 142 47 natal.
1987 539 121 48 Avec
2147 539 161 61 raison,
2348 558 80 27 car
2467 539 36 46 le
2542 536 216 64 triomphe
2795 538 51 45 de

263 608 254 48 Vindividu
547 607 176 63 affirme
751 607 38 46 F
794 626 106 28 essor
926 608 201 50 humain.
1157 611 49 46 Il
1228 629 70 45 ny
1326 630 27 28 a
1372 621 84 52 pas
1480 611 129 46 d'art
1634 611 127 62 belge,
1791 630 99 28 nous
1915 612 193 46 voulions
2135 612 206 47 Vétablir
2365 629 13 29 :
2411 611 111 46 mais
2547 610 40 46 il
2608 609 132 47 existe
2766 627 81 27 une

261 680 237 64 expression
527 680 237 60 wallonne,
793 698 81 28 une
900 682 236 61 expression
1150 684 250 64 flamande.
1525 682 133 66 fuies
1684 683 184 47 Destrée
1893 686 170 45 observe
2089 703 78 44 que
2193 702 99 28 nous
2310 701 171 28 sommes
2500 682 175 62 injustes
2695 681 153 63 quand

263 771 100 28 nous
381 752 182 62 parlons
589 752 58 45 du
667 760 85 53 peu
779 753 51 45 de
856 759 125 40 succès
1007 755 70 44 des
1101 773 175 27 œuvres
1303 754 183 64 lyriques
1513 755 347 62 représentées....
1887 756 51 45 Il
1956 757 150 45 semble
2129 755 139 47 croire
2293 774 78 44 que
2397 773 101 27 nous
2524 764 188 52 prenons
2730 762 115 52 pour

263 827 76 45 but
364 826 51 45 de
442 825 36 45 le
504 823 102 47 voir
646 823 311 63 triompher....
986 825 93 47 Pas
1111 825 282 62 précisément
1416 826 17 47 !
1474 825 125 47 Nous
1635 826 194 47 estimons
1867 827 113 46 aussi
2018 846 78 44 que
2134 828 37 45 le
2207 837 126 36 succès
2371 845 51 27 ne
2460 844 164 28 mesure
2654 824 128 63 point
2808 825 36 45 le

264 896 170 47 mérite.
466 894 64 47 Le
556 897 91 59 but,
758 900 116 59 faut
899 915 50 27 en
976 897 165 64 définir
1167 916 75 43 un,
1270 910 58 33 est
1352 900 52 44 de
1430 898 115 46 tirer
1570 898 192 63 quelques
1787 900 168 45 beautés
1978 901 52 44 de
2056 898 200 61 Fombre,
2278 908 114 52 pour
2419 898 54 46 les
2484 898 213 63 fécondes,
2729 905 117 53 pour

262 969 55 46 les
332 986 186 46 joyeuses
543 967 298 47 communions.
875 969 205 45 Combien
1106 970 52 45 de
1175 979 131 52 pages
1319 969 304 64 frémissantes
1651 988 49 28 ne
1724 971 212 45 sont-elles
1954 980 83 52 pas
2062 976 208 40 menacées
2295 971 59 45 du
2380 969 148 47 silence
2554 970 68 44 des
2649 969 152 45 tombes
2818 966 26 48 ?

266 1040 169 61 Certes,
476 1039 44 47 la
551 1039 289 62 publication,
881 1040 37 46 le
954 1041 125 45 succès
1116 1040 237 63 importent
1385 1050 82 52 peu
1506 1060 57 27 au
1608 1042 215 46 créateur.
1863 1040 235 64 Uégoïsme
2122 1041 233 46 souverain
2383 1042 51 45 de
2460 1040 203 47 Vartiste
2689 1051 156 35 trouve

263 1123 115 35 toute
402 1110 269 66 satisfaction
699 1129 47 28 en
774 1111 230 48 soi-même.
1032 1110 139 48 Mais
1197 1112 41 46 il
1258 1124 156 34 ressent
1441 1113 36 46 le
1504 1113 183 46 naturel
1706 1113 115 46 désir
1846 1114 52 45 de
1922 1132 38 27 se
1978 1114 249 62 perpétuer,
2254 1114 51 45 de
2329 1131 39 28 se
2404 1112 216 46 survivre
2659 1112 110 45 dans
2808 1110 36 46 le

249 1183 166 66 frisson
461 1185 67 44 des
572 1182 275 64 sympathies.
897 1181 92 47 Nos
1034 1185 121 44 rêves
1199 1182 38 48 V
1242 1183 246 46 étendirent
1529 1203 26 27 a
1599 1183 38 47 F
1642 1183 278 49 humanité...
2123 1184 27 46 à
2188 1186 69 44 des
2293 1183 234 47 conditions
2568 1181 274 61 matérielles,

249 1255 289 66 fatalement,
567 1273 77 44 que
670 1273 99 27 nous
796 1255 54 45 les
877 1254 267 47 réaliserons.
1175 1254 71 47 La
1274 1256 123 58 lutte,
1419 1265 114 52 pour
1557 1256 105 60 cela,
1691 1274 99 28 nous
1814 1256 148 46 semble
1990 1255 240 62 légitime...

266 1366 193 63 Réponse
479 1367 51 45 de
558 1364 77 48 M.
666 1361 268 64 Sylvain.
960 1362 263 59 Dupuis,
1251 1366 149 46 ancien
1427 1364 384 63 chef-d*orchestre
1835 1368 58 44 du
1927 1364 199 49 Théâtre
2162 1367 52 45 de
2253 1366 44 46 la
2336 1364 244 61 Monnaie,
2620 1364 221 46 directeur

407 1440 57 44 du
496 1437 341 47 Conservatoire
859 1437 152 63 Royal
1031 1438 51 44 de
1108 1435 147 63 Liège.

837 1573 131 48 Cher
998 1573 270 61 Monsieur,

407 1686 71 47 Le
499 1686 108 64 jour
635 1685 78 60 où,
742 1684 64 47 les
831 1701 90 30 uns
948 1701 165 28 envers
1151 1683 66 46 les
1254 1696 171 48 autres,
1465 1682 64 47 les
1567 1686 341 59 compositeurs
1954 1684 156 63 belges
2154 1696 174 35 auront
2372 1701 95 30 une
2513 1682 103 63 plus
2660 1684 177 62 grande

263 1756 358 60 bienveillance,
650 1756 41 46 le
720 1755 159 62 public
906 1772 113 30 aura
1045 1754 103 62 plus
1176 1755 56 46 de
1259 1754 221 47 curiosité
1505 1756 335 63 sympathique
1866 1767 47 35 et
1939 1755 65 47 les
2030 1756 258 46 directeurs
2315 1755 56 46 de
2412 1755 182 47 théâtre
2635 1754 104 62 plus
2778 1756 57 46 de

262 1829 263 48 confiance.

407 1900 158 60 Alors,
609 1916 61 29 on
712 1916 100 29 sera
856 1896 178 47 étonné
1080 1897 56 46 de
1181 1909 237 34 constater
1463 1915 90 44 que
1599 1915 85 29 nos
1729 1898 253 47 musiciens
2020 1900 278 58 nationaux,
2338 1899 78 61 qui
2456 1898 58 46 de
2548 1909 108 35 tout
2682 1911 154 48 temps

261 1971 269 49 donnèrent
558 1971 78 45 des
663 1987 198 44 preuves
888 1969 55 46 de
971 1968 180 47 vitalité
1179 1969 115 46 dans
1320 1968 65 47 les
1412 1967 243 48 différents
1682 1969 245 47 domaines
1954 1970 55 46 de
2037 1968 101 48 leur
2165 1982 86 48 art,
2293 1970 228 46 méritent
2560 1969 56 46 de
2656 1970 177 46 retenir

261 2044 292 47 l'attention.

405 2115 105 46 Nos
536 2113 341 61 compositeurs
903 2123 85 34 ont
1015 2111 190 61 produit
1232 2123 46 33 et
1305 2111 280 61 produiront
1612 2129 170 29 encore
1811 2112 78 46 des
1915 2130 185 29 œuvres
2127 2112 56 46 de
2212 2113 142 45 haute
2394 2112 175 61 valeur,
2611 2113 118 46 mais
2767 2130 65 29 un

262 2187 181 47 théâtre
471 2185 185 64 lyrique
682 2184 236 46 vraiment
948 2182 133 63 belge
1110 2200 59 28 ne
1197 2199 170 44 pourra
1392 2199 47 30 se
1465 2183 209 46 soutenir
1702 2201 89 44 que
1819 2200 80 44 par
1926 2182 386 48 l'enthousiasme
2340 2184 80 46 des
2446 2182 184 64 Belges.

406 2257 208 64 Croyez,
644 2255 130 48 Cher
803 2253 270 61 Monsieur,
1102 2253 25 47 à
1155 2253 280 47 l'assurance
1463 2255 57 45 de
1548 2271 100 29 mes
1675 2253 239 48 meilleurs
1938 2256 296 45 sentiments.

2213 2338 219 48 SYLVAIN
2474 2338 213 49 DUPUIS.

404 2450 217 47 Œuvres
647 2450 56 45 de
732 2448 190 65 Sylvain
952 2447 206 63 Dupuis,
1190 2465 116 44 pour
1334 2447 42 47 le
1404 2448 197 47 théâtre.

406 2549 122 45 Cour
553 2545 229 63 d'Oignon
811 2563 10 29 :
852 2544 154 62 opéra.

402 2618 175 48 Moïna
603 2635 10 30 :
643 2617 155 62 opéra.

261 2731 194 62 Réponse
480 2731 51 44 de
559 2727 78 48 M.
668 2723 510 64 Dwelshauvers,
1212 2727 184 63 critique
1421 2727 151 62 d'*art,
1602 2727 503 65 Directeur-fondateur
2129 2729 52 44 de
2208 2728 43 45 la
2280 2726 154 47 Société
2460 2726 141 61 Bach,
2630 2727 27 46 à
2684 2728 146 63 Liège.

403 2827 39 47 I.
568 2826 276 60 Beaucoup,
871 2827 35 45 si
934 2825 100 47 l'on
1063 2843 221 43 compare
1311 2825 44 46 la
1381 2825 285 61 production
1706 2825 296 63 dramatique
2040 2825 26 47 à
2105 2825 117 47 celle
2269 2826 55 45 de
2366 2824 42 48 la
2447 2826 213 64 musique
2700 2846 132 44 pure.

258 2902 258 58 Beaucoup
546 2910 120 49 trop,
694 2898 34 45 si
758 2895 98 47 l'on
884 2914 220 44 compare
1132 2895 174 47 l'effort
1333 2897 25 46 à
1385 2914 69 30 ses
1482 2896 233 48 résultats.

401 2970 64 47 11.
591 2969 218 63 J'estime
837 2985 91 45 que
956 2967 42 46 le
1026 2966 286 63 qualificatif
1386 2968 133 63 belge
1613 2985 59 29 ne
1710 2967 261 64 s'applique
2010 2968 142 62 guère
2193 2968 109 63 qu'à
2341 2986 86 29 nos
2481 2972 348 61 timbres-poste

257 3062 94 29 aux
391 3040 289 63 déplorables
719 3041 234 61 vignettes
978 3052 47 33 et
1051 3039 26 46 à
1103 3039 43 46 la
1172 3039 128 47 dette
1328 3041 252 45 nationale.
1611 3039 78 47 En
1717 3040 168 46 dehors
1912 3040 55 46 de
1994 3039 459 65 l'Administration,
2477 3043 47 62 je
2554 3060 59 29 ne
2639 3045 191 59 conçois

259 3133 80 46 pas
365 3114 105 63 plus
496 3112 43 46 la
567 3111 230 63 Belgique
823 3128 91 44 que
941 3110 289 48 l'Autriche.

400 3185 91 60 111.
520 3182 71 47 IV
619 3195 47 34 et
693 3183 65 47 V.
883 3181 93 48 Ces
1002 3183 112 45 trois
1139 3182 242 62 questions
1405 3181 311 63 s'équivalent
1755 3199 210 44 presque.
2007 3181 128 48 Elles
2174 3182 214 49 dérivent
2427 3184 144 48 d'une
2611 3187 216 60 question

257 3259 105 62 plus
405 3267 127 36 vaste
562 3273 10 29 :
616 3253 222 63 Pourquoi
877 3253 54 46 les
960 3262 179 54 progrès
1176 3255 68 44 des
1275 3252 181 48 Sciences
1490 3264 41 35 et
1563 3255 67 44 des
1668 3252 128 61 Arts,
1830 3253 172 47 réalisés
2039 3273 48 26 en
2124 3254 224 64 Belgique,
2390 3275 26 27 n
2437 3257 151 46 ont-ils
2621 3258 132 60 guère
2778 3259 50 45 de

249 3328 297 66 pénétration,
576 3326 47 46 ni
648 3325 103 46 chez
774 3342 114 42 nous,
918 3324 47 46 ni
991 3344 28 26 a
1047 3324 37 46 F
1087 3330 211 56 étranger
1325 3323 26 47 ?

401 3400 140 48 Chez
569 3413 134 44 nous,
731 3396 100 47 cela
856 3412 47 29 se
931 3396 261 61 comprend
1219 3413 80 44 par
1326 3395 43 46 le
1397 3413 92 44 peu
1517 3394 285 48 d'attention
1831 3408 46 34 et
1904 3396 56 46 de
1988 3408 182 51 respect
2197 3415 90 45 que
2316 3398 43 47 la
2387 3417 146 29 masse
2561 3400 62 46 du
2650 3400 174 61 public,

258 3474 57 46 de
343 3472 43 47 la
414 3469 293 64 bourgeoisie
734 3478 202 50 surtout,
964 3467 158 46 donne
1149 3485 93 29 aux
1270 3468 163 46 choses
1459 3466 378 48 intellectuelles.

398 3544 48 45 A
474 3542 269 61 l'étranger,
772 3538 100 48 cela
897 3555 46 30 se
971 3539 263 60 comprend
1261 3556 188 30 encore.
1491 3539 153 46 Notre
1684 3537 110 48 élite
1831 3539 154 46 forme
2024 3556 118 44 pour
2183 3540 65 47 les
2288 3541 193 62 peuples
2521 3542 171 46 voisins
2731 3560 92 29 une

254 3631 326 33 concurrence
607 3629 67 30 un
702 3629 91 44 peu
820 3610 222 63 gênante.
1073 3610 93 47 Ces
1193 3609 192 62 peuples
1412 3627 119 30 nous
1563 3610 239 63 ignorent,
1841 3610 26 47 à
1906 3612 155 45 moins
2098 3629 92 44 que
2230 3629 120 30 nous
2389 3631 119 29 nous
2547 3613 278 47 assimilions
