2281 3848
127 229 84 39 474

816 228 325 27 PUBLICATIONS
1174 227 260 29 NOUVELLES

131 326 144 33 ments
299 319 203 40 annuels.
541 317 94 42 Son
659 319 137 40 crédit
817 321 105 38 était
943 321 35 38 si
1000 319 160 50 grand,
1185 317 129 54 qu'en
1341 322 117 44 1821,
1479 318 181 51 lorsque
1681 316 64 42 fut
1768 318 101 51 joué
1888 330 54 28 en
1964 318 171 49 grande

136 400 162 39 pompe
318 399 82 27 son
423 390 133 47 opéra
579 385 199 55 Olympia
785 418 8 17 ,
820 386 38 40 le
882 385 235 41 Président
1146 387 56 39 du
1244 400 20 25 «
1299 386 183 49 Collège
1524 386 52 40 de
1619 386 39 39 la
1683 399 185 27 censure
1891 398 40 39 »,
1957 385 113 40 dans
2090 398 48 26 ce

131 468 214 38 royaume
370 459 21 35 à
416 455 38 39 la
474 456 211 50 Spartiate
709 461 56 34 où
807 463 94 32 tout
924 468 47 26 se
991 454 148 41 faisait
1159 456 348 47 militairement,
1535 456 128 49 signa
1677 469 59 25 un
1750 454 138 40 ukase
1905 456 77 50 qui
2004 454 111 40 inter-

131 524 132 40 disait
285 522 328 42 formellement
637 538 83 26 aux
743 525 218 51 journaux
985 522 249 42 d'adresser
1251 525 40 39 la
1310 524 202 40 moindre
1527 525 188 49 critique
1732 527 21 36 à
1781 520 249 55 Spontini(!
2051 520 84 54 !)...

131 592 147 50 (Cette
301 606 176 27 mesure
499 593 124 39 irrita
647 591 228 42 d'ailleurs
893 593 40 39 le
952 591 151 53 public
1129 606 9 34 ;
1164 600 111 33 cette
1299 598 140 35 année
1458 596 161 44 même,
1641 592 29 40 il
1695 590 48 42 fit
1766 592 85 40 fête
1875 596 21 35 à
1921 606 59 26 un
2002 595 133 48 opéra

132 663 75 50 qui
230 663 94 38 vint
348 670 157 31 mettre
525 659 59 42 fin
609 675 56 26 au
688 666 137 46 règne
848 661 58 40 du
931 669 194 32 maestro
1150 661 153 41 italien
1331 677 7 24 :
1364 661 40 40 le
1426 661 242 40 Freischùtz
1688 661 52 40 de
1763 660 205 50 Weber.)

186 729 70 42 Un
274 729 77 40 des
372 731 214 51 premiers
605 738 116 32 actes
741 730 54 40 de
820 728 226 53 Spontini,
1066 743 86 27 une
1171 729 83 41 fois
1278 729 177 41 installé
1479 734 21 35 à
1518 730 168 47 Berlin,
1699 728 65 42 fut
1783 729 39 40 la
1838 730 300 51 composition

132 799 59 40 du
219 798 133 40 chant
392 796 283 54 aujourd'hui
719 799 230 51 populaire
972 797 96 41 who
1105 798 53 40 ist
1195 799 76 39 das
1320 797 107 40 Volk
1432 829 10 17 ,
1479 808 138 39 etc...,
1663 812 75 27 sur
1778 798 78 41 des
1888 798 177 52 paroles

132 866 251 53 pitoyables
477 867 54 40 de
553 865 51 42 L.
637 867 184 40 Dunker
845 865 133 54 (mort
1000 880 54 27 en
1084 867 135 50 1842).
1256 866 72 42 Un
1350 867 146 40 décret
1525 867 176 41 conféra
1742 867 38 41 le
1815 868 100 40 titre
1938 866 156 41 officiel
2117 870 22 36 à

134 945 109 31 cette
263 936 217 49 chanson,
515 936 185 40 chantée
732 936 39 40 le
795 950 17 35 3
852 941 103 35 août
1000 939 118 47 1820,
1160 949 114 38 pour
1301 936 40 40 la
1374 934 85 42 fête
1494 936 54 40 de
1590 934 363 42 Fr.-Guillaume
1991 934 73 50 111,
2100 943 40 32 et

134 1006 172 51 depuis,
334 1009 205 36 exécutée
568 1004 112 41 dans
712 1013 142 32 toutes
896 1005 63 40 les
999 1006 273 38 cérémonies
1315 1003 225 42 officielles
1570 1002 76 54 (1).
1684 1002 63 42 Le
1786 1013 113 33 texte
1929 1005 213 40 littéraire

134 1074 193 50 original
354 1074 116 40 avait
491 1075 101 51 cinq
625 1073 204 52 strophes
848 1088 8 33 ;
884 1073 38 41 le
944 1074 203 40 mauvais
1171 1079 129 45 poète
1324 1072 52 41 C.
1404 1072 72 40 Al.
1505 1072 212 43 Herklots
2038 1087 27 38 y
2088 1086 55 27 en

134 1143 146 51 ajouta
317 1143 99 51 plus
437 1143 95 40 tard
551 1150 168 44 quatre.

190 1211 109 40 Bien
320 1209 106 54 qu'il
450 1216 74 35 eût
546 1211 40 39 la
609 1209 227 42 confiance
866 1219 41 32 et
931 1209 167 54 l'appui
1126 1211 57 40 du
1207 1213 257 46 souverain,
1489 1209 209 53 Spontini
1736 1211 150 40 devint
1908 1210 171 41 bientôt
2103 1210 38 39 la

135 1279 98 41 bête
256 1281 125 38 noire
409 1280 78 39 des
507 1279 222 41 Berlinois
753 1293 7 29 ;
785 1292 56 27 on
865 1279 40 40 le
924 1279 207 40 détestait
1162 1279 336 41 cordialement.
1521 1278 69 42 En
1622 1282 96 46 1841
1748 1276 40 55 (2
1819 1277 126 54 avril)
1973 1291 172 28 comme

134 1348 30 40 il
198 1348 122 40 allait
352 1348 182 50 diriger,
557 1362 55 26 au
637 1349 191 51 pupitre,
850 1361 87 27 une
973 1349 231 39 exécution
1226 1348 54 40 de
1302 1347 101 40 Don
1435 1346 115 41 Juan
1558 1379 10 16 ,
1606 1348 30 39 il
1663 1346 65 42 fut
1756 1347 125 51 sifflé,
1916 1347 151 50 obligé
2092 1350 53 38 de

138 1418 150 51 partir,
311 1425 40 31 et
369 1430 80 27 son
473 1416 165 52 hymne
658 1417 202 51 disparut
879 1430 104 27 avec
997 1417 78 48 lui,
1164 1430 113 38 pour
1300 1430 86 27 une
1407 1418 220 39 trentaine
1650 1415 212 42 d'années
1879 1416 263 40 seulement.

191 1484 205 53 Lorsque
413 1482 211 54 l'Empire
640 1484 65 41 fut
724 1486 226 50 proclamé
971 1484 74 52 (on
1067 1488 83 38 sait
1168 1492 72 41 où,
1274 1486 39 39 le
1350 1489 46 36 18
1438 1486 171 51 janvier
1647 1482 140 55 1871),
1830 1498 58 28 on
1907 1493 73 33 eut
2018 1482 129 42 l'idée

137 1567 122 27 assez
282 1566 253 38 saugrenue
557 1554 54 39 de
633 1554 263 40 ressusciter
918 1552 195 53 l'hymne
1137 1554 52 39 de
1214 1552 227 53 Spontini.
1479 1552 62 42 Le
1564 1562 92 32 mot
1692 1552 210 41 Borussia
1945 1551 200 53 (Prusse)

136 1622 65 41 fut
222 1622 221 52 remplacé
466 1636 79 38 par
570 1620 231 42 Germania
809 1653 9 17 ,
844 1630 40 32 et
904 1622 39 40 le
966 1630 93 32 mot
1075 1621 155 53 Kônig
1244 1621 125 51 (Roi)
1387 1636 78 38 par
1488 1622 38 40 le
1543 1630 92 32 mot
1655 1621 157 41 Kaiser
1843 1621 300 53 (Empereur).

138 1691 118 41 Avec
280 1703 46 28 ce
347 1691 339 50 dérangement,
729 1690 195 53 l'hymne
969 1698 118 43 reçut
1122 1695 22 34 à
1187 1689 151 41 Berlin
1371 1705 59 26 un
1473 1690 166 41 accueil
1672 1690 324 47 enthousiaste,
2036 1691 113 39 mais

139 1773 112 40 pour
273 1759 77 40 des
374 1761 191 48 raisons,
592 1772 55 28 on
665 1759 38 40 le
727 1759 173 49 devine,
928 1761 74 50 qui
1027 1756 210 44 n'étaient
1273 1772 79 39 pas
1374 1767 145 32 toutes
1551 1757 173 42 d'ordre
1746 1759 209 40 musical.

196 1828 74 41 VI.
288 1852 46 5 —
358 1827 88 42 Les
465 1841 110 40 pays
590 1828 312 51 Scandinaves,
928 1827 103 42 bien
1055 1825 213 55 qu'ayant
1285 1842 60 27 un
1377 1841 265 38 monarque,
1688 1836 76 33 ont
1787 1832 68 37 été
1895 1828 255 52 longtemps

141 1899 144 51 privés
303 1895 234 54 d'hymnes
557 1898 264 39 nationaux.

197 1965 221 53 L'hymne
442 1966 197 50 suédois,
657 1978 152 28 œuvre
831 1965 58 41 du
913 1967 219 39 musicien
1155 1963 107 43 Otto
1283 1964 229 41 Lindblad
1537 1963 294 55 (1809-1864),
1856 1973 65 32 est
1941 1966 53 40 de
2016 1968 100 48 1848
2142 1980 10 34 ;

143 2034 192 41 délaissé
370 2048 80 38 par
475 2034 39 40 le
537 2034 176 52 peuple,
738 2043 40 31 et
801 2047 55 27 en
873 2047 140 37 usage
1028 2034 248 40 seulement
1298 2034 111 40 dans
1434 2034 64 40 les
1543 2036 275 38 cérémonies
1859 2033 239 51 officielles,
2123 2034 29 39 il

144 2118 20 26 a
185 2108 67 36 été
275 2103 222 52 remplacé
519 2117 80 38 par
618 2102 176 41 levieux
816 2102 132 41 chant
977 2101 91 41 Tiel
1082 2102 181 41 svonska
1269 2102 300 54 fosterjorden
1582 2133 6 8 .
1616 2101 57 51 (A
1691 2103 38 40 la
1752 2104 142 51 patrie
1915 2103 207 40 suédoise
2139 2102 8 39 !

143 2173 152 51 poésie
316 2171 53 40 de
389 2170 217 54 Dybeck).
628 2170 132 49 Mais,
788 2175 22 35 à
835 2184 79 27 son
938 2179 114 40 tour,
1082 2171 38 40 le
1144 2170 163 41 monde
1345 2170 156 41 officiel
1525 2185 22 25 a
1581 2185 111 37 paru
1732 2171 39 40 le
1808 2171 218 40 délaisser
2047 2185 9 34 ;
2095 2185 59 26 un

144 2253 216 28 concours
380 2238 155 42 officiel
553 2253 21 26 a
600 2244 68 36 été
692 2248 154 33 ouvert
869 2252 114 39 pour
999 2239 38 40 la
1060 2239 268 52 production
1351 2239 106 41 d'un
1486 2239 167 52 hymne
1667 2239 200 42 national
1892 2255 6 25 :
1922 2240 30 40 il
1976 2237 67 43 n'a
2075 2252 80 39 pas

146 2310 148 39 donné
322 2309 52 40 de
393 2308 228 41 résultats.

203 2377 220 53 L'hymne
445 2377 199 40 national
665 2378 243 49 norvégien
1004 2377 111 40 dans
1140 2391 59 26 un
1223 2391 109 38 pays
1355 2384 56 34 où
1434 2377 30 40 il
1498 2392 29 38 y
1559 2391 22 27 a
1618 2377 78 41 des
1729 2378 87 39 airs
1840 2377 257 53 populaires
2121 2378 36 39 si

148 2447 144 39 beaux
315 2455 41 31 et
379 2448 37 38 si
437 2448 383 50 caractéristiques
915 2444 69 42 n'a
1013 2447 94 39 rien
1124 2446 52 40 de
1200 2446 114 41 local
1338 2454 42 32 et
1399 2444 252 53 d'original,
1671 2459 173 27 comme
1880 2448 276 50 expression.

150 2514 334 53 Remarquable
506 2523 175 31 surtout
705 2529 79 37 par
806 2514 193 40 l'ardeur
1027 2515 211 40 italienne
1257 2515 53 40 de
1342 2528 83 27 son
1449 2514 190 52 rythme,
1664 2514 29 40 il
1736 2523 65 32 est
1837 2512 183 43 l'œuvre
2055 2512 106 43 d'un

153 2592 216 39 amateur,
393 2582 230 41 Christian
644 2582 129 41 Blom
803 2581 300 55 (1787-1861),
1131 2585 75 51 qui
1230 2582 152 42 n'était
1407 2596 85 39 que
1510 2588 87 36 très
1620 2596 86 39 peu
1727 2585 232 39 musicien.
1986 2582 32 42 Il
2044 2584 115 49 date,

151 2665 114 39 pour
287 2652 63 40 les
374 2652 174 52 paroles
568 2660 41 32 et
632 2652 40 40 la
698 2652 209 50 mélodie,
932 2652 54 40 de
1018 2655 116 37 1820.

209 2719 229 51 L'origine
456 2719 54 41 de
534 2718 194 52 l'hymne
751 2720 199 40 national
971 2720 160 41 danois
1155 2728 201 33 remonte
1392 2733 111 40 pour
1524 2720 63 41 les
1626 2720 178 52 paroles
1844 2725 21 36 à
1904 2721 39 40 la
1982 2722 182 39 victoire

154 2789 159 41 navale
336 2792 248 49 remportée
607 2802 54 27 en
683 2792 102 47 1644
808 2803 80 37 par
910 2787 229 42 Christian
1157 2788 58 41 IV
1229 2803 76 26 sur
1324 2789 40 40 la
1386 2787 148 43 Suède
1554 2803 75 27 sur
1649 2789 78 41 des
1750 2789 178 52 paroles
1944 2790 54 39 de
2016 2789 148 54 Johan

154 2857 158 42 Ewald
344 2857 284 52 (1743-1791)
653 2868 9 39 ;
688 2857 39 40 le
768 2859 300 50 compositeur
1107 2857 147 54 Johan
1281 2857 248 42 Hartmann
1571 2859 279 50 (1729-1793)
1891 2859 152 40 écrivit
2079 2872 85 27 une

157 2926 193 41 mélodie
369 2937 10 38 ;
404 2924 29 42 1'
449 2939 19 24 «
491 2926 165 52 hymne
674 2939 20 24 »
707 2925 65 41 fut
792 2930 177 36 exécuté
983 2939 113 40 pour
1113 2926 40 40 la
1174 2928 217 51 première
1413 2925 85 43 fois
1512 2940 56 28 au
1587 2926 168 42 théâtre
1769 2927 54 41 de
1839 2926 324 53 Copenhague,

158 2996 39 40 le
222 3010 17 35 3
266 2996 169 50 janvier
461 2998 118 48 1780,
606 3003 41 32 et
668 2994 148 42 devint
840 3003 95 33 tout
952 2995 54 40 de
1029 2996 113 40 suite
1169 3008 19 25 «
1213 2996 198 40 national
1432 3008 38 28 ».

217 3062 96 42 VII.
416 3064 61 39 La
513 3062 220 42 Hollande
756 3064 192 52 possède
971 3064 111 40 deux
1101 3064 188 52 hymnes
1310 3066 242 39 nationaux
1580 3076 7 27 :
1614 3062 91 43 l'un
1723 3078 114 39 pour
1859 3066 39 40 le
1919 3066 241 40 souverain

160 3131 157 42 l'autre
350 3145 111 39 pour
484 3132 38 40 le
555 3132 179 52 peuple.
766 3131 128 42 Celui
915 3134 76 50 qui
1016 3147 22 25 a
1056 3146 110 38 pour
1188 3133 118 53 objet
1348 3146 19 24 «
1393 3131 258 43 Guillaume
1691 3133 54 41 de
1766 3132 178 42 Nassau
1974 3146 20 24 »
2029 3141 66 32 est
2128 3133 38 40 le

162 3201 103 53 plus
287 3202 178 46 ancien;
492 3200 103 41 c'est
616 3215 59 26 un
698 3200 132 41 chant
853 3201 306 52 héroïque,.se
1183 3210 261 43 rapportant
1468 3206 21 36 à
1514 3201 205 53 l'époque
1742 3203 52 40 de
1818 3203 107 40 lutte
1943 3202 53 39 de
2012 3200 134 42 l'indé-

162 3270 230 53 pendance
409 3270 172 49 (contre
605 3269 40 40 la
669 3271 204 50 tyrannie
896 3270 266 52 espagnole)
1185 3287 7 32 ;
1218 3268 102 43 c'est
1340 3285 59 26 un
1420 3271 132 40 chant
1570 3271 250 52 populaire,
1845 3270 112 41 dans
2001 3270 39 41 le
2074 3273 95 38 vrai

165 3352 103 27 sens
291 3339 59 41 du
367 3347 106 32 mot.
501 3337 69 42 Au
593 3352 129 28 cours
743 3339 78 41 des
842 3339 172 49 siècles,
1041 3339 29 40 il
1089 3353 21 26 a
1136 3338 99 41 subi
1259 3339 77 41 des
1358 3337 330 43 modifications
1707 3352 123 28 assez
1855 3339 220 41 notables.
2101 3339 70 42 En

209 3513 48 42 (1)
285 3513 75 33 Elle
381 3520 54 26 est
457 3513 153 33 chantée
632 3513 97 33 aussi
751 3514 89 32 dans
867 3515 50 30 les
945 3512 131 33 écoles.
1115 3513 40 39 Je
1191 3515 32 30 la
1261 3519 168 26 retrouve
1451 3511 88 32 dans
1574 3513 32 29 le
1629 3509 215 32 Liederbuch
1866 3509 43 33 de
1933 3511 65 31 Ph.
2021 3511 113 38 Beck,
2154 3510 19 32 à

167 3563 140 41 l'usage
325 3563 62 33 des
413 3563 126 33 Ecoles
560 3563 230 41 supérieures
816 3563 43 33 de
880 3564 125 40 jeunes
1028 3562 103 40 filles,
1153 3562 164 41 Leipzig,
1343 3571 89 32 1909
1456 3560 9 42 (
1471 3560 171 31 Borussia
1649 3583 9 15 ,
1679 3565 38 26 n°
1738 3569 43 33 45
1807 3560 47 32 du
1878 3560 164 40 recueil).
