2281 3848
850 264 315 29 PUBLICATIONS
1198 264 255 30 NOUVELLES

2062 257 74 45 481

229 349 70 41 Où
331 349 283 41 allons-nous
635 355 87 36 ?...,

226 416 61 40 Ce
311 417 313 40 chromatisme
646 427 65 32 est
745 419 102 42 bien
866 428 256 42 contourné,
1145 423 99 41 bien
1280 425 188 52 pénible,
1498 438 111 39 pour
1639 427 162 39 arriver
1821 430 20 34 à
1879 440 57 25 un
1962 424 178 40 résultat

170 498 82 38 peu
276 493 71 31 net
367 485 6 38 !
399 483 98 52 Que
518 498 136 39 pense
677 487 60 39 M.
764 486 184 43 Grovlez
971 489 54 41 de
1047 490 39 41 la
1110 501 154 31 sonate
1301 493 52 39 de
1387 492 250 42 Beethoven
1659 493 151 41 dédiée
1835 497 21 35 à
1880 492 260 52 l'empereur

172 551 263 51 Alexandre,
459 553 52 38 de
532 553 39 39 la
591 551 166 44 Sonate
776 568 54 27 en
841 556 55 51 fa
905 586 43 11 ...
985 561 15 36 ?
1019 557 229 54 Pourquoi
1287 574 52 26 ne
1374 560 180 40 cherche
1580 561 64 40 t-il
1668 574 79 38 pas
1772 565 20 35 à
1817 562 144 38 imiter
1983 560 51 39 de
2059 560 80 40 tels

171 619 197 40 modèles
391 626 56 34 où
469 620 76 40 des
564 620 123 41 effets
704 623 262 48 grandioses
990 638 55 27 ou
1067 626 253 42 charmants
1346 637 97 31 sont
1467 628 187 42 obtenus
1677 642 79 38 par
1787 628 61 40 les
1872 641 181 39 moyens
2077 628 62 38 les

169 687 98 51 plus
287 688 197 51 simples,
510 691 129 47 grâce
665 694 21 35 à
710 689 39 40 la
763 690 113 41 force
890 692 56 40 du
964 695 234 39 sentiment
1213 697 73 49 qui
1300 697 144 38 anime
1467 696 37 39 le
1525 698 317 49 compositeur?
1866 694 60 40 M.
1953 694 183 42 Grovlez

169 768 68 26 me
261 759 141 47 paraît
418 755 108 40 faire
549 765 173 32 surtout
740 758 53 40 de
807 758 38 40 la
870 762 205 50 musique
1097 760 125 42 facile
1246 771 39 31 et
1317 764 261 48 décorative,
1604 772 95 42 trop
1738 763 219 52 répandue
1989 776 52 27 en
2062 776 50 38 pa-

169 823 173 50 raphes,
365 836 79 39 pas
468 837 124 26 assez
611 830 143 35 sentie.
776 825 49 53 Je
851 826 93 41 dois
978 829 193 48 signaler
1194 830 36 39 le
1252 829 166 53 scherzo
1438 834 20 36 à
1483 832 98 50 cinq
1606 839 139 43 temps
1768 842 7 36 ;
1800 831 27 39 il
1862 844 52 26 ne
1947 844 189 37 manque

167 903 79 38 pas
266 891 52 39 de
336 892 182 50 piquant
539 900 40 31 et
598 892 53 40 de
673 896 145 46 grâce.
842 893 221 50 (Durand,
1089 896 125 50 édit.)

1305 896 51 40 E.
1379 896 49 40 D.

221 1006 198 42 MENUET
438 1021 119 28 POUR
580 1009 260 49 MONSIEUR,
875 1017 139 34 FRÈRE
1039 1026 56 26 DU
1138 1012 113 47 ROY,
1293 1026 209 26 PASTICHE
1534 1026 119 28 POUR
1689 1026 259 27 ORCHESTRE
1971 1018 163 35 RÉDUIT

168 1089 118 26 POUR
303 1089 116 27 DEUX
442 1090 169 33 PIANOS,
630 1092 84 25 PAR
730 1077 156 42 RHENÉ
908 1079 148 40 BÂTON
1075 1078 164 50 (ibid.)•
1246 1103 52 3 —
1312 1079 123 41 Cette
1456 1094 146 26 œuvre
1620 1089 65 32 est
1708 1094 82 26 une
1812 1081 99 51 jolie
1933 1079 203 41 fantaisie

167 1140 207 52 d'artiste,
397 1157 59 26 un
478 1144 355 41 divertissement
855 1147 74 50 qui
950 1159 203 27 amusera
1178 1147 61 39 les
1262 1148 212 50 pianistes
1510 1153 97 35 sûrs
1630 1146 313 42 d'eux-mêmes
1970 1163 8 32 ;
2004 1148 128 45 mais,

169 1214 20 35 à
217 1223 46 27 ce
278 1223 33 24 «
337 1211 195 51 pastiche
555 1224 20 25 »
620 1214 35 38 si
694 1213 162 50 chargé
879 1214 52 39 de
965 1223 140 40 notes,
1142 1213 202 41 combien
1383 1216 38 50 je
1446 1214 255 52 préférerais
1736 1228 85 26 une
1864 1214 145 40 bonne
2042 1215 94 39 idée

166 1277 250 52 mélodique
440 1287 40 32 et
503 1279 268 53 rythmique,
797 1289 118 32 toute
939 1281 171 52 simple,
1135 1290 39 32 et
1199 1283 72 50 qui
1293 1286 174 36 convînt
1508 1284 216 38 vraiment
1743 1297 54 25 au
1821 1291 174 31 menuet
2018 1284 6 37 !

223 1392 177 41 CHANTS
418 1406 273 27 POPULAIRES
714 1408 55 25 DE
794 1409 51 24 LA
868 1394 205 41 BOHÊME.

1172 1395 120 39 Dans
1316 1396 36 39 le
1375 1396 172 40 dernier
1582 1396 204 41 fascicule
1811 1397 52 39 de
1892 1397 39 39 la
1965 1396 171 40 Rivista

166 1460 199 40 musicale
386 1460 192 52 (Turin),
618 1470 125 31 notre
764 1461 332 40 collaboratrice
1113 1461 44 40 M
1162 1467 47 17 me
1232 1461 35 40 E
1315 1461 263 54 Adaïewsky
1614 1465 160 38 traduit
1795 1472 40 31 et
1873 1463 147 51 publie
2052 1477 84 26 une

167 1529 374 39 communication
564 1528 53 39 de
638 1528 61 39 M.
728 1527 158 51 Ignace
911 1528 260 53 Vojacheck,
1192 1529 250 51 professeur
1465 1545 53 25 au
1551 1530 337 40 Conservatoire
1910 1531 52 38 de
1992 1529 142 41 Saint-

167 1595 315 51 Pétersbourg,
528 1609 75 26 sur
625 1608 19 25 <<
666 1596 38 39 le
736 1595 130 41 chant
889 1597 229 50 populaire
1155 1597 51 39 de
1237 1597 37 38 la
1301 1597 195 40 Bohême
1519 1610 36 26 ».
1581 1597 63 40 De
1666 1607 106 30 cette
1792 1599 142 46 étude,
1969 1611 137 26 accom-

167 1667 171 47 pagnée
360 1663 52 40 de
442 1663 214 40 mélodies
675 1663 83 40 fort
775 1665 329 45 intéressantes,
1130 1664 37 51 je
1184 1666 111 37 tiens
1319 1668 19 35 à
1364 1666 104 38 citer
1487 1665 37 39 le
1541 1678 187 38 passage
1756 1671 55 34 où
1835 1663 176 42 l'auteur
2035 1679 74 37 rap-

167 1730 113 51 pelle
294 1743 99 39 que,
418 1731 193 50 pendant
635 1731 266 52 longtemps,
927 1731 62 40 les
1014 1733 86 38 rois
1123 1731 53 40 de
1202 1730 192 41 Bohême
1408 1731 141 40 furent
1566 1732 61 39 les
1641 1733 255 39 souverains
1912 1732 57 40 du
1990 1730 143 41 Saint-

166 1797 178 53 Empire
381 1800 170 39 romain
584 1800 307 49 germanique,
919 1807 40 32 et
983 1812 84 38 que
1106 1799 61 40 les
1190 1799 231 40 domaines
1462 1800 52 39 de
1534 1799 37 39 la
1597 1813 221 26 couronne
1856 1800 52 39 de
1940 1799 193 40 Bohême

165 1864 160 53 furent,
348 1879 112 39 pour
483 1865 223 53 l'Europe,
731 1881 60 25 un
811 1874 144 32 centre
974 1867 53 38 de
1051 1866 213 51 politique
1287 1875 40 31 et
1350 1866 51 40 de
1421 1867 166 40 culture
1609 1876 7 40 ;
1637 1868 34 38 si
1695 1866 100 40 bien
1819 1880 84 38 que
1924 1880 18 24 «
1964 1867 38 40 le
2023 1881 81 36 peu-

164 1933 69 51 ple
256 1933 187 41 bohème
467 1934 161 51 adopta
649 1934 61 39 les
726 1934 233 39 traditions
983 1934 53 39 de
1058 1932 205 53 l'Europe
1287 1934 280 49 occidentale,
1585 1947 68 26 ses
1671 1947 178 36 mœurs,
1865 1947 66 26 ses
1955 1948 175 36 usages,

164 2014 46 27 sa
234 2001 265 40 civilisation
521 2014 37 26 ».
585 2001 126 40 Ainsi
744 2001 241 52 s'explique
1008 1999 357 53 qu'aujourd'hui
1388 2014 156 26 encore
1567 2014 18 24 «
1610 2014 54 26 on
1688 2001 157 40 chante
1879 2009 41 32 et
1940 2014 54 27 on
2016 2002 114 51 joue,

164 2081 53 27 en
236 2068 212 51 Bohême,
473 2070 77 38 des
576 2077 218 42 menuets,
833 2069 75 39 des
945 2069 257 45 écossaises,
1240 2068 75 39 des
1355 2068 267 51 polonaises,
1660 2069 76 38 des
1791 2068 265 51 tyroliennes
2091 2077 40 31 et

163 2144 147 32 autres
333 2136 213 40 mélodies
569 2150 53 26 en
640 2149 173 27 mesure
835 2137 186 38 ternaire
1039 2136 36 50 (f
1085 2136 9 49 )
1120 2139 20 35 à
1164 2137 94 38 côté
1274 2135 52 39 de
1347 2148 195 27 mesures
1561 2134 192 41 binaires
1774 2135 37 50 (f
1832 2143 39 32 et
1886 2133 43 52 f)
1947 2140 158 47 prépon-

163 2204 202 40 dérantes
388 2204 103 40 chez
514 2204 62 40 les
598 2212 144 32 autres
765 2203 181 52 peuples
969 2203 142 39 slaves
1134 2215 37 25 ».

219 2270 31 40 Il
273 2270 92 42 faut
388 2272 112 40 donc
521 2275 89 36 être
631 2272 187 50 prudent
842 2271 164 51 quand,
1030 2275 125 46 après
1180 2271 121 38 avoir
1331 2269 191 40 recueilli
1543 2282 84 27 une
1667 2268 195 41 chanson
1885 2270 241 51 populaire,

163 2352 56 26 on
237 2347 101 32 veut
367 2340 205 50 indiquer
588 2352 80 26 son
692 2340 183 48 origine.
897 2337 121 52 Trop
1040 2337 54 39 de
1123 2336 267 40 folkloristes
1414 2349 44 26 se
1481 2345 250 31 contentent
1752 2336 164 40 d'avoir
1937 2338 189 38 entendu

162 2419 84 27 une
278 2406 187 40 mélodie
489 2406 110 40 dans
623 2406 98 40 telle
744 2407 206 50 province
973 2405 52 39 de
1045 2404 178 44 France,
1247 2416 109 39 pour
1372 2405 136 38 croire
1531 2412 38 31 et
1602 2416 110 39 pour
1749 2404 92 39 dire
1877 2401 154 54 qu'elle
2055 2418 50 37 ap-

161 2476 188 48 partient
372 2478 21 35 à
426 2482 109 33 cette
552 2474 220 52 province.
800 2472 62 40 La
886 2474 204 49 musique
1128 2484 168 38 voyage
1337 2470 239 51 beaucoup.
1603 2469 95 41 Elle
1741 2483 18 24 «
1785 2470 111 47 vole,
1937 2469 123 41 selon
2091 2472 37 38 le

162 2550 90 32 mot
274 2542 57 40 du
355 2547 126 47 poète
501 2542 124 47 latin,
651 2555 73 26 sur
747 2541 61 39 les
829 2540 138 40 lèvres
990 2540 76 38 des
1088 2540 199 38 hommes
1314 2553 34 25 ».
1374 2536 85 41 Les
1482 2537 171 51 paroles
1674 2539 73 50 qui
1783 2547 345 42 accompagnent

160 2608 94 41 l'air
273 2622 53 28 ne
350 2609 195 40 suffisent
569 2613 142 36 même
734 2622 78 38 pas
832 2613 21 34 à
870 2605 262 42 l'identifier.
1160 2605 33 40 II
1217 2622 26 35 y
1264 2620 21 25 a
1322 2620 54 25 un
1404 2606 125 45 mois,
1551 2605 150 51 j'avais
1728 2605 204 46 recueilli,
1957 2606 110 38 dans
2091 2606 38 39 le

160 2675 249 52 Limousin,
431 2685 84 32 urie
538 2676 84 41 fort
645 2677 101 51 jolie
778 2676 197 40 chanson
997 2688 102 26 avec
1140 2674 171 51 paroles
1333 2686 52 26 en
1409 2674 142 50 patois
1575 2672 57 39 du
1670 2686 90 25 cru.
1783 2672 49 53 Je
1854 2672 150 39 l'avais
2032 2674 94 50 déjà

160 2743 199 53 baptisée
383 2758 19 22 «
428 2745 197 40 chanson
655 2745 57 39 du
730 2743 232 40 Limousin
990 2757 35 32 »,
1051 2739 226 53 lorsqu'un
1300 2753 166 39 paysan
1505 2738 202 52 m'apprit
1730 2739 157 51 qu'elle
1913 2741 114 38 avait
2064 2739 64 40 été

161 2812 239 41 introduite
422 2813 109 40 dans
552 2813 40 39 le
624 2825 107 38 pays
750 2825 78 38 par
858 2811 75 40 des
972 2810 255 39 ménétriers
1251 2807 238 51 savoyards
1509 2810 6 36 !
1541 2806 49 54 Je
1625 2808 90 38 suis
1738 2806 191 40 heureux
1961 2808 51 38 de
2033 2810 95 37 voir

161 2877 234 42 confirmer
416 2879 133 52 parla
572 2877 166 42 Rivista
759 2876 196 40 musicale
977 2884 39 32 et
1036 2889 78 37 par
1136 2875 62 39 les
1233 2874 291 40 déclarations
1546 2873 103 39 d'un
1689 2874 244 50 spécialiste
1955 2886 172 28 comme

162 2946 59 40 M.
249 2946 239 53 Voyachek
511 2947 74 49 (né
616 2959 52 26 en
685 2945 215 49 Bohême)
930 2956 85 28 une
1039 2942 118 50 règle
1176 2942 52 39 de
1248 2941 217 52 prudence
1506 2954 82 37 que
1609 2941 38 51 je
1668 2954 67 26 me
1755 2942 89 38 suis
1882 2942 243 40 désormais

161 3015 211 50 imposée.

471 3012 49 41 E.
547 3012 53 40 D.

212 3116 87 42 LES
326 3130 207 28 ORIGINES
570 3128 241 28 MUSICALES
838 3128 51 26 ET
928 3123 340 30 INDIVIDUELLES
1301 3124 55 25 DE
1392 3109 221 40 L'ÉPOPÉE.

1741 3109 34 40 L
1793 3114 164 48 épopée
1978 3120 65 31 est
2086 3110 38 41 la

156 3187 148 50 poésie
326 3186 238 48 narrative,
583 3190 55 34 où
668 3182 38 41 le
726 3181 281 42 merveilleux
1028 3192 46 27 se
1094 3178 176 41 mêleau
1284 3180 101 38 récit
1400 3177 75 40 des
1500 3178 166 40 actions
1689 3176 249 53 héroïques.
1964 3177 128 41 Exem-

156 3252 91 51 ples
268 3262 7 28 :
452 3250 57 52 l'lliade,
510 3251 123 40 1
870 3250 208 52 'Odyssée,
753 3250 110 39 dans
895 3248 39 40 la
957 3244 137 44 Grèce
1113 3247 195 50 antique.
1342 3243 70 41 On
1434 3257 20 27 a
1475 3257 89 34 cru,
1587 3257 54 27 au
1661 3258 67 25 xix
1731 3248 15 18 e
1769 3244 145 47 siècle,
1964 3253 40 31 et
2038 3257 66 27 cer-

156 3323 113 38 tains
292 3322 207 51 critiques
522 3319 144 40 disent
688 3330 156 28 encore
868 3330 84 38 que
985 3328 70 27 ces
1077 3314 335 52 compositions,
1439 3313 73 51 qui
1557 3321 169 42 portent
1769 3311 277 53 aujourd'hui
2088 3313 36 38 le

156 3402 101 25 nom
279 3387 102 42 d'un
404 3396 168 39 auteur,
593 3394 75 32 ont
705 3389 67 36 été
796 3389 20 35 à
838 3382 201 50 l'origine
1061 3394 258 38 anonymes,
1348 3379 262 47 collectives,
1635 3388 41 30 et
1699 3377 127 54 qu'au
1850 3379 85 39 lieu
1971 3379 53 39 de
2063 3379 61 39 les

160 3455 211 41 attribuer
390 3460 21 35 à
433 3455 54 40 tel
509 3468 56 28 ou
599 3454 55 41 tel
679 3458 141 47 poète,
846 3452 27 39 il
898 3449 91 42 faut
1009 3450 96 40 voir
1127 3462 53 26 en
1200 3449 104 39 elles
1332 3445 180 42 l'oeuvre
1534 3445 100 42 d'un
1658 3445 157 53 peuple
1845 3454 91 32 tout
1969 3449 153 44 entier,

156 3535 55 28 ou
227 3523 128 42 d'une
378 3524 139 50 partie
539 3523 58 40 du
617 3521 173 53 peuple.
810 3518 140 48 Ainsi,
973 3523 21 35 à
1017 3518 37 40 la
1079 3516 299 52 personnalité
1399 3514 250 49 d'Homère,
1672 3526 55 28 ou
1742 3514 253 40 substituait
2030 3526 19 26 «
2086 3515 37 41 le
