2281 3848
141 241 83 50 476

833 249 324 28 PUBLICATIONS
1192 246 256 29 NOUVELLES

143 339 282 52 personnelle
445 347 40 32 et
503 338 235 49 originale,
762 351 89 28 non
872 338 110 39 dans
1007 338 37 40 la
1070 337 335 41 dissimulation
1425 334 105 43 d'un
1553 337 169 51 plagiat
1743 350 56 28 ou
1825 337 110 40 dans
1961 352 57 26 un
2033 341 115 38 essai

145 408 53 40 de
222 408 255 51 tromperie.

200 474 125 42 Nous
350 484 172 32 restons
562 479 21 36 à
622 476 38 39 la
680 476 268 51 disposition
971 474 54 40 de
1047 488 105 27 ceux
1174 476 76 51 qui
1268 475 294 40 désireraient
1599 474 77 41 des
1710 475 178 52 paroles
1928 474 132 53 (nous
2097 489 51 26 ne

144 545 154 40 disons
322 558 97 39 pas,
447 544 390 40 ambitieusement
860 559 8 25 :
896 544 77 39 des
990 545 191 50 poésies)
1204 558 113 38 pour
1337 545 139 39 écrire
1497 543 54 40 de
1572 544 38 39 la
1634 545 226 50 musique.

1877 645 46 43 S.

197 795 142 42 TROIS
363 810 227 27 TABLEAUX
616 807 358 33 SYMPHONIQUES,
1005 807 55 25 DE
1094 792 51 40 C.
1173 791 324 51 SAINT-SAENS,
1522 807 275 27 TRANSCRITS
1821 803 119 31 POUR
1964 807 134 28 PIANO
2124 811 24 23 A

141 880 21 25 2
186 879 150 36 MAINS,
371 879 84 26 PAR
478 862 218 43 L'AUTEUR
719 863 121 50 (chez
873 861 221 51 Durand).

1125 885 54 2 —
1202 859 61 42 La
1290 861 163 40 lecture
1475 862 54 39 de
1548 871 109 32 cette
1679 875 152 28 œuvre
1855 860 120 53 (c'est
2008 861 139 56 Vopus

145 948 74 36 130
244 934 57 40 du
334 931 172 54 maître)
530 933 133 39 laisse
682 932 76 40 des
781 932 294 51 impressions
1098 938 249 33 autrement
1371 938 142 33 nettes
1535 944 85 38 que
1643 931 39 40 la
1703 932 177 51 plupart
1897 931 77 41 des
1999 940 148 31 autres

139 1001 299 52 publications
458 1000 245 42 nouvelles.
729 999 67 41 Au
818 1000 86 39 lieu
929 999 164 39 d'errer
1117 1002 21 35 à
1166 1000 146 38 tâtons
1343 998 112 40 dans
1497 1012 60 26 un
1594 999 135 40 chaos
1764 997 284 42 d'ébauches,
2093 999 54 40 de

139 1070 215 40 mélodies
378 1079 40 31 et
451 1070 52 40 de
541 1069 198 51 rythmes
776 1068 143 52 pleins
943 1067 52 40 de
1034 1080 224 26 crevasses
1298 1066 241 53 profondes
1578 1080 172 27 comme
1783 1068 132 40 celles
1956 1081 85 38 que
2084 1068 61 40 les

138 1139 303 52 explorateurs
465 1138 58 40 du
544 1138 100 52 pôle
675 1135 123 42 Nord
823 1137 251 39 trouvaient
1098 1139 21 35 à
1145 1134 172 52 chaque
1349 1136 168 39 instant
1540 1149 75 26 sur
1647 1136 95 40 leur
1775 1145 139 39 route,
1954 1149 56 27 on
2048 1150 21 25 a
2109 1137 37 39 le

138 1208 153 52 plaisir
309 1207 53 42 de
383 1206 202 41 marcher
609 1219 75 27 sur
705 1205 77 39 des
805 1206 122 39 voies
946 1204 180 50 solides,
1147 1203 151 50 égales
1322 1211 40 33 et
1387 1209 139 42 sûres,
1552 1203 237 53 déblayées
1810 1213 40 31 et
1867 1205 170 51 pleines
2058 1203 66 41 d'a-

138 1280 219 46 grément.
376 1274 56 41 Ici
454 1287 174 28 comme
651 1273 111 41 dans
781 1286 69 27 ses
872 1282 147 31 autres
1036 1285 234 37 ouvrages,
1288 1270 60 42 M.
1363 1271 52 41 C.
1437 1270 298 43 Saint-Saëns
1754 1274 141 39 arrive
1912 1277 21 36 à
1952 1273 38 40 la
2010 1287 107 37 gran-

141 1345 110 40 deur
268 1359 80 37 par
370 1344 77 40 des
471 1356 185 39 moyens
682 1342 182 52 simples
888 1350 40 31 et
952 1341 196 52 élégants
1172 1355 8 35 ;
1206 1341 29 40 il
1257 1349 64 32 est
1347 1341 106 40 clair
1477 1353 103 28 sans
1602 1344 91 37 être
1716 1340 151 48 banal,
1906 1342 238 51 personnel

139 1427 105 26 sans
269 1412 174 41 tomber
465 1413 111 39 dans
600 1411 63 40 les
687 1412 295 39 contorsions.
1007 1409 49 55 Je
1080 1409 86 41 n'ai
1187 1422 79 39 pas
1288 1422 104 28 sous
1416 1409 62 40 les
1497 1423 112 38 yeux
1642 1409 39 41 le
1703 1410 154 40 drame
1880 1411 53 39 de
1957 1410 159 41 Brieux
2135 1426 8 33 ;

139 1483 113 39 mais
277 1479 70 54 j'ai
368 1481 39 40 le
428 1480 154 53 plaisir
601 1493 97 27 rare
721 1479 52 40 de
797 1480 290 51 comprendre
1114 1477 370 54 (musicalement)
1521 1491 45 27 ce
1606 1478 99 53 qu'a
1746 1480 104 39 écrit
1893 1479 38 40 le
1964 1492 150 40 compo-

143 1552 151 47 siteur,
322 1562 104 28 sans
458 1548 127 41 effort
609 1557 40 31 et
673 1561 103 27 sans
802 1552 178 49 à-coup,
1005 1561 53 26 en
1083 1548 175 40 suivant
1280 1562 58 25 un
1362 1551 155 36 maître
1542 1548 76 51 qui
1648 1561 21 26 a
1710 1547 39 40 le
1773 1556 170 44 respect
1978 1548 55 40 de
2067 1561 77 28 son

142 1627 79 31 art.
249 1618 31 39 Il
301 1626 64 32 est
382 1616 126 41 facile
531 1617 53 39 de
613 1616 182 40 deviner
816 1614 129 53 qu'au
969 1624 169 43 respect
1155 1616 53 39 de
1228 1616 38 38 la
1290 1618 222 49 musique,
1539 1615 28 40 il
1592 1630 21 24 a
1635 1616 109 51 joint
1768 1616 111 40 celui
1903 1616 105 40 d'un
2032 1625 113 32 texte

138 1687 215 40 littéraire
372 1686 113 40 dans
509 1698 86 27 une
620 1686 146 39 action
790 1684 286 50 déterminée,
1100 1693 40 31 et
1170 1698 100 38 que,
1294 1697 103 27 sans
1415 1684 175 40 vouloir
1611 1686 219 50 exprimer
1853 1685 132 40 d'une
2019 1685 128 50 façon

139 1755 228 51 générale,
390 1764 240 30 —comme
646 1754 111 40 dans
774 1752 40 42 le
834 1754 182 52 prélude
1039 1754 53 39 de
1117 1751 91 41 Par
1209 1752 39 40 si
1249 1752 65 52 fail
1332 1776 44 4 —
1396 1752 38 40 la
1448 1751 288 49 sublimité,le
1761 1754 273 52 mysticisme
2046 1762 42 32 et
2110 1754 39 40 le

140 1824 181 52 lyrisme
345 1825 57 38 du
428 1825 242 38 sentiment
694 1822 230 50 religieux,
947 1821 29 40 il
1000 1823 102 38 s'est
1123 1823 198 47 astreint,
1348 1834 105 27 sans
1476 1820 219 54 abdiquer
1729 1819 224 44 d'ailleurs
1978 1835 81 28 son
2081 1825 44 38 in-

138 1891 303 53 dépendance,
469 1895 22 36 à
517 1891 195 40 illustrer
729 1905 59 26 un
809 1896 157 47 poème
990 1890 162 40 donné.

196 1959 72 42 On
291 1969 203 32 retrouva
515 1961 54 38 ici
590 1973 86 27 une
706 1960 77 39 des
809 1960 189 51 qualités
1022 1959 62 40 les
1112 1959 99 52 plus
1237 1959 305 52 personnelles
1576 1959 58 41 du
1665 1962 160 38 maître
1851 1971 7 28 :
1898 1959 39 41 la
1980 1962 167 39 variété

139 2030 113 39 dans
276 2027 258 43 l'invention
555 2028 255 53 rythmique
840 2037 40 31 et
903 2028 269 51 mélodique.

197 2098 141 52 Après
353 2111 85 28 une
456 2097 301 41 introduction
773 2098 195 49 ingénue
983 2095 123 55 (poco
1119 2094 182 55 allegro)
1320 2098 72 51 qui
1410 2102 192 45 suggère
1619 2094 126 43 l'idée
1762 2096 53 40 de
1832 2098 144 39 mains
1989 2098 160 52 jointes

142 2175 41 33 et
205 2167 53 39 de
282 2168 99 39 voix
404 2166 261 51 virginales,
693 2169 201 49 apparaît
917 2180 59 26 un
997 2163 147 43 thème
1166 2186 43 7 —
1238 2165 335 41 excellemment
1597 2167 127 39 traité
1743 2173 41 33 et
1812 2167 83 39 mis
1919 2179 54 27 en
1996 2180 151 27 œuvre

145 2236 112 40 dans
280 2236 40 40 la
345 2237 114 39 suite
482 2258 51 6 —
553 2234 162 53 auquel
740 2235 39 39 le
799 2234 38 40 si
856 2242 16 35 b
896 2244 40 30 et
960 2234 38 40 le
1009 2230 56 54 fa
1094 2234 237 40 adonnent
1364 2232 169 43 l'allure
1552 2233 104 42 d'un
1681 2236 174 39 mineur
1875 2235 187 41 oriental

205 2662 88 40 Par
315 2672 80 30 son
418 2662 172 53 rythme
612 2670 41 33 et
670 2674 46 28 sa
741 2663 122 49 ligne
889 2662 270 53 mélodique,
1186 2674 47 28 ce
1253 2662 146 41 thème
1422 2661 79 42 fait
1524 2675 165 39 songer
1707 2675 54 28 au
1778 2663 221 52 singulier
2020 2663 136 43 début

226 2744 56 27 on
306 2745 21 26 a
349 2736 77 36 osé
451 2731 36 41 le
512 2729 205 56 qualifier
736 2731 52 41 de
811 2747 18 20 «
854 2730 237 53 baroque»
1116 2733 8 38 !
1223 2731 58 41 du
1298 2730 183 55 Scherzo
1501 2731 105 42 delà
1629 2730 170 45 Sonate
1818 2733 54 40 de
1895 2731 257 44 Beethoven

152 2799 90 53 (op.
275 2814 63 35 14,
359 2805 48 36 n°
428 2799 42 53 2)
494 2811 7 30 :

214 3214 56 42 Et
291 3214 95 42 l'art
411 3229 103 28 avec
538 3216 143 53 lequel
704 3215 63 45 M.
804 3215 296 43 Saint-Saëns
1121 3217 259 52 développe,
1413 3218 139 48 imite,
1573 3218 188 40 encadre
1794 3230 47 28 ce
1872 3216 143 52 motif,
2055 3216 109 42 n'est

160 3298 80 39 pas
265 3298 103 26 sans
388 3284 202 53 rappeler
606 3285 38 39 la
666 3287 199 39 manière
893 3286 76 39 des
1002 3285 226 41 meilleurs
1261 3286 261 52 classiques.
1558 3285 123 41 Dans
1724 3286 38 40 le
1798 3299 127 27 cours
1963 3286 52 40 de
2055 3295 110 33 cette

160 3352 134 40 brève
315 3354 212 50 partition
544 3366 45 27 se
609 3361 204 32 trouvent
834 3351 227 43 d'ailleurs
1080 3357 20 36 à
1126 3354 172 52 chaque
1320 3356 168 38 instant
1510 3354 40 40 le
1581 3359 110 45 goût
1712 3362 41 31 et
1773 3352 244 42 l'habitude
2048 3354 54 41 de
2126 3356 38 39 la

161 3420 286 40 construction
471 3430 40 32 et
534 3422 58 40 du
609 3420 367 54 développement
997 3422 216 51 réguliers
1235 3422 72 50 (V.
1331 3436 80 38 par
1435 3436 84 35 ex.,
1547 3437 40 38 p.
1616 3436 65 36 34,
1709 3422 35 39 le
1780 3426 87 35 très
1902 3421 113 42 beau
2055 3438 81 26 can-

162 3489 136 41 tabile
333 3503 55 27 en
419 3496 44 34 ut
493 3498 33 43 b,
567 3489 215 42 débutant
831 3505 79 38 par
955 3506 58 25 un
1047 3491 149 40 dessin
1230 3491 472 54 d'accompagnement
1739 3502 84 42 que
1854 3488 194 44 Gounod
2091 3498 73 38 eût

167 3556 151 53 aimé.)
