2281 3848
830 253 319 27 PUBLICATIONS
1182 254 254 29 NOUVELLES

2045 257 80 41 475

158 344 117 46 1830,
298 340 110 39 dans
433 340 39 39 le
493 340 148 40 conflit
665 354 103 27 avec
784 343 39 39 la
848 343 229 52 Belgique,
1112 359 59 26 un
1196 347 159 40 second
1379 347 162 52 hymne
1563 349 129 49 (celui
1712 350 53 40 de
1794 348 128 56 J.-G.
1944 348 182 54 Wilms)

155 423 19 26 a
198 421 124 39 paru,
348 409 112 38 mais
492 407 68 40 n'a
582 423 57 37 pu
671 409 186 51 éclipser
888 412 189 39 celui-là.

206 475 48 54 Je
273 484 159 31 remets
456 479 22 35 à
502 475 98 51 plus
624 477 94 39 tard
752 479 215 50 quelques
1005 489 125 32 notes
1171 494 75 27 sur
1268 483 62 39 les
1358 484 185 51 hymnes
1567 487 237 39 nationaux
1833 486 75 40 des
1944 486 181 51 peuples

156 557 176 27 romans
349 552 41 31 et
413 552 162 38 autres,
598 557 171 27 comme
787 548 117 38 aussi
923 548 38 39 la
986 547 271 52 publication
1281 551 74 39 des
1379 560 133 32 textes
1530 555 238 47 musicaux,
1790 554 38 40 le
1847 554 278 52 supplément

155 613 56 40 du
235 615 174 48 présent
432 615 181 37 numéro
633 612 53 41 de
707 612 39 41 la
769 613 141 41 Revue
924 615 197 41 musicale
1143 621 118 37 étant
1284 618 94 52 déjà
1398 619 176 50 chargé.

1779 731 47 53 J.
1850 731 47 53 C.

208 887 153 41 NOTRE
388 893 289 36 SUPPLÉMENT
699 903 205 28 MUSICAL.

1001 891 116 41 Avec
1140 893 37 38 la
1203 895 111 38 suite
1345 894 52 39 de
1417 893 61 40 La
1501 895 101 38 belle
1634 895 160 40 Arsène
1802 924 8 18 ,
1832 895 39 40 le
1893 895 232 41 charmant

157 961 129 47 opéra
306 956 145 50 (1777)
472 956 57 40 du
554 956 208 51 Français
776 957 231 54 Montigny
1026 958 72 51 (né
1121 964 21 35 à
1168 960 525 51 Fauquemberg,dansle
1709 961 359 48 Pas-de-Calais,
2087 963 39 39 le

162 1037 46 40 17
227 1023 177 41 octobre
427 1037 117 37 1729,
569 1034 116 31 mort
707 1039 53 26 en
786 1024 135 54 1817),
945 1031 129 47 opéra
1097 1027 104 40 dont
1229 1041 110 26 nous
1371 1029 203 40 donnons
1606 1042 110 38 pour
1735 1030 39 39 la
1794 1032 215 49 première
2044 1029 81 41 fois

157 1104 83 27 une
260 1091 228 40 réduction
507 1105 54 26 au
585 1093 131 50 piano
740 1091 172 53 d'après
929 1094 39 39 la
992 1096 206 49 partition
1222 1096 231 48 originale,
1469 1109 111 27 nous
1605 1098 262 38 continuons
1890 1101 21 34 à
1935 1096 189 52 publier,

157 1172 52 27 en
228 1172 83 27 vue
334 1159 52 40 de
410 1156 366 52 renseignement
800 1161 56 39 du
877 1160 139 41 Chant
1038 1161 143 40 choral
1209 1162 108 40 dans
1342 1162 61 40 les
1426 1162 156 52 lycées,
1602 1163 62 40 les
1681 1166 150 38 envois
1848 1164 75 40 des
1946 1177 150 38 compo-

159 1228 157 39 siteurs
335 1229 73 49 qui
433 1235 74 32 ont
527 1226 102 41 bien
645 1228 133 40 voulu
801 1228 214 51 répondre
1035 1233 21 34 à
1081 1238 123 31 notre
1229 1230 141 51 appel.
1397 1229 136 41 Notre
1566 1231 172 40 dernier
1772 1236 182 36 numéro
1979 1240 123 32 conte-

160 1296 90 39 nait
282 1295 76 39 des
382 1296 143 49 pièces
556 1295 53 39 de
630 1294 117 41 MM.
776 1294 308 50 Saint-Saëns,
1105 1296 51 40 E.
1182 1296 245 49 Paladilhe,
1451 1297 84 40 Th.
1563 1295 187 50 Dubois,
1773 1297 61 40 M.
1867 1298 223 40 Maréchal
2115 1314 8 31 ;

163 1375 111 27 nous
295 1375 193 27 sommes
503 1362 195 40 heureux
719 1363 52 40 de
794 1364 187 50 pouvoir
1000 1363 120 40 offrir
1140 1364 277 51 aujourd'hui
1443 1369 21 35 à
1488 1378 81 27 nos
1603 1365 184 41 lecteurs
1810 1366 52 39 de
1899 1366 226 40 nouvelles

160 1432 143 49 pièces
324 1429 54 40 de
401 1428 108 41 MM.
532 1428 240 46 Massenet,
791 1429 185 41 Vincent
997 1430 168 52 d'lndy,
1191 1429 179 42 Gabriel
1394 1430 172 48 Pierné,
1588 1430 87 41 Ch.
1705 1431 230 48 Lefebvre,
1961 1431 166 41 Arthur

160 1496 224 53 Coquard,
397 1496 51 41 L.
468 1495 173 49 Ganne,
660 1495 53 42 G.
727 1496 245 41 Caussade.
990 1495 112 54 (Aux
1123 1500 316 49 compositions
1458 1499 51 39 de
1523 1512 68 26 ces
1611 1500 110 39 deux
1737 1500 195 41 derniers
1949 1503 177 36 maîtres

161 1573 73 31 ont
256 1569 66 35 été
341 1565 210 51 ajoutées,
571 1566 118 51 après
711 1572 105 46 coup
825 1595 8 16 ,
854 1564 76 40 des
947 1566 174 51 paroles
1141 1580 83 37 que
1244 1579 112 27 nous
1375 1568 346 49 supprimerons,
1748 1568 34 38 si
1806 1567 62 39 les
1889 1575 175 31 auteurs
2088 1568 38 38 le

159 1633 207 46 désirent,
403 1632 111 39 dans
546 1632 39 40 le
620 1632 106 40 livre
759 1634 74 49 qui
867 1645 92 27 sera
997 1632 150 52 publié
1171 1634 405 48 ultérieurement.)
1614 1633 31 39 Il
1676 1648 29 37 y
1737 1648 102 25 aura
1876 1647 87 27 une
1995 1635 128 39 suite.

158 1699 84 41 Les
266 1708 220 32 amateurs
503 1701 74 50 qui
596 1712 113 28 nous
743 1707 90 42 ont,
873 1713 80 27 eux
988 1702 135 46 aussi,
1163 1705 167 47 envoyé
1366 1700 77 40 des
1483 1702 222 49 esquisses
1745 1702 126 47 (dont
1913 1700 190 54 quelques-

157 1782 101 25 unes
290 1776 98 32 sont
432 1766 84 42 fort
561 1768 274 49 distinguées
877 1775 41 33 et
966 1773 85 34 très
1085 1769 247 48 correctes),
1364 1781 112 27 nous
1517 1777 256 31 excuseront
1834 1768 51 39 de
1928 1768 61 39 les
2020 1767 106 41 faire

159 1849 153 39 passer
335 1841 125 46 après
481 1835 52 40 de
566 1835 80 40 tels
670 1848 143 35 noms,
846 1836 73 50 qui
943 1835 181 41 rendent
1157 1836 217 51 superflus
1410 1848 80 27 nos
1512 1835 149 50 éloges
1695 1844 42 32 et
1777 1848 54 27 ne
1871 1835 180 40 laissent
2073 1836 53 38 de

161 1904 119 52 place
303 1902 98 53 qu'à
426 1911 126 33 notre
573 1904 97 38 vive
693 1904 381 39 reconnaissance.

214 1970 165 41 Toutes
397 1984 70 27 ces
491 1972 143 50 pièces
658 1978 115 39 sont,
808 1984 75 26 sur
905 1978 125 32 notre
1050 1970 231 47 demande,
1307 1983 53 27 en
1382 1969 139 41 forme
1542 1970 53 38 de
1630 1982 154 28 canon.
1803 1968 124 41 Nous
1954 1982 52 27 en
2045 1984 54 36 pu-

160 2039 193 40 blierons
372 2039 100 51 plus
495 2038 95 40 tard
615 2040 74 50 qui
714 2046 76 32 ont
822 2050 85 28 une
924 2036 140 42 forme
1090 2045 118 32 toute
1230 2036 241 48 différente,
1496 2050 72 26 car
1589 2036 40 39 la
1660 2037 162 39 variété
1856 2045 64 31 est
1940 2050 84 26 une
2048 2036 78 40 des

159 2107 82 40 lois
263 2106 58 41 du
343 2106 157 40 recueil
524 2119 83 39 que
630 2118 112 27 nous
766 2109 259 48 préparons.
1051 2103 115 42 Sans
1189 2106 121 38 avoir
1330 2119 57 25 un
1410 2109 107 45 goût
1537 2105 307 49 superstitieux
1866 2116 55 27 ou
1941 2102 187 41 exclusif

160 2187 111 38 pour
302 2174 62 40 les
388 2175 317 50 compositions
736 2173 53 39 de
830 2178 218 35 caractère
1089 2172 280 51 scolastique,
1404 2184 114 28 nous
1552 2172 212 39 estimons
1797 2184 84 37 que
1919 2171 110 39 dans
2067 2184 58 26 un

159 2242 151 39 chœur
333 2246 21 35 à
377 2243 98 38 voix
505 2241 166 50 égales,
697 2242 123 50 privé
858 2245 21 34 à
916 2240 40 39 la
997 2239 83 40 fois
1114 2239 53 40 de
1203 2238 152 41 basses
1387 2248 39 31 et
1458 2236 462 53 d'accompagnement
1957 2239 143 38 instru-

160 2309 179 47 mental,
364 2309 38 40 la
437 2310 299 39 construction
757 2309 249 50 canonique
1022 2307 147 40 donne
1188 2320 86 26 une
1293 2308 139 38 assise
1451 2305 134 40 ferme
1608 2319 80 26 aux
1709 2307 162 49 parties
1893 2305 172 39 vocales
2085 2313 41 31 et

159 2377 218 51 remplace
412 2390 46 27 ce
498 2378 75 49 qui
603 2376 93 40 leur
719 2388 193 38 manque
952 2389 77 37 par
1052 2373 194 41 ailleurs.
1287 2373 200 47 Ensuite,
1525 2373 29 39 il
1597 2371 108 41 n'est
1740 2385 78 38 pas
1850 2373 200 39 mauvais
2072 2372 53 38 de

160 2452 193 33 montrer
373 2458 82 27 aux
475 2444 159 48 élèves,
658 2443 38 40 le
717 2443 98 52 plus
840 2445 61 38 tôt
925 2441 212 52 possible,
1174 2441 160 51 qu'une
1366 2441 291 51 composition
1684 2439 211 40 musicale
1928 2447 64 31 est
2024 2452 76 26 ana-

159 2513 130 48 logue
326 2517 21 35 à
371 2525 85 27 une
479 2513 294 50 composition
809 2509 351 49 architecturale,
1186 2517 39 30 et
1264 2521 83 38 que
1383 2509 145 38 savoir
1566 2508 132 38 écrire
1736 2519 74 27 sur
1849 2506 38 40 le
1926 2507 151 50 papier
2102 2509 20 36 à

159 2586 188 47 portées,
372 2579 102 41 c'est
498 2580 146 39 savoir
663 2580 261 38 construire.

211 2648 85 40 Ces
321 2647 153 40 brèves
493 2647 228 50 esquisses
745 2653 99 32 sont
865 2645 75 39 des
961 2645 396 38 divertissements.
1388 2641 119 40 Elles
1530 2648 187 44 peuvent
1733 2653 175 27 amuser
1932 2641 61 39 les
2012 2653 82 27 uns
2114 2650 9 37 ;

157 2717 104 39 elles
281 2723 191 44 peuvent
495 2715 120 39 aussi
637 2714 139 39 servir
797 2713 53 39 de
873 2711 171 41 modèle
1070 2725 81 26 aux
1170 2719 161 30 autres.
1354 2708 97 52 Que
1471 2709 62 39 les
1549 2709 471 49 musiciens-pianistes
2050 2709 75 49 qui

155 2793 73 31 ont
248 2782 247 41 l'ambition
518 2782 52 39 de
592 2794 185 38 pousser
794 2780 116 40 leurs
940 2779 151 40 études
1123 2778 98 51 plus
1244 2777 89 39 loin
1363 2784 40 31 et
1432 2776 97 51 plus
1564 2775 122 46 haut,
1716 2776 147 39 voient
1887 2775 38 38 là
1968 2773 136 40 l'occa-

159 2853 94 38 sion
275 2848 178 43 d'écrire
476 2852 276 38 eux-mêmes
776 2847 214 52 quelques
1018 2847 213 38 exercices
1269 2843 165 40 faciles.
1477 2843 54 38 Ils
1552 2857 27 36 y
1603 2850 253 31 trouveront
1890 2855 57 26 un
1975 2841 152 51 plaisir

157 2923 204 35 extrême.
387 2917 130 46 Mais,
553 2917 53 39 de
638 2918 145 47 grâce,
808 2913 132 53 qu'on
961 2927 112 26 nous
1109 2917 193 46 épargne
1333 2911 76 39 des
1432 2910 305 51 plaisanteries
1772 2909 177 39 inutiles
1974 2911 7 35 !
2003 2907 123 41 Nous

157 3000 136 26 avons
332 2986 95 51 déjà
467 2984 171 49 signalé
679 2998 59 25 un
762 2981 345 52 correspondant
1140 2981 73 50 qui
1237 2992 111 27 nous
1383 2979 202 49 envoyait
1706 2989 102 26 sans
1845 2976 205 51 indiquer
2086 2975 39 39 la

158 3062 152 33 source
333 3075 35 6 -
406 3065 85 27 une
514 3052 246 50 exposition
784 3050 53 39 de
858 3048 152 50 fugue,
1036 3049 104 39 tirée
1164 3047 56 39 du
1238 3045 108 40 Saul
1368 3045 52 40 de
1441 3044 197 47 Haendel,
1660 3057 85 26 une
1777 3052 120 31 autre
1933 3045 103 37 tirée
2069 3043 57 39 du

155 3120 146 41 Messie
307 3151 8 9 .
337 3120 122 40 Dans
482 3119 39 39 le
543 3118 172 40 dernier
734 3118 126 38 envoi
884 3130 116 35 reçu,
1021 3127 112 27 nous
1166 3116 200 37 relevons
1406 3125 84 27 une
1528 3113 118 50 pièce
1676 3111 269 47 charmante,
1975 3112 151 47 signée

155 3189 101 40 d'un
279 3202 104 27 nom
406 3186 339 52 probablement
766 3183 250 41 fantaisiste
1039 3181 318 52 (accompagné
1379 3179 102 40 d'un
1523 3183 182 35 numéro
1735 3178 146 53 Aopus
1900 3176 26 53 1)
1970 3186 39 31 et
2051 3178 74 50 qui

154 3257 107 40 n'est
282 3265 120 32 autre
424 3255 135 52 qu'un
580 3261 205 43 emprunt
802 3266 54 25 au
881 3250 159 40 recueil
1065 3254 265 34 récemment
1347 3247 150 52 publié
1515 3260 79 37 par
1614 3245 148 40 Lohse
1782 3245 100 40 chez
1897 3244 232 51 Breitkopf

157 3322 324 53 (arrangement
504 3330 40 31 et
561 3318 333 54 simplification
912 3318 104 40 d'un
1039 3318 164 39 certain
1225 3315 184 41 nombre
1444 3314 53 40 de
1518 3312 242 50 fragments
1793 3313 53 38 de
1879 3311 243 40 Palestrina

154 3406 109 37 pour
281 3393 99 38 voix
400 3391 53 39 de
472 3387 219 52 femmes).
716 3387 158 40 Inutile
903 3387 118 39 aussi
1044 3385 53 39 de
1118 3397 111 27 nous
1249 3395 189 39 envoyer
1455 3379 189 54 (comme
1664 3380 37 39 le
1724 3379 75 40 fait
1822 3378 59 39 M.
1912 3378 51 39 A.
1990 3377 67 51 F.)
2086 3379 39 38 le

155 3459 133 40 début
311 3458 130 39 d'une
462 3455 132 51 fugue
617 3455 53 40 de
691 3454 117 40 Bach
834 3466 103 26 avec
959 3452 75 39 des
1054 3450 172 53 paroles
1252 3454 6 35 !
1283 3449 62 39 De
1366 3448 121 40 telles
1507 3449 207 38 écritures
1736 3459 53 27 ne
1825 3454 98 31 sont
1962 3445 161 50 qu'une

158 3534 119 42 perte
299 3526 53 39 de
376 3534 141 42 temps
538 3535 8 37 ;
575 3525 34 38 si
630 3522 87 41 l'on
740 3535 21 26 a
780 3521 52 40 de
855 3518 165 53 l'esprit
1044 3523 19 35 à
1088 3518 228 51 dépenser,
1338 3517 29 39 il
1400 3515 91 40 faut
1511 3515 38 40 le
1571 3522 153 33 mettre
1747 3514 110 39 dans
1871 3526 84 27 une
1977 3526 148 27 œuvre
