2281 3848
1082 214 90 44 LA

274 343 622 92 REVUE
1033 348 945 94 MUSICALE

342 497 199 47 (Honorée
564 499 115 36 d'une
703 503 275 45 souscription
1000 503 52 36 du
1075 504 212 37 Ministère
1310 506 46 35 de
1378 506 285 38 l'lnstruction
1684 508 224 46 publique.)

205 709 52 35 N°
282 708 62 37 20
372 709 274 45 (neuvième
673 712 167 45 année)

1059 714 44 37 15
1133 714 171 38 Octobre

1968 720 93 36 1909

458 955 426 55 Démarquages
915 961 54 38 et
999 958 407 52 compositions
1435 961 387 51 personnelles

209 1078 47 53 Je
282 1080 136 47 reçois
454 1088 322 32 constamment
798 1081 52 39 de
876 1084 126 49 petits
1044 1082 144 48 livres,
1213 1082 83 41 fort
1320 1084 226 49 agréables
1581 1089 21 36 à
1636 1084 118 52 l'oeil,
1790 1099 54 27 ou
1879 1086 75 40 des
1989 1099 100 38 pros-

157 1166 162 43 pectus,
346 1157 164 41 relatifs
532 1173 53 26 au
611 1159 128 41 chant
768 1160 110 40 dans
910 1161 61 39 les
1001 1162 160 40 écoles.
1202 1162 84 40 Ces
1313 1176 215 37 ouvrages
1557 1169 203 47 envoyés,
1786 1178 55 27 ou
1879 1170 233 42 annoncés,

159 1237 262 41 renferment
463 1237 75 40 des
574 1238 219 41 chansons
829 1240 251 50 populaires
1114 1254 101 27 avec
1255 1242 74 39 des
1372 1244 172 50 paroles
1585 1244 223 50 nouvelles,
1842 1245 190 51 adaptées
2063 1259 53 25 au

160 1325 109 32 texte
292 1317 198 47 musical,
517 1329 55 28 ou
593 1317 100 40 bien
717 1318 75 39 des
815 1321 314 48 compositions
1152 1321 280 51 personnelles
1460 1323 52 39 de
1534 1321 59 41 M.
1630 1322 87 50 X..,
1746 1336 54 26 ou
1835 1323 51 39 de
1908 1321 44 40 M
1957 1327 45 18 mc
2030 1323 84 39 Z...

214 1395 36 40 A
272 1409 103 27 ceux
392 1398 74 50 qui
481 1395 93 41 font
595 1397 53 38 de
665 1397 80 40 tels
769 1398 197 48 recueils,
990 1399 28 38 il
1042 1398 92 41 faut
1158 1397 197 53 rappeler
1371 1401 110 40 deux
1501 1402 215 51 principes
1739 1401 107 40 d'art
1868 1410 39 32 et
1929 1402 52 40 de
1994 1402 101 51 péda-

158 1477 131 48 gogie
311 1474 130 53 qu'ils
465 1475 195 40 oublient
684 1484 110 44 trop.
828 1476 48 53 Je
898 1477 66 39 dis
988 1478 212 51 toujours,

213 1554 36 40 A
270 1568 102 27 ceux
397 1557 73 50 qui
491 1556 288 52 démarquent
799 1556 75 39 des
897 1556 220 41 chansons
1140 1558 248 51 populaires
1412 1570 7 27 :

216 1645 22 27 «
270 1634 121 41 Vous
433 1634 125 41 faites
593 1648 86 27 une
718 1649 149 26 œuvre
905 1638 323 49 antiartistique
1267 1651 52 25 en
1355 1637 268 42 substituant
1658 1653 80 25 aux
1780 1639 170 51 paroles
1986 1640 130 41 d'une

161 1714 195 40 chanson
379 1715 75 40 des
478 1715 171 51 paroles
675 1724 140 31 toutes
830 1714 249 41 différentes
1102 1725 39 30 et
1163 1729 51 26 en
1233 1718 267 39 traitantune
1517 1718 184 39 mélodie
1720 1732 181 36 connue,
1926 1733 189 26 connexe

164 1797 19 35 à
207 1795 75 39 des
305 1793 211 41 formules
543 1794 200 40 verbales
766 1794 100 40 bien
890 1797 319 49 caractérisées,
1233 1809 169 26 comme
1423 1811 58 24 un
1505 1797 144 39 moule
1672 1804 54 33 où
1759 1811 55 26 on
1848 1806 99 42 peut
1971 1812 149 26 verser

163 1873 230 51 n'importe
416 1875 115 49 quoi.
558 1872 96 52 Que
677 1874 87 39 l'on
783 1874 184 50 change,
993 1879 46 45 çà
1063 1883 40 31 et
1123 1875 55 46 là,
1203 1888 110 37 pour
1335 1875 60 39 les
1415 1874 299 50 bienséances,
1736 1891 58 25 un
1818 1886 88 30 mot
1929 1890 55 27 ou
2008 1877 110 40 deux

164 1962 52 30 ou
242 1968 57 24 un
318 1966 119 35 vers;
463 1950 553 54 qu'exceptionnellement,
1051 1967 55 27 on
1128 1967 45 26 se
1195 1962 208 44 permette
1426 1952 209 54 d'ajouter
1657 1969 58 26 un
1739 1956 186 50 couplet,
1950 1957 107 39 dans
2077 1957 38 39 le

165 2046 97 26 sens
284 2033 57 39 du
365 2041 110 31 texte
499 2033 204 49 original,
730 2034 84 39 soit
837 2032 5 39 !
875 2035 111 37 mais
1009 2035 139 47 ériger
1172 2046 44 26 ce
1247 2034 298 50 démarquage
1567 2047 52 27 en
1653 2039 187 46 système
1862 2043 40 31 et
1923 2048 52 26 en
2010 2035 107 39 faire

165 2114 36 38 la
221 2114 56 39 loi
297 2127 54 26 ou
376 2114 38 39 la
438 2114 103 39 base
564 2113 127 40 d'une
711 2112 286 52 publication,
1019 2114 37 50 je
1079 2126 52 26 ne
1154 2127 107 37 peux
1282 2127 78 37 pas
1381 2127 243 37 approuver
1641 2115 87 39 cela
1747 2124 8 40 ;
1780 2116 100 38 c'est
1903 2117 213 38 contraire

167 2197 20 34 à
212 2201 141 32 toutes
376 2194 60 38 les
461 2193 80 39 lois
562 2192 52 40 de
637 2191 282 52 l'expression
943 2192 221 50 musicale,
1191 2192 51 40 de
1264 2192 37 40 la
1326 2194 134 38 vérité
1481 2201 40 31 et
1547 2194 55 38 du
1622 2192 85 41 bon
1731 2206 99 28 sens
1856 2205 7 27 :
1889 2193 100 41 c'est
2013 2194 103 40 faire

169 2286 80 26 une
281 2274 236 38 caricature
539 2273 51 39 de
614 2272 37 40 la
677 2274 203 49 musique
917 2272 240 51 populaire,
1183 2284 101 28 sous
1321 2276 189 47 prétexte
1549 2272 52 39 de
1641 2272 36 39 la
1702 2272 262 50 vulgariser.
2001 2272 116 41 C'est

167 2366 153 26 encore
343 2352 189 52 quelque
556 2360 121 32 autre
702 2351 131 40 chose
871 2349 165 41 d'assez
1076 2364 148 36 grave.
1249 2349 84 41 Les
1370 2350 220 40 chansons
1622 2352 248 50 populaires
1908 2361 96 31 sont
2027 2367 83 25 une

166 2434 217 50 propriété
407 2432 236 40 nationale.
669 2430 30 40 Il
723 2439 63 31 est
823 2430 211 49 singulier
1057 2431 133 50 qu'un
1219 2430 167 40 éditeur
1407 2430 61 39 les
1497 2430 132 39 altère
1651 2443 109 38 pour
1796 2431 93 39 leur
1921 2433 191 50 imposer

167 2514 167 38 ensuite
354 2513 37 39 le
414 2512 147 40 cachet
581 2524 8 26 :
614 2524 20 24 «
665 2509 109 41 droit
797 2510 49 39 de
864 2509 295 54 reproduction
1178 2511 156 38 réservé
1359 2524 17 20 »
1398 2507 6 38 !

220 2592 53 40 Et
293 2596 21 35 à
334 2605 103 27 ceux
461 2592 74 50 qui
576 2596 237 48 composent
836 2597 93 33 tout
951 2603 58 26 un
1041 2588 175 48 recueil,
1254 2590 125 47 signé
1415 2588 52 39 de
1505 2588 91 40 leur
1632 2601 118 35 nom,
1776 2592 20 37 à
1839 2587 168 52 l'usage
2044 2591 75 40 des

168 2672 139 40 élèves
335 2681 8 28 :

224 2765 18 24 «
277 2751 120 41 Vous
421 2764 115 33 avez,
571 2747 418 54 personnellement,
1011 2747 225 51 beaucoup
1258 2747 52 38 de
1331 2747 131 39 talent
1487 2758 8 37 ;
1521 2748 110 37 mais
1654 2760 107 26 vous
1783 2761 52 26 ne
1858 2761 163 37 pouvez
2042 2762 76 37 pas

168 2843 105 28 vous
291 2830 238 41 substituer
552 2834 21 34 à
595 2828 209 41 l'histoire
820 2829 52 38 de
894 2828 94 39 l'art
1008 2835 39 32 et
1073 2831 20 34 à
1119 2839 67 27 ses
1209 2824 344 41 chefs-d'œuvre.
1576 2825 61 40 Ce
1659 2826 103 51 qu'il
1786 2825 89 42 faut
1894 2826 106 41 faire
2022 2841 72 26 con-

169 2914 135 37 naître
329 2914 20 35 à
374 2923 80 27 nos
478 2908 188 47 enfants,
692 2921 45 27 ce
769 2909 110 38 n'est
910 2920 77 38 pas
1023 2912 105 34 votre
1164 2907 215 49 musique,
1420 2906 109 38 mais
1571 2904 38 40 la
1649 2907 216 49 musique,
1903 2906 103 39 celle
2045 2907 74 40 des

170 2994 174 37 maîtres
367 2991 177 38 anciens
569 2996 39 32 et
632 2988 245 47 modernes,
903 2987 105 39 celle
1027 2986 52 39 de
1101 2984 183 49 Mozart,
1308 2984 52 40 de
1384 2983 211 49 Rameau,
1613 2984 50 40 de
1688 2982 230 50 Schubert,
1940 2985 51 40 de
2022 2995 95 31 tous

170 3081 100 28 ceux
291 3071 73 49 qui
397 3078 74 31 ont
506 3069 103 39 écrit
640 3080 110 38 pour
783 3067 36 39 le
842 3067 130 38 chant
1000 3065 163 40 choral.
1188 3063 221 40 Cherchez
1428 3064 108 39 dans
1560 3064 114 39 leurs
1702 3078 170 26 œuvres
1898 3076 8 36 ;
1931 3074 55 41 et,
2018 3078 101 27 sans

169 3152 84 36 être
276 3149 147 49 obligé
447 3152 20 35 à
489 3147 52 40 de
565 3145 209 41 barbares
799 3145 285 45 mutilations,
1117 3156 110 27 vous
1247 3152 222 31 trouverez
1492 3145 7 36 !
1537 3142 343 41 Réservez-vous
1904 3157 83 27 une
2006 3158 111 37 page

171 3240 53 27 ou
256 3229 108 39 deux
384 3229 108 38 dans
529 3240 77 27 vos
632 3226 293 49 anthologies,
957 3226 36 50 je
1029 3225 37 39 le
1100 3238 108 25 veux
1239 3223 97 39 bien
1359 3237 8 32 ;
1409 3223 108 38 mais
1557 3236 82 37 que
1676 3231 121 31 votre
1837 3236 19 24 «
1889 3225 86 37 moi
2009 3238 16 21 »
2067 3237 52 26 ne

171 3321 160 36 prenne
354 3321 77 38 pas
452 3316 117 31 toute
592 3308 36 38 la
654 3306 122 51 place
799 3307 6 36 !
831 3316 22 27 »

224 3387 83 40 Ces
329 3387 224 40 vérités-là
578 3394 97 32 sont
698 3386 75 39 des
792 3386 157 38 vérités
972 3384 52 39 de
1047 3396 99 27 sens
1164 3396 218 27 commun.
1409 3381 116 40 C'est
1548 3394 119 26 assez
1691 3381 90 39 dire
1814 3381 130 51 qu'on
1968 3396 21 24 a
2009 3381 51 39 de
2084 3381 36 39 la

175 3468 119 44 peine
318 3472 20 34 à
364 3467 60 40 les
448 3466 105 40 faire
578 3466 224 40 admettre.

1786 3458 46 55 J.
1855 3458 45 55 C.

297 3546 37 28 R.
359 3545 45 29 M.

1981 3547 8 20 I
