2653 4226
1310 4087 47 36 72

926 277 298 62 Mélodie
1277 277 479 78 grégorienne

263 463 127 41 Cette
427 465 208 38 antienne
672 468 20 35 à
732 464 41 39 la
807 463 164 50 Vierge
1009 461 61 54 (p.
1099 466 49 47 84
1187 464 59 39 du
1279 463 256 40 Paroissien
1568 464 53 39 de
1664 462 248 53 Solesmes)
1936 461 112 42 n'est
2079 477 80 38 pas
2192 464 245 42 seulement

207 548 60 25 un
310 538 158 46 poème
491 532 54 39 de
577 533 115 50 piété
736 530 238 52 confiante,
1001 534 113 37 mais
1152 545 87 27 une
1274 532 200 40 chanson
1512 532 233 53 populaire
1777 531 132 41 d'une
1945 531 221 41 fraîcheur
2202 532 237 41 délicieuse

204 610 41 31 et
283 600 105 40 d'un
427 600 174 52 rythme
632 602 169 50 exquis.
836 600 32 39 Il
891 599 94 41 faut
1032 600 234 40 l'exécuter
1303 600 111 40 dans
1455 615 60 25 un
1552 609 287 32 mouvement
1876 602 92 38 aisé
2001 600 255 44 d'andante,
2300 614 54 26 en
2396 615 44 27 se

204 668 191 52 gardant
425 668 53 40 de
513 682 212 38 marquer
745 668 62 40 les
841 669 180 39 accords
1048 680 8 38 ;
1102 669 119 40 seuls
1261 669 63 39 les
1364 677 173 32 accents
1573 671 224 51 toniques,
1824 671 74 51 qui
1940 668 206 53 frappent
2182 670 62 39 les
2283 678 127 32 avant-

205 737 225 39 dernières
454 736 194 52 syllabes
680 737 54 39 de
771 745 99 31 tous
893 737 63 39 les
976 745 132 39 mots,
1132 736 102 41 sauf
1253 737 38 39 le
1311 745 93 32 mot
1431 736 189 41 Domina
1628 769 8 16 ,
1655 738 186 40 devront
1863 741 91 37 être
1976 737 235 41 sensibles.
2232 736 73 42 On
2333 746 104 43 peut

206 806 121 39 aussi
350 805 183 40 ralentir
564 819 61 26 un
648 818 100 39 peu,
774 814 42 31 et
845 813 174 34 surtout
1042 805 183 40 adoucir
1246 805 63 40 les
1342 804 86 41 fins
1461 805 53 40 de
1549 806 186 52 phrases
1762 822 7 24 :
1793 806 39 40 la
1855 806 205 50 mélodie,
2084 807 126 40 selon
2227 806 185 52 l'expres-

208 875 98 38 sion
342 873 53 40 de
435 873 150 41 Victor
623 872 148 52 Hugo,
807 885 21 27 ((
873 872 175 42 s'éteint
1071 887 174 27 comme
1265 889 59 26 un
1349 875 153 39 oiseau
1530 888 44 26 se
1608 889 109 37 pose
1737 886 36 27 ».
