<?xml version="1.0" encoding="UTF-8"?>
<alto xmlns:xsi="http://www.w3.org/2001/XMLSchema-instance" xmlns="http://www.loc.gov/standards/alto/ns-v2#" xsi:schemaLocation="http://www.loc.gov/standards/alto/ns-v2# http://www.loc.gov/standards/alto/alto-v2.0.xsd" xmlns:xlink="http://www.w3.org/1999/xlink">
	<Description>
		<MeasurementUnit>mm10</MeasurementUnit>
		<sourceImageInformation>
			<fileName>//fileserver7/IN2-2/Princeton/Batch7/bmtnaas/1891/10_01/00000159.tif</fileName>
		</sourceImageInformation>
		<OCRProcessing ID="OCRPROCESSING_1">
			<preProcessingStep>
				<processingSoftware>
					<softwareCreator>CCS Content Conversion Specialists GmbH, Germany</softwareCreator>
					<softwareName>CCS docWorks</softwareName>
					<softwareVersion>6.7-1.24</softwareVersion>
				</processingSoftware>
			</preProcessingStep>
			<ocrProcessingStep>
				<processingSoftware>
					<softwareCreator>ABBYY (BIT Software), Russia</softwareCreator>
					<softwareName>FineReader</softwareName>
					<softwareVersion>10.0</softwareVersion>
				</processingSoftware>
			</ocrProcessingStep>
		</OCRProcessing>
	</Description>
	<Styles>
		<TextStyle ID="TXT_0" FONTSIZE="5" FONTFAMILY="Serifa-Black" FONTSTYLE="bold"/>
		<TextStyle ID="TXT_1" FONTSIZE="5" FONTFAMILY="Serifa-Black"/>
		<TextStyle ID="TXT_2" FONTSIZE="24" FONTFAMILY="Times New Roman"/>
		<TextStyle ID="TXT_3" FONTSIZE="25" FONTFAMILY="Times New Roman" FONTSTYLE="italics"/>
		<ParagraphStyle ID="PAR_CENTER" ALIGN="Center"/>
		<ParagraphStyle ID="PAR_BLOCK" ALIGN="Block"/>
	</Styles>
	<Layout>
		<Page ID="P19" PHYSICAL_IMG_NR="19" HEIGHT="3843" WIDTH="2717" PRINTED_IMG_NR="137" PC="0.828">
			<TopMargin ID="P19_TM00001" HPOS="0" VPOS="0" WIDTH="2717" HEIGHT="276">
				<TextBlock ID="P19_TB00001" HPOS="1233" VPOS="213" WIDTH="112" HEIGHT="61" STYLEREFS="TXT_0 PAR_CENTER">
					<TextLine ID="P19_TL00001" HPOS="1345" VPOS="274" WIDTH="0" HEIGHT="0">
						<String ID="P19_ST00001" HPOS="1345" VPOS="274" WIDTH="0" HEIGHT="0" CONTENT="137" WC="1.00" CC="000" STYLEREFS="TXT_1"/>
					</TextLine>
				</TextBlock>
			</TopMargin>
			<LeftMargin ID="P19_LM00001" HPOS="0" VPOS="276" WIDTH="222" HEIGHT="3329"/>
			<RightMargin ID="P19_RM00001" HPOS="2358" VPOS="276" WIDTH="359" HEIGHT="3329"/>
			<BottomMargin ID="P19_BM00001" HPOS="0" VPOS="3605" WIDTH="2717" HEIGHT="238"/>
			<PrintSpace ID="P19_PS00001" HPOS="222" VPOS="276" WIDTH="2140" HEIGHT="3329">
				<TextBlock ID="P19_TB00002" HPOS="222" VPOS="330" WIDTH="2140" HEIGHT="3275" STYLEREFS="TXT_2 PAR_BLOCK">
					<TextLine ID="P19_TL00002" HPOS="235" VPOS="331" WIDTH="2127" HEIGHT="93">
						<String ID="P19_ST00002" HPOS="235" VPOS="331" WIDTH="349" HEIGHT="65" CONTENT="médailles" WC="0.99" CC="346407313"/>
						<SP ID="P19_SP00001" HPOS="584" VPOS="396" WIDTH="29"/>
						<String ID="P19_ST00003" HPOS="613" VPOS="355" WIDTH="170" HEIGHT="59" CONTENT="pour" WC="0.94" CC="6577"/>
						<SP ID="P19_SP00002" HPOS="783" VPOS="414" WIDTH="43"/>
						<String ID="P19_ST00004" HPOS="826" VPOS="336" WIDTH="59" HEIGHT="62" CONTENT="la" WC="0.78" CC="04"/>
						<SP ID="P19_SP00003" HPOS="885" VPOS="414" WIDTH="43"/>
						<String ID="P19_ST00005" HPOS="928" VPOS="340" WIDTH="151" HEIGHT="77" CONTENT="plus" WC="0.96" CC="5770"/>
						<SP ID="P19_SP00004" HPOS="1079" VPOS="417" WIDTH="32"/>
						<String ID="P19_ST00006" HPOS="1111" VPOS="348" WIDTH="246" HEIGHT="72" CONTENT="grande" WC="0.96" CC="676764"/>
						<SP ID="P19_SP00005" HPOS="1357" VPOS="420" WIDTH="32"/>
						<String ID="P19_ST00007" HPOS="1389" VPOS="349" WIDTH="204" HEIGHT="75" CONTENT="gloire" WC="0.97" CC="752496"/>
						<SP ID="P19_SP00006" HPOS="1593" VPOS="424" WIDTH="34"/>
						<String ID="P19_ST00008" HPOS="1627" VPOS="353" WIDTH="78" HEIGHT="61" CONTENT="de" WC="0.41" CC="56"/>
						<SP ID="P19_SP00007" HPOS="1705" VPOS="424" WIDTH="43"/>
						<String ID="P19_ST00009" HPOS="1748" VPOS="353" WIDTH="323" HEIGHT="63" CONTENT="l'lnstitut" WC="0.99" CC="3178000870"/>
						<SP ID="P19_SP00008" HPOS="2071" VPOS="424" WIDTH="41"/>
						<String ID="P19_ST00010" HPOS="2112" VPOS="359" WIDTH="62" HEIGHT="57" CONTENT="et" WC="0.41" CC="47"/>
						<SP ID="P19_SP00009" HPOS="2174" VPOS="424" WIDTH="30"/>
						<String ID="P19_ST00011" HPOS="2204" VPOS="358" WIDTH="127" HEIGHT="62" CONTENT="l'en" SUBS_TYPE="HypPart1" SUBS_CONTENT="l'entretien" WC="0.97" CC="0348"/>
						<HYP HPOS="2331" VPOS="358" WIDTH="31" CONTENT="-"/>
					</TextLine>
					<TextLine ID="P19_TL00003" HPOS="232" VPOS="414" WIDTH="2126" HEIGHT="94">
						<String ID="P19_ST00012" HPOS="232" VPOS="414" WIDTH="238" HEIGHT="58" CONTENT="tretien" SUBS_TYPE="HypPart2" SUBS_CONTENT="l'entretien" WC="1.00" CC="0601000"/>
						<SP ID="P19_SP00010" HPOS="470" VPOS="472" WIDTH="33"/>
						<String ID="P19_ST00013" HPOS="503" VPOS="415" WIDTH="90" HEIGHT="60" CONTENT="du" WC="0.32" CC="58"/>
						<SP ID="P19_SP00011" HPOS="593" VPOS="475" WIDTH="33"/>
						<String ID="P19_ST00014" HPOS="626" VPOS="417" WIDTH="204" HEIGHT="61" CONTENT="crédit" WC="0.98" CC="675600"/>
						<SP ID="P19_SP00012" HPOS="830" VPOS="478" WIDTH="41"/>
						<String ID="P19_ST00015" HPOS="871" VPOS="419" WIDTH="234" HEIGHT="62" CONTENT="factice" WC="0.99" CC="3405220"/>
						<SP ID="P19_SP00013" HPOS="1105" VPOS="481" WIDTH="33"/>
						<String ID="P19_ST00016" HPOS="1138" VPOS="424" WIDTH="80" HEIGHT="58" CONTENT="de" WC="0.62" CC="43"/>
						<SP ID="P19_SP00014" HPOS="1218" VPOS="482" WIDTH="33"/>
						<String ID="P19_ST00017" HPOS="1251" VPOS="441" WIDTH="108" HEIGHT="44" CONTENT="ses" WC="0.98" CC="024"/>
						<SP ID="P19_SP00015" HPOS="1359" VPOS="485" WIDTH="30"/>
						<String ID="P19_ST00018" HPOS="1389" VPOS="431" WIDTH="318" HEIGHT="74" CONTENT="pontifes;" WC="0.98" CC="437775454"/>
						<SP ID="P19_SP00016" HPOS="1707" VPOS="505" WIDTH="35"/>
						<String ID="P19_ST00019" HPOS="1742" VPOS="435" WIDTH="211" HEIGHT="73" CONTENT="aussi," WC="0.98" CC="672204"/>
						<SP ID="P19_SP00017" HPOS="1953" VPOS="508" WIDTH="37"/>
						<String ID="P19_ST00020" HPOS="1990" VPOS="436" WIDTH="302" HEIGHT="61" CONTENT="malheur" WC="0.98" CC="0977306"/>
						<SP ID="P19_SP00018" HPOS="2292" VPOS="508" WIDTH="29"/>
						<String ID="P19_ST00021" HPOS="2321" VPOS="440" WIDTH="37" HEIGHT="59" CONTENT="à" WC="0.38" CC="6"/>
					</TextLine>
					<TextLine ID="P19_TL00004" HPOS="232" VPOS="494" WIDTH="2127" HEIGHT="96">
						<String ID="P19_ST00022" HPOS="232" VPOS="494" WIDTH="20" HEIGHT="54" CONTENT="i" WC="0.24" CC="7"/>
						<SP ID="P19_SP00019" HPOS="252" VPOS="548" WIDTH="28"/>
						<String ID="P19_ST00023" HPOS="280" VPOS="494" WIDTH="286" HEIGHT="61" CONTENT="indocile" WC="0.98" CC="14646667"/>
						<SP ID="P19_SP00020" HPOS="566" VPOS="555" WIDTH="33"/>
						<String ID="P19_ST00024" HPOS="599" VPOS="497" WIDTH="111" HEIGHT="75" CONTENT="qui" WC="0.94" CC="770"/>
						<SP ID="P19_SP00021" HPOS="710" VPOS="572" WIDTH="39"/>
						<String ID="P19_ST00025" HPOS="749" VPOS="515" WIDTH="215" HEIGHT="43" CONTENT="reiuse" WC="0.38" CC="876706"/>
						<SP ID="P19_SP00022" HPOS="964" VPOS="572" WIDTH="31"/>
						<String ID="P19_ST00026" HPOS="995" VPOS="501" WIDTH="79" HEIGHT="59" CONTENT="de" WC="0.30" CC="67"/>
						<SP ID="P19_SP00023" HPOS="1074" VPOS="572" WIDTH="42"/>
						<String ID="P19_ST00027" HPOS="1116" VPOS="500" WIDTH="164" HEIGHT="62" CONTENT="faire" WC="0.96" CC="34696"/>
						<SP ID="P19_SP00024" HPOS="1280" VPOS="572" WIDTH="39"/>
						<String ID="P19_ST00028" HPOS="1319" VPOS="505" WIDTH="302" HEIGHT="65" CONTENT="honneur" WC="0.97" CC="7078779"/>
						<SP ID="P19_SP00025" HPOS="1621" VPOS="572" WIDTH="37"/>
						<String ID="P19_ST00029" HPOS="1658" VPOS="513" WIDTH="36" HEIGHT="57" CONTENT="à" WC="0.45" CC="5"/>
						<SP ID="P19_SP00026" HPOS="1694" VPOS="572" WIDTH="30"/>
						<String ID="P19_ST00030" HPOS="1724" VPOS="513" WIDTH="63" HEIGHT="59" CONTENT="la" WC="0.70" CC="50"/>
						<SP ID="P19_SP00027" HPOS="1787" VPOS="572" WIDTH="30"/>
						<String ID="P19_ST00031" HPOS="1817" VPOS="532" WIDTH="274" HEIGHT="58" CONTENT="gaveuse" WC="0.38" CC="6078848"/>
						<SP ID="P19_SP00028" HPOS="2091" VPOS="590" WIDTH="41"/>
						<String ID="P19_ST00032" HPOS="2132" VPOS="518" WIDTH="190" HEIGHT="59" CONTENT="acadé" SUBS_TYPE="HypPart1" SUBS_CONTENT="académique;" WC="0.97" CC="95465"/>
						<HYP HPOS="2322" VPOS="518" WIDTH="37" CONTENT="-"/>
					</TextLine>
					<TextLine ID="P19_TL00005" HPOS="233" VPOS="571" WIDTH="2126" HEIGHT="88">
						<String ID="P19_ST00033" HPOS="233" VPOS="571" WIDTH="258" HEIGHT="75" CONTENT="mique;" SUBS_TYPE="HypPart2" SUBS_CONTENT="académique;" WC="0.97" CC="005849"/>
						<SP ID="P19_SP00029" HPOS="491" VPOS="646" WIDTH="38"/>
						<String ID="P19_ST00034" HPOS="529" VPOS="575" WIDTH="79" HEIGHT="60" CONTENT="de" WC="0.32" CC="76"/>
						<SP ID="P19_SP00030" HPOS="608" VPOS="646" WIDTH="33"/>
						<String ID="P19_ST00035" HPOS="641" VPOS="577" WIDTH="215" HEIGHT="60" CONTENT="même" WC="0.98" CC="0305"/>
						<SP ID="P19_SP00031" HPOS="856" VPOS="646" WIDTH="31"/>
						<String ID="P19_ST00036" HPOS="887" VPOS="580" WIDTH="150" HEIGHT="75" CONTENT="qu'à" WC="0.96" CC="3708"/>
						<SP ID="P19_SP00032" HPOS="1037" VPOS="655" WIDTH="29"/>
						<String ID="P19_ST00037" HPOS="1066" VPOS="581" WIDTH="64" HEIGHT="59" CONTENT="la" WC="0.72" CC="50"/>
						<SP ID="P19_SP00033" HPOS="1130" VPOS="655" WIDTH="30"/>
						<String ID="P19_ST00038" HPOS="1160" VPOS="599" WIDTH="293" HEIGHT="60" CONTENT="caserne," WC="0.98" CC="50669834"/>
						<SP ID="P19_SP00034" HPOS="1453" VPOS="659" WIDTH="31"/>
						<String ID="P19_ST00039" HPOS="1484" VPOS="588" WIDTH="97" HEIGHT="61" CONTENT="les" WC="0.95" CC="750"/>
						<SP ID="P19_SP00035" HPOS="1581" VPOS="659" WIDTH="30"/>
						<String ID="P19_ST00040" HPOS="1611" VPOS="590" WIDTH="445" HEIGHT="65" CONTENT="instructeurs" WC="0.99" CC="504806580703"/>
						<SP ID="P19_SP00036" HPOS="2056" VPOS="659" WIDTH="32"/>
						<String ID="P19_ST00041" HPOS="2088" VPOS="613" WIDTH="80" HEIGHT="43" CONTENT="ne" WC="0.38" CC="84"/>
						<SP ID="P19_SP00037" HPOS="2168" VPOS="659" WIDTH="31"/>
						<String ID="P19_ST00042" HPOS="2199" VPOS="598" WIDTH="128" HEIGHT="59" CONTENT="tolè" SUBS_TYPE="HypPart1" SUBS_CONTENT="tolèrent" WC="0.97" CC="0766"/>
						<HYP HPOS="2327" VPOS="598" WIDTH="32" CONTENT="-"/>
					</TextLine>
					<TextLine ID="P19_TL00006" HPOS="235" VPOS="654" WIDTH="2123" HEIGHT="99">
						<String ID="P19_ST00043" HPOS="235" VPOS="654" WIDTH="146" HEIGHT="55" CONTENT="rent" SUBS_TYPE="HypPart2" SUBS_CONTENT="tolèrent" WC="0.98" CC="0206"/>
						<SP ID="P19_SP00038" HPOS="381" VPOS="709" WIDTH="49"/>
						<String ID="P19_ST00044" HPOS="430" VPOS="669" WIDTH="254" HEIGHT="47" CONTENT="aucune" WC="0.97" CC="084775"/>
						<SP ID="P19_SP00039" HPOS="684" VPOS="716" WIDTH="45"/>
						<String ID="P19_ST00045" HPOS="729" VPOS="657" WIDTH="263" HEIGHT="61" CONTENT="velléité" WC="0.98" CC="62736120"/>
						<SP ID="P19_SP00040" HPOS="992" VPOS="718" WIDTH="57"/>
						<String ID="P19_ST00046" HPOS="1049" VPOS="660" WIDTH="591" HEIGHT="81" CONTENT="d'indépendance," WC="0.99" CC="042009920070104"/>
						<SP ID="P19_SP00041" HPOS="1640" VPOS="741" WIDTH="49"/>
						<String ID="P19_ST00047" HPOS="1689" VPOS="671" WIDTH="48" HEIGHT="59" CONTENT="il" WC="0.57" CC="52"/>
						<SP ID="P19_SP00042" HPOS="1737" VPOS="741" WIDTH="57"/>
						<String ID="P19_ST00048" HPOS="1794" VPOS="671" WIDTH="142" HEIGHT="63" CONTENT="faut" WC="0.95" CC="6077"/>
						<SP ID="P19_SP00043" HPOS="1936" VPOS="741" WIDTH="56"/>
						<String ID="P19_ST00049" HPOS="1992" VPOS="674" WIDTH="149" HEIGHT="61" CONTENT="bien" WC="0.96" CC="7028"/>
						<SP ID="P19_SP00044" HPOS="2141" VPOS="741" WIDTH="56"/>
						<String ID="P19_ST00050" HPOS="2197" VPOS="676" WIDTH="161" HEIGHT="77" CONTENT="qu'il" WC="0.97" CC="48307"/>
					</TextLine>
					<TextLine ID="P19_TL00007" HPOS="235" VPOS="729" WIDTH="2127" HEIGHT="95">
						<String ID="P19_ST00051" HPOS="235" VPOS="729" WIDTH="273" HEIGHT="62" CONTENT="observe" WC="0.96" CC="6867967"/>
						<SP ID="P19_SP00045" HPOS="508" VPOS="791" WIDTH="31"/>
						<String ID="P19_ST00052" HPOS="539" VPOS="734" WIDTH="64" HEIGHT="57" CONTENT="la" WC="0.33" CC="39"/>
						<SP ID="P19_SP00046" HPOS="603" VPOS="791" WIDTH="44"/>
						<String ID="P19_ST00053" HPOS="647" VPOS="735" WIDTH="374" HEIGHT="79" CONTENT="discipline," WC="0.98" CC="64312855774"/>
						<SP ID="P19_SP00047" HPOS="1021" VPOS="814" WIDTH="33"/>
						<String ID="P19_ST00054" HPOS="1054" VPOS="739" WIDTH="498" HEIGHT="80" CONTENT="l'enrégimenté" WC="0.99" CC="3470739097004"/>
						<SP ID="P19_SP00048" HPOS="1552" VPOS="819" WIDTH="31"/>
						<String ID="P19_ST00055" HPOS="1583" VPOS="749" WIDTH="115" HEIGHT="75" CONTENT="qui" WC="0.93" CC="971"/>
						<SP ID="P19_SP00049" HPOS="1698" VPOS="824" WIDTH="38"/>
						<String ID="P19_ST00056" HPOS="1736" VPOS="750" WIDTH="166" HEIGHT="61" CONTENT="tient" WC="0.97" CC="01677"/>
						<SP ID="P19_SP00050" HPOS="1902" VPOS="824" WIDTH="31"/>
						<String ID="P19_ST00057" HPOS="1933" VPOS="753" WIDTH="35" HEIGHT="59" CONTENT="à" WC="0.46" CC="5"/>
						<SP ID="P19_SP00051" HPOS="1968" VPOS="824" WIDTH="32"/>
						<String ID="P19_ST00058" HPOS="2000" VPOS="772" WIDTH="67" HEIGHT="42" CONTENT="se" WC="0.38" CC="47"/>
						<SP ID="P19_SP00052" HPOS="2067" VPOS="824" WIDTH="31"/>
						<String ID="P19_ST00059" HPOS="2098" VPOS="756" WIDTH="264" HEIGHT="59" CONTENT="couvrir" WC="0.99" CC="6580000"/>
					</TextLine>
					<TextLine ID="P19_TL00008" HPOS="233" VPOS="810" WIDTH="2124" HEIGHT="103">
						<String ID="P19_ST00060" HPOS="233" VPOS="810" WIDTH="79" HEIGHT="58" CONTENT="de" WC="0.62" CC="07"/>
						<SP ID="P19_SP00053" HPOS="312" VPOS="868" WIDTH="38"/>
						<String ID="P19_ST00061" HPOS="350" VPOS="812" WIDTH="358" HEIGHT="63" CONTENT="mentions." WC="0.98" CC="977704806"/>
						<SP ID="P19_SP00054" HPOS="708" VPOS="875" WIDTH="35"/>
						<String ID="P19_ST00062" HPOS="743" VPOS="816" WIDTH="57" HEIGHT="60" CONTENT="1)" WC="0.19" CC="78"/>
						<SP ID="P19_SP00055" HPOS="800" VPOS="876" WIDTH="26"/>
						<String ID="P19_ST00063" HPOS="826" VPOS="817" WIDTH="299" HEIGHT="74" CONTENT="ailleurs," WC="0.98" CC="907778034"/>
						<SP ID="P19_SP00056" HPOS="1125" VPOS="891" WIDTH="28"/>
						<String ID="P19_ST00064" HPOS="1153" VPOS="820" WIDTH="390" HEIGHT="65" CONTENT="l'obtention" WC="0.98" CC="14557773158"/>
						<SP ID="P19_SP00057" HPOS="1543" VPOS="891" WIDTH="31"/>
						<String ID="P19_ST00065" HPOS="1574" VPOS="828" WIDTH="116" HEIGHT="59" CONTENT="des" WC="0.95" CC="076"/>
						<SP ID="P19_SP00058" HPOS="1690" VPOS="891" WIDTH="30"/>
						<String ID="P19_ST00066" HPOS="1720" VPOS="830" WIDTH="460" HEIGHT="79" CONTENT="récompenses" WC="0.98" CC="08659878171"/>
						<SP ID="P19_SP00059" HPOS="2180" VPOS="909" WIDTH="32"/>
						<String ID="P19_ST00067" HPOS="2212" VPOS="854" WIDTH="109" HEIGHT="59" CONTENT="pro" SUBS_TYPE="HypPart1" SUBS_CONTENT="procure" WC="0.98" CC="005"/>
						<HYP HPOS="2321" VPOS="854" WIDTH="36" CONTENT="-"/>
					</TextLine>
					<TextLine ID="P19_TL00009" HPOS="232" VPOS="892" WIDTH="2125" HEIGHT="84">
						<String ID="P19_ST00068" HPOS="232" VPOS="905" WIDTH="154" HEIGHT="43" CONTENT="cure" SUBS_TYPE="HypPart2" SUBS_CONTENT="procure" WC="0.95" CC="4782"/>
						<SP ID="P19_SP00060" HPOS="386" VPOS="948" WIDTH="31"/>
						<String ID="P19_ST00069" HPOS="417" VPOS="908" WIDTH="130" HEIGHT="43" CONTENT="une" WC="0.95" CC="086"/>
						<SP ID="P19_SP00061" HPOS="547" VPOS="951" WIDTH="42"/>
						<String ID="P19_ST00070" HPOS="589" VPOS="892" WIDTH="179" HEIGHT="61" CONTENT="foule" WC="0.96" CC="66634"/>
						<SP ID="P19_SP00062" HPOS="768" VPOS="953" WIDTH="34"/>
						<String ID="P19_ST00071" HPOS="802" VPOS="896" WIDTH="78" HEIGHT="60" CONTENT="de" WC="0.68" CC="06"/>
						<SP ID="P19_SP00063" HPOS="880" VPOS="956" WIDTH="30"/>
						<String ID="P19_ST00072" HPOS="910" VPOS="897" WIDTH="376" HEIGHT="79" CONTENT="privilèges," WC="0.99" CC="50006655154"/>
						<SP ID="P19_SP00064" HPOS="1286" VPOS="976" WIDTH="34"/>
						<String ID="P19_ST00073" HPOS="1320" VPOS="903" WIDTH="49" HEIGHT="58" CONTENT="il" WC="0.41" CC="74"/>
						<SP ID="P19_SP00065" HPOS="1369" VPOS="976" WIDTH="39"/>
						<String ID="P19_ST00074" HPOS="1408" VPOS="920" WIDTH="81" HEIGHT="42" CONTENT="va" WC="0.67" CC="06"/>
						<SP ID="P19_SP00066" HPOS="1489" VPOS="976" WIDTH="38"/>
						<String ID="P19_ST00075" HPOS="1527" VPOS="909" WIDTH="223" HEIGHT="58" CONTENT="contre" WC="0.98" CC="568000"/>
						<SP ID="P19_SP00067" HPOS="1750" VPOS="976" WIDTH="42"/>
						<String ID="P19_ST00076" HPOS="1792" VPOS="927" WIDTH="119" HEIGHT="42" CONTENT="son" WC="0.92" CC="657"/>
						<SP ID="P19_SP00068" HPOS="1911" VPOS="976" WIDTH="38"/>
						<String ID="P19_ST00077" HPOS="1949" VPOS="913" WIDTH="240" HEIGHT="61" CONTENT="intérêt" WC="0.99" CC="0606601"/>
						<SP ID="P19_SP00069" HPOS="2189" VPOS="976" WIDTH="39"/>
						<String ID="P19_ST00078" HPOS="2228" VPOS="915" WIDTH="129" HEIGHT="60" CONTENT="d'c-" WC="0.67" CC="0173"/>
					</TextLine>
					<TextLine ID="P19_TL00010" HPOS="434" VPOS="971" WIDTH="1923" HEIGHT="99">
						<String ID="P19_ST00079" HPOS="434" VPOS="971" WIDTH="174" HEIGHT="60" CONTENT="celui" WC="0.96" CC="47770"/>
						<SP ID="P19_SP00070" HPOS="608" VPOS="1031" WIDTH="33"/>
						<String ID="P19_ST00080" HPOS="641" VPOS="974" WIDTH="116" HEIGHT="76" CONTENT="qui" WC="0.95" CC="650"/>
						<SP ID="P19_SP00071" HPOS="757" VPOS="1050" WIDTH="34"/>
						<String ID="P19_ST00081" HPOS="791" VPOS="993" WIDTH="76" HEIGHT="42" CONTENT="ne" WC="0.19" CC="87"/>
						<SP ID="P19_SP00072" HPOS="867" VPOS="1050" WIDTH="28"/>
						<String ID="P19_ST00082" HPOS="895" VPOS="977" WIDTH="345" HEIGHT="61" CONTENT="s'entraîne" WC="0.99" CC="1477700480"/>
						<SP ID="P19_SP00073" HPOS="1240" VPOS="1050" WIDTH="30"/>
						<String ID="P19_ST00083" HPOS="1270" VPOS="998" WIDTH="118" HEIGHT="58" CONTENT="pas" WC="0.93" CC="990"/>
						<SP ID="P19_SP00074" HPOS="1388" VPOS="1056" WIDTH="32"/>
						<String ID="P19_ST00084" HPOS="1420" VPOS="1000" WIDTH="167" HEIGHT="59" CONTENT="pour" WC="0.97" CC="0570"/>
						<SP ID="P19_SP00075" HPOS="1587" VPOS="1059" WIDTH="26"/>
						<String ID="P19_ST00085" HPOS="1613" VPOS="988" WIDTH="301" HEIGHT="76" CONTENT="acquérir" WC="0.98" CC="00960960"/>
						<SP ID="P19_SP00076" HPOS="1914" VPOS="1064" WIDTH="27"/>
						<String ID="P19_ST00086" HPOS="1941" VPOS="990" WIDTH="61" HEIGHT="60" CONTENT="le" WC="0.37" CC="47"/>
						<SP ID="P19_SP00077" HPOS="2002" VPOS="1064" WIDTH="35"/>
						<String ID="P19_ST00087" HPOS="2037" VPOS="993" WIDTH="146" HEIGHT="59" CONTENT="seul" WC="0.94" CC="5787"/>
						<SP ID="P19_SP00078" HPOS="2183" VPOS="1064" WIDTH="29"/>
						<String ID="P19_ST00088" HPOS="2212" VPOS="1012" WIDTH="109" HEIGHT="58" CONTENT="pro" SUBS_TYPE="HypPart1" SUBS_CONTENT="procédé" WC="0.96" CC="904"/>
						<HYP HPOS="2321" VPOS="1012" WIDTH="36" CONTENT="-"/>
					</TextLine>
					<TextLine ID="P19_TL00011" HPOS="231" VPOS="1047" WIDTH="1476" HEIGHT="93">
						<String ID="P19_ST00089" HPOS="231" VPOS="1047" WIDTH="157" HEIGHT="59" CONTENT="cédé" SUBS_TYPE="HypPart2" SUBS_CONTENT="procédé" WC="0.96" CC="7422"/>
						<SP ID="P19_SP00079" HPOS="388" VPOS="1106" WIDTH="35"/>
						<String ID="P19_ST00090" HPOS="423" VPOS="1051" WIDTH="217" HEIGHT="60" CONTENT="admis" WC="0.99" CC="00305"/>
						<SP ID="P19_SP00080" HPOS="640" VPOS="1111" WIDTH="30"/>
						<String ID="P19_ST00091" HPOS="670" VPOS="1071" WIDTH="118" HEIGHT="59" CONTENT="par" WC="1.00" CC="000"/>
						<SP ID="P19_SP00081" HPOS="788" VPOS="1130" WIDTH="30"/>
						<String ID="P19_ST00092" HPOS="818" VPOS="1055" WIDTH="59" HEIGHT="60" CONTENT="le" WC="0.34" CC="75"/>
						<SP ID="P19_SP00082" HPOS="877" VPOS="1130" WIDTH="29"/>
						<String ID="P19_ST00093" HPOS="906" VPOS="1060" WIDTH="353" HEIGHT="72" CONTENT="personnel" WC="0.98" CC="009547804"/>
						<SP ID="P19_SP00083" HPOS="1259" VPOS="1132" WIDTH="32"/>
						<String ID="P19_ST00094" HPOS="1291" VPOS="1063" WIDTH="416" HEIGHT="77" CONTENT="enseignant." WC="0.99" CC="60634770474"/>
					</TextLine>
					<TextLine ID="P19_TL00012" HPOS="313" VPOS="1127" WIDTH="2044" HEIGHT="94">
						<String ID="P19_ST00095" HPOS="313" VPOS="1127" WIDTH="112" HEIGHT="74" CONTENT="Or," WC="0.94" CC="194"/>
						<SP ID="P19_SP00084" HPOS="425" VPOS="1201" WIDTH="32"/>
						<String ID="P19_ST00096" HPOS="457" VPOS="1129" WIDTH="61" HEIGHT="61" CONTENT="le" WC="0.46" CC="37"/>
						<SP ID="P19_SP00085" HPOS="518" VPOS="1201" WIDTH="33"/>
						<String ID="P19_ST00097" HPOS="551" VPOS="1132" WIDTH="174" HEIGHT="75" CONTENT="sujet" WC="0.97" CC="58334"/>
						<SP ID="P19_SP00086" HPOS="725" VPOS="1207" WIDTH="43"/>
						<String ID="P19_ST00098" HPOS="768" VPOS="1151" WIDTH="156" HEIGHT="44" CONTENT="sans" WC="0.97" CC="6070"/>
						<SP ID="P19_SP00087" HPOS="924" VPOS="1207" WIDTH="31"/>
						<String ID="P19_ST00099" HPOS="955" VPOS="1140" WIDTH="445" HEIGHT="72" CONTENT="personnalité" WC="0.99" CC="000657204255"/>
						<SP ID="P19_SP00088" HPOS="1400" VPOS="1212" WIDTH="27"/>
						<String ID="P19_ST00100" HPOS="1427" VPOS="1144" WIDTH="172" HEIGHT="58" CONTENT="mais" WC="0.98" CC="0045"/>
						<SP ID="P19_SP00089" HPOS="1599" VPOS="1212" WIDTH="30"/>
						<String ID="P19_ST00101" HPOS="1629" VPOS="1145" WIDTH="323" HEIGHT="76" CONTENT="bûcheur," WC="0.98" CC="75570804"/>
						<SP ID="P19_SP00090" HPOS="1952" VPOS="1221" WIDTH="33"/>
						<String ID="P19_ST00102" HPOS="1985" VPOS="1150" WIDTH="61" HEIGHT="59" CONTENT="le" WC="0.69" CC="50"/>
						<SP ID="P19_SP00091" HPOS="2046" VPOS="1221" WIDTH="49"/>
						<String ID="P19_ST00103" HPOS="2095" VPOS="1154" WIDTH="219" HEIGHT="58" CONTENT="Garno" SUBS_TYPE="HypPart1" SUBS_CONTENT="Garnotelie," WC="0.43" CC="08677" STYLEREFS="TXT_3"/>
						<HYP HPOS="2314" VPOS="1154" WIDTH="43" CONTENT="-"/>
					</TextLine>
					<TextLine ID="P19_TL00013" HPOS="232" VPOS="1209" WIDTH="2122" HEIGHT="94">
						<String ID="P19_ST00104" HPOS="232" VPOS="1209" WIDTH="177" HEIGHT="71" CONTENT="telie," SUBS_TYPE="HypPart2" SUBS_CONTENT="Garnotelie," WC="0.56" CC="663404" STYLEREFS="TXT_3"/>
						<SP ID="P19_SP00092" HPOS="409" VPOS="1280" WIDTH="35"/>
						<String ID="P19_ST00105" HPOS="444" VPOS="1225" WIDTH="69" HEIGHT="42" CONTENT="se" WC="0.10" CC="89" STYLEREFS="TXT_3"/>
						<SP ID="P19_SP00093" HPOS="513" VPOS="1280" WIDTH="29"/>
						<String ID="P19_ST00106" HPOS="542" VPOS="1211" WIDTH="211" HEIGHT="75" CONTENT="pliant" WC="0.98" CC="071076"/>
						<SP ID="P19_SP00094" HPOS="753" VPOS="1286" WIDTH="33"/>
						<String ID="P19_ST00107" HPOS="786" VPOS="1231" WIDTH="226" HEIGHT="42" CONTENT="mieux" WC="0.97" CC="00776"/>
						<SP ID="P19_SP00095" HPOS="1012" VPOS="1286" WIDTH="32"/>
						<String ID="P19_ST00108" HPOS="1044" VPOS="1235" WIDTH="36" HEIGHT="41" CONTENT="a" WC="0.09" CC="9"/>
						<SP ID="P19_SP00096" HPOS="1080" VPOS="1286" WIDTH="35"/>
						<String ID="P19_ST00109" HPOS="1115" VPOS="1216" WIDTH="63" HEIGHT="60" CONTENT="la" WC="0.13" CC="79"/>
						<SP ID="P19_SP00097" HPOS="1178" VPOS="1286" WIDTH="32"/>
						<String ID="P19_ST00110" HPOS="1210" VPOS="1219" WIDTH="174" HEIGHT="77" CONTENT="règle" WC="0.96" CC="85744"/>
						<SP ID="P19_SP00098" HPOS="1384" VPOS="1296" WIDTH="33"/>
						<String ID="P19_ST00111" HPOS="1417" VPOS="1238" WIDTH="127" HEIGHT="59" CONTENT="que" WC="0.97" CC="070"/>
						<SP ID="P19_SP00099" HPOS="1544" VPOS="1297" WIDTH="32"/>
						<String ID="P19_ST00112" HPOS="1576" VPOS="1223" WIDTH="61" HEIGHT="61" CONTENT="le" WC="0.63" CC="33"/>
						<SP ID="P19_SP00100" HPOS="1637" VPOS="1297" WIDTH="30"/>
						<String ID="P19_ST00113" HPOS="1667" VPOS="1226" WIDTH="687" HEIGHT="77" CONTENT="tempéramentueux," WC="0.48" CC="2737499037274750"/>
					</TextLine>
					<TextLine ID="P19_TL00014" HPOS="230" VPOS="1285" WIDTH="2131" HEIGHT="86">
						<String ID="P19_ST00114" HPOS="230" VPOS="1285" WIDTH="50" HEIGHT="58" CONTENT="il" WC="0.61" CC="34"/>
						<SP ID="P19_SP00101" HPOS="280" VPOS="1343" WIDTH="32"/>
						<String ID="P19_ST00115" HPOS="312" VPOS="1287" WIDTH="212" HEIGHT="61" CONTENT="arrive" WC="0.98" CC="509103"/>
						<SP ID="P19_SP00102" HPOS="524" VPOS="1348" WIDTH="46"/>
						<String ID="P19_ST00116" HPOS="570" VPOS="1308" WIDTH="128" HEIGHT="59" CONTENT="que" WC="0.93" CC="466"/>
						<SP ID="P19_SP00103" HPOS="698" VPOS="1367" WIDTH="50"/>
						<String ID="P19_ST00117" HPOS="748" VPOS="1297" WIDTH="165" HEIGHT="58" CONTENT="cette" WC="0.97" CC="10676"/>
						<SP ID="P19_SP00104" HPOS="913" VPOS="1367" WIDTH="44"/>
						<String ID="P19_ST00118" HPOS="957" VPOS="1295" WIDTH="306" HEIGHT="63" CONTENT="méthode" WC="0.97" CC="0367684"/>
						<SP ID="P19_SP00105" HPOS="1263" VPOS="1367" WIDTH="49"/>
						<String ID="P19_ST00119" HPOS="1312" VPOS="1300" WIDTH="288" HEIGHT="64" CONTENT="absurde" WC="0.97" CC="3878594"/>
						<SP ID="P19_SP00106" HPOS="1600" VPOS="1367" WIDTH="48"/>
						<String ID="P19_ST00120" HPOS="1648" VPOS="1304" WIDTH="285" HEIGHT="62" CONTENT="favorise" WC="0.97" CC="69969445"/>
						<SP ID="P19_SP00107" HPOS="1933" VPOS="1367" WIDTH="44"/>
						<String ID="P19_ST00121" HPOS="1977" VPOS="1308" WIDTH="98" HEIGHT="59" CONTENT="les" WC="0.99" CC="110"/>
						<SP ID="P19_SP00108" HPOS="2075" VPOS="1367" WIDTH="35"/>
						<String ID="P19_ST00122" HPOS="2110" VPOS="1310" WIDTH="210" HEIGHT="61" CONTENT="médio" SUBS_TYPE="HypPart1" SUBS_CONTENT="médiocres," WC="0.53" CC="14556"/>
						<HYP HPOS="2320" VPOS="1310" WIDTH="41" CONTENT="-"/>
					</TextLine>
					<TextLine ID="P19_TL00015" HPOS="231" VPOS="1371" WIDTH="2126" HEIGHT="88">
						<String ID="P19_ST00123" HPOS="231" VPOS="1381" WIDTH="165" HEIGHT="57" CONTENT="cres," SUBS_TYPE="HypPart2" SUBS_CONTENT="médiocres," WC="0.76" CC="10307"/>
						<SP ID="P19_SP00109" HPOS="396" VPOS="1438" WIDTH="150"/>
						<String ID="P19_ST00124" HPOS="546" VPOS="1371" WIDTH="56" HEIGHT="56" CONTENT="si" WC="0.29" CC="67"/>
						<SP ID="P19_SP00110" HPOS="602" VPOS="1438" WIDTH="50"/>
						<String ID="P19_ST00125" HPOS="652" VPOS="1388" WIDTH="31" HEIGHT="42" CONTENT="c" WC="0.48" CC="5"/>
						<SP ID="P19_SP00111" HPOS="683" VPOS="1438" WIDTH="27"/>
						<String ID="P19_ST00126" HPOS="710" VPOS="1375" WIDTH="99" HEIGHT="57" CONTENT="est" WC="0.96" CC="370"/>
						<SP ID="P19_SP00112" HPOS="809" VPOS="1438" WIDTH="47"/>
						<String ID="P19_ST00127" HPOS="856" VPOS="1372" WIDTH="325" HEIGHT="63" CONTENT="favoriser" WC="0.99" CC="000405339"/>
						<SP ID="P19_SP00113" HPOS="1181" VPOS="1438" WIDTH="42"/>
						<String ID="P19_ST00128" HPOS="1223" VPOS="1379" WIDTH="364" HEIGHT="77" CONTENT="quelqu'un" WC="0.98" CC="085798308"/>
						<SP ID="P19_SP00114" HPOS="1587" VPOS="1456" WIDTH="32"/>
						<String ID="P19_ST00129" HPOS="1619" VPOS="1400" WIDTH="126" HEIGHT="59" CONTENT="que" WC="0.93" CC="972"/>
						<SP ID="P19_SP00115" HPOS="1745" VPOS="1459" WIDTH="48"/>
						<String ID="P19_ST00130" HPOS="1793" VPOS="1385" WIDTH="287" HEIGHT="61" CONTENT="l'abuser" WC="0.98" CC="64968009"/>
						<SP ID="P19_SP00116" HPOS="2080" VPOS="1459" WIDTH="43"/>
						<String ID="P19_ST00131" HPOS="2123" VPOS="1405" WIDTH="116" HEIGHT="42" CONTENT="sur" WC="0.94" CC="770"/>
						<SP ID="P19_SP00117" HPOS="2239" VPOS="1459" WIDTH="47"/>
						<String ID="P19_ST00132" HPOS="2286" VPOS="1407" WIDTH="71" HEIGHT="42" CONTENT="sa" WC="0.77" CC="40"/>
					</TextLine>
					<TextLine ID="P19_TL00016" HPOS="226" VPOS="1445" WIDTH="2131" HEIGHT="94">
						<String ID="P19_ST00133" HPOS="226" VPOS="1445" WIDTH="255" HEIGHT="62" CONTENT="valeur." WC="0.98" CC="0846804"/>
						<SP ID="P19_SP00118" HPOS="481" VPOS="1507" WIDTH="34"/>
						<String ID="P19_ST00134" HPOS="515" VPOS="1447" WIDTH="214" HEIGHT="63" CONTENT="Meme" WC="0.41" CC="5575"/>
						<SP ID="P19_SP00119" HPOS="729" VPOS="1510" WIDTH="34"/>
						<String ID="P19_ST00135" HPOS="763" VPOS="1469" WIDTH="80" HEIGHT="42" CONTENT="en" WC="0.24" CC="68"/>
						<SP ID="P19_SP00120" HPOS="843" VPOS="1511" WIDTH="33"/>
						<String ID="P19_ST00136" HPOS="876" VPOS="1459" WIDTH="364" HEIGHT="72" CONTENT="supposant" WC="0.99" CC="970056024"/>
						<SP ID="P19_SP00121" HPOS="1240" VPOS="1531" WIDTH="33"/>
						<String ID="P19_ST00137" HPOS="1273" VPOS="1474" WIDTH="127" HEIGHT="58" CONTENT="que" WC="0.91" CC="986"/>
						<SP ID="P19_SP00122" HPOS="1400" VPOS="1532" WIDTH="47"/>
						<String ID="P19_ST00138" HPOS="1447" VPOS="1461" WIDTH="78" HEIGHT="59" CONTENT="de" WC="0.67" CC="06"/>
						<SP ID="P19_SP00123" HPOS="1525" VPOS="1532" WIDTH="27"/>
						<String ID="P19_ST00139" HPOS="1552" VPOS="1465" WIDTH="501" HEIGHT="74" CONTENT="remarquables" WC="0.99" CC="063909807366"/>
						<SP ID="P19_SP00124" HPOS="2053" VPOS="1539" WIDTH="32"/>
						<String ID="P19_ST00140" HPOS="2085" VPOS="1470" WIDTH="272" HEIGHT="59" CONTENT="natures" WC="0.98" CC="8027045"/>
					</TextLine>
					<TextLine ID="P19_TL00017" HPOS="230" VPOS="1522" WIDTH="2124" HEIGHT="90">
						<String ID="P19_ST00141" HPOS="230" VPOS="1522" WIDTH="261" HEIGHT="62" CONTENT="fussent" WC="0.99" CC="3500604"/>
						<SP ID="P19_SP00125" HPOS="491" VPOS="1584" WIDTH="33"/>
						<String ID="P19_ST00142" HPOS="524" VPOS="1530" WIDTH="220" HEIGHT="60" CONTENT="seules" WC="0.97" CC="547562"/>
						<SP ID="P19_SP00126" HPOS="744" VPOS="1590" WIDTH="25"/>
						<String ID="P19_ST00143" HPOS="769" VPOS="1531" WIDTH="311" HEIGHT="76" CONTENT="primées," WC="0.98" CC="09760634"/>
						<SP ID="P19_SP00127" HPOS="1080" VPOS="1607" WIDTH="36"/>
						<String ID="P19_ST00144" HPOS="1116" VPOS="1534" WIDTH="58" HEIGHT="59" CONTENT="le" WC="0.33" CC="66"/>
						<SP ID="P19_SP00128" HPOS="1174" VPOS="1607" WIDTH="30"/>
						<String ID="P19_ST00145" HPOS="1204" VPOS="1538" WIDTH="293" HEIGHT="74" CONTENT="système" WC="0.98" CC="0607604"/>
						<SP ID="P19_SP00129" HPOS="1497" VPOS="1612" WIDTH="30"/>
						<String ID="P19_ST00146" HPOS="1527" VPOS="1540" WIDTH="336" HEIGHT="66" CONTENT="laisserait" WC="0.98" CC="8974669088"/>
						<SP ID="P19_SP00130" HPOS="1863" VPOS="1612" WIDTH="33"/>
						<String ID="P19_ST00147" HPOS="1896" VPOS="1562" WIDTH="228" HEIGHT="43" CONTENT="encore" WC="0.96" CC="585697"/>
						<SP ID="P19_SP00131" HPOS="2124" VPOS="1612" WIDTH="31"/>
						<String ID="P19_ST00148" HPOS="2155" VPOS="1546" WIDTH="160" HEIGHT="60" CONTENT="beau" SUBS_TYPE="HypPart1" SUBS_CONTENT="beaucoup" WC="0.97" CC="7607"/>
						<HYP HPOS="2315" VPOS="1546" WIDTH="39" CONTENT="-"/>
					</TextLine>
					<TextLine ID="P19_TL00018" HPOS="231" VPOS="1605" WIDTH="2124" HEIGHT="94">
						<String ID="P19_ST00149" HPOS="231" VPOS="1620" WIDTH="165" HEIGHT="60" CONTENT="coup" SUBS_TYPE="HypPart2" SUBS_CONTENT="beaucoup" WC="0.97" CC="0680"/>
						<SP ID="P19_SP00132" HPOS="396" VPOS="1680" WIDTH="49"/>
						<String ID="P19_ST00150" HPOS="445" VPOS="1605" WIDTH="37" HEIGHT="58" CONTENT="à" WC="0.41" CC="5"/>
						<SP ID="P19_SP00133" HPOS="482" VPOS="1680" WIDTH="50"/>
						<String ID="P19_ST00151" HPOS="532" VPOS="1606" WIDTH="279" HEIGHT="78" CONTENT="désirer;" WC="0.98" CC="63310194"/>
						<SP ID="P19_SP00134" HPOS="811" VPOS="1684" WIDTH="36"/>
						<String ID="P19_ST00152" HPOS="847" VPOS="1629" WIDTH="77" HEIGHT="42" CONTENT="en" WC="0.29" CC="68"/>
						<SP ID="P19_SP00135" HPOS="924" VPOS="1684" WIDTH="47"/>
						<String ID="P19_ST00153" HPOS="971" VPOS="1614" WIDTH="175" HEIGHT="73" CONTENT="effet," WC="0.98" CC="511074"/>
						<SP ID="P19_SP00136" HPOS="1146" VPOS="1687" WIDTH="35"/>
						<String ID="P19_ST00154" HPOS="1181" VPOS="1631" WIDTH="84" HEIGHT="42" CONTENT="on" WC="0.80" CC="30"/>
						<SP ID="P19_SP00137" HPOS="1265" VPOS="1687" WIDTH="49"/>
						<String ID="P19_ST00155" HPOS="1314" VPOS="1618" WIDTH="259" HEIGHT="60" CONTENT="accable" WC="0.97" CC="9359065"/>
						<SP ID="P19_SP00138" HPOS="1573" VPOS="1687" WIDTH="51"/>
						<String ID="P19_ST00156" HPOS="1624" VPOS="1639" WIDTH="104" HEIGHT="42" CONTENT="ces" WC="0.94" CC="546"/>
						<SP ID="P19_SP00139" HPOS="1728" VPOS="1687" WIDTH="42"/>
						<String ID="P19_ST00157" HPOS="1770" VPOS="1623" WIDTH="465" HEIGHT="76" CONTENT="jouvenceaux" WC="0.99" CC="67701060079"/>
						<SP ID="P19_SP00140" HPOS="2235" VPOS="1699" WIDTH="40"/>
						<String ID="P19_ST00158" HPOS="2275" VPOS="1628" WIDTH="80" HEIGHT="59" CONTENT="de" WC="0.41" CC="65"/>
					</TextLine>
					<TextLine ID="P19_TL00019" HPOS="228" VPOS="1684" WIDTH="2126" HEIGHT="94">
						<String ID="P19_ST00159" HPOS="228" VPOS="1684" WIDTH="153" HEIGHT="74" CONTENT="prix" WC="0.95" CC="0987"/>
						<SP ID="P19_SP00141" HPOS="381" VPOS="1758" WIDTH="38"/>
						<String ID="P19_ST00160" HPOS="419" VPOS="1686" WIDTH="205" HEIGHT="76" CONTENT="payés" WC="0.97" CC="00585"/>
						<SP ID="P19_SP00142" HPOS="624" VPOS="1762" WIDTH="41"/>
						<String ID="P19_ST00161" HPOS="665" VPOS="1706" WIDTH="79" HEIGHT="42" CONTENT="en" WC="0.42" CC="37"/>
						<SP ID="P19_SP00143" HPOS="744" VPOS="1762" WIDTH="46"/>
						<String ID="P19_ST00162" HPOS="790" VPOS="1691" WIDTH="264" HEIGHT="76" CONTENT="espèces" WC="0.98" CC="1464273"/>
						<SP ID="P19_SP00144" HPOS="1054" VPOS="1767" WIDTH="136"/>
						<String ID="P19_ST00163" HPOS="1190" VPOS="1698" WIDTH="289" HEIGHT="73" CONTENT="pendant" WC="0.99" CC="0606000"/>
						<SP ID="P19_SP00145" HPOS="1479" VPOS="1771" WIDTH="41"/>
						<String ID="P19_ST00164" HPOS="1520" VPOS="1699" WIDTH="147" HEIGHT="61" CONTENT="leur" WC="0.96" CC="5570"/>
						<SP ID="P19_SP00146" HPOS="1667" VPOS="1771" WIDTH="45"/>
						<String ID="P19_ST00165" HPOS="1712" VPOS="1701" WIDTH="429" HEIGHT="77" CONTENT="stabulation," WC="0.67" CC="585000001664"/>
						<SP ID="P19_SP00147" HPOS="2141" VPOS="1778" WIDTH="48"/>
						<String ID="P19_ST00166" HPOS="2189" VPOS="1709" WIDTH="84" HEIGHT="60" CONTENT="et," WC="0.95" CC="057"/>
						<SP ID="P19_SP00148" HPOS="2273" VPOS="1778" WIDTH="44"/>
						<String ID="P19_ST00167" HPOS="2317" VPOS="1708" WIDTH="37" HEIGHT="58" CONTENT="à" WC="0.16" CC="8"/>
					</TextLine>
					<TextLine ID="P19_TL00020" HPOS="228" VPOS="1762" WIDTH="2125" HEIGHT="89">
						<String ID="P19_ST00168" HPOS="228" VPOS="1762" WIDTH="193" HEIGHT="76" CONTENT="peine" WC="0.97" CC="05583"/>
						<SP ID="P19_SP00149" HPOS="421" VPOS="1838" WIDTH="47"/>
						<String ID="P19_ST00169" HPOS="468" VPOS="1767" WIDTH="250" HEIGHT="60" CONTENT="rendus" WC="0.98" CC="008075"/>
						<SP ID="P19_SP00150" HPOS="718" VPOS="1838" WIDTH="53"/>
						<String ID="P19_ST00170" HPOS="771" VPOS="1770" WIDTH="35" HEIGHT="58" CONTENT="à" WC="0.26" CC="7"/>
						<SP ID="P19_SP00151" HPOS="806" VPOS="1838" WIDTH="55"/>
						<String ID="P19_ST00171" HPOS="861" VPOS="1770" WIDTH="167" HEIGHT="62" CONTENT="libre" WC="0.97" CC="44093"/>
						<SP ID="P19_SP00152" HPOS="1028" VPOS="1838" WIDTH="51"/>
						<String ID="P19_ST00172" HPOS="1079" VPOS="1774" WIDTH="540" HEIGHT="77" CONTENT="transhumance," WC="0.99" CC="6007470707304"/>
						<SP ID="P19_SP00153" HPOS="1619" VPOS="1851" WIDTH="61"/>
						<String ID="P19_ST00173" HPOS="1680" VPOS="1798" WIDTH="82" HEIGHT="40" CONTENT="on" WC="0.44" CC="28"/>
						<SP ID="P19_SP00154" HPOS="1762" VPOS="1851" WIDTH="45"/>
						<String ID="P19_ST00174" HPOS="1807" VPOS="1781" WIDTH="98" HEIGHT="60" CONTENT="les" WC="0.97" CC="051"/>
						<SP ID="P19_SP00155" HPOS="1905" VPOS="1851" WIDTH="58"/>
						<String ID="P19_ST00175" HPOS="1963" VPOS="1784" WIDTH="390" HEIGHT="62" CONTENT="abandonne" WC="0.99" CC="073702000"/>
					</TextLine>
					<TextLine ID="P19_TL00021" HPOS="230" VPOS="1842" WIDTH="2123" HEIGHT="98">
						<String ID="P19_ST00176" HPOS="230" VPOS="1842" WIDTH="36" HEIGHT="59" CONTENT="à" WC="0.27" CC="7"/>
						<SP ID="P19_SP00156" HPOS="266" VPOS="1901" WIDTH="30"/>
						<String ID="P19_ST00177" HPOS="296" VPOS="1842" WIDTH="181" HEIGHT="60" CONTENT="leurs" WC="0.98" CC="12704"/>
						<SP ID="P19_SP00157" HPOS="477" VPOS="1902" WIDTH="33"/>
						<String ID="P19_ST00178" HPOS="510" VPOS="1864" WIDTH="267" HEIGHT="60" CONTENT="propres" WC="0.98" CC="7069040"/>
						<SP ID="P19_SP00158" HPOS="777" VPOS="1924" WIDTH="27"/>
						<String ID="P19_ST00179" HPOS="804" VPOS="1866" WIDTH="414" HEIGHT="60" CONTENT="ressources;" WC="0.99" CC="02644703540"/>
						<SP ID="P19_SP00159" HPOS="1218" VPOS="1926" WIDTH="34"/>
						<String ID="P19_ST00180" HPOS="1252" VPOS="1872" WIDTH="82" HEIGHT="41" CONTENT="on" WC="0.29" CC="58"/>
						<SP ID="P19_SP00160" HPOS="1334" VPOS="1926" WIDTH="31"/>
						<String ID="P19_ST00181" HPOS="1365" VPOS="1856" WIDTH="99" HEIGHT="60" CONTENT="les" WC="0.96" CC="045"/>
						<SP ID="P19_SP00161" HPOS="1464" VPOS="1926" WIDTH="29"/>
						<String ID="P19_ST00182" HPOS="1493" VPOS="1858" WIDTH="207" HEIGHT="73" CONTENT="lâche," WC="0.97" CC="064754"/>
						<SP ID="P19_SP00162" HPOS="1700" VPOS="1931" WIDTH="32"/>
						<String ID="P19_ST00183" HPOS="1732" VPOS="1861" WIDTH="35" HEIGHT="59" CONTENT="à" WC="0.37" CC="6"/>
						<SP ID="P19_SP00163" HPOS="1767" VPOS="1931" WIDTH="37"/>
						<String ID="P19_ST00184" HPOS="1804" VPOS="1861" WIDTH="393" HEIGHT="79" CONTENT="l'exception" WC="0.99" CC="40596207660"/>
						<SP ID="P19_SP00164" HPOS="2197" VPOS="1940" WIDTH="39"/>
						<String ID="P19_ST00185" HPOS="2236" VPOS="1866" WIDTH="117" HEIGHT="59" CONTENT="des" WC="0.98" CC="032"/>
					</TextLine>
					<TextLine ID="P19_TL00022" HPOS="227" VPOS="1919" WIDTH="2127" HEIGHT="97">
						<String ID="P19_ST00186" HPOS="227" VPOS="1919" WIDTH="298" HEIGHT="64" CONTENT="lauréats" WC="0.98" CC="38600607"/>
						<SP ID="P19_SP00165" HPOS="525" VPOS="1983" WIDTH="18"/>
						<String ID="P19_ST00187" HPOS="543" VPOS="1925" WIDTH="87" HEIGHT="58" CONTENT="du" WC="0.57" CC="08"/>
						<SP ID="P19_SP00166" HPOS="630" VPOS="1983" WIDTH="22"/>
						<String ID="P19_ST00188" HPOS="652" VPOS="1926" WIDTH="149" HEIGHT="76" CONTENT="prix" WC="0.98" CC="0009"/>
						<SP ID="P19_SP00167" HPOS="801" VPOS="2002" WIDTH="24"/>
						<String ID="P19_ST00189" HPOS="825" VPOS="1930" WIDTH="79" HEIGHT="58" CONTENT="de" WC="0.72" CC="05"/>
						<SP ID="P19_SP00168" HPOS="904" VPOS="2002" WIDTH="20"/>
						<String ID="P19_ST00190" HPOS="924" VPOS="1930" WIDTH="233" HEIGHT="75" CONTENT="Rome," WC="0.97" CC="65054"/>
						<SP ID="P19_SP00169" HPOS="1157" VPOS="2005" WIDTH="20"/>
						<String ID="P19_ST00191" HPOS="1177" VPOS="1949" WIDTH="82" HEIGHT="42" CONTENT="on" WC="0.85" CC="20"/>
						<SP ID="P19_SP00170" HPOS="1259" VPOS="2005" WIDTH="22"/>
						<String ID="P19_ST00192" HPOS="1281" VPOS="1934" WIDTH="98" HEIGHT="59" CONTENT="les" WC="0.93" CC="655"/>
						<SP ID="P19_SP00171" HPOS="1379" VPOS="2005" WIDTH="25"/>
						<String ID="P19_ST00193" HPOS="1404" VPOS="1935" WIDTH="183" HEIGHT="61" CONTENT="lâche" WC="0.97" CC="65307"/>
						<SP ID="P19_SP00172" HPOS="1587" VPOS="2005" WIDTH="33"/>
						<String ID="P19_ST00194" HPOS="1620" VPOS="1939" WIDTH="172" HEIGHT="60" CONTENT="alors" WC="0.96" CC="97604"/>
						<SP ID="P19_SP00173" HPOS="1792" VPOS="2005" WIDTH="33"/>
						<String ID="P19_ST00195" HPOS="1825" VPOS="1943" WIDTH="198" HEIGHT="73" CONTENT="qu'ils" WC="0.97" CC="070686"/>
						<SP ID="P19_SP00174" HPOS="2023" VPOS="2016" WIDTH="29"/>
						<String ID="P19_ST00196" HPOS="2052" VPOS="1944" WIDTH="302" HEIGHT="60" CONTENT="auraient" WC="0.99" CC="07701280"/>
					</TextLine>
					<TextLine ID="P19_TL00023" HPOS="227" VPOS="2002" WIDTH="2126" HEIGHT="90">
						<String ID="P19_ST00197" HPOS="227" VPOS="2002" WIDTH="145" HEIGHT="57" CONTENT="tant" WC="0.95" CC="5069"/>
						<SP ID="P19_SP00175" HPOS="372" VPOS="2059" WIDTH="47"/>
						<String ID="P19_ST00198" HPOS="419" VPOS="2002" WIDTH="230" HEIGHT="61" CONTENT="besoin" WC="0.96" CC="765548"/>
						<SP ID="P19_SP00176" HPOS="649" VPOS="2063" WIDTH="44"/>
						<String ID="P19_ST00199" HPOS="693" VPOS="2006" WIDTH="213" HEIGHT="62" CONTENT="d'aide" WC="0.99" CC="040043"/>
						<SP ID="P19_SP00177" HPOS="906" VPOS="2068" WIDTH="45"/>
						<String ID="P19_ST00200" HPOS="951" VPOS="2011" WIDTH="133" HEIGHT="59" CONTENT="afin" WC="0.96" CC="0668"/>
						<SP ID="P19_SP00178" HPOS="1084" VPOS="2070" WIDTH="54"/>
						<String ID="P19_ST00201" HPOS="1138" VPOS="2012" WIDTH="78" HEIGHT="59" CONTENT="de" WC="0.87" CC="02"/>
						<SP ID="P19_SP00179" HPOS="1216" VPOS="2071" WIDTH="32"/>
						<String ID="P19_ST00202" HPOS="1248" VPOS="2015" WIDTH="332" HEIGHT="75" CONTENT="produire." WC="0.99" CC="006082063"/>
						<SP ID="P19_SP00180" HPOS="1580" VPOS="2090" WIDTH="35"/>
						<String ID="P19_ST00203" HPOS="1615" VPOS="2020" WIDTH="346" HEIGHT="72" CONTENT="Pourtant," WC="0.98" CC="670069664"/>
						<SP ID="P19_SP00181" HPOS="1961" VPOS="2092" WIDTH="36"/>
						<String ID="P19_ST00204" HPOS="1997" VPOS="2023" WIDTH="79" HEIGHT="59" CONTENT="de" WC="0.81" CC="03"/>
						<SP ID="P19_SP00182" HPOS="2076" VPOS="2092" WIDTH="48"/>
						<String ID="P19_ST00205" HPOS="2124" VPOS="2023" WIDTH="229" HEIGHT="61" CONTENT="l'élève" WC="0.98" CC="5447706"/>
					</TextLine>
					<TextLine ID="P19_TL00024" HPOS="231" VPOS="2080" WIDTH="2122" HEIGHT="99">
						<String ID="P19_ST00206" HPOS="231" VPOS="2080" WIDTH="113" HEIGHT="75" CONTENT="qui" WC="0.95" CC="084"/>
						<SP ID="P19_SP00183" HPOS="344" VPOS="2155" WIDTH="33"/>
						<String ID="P19_ST00207" HPOS="377" VPOS="2082" WIDTH="183" HEIGHT="75" CONTENT="copie" WC="0.97" CC="74045"/>
						<SP ID="P19_SP00184" HPOS="560" VPOS="2157" WIDTH="33"/>
						<String ID="P19_ST00208" HPOS="593" VPOS="2103" WIDTH="84" HEIGHT="39" CONTENT="ou" WC="0.22" CC="78"/>
						<SP ID="P19_SP00185" HPOS="677" VPOS="2157" WIDTH="40"/>
						<String ID="P19_ST00209" HPOS="717" VPOS="2085" WIDTH="84" HEIGHT="60" CONTENT="du" WC="0.26" CC="85"/>
						<SP ID="P19_SP00186" HPOS="801" VPOS="2157" WIDTH="39"/>
						<String ID="P19_ST00210" HPOS="840" VPOS="2087" WIDTH="319" HEIGHT="61" CONTENT="débutant" WC="0.97" CC="75770687"/>
						<SP ID="P19_SP00187" HPOS="1159" VPOS="2157" WIDTH="45"/>
						<String ID="P19_ST00211" HPOS="1204" VPOS="2092" WIDTH="114" HEIGHT="74" CONTENT="qui" WC="0.97" CC="070"/>
						<SP ID="P19_SP00188" HPOS="1318" VPOS="2166" WIDTH="46"/>
						<String ID="P19_ST00212" HPOS="1364" VPOS="2094" WIDTH="322" HEIGHT="62" CONTENT="s'arrache" WC="0.98" CC="645795076"/>
						<SP ID="P19_SP00189" HPOS="1686" VPOS="2166" WIDTH="50"/>
						<String ID="P19_ST00213" HPOS="1736" VPOS="2115" WIDTH="128" HEIGHT="44" CONTENT="une" WC="0.96" CC="604"/>
						<SP ID="P19_SP00190" HPOS="1864" VPOS="2166" WIDTH="55"/>
						<String ID="P19_ST00214" HPOS="1919" VPOS="2118" WIDTH="249" HEIGHT="56" CONTENT="œuvre," WC="0.97" CC="470924"/>
						<SP ID="P19_SP00191" HPOS="2168" VPOS="2174" WIDTH="33"/>
						<String ID="P19_ST00215" HPOS="2201" VPOS="2103" WIDTH="152" HEIGHT="76" CONTENT="quel" WC="0.95" CC="0867"/>
					</TextLine>
					<TextLine ID="P19_TL00025" HPOS="231" VPOS="2160" WIDTH="2126" HEIGHT="96">
						<String ID="P19_ST00216" HPOS="231" VPOS="2160" WIDTH="99" HEIGHT="57" CONTENT="est" WC="0.98" CC="102"/>
						<SP ID="P19_SP00192" HPOS="330" VPOS="2217" WIDTH="28"/>
						<String ID="P19_ST00217" HPOS="358" VPOS="2160" WIDTH="59" HEIGHT="58" CONTENT="le" WC="0.77" CC="40"/>
						<SP ID="P19_SP00193" HPOS="417" VPOS="2218" WIDTH="33"/>
						<String ID="P19_ST00218" HPOS="450" VPOS="2162" WIDTH="150" HEIGHT="75" CONTENT="plus" WC="0.96" CC="0476"/>
						<SP ID="P19_SP00194" HPOS="600" VPOS="2237" WIDTH="32"/>
						<String ID="P19_ST00219" HPOS="632" VPOS="2165" WIDTH="360" HEIGHT="62" CONTENT="méritant?" WC="0.98" CC="019439867"/>
						<SP ID="P19_SP00195" HPOS="992" VPOS="2237" WIDTH="22"/>
						<String ID="P19_ST00220" HPOS="1014" VPOS="2169" WIDTH="101" HEIGHT="59" CONTENT="On" WC="0.35" CC="48"/>
						<SP ID="P19_SP00196" HPOS="1115" VPOS="2237" WIDTH="31"/>
						<String ID="P19_ST00221" HPOS="1146" VPOS="2170" WIDTH="309" HEIGHT="77" CONTENT="dépense," WC="0.99" CC="03450462"/>
						<SP ID="P19_SP00197" HPOS="1455" VPOS="2247" WIDTH="29"/>
						<String ID="P19_ST00222" HPOS="1484" VPOS="2192" WIDTH="154" HEIGHT="43" CONTENT="sans" WC="0.96" CC="0685"/>
						<SP ID="P19_SP00198" HPOS="1638" VPOS="2247" WIDTH="33"/>
						<String ID="P19_ST00223" HPOS="1671" VPOS="2180" WIDTH="312" HEIGHT="75" CONTENT="compter," WC="0.99" CC="43000504"/>
						<SP ID="P19_SP00199" HPOS="1983" VPOS="2255" WIDTH="22"/>
						<String ID="P19_ST00224" HPOS="2005" VPOS="2198" WIDTH="169" HEIGHT="58" CONTENT="pour" WC="0.97" CC="0670"/>
						<SP ID="P19_SP00200" HPOS="2174" VPOS="2256" WIDTH="28"/>
						<String ID="P19_ST00225" HPOS="2202" VPOS="2183" WIDTH="124" HEIGHT="58" CONTENT="l'en" SUBS_TYPE="HypPart1" SUBS_CONTENT="l'entretien" WC="0.98" CC="1107"/>
						<HYP HPOS="2326" VPOS="2183" WIDTH="31" CONTENT="-"/>
					</TextLine>
					<TextLine ID="P19_TL00026" HPOS="227" VPOS="2239" WIDTH="2126" HEIGHT="92">
						<String ID="P19_ST00226" HPOS="227" VPOS="2239" WIDTH="240" HEIGHT="59" CONTENT="tretien" SUBS_TYPE="HypPart2" SUBS_CONTENT="l'entretien" WC="0.99" CC="7400007"/>
						<SP ID="P19_SP00201" HPOS="467" VPOS="2298" WIDTH="51"/>
						<String ID="P19_ST00227" HPOS="518" VPOS="2244" WIDTH="77" HEIGHT="56" CONTENT="de" WC="0.56" CC="62"/>
						<SP ID="P19_SP00202" HPOS="595" VPOS="2300" WIDTH="49"/>
						<String ID="P19_ST00228" HPOS="644" VPOS="2244" WIDTH="346" HEIGHT="77" CONTENT="béjaunes," WC="0.54" CC="772077504"/>
						<SP ID="P19_SP00203" HPOS="990" VPOS="2321" WIDTH="132"/>
						<String ID="P19_ST00229" HPOS="1122" VPOS="2251" WIDTH="209" HEIGHT="74" CONTENT="partie" WC="0.98" CC="009306"/>
						<SP ID="P19_SP00204" HPOS="1331" VPOS="2325" WIDTH="40"/>
						<String ID="P19_ST00230" HPOS="1371" VPOS="2253" WIDTH="367" HEIGHT="78" CONTENT="intégrante" WC="0.99" CC="0000706005"/>
						<SP ID="P19_SP00205" HPOS="1738" VPOS="2331" WIDTH="52"/>
						<String ID="P19_ST00231" HPOS="1790" VPOS="2259" WIDTH="87" HEIGHT="58" CONTENT="du" WC="0.63" CC="07"/>
						<SP ID="P19_SP00206" HPOS="1877" VPOS="2331" WIDTH="44"/>
						<String ID="P19_ST00232" HPOS="1921" VPOS="2259" WIDTH="310" HEIGHT="62" CONTENT="mobilier" WC="0.99" CC="04616010"/>
						<SP ID="P19_SP00207" HPOS="2231" VPOS="2331" WIDTH="43"/>
						<String ID="P19_ST00233" HPOS="2274" VPOS="2261" WIDTH="79" HEIGHT="60" CONTENT="de" WC="0.74" CC="05"/>
					</TextLine>
					<TextLine ID="P19_TL00027" HPOS="228" VPOS="2317" WIDTH="2126" HEIGHT="99">
						<String ID="P19_ST00234" HPOS="228" VPOS="2317" WIDTH="22" HEIGHT="57" CONTENT="1" WC="0.23" CC="7"/>
						<SP ID="P19_SP00208" HPOS="250" VPOS="2374" WIDTH="28"/>
						<String ID="P19_ST00235" HPOS="278" VPOS="2317" WIDTH="197" HEIGHT="75" CONTENT="école," WC="0.97" CC="066464"/>
						<SP ID="P19_SP00209" HPOS="475" VPOS="2392" WIDTH="43"/>
						<String ID="P19_ST00236" HPOS="518" VPOS="2355" WIDTH="77" HEIGHT="7" CONTENT="-" WC="0.58" CC="4"/>
						<SP ID="P19_SP00210" HPOS="595" VPOS="2392" WIDTH="54"/>
						<String ID="P19_ST00237" HPOS="649" VPOS="2324" WIDTH="115" HEIGHT="75" CONTENT="qui" WC="0.97" CC="070"/>
						<SP ID="P19_SP00211" HPOS="764" VPOS="2399" WIDTH="59"/>
						<String ID="P19_ST00238" HPOS="823" VPOS="2326" WIDTH="264" HEIGHT="61" CONTENT="roulent" WC="0.98" CC="0502787"/>
						<SP ID="P19_SP00212" HPOS="1087" VPOS="2399" WIDTH="47"/>
						<String ID="P19_ST00239" HPOS="1134" VPOS="2329" WIDTH="96" HEIGHT="59" CONTENT="les" WC="0.97" CC="070"/>
						<SP ID="P19_SP00213" HPOS="1230" VPOS="2399" WIDTH="56"/>
						<String ID="P19_ST00240" HPOS="1286" VPOS="2348" WIDTH="342" HEIGHT="58" CONTENT="concours," WC="0.99" CC="040458010"/>
						<SP ID="P19_SP00214" HPOS="1628" VPOS="2406" WIDTH="160"/>
						<String ID="P19_ST00241" HPOS="1788" VPOS="2338" WIDTH="190" HEIGHT="59" CONTENT="telles" WC="0.97" CC="076676"/>
						<SP ID="P19_SP00215" HPOS="1978" VPOS="2406" WIDTH="59"/>
						<String ID="P19_ST00242" HPOS="2037" VPOS="2339" WIDTH="98" HEIGHT="60" CONTENT="les" WC="0.92" CC="676"/>
						<SP ID="P19_SP00216" HPOS="2135" VPOS="2406" WIDTH="52"/>
						<String ID="P19_ST00243" HPOS="2187" VPOS="2340" WIDTH="134" HEIGHT="76" CONTENT="pier" SUBS_TYPE="HypPart1" SUBS_CONTENT="pierreuses," WC="0.96" CC="9379"/>
						<HYP HPOS="2321" VPOS="2340" WIDTH="33" CONTENT="-"/>
					</TextLine>
					<TextLine ID="P19_TL00028" HPOS="228" VPOS="2400" WIDTH="2126" HEIGHT="94">
						<String ID="P19_ST00244" HPOS="228" VPOS="2414" WIDTH="256" HEIGHT="57" CONTENT="reuses," SUBS_TYPE="HypPart2" SUBS_CONTENT="pierreuses," WC="0.98" CC="9500544"/>
						<SP ID="P19_SP00217" HPOS="484" VPOS="2471" WIDTH="30"/>
						<String ID="P19_ST00245" HPOS="514" VPOS="2401" WIDTH="97" HEIGHT="60" CONTENT="les" WC="0.95" CC="056"/>
						<SP ID="P19_SP00218" HPOS="611" VPOS="2471" WIDTH="31"/>
						<String ID="P19_ST00246" HPOS="642" VPOS="2402" WIDTH="421" HEIGHT="77" CONTENT="boulevards," WC="0.99" CC="04766060663"/>
						<SP ID="P19_SP00219" HPOS="1063" VPOS="2479" WIDTH="39"/>
						<String ID="P19_ST00247" HPOS="1102" VPOS="2410" WIDTH="366" HEIGHT="76" CONTENT="-—jusqu'à" WC="0.98" CC="483849846"/>
						<SP ID="P19_SP00220" HPOS="1468" VPOS="2486" WIDTH="47"/>
						<String ID="P19_ST00248" HPOS="1515" VPOS="2414" WIDTH="216" HEIGHT="61" CONTENT="limite" WC="0.97" CC="660665"/>
						<SP ID="P19_SP00221" HPOS="1731" VPOS="2486" WIDTH="47"/>
						<String ID="P19_ST00249" HPOS="1778" VPOS="2418" WIDTH="212" HEIGHT="76" CONTENT="d'âge;" WC="0.98" CC="044564"/>
						<SP ID="P19_SP00222" HPOS="1990" VPOS="2494" WIDTH="37"/>
						<String ID="P19_ST00250" HPOS="2027" VPOS="2421" WIDTH="62" HEIGHT="58" CONTENT="et" WC="0.70" CC="50"/>
						<SP ID="P19_SP00223" HPOS="2089" VPOS="2494" WIDTH="28"/>
						<String ID="P19_ST00251" HPOS="2117" VPOS="2400" WIDTH="237" HEIGHT="81" CONTENT="le'seul" WC="0.46" CC="5279075"/>
					</TextLine>
					<TextLine ID="P19_TL00029" HPOS="228" VPOS="2481" WIDTH="2124" HEIGHT="84">
						<String ID="P19_ST00252" HPOS="228" VPOS="2493" WIDTH="243" HEIGHT="61" CONTENT="moyen" WC="0.95" CC="95848"/>
						<SP ID="P19_SP00224" HPOS="471" VPOS="2554" WIDTH="30"/>
						<String ID="P19_ST00253" HPOS="501" VPOS="2481" WIDTH="305" HEIGHT="78" CONTENT="pratique" WC="0.98" CC="60970874"/>
						<SP ID="P19_SP00225" HPOS="806" VPOS="2559" WIDTH="33"/>
						<String ID="P19_ST00254" HPOS="839" VPOS="2485" WIDTH="465" HEIGHT="80" CONTENT="d'encourager" WC="0.99" CC="012765800010"/>
						<SP ID="P19_SP00226" HPOS="1304" VPOS="2565" WIDTH="24"/>
						<String ID="P19_ST00255" HPOS="1328" VPOS="2490" WIDTH="146" HEIGHT="61" CONTENT="l'art" WC="0.97" CC="74530"/>
						<SP ID="P19_SP00227" HPOS="1474" VPOS="2565" WIDTH="27"/>
						<String ID="P19_ST00256" HPOS="1501" VPOS="2495" WIDTH="62" HEIGHT="57" CONTENT="et" WC="0.33" CC="57"/>
						<SP ID="P19_SP00228" HPOS="1563" VPOS="2565" WIDTH="33"/>
						<String ID="P19_ST00257" HPOS="1596" VPOS="2495" WIDTH="78" HEIGHT="57" CONTENT="de" WC="0.75" CC="04"/>
						<SP ID="P19_SP00229" HPOS="1674" VPOS="2565" WIDTH="35"/>
						<String ID="P19_ST00258" HPOS="1709" VPOS="2496" WIDTH="297" HEIGHT="59" CONTENT="soutenir" WC="0.98" CC="35884860"/>
						<SP ID="P19_SP00230" HPOS="2006" VPOS="2565" WIDTH="28"/>
						<String ID="P19_ST00259" HPOS="2034" VPOS="2499" WIDTH="95" HEIGHT="58" CONTENT="les" WC="0.98" CC="003"/>
						<SP ID="P19_SP00231" HPOS="2129" VPOS="2565" WIDTH="33"/>
						<String ID="P19_ST00260" HPOS="2162" VPOS="2500" WIDTH="159" HEIGHT="59" CONTENT="artis" SUBS_TYPE="HypPart1" SUBS_CONTENT="artistes," WC="0.97" CC="96753"/>
						<HYP HPOS="2321" VPOS="2500" WIDTH="31" CONTENT="-"/>
					</TextLine>
					<TextLine ID="P19_TL00030" HPOS="227" VPOS="2557" WIDTH="2126" HEIGHT="97">
						<String ID="P19_ST00261" HPOS="227" VPOS="2557" WIDTH="124" HEIGHT="71" CONTENT="tes," SUBS_TYPE="HypPart2" SUBS_CONTENT="artistes," WC="0.97" CC="0634"/>
						<SP ID="P19_SP00232" HPOS="351" VPOS="2628" WIDTH="143"/>
						<String ID="P19_ST00262" HPOS="494" VPOS="2560" WIDTH="236" HEIGHT="61" CONTENT="l'achat" WC="0.98" CC="4407706"/>
						<SP ID="P19_SP00233" HPOS="730" VPOS="2628" WIDTH="41"/>
						<String ID="P19_ST00263" HPOS="771" VPOS="2564" WIDTH="348" HEIGHT="75" CONTENT="d'œuvres," WC="0.68" CC="043705033"/>
						<SP ID="P19_SP00234" HPOS="1119" VPOS="2639" WIDTH="147"/>
						<String ID="P19_ST00264" HPOS="1266" VPOS="2587" WIDTH="84" HEIGHT="40" CONTENT="on" WC="0.30" CC="67"/>
						<SP ID="P19_SP00235" HPOS="1350" VPOS="2639" WIDTH="31"/>
						<String ID="P19_ST00265" HPOS="1381" VPOS="2571" WIDTH="110" HEIGHT="75" CONTENT="n'y" WC="0.97" CC="026"/>
						<SP ID="P19_SP00236" HPOS="1491" VPOS="2646" WIDTH="40"/>
						<String ID="P19_ST00266" HPOS="1531" VPOS="2576" WIDTH="258" HEIGHT="56" CONTENT="recourt" WC="0.97" CC="0266797"/>
						<SP ID="P19_SP00237" HPOS="1789" VPOS="2646" WIDTH="48"/>
						<String ID="P19_ST00267" HPOS="1837" VPOS="2576" WIDTH="270" HEIGHT="75" CONTENT="qu'avec" WC="0.97" CC="3749947"/>
						<SP ID="P19_SP00238" HPOS="2107" VPOS="2651" WIDTH="22"/>
						<String ID="P19_ST00268" HPOS="2129" VPOS="2557" WIDTH="3" HEIGHT="97" CONTENT="'" WC="0.52" CC="4"/>
						<SP ID="P19_SP00239" HPOS="2132" VPOS="2654" WIDTH="18"/>
						<String ID="P19_ST00269" HPOS="2150" VPOS="2580" WIDTH="170" HEIGHT="74" CONTENT="parci" SUBS_TYPE="HypPart1" SUBS_CONTENT="parcimonie." WC="0.97" CC="99074"/>
						<HYP HPOS="2320" VPOS="2580" WIDTH="33" CONTENT="-"/>
					</TextLine>
					<TextLine ID="P19_TL00031" HPOS="227" VPOS="2636" WIDTH="2127" HEIGHT="93">
						<String ID="P19_ST00270" HPOS="227" VPOS="2636" WIDTH="241" HEIGHT="60" CONTENT="monie." SUBS_TYPE="HypPart2" SUBS_CONTENT="parcimonie." WC="0.97" CC="168454"/>
						<SP ID="P19_SP00240" HPOS="468" VPOS="2696" WIDTH="57"/>
						<String ID="P19_ST00271" HPOS="525" VPOS="2639" WIDTH="220" HEIGHT="62" CONTENT="Est-ce" WC="0.97" CC="757226"/>
						<SP ID="P19_SP00241" HPOS="745" VPOS="2701" WIDTH="62"/>
						<String ID="P19_ST00272" HPOS="807" VPOS="2660" WIDTH="129" HEIGHT="60" CONTENT="que" WC="0.96" CC="064"/>
						<SP ID="P19_SP00242" HPOS="936" VPOS="2720" WIDTH="59"/>
						<String ID="P19_ST00273" HPOS="995" VPOS="2645" WIDTH="116" HEIGHT="60" CONTENT="des" WC="0.92" CC="946"/>
						<SP ID="P19_SP00243" HPOS="1111" VPOS="2720" WIDTH="56"/>
						<String ID="P19_ST00274" HPOS="1167" VPOS="2646" WIDTH="463" HEIGHT="79" CONTENT="récompenses" WC="0.99" CC="90460620446"/>
						<SP ID="P19_SP00244" HPOS="1630" VPOS="2725" WIDTH="52"/>
						<String ID="P19_ST00275" HPOS="1682" VPOS="2658" WIDTH="350" HEIGHT="71" CONTENT="purement" WC="0.99" CC="08050208"/>
						<SP ID="P19_SP00245" HPOS="2032" VPOS="2729" WIDTH="57"/>
						<String ID="P19_ST00276" HPOS="2089" VPOS="2658" WIDTH="228" HEIGHT="58" CONTENT="honori" SUBS_TYPE="HypPart1" SUBS_CONTENT="honorifiques" WC="0.98" CC="060674"/>
						<HYP HPOS="2317" VPOS="2658" WIDTH="37" CONTENT="-"/>
					</TextLine>
					<TextLine ID="P19_TL00032" HPOS="226" VPOS="2717" WIDTH="2126" HEIGHT="83">
						<String ID="P19_ST00277" HPOS="226" VPOS="2717" WIDTH="214" HEIGHT="73" CONTENT="fiques" SUBS_TYPE="HypPart2" SUBS_CONTENT="honorifiques" WC="0.96" CC="879855"/>
						<SP ID="P19_SP00246" HPOS="440" VPOS="2790" WIDTH="33"/>
						<String ID="P19_ST00278" HPOS="473" VPOS="2735" WIDTH="79" HEIGHT="42" CONTENT="ne" WC="1.00" CC="00"/>
						<SP ID="P19_SP00247" HPOS="552" VPOS="2790" WIDTH="33"/>
						<String ID="P19_ST00279" HPOS="585" VPOS="2720" WIDTH="339" HEIGHT="62" CONTENT="devraient" WC="0.98" CC="530067367"/>
						<SP ID="P19_SP00248" HPOS="924" VPOS="2790" WIDTH="27"/>
						<String ID="P19_ST00280" HPOS="951" VPOS="2741" WIDTH="119" HEIGHT="59" CONTENT="pas" WC="0.97" CC="700"/>
						<SP ID="P19_SP00249" HPOS="1070" VPOS="2800" WIDTH="33"/>
						<String ID="P19_ST00281" HPOS="1103" VPOS="2727" WIDTH="229" HEIGHT="60" CONTENT="suffire" WC="0.98" CC="3875503"/>
						<SP ID="P19_SP00250" HPOS="1332" VPOS="2800" WIDTH="46"/>
						<String ID="P19_ST00282" HPOS="1378" VPOS="2730" WIDTH="35" HEIGHT="57" CONTENT="à" WC="0.27" CC="7"/>
						<SP ID="P19_SP00251" HPOS="1413" VPOS="2800" WIDTH="47"/>
						<String ID="P19_ST00283" HPOS="1460" VPOS="2730" WIDTH="412" HEIGHT="62" CONTENT="l'émulation" WC="0.98" CC="62078776660"/>
						<SP ID="P19_SP00252" HPOS="1872" VPOS="2800" WIDTH="34"/>
						<String ID="P19_ST00284" HPOS="1906" VPOS="2735" WIDTH="446" HEIGHT="61" CONTENT="d'étudiants?" WC="0.99" CC="636000897726"/>
					</TextLine>
					<TextLine ID="P19_TL00033" HPOS="224" VPOS="2792" WIDTH="2131" HEIGHT="99">
						<String ID="P19_ST00285" HPOS="224" VPOS="2792" WIDTH="101" HEIGHT="59" CONTENT="Eh" WC="0.25" CC="77"/>
						<SP ID="P19_SP00253" HPOS="325" VPOS="2851" WIDTH="29"/>
						<String ID="P19_ST00286" HPOS="354" VPOS="2813" WIDTH="157" HEIGHT="57" CONTENT="quoi" WC="0.96" CC="0853"/>
						<SP ID="P19_SP00254" HPOS="511" VPOS="2870" WIDTH="30"/>
						<String ID="P19_ST00287" HPOS="541" VPOS="2813" WIDTH="10" HEIGHT="43" CONTENT="i" WC="0.24" CC="7"/>
						<SP ID="P19_SP00255" HPOS="551" VPOS="2870" WIDTH="35"/>
						<String ID="P19_ST00288" HPOS="586" VPOS="2799" WIDTH="172" HEIGHT="59" CONTENT="voila" WC="0.96" CC="66069"/>
						<SP ID="P19_SP00256" HPOS="758" VPOS="2870" WIDTH="33"/>
						<String ID="P19_ST00289" HPOS="791" VPOS="2802" WIDTH="115" HEIGHT="59" CONTENT="des" WC="0.94" CC="663"/>
						<SP ID="P19_SP00257" HPOS="906" VPOS="2870" WIDTH="33"/>
						<String ID="P19_ST00290" HPOS="939" VPOS="2804" WIDTH="287" HEIGHT="75" CONTENT="éphèbes" WC="0.57" CC="5006746"/>
						<SP ID="P19_SP00258" HPOS="1226" VPOS="2879" WIDTH="35"/>
						<String ID="P19_ST00291" HPOS="1261" VPOS="2808" WIDTH="156" HEIGHT="74" CONTENT="qu'il" WC="0.96" CC="98207"/>
						<SP ID="P19_SP00259" HPOS="1417" VPOS="2882" WIDTH="36"/>
						<String ID="P19_ST00292" HPOS="1453" VPOS="2809" WIDTH="223" HEIGHT="59" CONTENT="siérait" WC="0.97" CC="1009968"/>
						<SP ID="P19_SP00260" HPOS="1676" VPOS="2882" WIDTH="34"/>
						<String ID="P19_ST00293" HPOS="1710" VPOS="2811" WIDTH="282" HEIGHT="61" CONTENT="d'élever" WC="0.99" CC="04475040"/>
						<SP ID="P19_SP00261" HPOS="1992" VPOS="2882" WIDTH="32"/>
						<String ID="P19_ST00294" HPOS="2024" VPOS="2815" WIDTH="166" HEIGHT="59" CONTENT="ainsi" WC="0.98" CC="00860"/>
						<SP ID="P19_SP00262" HPOS="2190" VPOS="2882" WIDTH="36"/>
						<String ID="P19_ST00295" HPOS="2226" VPOS="2833" WIDTH="129" HEIGHT="58" CONTENT="que" WC="0.91" CC="967"/>
					</TextLine>
					<TextLine ID="P19_TL00034" HPOS="226" VPOS="2880" WIDTH="2126" HEIGHT="90">
						<String ID="P19_ST00296" HPOS="226" VPOS="2890" WIDTH="166" HEIGHT="58" CONTENT="pour" WC="0.95" CC="0489"/>
						<SP ID="P19_SP00263" HPOS="392" VPOS="2948" WIDTH="47"/>
						<String ID="P19_ST00297" HPOS="439" VPOS="2893" WIDTH="90" HEIGHT="40" CONTENT="un" WC="0.27" CC="68"/>
						<SP ID="P19_SP00264" HPOS="529" VPOS="2948" WIDTH="48"/>
						<String ID="P19_ST00298" HPOS="577" VPOS="2880" WIDTH="196" HEIGHT="71" CONTENT="culte," WC="0.98" CC="605064"/>
						<SP ID="P19_SP00265" HPOS="773" VPOS="2951" WIDTH="32"/>
						<String ID="P19_ST00299" HPOS="805" VPOS="2882" WIDTH="340" HEIGHT="74" CONTENT="préservés" WC="0.98" CC="090509766"/>
						<SP ID="P19_SP00266" HPOS="1145" VPOS="2956" WIDTH="34"/>
						<String ID="P19_ST00300" HPOS="1179" VPOS="2886" WIDTH="78" HEIGHT="59" CONTENT="cle" WC="0.22" CC="787"/>
						<SP ID="P19_SP00267" HPOS="1257" VPOS="2956" WIDTH="33"/>
						<String ID="P19_ST00301" HPOS="1290" VPOS="2890" WIDTH="180" HEIGHT="56" CONTENT="toute" WC="0.97" CC="54080"/>
						<SP ID="P19_SP00268" HPOS="1470" VPOS="2956" WIDTH="38"/>
						<String ID="P19_ST00302" HPOS="1508" VPOS="2891" WIDTH="323" HEIGHT="60" CONTENT="souillure" WC="0.98" CC="658007805"/>
						<SP ID="P19_SP00269" HPOS="1831" VPOS="2956" WIDTH="30"/>
						<String ID="P19_ST00303" HPOS="1861" VPOS="2900" WIDTH="375" HEIGHT="70" CONTENT="prosaïque," WC="0.98" CC="5065770944"/>
						<SP ID="P19_SP00270" HPOS="2236" VPOS="2970" WIDTH="37"/>
						<String ID="P19_ST00304" HPOS="2273" VPOS="2896" WIDTH="79" HEIGHT="59" CONTENT="de" WC="0.37" CC="56"/>
					</TextLine>
					<TextLine ID="P19_TL00035" HPOS="223" VPOS="2954" WIDTH="2130" HEIGHT="87">
						<String ID="P19_ST00305" HPOS="223" VPOS="2954" WIDTH="183" HEIGHT="58" CONTENT="toute" WC="0.96" CC="85666"/>
						<SP ID="P19_SP00271" HPOS="406" VPOS="3012" WIDTH="31"/>
						<String ID="P19_ST00306" HPOS="437" VPOS="2954" WIDTH="193" HEIGHT="62" CONTENT="basse" WC="0.97" CC="70065"/>
						<SP ID="P19_SP00272" HPOS="630" VPOS="3016" WIDTH="31"/>
						<String ID="P19_ST00307" HPOS="661" VPOS="2960" WIDTH="262" HEIGHT="74" CONTENT="pensée," WC="0.98" CC="0183664"/>
						<SP ID="P19_SP00273" HPOS="923" VPOS="3034" WIDTH="35"/>
						<String ID="P19_ST00308" HPOS="958" VPOS="2964" WIDTH="61" HEIGHT="57" CONTENT="et" WC="0.77" CC="40"/>
						<SP ID="P19_SP00274" HPOS="1019" VPOS="3034" WIDTH="31"/>
						<String ID="P19_ST00309" HPOS="1050" VPOS="2981" WIDTH="189" HEIGHT="56" CONTENT="vous," WC="0.97" CC="05744"/>
						<SP ID="P19_SP00275" HPOS="1239" VPOS="3037" WIDTH="36"/>
						<String ID="P19_ST00310" HPOS="1275" VPOS="2966" WIDTH="418" HEIGHT="75" CONTENT="éducateurs," WC="0.99" CC="44630757060"/>
						<SP ID="P19_SP00276" HPOS="1693" VPOS="3041" WIDTH="38"/>
						<String ID="P19_ST00311" HPOS="1731" VPOS="2971" WIDTH="147" HEIGHT="60" CONTENT="leur" WC="0.96" CC="3580"/>
						<SP ID="P19_SP00277" HPOS="1878" VPOS="3041" WIDTH="29"/>
						<String ID="P19_ST00312" HPOS="1907" VPOS="2974" WIDTH="295" HEIGHT="60" CONTENT="inoculez" WC="0.98" CC="37635335"/>
						<SP ID="P19_SP00278" HPOS="2202" VPOS="3041" WIDTH="34"/>
						<String ID="P19_ST00313" HPOS="2236" VPOS="2975" WIDTH="117" HEIGHT="59" CONTENT="des" WC="0.95" CC="067"/>
					</TextLine>
					<TextLine ID="P19_TL00036" HPOS="227" VPOS="3027" WIDTH="1579" HEIGHT="83">
						<String ID="P19_ST00314" HPOS="227" VPOS="3032" WIDTH="396" HEIGHT="61" CONTENT="sentiments" WC="0.99" CC="6007405063"/>
						<SP ID="P19_SP00279" HPOS="623" VPOS="3093" WIDTH="28"/>
						<String ID="P19_ST00315" HPOS="651" VPOS="3027" WIDTH="79" HEIGHT="69" CONTENT="de" WC="0.34" CC="75"/>
						<SP ID="P19_SP00280" HPOS="730" VPOS="3096" WIDTH="29"/>
						<String ID="P19_ST00316" HPOS="759" VPOS="3037" WIDTH="208" HEIGHT="63" CONTENT="lucre!" WC="0.97" CC="573045"/>
						<SP ID="P19_SP00281" HPOS="967" VPOS="3100" WIDTH="41"/>
						<String ID="P19_ST00317" HPOS="1008" VPOS="3042" WIDTH="51" HEIGHT="60" CONTENT="0" WC="0.66" CC="3"/>
						<SP ID="P19_SP00282" HPOS="1059" VPOS="3102" WIDTH="35"/>
						<String ID="P19_ST00318" HPOS="1094" VPOS="3044" WIDTH="393" HEIGHT="62" CONTENT="misérables" WC="0.99" CC="0056000335"/>
						<SP ID="P19_SP00283" HPOS="1487" VPOS="3106" WIDTH="29"/>
						<String ID="P19_ST00319" HPOS="1516" VPOS="3050" WIDTH="61" HEIGHT="57" CONTENT="et" WC="0.31" CC="76"/>
						<SP ID="P19_SP00284" HPOS="1577" VPOS="3107" WIDTH="25"/>
						<String ID="P19_ST00320" HPOS="1602" VPOS="3049" WIDTH="204" HEIGHT="61" CONTENT="niais!" WC="0.98" CC="850003"/>
					</TextLine>
					<TextLine ID="P19_TL00037" HPOS="303" VPOS="3111" WIDTH="2059" HEIGHT="91">
						<String ID="P19_ST00321" HPOS="303" VPOS="3111" WIDTH="101" HEIGHT="58" CONTENT="De" WC="0.29" CC="85"/>
						<SP ID="P19_SP00285" HPOS="404" VPOS="3169" WIDTH="27"/>
						<String ID="P19_ST00322" HPOS="431" VPOS="3115" WIDTH="219" HEIGHT="76" CONTENT="temps" WC="0.98" CC="53002"/>
						<SP ID="P19_SP00286" HPOS="650" VPOS="3191" WIDTH="32"/>
						<String ID="P19_ST00323" HPOS="682" VPOS="3117" WIDTH="35" HEIGHT="58" CONTENT="à" WC="0.41" CC="5"/>
						<SP ID="P19_SP00287" HPOS="717" VPOS="3191" WIDTH="32"/>
						<String ID="P19_ST00324" HPOS="749" VPOS="3121" WIDTH="209" HEIGHT="59" CONTENT="autre!" WC="0.98" CC="077063"/>
						<SP ID="P19_SP00288" HPOS="958" VPOS="3191" WIDTH="34"/>
						<String ID="P19_ST00325" HPOS="992" VPOS="3121" WIDTH="58" HEIGHT="60" CONTENT="le" WC="0.71" CC="05"/>
						<SP ID="P19_SP00289" HPOS="1050" VPOS="3191" WIDTH="25"/>
						<String ID="P19_ST00326" HPOS="1075" VPOS="3125" WIDTH="248" HEIGHT="60" CONTENT="conseil" WC="0.98" CC="3480104"/>
						<SP ID="P19_SP00290" HPOS="1323" VPOS="3191" WIDTH="36"/>
						<String ID="P19_ST00327" HPOS="1359" VPOS="3126" WIDTH="349" HEIGHT="76" CONTENT="supérieur" WC="0.98" CC="068805080"/>
						<SP ID="P19_SP00291" HPOS="1708" VPOS="3202" WIDTH="24"/>
						<String ID="P19_ST00328" HPOS="1732" VPOS="3131" WIDTH="77" HEIGHT="58" CONTENT="cle" WC="0.34" CC="774"/>
						<SP ID="P19_SP00292" HPOS="1809" VPOS="3202" WIDTH="31"/>
						<String ID="P19_ST00329" HPOS="1840" VPOS="3130" WIDTH="222" HEIGHT="60" CONTENT="l'école" WC="0.98" CC="5480366"/>
						<SP ID="P19_SP00293" HPOS="2062" VPOS="3202" WIDTH="34"/>
						<String ID="P19_ST00330" HPOS="2096" VPOS="3131" WIDTH="266" HEIGHT="61" CONTENT='discute"' WC="0.98" CC="05748467"/>
					</TextLine>
					<TextLine ID="P19_TL00038" HPOS="224" VPOS="3197" WIDTH="2126" HEIGHT="79">
						<String ID="P19_ST00331" HPOS="224" VPOS="3197" WIDTH="387" HEIGHT="68" CONTENT="gravement" WC="0.98" CC="990900273"/>
						<SP ID="P19_SP00294" HPOS="611" VPOS="3265" WIDTH="29"/>
						<String ID="P19_ST00332" HPOS="640" VPOS="3211" WIDTH="115" HEIGHT="42" CONTENT="sur" WC="0.97" CC="060"/>
						<SP ID="P19_SP00295" HPOS="755" VPOS="3265" WIDTH="43"/>
						<String ID="P19_ST00333" HPOS="798" VPOS="3200" WIDTH="326" HEIGHT="76" CONTENT="quelques" WC="0.98" CC="07159834"/>
						<SP ID="P19_SP00296" HPOS="1124" VPOS="3276" WIDTH="34"/>
						<String ID="P19_ST00334" HPOS="1158" VPOS="3204" WIDTH="494" HEIGHT="62" CONTENT="modifications" WC="0.99" CC="0200557020460"/>
						<SP ID="P19_SP00297" HPOS="1652" VPOS="3276" WIDTH="33"/>
						<String ID="P19_ST00335" HPOS="1685" VPOS="3208" WIDTH="35" HEIGHT="58" CONTENT="à" WC="0.21" CC="7"/>
						<SP ID="P19_SP00298" HPOS="1720" VPOS="3276" WIDTH="31"/>
						<String ID="P19_ST00336" HPOS="1751" VPOS="3209" WIDTH="370" HEIGHT="61" CONTENT="introduire" WC="0.99" CC="0000047465"/>
						<SP ID="P19_SP00299" HPOS="2121" VPOS="3276" WIDTH="24"/>
						<String ID="P19_ST00337" HPOS="2145" VPOS="3229" WIDTH="85" HEIGHT="42" CONTENT="au" WC="0.17" CC="97"/>
						<SP ID="P19_SP00300" HPOS="2230" VPOS="3276" WIDTH="23"/>
						<String ID="P19_ST00338" HPOS="2253" VPOS="3211" WIDTH="65" HEIGHT="60" CONTENT="rè" SUBS_TYPE="HypPart1" SUBS_CONTENT="règlement...." WC="0.97" CC="03"/>
						<HYP HPOS="2318" VPOS="3211" WIDTH="32" CONTENT="-"/>
					</TextLine>
					<TextLine ID="P19_TL00039" HPOS="226" VPOS="3267" WIDTH="2123" HEIGHT="99">
						<String ID="P19_ST00339" HPOS="226" VPOS="3267" WIDTH="390" HEIGHT="75" CONTENT="glement...." SUBS_TYPE="HypPart2" SUBS_CONTENT="règlement...." WC="0.98" CC="97556073443"/>
						<SP ID="P19_SP00301" HPOS="616" VPOS="3342" WIDTH="29"/>
						<String ID="P19_ST00340" HPOS="645" VPOS="3274" WIDTH="62" HEIGHT="58" CONTENT="la" WC="0.91" CC="10"/>
						<SP ID="P19_SP00302" HPOS="707" VPOS="3342" WIDTH="25"/>
						<String ID="P19_ST00341" HPOS="732" VPOS="3275" WIDTH="329" HEIGHT="75" CONTENT="plaisante" WC="0.99" CC="038000002"/>
						<SP ID="P19_SP00303" HPOS="1061" VPOS="3350" WIDTH="35"/>
						<String ID="P19_ST00342" HPOS="1096" VPOS="3282" WIDTH="195" HEIGHT="61" CONTENT="chose" WC="0.98" CC="07610"/>
						<SP ID="P19_SP00304" HPOS="1291" VPOS="3350" WIDTH="31"/>
						<String ID="P19_ST00343" HPOS="1322" VPOS="3285" WIDTH="11" HEIGHT="57" CONTENT="!" WC="0.68" CC="3"/>
						<SP ID="P19_SP00305" HPOS="1333" VPOS="3350" WIDTH="38"/>
						<String ID="P19_ST00344" HPOS="1371" VPOS="3284" WIDTH="431" HEIGHT="78" CONTENT="Qu'importe," WC="0.99" CC="67130050814"/>
						<SP ID="P19_SP00306" HPOS="1802" VPOS="3362" WIDTH="28"/>
						<String ID="P19_ST00345" HPOS="1830" VPOS="3307" WIDTH="76" HEIGHT="40" CONTENT="en" WC="0.27" CC="58"/>
						<SP ID="P19_SP00307" HPOS="1906" VPOS="3362" WIDTH="33"/>
						<String ID="P19_ST00346" HPOS="1939" VPOS="3289" WIDTH="232" HEIGHT="72" CONTENT="vérité," WC="1.00" CC="0000250"/>
						<SP ID="P19_SP00308" HPOS="2171" VPOS="3362" WIDTH="51"/>
						<String ID="P19_ST00347" HPOS="2222" VPOS="3307" WIDTH="127" HEIGHT="59" CONTENT="que" WC="0.95" CC="075"/>
					</TextLine>
					<TextLine ID="P19_TL00040" HPOS="223" VPOS="3346" WIDTH="2121" HEIGHT="99">
						<String ID="P19_ST00348" HPOS="223" VPOS="3346" WIDTH="550" HEIGHT="80" CONTENT="l'enseignement" WC="0.99" CC="04500462051507"/>
						<SP ID="P19_SP00309" HPOS="773" VPOS="3426" WIDTH="33"/>
						<String ID="P19_ST00349" HPOS="806" VPOS="3356" WIDTH="79" HEIGHT="59" CONTENT="de" WC="0.81" CC="03"/>
						<SP ID="P19_SP00310" HPOS="885" VPOS="3426" WIDTH="52"/>
						<String ID="P19_ST00350" HPOS="937" VPOS="3357" WIDTH="146" HEIGHT="61" CONTENT="l'art" WC="0.98" CC="03077"/>
						<SP ID="P19_SP00311" HPOS="1083" VPOS="3426" WIDTH="52"/>
						<String ID="P19_ST00351" HPOS="1135" VPOS="3362" WIDTH="128" HEIGHT="59" CONTENT="soit" WC="0.99" CC="2300"/>
						<SP ID="P19_SP00312" HPOS="1263" VPOS="3426" WIDTH="32"/>
						<String ID="P19_ST00352" HPOS="1295" VPOS="3361" WIDTH="427" HEIGHT="65" CONTENT="élémentaire" WC="0.99" CC="05615000403"/>
						<SP ID="P19_SP00313" HPOS="1722" VPOS="3426" WIDTH="42"/>
						<String ID="P19_ST00353" HPOS="1764" VPOS="3384" WIDTH="85" HEIGHT="42" CONTENT="ou" WC="0.34" CC="57"/>
						<SP ID="P19_SP00314" HPOS="1849" VPOS="3426" WIDTH="42"/>
						<String ID="P19_ST00354" HPOS="1891" VPOS="3369" WIDTH="313" HEIGHT="76" CONTENT="complet," WC="0.98" CC="64005074"/>
						<SP ID="P19_SP00315" HPOS="2204" VPOS="3445" WIDTH="37"/>
						<String ID="P19_ST00355" HPOS="2241" VPOS="3369" WIDTH="103" HEIGHT="61" CONTENT="s'il" WC="0.95" CC="5456"/>
					</TextLine>
					<TextLine ID="P19_TL00041" HPOS="226" VPOS="3431" WIDTH="1886" HEIGHT="76">
						<String ID="P19_ST00356" HPOS="226" VPOS="3431" WIDTH="172" HEIGHT="56" CONTENT="reste" WC="0.97" CC="06575"/>
						<SP ID="P19_SP00316" HPOS="398" VPOS="3487" WIDTH="31"/>
						<String ID="P19_ST00357" HPOS="429" VPOS="3434" WIDTH="182" HEIGHT="57" CONTENT="entre" WC="0.98" CC="00803"/>
						<SP ID="P19_SP00317" HPOS="611" VPOS="3491" WIDTH="29"/>
						<String ID="P19_ST00358" HPOS="640" VPOS="3432" WIDTH="99" HEIGHT="60" CONTENT="les" WC="0.97" CC="052"/>
						<SP ID="P19_SP00318" HPOS="739" VPOS="3492" WIDTH="32"/>
						<String ID="P19_ST00359" HPOS="771" VPOS="3436" WIDTH="219" HEIGHT="60" CONTENT="mains" WC="0.99" CC="00306"/>
						<SP ID="P19_SP00319" HPOS="990" VPOS="3496" WIDTH="33"/>
						<String ID="P19_ST00360" HPOS="1023" VPOS="3440" WIDTH="116" HEIGHT="60" CONTENT="des" WC="0.98" CC="005"/>
						<SP ID="P19_SP00320" HPOS="1139" VPOS="3500" WIDTH="35"/>
						<String ID="P19_ST00361" HPOS="1174" VPOS="3441" WIDTH="439" HEIGHT="64" CONTENT="doctrinaires" WC="1.00" CC="005200504005"/>
						<SP ID="P19_SP00321" HPOS="1613" VPOS="3505" WIDTH="35"/>
						<String ID="P19_ST00362" HPOS="1648" VPOS="3446" WIDTH="79" HEIGHT="59" CONTENT="de" WC="0.98" CC="00"/>
						<SP ID="P19_SP00322" HPOS="1727" VPOS="3505" WIDTH="33"/>
						<String ID="P19_ST00363" HPOS="1760" VPOS="3448" WIDTH="352" HEIGHT="59" CONTENT="l'lnstitut." WC="0.99" CC="33806008773"/>
					</TextLine>
					<TextLine ID="P19_TL00042" HPOS="304" VPOS="3507" WIDTH="2043" HEIGHT="98">
						<String ID="P19_ST00364" HPOS="304" VPOS="3507" WIDTH="102" HEIGHT="59" CONTENT="On" WC="0.59" CC="80"/>
						<SP ID="P19_SP00323" HPOS="406" VPOS="3566" WIDTH="29"/>
						<String ID="P19_ST00365" HPOS="435" VPOS="3526" WIDTH="70" HEIGHT="44" CONTENT="se" WC="0.67" CC="05"/>
						<SP ID="P19_SP00324" HPOS="505" VPOS="3570" WIDTH="26"/>
						<String ID="P19_ST00366" HPOS="531" VPOS="3514" WIDTH="300" HEIGHT="59" CONTENT="contente" WC="0.98" CC="00080785"/>
						<SP ID="P19_SP00325" HPOS="831" VPOS="3573" WIDTH="36"/>
						<String ID="P19_ST00367" HPOS="867" VPOS="3516" WIDTH="78" HEIGHT="59" CONTENT="de" WC="0.34" CC="66"/>
						<SP ID="P19_SP00326" HPOS="945" VPOS="3575" WIDTH="27"/>
						<String ID="P19_ST00368" HPOS="972" VPOS="3516" WIDTH="96" HEIGHT="60" CONTENT="les" WC="0.92" CC="776"/>
						<SP ID="P19_SP00327" HPOS="1068" VPOS="3576" WIDTH="33"/>
						<String ID="P19_ST00369" HPOS="1101" VPOS="3520" WIDTH="245" HEIGHT="74" CONTENT="railler," WC="0.99" CC="00016104"/>
						<SP ID="P19_SP00328" HPOS="1346" VPOS="3594" WIDTH="38"/>
						<String ID="P19_ST00370" HPOS="1384" VPOS="3523" WIDTH="79" HEIGHT="59" CONTENT="de" WC="0.67" CC="06"/>
						<SP ID="P19_SP00329" HPOS="1463" VPOS="3594" WIDTH="31"/>
						<String ID="P19_ST00371" HPOS="1494" VPOS="3524" WIDTH="99" HEIGHT="59" CONTENT="les" WC="0.93" CC="845"/>
						<SP ID="P19_SP00330" HPOS="1593" VPOS="3594" WIDTH="32"/>
						<String ID="P19_ST00372" HPOS="1625" VPOS="3525" WIDTH="247" HEIGHT="60" CONTENT="classer" WC="0.98" CC="7806020"/>
						<SP ID="P19_SP00331" HPOS="1872" VPOS="3594" WIDTH="44"/>
						<String ID="P19_ST00373" HPOS="1916" VPOS="3528" WIDTH="165" HEIGHT="59" CONTENT="clans" WC="0.97" CC="66105"/>
						<SP ID="P19_SP00332" HPOS="2081" VPOS="3594" WIDTH="33"/>
						<String ID="P19_ST00374" HPOS="2114" VPOS="3528" WIDTH="233" HEIGHT="77" CONTENT="l'oryc-" WC="0.74" CC="0204603"/>
					</TextLine>
				</TextBlock>
			</PrintSpace>
		</Page>
	</Layout>
</alto>
