2717 3843
1354 201 112 57 128

358 334 155 61 relie
541 335 59 57 le
641 332 145 60 tout
815 349 154 43 avec
995 349 131 42 une
1158 332 216 59 action
1407 331 434 79 quelconque,
1877 334 117 58 des
2025 331 442 74 calembours,

358 416 62 57 et
451 414 174 58 voilà
664 414 62 57 la
764 410 173 61 farce
975 411 206 78 prête.
1216 412 169 59 C'est
1417 414 89 57 du
1531 411 270 76 journal
1830 411 204 79 parlé,
2069 429 152 42 avec
2250 412 185 77 profu-

358 494 145 58 sion
541 494 77 57 de
651 490 342 60 nouvelles
1025 491 36 57 à
1087 491 63 59 la
1181 492 202 60 main.

434 572 353 74 Beaucoup
825 570 79 58 de
950 586 363 59 personnes
1357 570 294 77 goûtent,
1686 570 234 71 dit-on,
1959 586 70 44 ce
2070 586 195 60 genre
2306 570 132 58 d'es-

353 651 151 76 prit.
531 651 53 59 Il
618 649 201 59 serait
847 650 314 76 précieux
1192 651 145 59 d'en
1368 651 162 60 citer
1557 651 336 76 plusieurs
1929 650 189 58 traits
2156 650 311 60 détachés

354 748 84 40 au
470 729 266 71 hasard,
755 729 65 58 et
851 745 125 60 que
1007 729 95 58 les
1127 729 224 59 Calino
1384 746 86 42 ou
1495 730 97 60 les
1622 729 393 62 Guibollard
2039 729 117 58 des
2179 732 287 72 gazettes

360 809 466 77 quotidiennes
857 825 80 42 ne
966 810 617 75 revendiqueraient
1614 826 155 42 sans
1801 809 198 58 doute
2029 825 118 59 pas
2175 825 12 40 :

442 909 29 34 «
518 889 94 57 La
659 889 104 57 vie
809 889 99 57 est
936 887 63 59 la
1044 887 297 60 dernière
1388 887 319 60 habitude
1750 887 198 77 qu'on
1995 887 157 59 veut
2202 887 258 77 perdre,

354 984 191 61 parce
579 984 124 58 que
736 965 157 60 c'est
923 966 64 59 la
1017 967 324 77 première
1370 967 191 75 qu'on
1596 985 37 40 a
1661 967 201 77 prise.
1900 986 29 35 »

437 1068 29 34 «
509 1047 185 59 Nous
717 1063 330 59 poussons
1072 1049 115 57 des
1215 1049 263 75 soupirs
1506 1049 36 56 à
1567 1046 275 60 rouiller
1872 1046 95 59 les
2000 1061 319 44 serrures.
2352 1066 28 35 »

435 1147 30 34 «
513 1125 326 72 L'avenir,
871 1141 69 44 ce
969 1125 310 76 pâtissier
1308 1125 407 76 fantastique
1747 1125 116 75 qui
1893 1141 168 42 vous
2091 1125 122 58 fait
2243 1130 223 55 sauter

353 1223 118 59 par
501 1205 240 60 dessus
785 1205 61 60 le
884 1205 269 76 présent
1192 1223 79 40 en
1313 1223 168 42 vous
1521 1206 335 59 montrant
1887 1205 116 58 des
2034 1204 277 77 galettes
2348 1206 109 75 qui

352 1300 166 43 vous
551 1285 259 58 cassent
839 1284 97 58 les
969 1284 192 58 dents
1194 1285 222 75 quand
1444 1301 81 42 on
1554 1284 98 59 les
1680 1299 255 61 mange.
1969 1303 31 35 »

433 1383 29 35 «
510 1362 167 61 C'est
707 1379 128 43 une
870 1364 80 58 de
994 1379 104 43 ces
1131 1361 280 64 femmes
1451 1364 115 76 qui
1601 1365 269 75 passent
1907 1362 149 59 leur
2089 1362 104 60 vie
2225 1362 37 59 à
2297 1380 126 42 rem-

348 1442 277 60 bourrer
677 1460 68 42 ce
805 1442 176 60 fossé
1026 1444 84 58 où
1164 1444 146 58 leur
1361 1447 187 55 vertu
1606 1442 314 77 comptait
1978 1442 183 60 choir
2217 1444 62 58 et
2320 1442 141 77 qui,

350 1521 336 60 furieuses
710 1522 78 58 de
811 1524 207 56 rester
1050 1539 114 41 sur
1183 1521 60 59 le
1277 1521 163 60 bord
1463 1524 35 57 à
1526 1521 296 60 attendre
1850 1520 197 76 qu'on
2067 1521 97 60 les
2190 1539 268 60 pousse,

349 1601 240 78 jettent
614 1602 117 58 des
760 1601 251 76 pierres
1040 1618 133 42 aux
1202 1601 281 59 femmes
1514 1601 113 78 qui
1657 1602 291 75 passent.
1985 1620 29 36 »

437 1681 100 59 On
566 1682 194 58 vante
792 1679 380 61 d'habitude
1202 1680 324 60 l'écriture
1558 1681 79 59 de
1669 1681 86 59 M.
1792 1680 279 60 Dumas.
2105 1680 129 60 Les
2260 1680 170 76 spéci-

353 1776 189 42 mens
586 1760 352 60 entachent
976 1775 93 42 un
1106 1776 128 59 peu
1265 1760 63 58 la
1366 1760 377 75 réputation
1783 1760 289 75 acquise.
2109 1760 70 57 Si
2210 1759 252 76 l'esprit

350 1837 286 72 français
669 1854 69 43 se
777 1836 286 60 formule
1103 1839 165 58 dans
1309 1839 79 58 de
1428 1839 191 58 telles
1658 1839 353 72 maximes,
2046 1839 228 58 mieux
2304 1841 158 57 vaut

348 1917 353 75 l'exporter
727 1934 84 41 au
842 1916 153 78 plus
1026 1917 157 59 vite.

430 1996 210 60 Toute
698 2013 130 42 une
882 1995 380 76 génération
1314 1997 346 75 pourtant,
1717 1996 65 60 la
1839 1996 214 61 même
2114 1996 112 76 qui
2272 1996 190 60 fêtait

349 2076 88 60 M.
481 2075 246 68 Scribe,
762 2093 67 42 se
860 2075 190 76 pâme
1091 2076 35 59 à
1159 2081 148 54 ouir
1345 2093 105 44 ces
1481 2077 255 59 choses.
1839 2076 191 60 Voilà
2061 2077 89 58 du
2180 2076 280 73 théâtre,

353 2156 87 57 du
475 2155 139 58 vrai
654 2154 274 61 théâtre.
969 2154 81 59 Et
1084 2155 217 76 quelle
1341 2155 273 60 finesse!
1651 2176 29 35 »
1718 2155 401 76 Cependant,
2154 2156 48 59 il
2235 2156 229 59 siérait

352 2234 78 59 de
471 2234 251 59 relever
757 2234 92 58 les
890 2232 220 60 fautes
1150 2234 79 58 de
1271 2235 192 58 scène
1500 2235 115 76 qui
1655 2234 428 59 encombrent
2114 2236 98 57 les
2243 2235 218 76 pièces

354 2315 80 57 de
481 2315 99 58 cet
633 2315 254 57 auteur.
933 2312 128 60 Les
1120 2314 462 59 dissertations
1627 2314 334 59 abondent
2004 2314 454 73 fastidieuses,

354 2394 321 75 occupant
706 2409 128 42 une
862 2392 183 58 seule
1075 2391 320 78 réplique,
1420 2392 238 78 longue
1680 2392 249 77 parfois
1952 2394 78 58 de
2058 2394 176 59 deux
2258 2410 203 60 pages

352 2472 308 60 entières.
693 2471 137 60 Des
862 2488 164 59 gens
1075 2471 304 60 écoutent
1413 2489 135 42 aux
1585 2474 221 75 portes
1835 2472 96 59 les
1962 2475 498 58 conversations

349 2550 427 71 criminelles,
811 2550 369 77 surgissent
1210 2550 52 58 à.
1288 2551 185 75 point
1503 2569 164 58 pour
1698 2552 160 59 crier
1884 2569 13 39 :
1935 2571 29 36 «
2006 2552 386 60 Misérable!
2425 2574 28 34 »

357 2649 81 41 au
470 2646 265 61 pervers
764 2631 62 57 et
852 2646 239 42 sauver
1117 2629 425 61 l'innocence.
1566 2631 54 59 Il
1647 2630 209 61 existe
1886 2648 77 42 en
1997 2631 251 76 chaque
2279 2632 181 78 pièce

353 2728 131 42 une
517 2710 171 58 sorte
710 2709 78 59 de
816 2709 390 76 Desgenais,
1239 2709 116 76 qui
1383 2710 297 60 confesse
1704 2710 142 60 l'un
1876 2712 189 75 après
2096 2711 233 60 l'autre
2361 2712 97 59 les

354 2804 470 62 personnages,
844 2787 126 60 tire
995 2787 97 59 les
1124 2789 439 72 conclusions,
1595 2790 307 76 explique
1933 2791 62 59 et
2025 2790 432 61 conférencie.

349 2870 91 60 Le
490 2869 298 76 marquis
838 2867 90 59 du
1635 2872 148 55 Fils
1176 2871 283 57 naturel
1512 2870 267 58 devient
1831 2874 79 54 de
2227 2886 88 58 ay
2370 2871 88 59 du

349 2944 179 64 Père
566 2951 382 69 Prodigue;
979 2946 47 59 il
1060 2964 146 42 sera
1234 2947 155 77 plus
1426 2949 146 57 tard
1613 2947 59 59 le
1710 2965 412 60 personnage
2155 2950 115 76 qui
2307 2950 124 60 s'in-

348 3027 194 61 titule
583 3026 39 59 Y
628 3030 165 56 Ami
840 3031 112 55 des
990 3030 337 57 Femmes.
1365 3026 218 69 Quant
1623 3045 131 41 aux
1792 3027 247 73 thèses,
2080 3030 145 58 leur
2263 3030 159 60 bana-

345 3107 118 59 lité
506 3105 337 77 primitive
891 3105 334 76 s'aggrave
1271 3123 230 43 encore
1557 3106 78 60 de
1679 3107 66 58 la
1787 3106 246 61 facilité
2083 3109 213 59 niaise
2347 3110 113 58 des

349 3185 357 77 exemples.
733 3185 245 70 Certes,
1000 3185 49 58 il
1079 3186 121 75 put
1232 3186 288 60 sembler
1548 3186 456 76 passionnant,
2030 3189 36 58 à
2096 3206 129 42 une
2257 3189 203 61 heure

350 3265 276 71 donnée,
661 3265 79 63 de
773 3265 296 58 soutenir
1105 3265 59 60 le
1195 3265 232 60 bâtard
1467 3267 219 59 contre
1726 3266 61 60 le
1825 3267 271 78 préjugé
2138 3269 228 58 social.
2404 3269 54 58 Il

353 3346 113 59 eût
517 3344 186 71 fallu,
745 3360 79 42 en
873 3360 69 42 ce
993 3360 129 51 cas,
1172 3342 376 61 démontrer
1595 3354 330 52 comment
1972 3364 93 42 un
2109 3346 137 61 être
2288 3349 169 58 reste

353 3424 169 62 voué
557 3441 83 41 au
684 3422 308 60 malheur
1027 3440 117 59 par
1185 3424 61 59 le
1277 3425 140 58 vice
1459 3425 244 77 égoïste
1745 3425 87 60 du
1879 3426 173 76 père.
2084 3427 86 60 M.
2201 3427 256 60 Dumas

348 3521 169 42 nous
561 3504 255 58 montre
856 3519 82 42 au
971 3502 322 61 contraire
1328 3520 92 42 un
1460 3504 280 77 gaillard
1779 3506 159 59 dont
1968 3506 64 59 la
2063 3506 202 73 mère,
2301 3505 156 62 bien
