2717 3843
1229 204 109 58 127

234 340 465 64 personnages.
736 327 67 59 Si
848 327 129 61 l'on
1010 332 262 75 excepte
1298 334 60 61 le
1397 338 284 74 premier
1711 341 139 59 acte
1881 343 78 58 de
1989 343 64 59 la
2082 350 249 74 Meule,

235 419 116 58 par
394 404 156 73 quoi
599 406 87 57 M.
723 406 307 60 Lecomte
1067 426 36 41 a
1145 410 146 58 doté
1331 414 65 58 la
1446 416 188 59 scène
1685 419 191 58 d'une
1922 424 288 61 manière
2256 428 79 63 de

237 481 491 74 chef-d'œuvre,
761 485 61 60 le
840 486 276 62 Théâtre
1145 490 195 61 Libre
1381 494 103 58 n'a
1514 496 187 60 offert
1734 499 75 58 de
1850 501 169 61 beau
2060 522 125 58 que
2219 510 116 61 des

235 561 425 74 productions
684 562 372 80 étrangères
1074 585 12 40 :
1117 572 96 56 La
1243 574 379 61 Puissance
1649 581 114 55 des
1800 581 328 64 Ténèbres
2151 588 61 58 et
2242 594 90 57 Le

242 645 278 56 Canard
548 645 340 71 Sauvage.

317 719 139 68 Que
486 719 129 59 l'on
647 724 291 57 constate
968 740 254 46 comme
1254 727 62 60 le
1349 731 228 60 succès
1613 750 69 43 se
1714 739 308 62 restreint
2055 759 83 43 au
2171 748 132 59 café-

237 800 280 68 concert,
550 815 130 42 aux
718 800 539 77 opéras-bouffes,
1292 824 130 42 aux
1466 811 404 64 exhibitions
1902 818 429 68 licencieuses

238 877 61 57 et
329 891 131 42 aux
488 877 333 75 pitreries;
853 896 125 59 que
1008 881 128 58 l'on
1166 887 153 56 note
1349 886 60 59 le
1442 887 237 63 dédain
1714 894 87 58 du
1832 896 225 74 public
2088 901 98 61 dit
2215 905 88 60 let-

238 953 96 59 tré
370 971 166 57 pour
573 956 98 58 les
710 959 332 58 comédies
1088 961 78 59 de
1206 979 249 44 mœurs
1489 971 62 54 et
1592 969 95 58 les
1729 971 259 64 drames
2029 978 124 61 dûs
2203 1000 129 44 aux

237 1033 261 75 plumes
521 1035 384 76 glorieuses,
928 1054 124 58 que
1080 1039 131 59 l'on
1243 1045 301 60 examine
1571 1047 197 73 enfin,
1795 1054 187 73 après
2002 1055 328 79 l'épreuve

239 1112 79 59 de
350 1113 165 59 cette
552 1115 205 58 année
793 1117 62 57 et
891 1115 345 62 l'insuccès
1268 1121 79 59 de
1382 1125 141 57 tant
1564 1126 79 59 de
1681 1130 306 74 reprises.
2017 1119 322 81 laValeur

238 1195 349 70 purement
616 1193 347 77 passagère
995 1195 115 59 des
1141 1197 215 75 pièces
1386 1200 95 60 les
1521 1204 151 73 plus
1710 1206 281 64 chovées
2022 1218 317 61 autrefois

235 1284 119 59 par
383 1285 127 42 une
542 1271 278 76 critique
855 1272 330 75 brillante,
1216 1279 61 57 et
1310 1277 127 60 l'on
1469 1282 322 60 admettra
1822 1286 357 66 forcément
2210 1313 127 56 que

238 1347 61 57 le
326 1347 251 60 théâtre
610 1350 78 57 de
721 1366 68 42 ce
821 1351 193 58 siècle
1046 1354 103 58 n'a
1179 1355 98 58 été
1310 1374 124 57 que
1458 1360 360 80 chronique
1850 1374 456 61 momentanée

238 1425 216 72 futile,
487 1427 155 59 hors
674 1428 77 59 de
780 1431 178 58 toute
985 1431 284 63 formule
1297 1436 184 61 d'art.
2316 1425 14 24 '

315 1505 94 57 La
450 1505 685 75 Comédie-Française
1169 1512 159 76 joue
1367 1515 58 58 le
1466 1516 152 76 plus
1669 1528 329 55 rarement
2048 1530 291 72 possible

241 1583 97 59 les
381 1583 371 61 imitations
807 1587 363 78 classiques
1226 1592 78 59 de
1350 1594 393 78 l'antiquité,
1794 1618 190 59 parce
2030 1623 126 59 que
2205 1613 126 58 cela

239 1662 257 60 n'attire
522 1663 173 77 plus.
722 1665 90 58 Le
840 1666 222 61 drame
1089 1672 418 76 romantique
1530 1693 151 43 avec
1701 1695 104 42 ses
1829 1684 285 75 rapières
2147 1691 62 55 et
2232 1707 105 43 ses

238 1741 273 72 tirades,
572 1759 104 42 ses
721 1745 266 73 poisons
1039 1748 61 56 et
1155 1765 105 42 ses
1317 1750 379 77 échafauds,
1753 1756 119 61 fait
1931 1764 255 59 sourire
2238 1768 98 59 les

238 1820 220 58 moins
516 1821 398 76 sceptiques,
969 1823 270 61 étonnés
1293 1830 376 63 d'entendre
1726 1853 116 42 sur
1893 1839 63 59 la
2010 1845 323 72 première

241 1898 190 57 scène
475 1897 323 72 française
840 1919 128 40 une
1006 1905 322 61 variation
1372 1909 78 58 de
1483 1914 97 55 La
1622 1916 214 57 Croix
1875 1922 77 54 de
2139 1924 194 61 Mère

241 1980 62 56 et
336 1977 77 57 de
437 1980 96 57 La
561 1980 449 71 Bouquetière
1037 1986 113 56 des
1187 1989 374 59 Innocents.
1588 1990 88 58 Le
1702 1992 252 63 théâtre
1978 2002 316 60 sentimen-

243 2055 111 69 tal,
384 2056 221 73 quand
641 2057 85 57 M.
761 2058 255 60 Dumas
1044 2060 61 59 le
1146 2062 206 75 signe,
1387 2067 193 74 garde
1621 2086 229 46 encore
1881 2091 129 44 une
2052 2082 281 60 certaine

238 2150 246 59 vogue;
520 2136 63 56 et
619 2135 77 58 de
728 2136 141 72 fait,
909 2141 335 74 comparée
1277 2159 129 43 aux
1442 2145 434 64 lamentables
1907 2157 425 73 productions

242 2212 279 60 d'Emile
561 2213 268 77 Augier,
863 2234 128 42 aux
1032 2218 324 63 minables
1394 2225 232 59 satires
1669 2229 78 58 de
1785 2231 152 61 MM.
1975 2234 251 63 Sardou
2267 2243 63 57 et

239 2291 247 59 Pailler
489 2309 105 52 on',
629 2292 268 61 l'œuvre
930 2296 78 57 de
1039 2298 98 56 cet
1163 2297 284 62 écrivain
1471 2302 231 61 mérite
1735 2310 198 73 qu'on
1960 2311 291 65 l'étudié.

321 2370 82 59 Ce
444 2371 160 75 qu'il
639 2389 43 58 y
724 2390 36 40 a
807 2373 77 57 de
915 2375 305 61 meilleur
1257 2378 163 60 dans
1451 2399 127 42 une
1613 2385 182 75 pièce
1827 2389 77 59 de
1936 2391 85 60 M.
2050 2392 282 66 Dumas,

241 2450 154 57 c'est
434 2450 35 57 à
508 2466 163 60 coup
714 2467 115 42 sur
860 2452 64 58 la
969 2453 274 75 préface.
1288 2457 449 66 Débarrassée
1782 2466 89 60 du
1909 2470 305 77 dialogue
2245 2494 87 41 un

241 2544 124 58 peu
408 2526 203 77 épais,
652 2528 114 59 des
815 2531 411 61 calembours
1262 2535 287 78 d'usage,
1589 2542 61 57 et
1690 2544 78 58 de
1806 2545 353 73 l'agaçante
2191 2555 106 72 pré-

238 2606 253 58 tention
540 2607 37 57 â
616 2607 65 58 la
727 2610 330 72 noblesse,
1096 2612 65 59 la
1208 2615 186 59 thèse
1438 2624 314 71 apparaît,
1796 2640 131 43 aux
1974 2631 357 73 premières

241 2701 222 60 pages,
505 2688 367 59 autrement
909 2688 395 75 vigoureuse
1335 2697 61 56 et
1436 2700 487 62 convaincante.
1963 2706 128 60 Les
2124 2711 209 71 sujets

241 2763 322 74 entrepris
620 2764 301 60 n'offrent
980 2768 335 61 d'ailleurs
1367 2790 216 44 aucun
1644 2777 235 61 intérêt
1935 2785 390 77 esthétique.

241 2842 207 58 Toute
486 2841 268 61 l'œuvre
790 2861 69 43 se
900 2846 221 61 résout
1161 2866 79 42 en
1284 2869 91 40 un
1414 2856 267 58 manuel
1721 2858 78 59 de
1832 2861 244 61 civilité
2112 2869 187 71 conju-

241 2921 140 75 gale
423 2922 61 56 et
525 2921 419 62 désnonnete.
975 2926 52 58 L
1052 2928 235 59 auteur
1324 2947 46 58 y
1415 2933 189 60 traite
1655 2936 113 60 des
1806 2944 527 63 revendications

241 3001 87 56 du
361 2998 107 59 fils
500 2999 278 72 naturel,
813 3003 88 57 du
930 3005 169 59 droit
1130 3007 149 74 qu'a
1305 3026 90 42 un
1427 3011 151 72 père
1621 3015 77 58 de
1743 3018 343 61 continuer
2114 3022 63 59 la
2204 3025 127 60 fêle

239 3078 267 74 lorsque
561 3093 119 42 son
726 3078 106 60 fils
881 3083 232 60 atteint
1157 3085 163 77 l'âge
1378 3088 298 78 d'époux,
1729 3095 79 58 de
1864 3096 463 66 l'amusement

241 3173 86 58 qu
352 3157 47 57 il
434 3157 97 57 est
561 3173 166 59 pour
761 3175 90 42 un
877 3161 376 63 célibataire
1284 3167 78 58 de
1395 3167 378 78 fréquenter
1800 3173 62 60 la
1903 3176 241 62 femme
2171 3198 156 44 sans

239 3236 334 68 conduite,
620 3237 148 69 etc.,
818 3239 169 59 etc...
1041 3242 89 58 Le
1182 3246 271 73 procédé
1503 3250 79 58 de
1631 3251 84 57 M.
1765 3252 255 62 Dumas
2079 3260 249 61 semble

242 3312 259 76 simple.
533 3313 53 57 Il
620 3313 158 59 écrit
807 3332 128 43 une
967 3318 359 79 chronique
1367 3341 184 43 assez
1583 3327 331 75 brillante,
1951 3333 172 60 deux
2153 3337 146 61 chro-

241 3392 262 76 niques,
554 3393 187 67 trois,
794 3396 172 75 cinq,
1014 3398 137 73 dix,
1197 3403 151 74 puis
1406 3405 47 57 il
1499 3406 95 58 les
1635 3422 203 63 coupe
1884 3429 77 40 en
2005 3415 326 62 tranches,

238 3471 231 58 inscrit
498 3471 237 58 devant
756 3471 95 59 les
879 3476 299 61 tranches
1202 3497 86 41 un
1315 3499 152 41 nom
1491 3485 78 58 de
1604 3486 237 60 femme
1866 3506 81 41 ou
1978 3491 352 78 d'homme,
