2969 5070
955 221 428 69 BRUNO'S
1537 222 454 73 WEEKLY.

2727 244 81 60 87

146 370 297 67 Record
502 370 139 67 No.
707 375 98 62 33

228 478 158 68 The
447 477 487 71 introduction
1000 478 82 70 of
1146 480 120 68 the
1327 480 471 85 phonograph
1860 482 153 69 into
2077 482 298 69 modern
2440 480 242 68 fiction
2744 478 61 70 is

142 588 44 46 a
243 565 281 67 feature
577 565 85 67 of
716 565 122 69 the
890 565 153 84 plot
1095 566 83 70 of
1237 568 129 68 Ida
1422 568 223 83 Clyde
1705 570 316 69 Clarke's
2462 568 138 68 No.

143 651 371 83 published
570 649 139 70 last
761 653 200 67 week
1012 654 93 80 by
1159 654 87 68 D.
1302 654 359 82 Appleton
1715 656 59 69 &
1828 656 144 81 Co.,
2030 654 73 68 in
2160 656 181 68 New
2397 653 224 69 York.
2731 651 73 68 If

142 737 120 68 the
311 737 259 70 author
619 737 142 68 had
809 741 178 66 been
1036 739 316 69 satisfied
1402 751 74 57 to
1525 742 205 68 write
1777 764 44 46 a
1869 742 203 70 short
2121 753 215 71 story,
2390 741 126 69 she
2563 739 242 71 would

142 825 181 68 have
374 825 216 68 saved
640 825 272 70 herself
965 849 44 46 a
1058 827 101 68 lot
1209 829 82 66 of
1342 827 171 69 time
1562 830 141 66 and
1752 851 217 61 paper
2020 830 140 66 and
2211 829 118 67 the
2382 829 252 67 reader
2685 827 120 69 the

140 910 354 83 necessity
548 910 83 71 of
690 912 290 84 wading
1032 915 314 81 through
1403 937 43 46 a
1501 915 105 70 lot
1659 915 85 70 of
1799 915 351 70 incidents
2209 915 232 68 which
2499 937 122 48 are
2677 925 130 60 not

140 1020 174 59 very
364 998 189 68 clear
606 1000 140 68 and
800 998 256 85 logical
1109 1001 138 67 and
1302 1000 232 69 which
1584 1001 183 70 have
1815 1001 305 83 nothing
2167 1001 362 70 whatever
2580 1012 75 59 to
2710 1001 95 68 do

142 1084 171 70 with
358 1084 121 70 the
524 1095 200 72 story
767 1086 221 70 itself.
1075 1088 157 68 The
1276 1088 242 68 rather
1566 1088 291 85 lengthy
1899 1100 303 59 account
2245 1091 83 68 of
2375 1090 119 69 the
2539 1088 268 69 arrival

140 1171 85 69 of
264 1173 120 67 the
424 1173 172 67 mail
636 1174 214 68 order
890 1174 281 83 catalog
1210 1174 73 68 in
1329 1174 433 85 Merryville,
1808 1179 140 66 and
1989 1176 122 69 the
2153 1176 456 81 discussions,
2655 1198 150 47 war

142 1257 333 83 councils,
548 1259 141 68 and
760 1261 120 67 the
949 1261 282 69 endless
1300 1261 208 67 chain
1578 1262 83 70 of
1730 1262 308 83 changes
2108 1262 83 70 of
2262 1262 198 70 mind
2529 1286 124 46 are
2722 1286 83 46 so

140 1345 196 70 vivid
391 1349 140 66 and
585 1347 395 69 humorous
1034 1349 156 67 that
1242 1372 109 46 we
1403 1359 261 59 cannot
1715 1352 129 68 but
1898 1350 145 68 feel
2098 1349 399 71 reconciled
2553 1362 75 58 to
2683 1350 122 70 the

138 1455 214 60 many
391 1433 342 70 thumbed
772 1455 238 63 pages.

226 1540 68 68 It
348 1538 63 71 is
469 1542 121 67 the
650 1552 201 73 story
907 1542 83 69 of
1049 1565 44 44 a
1149 1542 237 83 lonely
1439 1542 142 84 girl
1639 1543 140 70 and
1837 1543 122 68 the
2016 1554 163 72 part
2235 1565 42 46 a
2335 1538 470 87 phonograph

140 1626 254 68 record
450 1626 198 83 plays
704 1626 74 68 in
834 1628 127 68 her
1017 1628 151 71 life.
1276 1630 198 69 Born
1529 1630 74 66 in
1659 1630 406 81 Louisiana,
2123 1628 279 69 Amelie
2458 1628 229 66 Trent
2741 1625 61 69 is

140 1713 283 83 obliged
496 1725 74 59 to
643 1714 207 70 make
922 1716 127 66 her
1122 1716 212 68 home
1407 1716 72 68 in
1554 1718 120 67 the
1745 1716 181 69 little
1998 1716 381 81 Kentucky
2450 1725 194 59 town
2719 1713 83 67 of

140 1799 439 81 Merryville.
675 1801 241 67 Never
963 1824 176 46 once
1186 1801 73 69 in
1308 1802 97 68 all
1451 1804 128 66 her
1628 1802 131 68 life
1805 1804 128 68 has
1986 1802 125 70 she
2155 1804 176 66 been
2379 1801 157 69 able
2583 1811 73 57 to
2709 1799 93 69 do

138 1909 78 48 as
270 1887 126 70 she
448 1887 275 70 herself
775 1889 291 84 wished,
1119 1890 142 68 and
1313 1912 177 48 even
1542 1890 120 68 the
1717 1890 298 82 French,
2069 1889 83 71 of
2208 1889 232 69 which
2494 1887 125 70 she
2672 1887 130 70 has

132 1972 181 71 been
372 1995 80 48 so
513 1973 179 68 fond
750 1975 140 68 and
944 1975 251 83 proud,
1254 1975 61 70 is
1374 1975 309 83 slipping
1737 1999 205 59 away
2001 1975 195 70 from
2252 1977 149 69 her.
2517 1975 99 68 So
2677 1973 127 70 she

140 2060 212 69 sends
404 2070 76 59 to
536 2060 181 69 New
770 2062 205 67 York
1031 2060 118 69 for
1203 2084 41 47 a
1298 2062 180 69 lktle
1530 2063 325 68 machine
1906 2063 244 68 whose
2201 2062 289 69 records
2546 2060 163 83 give
2761 2080 43 48 a

138 2168 253 49 course
445 2146 83 70 of
585 2148 280 69 French
919 2148 295 83 lessons,
1269 2151 143 66 and
1466 2150 61 71 is
1583 2150 362 83 delighted
1999 2150 175 69 with
2228 2150 120 67 the
2401 2148 399 71 melodious

135 2233 203 72 voice
402 2234 83 70 of
551 2234 122 70 the
739 2234 280 70 French
1085 2234 378 83 professor
1530 2238 244 67 whose
1842 2238 239 67 words
2148 2260 122 45 are
2336 2236 464 83 reproduced.

138 2319 378 85 Presently
585 2321 127 69 she
778 2321 237 83 places
1485 2322 140 70 No.
1891 2346 95 46 on
2057 2322 120 70 the
2248 2321 324 69 machine
2572 2321 230 69 —and

135 2405 212 71 hears
406 2407 405 83 something
863 2431 178 59 very
1093 2409 243 69 unlike
1393 2410 122 66 the
1574 2409 266 69 formal
1896 2410 295 82 phrases
2252 2409 125 69 she
2436 2409 363 83 expected.

137 2493 237 83 Again
418 2495 142 68 and
601 2495 210 81 again
856 2495 126 69 she
1026 2495 245 69 listens
1313 2505 77 59 to
1435 2505 366 59 sentences
1847 2495 232 69 which
2125 2519 293 61 express
2462 2495 130 69 her
2638 2519 162 45 own

140 2580 327 83 feelings,
523 2583 140 66 and
719 2592 75 57 at
848 2581 137 70 last
1039 2581 281 70 decides
1376 2593 76 58 to
1505 2605 95 59 go
1656 2593 76 58 to
1789 2583 182 68 New
2025 2585 205 66 York
2282 2583 73 66 in
2412 2583 249 69 search
2716 2581 84 71 of

135 2668 122 67 the
299 2669 376 80 professor
717 2668 163 69 who
926 2669 206 66 made
1176 2669 121 66 the
1339 2669 274 68 record.
1700 2669 118 68 No
1866 2691 257 48 sooner
2170 2669 127 68 has
2346 2669 124 70 she
2514 2669 286 70 arrived

137 2754 203 70 there
387 2754 175 68 than
614 2754 127 70 she
792 2756 185 69 finds
1031 2754 271 70 herself
1354 2754 244 70 mixed
1649 2778 95 59 up
1796 2756 75 68 in
1923 2778 42 46 a
2016 2756 429 83 mysterious
2501 2779 162 48 case
2714 2757 85 68 of

133 2840 232 82 theft;
428 2840 171 68 then
662 2842 125 68 she
848 2840 362 72 discovers
1271 2852 131 58 not
1459 2842 169 81 only
1688 2842 128 68 her
1879 2840 279 70 French
2216 2844 395 81 professor,
2673 2844 127 69 but

135 2927 122 68 the
308 2925 208 70 other
565 2927 288 81 portion
904 2927 81 69 of
1039 2949 92 46 an
1181 2927 121 69 old
1354 2949 354 61 romance,
1761 2927 159 69 half
1971 2928 84 70 of
2108 2928 233 70 which
2394 2928 127 70 she
2568 2928 231 72 knew.

135 3057 349 79 Hersey's
521 3057 266 66 Poems

220 3164 284 71 Harold
558 3164 286 83 Hersey
895 3164 374 83 published
1322 3166 301 69 another
1676 3166 179 69 little
1906 3166 286 71 volume
2245 3167 83 68 of
2382 3166 110 69 his
2548 3176 252 71 poetry

133 3249 73 69 in
275 3272 92 48 an
436 3250 270 70 edition
773 3249 85 71 of
926 3260 125 58 200
1119 3250 257 83 copies.
1513 3250 119 70 He
1701 3252 171 71 calls
1942 3252 122 69 the
2133 3250 339 73 selection
2545 3250 255 83 simply

624 3337 119 67 He
804 3347 272 59 creates
1141 3335 110 71 his
1313 3360 165 46 own
1540 3338 231 68 world
1832 3340 142 68 and
2035 3337 110 71 his
2208 3338 293 83 opinion
2560 3338 61 70 is
2683 3337 114 69 his

133 3425 251 71 world.
399 3509 17 16 _
477 3425 119 67 He
643 3425 61 69 is
753 3447 41 45 a
839 3426 236 80 happy
1122 3425 327 67 dreamer
1498 3426 141 68 and
1686 3426 283 70 dreams
2018 3426 196 82 right
2260 3448 264 61 among
2568 3448 105 61 us,
2722 3425 77 69 in

133 3535 134 47 our
321 3509 237 85 midst,
616 3511 73 68 in
743 3511 120 69 the
916 3511 502 73 hustle-bustle
1471 3511 83 71 of
1612 3511 120 69 the
1786 3514 181 82 busy
2021 3513 132 67 life
2209 3513 85 69 of
2348 3513 122 69 the
2524 3513 146 84 city
2721 3513 76 67 in

133 3597 232 70 which
428 3599 90 66 he
582 3597 196 70 lives.
888 3597 194 70 How
1148 3597 93 70 do
1303 3621 144 58 you
1510 3597 140 70 like
1713 3597 142 71 this
1921 3621 154 61 one,
2143 3599 120 69 the
2328 3599 139 69 last
2526 3599 85 69 of
2677 3599 120 69 the

132 3687 287 68 volume
436 3685 31 68 ?

474 3811 132 81 My
655 3812 252 70 Love's
961 3814 131 68 life

474 3917 215 70 Beats
738 3919 73 66 in
861 3921 119 68 the
1029 3921 169 69 void

469 4026 204 69 With
734 4026 424 73 featherless
1215 4031 231 81 wing;

470 4134 203 70 Dead
717 4136 222 81 heart,
987 4139 181 66 dead
1214 4138 211 69 strife
1469 4192 386 18 ....

469 4244 149 68 'Tis
660 4254 191 58 utter
895 4246 259 68 devoid

470 4349 105 70 Of
607 4351 202 69 voice
841 4361 75 59 to
949 4353 177 83 sing.
