2969 5070
961 176 425 67 BRUNO'S
1543 176 451 67 WEEKLY.

2728 181 89 57 89

155 324 455 68 tremendous
664 323 200 69 labor
917 323 172 84 long
1135 326 256 68 before
1440 324 186 83 fifty.

239 409 153 66 The
463 411 394 79 extremely
925 411 169 81 long
1165 411 129 67 life
1364 412 140 66 and
1575 414 120 66 the
1767 412 447 82 astonishing
2283 411 291 81 literary
2644 431 125 61 pro-

156 495 444 70 ductiveness
646 495 84 70 of
776 497 327 68 Voltaire
1149 521 186 44 were
1382 497 258 69 looked
1684 521 189 61 upon
1917 500 95 80 by
2053 521 215 59 many
2312 497 205 83 pious
2561 495 250 85 people

155 582 83 69 of
300 582 120 69 the
485 582 432 81 Eighteenth
984 585 317 81 Century
1360 607 78 46 as
1504 609 42 44 a
1613 583 259 85 special
1934 583 542 70 manifestation
2540 582 85 71 of
2689 582 122 69 the

155 690 240 59 power
444 670 85 67 of
581 671 120 66 the
751 671 228 68 Devil.
1079 673 176 66 This
1306 671 249 70 notion
1604 673 59 68 is
1716 683 128 58 not
1890 683 120 71 yet
2058 673 266 80 wholly
2371 671 439 68 abandoned.

160 754 281 82 Morley
497 754 240 71 thinks
796 758 156 67 that
1008 758 142 67 had
1206 758 327 69 Voltaire
1592 758 163 67 died
1814 770 75 55 at
1944 758 185 81 fifty,
2188 758 90 67 he
2334 756 240 69 would
2630 756 180 68 have

156 841 136 69 left
344 864 95 46 no
497 842 354 85 enduring
903 866 225 58 name,
1186 844 112 68 his
1352 846 157 66 best
1563 846 204 68 work
1822 844 266 83 having
2139 846 178 68 been
2375 846 186 68 done
2615 844 196 68 after

156 929 154 67 that
370 951 150 59 age.
639 930 139 68 We
839 952 115 48 see
1013 954 164 44 now
1238 932 154 68 that
1452 930 56 68 it
1567 954 147 46 was
1777 932 189 80 sleep
2029 934 139 66 and
2227 930 451 70 moderation
2739 930 72 66 in

155 1015 93 68 all
298 1015 239 83 things
590 1017 232 68 which
873 1019 382 81 preserved
1308 1017 542 71 Voltaire—not
1897 1020 120 66 the
2073 1017 227 71 Devil.
2402 1017 120 73 He
2571 1017 240 71 would

156 1101 269 68 remain
490 1103 71 66 in
624 1105 135 68 bed
825 1103 120 70 for
1006 1105 236 69 weeks
1303 1115 76 58 at
1440 1127 42 44 a
1543 1105 171 68 time
1714 1115 215 59 —not
1988 1105 97 81 ill,
2149 1107 127 67 but
2337 1105 275 83 resting
2669 1107 144 67 and

156 1188 515 83 recuperating.
796 1190 215 67 Mark
1072 1190 253 67 Twain
1387 1191 129 71 has
1577 1191 212 68 taken
1850 1213 45 46 a
1953 1191 157 68 hint
2175 1191 193 68 from
2429 1191 120 68 the
2610 1200 205 74 great

156 1274 463 83 Frenchman,
666 1278 140 66 and
851 1278 248 67 shown
1140 1300 86 47 us
1267 1276 164 69 how

446 1425 323 69 husband
820 1437 125 57 out
994 1427 188 69 life's
1233 1437 200 73 taper
1486 1438 74 56 at
1604 1428 120 66 the
1775 1428 208 80 close,

241 1511 168 68 And
451 1513 179 83 keep
673 1513 120 68 the
835 1535 210 46 name
1094 1513 192 68 from
1335 1515 305 81 wasting
1680 1516 93 80 by

243 1662 291 80 Goethe,
624 1662 162 68 who
871 1662 215 68 ranks
1176 1686 76 45 as
1338 1664 120 66 the
1543 1674 317 71 greatest
1941 1664 310 69 creative
2339 1664 196 69 mind
2623 1664 192 71 since

161 1745 507 86 Shakespeare,
727 1748 142 68 and
927 1748 162 70 who
1149 1760 74 58 to
1282 1750 427 69 short-lived
1767 1774 160 44 men
1987 1752 281 67 seemed
2324 1762 76 57 to
2457 1750 183 69 rival
2695 1750 120 69 the

155 1836 181 80 gods
395 1836 71 65 in
527 1836 110 68 his
698 1858 130 58 age
888 1838 139 66 and
1086 1838 261 80 beauty
1403 1838 140 68 and
1602 1840 534 79 power—owed
2195 1840 212 68 much
2466 1848 74 60 to
2603 1838 219 85 sleep*

158 1919 357 73 Fourteen
574 1923 221 69 hours
856 1945 147 47 was
1060 1923 112 69 his
1233 1924 286 82 regular
1579 1924 159 82 tale,
1799 1924 140 70 and
1999 1924 57 70 it
2114 1948 81 46 so
2251 1928 384 79 preserved
2693 1926 122 68 the

156 2007 205 83 vigor
427 2007 83 70 of
580 2007 111 70 his
757 2007 198 70 mind
1023 2009 156 68 that
1243 2031 43 46 a
1355 2011 137 68 full
1555 2009 494 83 half-century
2114 2011 288 69 divided
2469 2012 121 68 the
2657 2011 159 69 first

161 2094 193 69 from
412 2095 120 67 the
593 2097 263 66 second
1357 2097 83 66 In
1499 2095 110 70 his
1668 2097 121 68 old
1848 2117 149 61 age,
2058 2119 78 48 as
2197 2097 235 70 Heine
2488 2097 161 71 tells
2708 2121 105 57 us,

158 2182 88 68 he
307 2182 257 69 looked
625 2182 141 68 like
825 2184 296 81 Jupiter,
1184 2184 141 67 and
1386 2184 238 81 surely
1682 2184 108 71 his
1851 2185 307 68 unusual
2219 2207 172 61 span
2452 2185 85 70 of
2600 2184 216 71 life—

156 2268 347 81 peaceful,
558 2266 328 83 creative,
940 2268 419 68 beneficient
1359 2270 228 66 —had
1636 2272 212 67 much
1900 2272 158 67 that
2107 2294 149 47 was
2308 2270 238 69 divine
2600 2273 218 68 about

158 2355 74 67 it.
353 2355 83 67 In
495 2353 112 69 his
668 2355 345 83 passions,
1074 2365 142 71 too,
1279 2355 91 67 he
1428 2356 278 82 greatly
1767 2358 392 68 resembled
2220 2358 121 69 the
2402 2358 122 69 old
2583 2380 230 63 pagan

156 2443 396 81 gods—but
588 2443 32 66 I
659 2453 192 59 must
884 2453 129 57 not
1050 2453 197 71 stray
1286 2443 193 67 from
1516 2466 120 60 my
1672 2444 255 68 theme.

246 2527 257 66 Balzac
566 2529 180 78 slept
803 2529 229 80 badly,
1098 2532 139 63 and
1296 2529 196 80 giant
1555 2553 74 42 as
1694 2532 88 65 he
1843 2554 166 58 was,
2073 2541 75 57 to
2209 2532 140 66 this
2417 2532 149 68 fact
2627 2543 191 57 must

156 2615 88 68 be
314 2612 387 71 attributed
771 2614 110 69 his
950 2624 407 73 premature
1425 2615 487 70 break-down.
2053 2617 118 68 He
2237 2619 144 67 had
2452 2639 44 47 a
2562 2619 258 83 theory

158 2700 157 68 that
376 2702 121 66 the
561 2698 310 70 creative
939 2700 328 69 faculties
1333 2702 430 67 deteriorate
1828 2703 228 68 under
2121 2705 211 68 much
2398 2705 208 83 sleep,
2674 2707 142 67 and

160 2808 79 49 so
295 2786 90 68 he
439 2788 295 68 worked
788 2798 74 58 at
915 2788 222 81 night,
1198 2788 445 85 stimulating
1695 2790 293 67 himself
2046 2790 174 71 with
2278 2791 120 70 the
2457 2803 368 71 strongest

160 2874 247 82 coffee,
470 2874 138 68 and
671 2873 396 81 ordinarily
1128 2873 180 83 slept
1364 2876 127 68 but
1548 2898 42 44 a
1651 2873 144 71 few
1855 2876 221 71 hours
2137 2878 75 68 in
2271 2879 122 67 the
2454 2878 361 83 day-time.

163 2961 291 67 Gautier
507 2962 156 65 tells
713 2986 82 42 us
847 2962 161 66 how
1055 2962 109 66 his
1220 2964 430 66 stentorious
1707 2966 376 78 breathing
2134 2968 320 66 sounded
2503 2968 312 79 through

160 3047 120 68 the
348 3047 225 68 house
644 3045 139 70 like
854 3047 156 68 that
1076 3047 81 68 of
1232 3071 196 46 some
1497 3049 354 69 wounded
1922 3051 281 69 animal.
2317 3051 173 69 Had
2561 3052 259 70 Balzac

158 3155 200 48 more
400 3132 247 83 wisely
686 3135 368 81 regulated
1096 3133 112 72 his
1252 3135 188 83 sleep
1486 3137 140 66 and
1668 3137 214 68 taken
1924 3139 120 69 the
2088 3149 148 59 rest
2276 3139 112 69 his
2434 3162 386 48 enormous

161 3222 236 66 labors
436 3222 291 83 needed,
768 3222 89 66 he
896 3220 237 69 would
1172 3222 303 83 perhaps
1514 3223 181 70 have
1736 3223 186 68 lived
1961 3235 77 56 to
2078 3223 212 70 finish
2329 3225 113 69 his

244 3394 112 68 To
412 3415 196 49 some
661 3403 262 71 extent,
981 3393 310 71 Dickens
1345 3396 141 68 had
1540 3396 120 68 the
1714 3418 193 47 same
1960 3399 472 68 unfortunate
2483 3399 198 70 habit
2735 3401 90 68 of

158 3479 312 83 burning
514 3479 118 68 the
678 3481 249 67 candle
972 3489 75 58 at
1088 3481 174 67 both
1308 3482 194 66 ends.
1596 3482 309 82 Though
1949 3484 90 66 he
2085 3486 405 79 commonly
2537 3486 122 69 did
2706 3486 112 69 his

161 3567 176 68 stint
393 3567 73 66 in
525 3567 121 66 the
707 3567 326 68 cheerful
1093 3567 154 81 day,
1309 3569 110 67 his
1479 3569 203 67 brain
1741 3572 288 66 became
2088 3574 444 81 abnormally
2590 3574 226 69 active

161 3655 229 66 under
437 3653 121 66 the
607 3675 167 60 spur
822 3653 83 66 of
954 3655 310 66 creative
1314 3655 219 68 effort
1579 3657 140 66 and
1768 3657 205 67 often
2022 3658 224 70 drove
2293 3658 149 68 him
2496 3660 200 68 forth
2744 3672 76 58 to

161 3738 229 83 prowl
425 3741 219 66 about
678 3738 300 68 London
1016 3740 119 66 the
1174 3740 171 79 long
1375 3740 205 83 night
1618 3743 331 81 through.
2021 3745 116 68 On
2173 3745 144 68 this
2356 3757 317 71 account,
2713 3768 109 48 we

163 3828 181 67 have
398 3848 199 49 some
647 3826 410 68 wonderful
1111 3826 324 71 sketches
1489 3829 83 66 of
1629 3829 302 68 London
1983 3829 73 68 in
2109 3833 118 66 the
2283 3835 178 66 dark
2513 3833 310 69 hours—

161 3914 129 66 but
332 3912 170 82 they
544 3911 315 81 scarcely
901 3912 207 66 make
1152 3936 93 59 up
1296 3914 118 66 for
1460 3914 120 68 the
1629 3914 151 70 fact
1821 3916 156 68 that
2024 3917 310 70 Dickens
2385 3919 164 70 died
2591 3921 239 69 under

166 3999 210 81 sixty.

178 4111 146 79 (To
371 4111 83 64 be
503 4107 417 83 continued)

171 4806 205 68 Dead
432 4808 388 82 Peacocks,
879 4808 87 81 by
1028 4806 212 68 Clara
1303 4803 168 68 Tice
