4742 6604
4227 6485 144 72 135

253 116 422 77 versitäten
712 116 196 77 über
944 117 152 76 den
1636 121 214 74 Marc
1879 117 323 100 Chagall

250 234 511 93 geschrieben
837 259 97 50 zu
1012 234 311 75 haben?
1449 234 179 75 Und
1703 236 81 73 in
1855 236 349 76 welcher

250 349 503 95 Eigenschaft
834 351 259 73 haben
1181 351 125 74 Sie
1401 351 141 74 das
1642 353 562 93 geschrieben?

251 466 136 75 Als
471 466 502 95 Bierzapfer?
1079 466 136 75 Als
1283 468 482 74 Mitarbeiter
1848 468 137 74 des
2056 469 98 73 Or-

250 602 189 69 gans
515 581 129 73 für
719 583 718 93 Friseurgehilfen?
1511 625 95 9 —
1682 583 102 74 So
1857 591 138 65 tun
2073 583 131 76 Sie

250 695 208 74 doch
529 696 322 75 endlich
927 696 156 75 den
1159 698 247 73 Mund
1481 700 162 73 auf!
1777 698 137 75 Ich
1989 700 213 73 halte

250 812 128 72 Sie
453 813 129 73 für
654 812 236 94 fähig,
969 813 181 73 dass
1228 813 129 73 Sie
1438 815 314 73 mich
1838 815 127 71 für
2048 815 152 73 den

248 927 406 74 Verfasser
739 930 395 93 ausgeben
1220 930 322 71 wollen.
1721 928 213 75 Oder
2019 930 180 73 dass

246 1042 134 73 ich
490 1045 261 71 meine
849 1045 313 73 fortune
1262 1043 412 95 corrigiert
1770 1045 229 92 habe,
2102 1043 100 75 da

246 1157 127 74 ich
429 1157 210 76 doch
690 1184 101 49 an
854 1159 142 74 der
1052 1160 310 93 Ihrigen
1428 1162 256 73 nichts
1736 1162 463 75 verbessern

248 1274 235 73 kann.
634 1275 190 75 Also
924 1277 287 71 heraus
1322 1277 143 71 mit
1565 1277 143 73 der
1818 1277 381 95 Sprache!

250 1389 128 74 Sie
477 1392 292 73 wissen
893 1414 81 51 es
1084 1391 221 74 nicht
1415 1392 279 73 mehr?
1840 1394 110 91 Ja,
2058 1392 139 73 das

248 1524 185 75 mag
505 1507 200 87 sein,
791 1506 180 73 dass
1049 1506 127 73 Sie
1262 1506 220 73 nicht
1576 1507 233 73 mehr
1884 1507 313 90 wissen,

248 1643 168 51 was
549 1623 127 72 Sie
808 1619 510 97 geschrieben
1452 1621 283 74 haben.
1897 1623 302 72 Darum

251 1736 170 73 will
497 1736 130 75 ich
703 1760 82 49 es
864 1734 290 75 darauf
1205 1738 486 73 ankommen
1760 1739 281 90 lassen,
2097 1738 102 71 ob

250 1875 188 49 man
515 1855 158 71 mir
746 1858 328 85 zutraut,
1161 1851 181 75 dass
1420 1855 132 72 ich
1630 1855 350 72 Kritiken
2060 1851 137 73 des

250 1966 255 75 Herrn
543 1968 438 76 Westheim
1018 1968 627 75 nachschreiben
1697 1971 236 92 kann,
1987 1968 210 75 ohne

250 2083 174 73 eine
477 2083 216 75 Silbe
744 2083 246 75 daran
1042 2107 98 49 zu
1191 2083 327 73 ändern.
1645 2085 102 71 Es
1799 2107 173 51 war
2023 2085 174 73 eine

250 2198 760 95 Herausforderung.
1144 2198 211 73 Aber
1408 2198 396 75 nachdem
1857 2200 335 75 Waiden

248 2313 183 75 Ihre
483 2315 622 95 Beschimpfung
1183 2313 137 75 des
1398 2317 409 93 Kumpans
1872 2315 323 93 Chagall

248 2429 83 72 in
416 2429 499 96 Erinnerung
998 2430 373 95 gebracht
1454 2430 230 92 hatte,
1789 2430 120 92 da,
1995 2432 204 71 Herr

250 2542 459 95 Westheim,
763 2545 379 94 begingen
1183 2545 127 73 Sie
1354 2545 288 72 keinen
1680 2544 512 74 Selbstmord.

250 2659 228 73 Denn
554 2661 127 72 Sie
756 2667 371 85 wussten,
1213 2659 181 74 dass
1474 2661 125 72 Sie
1674 2662 145 70 mit
1894 2661 303 72 diesem

250 2772 245 75 Urteil
580 2774 154 75 den
817 2776 342 73 Kritiker
1206 2774 439 76 Westheim
1731 2777 251 92 längst
2065 2796 87 73 ge-

250 2889 315 75 mordet
644 2891 293 76 hatten.
1069 2891 225 73 Auch
1371 2893 201 72 Herr
1645 2891 554 95 Kiepenheuer

248 3011 110 66 tat
434 3006 219 73 nicht
715 3004 163 94 das,
956 3028 167 51 was
1176 3008 173 71 ihm
1399 3030 141 49 zur
1592 3006 209 73 Ehre
1853 3008 344 93 gereicht

250 3121 233 73 hätte.
609 3121 106 73 Er
790 3123 279 93 packte
1123 3121 127 75 Sie
1330 3123 217 73 nicht
1621 3123 215 71 beim
1890 3123 304 93 Kragen

250 3235 166 72 und
468 3236 323 73 befreite
842 3236 170 73 sich
1066 3260 156 51 von
1276 3238 271 91 Ihnen,
1609 3236 346 75 sondern
2009 3238 185 73 liess

251 3350 126 73 Sie
463 3350 274 73 weiter
822 3350 151 73 den
1027 3352 442 74 Westheim
1555 3352 327 93 spielen.
2023 3353 174 73 Und

250 3465 243 73 selbst
541 3463 340 76 Waiden
957 3465 144 74 sah
1154 3465 173 74 sich
1377 3467 397 74 abermals
1828 3470 125 71 ein
2006 3467 191 74 Jahr

250 3578 271 75 diesen
573 3580 259 95 Unfug
881 3604 124 69 an,
1084 3580 180 75 dass
1320 3582 140 73 der
1511 3582 688 95 Erzbeschimpfer

250 3694 144 74 der
443 3697 250 71 Kunst
744 3695 169 75 sich
968 3699 127 71 für
1152 3697 232 73 ihren
1437 3697 391 74 Förderer
1902 3700 293 92 ausgab

250 3809 167 74 und
466 3812 393 93 ausgeben
912 3814 206 93 liess,
1196 3856 93 9 —
1366 3814 101 73 da
1533 3815 87 94 ja
1694 3814 210 74 doch
1982 3814 215 74 diese

250 3926 254 72 Kunst
575 3927 487 75 inzwischen
1125 3931 440 71 anerkannt
1616 3929 332 76 worden
2001 3953 193 50 war.

251 4041 198 74 Dass
502 4042 191 73 aber
751 4044 113 73 im
929 4044 286 75 Herbst
1267 4046 187 71 1919
1506 4044 239 75 Einer
1819 4046 170 73 sich
2067 4044 128 75 die

250 4156 347 74 Tollheit
648 4159 198 73 aller
896 4158 446 74 Tollheiten
1393 4161 325 90 leistete,
1797 4159 146 93 Sie,
1997 4161 198 73 Paul

251 4271 461 93 Westheim,
751 4271 152 74 den
939 4276 323 92 „gewiss
1293 4274 672 94 unverdächtigen
1994 4274 151 77 Vor-

250 4388 365 93 kämpfer
651 4386 137 75 des
1636 4413 97 51 zu
1760 4413 337 70 nennen,
2106 4428 86 12 —

250 4501 164 93 das,
466 4503 219 74 nicht
736 4503 249 93 wahr,
1061 4506 203 73 Herr
1313 4506 461 93 Westheim,
1836 4508 129 73 Sie
2014 4530 136 51 ver-

248 4616 276 75 stehen
575 4616 267 77 mich?
942 4618 313 76 Suchen
1308 4622 127 72 Sie
1506 4622 169 72 sich
1753 4623 241 73 selbst
2067 4623 127 71 ein

248 4732 229 76 Wort
560 4732 254 76 dafür.
966 4733 147 93 Sie,
1201 4737 197 72 Paul
1481 4737 457 93 Westheim,
2041 4737 151 74 den

255 4906 28 25 „
321 4848 403 94 gewiss
776 4847 671 96 unverdächtigen
1476 4850 530 97 Vorkämpfer
2058 4852 137 74 des

1174 4989 98 49 zu
1372 4972 342 71 nennen!
1867 4969 332 74 Grosser

250 5077 181 75 Gott
461 5079 115 73 im
614 5079 372 95 Himmel,
1040 5080 131 73 ich
1223 5080 215 73 hätte
1489 5104 80 49 es
1606 5082 215 73 mich
1858 5084 339 73 beinahe

246 5194 176 73 eine
456 5194 232 74 Reise
722 5196 276 72 kosten
1035 5197 283 92 lassen,
1374 5194 152 74 den
1579 5219 159 51 von
1775 5196 422 94 Angesicht

245 5331 98 49 zu
378 5309 424 95 Angesicht
851 5334 95 50 zu
1000 5311 269 89 sehen,
1322 5309 143 75 der
1516 5311 197 73 Paul
1758 5312 439 75 Westheim

250 5424 152 73 den
461 5428 446 93 „gewiss
969 5424 976 97 unverdächtigen
1995 5429 152 75 Vor-

246 5541 366 93 kämpfer
646 5539 139 75 des
1653 5549 341 87 genannt
2039 5544 156 73 hat.

246 5656 231 75 Wird
527 5680 87 49 er
648 5656 391 75 aussehen
1090 5658 157 73 wie
1284 5658 127 71 ein
1462 5656 374 75 Mensch?
1897 5660 120 72 An
2055 5660 144 74 der

248 5773 239 73 Stelle
541 5771 139 75 des
717 5773 293 95 Kopfes
1061 5771 211 76 wird
1323 5795 87 51 er
1460 5771 129 75 die
1623 5773 245 74 Füsse
1902 5780 292 89 tragen.

248 5888 110 73 Er
407 5888 180 93 ging
637 5890 143 71 auf
847 5888 185 75 dem
1083 5888 227 95 Kopf.
1443 5888 239 83 „Paul
1735 5890 460 93 Westheim,

248 6002 144 72 der
439 6003 283 93 gewiss
785 6002 618 94 unverdächtige
1454 6002 528 96 Vorkämpfer
2060 6005 135 73 des

1084 6118 314 75 schrieb
1454 6117 130 74 die
1635 6120 227 93 Mole,
1924 6120 273 75 indem

246 6232 115 73 sie
444 6230 129 76 die
656 6232 252 76 Feder
998 6232 400 76 zwischen
1484 6232 129 74 die
1694 6234 263 74 Zehen
2060 6235 135 75 des

2436 121 271 74 linken
2761 120 284 77 Fusses
3100 122 399 78 klemmte.
3628 121 179 78 Und
3880 122 117 77 als
4051 124 127 76 Sie
4237 122 139 77 das

2434 239 242 93 lasen,
2730 239 202 73 Herr
2979 239 459 95 Westheim,
3492 239 102 76 da
3645 243 328 72 stiessen
4026 241 125 74 Sie
4204 243 174 71 eine

2434 354 262 73 Lache
2771 378 164 69 aus,
3047 378 88 49 so
3215 358 403 91 grässlich,
3714 359 117 70 als
3909 358 266 73 hätten
4253 356 123 73 Sie

2434 469 208 75 noch
2771 473 291 71 immer
3171 473 199 73 über
3501 473 176 73 eine
3801 473 298 73 Plastik
4219 493 157 51 von

2432 583 529 96 Archipenko,
3040 586 198 73 über
3313 588 127 71 ein
3501 586 181 73 Bild
3755 610 157 51 von
3983 586 335 97 Campen-

2434 701 217 73 donk
2773 703 196 75 oder
3093 703 171 73 drei
3392 703 271 73 Bilder
3785 727 159 51 von
4055 703 323 95 Chagall

2434 820 125 71 ein
2612 842 195 71 paar
2859 817 361 74 Dutzend
3269 818 261 75 Zeilen
3594 818 782 75 herunterzulachen.

2432 933 175 77 Wie
2659 935 512 75 schauerlich
3223 933 129 75 Sie
3401 935 283 73 lachen
3736 937 342 91 können,
4141 959 235 51 wenn

2432 1050 129 75 Sie
2612 1054 239 91 einer,
2906 1050 141 75 der
3098 1050 140 75 auf
3282 1049 180 74 dem
3521 1052 212 93 Kopf
3775 1052 217 91 läuft,
4046 1054 127 71 für
4226 1052 150 73 den

2431 1167 281 93 gewiss
2766 1165 670 95 unverdächtigen
3470 1165 529 97 Vorkämpfer
4049 1167 138 75 des
4224 1169 103 73 Ex-

2431 1284 616 93 pressionismus
3110 1282 196 73 hält!
3423 1284 152 71 Das
3631 1284 170 71 also
3851 1284 212 71 kann
4117 1284 259 73 einem

2432 1397 463 94 geschehen,
2949 1396 142 74 der
3138 1397 146 73 mit
3337 1396 142 76 der
3530 1418 321 73 grossen
3899 1397 205 73 Zehe
4154 1399 187 73 kriti-

2432 1514 207 92 siert,
2705 1513 181 74 dass
2950 1536 87 49 er
3088 1511 152 74 den
3320 1514 565 93 einzigen,
3970 1514 405 92 gewiss

2432 1628 822 95 verdächtigen
3352 1629 748 94 Vorkämpfer
4187 1629 189 73 des

2434 1745 1074 94 Expressionismus
3594 1745 129 71 für
3814 1746 337 92 „gewiss
4229 1768 100 49 un-

2432 1860 459 93 verdächtig
2940 1860 192 74 hält.
3230 1860 205 93 Nun,
3487 1860 202 72 Herr
3733 1861 462 92 Westheim,
4253 1861 125 71 Sie

2431 1975 260 73 haben
2756 1973 330 95 gelacht,
3167 1975 127 73 Sie
3357 1975 259 73 haben
3685 1975 168 73 sich
3924 1977 293 72 beinah
4266 1982 114 67 tot

2431 2090 328 93 gelacht.
2813 2088 180 75 Und
3020 2112 169 52 wer
3223 2112 88 51 so
3338 2090 308 93 gelacht
3672 2090 156 93 hat,
3867 2090 181 76 dass
4078 2114 88 50 er
4193 2092 185 71 dem

2429 2203 174 75 Tod
2654 2207 122 71 ins
2830 2203 217 95 Auge
3098 2203 166 94 sah,
3318 2246 86 8 —
3443 2207 109 91 ja,
3606 2207 369 73 erinnern
4031 2207 127 73 Sie
4209 2209 169 71 sich

2432 2319 209 76 denn
2703 2320 217 73 nicht
2979 2342 102 51 an
3142 2320 134 73 Ihr
3337 2320 533 75 entsetzendes
3926 2322 452 73 Gelächter?

2431 2434 208 74 Aber
2676 2434 139 76 das
2854 2442 325 66 müssen
3210 2435 127 73 Sie
3367 2434 208 74 doch
3611 2437 322 75 wissen!
4009 2435 135 73 Ich
4183 2437 197 71 höre

2431 2551 128 76 Sie
2595 2552 235 73 heute
2883 2552 206 75 noch
3142 2552 308 88 lachen,
3503 2593 88 10 —
3646 2552 243 73 sehen
3936 2552 125 75 Sie
4114 2554 266 90 selbst,

2431 2669 155 73 wie
2639 2667 125 75 Sie
2817 2667 213 73 mich
3084 2667 143 72 mit
3276 2666 265 74 Ihrem
3594 2667 413 95 grausigen
4060 2669 316 73 Lachen

2431 2806 140 49 aus
2637 2783 141 72 der
2837 2783 354 93 Fassung
3243 2781 354 95 bringen,
3662 2781 208 74 denn
3922 2784 133 73 ich
4107 2786 271 71 wollte

2431 2916 257 77 sagen:
2742 2899 117 72 als
2890 2920 186 51 man
3132 2896 147 93 Sie,
3352 2898 84 93 ja
3487 2896 151 95 Sie,
3680 2898 198 73 Herr
3912 2898 466 93 Westheim,

2432 3015 114 71 als
2632 3035 186 51 man
2896 3009 132 77 Sie
3115 3011 152 73 den
3345 3013 281 91 gewiss
3704 3013 672 95 unverdächtigen

2429 3126 528 97 Vorkämpfer
3028 3126 136 73 des
3235 3126 735 95 Expressionismus
4039 3138 342 87 genannt

2431 3243 232 93 hatte,
2727 3241 102 73 da
2891 3241 278 94 schlug
3230 3241 127 73 Sie
3414 3241 339 75 Waiden
3814 3267 185 51 zum
4048 3247 330 72 zweiten

2429 3358 154 73 Mal
2629 3357 172 72 aufs
2832 3357 284 94 Haupt.
3218 3355 180 73 Und
3452 3380 164 49 nun
3665 3360 193 71 lasst
3909 3384 149 49 uns
4110 3362 266 91 sehen,

2431 3495 47 50 o
2515 3472 403 74 Genossen
2959 3472 218 71 einer
3210 3472 186 91 Zeit,
3448 3472 82 73 in
3569 3472 142 74 der
3762 3473 127 73 ein
3941 3473 437 77 Westheim

2431 3587 127 73 ein
2595 3587 283 93 gewiss
2930 3583 662 97 unverdächtiger
3641 3589 529 94 Vorkämpfer
4220 3612 158 51 von

2432 3700 180 75 Gott
2646 3702 237 73 weiss
2935 3724 168 51 was
3155 3709 341 84 genannt
3547 3702 325 75 werden
3926 3705 234 92 kann,
4214 3727 164 50 nun

2429 3821 191 71 lasst
2669 3841 148 49 uns
2893 3817 269 93 sehen,
3245 3839 168 53 was
3481 3819 204 73 Herr
3748 3819 440 74 Westheim
4248 3826 128 67 tat.

2432 3932 198 95 Ging
2666 3956 85 51 er
2785 3932 140 73 hin
2978 3932 166 73 und
3196 3932 376 93 gestand?
3624 3934 212 75 Oder
3884 3937 323 73 bereute
4243 3939 137 71 er?

2429 4047 213 73 Oder
2685 4051 364 91 leugnete
3094 4049 134 71 er?
3303 4047 106 73 Er
3436 4049 312 75 schrieb
3785 4051 114 73 im
3926 4049 225 95 April
4192 4051 186 73 1920

2429 4163 256 74 dieses
2730 4163 168 72 und
2923 4164 224 93 jenes
3186 4181 237 76 gegen
3462 4163 154 74 den
3653 4164 288 75 Sturm.
4044 4166 109 73 Er
4202 4190 135 51 ver-

2429 4278 274 74 suchte
2763 4318 93 12 —
2906 4279 127 92 ah,
3081 4298 193 73 ganz
3321 4279 244 92 recht,
3596 4279 140 75 das
3799 4303 272 53 waren
4116 4283 86 93 ja
4253 4281 127 75 Sie

2429 4396 264 92 selbst,
2722 4396 205 73 Herr
2959 4395 462 93 Westheim,
3474 4396 171 73 also
3674 4396 177 75 Sie
3880 4398 496 90 versuchten,

2429 4510 254 93 einige
2720 4510 269 74 Worte
3033 4532 97 49 zu
3162 4508 225 73 Ihrer
3421 4510 635 95 Rechtfertigung
4105 4513 230 73 anein-

2429 4623 650 75 anderzureihen.
3181 4623 210 73 Aber
3443 4623 100 75 da
3597 4625 127 73 Sie
3758 4627 180 72 Ihre
3989 4627 346 74 fürchter-

2427 4738 212 75 liche
2649 4740 66 75 V
2719 4740 552 93 ergangenheit
3284 4738 217 75 nicht
3518 4764 140 51 aus
3677 4742 140 73 der
3829 4742 207 74 Welt
4049 4743 282 73 heraus-

2421 4855 441 95 jonglieren
2945 4855 376 92 konnten,
3391 4877 88 51 so
3543 4855 283 75 wurde
3892 4855 291 76 daraus
4251 4860 127 71 ein

2431 4969 394 94 Gestrüpp
2861 4992 159 51 von
3061 4970 298 90 Sätzen,
3394 4992 100 49 an
3526 4970 188 75 dem
3743 4972 125 75 Sie
3919 4974 171 73 sich
4141 4974 240 73 selbst

2431 5084 445 95 aufhängen
2956 5091 375 69 mussten.
3431 5085 336 95 Jawohl,
3845 5089 204 73 Herr
4122 5089 207 74 West-

2429 5201 240 93 heim,
2724 5201 142 74 das
2903 5224 271 51 waren
3210 5202 181 73 Ihre
3426 5204 478 73 berühmten
3943 5204 222 73 Sätze
4219 5228 157 51 von

2432 5316 1220 96 derEntwicklungKandinskys
3679 5341 140 49 aus
3839 5317 141 73 der
3997 5319 383 73 Banalität

2431 5433 311 74 heraus.
2771 5433 373 72 Künstler
3157 5441 324 66 müssen
3509 5433 168 74 sich
3702 5439 158 66 erst
3882 5434 496 92 entwickeln,

2431 5546 149 75 ehe
2632 5548 127 73 ein
2796 5548 436 74 Westheim
3284 5568 237 75 sagen
3574 5548 249 73 kann:
3900 5548 282 91 Bravo,
4237 5546 141 75 das

2431 5683 210 51 nenn
2669 5661 131 75 ich
2827 5663 159 73 mir
3015 5665 228 71 einen
3264 5661 753 95 Expressionismus,
4048 5660 140 72 der
4210 5660 171 74 sich

2431 5778 470 91 gewaschen
2988 5778 169 75 hat!
3243 5776 182 75 Und
3508 5800 81 49 es
3672 5798 174 51 war
3928 5775 221 74 wohl
4239 5775 139 74 das

2431 5893 399 93 wenigste,
2917 5892 138 74 das
3135 5915 186 49 man
3399 5914 156 52 von
3633 5892 284 91 einem,
3997 5890 141 74 der
4190 5890 168 74 sich

2431 6007 540 74 herausreden
3035 6030 242 70 muss,
3359 6008 423 92 verlangen
3845 6007 235 91 kann,
4143 6030 237 49 wenn

2434 6120 127 75 Sie
2622 6122 169 74 sich
2851 6123 218 75 nicht
3128 6122 241 95 grade
3430 6123 142 72 auf
3614 6122 325 95 Chagall
4004 6123 374 73 beriefen.

2434 6235 215 75 Oder
2685 6257 235 75 sagen
2949 6237 127 74 Sie
3111 6239 176 91 mir,
3326 6242 202 68 Herr
3553 6237 461 93 Westheim,
4068 6259 314 52 warum
