4742 6604
4319 6479 144 72 133

346 122 600 94 vorübergehen
998 122 293 74 werde.
1423 122 417 77 Nachdem
1911 123 125 75 Sie
2104 125 190 74 aber

346 238 227 94 lange
624 237 361 95 geglaubt
1061 237 162 73 und
1300 237 291 95 gehofft
1665 238 290 95 hatten,
2035 242 254 93 fingen

348 352 125 74 Sie
500 376 100 50 an
627 376 97 55 zu
751 354 454 93 bemerken,
1235 352 182 74 dass
1445 354 82 72 in
1552 354 142 74 der
1716 357 574 93 europäischen

346 469 320 72 Malerei
702 469 176 72 eine
914 469 596 72 vollkommene
1549 469 538 76 Kunstwende
2124 474 126 73 ein-

346 589 342 86 getreten
748 606 194 52 war.
1071 582 119 75 Ob
1267 584 216 74 diese
1545 584 561 96 Beobachtung
2167 589 127 73 Sie

348 699 434 73 veranlasst
809 696 157 94 hat,
997 699 127 73 ein
1152 699 447 73 Kunstblatt
1626 699 664 96 herauszugeben,

346 812 141 75 das
563 812 169 77 sich
804 812 435 78 besonders
1315 814 144 75 der
1518 840 254 50 neuen
1828 818 249 71 Kunst
2151 840 94 50 an-

346 928 346 74 nehmen
771 929 251 93 sollte,
1100 931 103 73 ob
1269 931 203 73 Herr
1521 931 553 95 Kiepenheuer
2148 955 146 50 vor

348 1043 251 74 Ihnen
651 1046 144 75 auf
824 1044 269 77 diesen
1130 1046 430 75 Gedanken
1616 1048 207 91 kam,
1879 1046 140 75 das
2055 1049 237 72 weiss

345 1158 132 73 ich
553 1158 237 74 nicht.
924 1160 188 76 Was
1188 1161 191 73 aber
1437 1161 252 73 Herrn
1743 1161 551 95 Kiepenheuer

346 1276 437 75 veranlasst
810 1276 156 94 hat,
1003 1278 127 71 für
1166 1278 269 73 seinen
1466 1278 211 75 Zier-
1715 1275 164 74 und
1909 1276 329 75 Gemüse-

345 1397 267 86 garten
692 1392 228 72 einen
988 1392 215 74 Bock
1278 1392 506 91 anzustellen,
1864 1390 138 74 das
2055 1393 237 73 weiss

341 1505 210 73 auch
631 1507 142 73 der
854 1505 508 76 allwissende
1440 1505 180 76 Gott
1703 1505 238 78 nicht.
2080 1508 214 73 Oder

345 1622 296 71 wollen
695 1622 129 73 Sie
873 1622 157 73 mir
1081 1640 259 75 sagen,
1417 1622 281 74 woher
1772 1646 81 50 es
1931 1622 144 74 der
2124 1622 126 74 All-

346 1735 397 75 wissende
776 1737 292 73 wissen
1103 1737 317 91 konnte,
1476 1735 179 76 dass
1694 1737 170 74 sich
1901 1737 142 74 der
2080 1739 214 72 Bock

345 1852 79 71 in
504 1852 230 73 einen
787 1850 335 77 Gärtner
1181 1852 515 76 verwandeln
1760 1854 322 74 werde?
2204 1856 86 71 In

345 1966 230 72 einen
632 1966 454 74 schlechten
1137 1966 340 74 Gärtner
1525 1991 237 71 zwar,
1842 1969 142 73 der
2033 1969 259 73 Rosen

345 2103 189 51 vom
587 2081 411 93 gemeinen
1039 2081 357 74 Unkraut
1432 2082 218 73 nicht
1684 2082 608 75 unterscheiden

346 2198 212 72 kann
588 2196 168 74 und
783 2196 153 74 den
964 2198 178 72 Mist
1168 2199 144 71 mit
1325 2198 395 74 Früchten
1748 2199 544 75 verwechselt.

346 2311 210 75 Aber
638 2331 182 75 mag
895 2335 80 51 es
1052 2336 165 50 nun
1293 2333 494 75 zugegangen
1867 2314 191 92 sein,
2138 2316 154 73 wie

345 2424 315 95 immer,
737 2424 126 75 Sie
937 2433 308 68 trauten
1312 2424 169 77 sich
1533 2426 129 75 die
1713 2428 408 96 Fähigkeit
2170 2453 119 68 zu,

346 2541 256 73 fortan
656 2543 127 71 für
827 2541 346 75 dieselbe
1210 2543 251 75 Kunst
1494 2545 503 91 einzutreten,
2052 2567 238 74 gegen

346 2653 131 75 die
561 2656 127 73 Sie
763 2655 295 76 vorher
1137 2656 146 73 mit
1366 2655 152 76 den
1604 2660 686 74 abscheulichsten

346 2755 518 91 Ausdrücken
917 2770 513 95 geschrieben
1484 2775 290 75 hatten.
1897 2777 136 74 Ich
2085 2777 205 74 habe

343 2887 83 71 in
480 2887 261 73 einem
792 2888 308 72 meiner
1147 2888 376 73 früheren
1559 2890 259 75 Briefe
1869 2890 247 76 Ihnen
2156 2894 91 72 be-

346 3000 353 93 greiflich
758 3024 95 49 zu
915 3002 339 73 machen
1306 3004 392 94 versucht,
1770 3029 317 51 warum
2163 3010 124 70 ein

346 3115 561 73 Schriftsteller
956 3117 494 95 verpflichtet
1523 3120 120 92 ist,
1721 3144 82 49 es
1880 3122 409 75 öffentlich

343 3253 98 49 zu
495 3229 412 73 bekennen
971 3231 168 72 und
1198 3254 98 49 zu
1356 3234 484 95 begründen,
1916 3259 237 53 wenn
2207 3261 87 49 er

346 3344 170 74 sich
550 3368 98 49 zu
683 3346 258 72 einem
980 3346 367 76 Wechsel
1384 3349 259 73 seiner
1679 3352 295 73 ebenso
2009 3354 243 71 öffent-

345 3459 160 73 lich
560 3464 498 90 geäusserten
1110 3459 427 78 Ansichten
1604 3469 397 92 getrieben
2067 3469 223 76 sieht.

346 3574 271 75 Dieses
656 3574 476 76 Bekenntnis
1169 3578 168 72 und
1374 3578 127 74 die
1537 3579 531 100 Begründung
2112 3584 182 73 sind

346 3686 129 76 die
536 3686 212 76 Ehre
809 3688 137 74 des
1010 3688 598 79 Schriftstellers
1671 3694 167 75 und
1897 3718 193 75 ganz
2155 3700 92 72 be-

343 3801 332 75 sonders
763 3801 135 75 des
988 3805 406 76 Kritikers.
1545 3810 127 74 Sie
1772 3811 261 75 haben
2136 3813 154 75 den

345 3916 367 75 Wechsel
785 3916 217 77 Ihres
1056 3918 284 76 Urteils
1418 3925 219 73 nicht
1703 3928 345 75 bekannt
2126 3928 166 75 und

346 4031 219 75 nicht
612 4031 437 95 begründet
1100 4035 164 73 und
1318 4035 249 76 damit
1618 4042 423 94 bewiesen,
2109 4043 181 77 dass

346 4148 127 75 Sie
580 4148 230 75 keine
917 4150 945 83 künstlerischen
1967 4160 325 75 Gründe

345 4262 291 88 hatten,
688 4267 129 69 für
870 4265 127 73 die
1047 4289 204 51 neue
1284 4269 253 74 Kunst
1588 4274 501 94 einzutreten,
2140 4277 152 73 wie

346 4379 129 72 Sie
526 4379 276 72 früher
849 4380 205 75 auch
1088 4380 234 76 keine
1357 4384 347 96 Gründe,
1759 4389 345 74 sondern
2143 4416 151 49 nur

345 4490 223 97 Spott
649 4511 336 76 gegen
1071 4495 112 73 sie
1256 4504 577 95 vorzubringen
1918 4511 371 67 wussten.

345 4607 128 75 Sie
507 4629 246 75 zogen
790 4633 81 49 es
909 4633 165 71 vor,
1113 4611 154 74 den
1298 4611 396 76 Anschein
1723 4634 95 49 zu
1848 4612 439 92 erwecken,

343 4726 117 71 als
512 4731 271 68 wären
822 4727 127 73 Sie
1002 4727 145 73 seit
1181 4727 295 95 Beginn
1533 4726 143 74 der
1709 4749 256 50 neuen
2004 4726 240 74 Kunst-

343 4837 439 97 bewegung
839 4839 129 73 ihr
1019 4839 655 76 anerkennender
1725 4839 364 95 Kritiker,
2167 4841 127 73 ihr

343 4976 350 53 warmer
776 4956 319 75 Freund
1179 4958 165 73 und
1430 4956 391 75 Förderer
1904 4975 388 74 gewesen.

343 5069 129 73 Sie
543 5069 289 75 Hessen
885 5093 83 51 es
1020 5071 207 75 auch
1278 5073 237 93 ruhig
1564 5069 467 97 geschehen,
2111 5069 181 75 dass

343 5185 254 94 einige
624 5186 593 97 Einfaltspinsel
1245 5188 129 75 Sie
1406 5188 129 71 für
1567 5188 195 71 alles
1799 5185 139 74 das
1974 5186 318 77 hielten.

345 5300 232 73 Diese
610 5300 635 79 Lächerlichkeit
1290 5303 294 73 konnte
1618 5323 188 51 man
1845 5301 168 75 sich
2050 5301 242 97 grade

346 5412 205 76 noch
588 5415 337 93 gefallen
978 5418 286 73 lassen.
1364 5417 103 71 Es
1503 5417 129 91 lag
1659 5417 78 71 in
1777 5415 186 76 dem
1997 5437 295 74 ganzen

341 5528 364 97 Vorgang
785 5537 242 69 etwas
1095 5532 525 76 Natürliches.
1723 5532 147 73 Die
1943 5539 351 88 gesamte

343 5642 379 74 deutsche
751 5644 276 76 Presse
1056 5645 167 75 und
1249 5644 569 74 insbesondere
1847 5645 128 75 die
2002 5647 244 74 Kunst-

341 5757 241 74 kritik
616 5782 172 51 war
822 5762 146 73 seit
1000 5760 295 77 Jahren
1349 5760 230 75 darin
1633 5762 229 95 einig,
1916 5760 183 77 dass
2138 5765 156 72 alle

341 5872 544 98 Kunstwerke,
956 5875 129 75 die
1137 5877 161 73 Der
1349 5875 266 75 Sturm
1665 5877 419 95 ausstellte,
2140 5881 154 71 alle

341 5982 522 102 Dichtungen,
927 5991 129 74 die
1110 5992 159 73 Der
1322 5991 269 74 Sturm
1642 5994 648 91 veröffentlichte,

339 6124 217 55 zwar
638 6106 218 74 nicht
954 6106 361 95 getadelt,
1417 6106 189 76 aber
1703 6111 589 74 verrissen

340 6216 326 78 werden
719 6228 345 71 müssen.
1188 6221 234 76 Nicht
1474 6221 252 94 wahr,
1784 6224 200 75 Herr
2033 6224 206 77 West-

2527 123 238 94 heim,
2845 123 229 77 darin
3128 133 201 66 wart
3404 124 132 75 Ihr
3609 128 155 71 alle
3841 126 230 95 einig,
4147 123 163 77 und
4388 151 77 49 es

2527 241 211 73 hatte
2789 243 217 73 nicht
3058 243 293 71 einmal
3419 244 218 72 einer
3690 243 591 93 Vereinbarung
4330 244 93 72 be-

2525 356 232 73 durft.
2891 358 177 73 Man
3146 380 173 49 war
3399 380 140 49 aus
3617 358 332 73 Instinkt
4023 358 226 93 einig,
4328 382 141 49 aus

2525 473 327 73 Instinkt
2904 490 239 75 gegen
3199 470 140 74 das
3373 471 220 75 Neue
3644 471 166 73 und
3847 473 310 73 Grosse.
4259 471 212 75 Aber

2528 588 139 73 das
2718 588 218 75 Neue
3009 588 227 71 hörte
3314 588 213 73 eines
3582 588 245 92 Tages
3881 590 153 90 auf,
4113 610 88 51 so
4277 607 194 74 ganz

2527 727 155 49 neu
2731 727 97 47 zu
2880 703 188 92 sein,
3128 702 162 72 und
3343 702 101 72 da
3495 725 81 51 es
3631 724 216 72 gross
3902 702 164 72 und
4112 703 359 93 gewallig

2525 841 191 69 war,
2820 841 88 50 so
3007 837 283 75 errang
3388 841 82 49 es
3565 817 152 73 den
3803 819 176 93 Sieg
4062 819 199 72 über
4344 819 127 71 die

2523 932 449 74 Menschen.
3124 934 315 71 Diesem
3543 930 172 95 Sieg
3832 939 356 66 mussten
4303 934 164 71 sich

2525 1047 493 75 schliesslich
3080 1045 203 75 auch
3346 1047 127 73 die
3534 1047 549 73 Kunstrichter
4144 1049 323 91 beugen.

2528 1162 176 75 Und
2755 1186 166 51 was
2975 1162 341 95 geschah
3370 1164 213 71 nun?
3709 1162 296 93 Gingen
4071 1162 129 75 die
4261 1166 204 71 alten

2527 1277 309 75 Sünder
2886 1277 140 73 hin
3089 1277 164 73 und
3304 1279 469 92 bekannten,
3852 1277 182 75 dass
4113 1281 110 71 sie
4301 1279 168 71 sich

2525 1394 81 71 in
2670 1393 419 72 Herwarth
3143 1393 361 93 Waiden,
3585 1393 181 72 dem
3847 1394 287 93 Sturm,
4213 1396 258 71 seiner

2525 1508 250 73 Kunst
2857 1506 166 73 und
3106 1508 267 73 seinen
3455 1509 423 73 Künstlern
3956 1509 515 73 fürchterlich

2525 1625 237 91 geirrt
2813 1623 316 73 hatten?
3246 1623 222 91 Nein,
3522 1626 215 71 mein
3791 1626 222 90 Herr,
4067 1623 141 74 das
4261 1630 208 66 taten

2527 1740 111 71 sie
2677 1738 236 73 nicht.
3016 1738 127 74 Sie
3189 1738 306 73 hattens
3548 1740 203 72 auch
3790 1760 425 73 sozusagen
4254 1740 217 71 nicht

2525 1851 234 75 mehr
2809 1853 234 92 nötig.
3145 1853 101 73 Es
3287 1853 145 93 gab
3471 1875 88 51 so
3595 1855 205 73 viele
3842 1851 627 97 Ausstellungen,

2525 1970 81 69 in
2660 1967 256 74 denen
2980 1968 254 73 dieses
3297 1968 166 73 und
3531 1970 222 93 jenes
3807 1970 238 74 Stück
4095 1994 157 50 von
4332 1972 139 71 der

2528 2104 256 51 neuen
2823 2082 251 73 Kunst
3123 2105 96 50 zu
3272 2082 243 74 sehen
3568 2107 193 70 war,
3815 2107 87 51 so
3940 2087 205 71 viele
4179 2085 244 73 Kunst-

2527 2195 535 97 handlungen,
3145 2199 83 69 in
3316 2197 254 74 denen
3622 2200 290 73 Werke
3990 2199 135 74 des
4205 2200 266 73 Sturm

2527 2314 152 73 wie
2757 2337 139 50 aus
2974 2312 186 73 dem
3214 2312 408 75 Schlamm
3681 2315 529 92 auftauchten,
4291 2315 180 73 dass

2525 2451 188 51 man
2767 2427 169 75 sich
2987 2451 141 49 zur
3178 2451 256 51 neuen
3488 2431 251 72 Kunst
3795 2431 401 72 bekehren
4277 2431 194 72 oder

2525 2544 471 93 wenigstens
3074 2544 411 73 bekennen
3571 2546 315 93 konnte,
3966 2546 210 73 ohne
4277 2546 194 73 über

2525 2657 422 75 Herwarth
3029 2657 337 75 Waiden
3468 2659 168 73 und
3736 2659 152 75 den
3976 2661 266 74 Sturm
4344 2661 125 71 ein

2525 2773 381 74 lobendes
2985 2773 193 72 oder
3239 2773 492 74 bereuendes
3783 2776 227 73 Wort
4059 2798 98 49 zu
4208 2795 263 72 sagen.

2528 2888 178 73 Und
2757 2888 212 74 dann
3006 2889 147 92 gab
3207 2911 82 51 es
3341 2889 205 73 auch
3583 2891 126 71 ein
3747 2891 466 73 Kunstblatt.
4294 2889 177 73 Und

2527 3003 184 71 weil
2748 3025 82 49 es
2867 3001 218 75 nicht
3118 3003 113 71 im
3268 3003 283 95 Verlag
3597 3003 137 74 des
3775 3003 267 74 Sturm
4086 3005 383 91 erschien,

2525 3118 184 71 weil
2747 3118 218 75 nicht
2999 3118 422 75 Herwarth
3458 3120 337 74 Waiden
3844 3120 398 96 derjenige
4279 3145 190 68 war,

2528 3232 142 72 der
2745 3235 103 71 all
2931 3233 137 73 das
3140 3235 416 74 verrückte
3607 3237 206 93 Zeug
3890 3235 415 88 abbildete,
4384 3259 87 50 so

2528 3350 292 71 konnte
2896 3372 188 49 man
3163 3350 214 73 diese
3444 3352 703 93 nickelnagelneue
4200 3352 269 91 Kunst,

2527 3462 128 74 die
2693 3462 99 74 da
2831 3465 202 73 Herr
3067 3465 435 75 Westheim
3558 3467 145 71 mit
3753 3467 291 71 feinem
4081 3465 388 95 Spürsinn

2527 3580 365 73 entdeckt
2967 3579 235 93 hatte,
3290 3580 319 75 endlich
3695 3580 147 73 mit
3920 3580 264 75 Gottes
4264 3580 207 73 Hilfe

2527 3694 259 74 loben.
2891 3695 172 75 Wie
3136 3695 131 73 ich
3343 3695 249 73 Ihnen
3670 3701 230 88 sagte,
3979 3719 80 49 es
4113 3717 170 51 war
4344 3697 127 71 ein

2525 3807 284 75 höchst
2886 3809 486 73 natürlicher
3439 3811 600 72 unnatürlicher
4086 3809 381 96 Vorgang.

2523 3924 418 75 Vielleicht
2994 3924 337 75 dachten
3373 3927 186 94 jene
3604 3926 326 93 Narren,
3986 3926 129 73 die
4167 3926 126 73 Sie
4345 3929 126 71 für

2527 4039 154 73 den
2733 4039 368 73 Erfinder
3177 4039 140 75 der
3394 4063 257 51 neuen
3719 4039 252 75 Kunst
4047 4041 420 91 ausgaben,

2525 4178 81 51 es
2677 4161 351 68 müssten
3096 4156 204 73 doch
3353 4156 222 73 wohl
3636 4175 266 74 grosse
3954 4156 517 73 Kunstwerke

2525 4271 191 92 sein,
2794 4293 234 51 wenn
3082 4271 130 71 ihr
3261 4271 530 95 grimmigster
3841 4270 252 74 Feind
4154 4270 171 74 sich
4376 4295 95 47 zu

2525 4386 242 73 ihnen
2803 4386 331 73 bekehrt
3170 4386 229 75 habe.
3500 4386 415 75 Vielleicht
3968 4386 338 75 dachten
4360 4388 111 73 sie

2525 4503 206 73 auch
2767 4522 137 73 gar
2948 4502 278 72 nichts.
3328 4502 419 74 Vielleicht
3790 4505 325 71 wollten
4156 4527 152 49 nur
4344 4502 127 74 die

2525 4617 315 72 Krähen
2880 4618 217 71 einer
3145 4615 299 74 andern
3483 4617 264 72 Krähe
3783 4617 129 74 die
3947 4615 268 96 Augen
4255 4618 216 71 nicht

2525 4732 476 74 aushacken.
3102 4732 104 73 Es
3245 4754 169 51 war
3465 4754 86 51 so
3590 4732 417 93 natürlich,
4064 4732 180 73 dass
4281 4757 188 49 man

2527 4847 198 73 über
2762 4845 124 75 Sie
2923 4845 313 75 sowohl
3265 4847 156 73 wie
3456 4847 197 73 über
3692 4847 125 73 die
3852 4847 617 95 Einfaltspinsel,

2530 4962 127 75 die
2718 4962 125 75 Sie
2918 4964 128 71 für
3121 4960 152 75 den
3329 4960 446 77 Entdecker
3849 4962 137 75 des
4040 4964 429 73 Kubismus

2527 5077 318 90 hielten,
2899 5077 313 73 lächeln
3250 5079 316 71 konnte.
3670 5077 179 73 Und
3900 5101 81 51 es
4017 5101 174 52 war
4242 5079 229 73 keine

2528 5192 520 95 Dreistigkeit,
3128 5192 343 75 sondern
3526 5199 240 68 etwas
3820 5194 368 92 weniger,
4242 5194 229 73 keine

2528 5308 488 93 Dummheit,
3096 5308 345 74 sondern
3514 5308 135 72 Ihr
3697 5308 511 93 Verhängnis,
4288 5308 181 74 dass

2528 5421 127 74 Sie
2703 5438 23 24 r
2730 5424 110 71 im
2916 5424 237 73 Jahre
3207 5423 185 72 1918
3465 5424 115 71 im
3658 5421 597 74 Dezemberheft
4332 5423 137 74 des

2527 5538 487 74 Kunstblatts
3070 5538 251 74 dieses
3377 5536 445 78 schrieben:

2535 5653 198 83 .Das
2787 5651 481 75 Erscheinen
3324 5653 212 71 eines
3588 5651 307 75 Buches
3934 5653 537 74 Kunstwende

2528 5765 144 96 (im
2725 5766 282 95 Verlag
3068 5768 160 71 Der
3280 5765 296 95 Sturm)
3654 5768 158 92 gibt
3890 5766 245 75 Adolf
4201 5768 270 75 Beline

2528 5882 305 93 Anlass,
2886 5882 171 74 sich
3106 5883 83 71 in
3241 5882 153 74 den
3449 5882 632 74 Sozialistischen
4127 5885 295 74 Monats-

2528 5995 263 75 heften
2843 5995 886 75 auseinanderzusetzen
3785 5998 140 72 mit
3963 5997 152 74 den
4152 6000 319 73 kleinen

2528 6110 390 97 Ablegern
2996 6110 144 75 der
3201 6112 233 93 Marc,
3515 6112 348 95 Chagall,
3940 6112 529 98 Archipenko,

2528 6225 481 97 Kandinsky,
3062 6227 211 93 Klee,
3326 6227 433 95 Feininger,
3815 6227 207 95 dem,
4076 6251 164 54 was
4284 6252 185 51 man
