4742 6604
312 6474 144 73 132

272 109 243 112 Zur
546 108 699 115 Geschichte
1284 114 203 110 des
1516 109 410 117 Sturm
1963 111 254 108 und

275 285 203 109 des
541 285 640 110 deutschen
1223 284 896 145 Journalismus

272 453 277 85 Briefe
609 485 260 78 gegen
930 451 207 87 Paul
1205 455 484 84 Westheim

273 639 291 60 Zehnter
602 638 193 61 Brief

272 795 235 74 Nicht
559 793 143 75 der
752 798 320 70 äussere
1125 793 405 95 Umstand,
1609 793 180 75 dass
1855 795 129 73 ich
2034 819 183 49 zum

272 910 335 73 zehnten
676 907 154 74 Mal
907 927 240 76 gegen
1227 908 127 75 Sie
1404 908 385 92 schreibe,
1868 908 347 75 sondern

272 1025 127 71 ein
475 1023 586 95 rhythmisches
1123 1023 420 75 Bedürfnis
1623 1023 281 94 drängt
1978 1023 237 94 mich,

273 1140 241 73 selbst
564 1140 297 73 einmal
913 1139 229 74 Atem
1210 1162 96 48 zu
1357 1139 240 72 holen
1665 1137 168 74 und
1880 1140 291 73 zurück-

271 1254 475 74 zuschauen.
873 1254 179 74 Und
1118 1252 391 76 während
1582 1254 131 73 ich
1789 1252 217 75 mich
2078 1255 94 72 be-

271 1376 324 84 trachte,
671 1369 217 73 finde
937 1369 130 74 ich
1122 1367 249 75 schon
1423 1369 378 93 bestätigt,
1870 1391 166 51 was
2088 1369 129 74 ich

272 1487 77 70 in
429 1486 351 73 meinem
857 1491 260 66 ersten
1188 1484 220 73 Brief
1472 1486 115 71 als
1640 1484 242 75 Motto
1950 1491 265 68 setzte:

280 1601 230 83 „Wer
605 1601 146 73 mit
841 1599 372 75 Schmutz
1311 1599 329 95 kämpft,
1748 1597 205 75 wird
2053 1599 162 93 ihn,

275 1718 264 91 Sieger
588 1714 197 75 oder
847 1714 419 93 Besiegter,
1321 1714 361 73 besudelt

273 1829 209 75 Aber
524 1829 130 75 ich
690 1831 235 71 weiss
962 1829 239 90 nicht,
1254 1829 155 73 wie
1459 1829 130 73 ich
1643 1853 81 49 es
1775 1831 129 71 bei
1956 1831 261 73 einem

275 1945 323 74 solchen
647 1946 297 93 Kampf
986 1943 461 76 vermeiden
1501 1946 173 92 soll,
1728 1968 156 49 von
1924 1945 248 72 Dreck-

273 2061 386 95 spritzern
695 2061 376 95 getroffen
1108 2083 95 50 zu
1232 2058 350 76 werden.
1636 2060 327 74 Sowohl

275 2177 171 71 Fall
473 2177 212 72 Marc
710 2175 156 74 wie
1145 2175 171 71 Fall
1347 2173 576 95 Campendonk
1956 2175 261 73 haben

275 2292 422 91 bewiesen,
749 2290 156 73 wie
957 2290 456 93 notwendig
1465 2312 80 51 es
1597 2312 193 69 war,
1853 2290 129 73 bei
2034 2290 185 73 dem

273 2409 530 93 Wegräumen
839 2407 130 73 die
998 2405 664 76 Schmutzhaufen
1691 2429 88 51 so
1807 2409 363 72 umständ-

273 2522 159 73 lich
470 2524 154 73 wie
675 2520 418 95 gründlich
1145 2522 532 93 anzupacken.
1779 2522 208 73 Aber
2021 2524 200 73 eben

278 2639 258 71 meine
568 2637 609 75 Gründlichkeit
1205 2656 181 76 mag
1415 2661 79 49 es
1525 2637 205 75 auch
1758 2639 466 73 verursacht

278 2754 285 93 haben,
629 2754 179 75 dass
866 2754 129 75 die
1044 2756 240 73 Leser
1337 2754 139 73 das
1531 2752 261 75 Ganze
1840 2756 384 71 teilweise

277 2893 142 49 aus
471 2869 187 73 dem
708 2871 320 73 Gesicht
1083 2873 365 71 verloren
1526 2869 168 73 und
1770 2869 168 75 sich
2009 2871 215 73 nicht

275 2984 413 95 genügend
715 2988 476 93 einprägten,
1222 3010 133 47 um
1389 3008 168 51 was
1587 3008 80 49 es
1697 2986 209 73 noch
1934 2986 292 71 immer

275 3099 201 92 geht.
580 3099 127 75 Sie
759 3101 373 73 erinnern
1184 3099 192 94 sich,
1431 3099 182 73 dass
1665 3098 131 74 ich
1848 3099 159 72 mir
2051 3099 175 73 eine

277 3216 330 93 Zeitlang
658 3216 447 93 einbildete,
1183 3216 145 71 mit
1393 3216 306 93 einigen
1762 3215 462 72 satirischen

278 3330 601 95 Bemerkungen
957 3331 249 73 Ihnen
1272 3330 141 73 das
1465 3328 461 75 Handwerk
1999 3331 223 92 legen

278 3469 95 49 zu
426 3447 340 74 können.
868 3447 135 72 Ich
1056 3447 216 72 hatte
1310 3447 127 72 Sie
1474 3445 355 74 schlecht
1863 3445 361 95 gekannt.

282 3562 227 71 Denn
595 3560 213 75 dann
903 3563 188 72 kam
1183 3562 181 73 Ihre
1448 3558 779 77 Leichenfledderer-

282 3677 430 73 Postkarte.
815 3677 180 74 Und
1030 3684 176 86 erst,
1254 3680 115 70 als
1409 3677 126 74 Sie
1575 3677 166 74 sich
1779 3677 447 93 weigerten,

278 3792 182 73 Ihre
510 3792 280 75 Pflicht
839 3816 98 49 zu
996 3799 139 68 tun
1198 3794 166 73 und
1415 3816 98 49 an
1569 3792 142 73 der
1762 3792 260 85 Stelle,
2097 3814 130 51 wo

282 3907 127 71 Sie
458 3905 179 73 Ihre
683 3907 733 97 Verdächtigungen
1477 3907 417 93 hingefetzt
1936 3907 291 92 hatten,

278 4021 180 72 Ihre
480 4022 562 75 abscheuliche
1059 4021 593 96 Verleumdung
1672 4046 95 49 zu
1790 4022 436 90 bekennen,

283 4136 100 73 da
437 4139 380 73 erkannte
866 4139 130 73 ich
1050 4141 126 73 Sie
1227 4158 215 74 ganz.
1562 4139 118 71 Da
1730 4143 294 69 wusste
2073 4136 154 93 ich,

283 4251 182 74 dass
519 4253 127 72 die
698 4251 530 98 Abrechnung
1288 4256 145 71 mit
1492 4256 261 71 einem
1804 4251 427 74 Jahrzehnt

285 4366 423 75 deutscher
759 4368 496 74 Kunstkritik
1330 4393 152 49 nur
1543 4368 153 74 den
1748 4369 202 72 Titel
2009 4368 218 71 Ihres

282 4485 349 72 Namens
683 4488 269 90 tragen
1006 4486 283 73 könne.
1389 4485 136 74 Ich
1572 4486 278 92 schlug
1892 4481 339 75 zunächt

287 4598 98 71 da
436 4622 118 67 zu,
632 4622 129 51 wo
820 4600 131 74 ich
1003 4601 191 73 Lust
1247 4601 232 92 hatte,
1558 4601 210 73 ohne
1819 4598 217 75 mich
2090 4620 139 49 um

283 4713 132 73 Ihr
460 4713 375 75 Geschrei
883 4739 96 49 zu
1030 4717 451 91 kümmern,
1533 4717 129 72 ich
1714 4717 214 71 hätte
1978 4713 253 93 einige

285 4828 308 73 Haufen
629 4830 526 93 schmutziger
1174 4830 733 95 Verdächtigungen
1945 4828 286 73 darum

285 4945 457 90 anerkannt,
839 4945 186 73 weil
1106 4947 131 73 ich
1320 4945 218 75 nicht
1619 4943 280 75 Hände
1982 4962 252 76 genug

285 5059 235 93 hatte,
575 5060 113 73 sie
739 5060 486 97 gleichzeitig
1274 5064 147 71 mit
1472 5060 153 75 den
1679 5059 301 74 andern
2017 5077 162 75 weg-

285 5181 459 67 zuräumen.
864 5177 271 93 Heute,
1216 5177 102 73 da
1367 5179 153 73 wir
1572 5177 129 73 die
1753 5177 217 71 Fälle
2022 5175 212 72 Marc

287 5289 166 74 und
505 5291 576 96 Campendonk
1157 5294 263 73 hinter
1492 5316 149 49 uns
1721 5292 261 71 haben
2066 5289 170 73 und

288 5406 261 74 meine
602 5407 328 95 Schläge
984 5409 126 75 Sie
1172 5409 166 73 und
1396 5431 98 51 zu
1553 5409 349 73 meinem
1963 5404 217 75 wahr-

288 5523 265 72 haften
649 5524 413 75 Bedauern
1162 5526 205 73 auch
1470 5523 576 96 Campendonk
2146 5546 88 51 so

288 5639 314 75 schwer
636 5641 376 93 getroffen
1047 5641 283 93 haben,
1379 5641 181 75 dass
1597 5641 127 73 Sie
1760 5639 472 92 wenigstens

292 5758 195 73 über
570 5756 311 75 diese
964 5758 217 73 Fälle
1264 5780 154 49 nur
1498 5756 209 75 noch
1784 5756 448 88 wimmern,

292 5875 234 73 heute
576 5877 210 71 kann
824 5875 130 74 ich
991 5897 81 51 es
1108 5877 158 71 mir
1299 5880 393 86 zumuten,
1748 5873 295 73 einmal
2080 5870 154 73 den

292 5990 476 73 mühsamen
820 5990 195 93 Weg
1064 6012 158 52 von
1284 6012 202 51 vorn
1558 6010 100 51 zu
1733 5987 271 94 gehen.
2109 5985 127 74 Sie

292 6105 325 73 werden
669 6129 82 52 es
798 6107 232 73 dabei
1066 6112 355 86 ertragen
1457 6112 349 76 müssen,
1857 6102 377 74 manches

292 6246 183 50 zum
527 6224 327 72 zweiten
907 6222 157 74 Mal
1113 6246 98 49 zu
1260 6220 517 76 vernehmen.
1904 6217 179 76 Und
2136 6217 102 74 da

2447 102 131 73 ich
2630 101 539 74 entschlossen
3223 101 159 91 bin,
3460 124 83 49 es
3616 100 249 73 Ihnen
3927 101 124 72 ein
4124 100 273 73 drittes

2449 216 166 73 und
2668 217 286 73 viertes
3005 217 157 73 Mal
3240 214 166 75 und
3469 216 210 74 noch
3738 216 201 73 öfter
3987 238 98 51 zu
4136 234 259 75 sagen,

2449 355 88 49 so
2590 338 284 86 mögen
2930 331 127 74 Sie
3118 353 154 51 nur
3331 331 207 74 auch
3589 329 272 76 diesen
3914 331 218 73 Brief
4176 349 177 75 sorg-

2449 446 217 93 fältig
2700 448 239 72 lesen.
3044 444 128 75 Sie
3204 446 327 74 werden
3570 448 156 72 mir
3758 451 403 86 zutrauen,
4215 443 182 74 dass

2447 561 131 73 ich
2630 561 293 93 einiges
2976 561 445 95 hinzufüge,
3474 561 140 73 auf
3657 559 140 75 das
3836 559 129 77 Sie
4014 559 220 75 nicht
4268 578 87 75 ge-

2449 676 190 71 fasst
2688 697 293 52 waren.

2449 788 136 73 Als
2620 788 422 75 Herwarth
3077 790 337 76 Waiden
3467 813 147 51 vor
3663 790 198 73 zehn
3897 788 291 75 Jahren
4242 788 155 75 den

2451 903 444 75 führenden
2932 907 425 72 Künstlern
3413 905 144 74 der
3607 927 256 52 neuen
3900 905 342 93 Malerei,
4298 905 100 73 da

2451 1022 113 71 sie
2615 1020 169 75 sich
2835 1022 151 73 fast
3022 1023 306 73 überall
3365 1022 496 95 abgewiesen
3899 1018 271 93 sahen,
4224 1022 176 71 eine

2454 1135 505 95 Gelegenheit
3005 1139 172 91 gab,
3228 1137 176 73 ihre
3438 1137 290 76 Werke
3777 1161 98 50 zu
3926 1135 289 95 zeigen,
4270 1154 87 74 ge-

2451 1252 283 73 hörten
2786 1252 129 73 Sie
2964 1276 98 49 zu
3116 1252 153 75 den
3320 1252 419 93 Kritikern,
3802 1250 129 75 die
3982 1250 169 75 sich
4205 1252 197 71 über

2453 1365 128 75 die
2632 1389 203 51 neue
2884 1369 251 73 Kunst
3194 1391 90 51 so
3348 1372 430 88 äusserten,
3855 1367 157 75 wie
4061 1365 341 73 Kritiker

2449 1506 95 47 zu
2622 1484 210 71 allen
2908 1484 263 73 Zeiten
3250 1482 198 75 über
3504 1482 263 77 Neues
3843 1479 169 76 und
4071 1481 329 74 Grosses

2451 1596 359 93 geurteilt
2883 1597 260 73 haben
3221 1597 166 75 und
3460 1597 85 73 in
3604 1596 388 96 Ewigkeit
4065 1594 333 75 urteilen

2453 1711 350 90 Werden.
2906 1711 127 76 Sie
3082 1713 324 74 lehnten
3460 1713 217 74 diese
3711 1714 252 73 Kunst
4012 1713 124 72 ab.
4222 1708 180 74 Und

2453 1828 128 73 Sie
2639 1833 208 68 taten
2903 1826 141 75 das
3104 1829 83 73 in
3240 1829 264 73 einem
3557 1828 140 74 Stil
3775 1828 168 73 und
4002 1828 147 73 mit
4200 1826 152 73 Aus-

2456 1943 379 93 drücken,
2883 1943 128 74 die
3045 1945 171 72 sich
3250 1967 159 50 von
3447 1943 255 74 denen
3739 1941 339 75 anderer
4110 1943 244 73 Kunst-

2456 2060 327 73 kritiker
2834 2082 98 51 an
2969 2058 283 75 Roheit
3304 2058 166 73 und
3521 2058 503 95 Unfähigkeit
4075 2056 140 75 des
4253 2056 100 73 Ur-

2451 2177 174 71 teils
2679 2173 254 75 durch
2986 2173 256 75 nichts
3294 2170 635 76 unterschieden.
4039 2171 210 73 Aber
4302 2170 101 74 da

2456 2292 124 71 Sie
2619 2290 142 73 mit
2786 2288 632 75 Beharrlichkeit
3452 2287 152 74 den
3633 2290 186 73 Miss
3824 2287 415 76 verstehen
4249 2285 151 74 den

2456 2405 323 93 spielen,
2856 2425 221 53 muss
3154 2403 132 75 ich
3358 2403 248 73 Ihnen
3662 2403 237 75 heute
3946 2402 224 74 recht
4219 2425 138 50 aus-

2458 2519 416 74 drücklich
2925 2519 168 74 und
3142 2519 499 76 zweifelsfrei
3694 2519 174 72 eine
3919 2517 481 74 Konzession

2458 2635 362 75 machen.
2905 2634 135 76 Ich
3091 2635 171 75 will
3311 2635 251 73 Ihnen
3614 2654 259 75 sagen,
3926 2634 183 74 dass
4144 2634 129 74 Sie
4320 2634 82 71 in

2461 2751 142 72 der
2668 2749 286 74 Roheit
3030 2749 144 74 der
3247 2747 442 95 gewählten
3767 2747 638 95 Schimpfworte,

2458 2867 79 72 in
2617 2864 145 75 der
2835 2866 654 73 vollkommenen
3540 2862 655 75 Beschränktheit
4266 2861 139 72 des

2461 2981 283 73 Urteils
2830 2979 308 75 damals
3221 3001 161 51 von
3458 2978 332 94 Einigen
3877 2978 194 72 oder
4127 2976 275 74 Vielen

2459 3098 480 73 übertreffen
2976 3094 359 75 wurden.
3404 3094 320 73 Diesem
3758 3091 647 96 merkwürdigen

2458 3210 565 94 Zugeständnis
3099 3233 222 49 muss
3397 3208 131 74 ich
3604 3210 193 72 aber
3853 3208 256 96 gleich
4161 3213 244 69 etwas

2459 3328 156 71 viel
2701 3323 707 96 Merkwürdigeres
3508 3323 897 76 hinterdreinschicken.

2459 3441 188 75 Was
2708 3441 129 73 ich
2889 3440 248 74 Ihnen
3189 3441 200 73 eben
3441 3445 234 90 sagte,
3753 3441 100 72 ist
3924 3438 481 76 vermutlich

2461 3557 176 72 eine
2735 3555 549 93 Unwahrheit,
3397 3553 241 76 deren
3645 3574 274 76 wegen
4021 3555 132 73 ich
4251 3555 157 73 alle

2459 3670 427 73 Menschen
2922 3692 138 51 um
3096 3670 493 93 Verzeihung
3621 3670 210 73 bitte.
3902 3670 103 73 Es
4041 3672 100 71 ist
4175 3689 233 74 sogar

2461 3806 195 72 ganz
2708 3785 281 93 gewiss
3042 3785 176 73 eine
3269 3784 543 76 Unwahrheit.
3936 3784 137 74 Ich
4132 3785 276 93 bringe

2463 3900 142 73 der
2656 3900 252 75 Sache
2961 3899 254 76 dieses
3255 3900 264 95 Opfer.
3619 3899 232 76 Diese
3889 3899 519 76 Unwahrheit

2459 4017 285 75 mache
2788 4017 130 75 ich
2954 4041 140 49 zur
3127 4016 435 74 Wahrheit.
3663 4017 136 73 Ich
3834 4017 336 92 befehle,
4225 4016 182 74 dass

2461 4154 81 51 es
2595 4132 232 73 wahr
2878 4134 132 71 sei.
3135 4134 135 73 Ich
3321 4132 173 75 will
3543 4134 147 73 fest
3741 4132 249 75 daran
4043 4132 364 95 glauben,

2463 4246 179 73 dass
2698 4270 81 50 es
2834 4246 306 74 damals
3196 4248 557 74 Schriftsteller
3829 4248 342 94 gegeben
4249 4246 158 93 hat,

2463 4361 128 73 die
2642 4385 81 50 es
2800 4363 113 71 im
2967 4363 559 94 Beschimpfen
3604 4363 144 74 der
3824 4386 258 51 neuen
4134 4363 274 89 Kunst,

2463 4474 142 75 der
2685 4478 391 93 Künstler,
3164 4478 137 74 des
3387 4480 268 72 Sturm
3739 4478 165 74 und
3988 4478 422 78 Herwarth

2461 4591 378 75 Waldens
2878 4593 465 74 schlimmer
3377 4595 395 94 getrieben
3811 4593 259 74 haben
4105 4595 117 71 als
4259 4593 149 73 Sie.

2466 4705 178 74 Und
2696 4706 287 75 darum
3018 4708 261 73 haben
3320 4708 127 75 Sie
3482 4711 127 72 ein
3648 4710 268 93 Recht,
3966 4732 99 49 zu
4115 4710 295 93 fragen,

2463 4845 315 49 warum
2828 4847 187 49 man
3076 4823 250 75 Ihnen
3384 4827 181 72 Ihre
3618 4825 448 95 damaligen
4119 4825 293 74 Urteile

2464 4938 405 73 schwerer
2903 4940 369 73 vorwirft
3306 4942 115 71 als
3458 4938 395 75 Anderen.
3956 4940 212 75 Aber
4200 4940 213 75 wirft

2464 5076 187 49 man
2690 5052 127 74 Sie
2850 5052 249 76 Ihnen
3137 5055 450 95 überhaupt
3623 5059 191 71 vor?
3900 5055 127 75 Sie
4061 5060 349 70 wussten

2466 5167 308 76 damals
2828 5169 361 96 Triftiges
3252 5191 240 74 gegen
3558 5172 129 73 die
3748 5196 203 51 neue
4002 5174 252 73 Kunst
4320 5194 90 53 so

2464 5286 261 91 wenig
2774 5286 568 74 einzuwenden
3381 5289 155 73 wie
3572 5287 130 73 die
3738 5287 345 75 Andern.
4181 5287 231 73 Denn

2466 5401 103 72 da
2629 5401 128 72 Sie
2832 5401 130 74 die
3038 5424 256 53 neuen
3370 5404 524 73 Kunstwerke
3970 5402 217 75 nicht
4261 5426 154 49 nur

2466 5518 127 71 für
2652 5516 129 73 die
2832 5516 372 74 Arbeiten
3264 5518 418 94 unfähiger
3748 5518 198 74 oder
3995 5516 365 76 schwach-

2466 5633 374 93 begabter
2866 5633 247 72 Maler
3149 5633 318 93 hielten,
3506 5633 345 74 sondern
3892 5634 129 71 für
4056 5633 131 74 die
4217 5634 147 71 Pro-

2469 5748 239 73 dukte
2744 5770 157 51 von
2939 5748 345 91 Clowns,
3320 5748 474 93 Akrobaten,
3856 5746 556 76 Schwindlern

2468 5865 167 72 und
2686 5865 376 93 Bluffern,
3116 5888 90 51 so
3257 5866 369 95 glaubten
3680 5865 127 74 Sie
3856 5887 99 50 zu
4007 5863 222 73 einer
4261 5863 104 73 Be-

3210 5965 11 12 •
3226 5965 12 13 •

2468 5978 420 97 gründung
2937 5981 222 75 Ihrer
3193 5981 557 94 Äusserungen
3800 5980 232 74 keine
4066 5980 349 76 Ursache

2466 6120 98 49 zu
2600 6097 283 74 haben.
2967 6095 226 76 Auch
3228 6097 127 76 Sie
3408 6095 360 93 dachten,
3824 6095 181 74 dass
4043 6093 144 76 der
4220 6119 147 50 neu-

2471 6212 413 76 modische
2937 6212 459 76 Schwindel
3455 6212 83 73 in
3592 6208 144 77 der
3789 6212 413 74 kürzesten
4253 6212 163 73 Zeit
