4742 6604
4314 6458 150 79 127

421 109 135 75 Ich
600 109 214 75 hätte
847 109 251 75 Deine
1140 109 283 75 Mutter
1467 108 186 76 sehr
1696 109 306 93 geliebt,
2048 109 235 75 Ernst

426 224 101 75 Es
565 248 171 53 war
771 224 175 75 eine
983 224 359 75 einfache
1366 226 230 93 Frau,
1626 226 192 75 aber
1843 248 158 53 von
2031 226 201 75 unbe-

329 338 571 76 schreiblicher
952 340 525 93 Herzensgüte

329 455 192 72 Hast
570 456 125 73 Du
746 455 220 74 mich
1029 456 127 73 ein
1206 456 261 94 wenig
1499 456 158 73 lieb
1711 456 239 75 Ernst

328 568 177 75 Ihre
534 570 269 73 Eltern
839 568 327 76 werden
1203 568 205 76 doch
1465 570 254 76 nichts
1772 590 239 75 gegen
2063 570 217 74 mich

329 683 573 76 einzuwenden
959 683 259 76 haben

328 798 623 97 Entschuldigen
981 800 147 95 Sie,
1186 802 180 74 dass
1405 802 149 74 wir
1589 802 127 74 Sie
1745 805 244 71 etwas
2017 802 260 74 haben

328 920 301 68 warten
695 919 257 71 lassen
1015 925 345 68 müssen.

329 1030 352 97 Gnädige
717 1032 230 75 Frau.
1049 1032 201 73 Herr
1286 1034 281 73 Baron.
1670 1032 102 75 Es
1808 1032 98 73 ist
1941 1032 159 73 mir
2151 1030 127 77 ein

329 1166 307 74 grosses
698 1147 488 93 Vergnügen.

329 1262 266 75 Willst
631 1262 127 73 Du
808 1286 149 51 uns
1012 1264 238 73 allein
1301 1264 285 92 lassen,
1640 1261 262 74 meine
1938 1259 344 76 Tochter

331 1378 200 74 Bitte
592 1383 254 69 setzen
905 1378 127 74 Sie
1093 1378 169 74 sich
1315 1378 230 91 doch,
1599 1378 203 72 Herr
1852 1374 303 76 Doktor

329 1491 88 75 In
453 1491 262 75 dieser
747 1491 532 76 feierlichsten
1310 1491 296 73 Stunde
1640 1491 303 75 meines
1972 1491 305 73 Lebens

329 1608 317 74 Wollen
700 1610 127 74 Sie
886 1610 127 72 ein
1066 1608 184 74 Glas
1301 1608 231 74 Wein
1591 1608 311 73 trinken

336 1723 351 95 Gnädige
751 1723 232 93 Frau,
1057 1723 202 73 Herr
1323 1723 285 74 Baron.
1708 1721 135 75 Ihr
1907 1723 370 73 Fräulein

333 1838 340 75 Tochter
724 1838 135 73 hat
902 1836 127 75 Sie
1078 1838 428 73 zweifellos
1560 1838 197 73 über
1792 1835 153 74 den
1995 1838 283 75 Zweck

329 1955 305 74 meines
698 1955 436 73 Kommens
1196 1953 537 73 unterrichtet.
1833 1953 257 75 Wenn
2155 1952 125 76 Sie

331 2074 157 72 mir
532 2070 129 76 die
700 2070 208 75 Ehre
946 2070 384 75 erweisen
1367 2070 320 92 wollen,
1740 2068 217 75 mich
1990 2070 82 73 in
2128 2067 152 74 den

333 2185 291 78 Schoss
659 2185 222 75 Ihrer
915 2185 334 75 Familie
1308 2185 606 92 aufzunehmen,
1951 2206 89 52 so
2075 2206 156 50 wer-

334 2302 99 75 de
492 2302 132 75 ich
685 2302 335 75 bemüht
1069 2302 193 92 sein,
1335 2300 132 73 Ihr
1518 2302 369 73 Fräulein
1940 2299 343 74 Tochter

333 2419 157 73 wie
526 2419 176 73 eine
734 2424 212 68 zarte
979 2417 285 75 Blume
1296 2441 97 49 zu
1430 2417 244 73 hüten
1711 2414 168 74 und
1926 2438 98 50 zu
2073 2416 168 94 pfle-

333 2553 145 76 gen
531 2532 167 75 und
775 2536 111 71 sie
939 2556 88 51 so
1079 2532 397 95 glücklich
1550 2556 98 49 zu
1713 2531 362 91 machen,
2126 2531 157 73 wie

333 2673 81 51 es
465 2651 83 71 in
585 2649 318 75 meinen
951 2648 476 74 schwachen
1464 2648 320 72 Kräften
1823 2646 222 74 steht.
2146 2644 134 76 Ich

333 2763 276 76 werde
685 2764 384 94 trachten,
1156 2786 240 50 unser
1471 2763 265 74 Leben
1816 2761 205 75 nach
2095 2759 187 75 dem

334 2880 344 94 Beispiel
775 2880 138 72 des
1007 2878 636 74 hochverehrten
1728 2876 552 95 Elternpaares

334 2995 559 74 einzurichten.

334 3112 104 72 Es
512 3112 173 72 fällt
756 3134 151 49 uns
985 3108 331 95 schwer,
1394 3110 202 73 Herr
1655 3106 325 92 Doktor,
2043 3128 240 51 unser

333 3227 210 76 Kind
595 3250 141 51 aus
788 3225 186 74 dem
1020 3227 261 71 Hause
1333 3249 97 49 zu
1481 3225 269 95 geben.
1853 3223 210 73 Aber
2100 3222 183 72 Gott

333 3344 137 74 hat
519 3367 83 49 es
654 3366 88 50 so
780 3340 528 95 eingerichtet,
1362 3338 181 75 dass
1582 3338 129 75 die
1745 3337 300 76 Kinder
2097 3335 185 75 dem

334 3457 363 74 fremden
747 3459 238 71 Mann
1035 3457 285 91 folgen.
1432 3454 347 74 Werden
1833 3454 127 72 Sie
2011 3452 229 95 glück-

334 3575 183 92 lich,
571 3574 154 73 wie
776 3572 153 75 wir
978 3594 81 51 es
1113 3572 82 71 in
1257 3592 329 51 unserer
1635 3569 169 74 Ehe
1853 3567 427 95 geworden

336 3689 200 76 sind.

338 3804 350 95 Gnädige
773 3806 228 71 Frau.
1128 3802 202 73 Herr
1403 3802 286 72 Baron.
1814 3799 180 73 Ihre
2045 3797 238 75 Wahl

336 3923 154 72 soll
543 3921 140 73 auf
725 3921 285 71 keinen
1062 3916 541 93 Unwürdigen
1655 3914 337 95 gefallen
2043 3914 190 71 sein.

334 4038 136 73 Ich
544 4038 171 73 will
792 4034 226 75 Anna
1091 4033 525 74 vorbereiten.
1733 4029 156 73 Das
1941 4028 342 76 Weitere

334 4153 209 74 wird
595 4153 213 73 mein
861 4151 235 75 Mann
1151 4150 145 72 mit
1344 4148 248 73 Ihnen
1645 4144 515 95 besprechen.

338 4268 306 75 Darauf
683 4268 295 75 wollen
1034 4268 150 73 wir
1255 4263 381 74 zunächst
1699 4263 164 73 mal
1918 4261 125 73 ein
2095 4260 185 74 Glas

336 4385 230 74 Wein
617 4383 342 93 trinken,
1013 4383 202 73 Herr
1266 4380 328 90 Doktor,

341 4503 203 73 Herr
595 4500 285 91 Baron,
957 4497 129 76 ich
1161 4498 259 71 trinke
1494 4493 417 97 eigentlich
1987 4490 247 96 grund-

338 4617 323 74 sätzlich
712 4615 286 75 keinen
1052 4615 254 75 Wein.

339 4735 129 73 Sie
517 4730 327 78 werden
900 4730 208 75 doch
1161 4730 127 71 ein
1342 4727 184 74 Glas
1564 4725 230 75 Wein
1846 4724 82 72 in
1984 4722 299 74 diesem

338 4847 460 76 feierlichen
849 4845 351 73 Moment
1250 4842 221 73 nicht
1518 4837 603 78 verschmähen.

341 4966 132 73 Als
526 4964 183 75 Arzt
785 4961 181 74 sind
1040 4961 156 72 mir
1272 4957 129 75 die
1474 4957 247 73 bösen
1775 4956 292 93 Folgen
2146 4952 137 75 des

339 5081 385 74 Alkohols
776 5077 254 75 leider
1081 5098 152 51 nur
1283 5096 98 51 zu
1430 5072 367 73 bekannt.

341 5198 117 74 Da
507 5198 208 73 habe
764 5194 131 75 ich
949 5193 129 72 die
1122 5198 357 88 grössere
1513 5188 449 93 Erfahrung
2001 5188 286 93 junger

339 5309 342 77 Freund.
783 5309 147 73 Die
973 5308 321 74 Weiber
1344 5304 260 73 haben
1655 5303 158 71 mir
1863 5301 153 73 den
2068 5301 220 75 Rock

339 5452 88 51 so
480 5426 354 77 schlecht
886 5421 305 98 genäht.
1293 5421 103 73 Es
1449 5421 98 71 ist
1598 5420 125 71 ein
1779 5416 367 76 Skandal.

344 5543 148 75 Die
529 5541 549 77 Handwerker
1154 5535 179 76 sind
1411 5540 185 69 stets
1674 5535 611 93 unzuverlässig.

436 5662 190 74 Also
663 5662 249 71 Prost.
1013 5655 134 74 Ich
1186 5653 183 73 darf
1394 5652 248 72 Ihnen
1677 5652 131 71 bei
1841 5648 261 76 dieser
2136 5650 100 73 Ge-

339 5773 395 97 legenheit
785 5772 208 76 doch
1047 5770 254 95 gleich
1354 5767 140 74 das
1545 5765 388 74 trauliche
1968 5763 124 75 Du
2146 5787 95 51 an-

343 5892 283 73 bieten.

341 6009 203 73 Herr
595 6009 279 90 Baron,
937 6004 215 74 diese
1201 6000 215 77 Ehre

341 6124 296 74 Immer
720 6119 456 98 gemütlich.
1325 6115 190 77 Also
1598 6114 198 74 höre
1872 6117 186 90 mal,
2134 6112 158 75 wie

341 6241 244 78 heisst
634 6236 125 79 Du
814 6234 418 97 eigentlich
1283 6234 147 71 mit
1476 6231 479 78 Vornamen.

2514 109 255 93 Ernst,
2822 109 203 75 Herr
3074 108 290 91 Baron,
3416 107 256 75 Ernst.

2514 223 189 74 Also
2754 223 200 76 höre
3003 224 188 92 mal,
3228 221 256 93 Ernst,
3541 221 127 75 Ihr
3716 228 257 68 müsst
4016 221 225 75 Euch
4292 243 166 53 nun

2512 362 90 52 so
2639 338 549 76 durchhelfen.
3281 336 201 76 Geld
3516 338 318 73 können
3868 336 154 73 wir
4058 336 142 75 der
4234 338 225 74 Anna

2512 455 218 72 nicht
2778 453 421 93 mitgeben.
3325 450 301 74 Kinder
3699 451 279 73 kosten
4029 451 178 75 viel.
4322 453 136 74 Ich

2512 588 181 75 sage
2744 568 142 75 das
2922 568 255 97 gleich
3225 566 210 75 ohne
3470 565 554 78 Umschweife.
4127 566 202 77 Geld
4361 570 98 73 ist

2512 683 218 76 nicht
2779 683 143 75 das
2974 683 275 73 wahre
3298 682 277 76 Glück.

2509 798 137 75 Ich
2697 798 272 75 werde
3017 798 379 92 arbeiten,
3448 797 202 74 Herr
3699 798 283 73 Baron.

2514 915 233 75 Diese
2807 914 558 76 Geldheiraten
3442 910 215 76 finde
3731 912 129 74 ich
3926 934 190 51 vom
4192 934 214 52 mora-

2510 1029 305 76 lischen
2869 1027 500 97 Standpunkt
3418 1049 142 53 aus
3614 1025 441 77 widerlich.

2510 1144 132 76 Ich
2697 1146 182 72 teile
2930 1144 180 74 Ihre
3162 1142 347 93 Ansicht,
3564 1142 203 73 Herr
3816 1142 286 73 Baron.

2510 1259 178 76 Wie
2737 1259 100 73 ist
2873 1281 81 51 es
2991 1257 234 93 denn,
3277 1257 287 73 kannst
3599 1256 124 72 Du
3777 1254 210 74 denn
4024 1256 176 72 eine
4249 1254 209 74 Frau

2514 1374 396 75 ernähren

2509 1489 174 77 Wir
2715 1488 324 76 werden
3091 1511 149 51 uns
3291 1486 379 76 zunächst
3714 1491 244 68 etwas
3995 1483 417 76 einschrän-

2510 1606 153 73 ken
2739 1613 347 86 müssen,
3164 1604 205 73 Herr
3442 1603 286 73 Baron.
3838 1599 147 75 Die
4044 1599 244 75 Liebe
4359 1599 102 73 ist

2509 1720 248 74 blind.

2603 1836 136 75 Ich
2790 1833 205 78 habe
3047 1835 186 74 sehr
3284 1840 180 88 gute
3503 1831 572 95 Beziehungen,
4127 1830 156 76 wie
4334 1828 125 76 Du

2512 1952 144 74 Dir
2715 1950 310 74 denken
3088 1950 308 74 kannst.
3519 1948 256 75 Meine
3826 1948 244 73 Leute
4132 1952 324 67 müssen

2514 2067 169 74 sich
2734 2068 156 73 alle
2939 2067 130 73 bei
3101 2065 144 75 Dir
3279 2065 413 95 operieren
3743 2065 284 73 lassen.
4131 2060 181 74 Gott
4344 2062 119 72 sei

2512 2184 232 72 Dank
2795 2182 161 95 gibt
3005 2202 84 53 es
3140 2180 234 73 keine
3409 2177 536 76 Krankheiten
3994 2177 84 73 in
4131 2197 330 53 unserer

2512 2297 356 75 Familie.

2515 2414 158 73 Das
2724 2414 100 73 ist
2874 2410 141 75 das
3069 2416 200 91 gute,
3321 2410 156 73 alte
3528 2407 381 76 deutsche
3960 2407 201 75 Blut.

2515 2529 180 75 Und
2730 2553 236 51 wenn
3013 2529 124 73 Du
3189 2527 163 73 mal
3391 2526 410 72 Professor
3833 2521 327 76 werden
4197 2522 262 93 willst,

2512 2646 213 73 mein
2778 2644 262 75 Vetter
3089 2642 171 73 sitzt
3310 2664 99 51 an
3464 2639 142 75 der
3657 2637 301 94 Quelle.

2512 2759 135 75 Ich
2700 2761 206 73 fasse
2957 2758 319 74 meinen
3313 2756 247 73 Beruf
3602 2753 400 74 durchaus
4039 2758 214 67 ernst
4303 2753 156 91 auf,

2514 2878 203 73 Herr
2769 2876 283 73 Baron.
3162 2871 137 76 Ich
3362 2871 322 95 kämpfe
3733 2869 129 73 für
3912 2868 131 74 die
4094 2866 369 76 leidende

2512 2990 511 74 Menschheit.

2512 3105 249 74 Trink
2835 3103 210 75 doch
3098 3125 166 53 aus.
3364 3100 257 76 Siehst
3672 3100 147 93 Du,
3884 3120 81 54 es
4027 3096 183 97 geht
4270 3115 191 78 ganz

2514 3228 152 88 gut.
2771 3220 195 74 Eine
3017 3220 208 73 feine
3276 3218 291 75 Marke.

2512 3335 135 75 Ich
2702 3333 360 77 verstehe
3113 3332 217 74 mich
3381 3330 220 76 nicht
3650 3332 144 72 auf
3831 3330 252 91 Wein,
4136 3328 191 75 aber
4376 3350 88 51 er

2512 3454 102 71 ist
2663 3447 614 96 hervorragend.

2515 3565 182 77 Und
2747 3564 131 76 die
2927 3564 322 76 Weiber
3299 3562 314 74 weinen
3663 3560 173 75 sich
3889 3582 166 53 aus.

2515 3682 131 78 Sie
2724 3682 262 75 haben
3062 3682 231 73 einen
3370 3675 405 100 gesunden
3853 3677 330 92 Humor,
4259 3674 205 74 Herr

2514 3799 284 75 Baron.

2514 3912 230 77 Frau.
2844 3911 249 76 Anna.
3194 3911 151 76 Wo
3396 3907 249 77 bleibt
3691 3906 133 74 Ihr
3875 3904 234 76 denn.
4214 3902 100 77 Es
4364 3902 102 75 ist

2515 4029 193 71 alles
2761 4028 79 72 in
2898 4024 403 97 Ordnung.

2515 4144 209 92 Hier,
2773 4144 205 73 Herr
3011 4143 326 93 Doktor,
3389 4139 347 77 nehmen
3787 4138 129 74 Sie
3965 4134 215 76 mein
4215 4134 248 76 liebes

2515 4260 229 76 Kind.
2847 4256 181 78 Und
3076 4256 306 76 werdet
3431 4251 422 100 glücklich.

2515 4376 369 75 Fräulein
2937 4373 251 76 Anna.

2514 4492 183 76 Nun
2751 4492 178 94 gebt
2979 4488 224 75 Euch
3255 4485 210 76 doch
3516 4487 230 72 einen
3797 4483 385 95 richtigen
4234 4480 229 76 Kuss.

2610 4605 259 75 Wenn
2922 4603 128 75 Sie
3100 4608 375 88 gestatten
3526 4598 332 98 gnädige
3907 4597 231 74 Frau.
4263 4595 203 74 Herr

2515 4722 288 73 Baron.

2515 4834 368 76 Endlich.

2517 4949 181 76 Und
2742 4972 164 51 nun
2942 4950 296 75 wollen
3274 4949 154 73 wir
3462 4945 132 77 die
3623 4947 301 95 jungen
3972 4940 494 77 Liebesleute

2519 5067 238 75 allein
2810 5067 288 73 lassen.
3196 5064 293 74 Komm
3540 5061 438 76 Frauchen.

2519 5299 250 73 Küsse
2818 5296 217 76 mich
3086 5296 259 74 Ernst.

2520 5414 298 95 Später.

2522 5531 125 73 Du
2698 5530 234 74 liebst
2981 5525 217 76 mich
3249 5523 260 79 sicher
3558 5523 221 76 nicht
3828 5518 252 95 mehr,
4116 5518 189 74 weil
4339 5516 127 75 Du

2520 5670 165 49 nun
2737 5646 195 72 alles
2981 5643 291 75 weisst.

2519 5760 149 74 Die
2742 5757 505 98 körperliche
3328 5753 471 95 Berührung
3880 5750 153 74 soll
4117 5767 153 54 nur
4351 5746 115 71 im

2520 5877 388 78 höchsten
2961 5875 335 75 Taumel
3347 5870 462 100 geschehen.

2522 5994 127 74 Du
2698 5994 154 74 bist
2903 5990 186 76 sehr
3137 5992 200 73 hart.

2522 6109 280 74 Liebes
2854 6105 230 92 Kind,
3145 6127 190 51 man
3386 6124 220 52 muss
3668 6100 172 75 sich
3890 6097 578 76 einschränken

2519 6224 343 83 können.
2962 6222 88 75 In
3093 6219 230 100 jeder
3359 6215 382 78 Hinsicht.
3840 6214 137 76 Ich
4022 6214 209 74 habe
4283 6217 183 70 stets
