<?xml version="1.0" encoding="UTF-8"?>
<alto xmlns:xsi="http://www.w3.org/2001/XMLSchema-instance" xmlns="http://www.loc.gov/standards/alto/ns-v2#" xsi:schemaLocation="http://www.loc.gov/standards/alto/ns-v2# http://www.loc.gov/standards/alto/alto-v2.0.xsd" xmlns:xlink="http://www.w3.org/1999/xlink">
	<Description>
		<MeasurementUnit>mm10</MeasurementUnit>
		<sourceImageInformation>
			<fileName>//fileserver7/IN2-2/Princeton/bmtnabj/1901/12_01/00000494.tif</fileName>
		</sourceImageInformation>
		<OCRProcessing ID="OCRPROCESSING_1">
			<preProcessingStep>
				<processingSoftware>
					<softwareCreator>CCS Content Conversion Specialists GmbH, Germany</softwareCreator>
					<softwareName>CCS docWorks</softwareName>
					<softwareVersion>6.7-1.20</softwareVersion>
				</processingSoftware>
			</preProcessingStep>
			<ocrProcessingStep>
				<processingSoftware>
					<softwareCreator>ABBYY (BIT Software), Russia</softwareCreator>
					<softwareName>FineReader</softwareName>
					<softwareVersion>10.0</softwareVersion>
				</processingSoftware>
			</ocrProcessingStep>
		</OCRProcessing>
	</Description>
	<Styles>
		<TextStyle ID="TXT_0" FONTSIZE="14" FONTFAMILY="Times New Roman"/>
		<TextStyle ID="TXT_1" FONTSIZE="18" FONTFAMILY="Times New Roman"/>
		<TextStyle ID="TXT_2" FONTSIZE="14" FONTFAMILY="Times New Roman" FONTSTYLE="italics"/>
		<TextStyle ID="TXT_3" FONTSIZE="10" FONTFAMILY="Unknown"/>
		<TextStyle ID="TXT_4" FONTSIZE="12" FONTFAMILY="Times New Roman" FONTSTYLE="bold"/>
		<TextStyle ID="TXT_5" FONTSIZE="11" FONTFAMILY="Times New Roman"/>
		<TextStyle ID="TXT_6" FONTSIZE="9" FONTFAMILY="Times New Roman" FONTSTYLE="bold"/>
		<ParagraphStyle ID="PAR_CENTER" ALIGN="Center"/>
		<ParagraphStyle ID="PAR_LEFT" ALIGN="Left"/>
		<ParagraphStyle ID="PAR_BLOCK" ALIGN="Block"/>
		<ParagraphStyle ID="PAR_RIGHT" ALIGN="Right"/>
	</Styles>
	<Layout>
		<Page ID="P52" PHYSICAL_IMG_NR="52" HEIGHT="3638" WIDTH="2180" PRINTED_IMG_NR="476" PC="0.918">
			<TopMargin ID="P52_TM00001" HPOS="0" VPOS="0" WIDTH="2180" HEIGHT="170">
				<TextBlock ID="P52_TB00001" HPOS="792" VPOS="96" WIDTH="603" HEIGHT="60" STYLEREFS="TXT_0 PAR_CENTER">
					<TextLine ID="P52_TL00001" HPOS="795" VPOS="109" WIDTH="600" HEIGHT="47">
						<String ID="P52_ST00001" HPOS="795" VPOS="111" WIDTH="243" HEIGHT="45" CONTENT="MUSIQUE" WC="0.98" CC="1363640"/>
						<SP ID="P52_SP00001" HPOS="1038" VPOS="156" WIDTH="33"/>
						<String ID="P52_ST00002" HPOS="1071" VPOS="109" WIDTH="324" HEIGHT="37" CONTENT="RELIGIEUSE" WC="0.99" CC="5030722006"/>
					</TextLine>
				</TextBlock>
				<TextBlock ID="P52_TB00002" HPOS="76" VPOS="113" WIDTH="91" HEIGHT="54" STYLEREFS="TXT_1 PAR_LEFT">
					<TextLine ID="P52_TL00002" HPOS="76" VPOS="113" WIDTH="91" HEIGHT="54">
						<String ID="P52_ST00003" HPOS="76" VPOS="113" WIDTH="91" HEIGHT="54" CONTENT="476" WC="1.00" CC="000"/>
					</TextLine>
				</TextBlock>
			</TopMargin>
			<LeftMargin ID="P52_LM00001" HPOS="0" VPOS="170" WIDTH="72" HEIGHT="3375"/>
			<RightMargin ID="P52_RM00001" HPOS="2121" VPOS="170" WIDTH="59" HEIGHT="3375"/>
			<BottomMargin ID="P52_BM00001" HPOS="0" VPOS="3545" WIDTH="2180" HEIGHT="93"/>
			<PrintSpace ID="P52_PS00001" HPOS="72" VPOS="170" WIDTH="2049" HEIGHT="3375">
				<TextBlock ID="P52_TB00003" HPOS="72" VPOS="217" WIDTH="2049" HEIGHT="3015" STYLEREFS="TXT_0 PAR_BLOCK">
					<TextLine ID="P52_TL00003" HPOS="174" VPOS="218" WIDTH="1945" HEIGHT="53">
						<String ID="P52_ST00004" HPOS="174" VPOS="244" WIDTH="19" HEIGHT="19" CONTENT="((" WC="0.28" CC="67"/>
						<SP ID="P52_SP00002" HPOS="193" VPOS="263" WIDTH="25"/>
						<String ID="P52_ST00005" HPOS="218" VPOS="228" WIDTH="110" HEIGHT="37" CONTENT="Mais" WC="0.99" CC="0300"/>
						<SP ID="P52_SP00003" HPOS="328" VPOS="265" WIDTH="17"/>
						<String ID="P52_ST00006" HPOS="345" VPOS="230" WIDTH="24" HEIGHT="34" CONTENT="à" WC="0.27" CC="7"/>
						<SP ID="P52_SP00004" HPOS="369" VPOS="265" WIDTH="23"/>
						<String ID="P52_ST00007" HPOS="392" VPOS="228" WIDTH="93" HEIGHT="36" CONTENT="côté" WC="0.97" CC="0534"/>
						<SP ID="P52_SP00005" HPOS="485" VPOS="265" WIDTH="23"/>
						<String ID="P52_ST00008" HPOS="508" VPOS="226" WIDTH="51" HEIGHT="36" CONTENT="de" WC="0.81" CC="30"/>
						<SP ID="P52_SP00006" HPOS="559" VPOS="265" WIDTH="22"/>
						<String ID="P52_ST00009" HPOS="581" VPOS="237" WIDTH="69" HEIGHT="25" CONTENT="ces" WC="1.00" CC="000"/>
						<SP ID="P52_SP00007" HPOS="650" VPOS="265" WIDTH="22"/>
						<String ID="P52_ST00010" HPOS="672" VPOS="224" WIDTH="163" HEIGHT="47" CONTENT="chants," WC="0.98" CC="0650513"/>
						<SP ID="P52_SP00008" HPOS="835" VPOS="271" WIDTH="24"/>
						<String ID="P52_ST00011" HPOS="859" VPOS="223" WIDTH="27" HEIGHT="36" CONTENT="il" WC="0.68" CC="15"/>
						<SP ID="P52_SP00009" HPOS="886" VPOS="271" WIDTH="19"/>
						<String ID="P52_ST00012" HPOS="905" VPOS="235" WIDTH="26" HEIGHT="36" CONTENT="y" WC="0.44" CC="5"/>
						<SP ID="P52_SP00010" HPOS="931" VPOS="271" WIDTH="23"/>
						<String ID="P52_ST00013" HPOS="954" VPOS="234" WIDTH="49" HEIGHT="25" CONTENT="en" WC="1.00" CC="00"/>
						<SP ID="P52_SP00011" HPOS="1003" VPOS="271" WIDTH="24"/>
						<String ID="P52_ST00014" HPOS="1027" VPOS="234" WIDTH="25" HEIGHT="25" CONTENT="a" WC="1.00" CC="0"/>
						<SP ID="P52_SP00012" HPOS="1052" VPOS="271" WIDTH="28"/>
						<String ID="P52_ST00015" HPOS="1080" VPOS="221" WIDTH="199" HEIGHT="45" CONTENT="d'autres," WC="1.00" CC="040402000"/>
						<SP ID="P52_SP00013" HPOS="1279" VPOS="271" WIDTH="32"/>
						<String ID="P52_ST00016" HPOS="1311" VPOS="228" WIDTH="41" HEIGHT="31" CONTENT="et" WC="0.93" CC="10"/>
						<SP ID="P52_SP00014" HPOS="1352" VPOS="271" WIDTH="25"/>
						<String ID="P52_ST00017" HPOS="1377" VPOS="234" WIDTH="50" HEIGHT="25" CONTENT="en" WC="0.90" CC="10"/>
						<SP ID="P52_SP00015" HPOS="1427" VPOS="271" WIDTH="22"/>
						<String ID="P52_ST00018" HPOS="1449" VPOS="221" WIDTH="94" HEIGHT="49" CONTENT="plus" WC="0.97" CC="6060"/>
						<SP ID="P52_SP00016" HPOS="1543" VPOS="271" WIDTH="25"/>
						<String ID="P52_ST00019" HPOS="1568" VPOS="218" WIDTH="134" HEIGHT="50" CONTENT="grand" WC="0.98" CC="70060"/>
						<SP ID="P52_SP00017" HPOS="1702" VPOS="271" WIDTH="22"/>
						<String ID="P52_ST00020" HPOS="1724" VPOS="220" WIDTH="190" HEIGHT="46" CONTENT="nombre," WC="0.98" CC="0618504"/>
						<SP ID="P52_SP00018" HPOS="1914" VPOS="271" WIDTH="33"/>
						<String ID="P52_ST00021" HPOS="1947" VPOS="219" WIDTH="67" HEIGHT="47" CONTENT="qui" WC="0.98" CC="022"/>
						<SP ID="P52_SP00019" HPOS="2014" VPOS="271" WIDTH="30"/>
						<String ID="P52_ST00022" HPOS="2044" VPOS="225" WIDTH="75" HEIGHT="31" CONTENT="ont" WC="0.97" CC="440"/>
					</TextLine>
					<TextLine ID="P52_TL00004" HPOS="73" VPOS="289" WIDTH="2043" HEIGHT="50">
						<String ID="P52_ST00023" HPOS="73" VPOS="313" WIDTH="54" HEIGHT="25" CONTENT="un" WC="0.96" CC="00"/>
						<SP ID="P52_SP00020" HPOS="127" VPOS="338" WIDTH="20"/>
						<String ID="P52_ST00024" HPOS="147" VPOS="305" WIDTH="94" HEIGHT="31" CONTENT="tout" WC="0.98" CC="0370"/>
						<SP ID="P52_SP00021" HPOS="241" VPOS="338" WIDTH="22"/>
						<String ID="P52_ST00025" HPOS="263" VPOS="304" WIDTH="120" HEIGHT="31" CONTENT="autre" WC="1.00" CC="00020"/>
						<SP ID="P52_SP00022" HPOS="383" VPOS="338" WIDTH="20"/>
						<String ID="P52_ST00026" HPOS="403" VPOS="298" WIDTH="229" HEIGHT="36" CONTENT="caractère." WC="1.00" CC="0040001044"/>
						<SP ID="P52_SP00023" HPOS="632" VPOS="338" WIDTH="23"/>
						<String ID="P52_ST00027" HPOS="655" VPOS="293" WIDTH="201" HEIGHT="38" CONTENT="Metricos" WC="0.85" CC="02011041"/>
						<SP ID="P52_SP00024" HPOS="856" VPOS="338" WIDTH="31"/>
						<String ID="P52_ST00028" HPOS="887" VPOS="298" WIDTH="140" HEIGHT="32" CONTENT="antem" WC="0.90" CC="04000"/>
						<SP ID="P52_SP00025" HPOS="1027" VPOS="338" WIDTH="24"/>
						<String ID="P52_ST00029" HPOS="1051" VPOS="298" WIDTH="150" HEIGHT="31" CONTENT="cantus" WC="0.91" CC="040000"/>
						<SP ID="P52_SP00026" HPOS="1201" VPOS="338" WIDTH="28"/>
						<String ID="P52_ST00030" HPOS="1229" VPOS="292" WIDTH="111" HEIGHT="46" CONTENT="dico," WC="0.72" CC="03063"/>
						<SP ID="P52_SP00027" HPOS="1340" VPOS="338" WIDTH="33"/>
						<String ID="P52_ST00031" HPOS="1373" VPOS="305" WIDTH="44" HEIGHT="25" CONTENT="se" WC="0.90" CC="10"/>
						<SP ID="P52_SP00028" HPOS="1417" VPOS="338" WIDTH="30"/>
						<String ID="P52_ST00032" HPOS="1447" VPOS="292" WIDTH="98" HEIGHT="36" CONTENT="hâte" WC="0.97" CC="6402"/>
						<SP ID="P52_SP00029" HPOS="1545" VPOS="338" WIDTH="21"/>
						<String ID="P52_ST00033" HPOS="1566" VPOS="290" WIDTH="211" HEIGHT="49" CONTENT="d'ajouter" WC="1.00" CC="030050004"/>
						<SP ID="P52_SP00030" HPOS="1777" VPOS="339" WIDTH="17"/>
						<String ID="P52_ST00034" HPOS="1794" VPOS="289" WIDTH="78" HEIGHT="38" CONTENT="Gui" WC="0.97" CC="440"/>
						<SP ID="P52_SP00031" HPOS="1872" VPOS="339" WIDTH="23"/>
						<String ID="P52_ST00035" HPOS="1895" VPOS="289" WIDTH="221" HEIGHT="38" CONTENT="d'Arezzo." WC="0.81" CC="040000136"/>
					</TextLine>
					<TextLine ID="P52_TL00005" HPOS="75" VPOS="358" WIDTH="2042" HEIGHT="61">
						<String ID="P52_ST00036" HPOS="75" VPOS="371" WIDTH="34" HEIGHT="36" CONTENT="Il" WC="0.76" CC="40"/>
						<SP ID="P52_SP00032" HPOS="109" VPOS="407" WIDTH="22"/>
						<String ID="P52_ST00037" HPOS="131" VPOS="382" WIDTH="26" HEIGHT="37" CONTENT="y" WC="0.64" CC="3"/>
						<SP ID="P52_SP00033" HPOS="157" VPOS="419" WIDTH="22"/>
						<String ID="P52_ST00038" HPOS="179" VPOS="382" WIDTH="25" HEIGHT="24" CONTENT="a" WC="1.00" CC="0"/>
						<SP ID="P52_SP00034" HPOS="204" VPOS="419" WIDTH="22"/>
						<String ID="P52_ST00039" HPOS="226" VPOS="368" WIDTH="72" HEIGHT="37" CONTENT="des" WC="1.00" CC="000"/>
						<SP ID="P52_SP00035" HPOS="298" VPOS="419" WIDTH="23"/>
						<String ID="P52_ST00040" HPOS="321" VPOS="369" WIDTH="149" HEIGHT="36" CONTENT="chants" WC="1.00" CC="000400"/>
						<SP ID="P52_SP00036" HPOS="470" VPOS="419" WIDTH="35"/>
						<String ID="P52_ST00041" HPOS="505" VPOS="364" WIDTH="227" HEIGHT="48" CONTENT="métriques" WC="0.99" CC="000009430"/>
						<SP ID="P52_SP00037" HPOS="732" VPOS="419" WIDTH="35"/>
						<String ID="P52_ST00042" HPOS="767" VPOS="363" WIDTH="105" HEIGHT="37" CONTENT="dont" WC="0.99" CC="0110"/>
						<SP ID="P52_SP00038" HPOS="872" VPOS="419" WIDTH="30"/>
						<String ID="P52_ST00043" HPOS="902" VPOS="364" WIDTH="37" HEIGHT="36" CONTENT="le" WC="1.00" CC="00"/>
						<SP ID="P52_SP00039" HPOS="939" VPOS="419" WIDTH="31"/>
						<String ID="P52_ST00044" HPOS="970" VPOS="368" WIDTH="111" HEIGHT="32" CONTENT="texte" WC="1.00" CC="00000"/>
						<SP ID="P52_SP00040" HPOS="1081" VPOS="419" WIDTH="23"/>
						<String ID="P52_ST00045" HPOS="1104" VPOS="367" WIDTH="64" HEIGHT="32" CONTENT="est" WC="1.00" CC="000"/>
						<SP ID="P52_SP00041" HPOS="1168" VPOS="419" WIDTH="31"/>
						<String ID="P52_ST00046" HPOS="1199" VPOS="363" WIDTH="104" HEIGHT="37" CONTENT="écrit" WC="1.00" CC="00000"/>
						<SP ID="P52_SP00042" HPOS="1303" VPOS="419" WIDTH="29"/>
						<String ID="P52_ST00047" HPOS="1332" VPOS="363" WIDTH="84" HEIGHT="37" CONTENT="soit" WC="1.00" CC="1000"/>
						<SP ID="P52_SP00043" HPOS="1416" VPOS="419" WIDTH="22"/>
						<String ID="P52_ST00048" HPOS="1438" VPOS="374" WIDTH="50" HEIGHT="25" CONTENT="en" WC="1.00" CC="00"/>
						<SP ID="P52_SP00044" HPOS="1488" VPOS="419" WIDTH="32"/>
						<String ID="P52_ST00049" HPOS="1520" VPOS="373" WIDTH="141" HEIGHT="38" CONTENT="prose," WC="0.99" CC="520004"/>
						<SP ID="P52_SP00045" HPOS="1661" VPOS="419" WIDTH="26"/>
						<String ID="P52_ST00050" HPOS="1687" VPOS="360" WIDTH="83" HEIGHT="38" CONTENT="soit" WC="1.00" CC="0000"/>
						<SP ID="P52_SP00046" HPOS="1770" VPOS="419" WIDTH="29"/>
						<String ID="P52_ST00051" HPOS="1799" VPOS="372" WIDTH="50" HEIGHT="25" CONTENT="en" WC="1.00" CC="00"/>
						<SP ID="P52_SP00047" HPOS="1849" VPOS="419" WIDTH="23"/>
						<String ID="P52_ST00052" HPOS="1872" VPOS="371" WIDTH="112" HEIGHT="35" CONTENT="vers," WC="0.98" CC="60204"/>
						<SP ID="P52_SP00048" HPOS="1984" VPOS="419" WIDTH="28"/>
						<String ID="P52_ST00053" HPOS="2012" VPOS="358" WIDTH="105" HEIGHT="38" CONTENT="mais" WC="1.00" CC="0000"/>
					</TextLine>
					<TextLine ID="P52_TL00006" HPOS="76" VPOS="429" WIDTH="2042" HEIGHT="53">
						<String ID="P52_ST00054" HPOS="76" VPOS="440" WIDTH="104" HEIGHT="37" CONTENT="dont" WC="0.98" CC="0700"/>
						<SP ID="P52_SP00049" HPOS="180" VPOS="477" WIDTH="15"/>
						<String ID="P52_ST00055" HPOS="195" VPOS="439" WIDTH="42" HEIGHT="36" CONTENT="la" WC="1.00" CC="00"/>
						<SP ID="P52_SP00050" HPOS="237" VPOS="477" WIDTH="16"/>
						<String ID="P52_ST00056" HPOS="253" VPOS="437" WIDTH="177" HEIGHT="39" CONTENT="mélodie" WC="1.00" CC="0000000"/>
						<SP ID="P52_SP00051" HPOS="430" VPOS="477" WIDTH="24"/>
						<String ID="P52_ST00057" HPOS="454" VPOS="435" WIDTH="113" HEIGHT="38" CONTENT="obéit" WC="1.00" CC="00000"/>
						<SP ID="P52_SP00052" HPOS="567" VPOS="477" WIDTH="22"/>
						<String ID="P52_ST00058" HPOS="589" VPOS="437" WIDTH="25" HEIGHT="34" CONTENT="à" WC="0.31" CC="6"/>
						<SP ID="P52_SP00053" HPOS="614" VPOS="477" WIDTH="21"/>
						<String ID="P52_ST00059" HPOS="635" VPOS="433" WIDTH="185" HEIGHT="38" CONTENT="d'autres" WC="1.00" CC="03050000"/>
						<SP ID="P52_SP00054" HPOS="820" VPOS="477" WIDTH="19"/>
						<String ID="P52_ST00060" HPOS="839" VPOS="433" WIDTH="78" HEIGHT="37" CONTENT="lois" WC="0.99" CC="0420"/>
						<SP ID="P52_SP00055" HPOS="917" VPOS="477" WIDTH="24"/>
						<String ID="P52_ST00061" HPOS="941" VPOS="444" WIDTH="79" HEIGHT="36" CONTENT="que" WC="0.99" CC="020"/>
						<SP ID="P52_SP00056" HPOS="1020" VPOS="480" WIDTH="20"/>
						<String ID="P52_ST00062" HPOS="1040" VPOS="433" WIDTH="124" HEIGHT="37" CONTENT="celles" WC="1.00" CC="000000"/>
						<SP ID="P52_SP00057" HPOS="1164" VPOS="480" WIDTH="23"/>
						<String ID="P52_ST00063" HPOS="1187" VPOS="433" WIDTH="74" HEIGHT="37" CONTENT="des" WC="1.00" CC="000"/>
						<SP ID="P52_SP00058" HPOS="1261" VPOS="480" WIDTH="21"/>
						<String ID="P52_ST00064" HPOS="1282" VPOS="434" WIDTH="150" HEIGHT="36" CONTENT="chants" WC="0.99" CC="060600"/>
						<SP ID="P52_SP00059" HPOS="1432" VPOS="480" WIDTH="16"/>
						<String ID="P52_ST00065" HPOS="1448" VPOS="433" WIDTH="265" HEIGHT="49" CONTENT="prosaïques," WC="1.00" CC="00000000004"/>
						<SP ID="P52_SP00060" HPOS="1713" VPOS="482" WIDTH="22"/>
						<String ID="P52_ST00066" HPOS="1735" VPOS="430" WIDTH="266" HEIGHT="37" CONTENT="mentionnés" WC="1.00" CC="0010030503"/>
						<SP ID="P52_SP00061" HPOS="2001" VPOS="482" WIDTH="23"/>
						<String ID="P52_ST00067" HPOS="2024" VPOS="429" WIDTH="94" HEIGHT="50" CONTENT="plus" WC="1.00" CC="0000"/>
					</TextLine>
					<TextLine ID="P52_TL00007" HPOS="75" VPOS="510" WIDTH="113" HEIGHT="36">
						<String ID="P52_ST00068" HPOS="75" VPOS="510" WIDTH="113" HEIGHT="36" CONTENT="haut." WC="1.00" CC="00002"/>
					</TextLine>
					<TextLine ID="P52_TL00008" HPOS="175" VPOS="570" WIDTH="1946" HEIGHT="53">
						<String ID="P52_ST00069" HPOS="175" VPOS="593" WIDTH="19" HEIGHT="19" CONTENT="«" WC="0.37" CC="6"/>
						<SP ID="P52_SP00062" HPOS="194" VPOS="612" WIDTH="31"/>
						<String ID="P52_ST00070" HPOS="225" VPOS="578" WIDTH="79" HEIGHT="38" CONTENT="Ces" WC="0.99" CC="002"/>
						<SP ID="P52_SP00063" HPOS="304" VPOS="616" WIDTH="21"/>
						<String ID="P52_ST00071" HPOS="325" VPOS="578" WIDTH="148" HEIGHT="36" CONTENT="chants" WC="1.00" CC="100400"/>
						<SP ID="P52_SP00064" HPOS="473" VPOS="616" WIDTH="23"/>
						<String ID="P52_ST00072" HPOS="496" VPOS="574" WIDTH="226" HEIGHT="49" CONTENT="métriques" WC="1.00" CC="000100100"/>
						<SP ID="P52_SP00065" HPOS="722" VPOS="623" WIDTH="21"/>
						<String ID="P52_ST00073" HPOS="743" VPOS="586" WIDTH="51" HEIGHT="25" CONTENT="ne" WC="0.86" CC="20"/>
						<SP ID="P52_SP00066" HPOS="794" VPOS="623" WIDTH="31"/>
						<String ID="P52_ST00074" HPOS="825" VPOS="586" WIDTH="44" HEIGHT="24" CONTENT="se" WC="1.00" CC="00"/>
						<SP ID="P52_SP00067" HPOS="869" VPOS="623" WIDTH="29"/>
						<String ID="P52_ST00075" HPOS="898" VPOS="573" WIDTH="125" HEIGHT="37" CONTENT="lisent" WC="0.99" CC="042400"/>
						<SP ID="P52_SP00068" HPOS="1023" VPOS="623" WIDTH="20"/>
						<String ID="P52_ST00076" HPOS="1043" VPOS="574" WIDTH="107" HEIGHT="48" CONTENT="plus," WC="0.99" CC="00303"/>
						<SP ID="P52_SP00069" HPOS="1150" VPOS="623" WIDTH="25"/>
						<String ID="P52_ST00077" HPOS="1175" VPOS="585" WIDTH="50" HEIGHT="25" CONTENT="ne" WC="1.00" CC="00"/>
						<SP ID="P52_SP00070" HPOS="1225" VPOS="623" WIDTH="21"/>
						<String ID="P52_ST00078" HPOS="1246" VPOS="585" WIDTH="43" HEIGHT="25" CONTENT="se" WC="1.00" CC="00"/>
						<SP ID="P52_SP00071" HPOS="1289" VPOS="623" WIDTH="23"/>
						<String ID="P52_ST00079" HPOS="1312" VPOS="573" WIDTH="242" HEIGHT="38" CONTENT="déclament" WC="1.00" CC="000100400"/>
						<SP ID="P52_SP00072" HPOS="1554" VPOS="623" WIDTH="21"/>
						<String ID="P52_ST00080" HPOS="1575" VPOS="573" WIDTH="94" HEIGHT="48" CONTENT="plus" WC="1.00" CC="0000"/>
						<SP ID="P52_SP00073" HPOS="1669" VPOS="623" WIDTH="36"/>
						<String ID="P52_ST00081" HPOS="1705" VPOS="584" WIDTH="8" HEIGHT="23" CONTENT=":" WC="0.41" CC="5"/>
						<SP ID="P52_SP00074" HPOS="1713" VPOS="623" WIDTH="44"/>
						<String ID="P52_ST00082" HPOS="1757" VPOS="571" WIDTH="51" HEIGHT="36" CONTENT="ils" WC="0.98" CC="240"/>
						<SP ID="P52_SP00075" HPOS="1808" VPOS="623" WIDTH="34"/>
						<String ID="P52_ST00083" HPOS="1842" VPOS="583" WIDTH="44" HEIGHT="24" CONTENT="se" WC="1.00" CC="00"/>
						<SP ID="P52_SP00076" HPOS="1886" VPOS="623" WIDTH="26"/>
						<String ID="P52_ST00084" HPOS="1912" VPOS="570" WIDTH="209" HEIGHT="37" CONTENT="scandent" WC="0.99" CC="00040033"/>
					</TextLine>
					<TextLine ID="P52_TL00009" HPOS="75" VPOS="640" WIDTH="2041" HEIGHT="51">
						<String ID="P52_ST00085" HPOS="75" VPOS="660" WIDTH="160" HEIGHT="26" CONTENT="comme" WC="1.00" CC="03000"/>
						<SP ID="P52_SP00077" HPOS="235" VPOS="686" WIDTH="21"/>
						<String ID="P52_ST00086" HPOS="256" VPOS="660" WIDTH="52" HEIGHT="24" CONTENT="on" WC="0.61" CC="33"/>
						<SP ID="P52_SP00078" HPOS="308" VPOS="686" WIDTH="23"/>
						<String ID="P52_ST00087" HPOS="331" VPOS="647" WIDTH="152" HEIGHT="36" CONTENT="scande" WC="0.99" CC="043020" STYLEREFS="TXT_2"/>
						<SP ID="P52_SP00079" HPOS="483" VPOS="686" WIDTH="18"/>
						<String ID="P52_ST00088" HPOS="501" VPOS="647" WIDTH="61" HEIGHT="35" CONTENT="les" WC="0.98" CC="030"/>
						<SP ID="P52_SP00080" HPOS="562" VPOS="686" WIDTH="33"/>
						<String ID="P52_ST00089" HPOS="595" VPOS="656" WIDTH="108" HEIGHT="35" CONTENT="vers," WC="0.98" CC="60113"/>
						<SP ID="P52_SP00081" HPOS="703" VPOS="691" WIDTH="25"/>
						<String ID="P52_ST00090" HPOS="728" VPOS="656" WIDTH="162" HEIGHT="25" CONTENT="comme" WC="1.00" CC="02000"/>
						<SP ID="P52_SP00082" HPOS="890" VPOS="691" WIDTH="15"/>
						<String ID="P52_ST00091" HPOS="905" VPOS="656" WIDTH="52" HEIGHT="24" CONTENT="on" WC="1.00" CC="00"/>
						<SP ID="P52_SP00083" HPOS="957" VPOS="691" WIDTH="16"/>
						<String ID="P52_ST00092" HPOS="973" VPOS="643" WIDTH="151" HEIGHT="37" CONTENT="chante" WC="0.97" CC="371582" STYLEREFS="TXT_2"/>
						<SP ID="P52_SP00084" HPOS="1124" VPOS="691" WIDTH="22"/>
						<String ID="P52_ST00093" HPOS="1146" VPOS="644" WIDTH="62" HEIGHT="36" CONTENT="les" WC="1.00" CC="000"/>
						<SP ID="P52_SP00085" HPOS="1208" VPOS="691" WIDTH="27"/>
						<String ID="P52_ST00094" HPOS="1235" VPOS="656" WIDTH="111" HEIGHT="34" CONTENT="vers," WC="0.98" CC="50502"/>
						<SP ID="P52_SP00086" HPOS="1346" VPOS="691" WIDTH="32"/>
						<String ID="P52_ST00095" HPOS="1378" VPOS="643" WIDTH="258" HEIGHT="37" CONTENT="c'est-à-dire" WC="1.00" CC="002004230000"/>
						<SP ID="P52_SP00087" HPOS="1636" VPOS="691" WIDTH="24"/>
						<String ID="P52_ST00096" HPOS="1660" VPOS="653" WIDTH="103" HEIGHT="26" CONTENT="avec" WC="0.99" CC="0030"/>
						<SP ID="P52_SP00088" HPOS="1763" VPOS="691" WIDTH="28"/>
						<String ID="P52_ST00097" HPOS="1791" VPOS="653" WIDTH="82" HEIGHT="26" CONTENT="une" WC="0.97" CC="602"/>
						<SP ID="P52_SP00089" HPOS="1873" VPOS="691" WIDTH="31"/>
						<String ID="P52_ST00098" HPOS="1904" VPOS="640" WIDTH="212" HEIGHT="51" CONTENT="précision" WC="1.00" CC="000030320"/>
					</TextLine>
					<TextLine ID="P52_TL00010" HPOS="75" VPOS="710" WIDTH="2041" HEIGHT="57">
						<String ID="P52_ST00099" HPOS="75" VPOS="719" WIDTH="68" HEIGHT="48" CONTENT="qui" WC="0.96" CC="064"/>
						<SP ID="P52_SP00090" HPOS="143" VPOS="767" WIDTH="20"/>
						<String ID="P52_ST00100" HPOS="163" VPOS="719" WIDTH="67" HEIGHT="36" CONTENT="n'a" WC="0.97" CC="520"/>
						<SP ID="P52_SP00091" HPOS="230" VPOS="767" WIDTH="29"/>
						<String ID="P52_ST00101" HPOS="259" VPOS="717" WIDTH="85" HEIGHT="39" CONTENT="rien" WC="0.99" CC="5000"/>
						<SP ID="P52_SP00092" HPOS="344" VPOS="767" WIDTH="32"/>
						<String ID="P52_ST00102" HPOS="376" VPOS="715" WIDTH="226" HEIGHT="38" CONTENT="d'oratoire" WC="1.00" CC="0441000032"/>
						<SP ID="P52_SP00093" HPOS="602" VPOS="767" WIDTH="34"/>
						<String ID="P52_ST00103" HPOS="636" VPOS="726" WIDTH="8" HEIGHT="26" CONTENT=":" WC="1.00" CC="0"/>
						<SP ID="P52_SP00094" HPOS="644" VPOS="767" WIDTH="38"/>
						<String ID="P52_ST00104" HPOS="682" VPOS="714" WIDTH="97" HEIGHT="48" CONTENT="quia" WC="0.99" CC="0400"/>
						<SP ID="P52_SP00095" HPOS="779" VPOS="767" WIDTH="35"/>
						<String ID="P52_ST00105" HPOS="814" VPOS="715" WIDTH="114" HEIGHT="47" CONTENT="sœpé" WC="1.00" CC="0000"/>
						<SP ID="P52_SP00096" HPOS="928" VPOS="767" WIDTH="34"/>
						<String ID="P52_ST00106" HPOS="962" VPOS="713" WIDTH="61" HEIGHT="37" CONTENT="ita" WC="0.92" CC="200"/>
						<SP ID="P52_SP00097" HPOS="1023" VPOS="767" WIDTH="28"/>
						<String ID="P52_ST00107" HPOS="1051" VPOS="713" WIDTH="205" HEIGHT="47" CONTENT="canimus," WC="0.83" CC="00440004"/>
						<SP ID="P52_SP00098" HPOS="1256" VPOS="767" WIDTH="30"/>
						<String ID="P52_ST00108" HPOS="1286" VPOS="720" WIDTH="47" HEIGHT="30" CONTENT="ut" WC="1.00" CC="00"/>
						<SP ID="P52_SP00099" HPOS="1333" VPOS="767" WIDTH="25"/>
						<String ID="P52_ST00109" HPOS="1358" VPOS="713" WIDTH="119" HEIGHT="48" CONTENT="quasi" WC="1.00" CC="04000"/>
						<SP ID="P52_SP00100" HPOS="1477" VPOS="767" WIDTH="35"/>
						<String ID="P52_ST00110" HPOS="1512" VPOS="726" WIDTH="149" HEIGHT="25" CONTENT="versus" WC="1.00" CC="002004"/>
						<SP ID="P52_SP00101" HPOS="1661" VPOS="767" WIDTH="35"/>
						<String ID="P52_ST00111" HPOS="1696" VPOS="712" WIDTH="179" HEIGHT="50" CONTENT="pedibus" WC="0.92" CC="0302000"/>
						<SP ID="P52_SP00102" HPOS="1875" VPOS="767" WIDTH="37"/>
						<String ID="P52_ST00112" HPOS="1912" VPOS="710" WIDTH="204" HEIGHT="38" CONTENT="scandere" WC="0.96" CC="00000110"/>
					</TextLine>
					<TextLine ID="P52_TL00011" HPOS="73" VPOS="783" WIDTH="1403" HEIGHT="52">
						<String ID="P52_ST00113" HPOS="73" VPOS="788" WIDTH="228" HEIGHT="47" CONTENT="videamur," WC="0.92" CC="000000024"/>
						<SP ID="P52_SP00103" HPOS="301" VPOS="835" WIDTH="22"/>
						<String ID="P52_ST00114" HPOS="323" VPOS="787" WIDTH="111" HEIGHT="36" CONTENT="sicut" WC="0.77" CC="50005" STYLEREFS="TXT_2"/>
						<SP ID="P52_SP00104" HPOS="434" VPOS="835" WIDTH="14"/>
						<String ID="P52_ST00115" HPOS="448" VPOS="788" WIDTH="59" HEIGHT="47" CONTENT="fit" WC="1.00" CC="000" STYLEREFS="TXT_2"/>
						<SP ID="P52_SP00105" HPOS="507" VPOS="835" WIDTH="22"/>
						<String ID="P52_ST00116" HPOS="529" VPOS="797" WIDTH="91" HEIGHT="25" CONTENT="cum" WC="0.90" CC="003" STYLEREFS="TXT_2"/>
						<SP ID="P52_SP00106" HPOS="620" VPOS="835" WIDTH="26"/>
						<String ID="P52_ST00117" HPOS="646" VPOS="786" WIDTH="91" HEIGHT="48" CONTENT="ipsa" WC="0.90" CC="0030" STYLEREFS="TXT_2"/>
						<SP ID="P52_SP00107" HPOS="737" VPOS="835" WIDTH="23"/>
						<String ID="P52_ST00118" HPOS="760" VPOS="787" WIDTH="141" HEIGHT="34" CONTENT="metra" WC="0.79" CC="40500" STYLEREFS="TXT_2"/>
						<SP ID="P52_SP00108" HPOS="901" VPOS="835" WIDTH="23"/>
						<String ID="P52_ST00119" HPOS="924" VPOS="785" WIDTH="208" HEIGHT="35" CONTENT="canimus." WC="0.82" CC="00003306" STYLEREFS="TXT_2"/>
						<SP ID="P52_SP00109" HPOS="1132" VPOS="835" WIDTH="25"/>
						<String ID="P52_ST00120" HPOS="1157" VPOS="783" WIDTH="181" HEIGHT="49" CONTENT="(Microl." WC="0.70" CC="00033744"/>
						<SP ID="P52_SP00110" HPOS="1338" VPOS="835" WIDTH="24"/>
						<String ID="P52_ST00121" HPOS="1362" VPOS="783" WIDTH="114" HEIGHT="50" CONTENT="XV)." WC="0.74" CC="1404"/>
					</TextLine>
					<TextLine ID="P52_TL00012" HPOS="176" VPOS="853" WIDTH="1945" HEIGHT="51">
						<String ID="P52_ST00122" HPOS="176" VPOS="872" WIDTH="19" HEIGHT="20" CONTENT="«" WC="0.36" CC="6"/>
						<SP ID="P52_SP00111" HPOS="195" VPOS="892" WIDTH="31"/>
						<String ID="P52_ST00123" HPOS="226" VPOS="858" WIDTH="73" HEIGHT="46" CONTENT="Ici," WC="0.99" CC="0003"/>
						<SP ID="P52_SP00112" HPOS="299" VPOS="904" WIDTH="22"/>
						<String ID="P52_ST00124" HPOS="321" VPOS="869" WIDTH="105" HEIGHT="25" CONTENT="nous" WC="0.99" CC="0400"/>
						<SP ID="P52_SP00113" HPOS="426" VPOS="904" WIDTH="20"/>
						<String ID="P52_ST00125" HPOS="446" VPOS="868" WIDTH="48" HEIGHT="25" CONTENT="ne" WC="0.91" CC="01"/>
						<SP ID="P52_SP00114" HPOS="494" VPOS="904" WIDTH="21"/>
						<String ID="P52_ST00126" HPOS="515" VPOS="867" WIDTH="182" HEIGHT="26" CONTENT="sommes" WC="1.00" CC="000000"/>
						<SP ID="P52_SP00115" HPOS="697" VPOS="904" WIDTH="23"/>
						<String ID="P52_ST00127" HPOS="720" VPOS="854" WIDTH="108" HEIGHT="37" CONTENT="donc" WC="0.99" CC="0400"/>
						<SP ID="P52_SP00116" HPOS="828" VPOS="904" WIDTH="26"/>
						<String ID="P52_ST00128" HPOS="854" VPOS="854" WIDTH="92" HEIGHT="46" CONTENT="plus" WC="0.98" CC="0360"/>
						<SP ID="P52_SP00117" HPOS="946" VPOS="904" WIDTH="31"/>
						<String ID="P52_ST00129" HPOS="977" VPOS="866" WIDTH="49" HEIGHT="23" CONTENT="en" WC="0.88" CC="20"/>
						<SP ID="P52_SP00118" HPOS="1026" VPOS="904" WIDTH="31"/>
						<String ID="P52_ST00130" HPOS="1057" VPOS="855" WIDTH="205" HEIGHT="46" CONTENT="présence" WC="1.00" CC="04000003"/>
						<SP ID="P52_SP00119" HPOS="1262" VPOS="904" WIDTH="23"/>
						<String ID="P52_ST00131" HPOS="1285" VPOS="854" WIDTH="120" HEIGHT="36" CONTENT="d'une" WC="0.99" CC="03060"/>
						<SP ID="P52_SP00120" HPOS="1405" VPOS="904" WIDTH="30"/>
						<String ID="P52_ST00132" HPOS="1435" VPOS="854" WIDTH="178" HEIGHT="36" CONTENT="mélodie" WC="1.00" CC="0020000"/>
						<SP ID="P52_SP00121" HPOS="1613" VPOS="904" WIDTH="23"/>
						<String ID="P52_ST00133" HPOS="1636" VPOS="853" WIDTH="69" HEIGHT="48" CONTENT="qui" WC="1.00" CC="010"/>
						<SP ID="P52_SP00122" HPOS="1705" VPOS="904" WIDTH="25"/>
						<String ID="P52_ST00134" HPOS="1730" VPOS="866" WIDTH="43" HEIGHT="24" CONTENT="se" WC="1.00" CC="00"/>
						<SP ID="P52_SP00123" HPOS="1773" VPOS="904" WIDTH="24"/>
						<String ID="P52_ST00135" HPOS="1797" VPOS="857" WIDTH="217" HEIGHT="44" CONTENT="comporte" WC="1.00" CC="00001000"/>
						<SP ID="P52_SP00124" HPOS="2014" VPOS="904" WIDTH="23"/>
						<String ID="P52_ST00136" HPOS="2037" VPOS="854" WIDTH="25" HEIGHT="34" CONTENT="à" WC="0.34" CC="6"/>
						<SP ID="P52_SP00125" HPOS="2062" VPOS="904" WIDTH="19"/>
						<String ID="P52_ST00137" HPOS="2081" VPOS="853" WIDTH="40" HEIGHT="35" CONTENT="la" WC="0.81" CC="30"/>
					</TextLine>
					<TextLine ID="P52_TL00013" HPOS="73" VPOS="923" WIDTH="2045" HEIGHT="52">
						<String ID="P52_ST00138" HPOS="73" VPOS="929" WIDTH="182" HEIGHT="38" CONTENT="manière" WC="0.98" CC="5460260"/>
						<SP ID="P52_SP00126" HPOS="255" VPOS="967" WIDTH="23"/>
						<String ID="P52_ST00139" HPOS="278" VPOS="929" WIDTH="49" HEIGHT="36" CONTENT="de" WC="1.00" CC="00"/>
						<SP ID="P52_SP00127" HPOS="327" VPOS="967" WIDTH="20"/>
						<String ID="P52_ST00140" HPOS="347" VPOS="927" WIDTH="42" HEIGHT="37" CONTENT="la" WC="1.00" CC="00"/>
						<SP ID="P52_SP00128" HPOS="389" VPOS="967" WIDTH="17"/>
						<String ID="P52_ST00141" HPOS="406" VPOS="938" WIDTH="139" HEIGHT="37" CONTENT="prose," WC="0.99" CC="031004"/>
						<SP ID="P52_SP00129" HPOS="545" VPOS="975" WIDTH="22"/>
						<String ID="P52_ST00142" HPOS="567" VPOS="925" WIDTH="70" HEIGHT="48" CONTENT="qui" WC="0.98" CC="040"/>
						<SP ID="P52_SP00130" HPOS="637" VPOS="975" WIDTH="23"/>
						<String ID="P52_ST00143" HPOS="660" VPOS="937" WIDTH="24" HEIGHT="24" CONTENT="a" WC="1.00" CC="0"/>
						<SP ID="P52_SP00131" HPOS="684" VPOS="975" WIDTH="22"/>
						<String ID="P52_ST00144" HPOS="706" VPOS="924" WIDTH="162" HEIGHT="36" CONTENT="l'allure" WC="1.00" CC="04000003"/>
						<SP ID="P52_SP00132" HPOS="868" VPOS="975" WIDTH="24"/>
						<String ID="P52_ST00145" HPOS="892" VPOS="923" WIDTH="50" HEIGHT="36" CONTENT="de" WC="0.94" CC="01"/>
						<SP ID="P52_SP00133" HPOS="942" VPOS="975" WIDTH="22"/>
						<String ID="P52_ST00146" HPOS="964" VPOS="924" WIDTH="42" HEIGHT="35" CONTENT="la" WC="1.00" CC="00"/>
						<SP ID="P52_SP00134" HPOS="1006" VPOS="975" WIDTH="20"/>
						<String ID="P52_ST00147" HPOS="1026" VPOS="934" WIDTH="124" HEIGHT="36" CONTENT="prose" WC="0.99" CC="03200"/>
						<SP ID="P52_SP00135" HPOS="1150" VPOS="975" WIDTH="26"/>
						<String ID="P52_ST00148" HPOS="1176" VPOS="933" WIDTH="8" HEIGHT="26" CONTENT=":" WC="0.79" CC="2"/>
						<SP ID="P52_SP00136" HPOS="1184" VPOS="975" WIDTH="21"/>
						<String ID="P52_ST00149" HPOS="1205" VPOS="933" WIDTH="114" HEIGHT="26" CONTENT="more" WC="0.98" CC="0530"/>
						<SP ID="P52_SP00137" HPOS="1319" VPOS="975" WIDTH="23"/>
						<String ID="P52_ST00150" HPOS="1342" VPOS="934" WIDTH="236" HEIGHT="37" CONTENT="prosarum." WC="0.90" CC="003002002"/>
						<SP ID="P52_SP00138" HPOS="1578" VPOS="975" WIDTH="28"/>
						<String ID="P52_ST00151" HPOS="1606" VPOS="924" WIDTH="119" HEIGHT="35" CONTENT="Nous" WC="0.98" CC="0550"/>
						<SP ID="P52_SP00139" HPOS="1725" VPOS="975" WIDTH="22"/>
						<String ID="P52_ST00152" HPOS="1747" VPOS="935" WIDTH="183" HEIGHT="25" CONTENT="sommes" WC="1.00" CC="000000"/>
						<SP ID="P52_SP00140" HPOS="1930" VPOS="975" WIDTH="24"/>
						<String ID="P52_ST00153" HPOS="1954" VPOS="935" WIDTH="50" HEIGHT="24" CONTENT="en" WC="0.62" CC="24"/>
						<SP ID="P52_SP00141" HPOS="2004" VPOS="975" WIDTH="20"/>
						<String ID="P52_ST00154" HPOS="2024" VPOS="923" WIDTH="94" HEIGHT="36" CONTENT="face" WC="1.00" CC="0000"/>
					</TextLine>
					<TextLine ID="P52_TL00014" HPOS="75" VPOS="992" WIDTH="2039" HEIGHT="48">
						<String ID="P52_ST00155" HPOS="75" VPOS="1000" WIDTH="118" HEIGHT="37" CONTENT="d'une" WC="0.99" CC="00402"/>
						<SP ID="P52_SP00142" HPOS="193" VPOS="1037" WIDTH="23"/>
						<String ID="P52_ST00156" HPOS="216" VPOS="997" WIDTH="176" HEIGHT="38" CONTENT="mélodie" WC="0.99" CC="0023050"/>
						<SP ID="P52_SP00143" HPOS="392" VPOS="1037" WIDTH="15"/>
						<String ID="P52_ST00157" HPOS="407" VPOS="995" WIDTH="180" HEIGHT="37" CONTENT="soumise" WC="0.99" CC="2060303"/>
						<SP ID="P52_SP00144" HPOS="587" VPOS="1037" WIDTH="19"/>
						<String ID="P52_ST00158" HPOS="606" VPOS="1006" WIDTH="78" HEIGHT="24" CONTENT="aux" WC="0.97" CC="052"/>
						<SP ID="P52_SP00145" HPOS="684" VPOS="1037" WIDTH="11"/>
						<String ID="P52_ST00159" HPOS="695" VPOS="993" WIDTH="78" HEIGHT="36" CONTENT="lois" WC="0.99" CC="0040"/>
						<SP ID="P52_SP00146" HPOS="773" VPOS="1037" WIDTH="24"/>
						<String ID="P52_ST00160" HPOS="797" VPOS="993" WIDTH="49" HEIGHT="35" CONTENT="de" WC="1.00" CC="00"/>
						<SP ID="P52_SP00147" HPOS="846" VPOS="1037" WIDTH="22"/>
						<String ID="P52_ST00161" HPOS="868" VPOS="993" WIDTH="42" HEIGHT="35" CONTENT="la" WC="1.00" CC="00"/>
						<SP ID="P52_SP00148" HPOS="910" VPOS="1037" WIDTH="20"/>
						<String ID="P52_ST00162" HPOS="930" VPOS="992" WIDTH="220" HEIGHT="47" CONTENT="métrique," WC="1.00" CC="000000500"/>
						<SP ID="P52_SP00149" HPOS="1150" VPOS="1039" WIDTH="23"/>
						<String ID="P52_ST00163" HPOS="1173" VPOS="992" WIDTH="199" HEIGHT="36" CONTENT="metricos" WC="0.91" CC="00030030"/>
						<SP ID="P52_SP00150" HPOS="1372" VPOS="1039" WIDTH="15"/>
						<String ID="P52_ST00164" HPOS="1387" VPOS="997" WIDTH="165" HEIGHT="39" CONTENT="cantus," WC="0.88" CC="0040040"/>
						<SP ID="P52_SP00151" HPOS="1552" VPOS="1039" WIDTH="24"/>
						<String ID="P52_ST00165" HPOS="1576" VPOS="994" WIDTH="25" HEIGHT="34" CONTENT="à" WC="0.29" CC="7"/>
						<SP ID="P52_SP00152" HPOS="1601" VPOS="1039" WIDTH="17"/>
						<String ID="P52_ST00166" HPOS="1618" VPOS="993" WIDTH="42" HEIGHT="35" CONTENT="la" WC="0.76" CC="40"/>
						<SP ID="P52_SP00153" HPOS="1660" VPOS="1039" WIDTH="21"/>
						<String ID="P52_ST00167" HPOS="1681" VPOS="993" WIDTH="124" HEIGHT="44" CONTENT="façon" WC="0.99" CC="40003"/>
						<SP ID="P52_SP00154" HPOS="1805" VPOS="1039" WIDTH="14"/>
						<String ID="P52_ST00168" HPOS="1819" VPOS="993" WIDTH="50" HEIGHT="35" CONTENT="de" WC="1.00" CC="00"/>
						<SP ID="P52_SP00155" HPOS="1869" VPOS="1039" WIDTH="21"/>
						<String ID="P52_ST00169" HPOS="1890" VPOS="993" WIDTH="40" HEIGHT="35" CONTENT="la" WC="0.80" CC="40"/>
						<SP ID="P52_SP00156" HPOS="1930" VPOS="1039" WIDTH="23"/>
						<String ID="P52_ST00170" HPOS="1953" VPOS="992" WIDTH="161" HEIGHT="48" CONTENT="poésie." WC="0.99" CC="0400062"/>
					</TextLine>
					<TextLine ID="P52_TL00015" HPOS="73" VPOS="1061" WIDTH="2043" HEIGHT="54">
						<String ID="P52_ST00171" HPOS="73" VPOS="1068" WIDTH="110" HEIGHT="39" CONTENT="Mais" WC="0.99" CC="0040"/>
						<SP ID="P52_SP00157" HPOS="183" VPOS="1107" WIDTH="20"/>
						<String ID="P52_ST00172" HPOS="203" VPOS="1068" WIDTH="95" HEIGHT="47" CONTENT="quel" WC="0.98" CC="0700"/>
						<SP ID="P52_SP00158" HPOS="298" VPOS="1115" WIDTH="22"/>
						<String ID="P52_ST00173" HPOS="320" VPOS="1072" WIDTH="64" HEIGHT="31" CONTENT="est" WC="0.97" CC="106"/>
						<SP ID="P52_SP00159" HPOS="384" VPOS="1115" WIDTH="21"/>
						<String ID="P52_ST00174" HPOS="405" VPOS="1066" WIDTH="35" HEIGHT="35" CONTENT="le" WC="0.57" CC="53"/>
						<SP ID="P52_SP00160" HPOS="440" VPOS="1115" WIDTH="25"/>
						<String ID="P52_ST00175" HPOS="465" VPOS="1075" WIDTH="127" HEIGHT="38" CONTENT="genre" WC="0.97" CC="90360"/>
						<SP ID="P52_SP00161" HPOS="592" VPOS="1115" WIDTH="20"/>
						<String ID="P52_ST00176" HPOS="612" VPOS="1063" WIDTH="51" HEIGHT="37" CONTENT="de" WC="1.00" CC="00"/>
						<SP ID="P52_SP00162" HPOS="663" VPOS="1115" WIDTH="21"/>
						<String ID="P52_ST00177" HPOS="684" VPOS="1062" WIDTH="144" HEIGHT="48" CONTENT="poésie" WC="1.00" CC="010010"/>
						<SP ID="P52_SP00163" HPOS="828" VPOS="1115" WIDTH="30"/>
						<String ID="P52_ST00178" HPOS="858" VPOS="1062" WIDTH="70" HEIGHT="48" CONTENT="qui" WC="0.98" CC="004"/>
						<SP ID="P52_SP00164" HPOS="928" VPOS="1115" WIDTH="24"/>
						<String ID="P52_ST00179" HPOS="952" VPOS="1074" WIDTH="24" HEIGHT="24" CONTENT="a" WC="1.00" CC="0"/>
						<SP ID="P52_SP00165" HPOS="976" VPOS="1115" WIDTH="30"/>
						<String ID="P52_ST00180" HPOS="1006" VPOS="1061" WIDTH="136" HEIGHT="37" CONTENT="fourni" WC="0.99" CC="700303"/>
						<SP ID="P52_SP00166" HPOS="1142" VPOS="1115" WIDTH="23"/>
						<String ID="P52_ST00181" HPOS="1165" VPOS="1061" WIDTH="37" HEIGHT="37" CONTENT="le" WC="1.00" CC="00"/>
						<SP ID="P52_SP00167" HPOS="1202" VPOS="1115" WIDTH="22"/>
						<String ID="P52_ST00182" HPOS="1224" VPOS="1061" WIDTH="124" HEIGHT="49" CONTENT="type?" WC="1.00" CC="20000"/>
						<SP ID="P52_SP00168" HPOS="1348" VPOS="1115" WIDTH="37"/>
						<String ID="P52_ST00183" HPOS="1385" VPOS="1063" WIDTH="141" HEIGHT="35" CONTENT="Est-ce" WC="1.00" CC="000000"/>
						<SP ID="P52_SP00169" HPOS="1526" VPOS="1115" WIDTH="30"/>
						<String ID="P52_ST00184" HPOS="1556" VPOS="1062" WIDTH="41" HEIGHT="36" CONTENT="la" WC="1.00" CC="00"/>
						<SP ID="P52_SP00170" HPOS="1597" VPOS="1115" WIDTH="35"/>
						<String ID="P52_ST00185" HPOS="1632" VPOS="1062" WIDTH="143" HEIGHT="48" CONTENT="poésie" WC="0.99" CC="000240"/>
						<SP ID="P52_SP00171" HPOS="1775" VPOS="1115" WIDTH="21"/>
						<String ID="P52_ST00186" HPOS="1796" VPOS="1061" WIDTH="177" HEIGHT="49" CONTENT="épique?" WC="0.99" CC="0040600"/>
						<SP ID="P52_SP00172" HPOS="1973" VPOS="1115" WIDTH="30"/>
						<String ID="P52_ST00187" HPOS="2003" VPOS="1062" WIDTH="113" HEIGHT="36" CONTENT="Non." WC="0.99" CC="0004"/>
					</TextLine>
					<TextLine ID="P52_TL00016" HPOS="74" VPOS="1131" WIDTH="2042" HEIGHT="49">
						<String ID="P52_ST00188" HPOS="74" VPOS="1140" WIDTH="58" HEIGHT="36" CONTENT="La" WC="0.81" CC="30"/>
						<SP ID="P52_SP00173" HPOS="132" VPOS="1176" WIDTH="21"/>
						<String ID="P52_ST00189" HPOS="153" VPOS="1138" WIDTH="166" HEIGHT="36" CONTENT="marche" WC="0.99" CC="006070"/>
						<SP ID="P52_SP00174" HPOS="319" VPOS="1176" WIDTH="23"/>
						<String ID="P52_ST00190" HPOS="342" VPOS="1134" WIDTH="224" HEIGHT="38" CONTENT="solennelle" WC="1.00" CC="0370000000"/>
						<SP ID="P52_SP00175" HPOS="566" VPOS="1176" WIDTH="19"/>
						<String ID="P52_ST00191" HPOS="585" VPOS="1140" WIDTH="41" HEIGHT="30" CONTENT="et" WC="1.00" CC="00"/>
						<SP ID="P52_SP00176" HPOS="626" VPOS="1176" WIDTH="21"/>
						<String ID="P52_ST00192" HPOS="647" VPOS="1138" WIDTH="228" HEIGHT="31" CONTENT="monotone" WC="0.99" CC="00040600"/>
						<SP ID="P52_SP00177" HPOS="875" VPOS="1176" WIDTH="23"/>
						<String ID="P52_ST00193" HPOS="898" VPOS="1131" WIDTH="55" HEIGHT="37" CONTENT="du" WC="0.73" CC="05"/>
						<SP ID="P52_SP00178" HPOS="953" VPOS="1176" WIDTH="19"/>
						<String ID="P52_ST00194" HPOS="972" VPOS="1143" WIDTH="93" HEIGHT="25" CONTENT="vers" WC="0.99" CC="0030"/>
						<SP ID="P52_SP00179" HPOS="1065" VPOS="1176" WIDTH="22"/>
						<String ID="P52_ST00195" HPOS="1087" VPOS="1132" WIDTH="199" HEIGHT="47" CONTENT="héroïque" WC="1.00" CC="00202002"/>
						<SP ID="P52_SP00180" HPOS="1286" VPOS="1179" WIDTH="29"/>
						<String ID="P52_ST00196" HPOS="1315" VPOS="1132" WIDTH="159" HEIGHT="36" CONTENT="semble" WC="1.00" CC="000000"/>
						<SP ID="P52_SP00181" HPOS="1474" VPOS="1179" WIDTH="26"/>
						<String ID="P52_ST00197" HPOS="1500" VPOS="1133" WIDTH="138" HEIGHT="47" CONTENT="plutôt" WC="0.99" CC="044050"/>
						<SP ID="P52_SP00182" HPOS="1638" VPOS="1180" WIDTH="34"/>
						<String ID="P52_ST00198" HPOS="1672" VPOS="1131" WIDTH="118" HEIGHT="37" CONTENT="avoir" WC="0.99" CC="00130"/>
						<SP ID="P52_SP00183" HPOS="1790" VPOS="1180" WIDTH="32"/>
						<String ID="P52_ST00199" HPOS="1822" VPOS="1132" WIDTH="117" HEIGHT="48" CONTENT="frayé" WC="1.00" CC="03000"/>
						<SP ID="P52_SP00184" HPOS="1939" VPOS="1180" WIDTH="21"/>
						<String ID="P52_ST00200" HPOS="1960" VPOS="1131" WIDTH="41" HEIGHT="37" CONTENT="la" WC="1.00" CC="00"/>
						<SP ID="P52_SP00185" HPOS="2001" VPOS="1180" WIDTH="22"/>
						<String ID="P52_ST00201" HPOS="2023" VPOS="1131" WIDTH="93" HEIGHT="36" CONTENT="voie" WC="1.00" CC="0000"/>
					</TextLine>
					<TextLine ID="P52_TL00017" HPOS="75" VPOS="1201" WIDTH="2045" HEIGHT="49">
						<String ID="P52_ST00202" HPOS="75" VPOS="1212" WIDTH="24" HEIGHT="34" CONTENT="à" WC="0.57" CC="4"/>
						<SP ID="P52_SP00186" HPOS="99" VPOS="1246" WIDTH="18"/>
						<String ID="P52_ST00203" HPOS="117" VPOS="1214" WIDTH="118" HEIGHT="31" CONTENT="notre" WC="0.99" CC="00530"/>
						<SP ID="P52_SP00187" HPOS="235" VPOS="1246" WIDTH="19"/>
						<String ID="P52_ST00204" HPOS="254" VPOS="1216" WIDTH="163" HEIGHT="27" CONTENT="mesure" WC="0.99" CC="000625"/>
						<SP ID="P52_SP00188" HPOS="417" VPOS="1246" WIDTH="26"/>
						<String ID="P52_ST00205" HPOS="443" VPOS="1203" WIDTH="213" HEIGHT="46" CONTENT="moderne," WC="0.99" CC="00063004"/>
						<SP ID="P52_SP00189" HPOS="656" VPOS="1249" WIDTH="30"/>
						<String ID="P52_ST00206" HPOS="686" VPOS="1202" WIDTH="231" HEIGHT="37" CONTENT="forcément" WC="1.00" CC="040000000"/>
						<SP ID="P52_SP00190" HPOS="917" VPOS="1249" WIDTH="31"/>
						<String ID="P52_ST00207" HPOS="948" VPOS="1203" WIDTH="261" HEIGHT="46" CONTENT="compassée," WC="1.00" CC="0000000004"/>
						<SP ID="P52_SP00191" HPOS="1209" VPOS="1249" WIDTH="39"/>
						<String ID="P52_ST00208" HPOS="1248" VPOS="1203" WIDTH="128" HEIGHT="46" CONTENT="grâce" WC="1.00" CC="03000"/>
						<SP ID="P52_SP00192" HPOS="1376" VPOS="1249" WIDTH="33"/>
						<String ID="P52_ST00209" HPOS="1409" VPOS="1214" WIDTH="53" HEIGHT="25" CONTENT="au" WC="0.65" CC="06"/>
						<SP ID="P52_SP00193" HPOS="1462" VPOS="1249" WIDTH="35"/>
						<String ID="P52_ST00210" HPOS="1497" VPOS="1207" WIDTH="143" HEIGHT="32" CONTENT="retour" WC="0.99" CC="300303"/>
						<SP ID="P52_SP00194" HPOS="1640" VPOS="1249" WIDTH="30"/>
						<String ID="P52_ST00211" HPOS="1670" VPOS="1201" WIDTH="262" HEIGHT="49" CONTENT="périodique," WC="1.00" CC="05010000004"/>
						<SP ID="P52_SP00195" HPOS="1932" VPOS="1250" WIDTH="34"/>
						<String ID="P52_ST00212" HPOS="1966" VPOS="1207" WIDTH="42" HEIGHT="30" CONTENT="et" WC="1.00" CC="00"/>
						<SP ID="P52_SP00196" HPOS="2008" VPOS="1250" WIDTH="33"/>
						<String ID="P52_ST00213" HPOS="2041" VPOS="1213" WIDTH="79" HEIGHT="35" CONTENT="par" WC="1.00" CC="000"/>
					</TextLine>
					<TextLine ID="P52_TL00018" HPOS="75" VPOS="1271" WIDTH="2042" HEIGHT="53">
						<String ID="P52_ST00214" HPOS="75" VPOS="1279" WIDTH="258" HEIGHT="45" CONTENT="conséquent" WC="1.00" CC="0000006060"/>
						<SP ID="P52_SP00197" HPOS="333" VPOS="1324" WIDTH="20"/>
						<String ID="P52_ST00215" HPOS="353" VPOS="1276" WIDTH="141" HEIGHT="47" CONTENT="prévu," WC="0.99" CC="030004"/>
						<SP ID="P52_SP00198" HPOS="494" VPOS="1324" WIDTH="26"/>
						<String ID="P52_ST00216" HPOS="520" VPOS="1274" WIDTH="54" HEIGHT="36" CONTENT="du" WC="0.73" CC="05"/>
						<SP ID="P52_SP00199" HPOS="574" VPOS="1324" WIDTH="18"/>
						<String ID="P52_ST00217" HPOS="592" VPOS="1279" WIDTH="137" HEIGHT="41" CONTENT="temps" WC="1.00" CC="00000"/>
						<SP ID="P52_SP00200" HPOS="729" VPOS="1324" WIDTH="22"/>
						<String ID="P52_ST00218" HPOS="751" VPOS="1271" WIDTH="191" HEIGHT="50" CONTENT="premier." WC="1.00" CC="00003004"/>
						<SP ID="P52_SP00201" HPOS="942" VPOS="1324" WIDTH="26"/>
						<String ID="P52_ST00219" HPOS="968" VPOS="1272" WIDTH="57" HEIGHT="36" CONTENT="Le" WC="0.69" CC="32"/>
						<SP ID="P52_SP00202" HPOS="1025" VPOS="1324" WIDTH="30"/>
						<String ID="P52_ST00220" HPOS="1055" VPOS="1282" WIDTH="127" HEIGHT="37" CONTENT="genre" WC="1.00" CC="00002"/>
						<SP ID="P52_SP00203" HPOS="1182" VPOS="1324" WIDTH="22"/>
						<String ID="P52_ST00221" HPOS="1204" VPOS="1272" WIDTH="71" HEIGHT="47" CONTENT="qui" WC="0.99" CC="030"/>
						<SP ID="P52_SP00204" HPOS="1275" VPOS="1324" WIDTH="19"/>
						<String ID="P52_ST00222" HPOS="1294" VPOS="1284" WIDTH="24" HEIGHT="24" CONTENT="a" WC="1.00" CC="0"/>
						<SP ID="P52_SP00205" HPOS="1318" VPOS="1324" WIDTH="22"/>
						<String ID="P52_ST00223" HPOS="1340" VPOS="1272" WIDTH="137" HEIGHT="36" CONTENT="fourni" WC="0.99" CC="320224"/>
						<SP ID="P52_SP00206" HPOS="1477" VPOS="1324" WIDTH="30"/>
						<String ID="P52_ST00224" HPOS="1507" VPOS="1284" WIDTH="53" HEIGHT="24" CONTENT="au" WC="1.00" CC="00"/>
						<SP ID="P52_SP00207" HPOS="1560" VPOS="1324" WIDTH="24"/>
						<String ID="P52_ST00225" HPOS="1584" VPOS="1272" WIDTH="286" HEIGHT="48" CONTENT="compositeur" WC="1.00" CC="03000000102"/>
						<SP ID="P52_SP00208" HPOS="1870" VPOS="1324" WIDTH="23"/>
						<String ID="P52_ST00226" HPOS="1893" VPOS="1271" WIDTH="224" HEIGHT="50" CONTENT="grégorien" WC="0.99" CC="710015000"/>
					</TextLine>
					<TextLine ID="P52_TL00019" HPOS="75" VPOS="1341" WIDTH="2043" HEIGHT="53">
						<String ID="P52_ST00227" HPOS="75" VPOS="1361" WIDTH="76" HEIGHT="24" CONTENT="son" WC="0.99" CC="010"/>
						<SP ID="P52_SP00209" HPOS="151" VPOS="1385" WIDTH="23"/>
						<String ID="P52_ST00228" HPOS="174" VPOS="1347" WIDTH="125" HEIGHT="37" CONTENT="cadre" WC="0.99" CC="06040"/>
						<SP ID="P52_SP00210" HPOS="299" VPOS="1385" WIDTH="20"/>
						<String ID="P52_ST00229" HPOS="319" VPOS="1344" WIDTH="251" HEIGHT="50" CONTENT="rythmique," WC="1.00" CC="4006010004"/>
						<SP ID="P52_SP00211" HPOS="570" VPOS="1394" WIDTH="26"/>
						<String ID="P52_ST00230" HPOS="596" VPOS="1343" WIDTH="102" HEIGHT="37" CONTENT="c'est" WC="1.00" CC="04000"/>
						<SP ID="P52_SP00212" HPOS="698" VPOS="1394" WIDTH="17"/>
						<String ID="P52_ST00231" HPOS="715" VPOS="1343" WIDTH="40" HEIGHT="35" CONTENT="la" WC="0.83" CC="30"/>
						<SP ID="P52_SP00213" HPOS="755" VPOS="1394" WIDTH="27"/>
						<String ID="P52_ST00232" HPOS="782" VPOS="1341" WIDTH="146" HEIGHT="49" CONTENT="poésie" WC="1.00" CC="000000"/>
						<SP ID="P52_SP00214" HPOS="928" VPOS="1394" WIDTH="22"/>
						<String ID="P52_ST00233" HPOS="950" VPOS="1341" WIDTH="176" HEIGHT="49" CONTENT="lyrique." WC="1.00" CC="40000030"/>
						<SP ID="P52_SP00215" HPOS="1126" VPOS="1394" WIDTH="36"/>
						<String ID="P52_ST00234" HPOS="1162" VPOS="1341" WIDTH="113" HEIGHT="37" CONTENT="Sicut" WC="0.86" CC="42000"/>
						<SP ID="P52_SP00216" HPOS="1275" VPOS="1394" WIDTH="30"/>
						<String ID="P52_ST00235" HPOS="1305" VPOS="1341" WIDTH="108" HEIGHT="37" CONTENT="enim" WC="0.91" CC="1200"/>
						<SP ID="P52_SP00217" HPOS="1413" VPOS="1394" WIDTH="32"/>
						<String ID="P52_ST00236" HPOS="1445" VPOS="1341" WIDTH="118" HEIGHT="49" CONTENT="lyrici" WC="0.93" CC="000300"/>
						<SP ID="P52_SP00218" HPOS="1563" VPOS="1394" WIDTH="29"/>
						<String ID="P52_ST00237" HPOS="1592" VPOS="1347" WIDTH="137" HEIGHT="43" CONTENT="poetae" WC="0.68" CC="002078"/>
						<SP ID="P52_SP00219" HPOS="1729" VPOS="1394" WIDTH="35"/>
						<String ID="P52_ST00238" HPOS="1764" VPOS="1354" WIDTH="109" HEIGHT="24" CONTENT="nunc" WC="0.84" CC="2030"/>
						<SP ID="P52_SP00220" HPOS="1873" VPOS="1394" WIDTH="20"/>
						<String ID="P52_ST00239" HPOS="1893" VPOS="1343" WIDTH="92" HEIGHT="45" CONTENT="hos," WC="0.90" CC="0003"/>
						<SP ID="P52_SP00221" HPOS="1985" VPOS="1394" WIDTH="26"/>
						<String ID="P52_ST00240" HPOS="2011" VPOS="1352" WIDTH="107" HEIGHT="25" CONTENT="nunc" WC="0.76" CC="3050"/>
					</TextLine>
					<TextLine ID="P52_TL00020" HPOS="74" VPOS="1410" WIDTH="2043" HEIGHT="54">
						<String ID="P52_ST00241" HPOS="74" VPOS="1418" WIDTH="93" HEIGHT="36" CONTENT="illos" WC="0.85" CC="21020"/>
						<SP ID="P52_SP00222" HPOS="167" VPOS="1454" WIDTH="23"/>
						<String ID="P52_ST00242" HPOS="190" VPOS="1416" WIDTH="220" HEIGHT="48" CONTENT="adjunxere" WC="0.94" CC="003000010"/>
						<SP ID="P52_SP00223" HPOS="410" VPOS="1464" WIDTH="22"/>
						<String ID="P52_ST00243" HPOS="432" VPOS="1413" WIDTH="144" HEIGHT="48" CONTENT="pedes," WC="0.83" CC="900000"/>
						<SP ID="P52_SP00224" HPOS="576" VPOS="1464" WIDTH="23"/>
						<String ID="P52_ST00244" HPOS="599" VPOS="1412" WIDTH="59" HEIGHT="36" CONTENT="ita" WC="1.00" CC="000"/>
						<SP ID="P52_SP00225" HPOS="658" VPOS="1464" WIDTH="27"/>
						<String ID="P52_ST00245" HPOS="685" VPOS="1412" WIDTH="69" HEIGHT="47" CONTENT="qui" WC="0.99" CC="003"/>
						<SP ID="P52_SP00226" HPOS="754" VPOS="1464" WIDTH="36"/>
						<String ID="P52_ST00246" HPOS="790" VPOS="1416" WIDTH="169" HEIGHT="32" CONTENT="cantum" WC="0.92" CC="202000"/>
						<SP ID="P52_SP00227" HPOS="959" VPOS="1464" WIDTH="31"/>
						<String ID="P52_ST00247" HPOS="990" VPOS="1410" WIDTH="161" HEIGHT="38" CONTENT="faciunt" WC="0.71" CC="2002590"/>
						<SP ID="P52_SP00228" HPOS="1151" VPOS="1464" WIDTH="34"/>
						<String ID="P52_ST00248" HPOS="1185" VPOS="1410" WIDTH="97" HEIGHT="50" CONTENT="(Gui" WC="1.00" CC="0002"/>
						<SP ID="P52_SP00229" HPOS="1282" VPOS="1464" WIDTH="37"/>
						<String ID="P52_ST00249" HPOS="1319" VPOS="1411" WIDTH="202" HEIGHT="37" CONTENT="d'Arezzo" WC="0.93" CC="00050000"/>
						<SP ID="P52_SP00230" HPOS="1521" VPOS="1464" WIDTH="35"/>
						<String ID="P52_ST00250" HPOS="1556" VPOS="1412" WIDTH="208" HEIGHT="37" CONTENT="s'adresse" WC="1.00" CC="010002000"/>
						<SP ID="P52_SP00231" HPOS="1764" VPOS="1464" WIDTH="32"/>
						<String ID="P52_ST00251" HPOS="1796" VPOS="1423" WIDTH="80" HEIGHT="25" CONTENT="aux" WC="0.99" CC="030"/>
						<SP ID="P52_SP00232" HPOS="1876" VPOS="1464" WIDTH="28"/>
						<String ID="P52_ST00252" HPOS="1904" VPOS="1412" WIDTH="187" HEIGHT="47" CONTENT="composi" SUBS_TYPE="HypPart1" SUBS_CONTENT="compositeurs)" WC="1.00" CC="0000000"/>
						<HYP HPOS="2091" VPOS="1412" WIDTH="26" CONTENT="-"/>
					</TextLine>
					<TextLine ID="P52_TL00021" HPOS="75" VPOS="1480" WIDTH="2044" HEIGHT="55">
						<String ID="P52_ST00253" HPOS="75" VPOS="1486" WIDTH="132" HEIGHT="49" CONTENT="teurs)" SUBS_TYPE="HypPart2" SUBS_CONTENT="compositeurs)" WC="0.99" CC="020013"/>
						<SP ID="P52_SP00233" HPOS="207" VPOS="1535" WIDTH="35"/>
						<String ID="P52_ST00254" HPOS="242" VPOS="1483" WIDTH="302" HEIGHT="39" CONTENT="rationabiliter" WC="0.85" CC="10023202232000"/>
						<SP ID="P52_SP00234" HPOS="544" VPOS="1535" WIDTH="32"/>
						<String ID="P52_ST00255" HPOS="576" VPOS="1482" WIDTH="207" HEIGHT="37" CONTENT="discretas" WC="0.92" CC="033000000"/>
						<SP ID="P52_SP00235" HPOS="783" VPOS="1535" WIDTH="33"/>
						<String ID="P52_ST00256" HPOS="816" VPOS="1486" WIDTH="261" HEIGHT="43" CONTENT="componunt" WC="0.89" CC="000004040"/>
						<SP ID="P52_SP00236" HPOS="1077" VPOS="1535" WIDTH="31"/>
						<String ID="P52_ST00257" HPOS="1108" VPOS="1493" WIDTH="188" HEIGHT="26" CONTENT="neumas." WC="0.90" CC="2000040"/>
						<SP ID="P52_SP00237" HPOS="1296" VPOS="1535" WIDTH="23"/>
						<String ID="P52_ST00258" HPOS="1319" VPOS="1480" WIDTH="59" HEIGHT="38" CONTENT="Or" WC="0.88" CC="20"/>
						<SP ID="P52_SP00238" HPOS="1378" VPOS="1535" WIDTH="30"/>
						<String ID="P52_ST00259" HPOS="1408" VPOS="1482" WIDTH="36" HEIGHT="36" CONTENT="le" WC="0.82" CC="30"/>
						<SP ID="P52_SP00239" HPOS="1444" VPOS="1535" WIDTH="35"/>
						<String ID="P52_ST00260" HPOS="1479" VPOS="1484" WIDTH="127" HEIGHT="45" CONTENT="poète" WC="0.98" CC="00570"/>
						<SP ID="P52_SP00240" HPOS="1606" VPOS="1535" WIDTH="34"/>
						<String ID="P52_ST00261" HPOS="1640" VPOS="1481" WIDTH="159" HEIGHT="50" CONTENT="lyrique" WC="0.99" CC="4026000"/>
						<SP ID="P52_SP00241" HPOS="1799" VPOS="1535" WIDTH="36"/>
						<String ID="P52_ST00262" HPOS="1835" VPOS="1482" WIDTH="197" HEIGHT="48" CONTENT="mélange" WC="0.99" CC="0030092"/>
						<SP ID="P52_SP00242" HPOS="2032" VPOS="1535" WIDTH="29"/>
						<String ID="P52_ST00263" HPOS="2061" VPOS="1482" WIDTH="58" HEIGHT="36" CONTENT="les" WC="0.98" CC="500"/>
					</TextLine>
					<TextLine ID="P52_TL00022" HPOS="75" VPOS="1550" WIDTH="2042" HEIGHT="56">
						<String ID="P52_ST00264" HPOS="75" VPOS="1557" WIDTH="118" HEIGHT="49" CONTENT="pieds" WC="1.00" CC="00100"/>
						<SP ID="P52_SP00243" HPOS="193" VPOS="1606" WIDTH="21"/>
						<String ID="P52_ST00265" HPOS="214" VPOS="1557" WIDTH="60" HEIGHT="35" CONTENT="les" WC="1.00" CC="000"/>
						<SP ID="P52_SP00244" HPOS="274" VPOS="1606" WIDTH="22"/>
						<String ID="P52_ST00266" HPOS="296" VPOS="1556" WIDTH="93" HEIGHT="48" CONTENT="plus" WC="0.99" CC="0030"/>
						<SP ID="P52_SP00245" HPOS="389" VPOS="1606" WIDTH="18"/>
						<String ID="P52_ST00267" HPOS="407" VPOS="1552" WIDTH="137" HEIGHT="38" CONTENT="variés" WC="0.99" CC="003800"/>
						<SP ID="P52_SP00246" HPOS="544" VPOS="1606" WIDTH="23"/>
						<String ID="P52_ST00268" HPOS="567" VPOS="1553" WIDTH="105" HEIGHT="35" CONTENT="dans" WC="0.99" CC="0050"/>
						<SP ID="P52_SP00247" HPOS="672" VPOS="1606" WIDTH="30"/>
						<String ID="P52_ST00269" HPOS="702" VPOS="1552" WIDTH="36" HEIGHT="36" CONTENT="le" WC="1.00" CC="00"/>
						<SP ID="P52_SP00248" HPOS="738" VPOS="1606" WIDTH="34"/>
						<String ID="P52_ST00270" HPOS="772" VPOS="1551" WIDTH="125" HEIGHT="37" CONTENT="cadre" WC="0.99" CC="00052"/>
						<SP ID="P52_SP00249" HPOS="897" VPOS="1606" WIDTH="31"/>
						<String ID="P52_ST00271" HPOS="928" VPOS="1550" WIDTH="414" HEIGHT="38" CONTENT="harmonieusement" WC="1.00" CC="602000000010000"/>
						<SP ID="P52_SP00250" HPOS="1342" VPOS="1606" WIDTH="24"/>
						<String ID="P52_ST00272" HPOS="1366" VPOS="1552" WIDTH="193" HEIGHT="36" CONTENT="combiné" WC="1.00" CC="2000000"/>
						<SP ID="P52_SP00251" HPOS="1559" VPOS="1606" WIDTH="31"/>
						<String ID="P52_ST00273" HPOS="1590" VPOS="1552" WIDTH="50" HEIGHT="36" CONTENT="de" WC="1.00" CC="00"/>
						<SP ID="P52_SP00252" HPOS="1640" VPOS="1606" WIDTH="36"/>
						<String ID="P52_ST00274" HPOS="1676" VPOS="1564" WIDTH="66" HEIGHT="24" CONTENT="ses" WC="1.00" CC="000"/>
						<SP ID="P52_SP00253" HPOS="1742" VPOS="1606" WIDTH="35"/>
						<String ID="P52_ST00275" HPOS="1777" VPOS="1554" WIDTH="196" HEIGHT="47" CONTENT="strophes" WC="1.00" CC="00000500"/>
						<SP ID="P52_SP00254" HPOS="1973" VPOS="1606" WIDTH="33"/>
						<String ID="P52_ST00276" HPOS="2006" VPOS="1552" WIDTH="84" HEIGHT="36" CONTENT="mul" SUBS_TYPE="HypPart1" SUBS_CONTENT="multiples" WC="0.99" CC="002"/>
						<HYP HPOS="2090" VPOS="1552" WIDTH="27" CONTENT="-"/>
					</TextLine>
					<TextLine ID="P52_TL00023" HPOS="75" VPOS="1620" WIDTH="2033" HEIGHT="55">
						<String ID="P52_ST00277" HPOS="75" VPOS="1627" WIDTH="123" HEIGHT="48" CONTENT="tiples" SUBS_TYPE="HypPart2" SUBS_CONTENT="multiples" WC="0.99" CC="030330"/>
						<SP ID="P52_SP00255" HPOS="198" VPOS="1675" WIDTH="23"/>
						<String ID="P52_ST00278" HPOS="221" VPOS="1637" WIDTH="7" HEIGHT="26" CONTENT=":" WC="0.63" CC="3"/>
						<SP ID="P52_SP00256" HPOS="228" VPOS="1675" WIDTH="22"/>
						<String ID="P52_ST00279" HPOS="250" VPOS="1624" WIDTH="105" HEIGHT="38" CONTENT="ainsi" WC="0.99" CC="00005"/>
						<SP ID="P52_SP00257" HPOS="355" VPOS="1675" WIDTH="21"/>
						<String ID="P52_ST00280" HPOS="376" VPOS="1624" WIDTH="88" HEIGHT="36" CONTENT="fera" WC="0.99" CC="6000"/>
						<SP ID="P52_SP00258" HPOS="464" VPOS="1675" WIDTH="18"/>
						<String ID="P52_ST00281" HPOS="482" VPOS="1623" WIDTH="38" HEIGHT="36" CONTENT="le" WC="0.61" CC="51"/>
						<SP ID="P52_SP00259" HPOS="520" VPOS="1675" WIDTH="23"/>
						<String ID="P52_ST00282" HPOS="543" VPOS="1621" WIDTH="280" HEIGHT="48" CONTENT="compositeur" WC="0.99" CC="03090040051"/>
						<SP ID="P52_SP00260" HPOS="823" VPOS="1675" WIDTH="21"/>
						<String ID="P52_ST00283" HPOS="844" VPOS="1620" WIDTH="240" HEIGHT="50" CONTENT="grégorien," WC="1.00" CC="0500000034"/>
						<SP ID="P52_SP00261" HPOS="1084" VPOS="1675" WIDTH="25"/>
						<String ID="P52_ST00284" HPOS="1109" VPOS="1621" WIDTH="104" HEIGHT="36" CONTENT="dont" WC="1.00" CC="0100"/>
						<SP ID="P52_SP00262" HPOS="1213" VPOS="1675" WIDTH="21"/>
						<String ID="P52_ST00285" HPOS="1234" VPOS="1622" WIDTH="59" HEIGHT="35" CONTENT="les" WC="1.00" CC="000"/>
						<SP ID="P52_SP00263" HPOS="1293" VPOS="1675" WIDTH="24"/>
						<String ID="P52_ST00286" HPOS="1317" VPOS="1623" WIDTH="151" HEIGHT="35" CONTENT="mètres" WC="0.99" CC="000305"/>
						<SP ID="P52_SP00264" HPOS="1468" VPOS="1675" WIDTH="24"/>
						<String ID="P52_ST00287" HPOS="1492" VPOS="1627" WIDTH="153" HEIGHT="31" CONTENT="auront" WC="0.98" CC="760260"/>
						<SP ID="P52_SP00265" HPOS="1645" VPOS="1675" WIDTH="18"/>
						<String ID="P52_ST00288" HPOS="1663" VPOS="1627" WIDTH="96" HEIGHT="31" CONTENT="tour" WC="0.99" CC="0030"/>
						<SP ID="P52_SP00266" HPOS="1759" VPOS="1675" WIDTH="31"/>
						<String ID="P52_ST00289" HPOS="1790" VPOS="1624" WIDTH="25" HEIGHT="34" CONTENT="à" WC="0.37" CC="6"/>
						<SP ID="P52_SP00267" HPOS="1815" VPOS="1675" WIDTH="17"/>
						<String ID="P52_ST00290" HPOS="1832" VPOS="1628" WIDTH="98" HEIGHT="30" CONTENT="tour" WC="0.98" CC="0350"/>
						<SP ID="P52_SP00268" HPOS="1930" VPOS="1675" WIDTH="18"/>
						<String ID="P52_ST00291" HPOS="1948" VPOS="1622" WIDTH="160" HEIGHT="36" CONTENT="l'allure" WC="0.99" CC="43034050"/>
					</TextLine>
					<TextLine ID="P52_TL00024" HPOS="75" VPOS="1691" WIDTH="2044" HEIGHT="52">
						<String ID="P52_ST00292" HPOS="75" VPOS="1697" WIDTH="54" HEIGHT="36" CONTENT="du" WC="1.00" CC="00"/>
						<SP ID="P52_SP00269" HPOS="129" VPOS="1733" WIDTH="21"/>
						<String ID="P52_ST00293" HPOS="150" VPOS="1695" WIDTH="180" HEIGHT="48" CONTENT="dactyle," WC="1.00" CC="00000500"/>
						<SP ID="P52_SP00270" HPOS="330" VPOS="1743" WIDTH="25"/>
						<String ID="P52_ST00294" HPOS="355" VPOS="1694" WIDTH="56" HEIGHT="35" CONTENT="du" WC="1.00" CC="00"/>
						<SP ID="P52_SP00271" HPOS="411" VPOS="1743" WIDTH="23"/>
						<String ID="P52_ST00295" HPOS="434" VPOS="1692" WIDTH="200" HEIGHT="49" CONTENT="spondée," WC="0.99" CC="00230304"/>
						<SP ID="P52_SP00272" HPOS="634" VPOS="1743" WIDTH="20"/>
						<String ID="P52_ST00296" HPOS="654" VPOS="1691" WIDTH="51" HEIGHT="37" CONTENT="de" WC="0.91" CC="01"/>
						<SP ID="P52_SP00273" HPOS="705" VPOS="1743" WIDTH="22"/>
						<String ID="P52_ST00297" HPOS="727" VPOS="1691" WIDTH="178" HEIGHT="45" CONTENT="l'iambe," WC="0.84" CC="43100003"/>
						<SP ID="P52_SP00274" HPOS="905" VPOS="1743" WIDTH="23"/>
						<String ID="P52_ST00298" HPOS="928" VPOS="1696" WIDTH="80" HEIGHT="32" CONTENT="etc." WC="1.00" CC="0000"/>
						<SP ID="P52_SP00275" HPOS="1008" VPOS="1743" WIDTH="23"/>
						<String ID="P52_ST00299" HPOS="1031" VPOS="1691" WIDTH="89" HEIGHT="36" CONTENT="Ista" WC="0.83" CC="0006"/>
						<SP ID="P52_SP00276" HPOS="1120" VPOS="1743" WIDTH="19"/>
						<String ID="P52_ST00300" HPOS="1139" VPOS="1703" WIDTH="149" HEIGHT="25" CONTENT="neuma" WC="0.94" CC="00200"/>
						<SP ID="P52_SP00277" HPOS="1288" VPOS="1743" WIDTH="22"/>
						<String ID="P52_ST00301" HPOS="1310" VPOS="1691" WIDTH="227" HEIGHT="49" CONTENT="dactylico," WC="0.91" CC="0000010033"/>
						<SP ID="P52_SP00278" HPOS="1537" VPOS="1743" WIDTH="26"/>
						<String ID="P52_ST00302" HPOS="1563" VPOS="1692" WIDTH="74" HEIGHT="36" CONTENT="illa" WC="0.69" CC="3440"/>
						<SP ID="P52_SP00279" HPOS="1637" VPOS="1743" WIDTH="21"/>
						<String ID="P52_ST00303" HPOS="1658" VPOS="1704" WIDTH="99" HEIGHT="25" CONTENT="vero" WC="0.83" CC="0060"/>
						<SP ID="P52_SP00280" HPOS="1757" VPOS="1743" WIDTH="22"/>
						<String ID="P52_ST00304" HPOS="1779" VPOS="1691" WIDTH="248" HEIGHT="49" CONTENT="spondaico," WC="0.94" CC="1000002020"/>
						<SP ID="P52_SP00281" HPOS="2027" VPOS="1743" WIDTH="22"/>
						<String ID="P52_ST00305" HPOS="2049" VPOS="1692" WIDTH="70" HEIGHT="36" CONTENT="illa" WC="0.65" CC="3460"/>
					</TextLine>
					<TextLine ID="P52_TL00025" HPOS="76" VPOS="1762" WIDTH="559" HEIGHT="40">
						<String ID="P52_ST00306" HPOS="76" VPOS="1764" WIDTH="177" HEIGHT="38" CONTENT="iambico" WC="0.83" CC="6000005"/>
						<SP ID="P52_SP00282" HPOS="253" VPOS="1802" WIDTH="24"/>
						<String ID="P52_ST00307" HPOS="277" VPOS="1769" WIDTH="130" HEIGHT="31" CONTENT="métro" WC="1.00" CC="00004"/>
						<SP ID="P52_SP00283" HPOS="407" VPOS="1802" WIDTH="26"/>
						<String ID="P52_ST00308" HPOS="433" VPOS="1762" WIDTH="202" HEIGHT="37" CONTENT="decurret." WC="0.87" CC="040500000"/>
					</TextLine>
					<TextLine ID="P52_TL00026" HPOS="174" VPOS="1849" WIDTH="1942" HEIGHT="51">
						<String ID="P52_ST00309" HPOS="174" VPOS="1869" WIDTH="18" HEIGHT="19" CONTENT="«" WC="0.32" CC="6"/>
						<SP ID="P52_SP00284" HPOS="192" VPOS="1888" WIDTH="32"/>
						<String ID="P52_ST00310" HPOS="224" VPOS="1853" WIDTH="328" HEIGHT="47" CONTENT="L'agencement" WC="1.00" CC="007030030300"/>
						<SP ID="P52_SP00285" HPOS="552" VPOS="1900" WIDTH="21"/>
						<String ID="P52_ST00311" HPOS="573" VPOS="1850" WIDTH="51" HEIGHT="36" CONTENT="de" WC="1.00" CC="00"/>
						<SP ID="P52_SP00286" HPOS="624" VPOS="1900" WIDTH="23"/>
						<String ID="P52_ST00312" HPOS="647" VPOS="1862" WIDTH="69" HEIGHT="24" CONTENT="ces" WC="0.99" CC="100"/>
						<SP ID="P52_SP00287" HPOS="716" VPOS="1900" WIDTH="24"/>
						<String ID="P52_ST00313" HPOS="740" VPOS="1849" WIDTH="218" HEIGHT="37" CONTENT="différents" WC="1.00" CC="0067002000"/>
						<SP ID="P52_SP00288" HPOS="958" VPOS="1900" WIDTH="23"/>
						<String ID="P52_ST00314" HPOS="981" VPOS="1849" WIDTH="119" HEIGHT="48" CONTENT="pieds" WC="1.00" CC="00000"/>
						<SP ID="P52_SP00289" HPOS="1100" VPOS="1900" WIDTH="24"/>
						<String ID="P52_ST00315" HPOS="1124" VPOS="1849" WIDTH="190" HEIGHT="37" CONTENT="donnera" WC="1.00" CC="0300000"/>
						<SP ID="P52_SP00290" HPOS="1314" VPOS="1900" WIDTH="18"/>
						<String ID="P52_ST00316" HPOS="1332" VPOS="1849" WIDTH="81" HEIGHT="37" CONTENT="lieu" WC="0.98" CC="0406"/>
						<SP ID="P52_SP00291" HPOS="1413" VPOS="1900" WIDTH="24"/>
						<String ID="P52_ST00317" HPOS="1437" VPOS="1852" WIDTH="25" HEIGHT="34" CONTENT="à" WC="0.65" CC="3"/>
						<SP ID="P52_SP00292" HPOS="1462" VPOS="1900" WIDTH="19"/>
						<String ID="P52_ST00318" HPOS="1481" VPOS="1850" WIDTH="73" HEIGHT="36" CONTENT="des" WC="1.00" CC="010"/>
						<SP ID="P52_SP00293" HPOS="1554" VPOS="1900" WIDTH="25"/>
						<String ID="P52_ST00319" HPOS="1579" VPOS="1851" WIDTH="198" HEIGHT="48" CONTENT="strophes" WC="1.00" CC="00500002"/>
						<SP ID="P52_SP00294" HPOS="1777" VPOS="1900" WIDTH="16"/>
						<String ID="P52_ST00320" HPOS="1793" VPOS="1851" WIDTH="323" HEIGHT="48" CONTENT="grégoriennes," WC="1.00" CC="0000020164203"/>
					</TextLine>
					<TextLine ID="P52_TL00027" HPOS="76" VPOS="1919" WIDTH="2039" HEIGHT="53">
						<String ID="P52_ST00321" HPOS="76" VPOS="1923" WIDTH="68" HEIGHT="49" CONTENT="qui" WC="0.96" CC="072"/>
						<SP ID="P52_SP00295" HPOS="144" VPOS="1972" WIDTH="23"/>
						<String ID="P52_ST00322" HPOS="167" VPOS="1935" WIDTH="45" HEIGHT="25" CONTENT="se" WC="0.86" CC="20"/>
						<SP ID="P52_SP00296" HPOS="212" VPOS="1972" WIDTH="20"/>
						<String ID="P52_ST00323" HPOS="232" VPOS="1926" WIDTH="299" HEIGHT="44" CONTENT="composeront" WC="1.00" CC="00003200001"/>
						<SP ID="P52_SP00297" HPOS="531" VPOS="1972" WIDTH="22"/>
						<String ID="P52_ST00324" HPOS="553" VPOS="1931" WIDTH="81" HEIGHT="25" CONTENT="non" WC="1.00" CC="010"/>
						<SP ID="P52_SP00298" HPOS="634" VPOS="1972" WIDTH="20"/>
						<String ID="P52_ST00325" HPOS="654" VPOS="1931" WIDTH="77" HEIGHT="36" CONTENT="pas" WC="0.99" CC="002"/>
						<SP ID="P52_SP00299" HPOS="731" VPOS="1972" WIDTH="20"/>
						<String ID="P52_ST00326" HPOS="751" VPOS="1920" WIDTH="50" HEIGHT="36" CONTENT="de" WC="1.00" CC="00"/>
						<SP ID="P52_SP00300" HPOS="801" VPOS="1972" WIDTH="17"/>
						<String ID="P52_ST00327" HPOS="818" VPOS="1931" WIDTH="109" HEIGHT="32" CONTENT="vers," WC="0.99" CC="02220"/>
						<SP ID="P52_SP00301" HPOS="927" VPOS="1972" WIDTH="25"/>
						<String ID="P52_ST00328" HPOS="952" VPOS="1919" WIDTH="104" HEIGHT="37" CONTENT="mais" WC="0.99" CC="0030"/>
						<SP ID="P52_SP00302" HPOS="1056" VPOS="1972" WIDTH="29"/>
						<String ID="P52_ST00329" HPOS="1085" VPOS="1919" WIDTH="51" HEIGHT="37" CONTENT="de" WC="0.78" CC="04"/>
						<SP ID="P52_SP00303" HPOS="1136" VPOS="1972" WIDTH="30"/>
						<String ID="P52_ST00330" HPOS="1166" VPOS="1919" WIDTH="285" HEIGHT="41" CONTENT="distinctions." WC="1.00" CC="0600100000043"/>
						<SP ID="P52_SP00304" HPOS="1451" VPOS="1972" WIDTH="31"/>
						<String ID="P52_ST00331" HPOS="1482" VPOS="1919" WIDTH="80" HEIGHT="38" CONTENT="Ces" WC="0.99" CC="030"/>
						<SP ID="P52_SP00305" HPOS="1562" VPOS="1972" WIDTH="21"/>
						<String ID="P52_ST00332" HPOS="1583" VPOS="1920" WIDTH="268" HEIGHT="38" CONTENT="distinctions" WC="1.00" CC="010000007400"/>
						<SP ID="P52_SP00306" HPOS="1851" VPOS="1972" WIDTH="25"/>
						<String ID="P52_ST00333" HPOS="1876" VPOS="1928" WIDTH="146" HEIGHT="30" CONTENT="seront" WC="0.99" CC="042030"/>
						<SP ID="P52_SP00307" HPOS="2022" VPOS="1972" WIDTH="19"/>
						<String ID="P52_ST00334" HPOS="2041" VPOS="1922" WIDTH="74" HEIGHT="36" CONTENT="des" WC="0.98" CC="050"/>
					</TextLine>
					<TextLine ID="P52_TL00028" HPOS="74" VPOS="1989" WIDTH="2039" HEIGHT="49">
						<String ID="P52_ST00335" HPOS="74" VPOS="1994" WIDTH="280" HEIGHT="41" CONTENT="tétramètres," WC="0.88" CC="000300200304"/>
						<SP ID="P52_SP00308" HPOS="354" VPOS="2035" WIDTH="26"/>
						<String ID="P52_ST00336" HPOS="380" VPOS="1991" WIDTH="73" HEIGHT="36" CONTENT="des" WC="0.99" CC="030"/>
						<SP ID="P52_SP00309" HPOS="453" VPOS="2035" WIDTH="23"/>
						<String ID="P52_ST00337" HPOS="476" VPOS="1992" WIDTH="298" HEIGHT="46" CONTENT="pentamètres," WC="1.00" CC="010000200403"/>
						<SP ID="P52_SP00310" HPOS="774" VPOS="2038" WIDTH="25"/>
						<String ID="P52_ST00338" HPOS="799" VPOS="1989" WIDTH="74" HEIGHT="36" CONTENT="des" WC="0.99" CC="001"/>
						<SP ID="P52_SP00311" HPOS="873" VPOS="2038" WIDTH="23"/>
						<String ID="P52_ST00339" HPOS="896" VPOS="1990" WIDTH="275" HEIGHT="46" CONTENT="hexamètres," WC="1.00" CC="02000300004"/>
						<SP ID="P52_SP00312" HPOS="1171" VPOS="2038" WIDTH="27"/>
						<String ID="P52_ST00340" HPOS="1198" VPOS="1994" WIDTH="80" HEIGHT="31" CONTENT="etc." WC="1.00" CC="0002"/>
						<SP ID="P52_SP00313" HPOS="1278" VPOS="2038" WIDTH="27"/>
						<String ID="P52_ST00341" HPOS="1305" VPOS="1989" WIDTH="330" HEIGHT="38" CONTENT="Distinctionem" WC="0.87" CC="3430000010020"/>
						<SP ID="P52_SP00314" HPOS="1635" VPOS="2038" WIDTH="30"/>
						<String ID="P52_ST00342" HPOS="1665" VPOS="2003" WIDTH="109" HEIGHT="24" CONTENT="nunc" WC="0.82" CC="2400"/>
						<SP ID="P52_SP00315" HPOS="1774" VPOS="2038" WIDTH="28"/>
						<String ID="P52_ST00343" HPOS="1802" VPOS="1996" WIDTH="311" HEIGHT="39" CONTENT="tetrametram," WC="0.77" CC="040260400207"/>
					</TextLine>
					<TextLine ID="P52_TL00029" HPOS="77" VPOS="2058" WIDTH="2038" HEIGHT="52">
						<String ID="P52_ST00344" HPOS="77" VPOS="2074" WIDTH="109" HEIGHT="26" CONTENT="nunc" WC="0.94" CC="0200"/>
						<SP ID="P52_SP00316" HPOS="186" VPOS="2100" WIDTH="18"/>
						<String ID="P52_ST00345" HPOS="204" VPOS="2065" WIDTH="308" HEIGHT="45" CONTENT="pentametram" WC="0.98" CC="02000000000"/>
						<SP ID="P52_SP00317" HPOS="512" VPOS="2110" WIDTH="24"/>
						<String ID="P52_ST00346" HPOS="536" VPOS="2059" WIDTH="102" HEIGHT="36" CONTENT="aliàs" WC="0.77" CC="00064"/>
						<SP ID="P52_SP00318" HPOS="638" VPOS="2110" WIDTH="24"/>
						<String ID="P52_ST00347" HPOS="662" VPOS="2058" WIDTH="118" HEIGHT="48" CONTENT="quasi" WC="1.00" CC="01002"/>
						<SP ID="P52_SP00319" HPOS="780" VPOS="2110" WIDTH="30"/>
						<String ID="P52_ST00348" HPOS="810" VPOS="2059" WIDTH="285" HEIGHT="36" CONTENT="hexametram" WC="0.93" CC="0300030000"/>
						<SP ID="P52_SP00320" HPOS="1095" VPOS="2110" WIDTH="29"/>
						<String ID="P52_ST00349" HPOS="1124" VPOS="2070" WIDTH="162" HEIGHT="26" CONTENT="cernes." WC="0.99" CC="0411210"/>
						<SP ID="P52_SP00321" HPOS="1286" VPOS="2110" WIDTH="46"/>
						<String ID="P52_ST00350" HPOS="1332" VPOS="2059" WIDTH="60" HEIGHT="36" CONTENT="Le" WC="0.81" CC="03"/>
						<SP ID="P52_SP00322" HPOS="1392" VPOS="2110" WIDTH="32"/>
						<String ID="P52_ST00351" HPOS="1424" VPOS="2060" WIDTH="175" HEIGHT="36" CONTENT="nombre" WC="1.00" CC="200030"/>
						<SP ID="P52_SP00323" HPOS="1599" VPOS="2110" WIDTH="30"/>
						<String ID="P52_ST00352" HPOS="1629" VPOS="2060" WIDTH="50" HEIGHT="37" CONTENT="de" WC="0.86" CC="02"/>
						<SP ID="P52_SP00324" HPOS="1679" VPOS="2110" WIDTH="24"/>
						<String ID="P52_ST00353" HPOS="1703" VPOS="2072" WIDTH="70" HEIGHT="25" CONTENT="ces" WC="0.99" CC="010"/>
						<SP ID="P52_SP00325" HPOS="1773" VPOS="2110" WIDTH="25"/>
						<String ID="P52_ST00354" HPOS="1798" VPOS="2061" WIDTH="317" HEIGHT="37" CONTENT="combinaisons" WC="1.00" CC="000020229100"/>
					</TextLine>
					<TextLine ID="P52_TL00030" HPOS="77" VPOS="2128" WIDTH="2039" HEIGHT="51">
						<String ID="P52_ST00355" HPOS="77" VPOS="2143" WIDTH="94" HEIGHT="26" CONTENT="sera" WC="0.99" CC="0310"/>
						<SP ID="P52_SP00326" HPOS="171" VPOS="2169" WIDTH="40"/>
						<String ID="P52_ST00356" HPOS="211" VPOS="2131" WIDTH="208" HEIGHT="36" CONTENT="d'ailleurs" WC="1.00" CC="0000032400"/>
						<SP ID="P52_SP00327" HPOS="419" VPOS="2169" WIDTH="33"/>
						<String ID="P52_ST00357" HPOS="452" VPOS="2141" WIDTH="116" HEIGHT="24" CONTENT="assez" WC="0.99" CC="00131"/>
						<SP ID="P52_SP00328" HPOS="568" VPOS="2169" WIDTH="39"/>
						<String ID="P52_ST00358" HPOS="607" VPOS="2128" WIDTH="211" HEIGHT="47" CONTENT="restreint," WC="1.00" CC="2004201004"/>
						<SP ID="P52_SP00329" HPOS="818" VPOS="2175" WIDTH="42"/>
						<String ID="P52_ST00359" HPOS="860" VPOS="2130" WIDTH="117" HEIGHT="34" CONTENT="étant" WC="1.00" CC="40000"/>
						<SP ID="P52_SP00330" HPOS="977" VPOS="2175" WIDTH="38"/>
						<String ID="P52_ST00360" HPOS="1015" VPOS="2128" WIDTH="138" HEIGHT="37" CONTENT="donné" WC="1.00" CC="00000"/>
						<SP ID="P52_SP00331" HPOS="1153" VPOS="2175" WIDTH="35"/>
						<String ID="P52_ST00361" HPOS="1188" VPOS="2130" WIDTH="38" HEIGHT="35" CONTENT="le" WC="0.93" CC="01"/>
						<SP ID="P52_SP00332" HPOS="1226" VPOS="2175" WIDTH="36"/>
						<String ID="P52_ST00362" HPOS="1262" VPOS="2131" WIDTH="216" HEIGHT="35" CONTENT="caractère" WC="1.00" CC="004000203"/>
						<SP ID="P52_SP00333" HPOS="1478" VPOS="2175" WIDTH="36"/>
						<String ID="P52_ST00363" HPOS="1514" VPOS="2130" WIDTH="207" HEIGHT="48" CONTENT="simpliste" WC="1.00" CC="020043002"/>
						<SP ID="P52_SP00334" HPOS="1721" VPOS="2178" WIDTH="37"/>
						<String ID="P52_ST00364" HPOS="1758" VPOS="2131" WIDTH="50" HEIGHT="37" CONTENT="de" WC="1.00" CC="00"/>
						<SP ID="P52_SP00335" HPOS="1808" VPOS="2178" WIDTH="36"/>
						<String ID="P52_ST00365" HPOS="1844" VPOS="2131" WIDTH="41" HEIGHT="36" CONTENT="la" WC="0.78" CC="40"/>
						<SP ID="P52_SP00336" HPOS="1885" VPOS="2178" WIDTH="32"/>
						<String ID="P52_ST00366" HPOS="1917" VPOS="2131" WIDTH="199" HEIGHT="48" CONTENT="prosodie" WC="1.00" CC="02005000"/>
					</TextLine>
					<TextLine ID="P52_TL00031" HPOS="77" VPOS="2199" WIDTH="2039" HEIGHT="51">
						<String ID="P52_ST00367" HPOS="77" VPOS="2201" WIDTH="290" HEIGHT="49" CONTENT="grégorienne." WC="1.00" CC="030020200034"/>
						<SP ID="P52_SP00337" HPOS="367" VPOS="2250" WIDTH="26"/>
						<String ID="P52_ST00368" HPOS="393" VPOS="2199" WIDTH="119" HEIGHT="37" CONTENT="Nous" WC="0.97" CC="0254"/>
						<SP ID="P52_SP00338" HPOS="512" VPOS="2250" WIDTH="32"/>
						<String ID="P52_ST00369" HPOS="544" VPOS="2210" WIDTH="175" HEIGHT="25" CONTENT="verrons" WC="0.99" CC="4330040"/>
						<SP ID="P52_SP00339" HPOS="719" VPOS="2250" WIDTH="35"/>
						<String ID="P52_ST00370" HPOS="754" VPOS="2210" WIDTH="78" HEIGHT="36" CONTENT="par" WC="1.00" CC="000"/>
						<SP ID="P52_SP00340" HPOS="832" VPOS="2250" WIDTH="34"/>
						<String ID="P52_ST00371" HPOS="866" VPOS="2199" WIDTH="60" HEIGHT="36" CONTENT="les" WC="0.97" CC="430"/>
						<SP ID="P52_SP00341" HPOS="926" VPOS="2250" WIDTH="34"/>
						<String ID="P52_ST00372" HPOS="960" VPOS="2199" WIDTH="211" HEIGHT="47" CONTENT="exemples" WC="1.00" CC="00300020"/>
						<SP ID="P52_SP00342" HPOS="1171" VPOS="2250" WIDTH="33"/>
						<String ID="P52_ST00373" HPOS="1204" VPOS="2199" WIDTH="161" HEIGHT="37" CONTENT="donnés" WC="1.00" CC="000000"/>
						<SP ID="P52_SP00343" HPOS="1365" VPOS="2250" WIDTH="37"/>
						<String ID="P52_ST00374" HPOS="1402" VPOS="2200" WIDTH="208" HEIGHT="48" CONTENT="ci-après," WC="1.00" CC="004001301"/>
						<SP ID="P52_SP00344" HPOS="1610" VPOS="2250" WIDTH="37"/>
						<String ID="P52_ST00375" HPOS="1647" VPOS="2213" WIDTH="80" HEIGHT="35" CONTENT="que" WC="0.99" CC="020"/>
						<SP ID="P52_SP00345" HPOS="1727" VPOS="2250" WIDTH="25"/>
						<String ID="P52_ST00376" HPOS="1752" VPOS="2212" WIDTH="70" HEIGHT="25" CONTENT="ces" WC="0.99" CC="010"/>
						<SP ID="P52_SP00346" HPOS="1822" VPOS="2250" WIDTH="24"/>
						<String ID="P52_ST00377" HPOS="1846" VPOS="2201" WIDTH="270" HEIGHT="37" CONTENT="distinctions" WC="1.00" CC="013032003030"/>
					</TextLine>
					<TextLine ID="P52_TL00032" HPOS="74" VPOS="2267" WIDTH="2045" HEIGHT="54">
						<String ID="P52_ST00378" HPOS="74" VPOS="2276" WIDTH="183" HEIGHT="44" CONTENT="peuvent" WC="1.00" CC="0000300"/>
						<SP ID="P52_SP00347" HPOS="257" VPOS="2320" WIDTH="22"/>
						<String ID="P52_ST00379" HPOS="279" VPOS="2282" WIDTH="45" HEIGHT="24" CONTENT="se" WC="1.00" CC="00"/>
						<SP ID="P52_SP00348" HPOS="324" VPOS="2320" WIDTH="18"/>
						<String ID="P52_ST00380" HPOS="342" VPOS="2281" WIDTH="192" HEIGHT="26" CONTENT="ramener" WC="1.00" CC="0000004"/>
						<SP ID="P52_SP00349" HPOS="534" VPOS="2320" WIDTH="22"/>
						<String ID="P52_ST00381" HPOS="556" VPOS="2270" WIDTH="24" HEIGHT="34" CONTENT="à" WC="0.21" CC="7"/>
						<SP ID="P52_SP00350" HPOS="580" VPOS="2320" WIDTH="21"/>
						<String ID="P52_ST00382" HPOS="601" VPOS="2273" WIDTH="147" HEIGHT="43" CONTENT="quatre" WC="0.99" CC="050030"/>
						<SP ID="P52_SP00351" HPOS="748" VPOS="2320" WIDTH="23"/>
						<String ID="P52_ST00383" HPOS="771" VPOS="2267" WIDTH="253" HEIGHT="49" CONTENT="principales" WC="1.00" CC="05500000031"/>
						<SP ID="P52_SP00352" HPOS="1024" VPOS="2320" WIDTH="26"/>
						<String ID="P52_ST00384" HPOS="1050" VPOS="2281" WIDTH="8" HEIGHT="24" CONTENT=":" WC="0.31" CC="6"/>
						<SP ID="P52_SP00353" HPOS="1058" VPOS="2320" WIDTH="26"/>
						<String ID="P52_ST00385" HPOS="1084" VPOS="2269" WIDTH="37" HEIGHT="36" CONTENT="le" WC="0.58" CC="43"/>
						<SP ID="P52_SP00354" HPOS="1121" VPOS="2320" WIDTH="22"/>
						<String ID="P52_ST00386" HPOS="1143" VPOS="2270" WIDTH="246" HEIGHT="36" CONTENT="tétramètre" WC="0.87" CC="0005001050"/>
						<SP ID="P52_SP00355" HPOS="1389" VPOS="2320" WIDTH="24"/>
						<String ID="P52_ST00387" HPOS="1413" VPOS="2269" WIDTH="53" HEIGHT="50" CONTENT="(4)" WC="0.81" CC="500"/>
						<SP ID="P52_SP00356" HPOS="1466" VPOS="2320" WIDTH="25"/>
						<String ID="P52_ST00388" HPOS="1491" VPOS="2282" WIDTH="104" HEIGHT="25" CONTENT="avec" WC="1.00" CC="0010"/>
						<SP ID="P52_SP00357" HPOS="1595" VPOS="2320" WIDTH="16"/>
						<String ID="P52_ST00389" HPOS="1611" VPOS="2270" WIDTH="271" HEIGHT="38" CONTENT="l'hexamètre" WC="1.00" CC="02600003061"/>
						<SP ID="P52_SP00358" HPOS="1882" VPOS="2320" WIDTH="22"/>
						<String ID="P52_ST00390" HPOS="1904" VPOS="2270" WIDTH="88" HEIGHT="51" CONTENT="(4-f*" WC="0.63" CC="00494"/>
						<String ID="P52_ST00391" HPOS="1998" VPOS="2283" WIDTH="19" HEIGHT="25" CONTENT="2" STYLE="superscript" WC="0.55" CC="4"/>
						<String ID="P52_ST00392" HPOS="2023" VPOS="2271" WIDTH="27" HEIGHT="50" CONTENT=")?" WC="0.42" CC="37"/>
						<SP ID="P52_SP00359" HPOS="2050" VPOS="2321" WIDTH="26"/>
						<String ID="P52_ST00393" HPOS="2076" VPOS="2284" WIDTH="20" HEIGHT="19" CONTENT="p" STYLE="superscript" WC="1.00" CC="9"/>
						<String ID="P52_ST00394" HPOS="2101" VPOS="2277" WIDTH="18" HEIGHT="31" CONTENT="t" WC="0.21" CC="7"/>
					</TextLine>
					<TextLine ID="P52_TL00033" HPOS="75" VPOS="2336" WIDTH="1000" HEIGHT="53">
						<String ID="P52_ST00395" HPOS="75" VPOS="2342" WIDTH="37" HEIGHT="36" CONTENT="le" WC="1.00" CC="00"/>
						<SP ID="P52_SP00360" HPOS="112" VPOS="2378" WIDTH="22"/>
						<String ID="P52_ST00396" HPOS="134" VPOS="2342" WIDTH="261" HEIGHT="47" CONTENT="pentamètre" WC="1.00" CC="0000000003"/>
						<SP ID="P52_SP00361" HPOS="395" VPOS="2389" WIDTH="25"/>
						<String ID="P52_ST00397" HPOS="420" VPOS="2338" WIDTH="51" HEIGHT="49" CONTENT="(5)" WC="0.64" CC="144"/>
						<SP ID="P52_SP00362" HPOS="471" VPOS="2389" WIDTH="22"/>
						<String ID="P52_ST00398" HPOS="493" VPOS="2349" WIDTH="102" HEIGHT="25" CONTENT="avec" WC="0.98" CC="0260"/>
						<SP ID="P52_SP00363" HPOS="595" VPOS="2389" WIDTH="23"/>
						<String ID="P52_ST00399" HPOS="618" VPOS="2338" WIDTH="290" HEIGHT="47" CONTENT="l'heptamètre" WC="1.00" CC="400000001000"/>
						<SP ID="P52_SP00364" HPOS="908" VPOS="2389" WIDTH="23"/>
						<String ID="P52_ST00400" HPOS="931" VPOS="2336" WIDTH="89" HEIGHT="51" CONTENT="(5+" WC="0.67" CC="027"/>
						<String ID="P52_ST00401" HPOS="1024" VPOS="2350" WIDTH="18" HEIGHT="24" CONTENT="2" STYLE="superscript" WC="0.34" CC="6"/>
						<String ID="P52_ST00402" HPOS="1048" VPOS="2337" WIDTH="27" HEIGHT="50" CONTENT=")-" WC="0.41" CC="47"/>
					</TextLine>
					<TextLine ID="P52_TL00034" HPOS="176" VPOS="2406" WIDTH="1943" HEIGHT="53">
						<String ID="P52_ST00403" HPOS="176" VPOS="2425" WIDTH="17" HEIGHT="19" CONTENT="«" WC="0.46" CC="5"/>
						<SP ID="P52_SP00365" HPOS="193" VPOS="2444" WIDTH="26"/>
						<String ID="P52_ST00404" HPOS="219" VPOS="2409" WIDTH="120" HEIGHT="36" CONTENT="Cette" WC="0.99" CC="41003"/>
						<SP ID="P52_SP00366" HPOS="339" VPOS="2445" WIDTH="22"/>
						<String ID="P52_ST00405" HPOS="361" VPOS="2408" WIDTH="163" HEIGHT="36" CONTENT="théorie" WC="1.00" CC="0002102"/>
						<SP ID="P52_SP00367" HPOS="524" VPOS="2445" WIDTH="22"/>
						<String ID="P52_ST00406" HPOS="546" VPOS="2406" WIDTH="369" HEIGHT="37" CONTENT="minutieusement" WC="1.00" CC="03060435020000"/>
						<SP ID="P52_SP00368" HPOS="915" VPOS="2445" WIDTH="23"/>
						<String ID="P52_ST00407" HPOS="938" VPOS="2410" WIDTH="181" HEIGHT="45" CONTENT="exposée" WC="1.00" CC="2000004"/>
						<SP ID="P52_SP00369" HPOS="1119" VPOS="2455" WIDTH="17"/>
						<String ID="P52_ST00408" HPOS="1136" VPOS="2420" WIDTH="78" HEIGHT="37" CONTENT="par" WC="0.99" CC="002"/>
						<SP ID="P52_SP00370" HPOS="1214" VPOS="2457" WIDTH="26"/>
						<String ID="P52_ST00409" HPOS="1240" VPOS="2408" WIDTH="79" HEIGHT="37" CONTENT="Gui" WC="0.96" CC="064"/>
						<SP ID="P52_SP00371" HPOS="1319" VPOS="2457" WIDTH="26"/>
						<String ID="P52_ST00410" HPOS="1345" VPOS="2408" WIDTH="200" HEIGHT="38" CONTENT="d'Arezzo" WC="0.91" CC="03000030"/>
						<SP ID="P52_SP00372" HPOS="1545" VPOS="2457" WIDTH="24"/>
						<String ID="P52_ST00411" HPOS="1569" VPOS="2410" WIDTH="107" HEIGHT="36" CONTENT="dans" WC="1.00" CC="0000"/>
						<SP ID="P52_SP00373" HPOS="1676" VPOS="2457" WIDTH="24"/>
						<String ID="P52_ST00412" HPOS="1700" VPOS="2411" WIDTH="38" HEIGHT="36" CONTENT="le" WC="1.00" CC="00"/>
						<SP ID="P52_SP00374" HPOS="1738" VPOS="2457" WIDTH="24"/>
						<String ID="P52_ST00413" HPOS="1762" VPOS="2410" WIDTH="192" HEIGHT="49" CONTENT="chapitre" WC="1.00" CC="00000000"/>
						<SP ID="P52_SP00375" HPOS="1954" VPOS="2459" WIDTH="23"/>
						<String ID="P52_ST00414" HPOS="1977" VPOS="2424" WIDTH="58" HEIGHT="24" CONTENT="xv" WC="0.96" CC="00"/>
						<SP ID="P52_SP00376" HPOS="2035" VPOS="2459" WIDTH="30"/>
						<String ID="P52_ST00415" HPOS="2065" VPOS="2412" WIDTH="54" HEIGHT="37" CONTENT="du" WC="0.88" CC="02"/>
					</TextLine>
					<TextLine ID="P52_TL00035" HPOS="73" VPOS="2476" WIDTH="2044" HEIGHT="54">
						<String ID="P52_ST00416" HPOS="73" VPOS="2479" WIDTH="275" HEIGHT="47" CONTENT="Micrologue," WC="0.85" CC="04043000012"/>
						<SP ID="P52_SP00377" HPOS="348" VPOS="2526" WIDTH="21"/>
						<String ID="P52_ST00417" HPOS="369" VPOS="2477" WIDTH="138" HEIGHT="49" CONTENT="paraît" WC="1.00" CC="000000"/>
						<SP ID="P52_SP00378" HPOS="507" VPOS="2526" WIDTH="19"/>
						<String ID="P52_ST00418" HPOS="526" VPOS="2476" WIDTH="95" HEIGHT="38" CONTENT="bien" WC="0.99" CC="0006"/>
						<SP ID="P52_SP00379" HPOS="621" VPOS="2526" WIDTH="25"/>
						<String ID="P52_ST00419" HPOS="646" VPOS="2477" WIDTH="163" HEIGHT="36" CONTENT="exclure" WC="0.99" CC="3005004"/>
						<SP ID="P52_SP00380" HPOS="809" VPOS="2526" WIDTH="23"/>
						<String ID="P52_ST00420" HPOS="832" VPOS="2477" WIDTH="104" HEIGHT="36" CONTENT="celle" WC="0.98" CC="02343"/>
						<SP ID="P52_SP00381" HPOS="936" VPOS="2526" WIDTH="27"/>
						<String ID="P52_ST00421" HPOS="963" VPOS="2477" WIDTH="55" HEIGHT="36" CONTENT="du" WC="1.00" CC="00"/>
						<SP ID="P52_SP00382" HPOS="1018" VPOS="2526" WIDTH="33"/>
						<String ID="P52_ST00422" HPOS="1051" VPOS="2478" WIDTH="166" HEIGHT="48" CONTENT="rythme" WC="0.99" CC="000606"/>
						<SP ID="P52_SP00383" HPOS="1217" VPOS="2526" WIDTH="25"/>
						<String ID="P52_ST00423" HPOS="1242" VPOS="2478" WIDTH="198" HEIGHT="45" CONTENT="oratoire," WC="1.00" CC="020000422"/>
						<SP ID="P52_SP00384" HPOS="1440" VPOS="2526" WIDTH="26"/>
						<String ID="P52_ST00424" HPOS="1466" VPOS="2484" WIDTH="43" HEIGHT="32" CONTENT="et" WC="0.94" CC="10"/>
						<SP ID="P52_SP00385" HPOS="1509" VPOS="2526" WIDTH="22"/>
						<String ID="P52_ST00425" HPOS="1531" VPOS="2479" WIDTH="162" HEIGHT="38" CONTENT="donner" WC="1.00" CC="010200"/>
						<SP ID="P52_SP00386" HPOS="1693" VPOS="2526" WIDTH="21"/>
						<String ID="P52_ST00426" HPOS="1714" VPOS="2479" WIDTH="143" HEIGHT="38" CONTENT="raison" WC="0.99" CC="404040"/>
						<SP ID="P52_SP00387" HPOS="1857" VPOS="2526" WIDTH="24"/>
						<String ID="P52_ST00427" HPOS="1881" VPOS="2493" WIDTH="78" HEIGHT="24" CONTENT="aux" WC="0.98" CC="050"/>
						<SP ID="P52_SP00388" HPOS="1959" VPOS="2526" WIDTH="25"/>
						<String ID="P52_ST00428" HPOS="1984" VPOS="2483" WIDTH="111" HEIGHT="47" CONTENT="parti" SUBS_TYPE="HypPart1" SUBS_CONTENT="partisans" WC="0.99" CC="00003"/>
						<HYP HPOS="2095" VPOS="2483" WIDTH="22" CONTENT="-"/>
					</TextLine>
					<TextLine ID="P52_TL00036" HPOS="75" VPOS="2546" WIDTH="2043" HEIGHT="53">
						<String ID="P52_ST00429" HPOS="75" VPOS="2561" WIDTH="97" HEIGHT="27" CONTENT="sans" SUBS_TYPE="HypPart2" SUBS_CONTENT="partisans" WC="0.96" CC="2745"/>
						<SP ID="P52_SP00389" HPOS="172" VPOS="2588" WIDTH="30"/>
						<String ID="P52_ST00430" HPOS="202" VPOS="2549" WIDTH="54" HEIGHT="36" CONTENT="du" WC="0.71" CC="05"/>
						<SP ID="P52_SP00390" HPOS="256" VPOS="2588" WIDTH="28"/>
						<String ID="P52_ST00431" HPOS="284" VPOS="2548" WIDTH="163" HEIGHT="48" CONTENT="rythme" WC="1.00" CC="000002"/>
						<SP ID="P52_SP00391" HPOS="447" VPOS="2596" WIDTH="36"/>
						<String ID="P52_ST00432" HPOS="483" VPOS="2546" WIDTH="220" HEIGHT="48" CONTENT="métrique." WC="0.99" CC="000310602"/>
						<SP ID="P52_SP00392" HPOS="703" VPOS="2596" WIDTH="31"/>
						<String ID="P52_ST00433" HPOS="734" VPOS="2547" WIDTH="33" HEIGHT="35" CONTENT="Il" WC="0.82" CC="03"/>
						<SP ID="P52_SP00393" HPOS="767" VPOS="2596" WIDTH="31"/>
						<String ID="P52_ST00434" HPOS="798" VPOS="2547" WIDTH="157" HEIGHT="36" CONTENT="semble" WC="0.99" CC="040530"/>
						<SP ID="P52_SP00394" HPOS="955" VPOS="2596" WIDTH="35"/>
						<String ID="P52_ST00435" HPOS="990" VPOS="2559" WIDTH="51" HEIGHT="24" CONTENT="en" WC="0.56" CC="35"/>
						<SP ID="P52_SP00395" HPOS="1041" VPOS="2596" WIDTH="34"/>
						<String ID="P52_ST00436" HPOS="1075" VPOS="2547" WIDTH="100" HEIGHT="37" CONTENT="effet" WC="0.98" CC="08800"/>
						<SP ID="P52_SP00396" HPOS="1175" VPOS="2596" WIDTH="30"/>
						<String ID="P52_ST00437" HPOS="1205" VPOS="2547" WIDTH="94" HEIGHT="37" CONTENT="bien" WC="0.99" CC="0500"/>
						<SP ID="P52_SP00397" HPOS="1299" VPOS="2596" WIDTH="35"/>
						<String ID="P52_ST00438" HPOS="1334" VPOS="2548" WIDTH="222" HEIGHT="37" CONTENT="démontré" WC="0.99" CC="00830000"/>
						<SP ID="P52_SP00398" HPOS="1556" VPOS="2596" WIDTH="36"/>
						<String ID="P52_ST00439" HPOS="1592" VPOS="2561" WIDTH="82" HEIGHT="37" CONTENT="que" WC="1.00" CC="000"/>
						<SP ID="P52_SP00399" HPOS="1674" VPOS="2598" WIDTH="35"/>
						<String ID="P52_ST00440" HPOS="1709" VPOS="2551" WIDTH="96" HEIGHT="35" CONTENT="l'art" WC="0.99" CC="01050"/>
						<SP ID="P52_SP00400" HPOS="1805" VPOS="2598" WIDTH="36"/>
						<String ID="P52_ST00441" HPOS="1841" VPOS="2551" WIDTH="228" HEIGHT="48" CONTENT="grégorien" WC="1.00" CC="000002308"/>
						<SP ID="P52_SP00401" HPOS="2069" VPOS="2599" WIDTH="26"/>
						<String ID="P52_ST00442" HPOS="2095" VPOS="2564" WIDTH="23" HEIGHT="25" CONTENT="a" WC="1.00" CC="0"/>
					</TextLine>
					<TextLine ID="P52_TL00037" HPOS="73" VPOS="2617" WIDTH="2044" HEIGHT="49">
						<String ID="P52_ST00443" HPOS="73" VPOS="2618" WIDTH="208" HEIGHT="37" CONTENT="vraiment" WC="1.00" CC="00000360"/>
						<SP ID="P52_SP00402" HPOS="281" VPOS="2655" WIDTH="24"/>
						<String ID="P52_ST00444" HPOS="305" VPOS="2618" WIDTH="215" HEIGHT="47" CONTENT="emprunté" WC="0.99" CC="44036000"/>
						<SP ID="P52_SP00403" HPOS="520" VPOS="2665" WIDTH="25"/>
						<String ID="P52_ST00445" HPOS="545" VPOS="2629" WIDTH="66" HEIGHT="23" CONTENT="ses" WC="0.99" CC="020"/>
						<SP ID="P52_SP00404" HPOS="611" VPOS="2665" WIDTH="23"/>
						<String ID="P52_ST00446" HPOS="634" VPOS="2617" WIDTH="161" HEIGHT="36" CONTENT="moules" WC="0.99" CC="035400"/>
						<SP ID="P52_SP00405" HPOS="795" VPOS="2665" WIDTH="24"/>
						<String ID="P52_ST00447" HPOS="819" VPOS="2618" WIDTH="25" HEIGHT="34" CONTENT="à" WC="0.93" CC="0"/>
						<SP ID="P52_SP00406" HPOS="844" VPOS="2665" WIDTH="21"/>
						<String ID="P52_ST00448" HPOS="865" VPOS="2617" WIDTH="94" HEIGHT="36" CONTENT="l'art" WC="0.99" CC="02040"/>
						<SP ID="P52_SP00407" HPOS="959" VPOS="2665" WIDTH="22"/>
						<String ID="P52_ST00449" HPOS="981" VPOS="2617" WIDTH="185" HEIGHT="47" CONTENT="antique," WC="1.00" CC="00000014"/>
						<SP ID="P52_SP00408" HPOS="1166" VPOS="2665" WIDTH="26"/>
						<String ID="P52_ST00450" HPOS="1192" VPOS="2630" WIDTH="49" HEIGHT="24" CONTENT="en" WC="0.68" CC="06"/>
						<SP ID="P52_SP00409" HPOS="1241" VPOS="2665" WIDTH="33"/>
						<String ID="P52_ST00451" HPOS="1274" VPOS="2618" WIDTH="60" HEIGHT="35" CONTENT="les" WC="1.00" CC="000"/>
						<SP ID="P52_SP00410" HPOS="1334" VPOS="2665" WIDTH="25"/>
						<String ID="P52_ST00452" HPOS="1359" VPOS="2618" WIDTH="207" HEIGHT="48" CONTENT="adaptant" WC="1.00" CC="00000000"/>
						<SP ID="P52_SP00411" HPOS="1566" VPOS="2666" WIDTH="22"/>
						<String ID="P52_ST00453" HPOS="1588" VPOS="2622" WIDTH="25" HEIGHT="33" CONTENT="à" WC="0.41" CC="5"/>
						<SP ID="P52_SP00412" HPOS="1613" VPOS="2666" WIDTH="22"/>
						<String ID="P52_ST00454" HPOS="1635" VPOS="2632" WIDTH="53" HEIGHT="23" CONTENT="un" WC="0.73" CC="50"/>
						<SP ID="P52_SP00413" HPOS="1688" VPOS="2666" WIDTH="23"/>
						<String ID="P52_ST00455" HPOS="1711" VPOS="2619" WIDTH="112" HEIGHT="38" CONTENT="idéal" WC="0.99" CC="30003"/>
						<SP ID="P52_SP00414" HPOS="1823" VPOS="2666" WIDTH="23"/>
						<String ID="P52_ST00456" HPOS="1846" VPOS="2633" WIDTH="209" HEIGHT="26" CONTENT="nouveau." WC="1.00" CC="00100030"/>
						<SP ID="P52_SP00415" HPOS="2055" VPOS="2666" WIDTH="25"/>
						<String ID="P52_ST00457" HPOS="2080" VPOS="2622" WIDTH="37" HEIGHT="36" CONTENT="A" WC="1.00" CC="0"/>
					</TextLine>
					<TextLine ID="P52_TL00038" HPOS="74" VPOS="2685" WIDTH="2045" HEIGHT="52">
						<String ID="P52_ST00458" HPOS="74" VPOS="2690" WIDTH="40" HEIGHT="35" CONTENT="la" WC="1.00" CC="00"/>
						<SP ID="P52_SP00416" HPOS="114" VPOS="2725" WIDTH="35"/>
						<String ID="P52_ST00459" HPOS="149" VPOS="2687" WIDTH="187" HEIGHT="48" CONTENT="quantité" WC="1.00" CC="00020000"/>
						<SP ID="P52_SP00417" HPOS="336" VPOS="2735" WIDTH="40"/>
						<String ID="P52_ST00460" HPOS="376" VPOS="2685" WIDTH="383" HEIGHT="50" CONTENT="Chronomètrique" WC="0.67" CC="47600656311000" STYLEREFS="TXT_2"/>
						<SP ID="P52_SP00418" HPOS="759" VPOS="2735" WIDTH="34"/>
						<String ID="P52_ST00461" HPOS="793" VPOS="2686" WIDTH="51" HEIGHT="37" CONTENT="de" WC="0.88" CC="02"/>
						<SP ID="P52_SP00419" HPOS="844" VPOS="2735" WIDTH="31"/>
						<String ID="P52_ST00462" HPOS="875" VPOS="2687" WIDTH="94" HEIGHT="35" CONTENT="l'art" WC="0.99" CC="44010"/>
						<SP ID="P52_SP00420" HPOS="969" VPOS="2735" WIDTH="35"/>
						<String ID="P52_ST00463" HPOS="1004" VPOS="2688" WIDTH="324" HEIGHT="45" CONTENT="gréco-romain," WC="1.00" CC="0000034000004"/>
						<SP ID="P52_SP00421" HPOS="1328" VPOS="2735" WIDTH="46"/>
						<String ID="P52_ST00464" HPOS="1374" VPOS="2689" WIDTH="95" HEIGHT="36" CONTENT="l'art" WC="1.00" CC="03000"/>
						<SP ID="P52_SP00422" HPOS="1469" VPOS="2735" WIDTH="36"/>
						<String ID="P52_ST00465" HPOS="1505" VPOS="2690" WIDTH="226" HEIGHT="47" CONTENT="grégorien" WC="1.00" CC="010000004"/>
						<SP ID="P52_SP00423" HPOS="1731" VPOS="2737" WIDTH="46"/>
						<String ID="P52_ST00466" HPOS="1777" VPOS="2703" WIDTH="24" HEIGHT="24" CONTENT="a" WC="1.00" CC="0"/>
						<SP ID="P52_SP00424" HPOS="1801" VPOS="2737" WIDTH="32"/>
						<String ID="P52_ST00467" HPOS="1833" VPOS="2691" WIDTH="211" HEIGHT="37" CONTENT="substitué" WC="1.00" CC="020002060"/>
						<SP ID="P52_SP00425" HPOS="2044" VPOS="2737" WIDTH="33"/>
						<String ID="P52_ST00468" HPOS="2077" VPOS="2693" WIDTH="42" HEIGHT="37" CONTENT="la" WC="0.90" CC="10"/>
					</TextLine>
					<TextLine ID="P52_TL00039" HPOS="76" VPOS="2754" WIDTH="1560" HEIGHT="53">
						<String ID="P52_ST00469" HPOS="76" VPOS="2757" WIDTH="189" HEIGHT="48" CONTENT="quantité" WC="1.00" CC="00010000"/>
						<SP ID="P52_SP00426" HPOS="265" VPOS="2805" WIDTH="22"/>
						<String ID="P52_ST00470" HPOS="287" VPOS="2754" WIDTH="417" HEIGHT="50" CONTENT="Arithmomètrique" WC="0.67" CC="040366455403020" STYLEREFS="TXT_2"/>
						<String ID="P52_ST00471" HPOS="711" VPOS="2784" WIDTH="8" HEIGHT="17" CONTENT="," WC="0.57" CC="4"/>
						<SP ID="P52_SP00427" HPOS="719" VPOS="2805" WIDTH="36"/>
						<String ID="P52_ST00472" HPOS="755" VPOS="2768" WIDTH="101" HEIGHT="24" CONTENT="avec" WC="0.99" CC="0040"/>
						<SP ID="P52_SP00428" HPOS="856" VPOS="2805" WIDTH="35"/>
						<String ID="P52_ST00473" HPOS="891" VPOS="2756" WIDTH="180" HEIGHT="36" CONTENT="l'accent" WC="1.00" CC="00000300"/>
						<SP ID="P52_SP00429" HPOS="1071" VPOS="2805" WIDTH="30"/>
						<String ID="P52_ST00474" HPOS="1101" VPOS="2769" WIDTH="107" HEIGHT="36" CONTENT="pour" WC="0.99" CC="0101"/>
						<SP ID="P52_SP00430" HPOS="1208" VPOS="2805" WIDTH="31"/>
						<String ID="P52_ST00475" HPOS="1239" VPOS="2758" WIDTH="118" HEIGHT="48" CONTENT="point" WC="0.99" CC="03020"/>
						<SP ID="P52_SP00431" HPOS="1357" VPOS="2806" WIDTH="34"/>
						<String ID="P52_ST00476" HPOS="1391" VPOS="2758" WIDTH="50" HEIGHT="36" CONTENT="de" WC="0.91" CC="01"/>
						<SP ID="P52_SP00432" HPOS="1441" VPOS="2806" WIDTH="33"/>
						<String ID="P52_ST00477" HPOS="1474" VPOS="2761" WIDTH="162" HEIGHT="46" CONTENT="repère." WC="1.00" CC="0003001"/>
					</TextLine>
					<TextLine ID="P52_TL00040" HPOS="176" VPOS="2824" WIDTH="1940" HEIGHT="56">
						<String ID="P52_ST00478" HPOS="176" VPOS="2841" WIDTH="19" HEIGHT="19" CONTENT="«" WC="0.61" CC="3"/>
						<SP ID="P52_SP00433" HPOS="195" VPOS="2860" WIDTH="27"/>
						<String ID="P52_ST00479" HPOS="222" VPOS="2854" WIDTH="40" HEIGHT="9" CONTENT="..." WC="0.96" CC="432"/>
						<SP ID="P52_SP00434" HPOS="262" VPOS="2863" WIDTH="25"/>
						<String ID="P52_ST00480" HPOS="287" VPOS="2826" WIDTH="61" HEIGHT="36" CONTENT="En" WC="1.00" CC="00"/>
						<SP ID="P52_SP00435" HPOS="348" VPOS="2863" WIDTH="16"/>
						<String ID="P52_ST00481" HPOS="364" VPOS="2826" WIDTH="179" HEIGHT="43" CONTENT="résumé," WC="0.99" CC="1516010"/>
						<SP ID="P52_SP00436" HPOS="543" VPOS="2869" WIDTH="27"/>
						<String ID="P52_ST00482" HPOS="570" VPOS="2825" WIDTH="34" HEIGHT="36" CONTENT="si" WC="0.80" CC="21"/>
						<SP ID="P52_SP00437" HPOS="604" VPOS="2869" WIDTH="18"/>
						<String ID="P52_ST00483" HPOS="622" VPOS="2825" WIDTH="73" HEIGHT="48" CONTENT="j'ai" WC="0.97" CC="5403"/>
						<SP ID="P52_SP00438" HPOS="695" VPOS="2873" WIDTH="22"/>
						<String ID="P52_ST00484" HPOS="717" VPOS="2824" WIDTH="135" HEIGHT="38" CONTENT="réussi" WC="1.00" CC="000003"/>
						<SP ID="P52_SP00439" HPOS="852" VPOS="2873" WIDTH="24"/>
						<String ID="P52_ST00485" HPOS="876" VPOS="2827" WIDTH="25" HEIGHT="34" CONTENT="à" WC="0.46" CC="5"/>
						<SP ID="P52_SP00440" HPOS="901" VPOS="2873" WIDTH="18"/>
						<String ID="P52_ST00486" HPOS="919" VPOS="2838" WIDTH="66" HEIGHT="24" CONTENT="me" WC="0.88" CC="02"/>
						<SP ID="P52_SP00441" HPOS="985" VPOS="2873" WIDTH="21"/>
						<String ID="P52_ST00487" HPOS="1006" VPOS="2826" WIDTH="106" HEIGHT="37" CONTENT="faire" WC="0.99" CC="30003"/>
						<SP ID="P52_SP00442" HPOS="1112" VPOS="2873" WIDTH="24"/>
						<String ID="P52_ST00488" HPOS="1136" VPOS="2828" WIDTH="291" HEIGHT="47" CONTENT="comprendre," WC="1.00" CC="02000000004"/>
						<SP ID="P52_SP00443" HPOS="1427" VPOS="2875" WIDTH="24"/>
						<String ID="P52_ST00489" HPOS="1451" VPOS="2829" WIDTH="39" HEIGHT="37" CONTENT="le" WC="0.94" CC="10"/>
						<SP ID="P52_SP00444" HPOS="1490" VPOS="2875" WIDTH="22"/>
						<String ID="P52_ST00490" HPOS="1512" VPOS="2829" WIDTH="160" HEIGHT="37" CONTENT="lecteur" WC="0.99" CC="0706010"/>
						<SP ID="P52_SP00445" HPOS="1672" VPOS="2875" WIDTH="22"/>
						<String ID="P52_ST00491" HPOS="1694" VPOS="2842" WIDTH="105" HEIGHT="25" CONTENT="aura" WC="1.00" CC="0000"/>
						<SP ID="P52_SP00446" HPOS="1799" VPOS="2875" WIDTH="22"/>
						<String ID="P52_ST00492" HPOS="1821" VPOS="2831" WIDTH="98" HEIGHT="49" CONTENT="déjà" WC="0.99" CC="0005"/>
						<SP ID="P52_SP00447" HPOS="1919" VPOS="2880" WIDTH="21"/>
						<String ID="P52_ST00493" HPOS="1940" VPOS="2831" WIDTH="78" HEIGHT="38" CONTENT="tiré" WC="0.99" CC="0200"/>
						<SP ID="P52_SP00448" HPOS="2018" VPOS="2880" WIDTH="24"/>
						<String ID="P52_ST00494" HPOS="2042" VPOS="2834" WIDTH="37" HEIGHT="36" CONTENT="lu" WC="0.50" CC="27"/>
						<SP ID="P52_SP00449" HPOS="2079" VPOS="2880" WIDTH="25"/>
						<String ID="P52_ST00495" HPOS="2104" VPOS="2855" WIDTH="12" HEIGHT="5" CONTENT="-" WC="0.32" CC="6"/>
					</TextLine>
					<TextLine ID="P52_TL00041" HPOS="77" VPOS="2893" WIDTH="2040" HEIGHT="54">
						<String ID="P52_ST00496" HPOS="77" VPOS="2898" WIDTH="132" HEIGHT="35" CONTENT="même" WC="0.98" CC="0504"/>
						<SP ID="P52_SP00450" HPOS="209" VPOS="2933" WIDTH="23"/>
						<String ID="P52_ST00497" HPOS="232" VPOS="2900" WIDTH="110" HEIGHT="32" CONTENT="cette" WC="1.00" CC="01001"/>
						<SP ID="P52_SP00451" HPOS="342" VPOS="2933" WIDTH="23"/>
						<String ID="P52_ST00498" HPOS="365" VPOS="2895" WIDTH="150" HEIGHT="37" CONTENT="double" WC="1.00" CC="030001"/>
						<SP ID="P52_SP00452" HPOS="515" VPOS="2933" WIDTH="23"/>
						<String ID="P52_ST00499" HPOS="538" VPOS="2893" WIDTH="242" HEIGHT="38" CONTENT="conclusion" WC="1.00" CC="0260000303"/>
						<SP ID="P52_SP00453" HPOS="780" VPOS="2933" WIDTH="21"/>
						<String ID="P52_ST00500" HPOS="801" VPOS="2905" WIDTH="6" HEIGHT="26" CONTENT=":" WC="0.39" CC="6"/>
						<SP ID="P52_SP00454" HPOS="807" VPOS="2933" WIDTH="30"/>
						<String ID="P52_ST00501" HPOS="837" VPOS="2901" WIDTH="36" HEIGHT="29" CONTENT="i°" WC="0.60" CC="08"/>
						<SP ID="P52_SP00455" HPOS="873" VPOS="2933" WIDTH="23"/>
						<String ID="P52_ST00502" HPOS="896" VPOS="2895" WIDTH="96" HEIGHT="47" CONTENT="qu'il" WC="0.99" CC="05040"/>
						<SP ID="P52_SP00456" HPOS="992" VPOS="2942" WIDTH="16"/>
						<String ID="P52_ST00503" HPOS="1008" VPOS="2908" WIDTH="26" HEIGHT="36" CONTENT="y" WC="1.00" CC="0"/>
						<SP ID="P52_SP00457" HPOS="1034" VPOS="2944" WIDTH="17"/>
						<String ID="P52_ST00504" HPOS="1051" VPOS="2908" WIDTH="24" HEIGHT="24" CONTENT="a" WC="1.00" CC="0"/>
						<SP ID="P52_SP00458" HPOS="1075" VPOS="2944" WIDTH="21"/>
						<String ID="P52_ST00505" HPOS="1096" VPOS="2896" WIDTH="106" HEIGHT="37" CONTENT="dans" WC="0.99" CC="0040"/>
						<SP ID="P52_SP00459" HPOS="1202" VPOS="2944" WIDTH="16"/>
						<String ID="P52_ST00506" HPOS="1218" VPOS="2897" WIDTH="61" HEIGHT="36" CONTENT="les" WC="0.97" CC="250"/>
						<SP ID="P52_SP00460" HPOS="1279" VPOS="2944" WIDTH="17"/>
						<String ID="P52_ST00507" HPOS="1296" VPOS="2898" WIDTH="214" HEIGHT="49" CONTENT="mélopées" WC="1.00" CC="00000020"/>
						<SP ID="P52_SP00461" HPOS="1510" VPOS="2947" WIDTH="19"/>
						<String ID="P52_ST00508" HPOS="1529" VPOS="2899" WIDTH="305" HEIGHT="48" CONTENT="grégoriennes" WC="1.00" CC="010031020000"/>
						<SP ID="P52_SP00462" HPOS="1834" VPOS="2947" WIDTH="14"/>
						<String ID="P52_ST00509" HPOS="1848" VPOS="2900" WIDTH="108" HEIGHT="39" CONTENT="deux" WC="0.99" CC="0120"/>
						<SP ID="P52_SP00463" HPOS="1956" VPOS="2947" WIDTH="24"/>
						<String ID="P52_ST00510" HPOS="1980" VPOS="2908" WIDTH="99" HEIGHT="31" CONTENT="sort*" WC="0.97" CC="16507"/>
						<SP ID="P52_SP00464" HPOS="2079" VPOS="2947" WIDTH="21"/>
						<String ID="P52_ST00511" HPOS="2100" VPOS="2915" WIDTH="17" HEIGHT="24" CONTENT="3" WC="0.15" CC="8"/>
					</TextLine>
					<TextLine ID="P52_TL00042" HPOS="77" VPOS="2963" WIDTH="2041" HEIGHT="55">
						<String ID="P52_ST00512" HPOS="77" VPOS="2966" WIDTH="52" HEIGHT="36" CONTENT="de" WC="0.81" CC="03"/>
						<SP ID="P52_SP00465" HPOS="129" VPOS="3002" WIDTH="22"/>
						<String ID="P52_ST00513" HPOS="151" VPOS="2966" WIDTH="162" HEIGHT="42" CONTENT="chants," WC="0.99" CC="0601004"/>
						<SP ID="P52_SP00466" HPOS="313" VPOS="3008" WIDTH="25"/>
						<String ID="P52_ST00514" HPOS="338" VPOS="2965" WIDTH="60" HEIGHT="36" CONTENT="les" WC="0.99" CC="010"/>
						<SP ID="P52_SP00467" HPOS="398" VPOS="3008" WIDTH="23"/>
						<String ID="P52_ST00515" HPOS="421" VPOS="2977" WIDTH="77" HEIGHT="23" CONTENT="uns" WC="0.97" CC="601"/>
						<SP ID="P52_SP00468" HPOS="498" VPOS="3008" WIDTH="24"/>
						<String ID="P52_ST00516" HPOS="522" VPOS="2963" WIDTH="257" HEIGHT="49" CONTENT="syllabiques" WC="0.83" CC="00040010523"/>
						<SP ID="P52_SP00469" HPOS="779" VPOS="3012" WIDTH="24"/>
						<String ID="P52_ST00517" HPOS="803" VPOS="2963" WIDTH="85" HEIGHT="49" CONTENT="(qui" WC="0.96" CC="6054"/>
						<SP ID="P52_SP00470" HPOS="888" VPOS="3012" WIDTH="21"/>
						<String ID="P52_ST00518" HPOS="909" VPOS="2972" WIDTH="184" HEIGHT="40" CONTENT="peuvent" WC="1.00" CC="0000400"/>
						<SP ID="P52_SP00471" HPOS="1093" VPOS="3012" WIDTH="15"/>
						<String ID="P52_ST00519" HPOS="1108" VPOS="2968" WIDTH="89" HEIGHT="35" CONTENT="être" WC="0.99" CC="3000"/>
						<SP ID="P52_SP00472" HPOS="1197" VPOS="3012" WIDTH="18"/>
						<String ID="P52_ST00520" HPOS="1215" VPOS="2979" WIDTH="49" HEIGHT="24" CONTENT="en" WC="1.00" CC="00"/>
						<SP ID="P52_SP00473" HPOS="1264" VPOS="3012" WIDTH="18"/>
						<String ID="P52_ST00521" HPOS="1282" VPOS="2969" WIDTH="133" HEIGHT="35" CONTENT="même" WC="1.00" CC="0000"/>
						<SP ID="P52_SP00474" HPOS="1415" VPOS="3012" WIDTH="23"/>
						<String ID="P52_ST00522" HPOS="1438" VPOS="2973" WIDTH="138" HEIGHT="44" CONTENT="temps" WC="1.00" CC="01000"/>
						<SP ID="P52_SP00475" HPOS="1576" VPOS="3017" WIDTH="24"/>
						<String ID="P52_ST00523" HPOS="1600" VPOS="2970" WIDTH="265" HEIGHT="48" CONTENT="métriques)," WC="1.00" CC="01000060060"/>
						<SP ID="P52_SP00476" HPOS="1865" VPOS="3018" WIDTH="24"/>
						<String ID="P52_ST00524" HPOS="1889" VPOS="2972" WIDTH="61" HEIGHT="36" CONTENT="les" WC="0.98" CC="050"/>
						<SP ID="P52_SP00477" HPOS="1950" VPOS="3018" WIDTH="25"/>
						<String ID="P52_ST00525" HPOS="1975" VPOS="2977" WIDTH="108" HEIGHT="32" CONTENT="autre" WC="0.97" CC="06047"/>
						<SP ID="P52_SP00478" HPOS="2083" VPOS="3018" WIDTH="16"/>
						<String ID="P52_ST00526" HPOS="2099" VPOS="2970" WIDTH="19" HEIGHT="39" CONTENT="S" WC="0.27" CC="7" STYLEREFS="TXT_3"/>
					</TextLine>
					<TextLine ID="P52_TL00043" HPOS="78" VPOS="3033" WIDTH="2040" HEIGHT="50">
						<String ID="P52_ST00527" HPOS="78" VPOS="3039" WIDTH="271" HEIGHT="44" CONTENT="proprement" WC="1.00" CC="0140000010"/>
						<SP ID="P52_SP00479" HPOS="349" VPOS="3083" WIDTH="21"/>
						<String ID="P52_ST00528" HPOS="370" VPOS="3033" WIDTH="249" HEIGHT="46" CONTENT="métriques;" WC="1.00" CC="0000100000"/>
						<SP ID="P52_SP00480" HPOS="619" VPOS="3083" WIDTH="35"/>
						<String ID="P52_ST00529" HPOS="654" VPOS="3038" WIDTH="40" HEIGHT="31" CONTENT="et" WC="0.91" CC="10"/>
						<SP ID="P52_SP00481" HPOS="694" VPOS="3083" WIDTH="23"/>
						<String ID="P52_ST00530" HPOS="717" VPOS="3044" WIDTH="18" HEIGHT="25" CONTENT="2" WC="0.94" CC="0"/>
						<String ID="P52_ST00531" HPOS="741" VPOS="3039" WIDTH="14" HEIGHT="16" CONTENT="0" STYLE="superscript" WC="0.71" CC="2"/>
						<SP ID="P52_SP00482" HPOS="755" VPOS="3083" WIDTH="20"/>
						<String ID="P52_ST00532" HPOS="775" VPOS="3045" WIDTH="79" HEIGHT="35" CONTENT="que" WC="0.98" CC="023"/>
						<SP ID="P52_SP00483" HPOS="854" VPOS="3083" WIDTH="28"/>
						<String ID="P52_ST00533" HPOS="882" VPOS="3034" WIDTH="60" HEIGHT="35" CONTENT="les" WC="0.99" CC="200"/>
						<SP ID="P52_SP00484" HPOS="942" VPOS="3083" WIDTH="29"/>
						<String ID="P52_ST00534" HPOS="971" VPOS="3045" WIDTH="76" HEIGHT="25" CONTENT="uns" WC="0.97" CC="052"/>
						<SP ID="P52_SP00485" HPOS="1047" VPOS="3083" WIDTH="30"/>
						<String ID="P52_ST00535" HPOS="1077" VPOS="3046" WIDTH="162" HEIGHT="27" CONTENT="comme" WC="0.99" CC="04004"/>
						<SP ID="P52_SP00486" HPOS="1239" VPOS="3083" WIDTH="30"/>
						<String ID="P52_ST00536" HPOS="1269" VPOS="3037" WIDTH="60" HEIGHT="36" CONTENT="les" WC="0.98" CC="400"/>
						<SP ID="P52_SP00487" HPOS="1329" VPOS="3083" WIDTH="32"/>
						<String ID="P52_ST00537" HPOS="1361" VPOS="3043" WIDTH="142" HEIGHT="31" CONTENT="autres" WC="0.99" CC="050121"/>
						<SP ID="P52_SP00488" HPOS="1503" VPOS="3083" WIDTH="30"/>
						<String ID="P52_ST00538" HPOS="1533" VPOS="3051" WIDTH="45" HEIGHT="24" CONTENT="se" WC="0.85" CC="02"/>
						<SP ID="P52_SP00489" HPOS="1578" VPOS="3083" WIDTH="19"/>
						<String ID="P52_ST00539" HPOS="1597" VPOS="3045" WIDTH="174" HEIGHT="31" CONTENT="versent" WC="1.00" CC="0003000"/>
						<SP ID="P52_SP00490" HPOS="1771" VPOS="3083" WIDTH="22"/>
						<String ID="P52_ST00540" HPOS="1793" VPOS="3040" WIDTH="105" HEIGHT="36" CONTENT="dans" WC="1.00" CC="0000"/>
						<SP ID="P52_SP00491" HPOS="1898" VPOS="3083" WIDTH="25"/>
						<String ID="P52_ST00541" HPOS="1923" VPOS="3041" WIDTH="38" HEIGHT="37" CONTENT="le" WC="1.00" CC="00"/>
						<SP ID="P52_SP00492" HPOS="1961" VPOS="3083" WIDTH="22"/>
						<String ID="P52_ST00542" HPOS="1983" VPOS="3043" WIDTH="135" HEIGHT="36" CONTENT="même" WC="0.98" CC="1008"/>
					</TextLine>
					<TextLine ID="P52_TL00044" HPOS="79" VPOS="3102" WIDTH="1102" HEIGHT="48">
						<String ID="P52_ST00543" HPOS="79" VPOS="3104" WIDTH="151" HEIGHT="43" CONTENT="moule," WC="0.98" CC="036403"/>
						<SP ID="P52_SP00493" HPOS="230" VPOS="3147" WIDTH="25"/>
						<String ID="P52_ST00544" HPOS="255" VPOS="3102" WIDTH="105" HEIGHT="37" CONTENT="dans" WC="1.00" CC="0000"/>
						<SP ID="P52_SP00494" HPOS="360" VPOS="3147" WIDTH="22"/>
						<String ID="P52_ST00545" HPOS="382" VPOS="3103" WIDTH="39" HEIGHT="36" CONTENT="le" WC="0.56" CC="07"/>
						<SP ID="P52_SP00495" HPOS="421" VPOS="3147" WIDTH="21"/>
						<String ID="P52_ST00546" HPOS="442" VPOS="3103" WIDTH="138" HEIGHT="36" CONTENT="moule" WC="0.98" CC="04621"/>
						<SP ID="P52_SP00496" HPOS="580" VPOS="3147" WIDTH="22"/>
						<String ID="P52_ST00547" HPOS="602" VPOS="3102" WIDTH="73" HEIGHT="37" CONTENT="des" WC="0.99" CC="001"/>
						<SP ID="P52_SP00497" HPOS="675" VPOS="3147" WIDTH="21"/>
						<String ID="P52_ST00548" HPOS="696" VPOS="3113" WIDTH="147" HEIGHT="26" CONTENT="cursus" WC="0.99" CC="001430"/>
						<SP ID="P52_SP00498" HPOS="843" VPOS="3147" WIDTH="24"/>
						<String ID="P52_ST00549" HPOS="867" VPOS="3103" WIDTH="262" HEIGHT="47" CONTENT="grégoriens." WC="0.99" CC="02090300004"/>
						<SP ID="P52_SP00499" HPOS="1129" VPOS="3150" WIDTH="33"/>
						<String ID="P52_ST00550" HPOS="1162" VPOS="3120" WIDTH="19" HEIGHT="19" CONTENT="»" WC="0.34" CC="6"/>
					</TextLine>
					<TextLine ID="P52_TL00045" HPOS="179" VPOS="3172" WIDTH="1887" HEIGHT="60">
						<String ID="P52_ST00551" HPOS="179" VPOS="3174" WIDTH="117" HEIGHT="36" CONTENT="Dans" WC="1.00" CC="0000"/>
						<SP ID="P52_SP00500" HPOS="296" VPOS="3210" WIDTH="24"/>
						<String ID="P52_ST00552" HPOS="320" VPOS="3178" WIDTH="120" HEIGHT="32" CONTENT="notre" WC="1.00" CC="00000"/>
						<SP ID="P52_SP00501" HPOS="440" VPOS="3210" WIDTH="22"/>
						<String ID="P52_ST00553" HPOS="462" VPOS="3172" WIDTH="199" HEIGHT="48" CONTENT="prochain" WC="1.00" CC="00000000"/>
						<SP ID="P52_SP00502" HPOS="661" VPOS="3220" WIDTH="26"/>
						<String ID="P52_ST00554" HPOS="687" VPOS="3173" WIDTH="187" HEIGHT="45" CONTENT="numéro," WC="0.99" CC="0090001"/>
						<SP ID="P52_SP00503" HPOS="874" VPOS="3220" WIDTH="25"/>
						<String ID="P52_ST00555" HPOS="899" VPOS="3183" WIDTH="106" HEIGHT="26" CONTENT="nous" WC="0.99" CC="4100"/>
						<SP ID="P52_SP00504" HPOS="1005" VPOS="3220" WIDTH="20"/>
						<String ID="P52_ST00556" HPOS="1025" VPOS="3175" WIDTH="290" HEIGHT="38" CONTENT="examinerons" WC="1.00" CC="50000003020"/>
						<SP ID="P52_SP00505" HPOS="1315" VPOS="3220" WIDTH="23"/>
						<String ID="P52_ST00557" HPOS="1338" VPOS="3177" WIDTH="59" HEIGHT="36" CONTENT="les" WC="0.99" CC="200"/>
						<SP ID="P52_SP00506" HPOS="1397" VPOS="3220" WIDTH="22"/>
						<String ID="P52_ST00558" HPOS="1419" VPOS="3177" WIDTH="115" HEIGHT="37" CONTENT="idées" WC="1.00" CC="00001"/>
						<SP ID="P52_SP00507" HPOS="1534" VPOS="3220" WIDTH="24"/>
						<String ID="P52_ST00559" HPOS="1558" VPOS="3177" WIDTH="52" HEIGHT="38" CONTENT="de" WC="0.88" CC="02"/>
						<SP ID="P52_SP00508" HPOS="1610" VPOS="3220" WIDTH="24"/>
						<String ID="P52_ST00560" HPOS="1634" VPOS="3177" WIDTH="98" HEIGHT="49" CONTENT="Mgr" WC="1.00" CC="000"/>
						<SP ID="P52_SP00509" HPOS="1732" VPOS="3226" WIDTH="21"/>
						<String ID="P52_ST00561" HPOS="1753" VPOS="3179" WIDTH="52" HEIGHT="38" CONTENT="de" WC="0.77" CC="04"/>
						<SP ID="P52_SP00510" HPOS="1805" VPOS="3226" WIDTH="23"/>
						<String ID="P52_ST00562" HPOS="1828" VPOS="3178" WIDTH="238" HEIGHT="54" CONTENT="Saint-Dié," WC="0.79" CC="0038041004"/>
					</TextLine>
				</TextBlock>
				<TextBlock ID="P52_TB00004" HPOS="979" VPOS="3335" WIDTH="962" HEIGHT="59" STYLEREFS="TXT_2 PAR_RIGHT">
					<TextLine ID="P52_TL00046" HPOS="980" VPOS="3336" WIDTH="961" HEIGHT="58">
						<String ID="P52_ST00563" HPOS="980" VPOS="3337" WIDTH="56" HEIGHT="41" CONTENT="Le" WC="0.82" CC="30"/>
						<SP ID="P52_SP00511" HPOS="1036" VPOS="3378" WIDTH="33"/>
						<String ID="P52_ST00564" HPOS="1069" VPOS="3336" WIDTH="471" HEIGHT="58" CONTENT="Propriétaire-Gérant" WC="0.99" CC="0440407454218060341"/>
						<SP ID="P52_SP00512" HPOS="1540" VPOS="3394" WIDTH="34"/>
						<String ID="P52_ST00565" HPOS="1574" VPOS="3356" WIDTH="12" HEIGHT="28" CONTENT=":" WC="1.00" CC="0"/>
						<SP ID="P52_SP00513" HPOS="1586" VPOS="3394" WIDTH="35"/>
						<String ID="P52_ST00566" HPOS="1621" VPOS="3342" WIDTH="63" HEIGHT="44" CONTENT="H." WC="0.59" CC="07" STYLEREFS="TXT_4"/>
						<SP ID="P52_SP00514" HPOS="1684" VPOS="3394" WIDTH="38"/>
						<String ID="P52_ST00567" HPOS="1722" VPOS="3344" WIDTH="219" HEIGHT="46" CONTENT="WELTER." WC="0.89" CC="0000007" STYLEREFS="TXT_4"/>
					</TextLine>
				</TextBlock>
				<TextBlock ID="P52_TB00005" HPOS="591" VPOS="3506" WIDTH="1003" HEIGHT="39" STYLEREFS="TXT_5 PAR_CENTER">
					<TextLine ID="P52_TL00047" HPOS="592" VPOS="3507" WIDTH="1002" HEIGHT="38">
						<String ID="P52_ST00568" HPOS="592" VPOS="3509" WIDTH="101" HEIGHT="28" CONTENT="Paris," WC="0.98" CC="600564"/>
						<SP ID="P52_SP00515" HPOS="693" VPOS="3537" WIDTH="82"/>
						<String ID="P52_ST00569" HPOS="775" VPOS="3507" WIDTH="35" HEIGHT="29" CONTENT="L." WC="0.70" CC="50" STYLEREFS="TXT_6"/>
						<SP ID="P52_SP00516" HPOS="810" VPOS="3537" WIDTH="25"/>
						<String ID="P52_ST00570" HPOS="835" VPOS="3507" WIDTH="225" HEIGHT="35" CONTENT="MARETHEUX," WC="0.59" CC="0760173652" STYLEREFS="TXT_6"/>
						<SP ID="P52_SP00517" HPOS="1060" VPOS="3542" WIDTH="25"/>
						<String ID="P52_ST00571" HPOS="1085" VPOS="3510" WIDTH="195" HEIGHT="35" CONTENT="imprimeur," WC="0.99" CC="3050090333"/>
						<SP ID="P52_SP00518" HPOS="1280" VPOS="3545" WIDTH="26"/>
						<String ID="P52_ST00572" HPOS="1306" VPOS="3520" WIDTH="24" HEIGHT="25" CONTENT="1," WC="0.79" CC="40"/>
						<SP ID="P52_SP00519" HPOS="1330" VPOS="3545" WIDTH="22"/>
						<String ID="P52_ST00573" HPOS="1352" VPOS="3519" WIDTH="58" HEIGHT="20" CONTENT="rue" WC="0.97" CC="221"/>
						<SP ID="P52_SP00520" HPOS="1410" VPOS="3545" WIDTH="23"/>
						<String ID="P52_ST00574" HPOS="1433" VPOS="3511" WIDTH="161" HEIGHT="32" CONTENT="Cassette." WC="0.99" CC="090003401"/>
					</TextLine>
				</TextBlock>
			</PrintSpace>
		</Page>
	</Layout>
</alto>
