2151 3552
591 92 275 44 QUELQUES
899 96 231 35 LETTRES
1166 100 68 31 DE
1268 99 276 36 CHABRIER

1932 111 122 45 459

73 191 265 37 Faites-vous
361 193 123 50 aider,
505 199 148 45 plutôt,
674 199 31 36 si
726 212 102 25 vous
850 213 102 25 vous
973 205 139 35 méfiez
1136 206 47 36 de
1204 219 74 24 vos
1301 209 275 37 distractions.
1599 211 169 48 D'lndy,
1789 225 103 34 pour
1913 228 61 31 ça,
1996 223 61 29 est

73 260 279 37 merveilleux:
376 262 25 35 il
424 276 48 23 ne
494 277 175 36 manque
690 279 75 34 pas
788 281 53 23 un
863 270 154 37 bouton
1037 273 49 36 de
1105 277 144 45 guêtre
1273 277 23 35 à
1322 289 64 24 ses
1407 278 232 46 partitions;
1665 280 111 35 aussi
1804 282 253 38 Lamoureux

72 327 13 34 1
101 327 138 39 adore.
266 330 131 46 Donc,
425 345 95 24 vous
548 338 84 32 etes
654 334 195 49 prévenu.
875 338 39 36 Si
935 351 103 25 vous
1063 343 104 35 m'en
1194 355 158 36 croyez,
1375 357 122 24 venez
1523 352 90 31 tout
1638 359 53 24 au
1718 356 341 32 commencement

75 395 26 33 d
117 399 161 33 octobre
301 399 100 36 faire
417 413 51 24 un
488 407 91 30 tour
600 404 23 34 à
647 403 129 48 Paris,
797 417 51 23 on
865 406 177 47 jouerait
1065 423 48 31 ça
1129 413 23 33 à
1173 411 276 48 Lamoureux;
1468 414 41 47 je
1533 416 82 35 suis
1633 418 23 33 à
1677 422 115 31 votre
1815 418 243 47 disposition

73 474 102 34 pour
203 465 36 35 le
263 477 17 24 2
313 468 133 37 mains
475 482 51 23 ou
555 472 35 33 le
613 483 22 34 4
665 473 146 46 mains,
841 480 39 30 et
910 476 100 36 ferai
1033 483 90 31 tout
1153 491 94 24 mon
1274 482 180 45 possible
1475 496 103 35 pour
1599 486 192 35 emballer
1812 493 116 30 notre
1950 489 88 35 audi-

75 536 102 31 teur.
204 525 267 48 Écrivez-moi
494 540 24 33 à
546 544 106 30 cette
675 541 171 46 époque.

175 602 153 37 Mettez
352 616 76 24 aux
450 606 131 36 divers
597 606 265 40 instruments
883 632 46 4 —
942 616 169 34 surtout
1130 613 24 36 à
1175 614 249 39 Vharmonie
1441 623 40 32 et
1498 620 42 35 la
1557 621 178 37 batterie
1753 628 41 32 et
1810 624 147 49 harpes
1964 654 7 16 ,
1990 626 72 35 des

77 669 225 46 RÉPLIQUES
324 673 97 35 TRÈS
442 684 185 28 LONGUES
643 687 8 33 ;
682 689 52 23 un
757 679 157 45 copiste
936 693 102 23 vous
1069 683 167 36 sabrera
1258 696 48 32 ça
1320 696 8 34 ;
1359 686 118 36 faites
1504 689 104 36 donc
1633 694 255 35 vous-même
1910 706 44 24 ce
1977 700 63 31 tra-

77 738 94 45 vail;
201 745 90 29 tout
313 752 51 24 au
386 741 145 47 moins,
553 745 256 46 préparez-le
832 748 114 36 audit
968 750 171 47 copiste.

176 807 37 35 A
235 820 103 24 vous
363 809 91 37 bien
477 811 376 42 affectueusement.

1419 823 232 39 EMMANUEL
1680 827 233 40 CHABRIER.

702 960 29 29 A
755 957 32 33 la
808 958 232 46 Membrolle,
1064 970 65 33 par
1153 963 158 44 Mettray
1331 964 342 48 (Indre-et-Loire),
1699 980 34 23 11
1758 972 66 31 mai
1838 972 51 40 85.

374 1013 104 40 Cher
497 1016 94 45 ami,

178 1081 125 38 Votre
326 1084 132 37 bonne
481 1091 39 31 et
549 1088 248 38 affectueuse
820 1091 118 36 lettre
962 1098 62 30 est
1046 1105 125 25 venue
1192 1107 64 24 me
1278 1102 211 33 retrouver
1514 1098 64 37 ici.
1601 1100 39 36 Si
1656 1101 43 47 je
1717 1101 87 37 vais
1818 1105 23 34 à
1857 1103 205 38 Toulouse

80 1160 45 24 ce
149 1162 91 24 seia
262 1152 211 49 beaucoup
496 1168 104 34 pour
622 1158 97 35 aller
741 1159 24 34 à
792 1159 297 45 Carcassonne,
1121 1165 196 45 croyez-le
1344 1166 105 36 bien.
1477 1168 255 38 Lamoureux
1761 1171 85 36 doit
1866 1173 114 35 venir
2001 1186 63 23 me

80 1228 87 25 voir
188 1230 91 25 vers
295 1221 39 35 la
355 1221 53 36 fin
430 1223 52 35 du
503 1224 125 46 mois;
648 1225 38 47 je
705 1226 54 36 lui
777 1227 237 37 réclamerai
1034 1235 114 31 votre
1169 1244 207 35 morceau,
1399 1235 37 35 le
1452 1235 104 47 lirai,
1575 1242 40 30 et
1636 1249 100 25 vous
1760 1239 192 37 donnerai
1971 1253 94 24 mon

82 1286 160 36 humble
265 1289 102 37 avis.
392 1291 127 36 Votre
547 1294 123 35 Suite
688 1298 219 44 pastorale
935 1308 63 24 me
1027 1300 132 43 paraît
1186 1302 84 33 être
1293 1302 299 38 effectivement
1619 1306 34 35 le
1685 1319 189 26 morceau
1898 1320 77 34 que
1995 1309 72 47 j'ai

82 1355 177 36 entendu
288 1359 24 33 à
333 1358 39 36 la
394 1358 174 48 Société,
602 1361 27 34 il
658 1374 24 35 y
708 1374 23 23 a
760 1363 174 46 quelque
961 1378 20 35 3
1011 1378 23 23 a
1065 1375 20 38 5
1113 1378 71 24 ans
1192 1397 7 16 >
1224 1374 39 29 et
1291 1369 99 35 dont
1418 1383 101 23 nous
1540 1373 130 35 étions
1693 1380 92 31 tous
1806 1375 31 36 si
1860 1382 203 32 contencs.

83 1422 33 34 Il
135 1435 25 34 y
182 1424 111 36 avait
312 1437 51 23 un
379 1439 192 24 morceau
592 1429 219 37 là-dedans
832 1442 75 35 que
921 1432 178 46 j'aimais
1119 1435 233 47 beaucoup:
1372 1439 184 36 relancez
1575 1441 36 34 le
1634 1444 159 34 nommé
1815 1444 249 47 Hartmann,

82 1502 94 25 sans
199 1493 94 46 quoi
311 1493 25 35 il
349 1494 208 38 n'enverra
578 1496 97 37 rien.
700 1498 103 44 Qu'il
819 1510 62 24 me
896 1500 195 36 l'adresse
1112 1502 64 46 ici,
1195 1505 51 33 où
1263 1503 42 47 je
1328 1505 81 35 suis
1429 1517 102 35 pour
1550 1520 52 23 un
1618 1509 81 35 bon
1722 1511 99 36 bout
1846 1512 48 35 de
1917 1518 148 42 temps.

82 1559 47 47 Je
152 1561 169 36 termine
343 1574 68 23 ma
430 1563 124 46 petite
573 1564 195 46 partition
792 1566 49 34 de
869 1567 273 37 Gwendohne
1148 1597 7 18 ,
1177 1570 67 46 qui
1267 1571 87 36 doit
1371 1584 145 34 passer
1538 1587 47 23 en
1608 1576 215 37 décembre
1847 1581 23 33 à
1891 1580 39 35 la
1950 1581 90 35 Mon-

81 1627 104 36 naie.
219 1628 59 36 La
313 1630 213 36 Monnaie!
560 1632 99 35 c'est
689 1644 75 35 par
792 1634 252 46 antiphrase,
1080 1637 313 46 probablement
1423 1652 7 23 :
1463 1646 289 33 trouvez-vous
1782 1658 76 34 que
1893 1659 102 24 nous
2022 1661 47 23 en

82 1696 205 46 gagnions
309 1698 231 47 heaucoup,
568 1701 24 34 à
621 1711 44 24 ce
688 1701 231 36 métier-là?
949 1702 84 36 Ah!
1058 1703 101 37 c'est
1180 1717 75 24 une
1272 1706 97 47 jolie
1392 1710 187 36 vocation
1587 1738 8 16 ,
1620 1723 156 26 comme
1799 1714 59 35 dit
1884 1716 37 35 le
1943 1716 101 36 bour-

81 1764 112 46 geois
210 1792 7 7 .
243 1766 106 35 Mais
373 1766 26 35 il
416 1773 134 40 parait
576 1780 78 35 que
671 1768 41 47 je
734 1782 13 22 1
757 1775 111 30 entre
899 1771 101 35 dans
1021 1773 39 35 la
1082 1774 210 47 catégorie
1312 1776 71 36 des
1404 1778 189 36 veinards
1623 1791 7 25 :
1650 1780 43 47 je
1712 1785 119 44 perce
1851 1795 52 24 un
1924 1796 92 34 peu,
2044 1785 24 35 à

82 1835 336 43 quarante-trois
439 1847 74 23 ans
526 1846 7 34 ;
553 1835 41 47 je
615 1835 79 37 n'ai
717 1837 103 37 donc
839 1850 75 35 pas
933 1840 35 35 le
988 1840 107 36 droit
1115 1842 49 35 de
1180 1854 62 24 me
1263 1843 200 47 plaindre.
1486 1848 200 36 Attendre
1705 1850 116 46 vingt
1839 1863 89 32 ans,
1951 1852 27 36 il
2002 1859 63 30 est

82 1912 185 25 convenu
293 1913 75 34 que
392 1902 100 36 c'est
520 1905 90 45 plus
630 1916 77 34 que
736 1906 35 35 le
799 1905 230 47 minimum;
1058 1914 178 31 mettons
1259 1923 78 35 que
1359 1924 44 25 ce
1430 1914 79 36 soit
1537 1916 36 35 le
1594 1919 108 44 rêve,
1728 1924 38 29 et
1790 1919 89 37 n'en
1900 1923 169 44 parlons

81 1969 105 45 plus.
217 1970 272 37 Ecrivez-moi
518 1971 48 36 de
592 1977 134 43 temps
753 1986 48 24 en
822 1980 146 42 temps,
995 1977 42 47 je
1065 1989 101 24 vous
1193 1980 218 46 répondrai
1437 1985 82 33 très
1548 1985 330 45 régulièrement.
1902 1989 47 47 Je
1985 1990 82 35 suis

85 2040 32 32 ti
130 2049 39 22 es
193 2037 144 37 touche
360 2039 70 35 des
454 2039 237 38 déniaiches
715 2053 77 35 que
815 2055 101 24 vous
940 2056 97 25 avez
1060 2045 91 36 bien
1172 2048 122 35 voulu
1315 2049 100 36 faire
1436 2062 102 35 pour
1559 2053 93 38 moi,
1677 2065 94 25 mon
1790 2056 95 35 cher
1908 2057 91 34 ami.
2021 2057 48 48 Je

83 2117 102 24 vous
212 2118 140 24 assure
377 2119 76 34 que
477 2109 42 47 je
538 2120 100 25 vous
672 2122 47 23 en
748 2111 84 36 suis
861 2112 82 36 fort
970 2116 330 47 reconnaissant,
1324 2123 40 30 et
1384 2130 79 34 que
1487 2119 41 47 je
1554 2132 48 24 ne
1630 2121 199 38 demande
1855 2125 93 45 qu'à
1970 2137 99 24 vous

84 2175 84 34 être
189 2176 208 46 agréable,
421 2177 34 34 le
477 2188 69 24 cas
569 2178 185 37 échéant.

184 2242 124 38 Votre
330 2243 91 36 bien
444 2244 366 39 affectueusement
828 2248 167 38 dévoué.

1417 2253 234 41 EMMANUEL
1680 2258 239 39 CHABRIER.

694 2389 50 34 La
769 2390 234 44 Membrolle,
1027 2401 64 33 par
1116 2394 172 44 Mettray,
1311 2394 337 48 (Indre-et-Loire),
1667 2411 19 30 9
1707 2402 71 41 juin
1803 2405 95 38 1885.

378 2447 106 40 Cher
502 2451 93 48 ami,

180 2518 22 48 J
221 2519 204 35 attendais
456 2519 188 48 toujours
677 2533 77 35 que
788 2522 112 37 Lam.
925 2529 98 30 vint.
1049 2525 35 34 D
1103 2526 51 35 où
1176 2537 93 25 mon
1293 2526 160 39 silence*
1479 2528 105 38 Mais
1606 2531 27 35 il
1654 2544 48 24 ne
1723 2533 110 37 vient
1851 2547 90 35 pas,
1972 2537 27 35 il
2020 2547 48 26 ne

84 2587 166 36 viendra
268 2599 95 24 sans
387 2587 122 37 doute
527 2589 105 46 plus,
658 2596 39 29 et
714 2589 41 48 je
778 2596 103 29 tiens
905 2604 24 23 a
947 2604 101 24 vous
1069 2595 215 44 répondre.
1305 2596 19 47 J
1345 2596 105 36 aime
1482 2598 213 49 beaucoup
1717 2613 45 24 ce
1790 2606 256 35 morceau-là
2059 2618 8 33 ;

83 2655 36 35 le
138 2655 126 36 début
292 2662 63 30 est
378 2661 92 31 tout
492 2658 23 34 à
536 2657 76 36 fait
633 2660 158 44 trouvé,
820 2660 37 35 le
888 2660 340 48 développement
1256 2665 215 44 excellent;
1505 2667 100 37 c'est
1635 2669 48 35 de
1710 2670 41 35 la
1777 2672 198 46 musique.
2003 2675 65 34 Du

83 2728 123 42 reste,
220 2736 102 24 vous
342 2736 48 24 en
413 2726 86 35 êtes
529 2725 226 48 imprégné.
782 2726 86 46 Que
892 2733 107 31 cette
1021 2730 183 46 musique
1226 2732 193 45 produise
1440 2734 213 50 beaucoup
1683 2738 135 37 d'effet
1841 2741 22 34 à
1892 2740 152 37 Carcas-

85 2803 141 35 sonne,
246 2792 111 36 voire
385 2794 24 34 à
429 2793 221 48 Toulouse,
670 2794 42 48 je
735 2795 197 37 n'oserais
955 2809 63 24 me
1040 2809 244 37 prononcer,
1307 2800 102 36 mais
1425 2801 42 47 je
1491 2803 82 36 sais
1594 2805 91 36 bien
1708 2817 76 35 que
1808 2808 32 35 si
1853 2807 42 48 je
1912 2810 157 45 portais

85 2871 46 36 ça
165 2862 24 33 à
218 2860 174 37 Ambert
424 2862 363 49 (Puy-de-Dôme),
821 2876 67 24 ma
908 2864 94 37 ville
1037 2866 150 47 natale,
1206 2868 56 46 je-
1284 2869 177 36 n'aurais
1482 2882 75 35 pas
1578 2872 49 36 de
1647 2875 198 36 sérénade
1866 2888 95 24 sous
1982 2890 85 23 mes

82 2927 197 48 fenêtres;
296 2929 42 48 je
360 2930 229 36 trouverais
613 2930 279 38 difficilement
914 2945 76 24 une
1009 2935 90 34 âme
1123 2949 19 19 «
1166 2947 107 25 sœur
1291 2935 49 37 de
1361 2938 40 35 la
1420 2938 156 38 mienne
1596 2955 34 32 »,
1655 2943 24 34 à
1700 2942 132 37 moins
1855 2956 76 35 que
1954 2957 44 24 ce
2020 2958 49 22 ne

80 2995 63 36 fût
166 2998 99 35 celle
289 2998 47 35 de
359 2998 214 35 l'aliéniste
595 2998 49 36 de
667 2999 201 38 l'endroit.

178 3066 48 48 Je
247 3075 102 27 vous
367 3071 182 42 promets
573 3066 48 36 de
644 3067 55 35 lui
715 3067 121 48 jouer
854 3074 117 32 votre
992 3071 167 46 prélude
1183 3076 39 31 et
1244 3071 48 36 de
1314 3073 36 35 le
1373 3073 54 36 lui
1448 3078 311 36 recommander
1780 3080 285 37 chaudement*

79 3133 48 49 Je
156 3135 162 46 prévois
351 3135 58 35 les
439 3134 243 48 objections,
715 3137 42 47 je
793 3139 58 34 les
882 3139 168 35 connais
1075 3151 8 24 :
1117 3154 18 18 «
1164 3140 53 35 Ce
1240 3151 190 26 morceau
1453 3149 63 30 est
1535 3151 163 31 court...
1723 3147 26 35 il
1771 3154 63 29 est
1855 3149 211 37 difficile...

80 3213 20 24 c
117 3208 62 29 est
205 3214 53 24 un
291 3203 82 35 bon
407 3203 100 35 bout
538 3203 49 35 de
627 3205 215 45 repétition
871 3208 124 45 passé
1024 3208 228 42 là-dessus,
1291 3220 95 24 sans
1418 3222 140 26 corser
1583 3225 105 34 pour
1725 3215 89 36 cela
1853 3229 94 23 mon
1977 3229 92 34 pro-*

80 3282 230 36 gramme...
326 3284 18 18 »
363 3271 34 34 Il
411 3271 102 35 aime
535 3271 58 35 les
611 3283 217 26 morceaux
850 3274 247 47 développés
1114 3276 179 46 aupoint
1312 3278 48 34 de
1382 3287 74 27 vue
1475 3283 203 45 pratique
1685 3312 8 16 ,
1712 3295 69 25 car
1798 3284 59 36 s'il
1880 3296 41 24 se
1938 3285 130 36 donne

77 3339 215 47 beaucoup
315 3339 49 35 de
397 3339 83 35 mal
506 3350 103 35 pour
636 3340 58 36 les
717 3341 101 36 faire
837 3344 200 46 exécuter,
1060 3343 28 34 il
1161 3349 142 31 trouve
1327 3345 53 36 du
1401 3347 147 50 moins,
1565 3353 108 44 pour
1696 3362 74 25 son
1783 3356 270 45 programme
2059 3380 8 21 >

80 3419 52 23 un
154 3409 166 35 numéro
343 3405 226 47 çonsèquen
