2182 3606
501 118 150 33 DEUX
684 114 346 34 MANUSCRITS
1066 114 70 33 DE
1169 111 245 45 MUSIQUE
1448 111 70 32 DE
1554 110 146 32 LUTH

91 127 88 40 444

69 197 22 15 %

88 242 134 24 messe
240 231 23 34 à
279 242 22 35 4
316 228 106 43 voix,
438 238 96 25 sans
546 226 97 37 titre
660 231 40 31 et
715 237 96 24 sans
825 235 95 26 nom
934 224 190 36 d'auteur
1136 222 37 49 («
1187 223 147 43 Amen,
1357 223 51 35 Et
1423 221 129 36 vitam
1564 218 165 38 venturi
1747 217 143 46 seculi,
1910 216 134 36 Amen
2064 214 53 50 »),

89 300 101 36 dont
210 299 214 43 l'écriture,
448 298 86 35 très
556 295 207 49 négligée,
778 294 143 37 diffère
940 294 48 36 de
1011 294 99 36 celle
1133 293 74 36 des
1239 292 194 37 luthistes
1463 290 68 48 qui
1556 294 70 32 ont
1648 287 189 38 travaillé
1862 299 53 25 au
1945 298 145 26 manus-

90 369 75 37 crit
181 369 218 37 lui-même.

185 602 56 37 Le
260 600 231 39 manuscrit
507 601 31 35 B
559 598 216 51 (autrefois
792 600 94 35 coté
905 597 85 51 698,
1010 603 40 31 et
1067 597 308 48 actuellement,
1397 596 104 37 mais
1525 596 121 36 d'une
1669 595 183 37 manière
1868 591 248 51 provisoire,

86 671 127 52 9287),
235 677 63 31 est
315 684 52 24 un
388 670 82 36 in-8
490 670 158 48 oblong
670 668 66 48 (de
757 681 21 24 o
781 674 25 15 m
815 677 67 39 i4s
905 668 50 36 de
982 668 178 36 hauteur
1180 680 70 24 sur
1277 680 23 23 o
1306 673 26 16 m
1337 667 71 36 2oB
1432 666 49 37 de
1511 664 181 51 largeur)
1714 666 132 36 formé
1873 664 51 36 de
1956 663 162 36 cahiers

87 743 50 36 de
159 741 146 49 papier
325 741 116 48 réglé
470 741 103 35 dont
604 740 160 46 chaque
785 750 111 36 page
930 737 182 37 contient
1130 750 22 34 4
1171 738 167 46 portées
1368 737 49 35 de
1450 736 21 36 6
1494 736 151 48 lignes,
1671 741 41 31 et
1744 734 68 49 qui
1843 740 85 41 ont,
1955 744 161 26 comme

85 823 107 36 pour
207 812 36 35 le
272 809 228 38 manuscrit
521 810 50 46 A,
590 810 66 35 été
671 809 121 36 reliés
806 812 127 31 avant
954 807 127 36 d'être
1096 806 183 48 remplis.
1300 806 79 36 Les
1399 805 200 48 premiers
1622 805 181 37 feuillets
1822 810 72 31 ont
1916 805 64 35 été
2004 815 90 24 arra-

89 882 113 46 chés,
218 880 104 37 ainsi
341 892 76 35 que
434 880 36 35 le
494 879 75 36 dos
590 884 40 31 et
651 878 37 36 le
709 878 90 47 plat
815 876 210 48 supérieur
1048 877 49 35 de
1119 877 41 35 la
1181 876 168 44 reliure;
1373 877 36 34 le
1432 875 161 41 dernier
1614 876 102 46 plat,
1739 875 69 47 qui
1829 874 195 46 subsiste,
2051 880 66 30 est

86 963 48 24 en
156 962 105 25 veau
280 951 120 44 brun,
423 948 147 49 gaufré
593 950 24 33 à
636 946 107 37 froid
763 946 93 36 d'un
874 946 219 36 charmant
1108 944 294 37 encadrement
1418 957 49 24 en
1487 944 107 48 style
1612 944 289 37 Renaissance
1916 955 8 34 ;
1945 944 28 35 il
1995 948 121 43 porte

84 1020 60 36 les
165 1019 138 36 débris
327 1018 48 36 de
398 1022 147 42 quatre
560 1017 155 36 rubans
733 1016 50 35 de
801 1014 87 37 soie
910 1015 68 47 qui
997 1014 207 37 servaient
1223 1013 49 37 de
1295 1014 203 36 fermoirs.
1519 1013 208 48 Quelques
1751 1013 181 36 feuillets
1957 1018 72 31 ont
2052 1014 64 35 été

83 1089 234 47 également
341 1086 193 37 arrachés
555 1097 94 25 vers
679 1085 37 37 le
739 1084 137 37 milieu
893 1084 54 36 du
969 1084 180 36 volume.
1172 1084 34 35 Il
1227 1088 111 32 reste
1359 1096 49 24 en
1427 1089 94 30 tout
1544 1082 66 37 162
1634 1083 47 41 ff.
1704 1096 81 23 non
1805 1083 182 44 chiffrés,
2012 1094 105 36 pour

82 1158 179 46 lesquels
286 1169 102 24 nous
409 1168 130 25 avons
560 1157 183 46 supposé
766 1166 78 24 une
867 1154 249 48 pagination
1137 1153 211 37 conforme
1374 1154 24 34 à
1420 1153 117 37 l'état
1558 1153 135 37 actuel
1719 1153 54 37 du
1796 1153 247 39 manuscrit.

181 1226 169 37 Comme
370 1226 37 35 le
429 1224 229 37 manuscrit
681 1226 51 45 A,
757 1224 35 37 le
825 1223 230 37 manuscrit
1081 1223 31 36 B
1138 1235 23 24 a
1185 1228 232 43 appartenu
1443 1224 24 35 à
1487 1223 204 48 plusieurs
1714 1223 224 37 musiciens
1957 1223 67 48 qui
2044 1228 70 32 ont

82 1296 81 36 l'un
187 1298 120 45 après
324 1296 146 35 l'autre
495 1294 189 37 travaillé
707 1296 24 34 à
757 1294 36 36 le
816 1293 181 48 remplir.
1023 1293 55 37 Le
1099 1292 179 48 premier
1300 1305 44 24 se
1362 1292 154 37 servait
1529 1293 49 36 de
1600 1294 39 35 la
1658 1294 221 35 tablature
1899 1294 213 36 italienne

89 1365 220 46 ordinaire,
336 1376 50 24 en
410 1364 164 37 chiffres
604 1363 142 36 enfilés
769 1375 68 24 sur
858 1362 21 36 6
902 1363 149 48 lignes,
1073 1363 41 35 la
1137 1362 251 36 chanterelle
1418 1364 24 34 à
1469 1363 40 35 la
1543 1362 111 49 ligne
1676 1362 231 38 inférieure.
1942 1363 32 35 Il
2006 1363 86 36 indi-

83 1435 116 46 quait
221 1435 60 35 les
300 1434 166 37 valeurs
489 1435 140 35 tantôt
655 1445 76 35 par
754 1433 59 36 les
839 1433 154 47 figures
1010 1433 73 35 des
1107 1437 134 41 notes,
1267 1433 139 36 tantôt
1435 1438 41 30 et
1505 1432 94 47 plus
1625 1432 306 48 fréquemment
1958 1444 77 36 par
2053 1433 60 36 les

80 1515 157 35 queues
267 1504 241 35 seulement,
548 1503 34 35 Il
611 1502 144 37 faisait
785 1514 132 37 usage
947 1503 53 35 du
1029 1501 102 37 latin
1166 1513 52 25 ou
1251 1502 49 36 de
1328 1501 184 48 l'italien,
1544 1503 137 47 plutôt
1708 1514 80 36 que
1822 1503 54 36 du
1911 1503 199 46 français,

81 1572 186 47 lorsqu'il
300 1572 179 48 ajoutait
505 1584 77 24 aux
603 1583 224 25 morceaux
855 1572 181 47 quelque
1060 1571 265 47 explication.
1357 1571 54 36 Sa
1433 1577 95 42 part
1557 1572 105 36 dans
1685 1572 36 36 le
1746 1572 106 37 total
1875 1572 71 37 des
1969 1572 142 48 pièces

80 1645 225 34 contenues
329 1642 104 36 dans
462 1642 37 35 le
527 1641 232 37 manuscrft
781 1647 65 30 est
867 1641 49 36 de
946 1640 60 49 76,
1033 1640 67 49 qui
1128 1652 49 25 ne
1203 1646 168 42 portent
1395 1653 104 36 pour
1526 1641 40 37 la
1589 1642 170 48 plupart
1780 1654 77 35 pas
1880 1642 51 37 de
1950 1642 95 37 titre
2072 1642 39 37 ni

79 1711 50 36 de
151 1723 94 24 nom
271 1712 200 45 d'auteur,
500 1716 41 30 et
560 1710 67 48 qui
657 1715 94 31 sont
769 1712 207 47 groupées
999 1722 75 36 par
1097 1710 145 40 séries.
1272 1711 79 36 Les
1377 1711 41 36 ff.
1441 1710 150 37 laissés
1610 1711 117 37 vides
1752 1717 115 31 entre
1887 1724 68 24 ces
1982 1712 130 37 séries

77 1785 70 31 ont
163 1781 64 35 été
254 1780 93 48 plus
373 1779 94 37 tard
486 1779 159 37 utilisés
666 1792 77 34 par
764 1779 59 37 les
848 1785 137 31 autres
1007 1792 269 36 possesseurs
1306 1780 53 36 du
1381 1780 185 41 volume.

175 1849 55 36 Le
252 1849 156 36 feuillet
427 1848 80 48 qui,
545 1860 76 36 par
644 1849 105 36 suite
773 1849 49 36 de
853 1849 42 36 la
928 1849 237 37 mutilation
1189 1850 54 36 du
1268 1850 245 46 manuscrit,
1546 1863 43 24 se
1612 1856 147 32 trouve
1782 1852 261 48 aujourd'hui
2072 1853 37 38 le

71 1918 189 48 premier,
296 1918 185 37 contient
508 1931 52 24 au
587 1924 114 31 recto
728 1919 40 36 la
794 1919 55 35 fin
869 1919 95 36 d'un
987 1920 203 36 Ricercar
1197 1949 7 17 ,
1235 1925 40 31 et
1304 1932 52 24 au
1383 1931 136 36 verso,
1551 1920 283 49 Vadmiralle,
1864 1924 243 47 galliarde.

74 1986 168 38 Ensuite
258 1988 195 36 viennent
477 2000 8 25 :
507 1987 69 37 fol.
603 1999 89 37 240,
723 1988 237 37 Galliarde
983 1990 40 35 el
1041 1990 222 36 Molinaro
1272 2001 15 32 ;
1308 1989 42 37 ff.
1376 2002 21 37 9
1421 1991 24 34 à
1472 2001 57 35 12,
1551 1990 102 37 trois
1676 1991 140 48 pièces
1842 2004 97 24 sans
1963 1993 141 46 titres;

70 2057 42 36 ff.
142 2057 41 36 16
207 2060 23 33 à
256 2069 57 38 19,
341 2063 145 41 quatre
508 2058 140 47 pièces
672 2070 96 24 sans
787 2058 141 45 titres;
953 2058 25 36 f.
1008 2069 48 25 20
1082 2065 43 30 v°
1154 2060 148 48 Ongni
1320 2072 71 24 ver
1414 2072 62 24 me
1495 2061 131 36 aluno
1650 2073 173 33 venero;
1846 2062 26 36 f.
1893 2072 60 37 21,
1975 2065 135 35 Amor

69 2139 41 22 se
133 2127 107 35 doxa
263 2138 91 24 mor
377 2128 43 34 la
451 2127 148 49 doglia
612 2140 14 31 ;
648 2127 27 36 f.
698 2138 60 34 22,
782 2128 48 36 R.
859 2127 152 37 damor
1034 2127 54 49 (R
1104 2145 50 15 ==
1174 2129 236 37 Residuum
1418 2158 7 15 ,
1444 2129 90 50 fin);
1558 2130 24 37 f.
1603 2140 46 39 25
1671 2133 24 33 à
1712 2131 60 48 28,
1791 2138 148 42 quatre
1962 2133 139 47 pièces

71 2207 96 25 sans
208 2196 140 44 titres;
381 2196 28 37 f.
450 2207 46 37 33
512 2196 24 55 V
559 2196 24 55 0
606 2196 188 55 Ricercar
798 2208 8 34 ;
840 2197 44 36 ff.
909 2208 47 37 34
980 2202 42 32 v°
1060 2199 25 33 à
1116 2204 79 42 41,'
1215 2200 209 35 Recercar
1454 2200 72 50 xvj
1551 2200 24 36 à
1608 2201 134 50 xviiij
1757 2213 15 33 ;
1799 2202 87 36 àla
1906 2202 53 36 fin
1987 2203 51 36 de
2062 2215 45 24 ce

70 2265 174 46 dernier,
261 2265 58 36 les
341 2270 108 31 mots
470 2276 7 25 :
505 2280 18 19 «
543 2267 91 35 Ista
658 2270 63 32 est
738 2267 132 48 xviiij
895 2280 23 22 a
942 2279 84 35 qua
1051 2271 98 34 erat
1173 2268 232 49 incipiend.
1431 2284 19 19 »
1477 2282 7 33 ;
1513 2270 27 36 f.
1572 2282 48 36 43
1638 2277 42 30 v°
1708 2271 53 36 R.
1792 2284 52 24 xv
1859 2283 8 34 ;
1891 2272 43 36 ff.
1961 2272 47 48 46
2024 2281 40 28 v°
2085 2275 24 33 à

68 2333 62 48 65,
155 2333 66 36 dix
241 2334 138 47 pièces
400 2347 97 23 sans
516 2334 117 37 titres
651 2347 9 33 ;
686 2334 24 37 f.
732 2334 46 37 66
794 2341 56 41 v°,
874 2348 78 24 une
966 2336 117 47 pièce
1100 2349 98 24 sans
1216 2338 108 47 titre,
1344 2351 49 23 en
1409 2351 144 36 marge
1576 2340 50 36 de
1643 2340 177 48 laquelle
1841 2341 36 36 le
1893 2341 214 38 troisième

68 2414 247 36 possesseur
333 2404 54 35 du
408 2415 61 26 ms
491 2416 23 24 a
536 2404 142 47 ajouté
702 2415 7 26 :
735 2406 49 34 Le
808 2408 170 34 content
1003 2409 62 33 est
1098 2406 117 36 riche
1246 2420 49 24 en
1323 2420 41 24 ce
1395 2409 164 44 monde,
1585 2406 25 38 à
1638 2423 36 35 q,
1714 2411 282 49 Crecquillon
2030 2411 74 50 (1);

67 2472 43 36 ff.
136 2471 45 49 67
197 2471 18 60 V
233 2471 18 60 0
269 2471 18 60 à
310 2481 44 40 75
372 2479 56 40 v°,
455 2472 59 36 six
536 2473 138 46 pièces
694 2486 96 24 sans
814 2474 118 36 titres
952 2487 7 34 ;
987 2475 28 35 f.
1043 2485 44 40 77
1113 2475 136 51 (après
1274 2489 53 24 un
1357 2479 158 36 certain
1537 2480 171 37 nombre
1732 2481 50 36 de
1805 2481 42 37 ff.
1874 2482 230 49 arrachés),

68 2541 40 35 la
133 2541 55 35 fin
210 2541 121 36 d'une
357 2541 117 48 pièce
498 2554 97 24 sans
618 2542 119 46 titre;
759 2543 27 37 f.
813 2552 43 40 77
876 2551 57 41 v°,
957 2556 77 25 une
1054 2545 116 48 pièce
1194 2559 97 24 sans
1317 2547 95 36 titre
1431 2559 7 34 ;
1464 2548 43 36 ff.
1537 2549 45 48 78
1606 2555 42 30 v°
1676 2551 24 35 à
1726 2562 72 36 104
1814 2557 57 31 v°.
1897 2562 45 38 23
1965 2552 141 48 pièces

67 2615 182 42 portant,
285 2622 100 25 avec
411 2611 40 36 la
475 2612 122 36 lettre
620 2611 54 37 R.
700 2611 245 52 (Ricercar),
975 2615 60 36 les
1058 2615 165 37 chiffres
1257 2628 22 25 o
1310 2618 25 35 à
1359 2628 59 37 22,
1449 2618 109 47 plus,
1582 2631 107 35 pour
1716 2620 38 36 le
1778 2626 43 30 n°
1849 2632 34 35 2,
1909 2621 59 36 les
1994 2627 110 31 mots

74 2679 108 36 C'est
205 2678 23 36 à
251 2683 130 45 grant
405 2684 89 33 tort
499 2711 8 17 ,
530 2686 55 43 et,
607 2693 103 35 pour
729 2682 37 36 le
789 2689 42 30 n°
855 2695 35 36 3,
913 2685 192 48 Languir
1126 2684 77 51 (2);
1234 2686 26 36 f.
1290 2686 82 47 106,
1396 2686 117 48 pièce
1544 2688 126 38 suivie
1700 2690 72 36 des
1797 2696 108 31 mots
1920 2692 111 47 finis
2066 2693 38 34 le

71 2748 150 48 berger
244 2747 50 50 (3)
314 2760 8 35 ;
347 2749 28 36 f.
405 2759 85 39 107,
514 2750 116 47 pièce
654 2751 128 37 suivie
805 2752 72 37 des
898 2759 108 31 mots
1032 2755 101 42 finis
1154 2755 199 37 Maudite
1381 2757 90 36 soit
1494 2759 41 35 la
1556 2759 227 36 mondaine
1811 2759 185 37 richesse
2028 2762 78 47 qui

70 2829 78 23 ma
178 2816 86 38 ostè
291 2830 66 24 ma
380 2823 260 43 maistresse,
671 2822 91 48 Roy
787 2820 72 50 (4);
889 2822 29 36 f.
954 2835 82 38 109,
1059 2825 267 37 Prceludium
1348 2837 8 34 ;
1387 2825 27 38 f.
1450 2839 70 38 109
1549 2834 58 41 v°,
1636 2830 117 46 pièce
1787 2842 98 25 sans
1913 2830 112 44 titre,
2054 2842 49 25 en

70 2897 143 36 marge
235 2886 50 36 de
310 2888 176 46 laquelle
507 2900 77 24 une
609 2894 115 30 autre
754 2890 125 44 main,
905 2893 114 42 celle,
1040 2893 449 49 vraisemblablement,
1522 2897 53 36 du
1597 2898 213 38 troisième
1841 2910 260 38 possesseur,

69 2966 24 24 a
115 2954 164 47 ajouté:
303 2956 54 34 La
380 2957 210 46 Bataille,
619 2956 81 50 ày,
717 2958 247 50 Jannequin
989 2961 75 49 (5);
1090 2963 71 37 fol.
1188 2974 84 38 117,
1302 2965 116 48 pièce
1450 2978 97 24 sans
1570 2968 123 45 titre;
1719 2968 72 37 fol.
1822 2981 68 37 119
1905 2976 58 39 v°,
1984 2969 118 47 pièce

67 3024 201 46 précédée
298 3025 52 35 du
377 3024 95 37 titre
496 3025 154 47 abrégé
669 3028 68 35 Pt.
764 3039 73 25 rex
859 3034 41 31 et
926 3030 128 37 suivie
1083 3032 119 37 d'une
1233 3045 34 25 2.
1284 3038 54 45 Ps
1361 3034 197 49 (secunda
1579 3041 117 45 pars)
1717 3049 8 34 ;
1750 3037 73 37 fol.
1853 3049 67 37 123
1944 3044 44 31 v°
2014 3039 88 37 Rex

141 3208 42 38 (1)
204 3207 90 29 Nous
313 3217 37 19 ne
377 3208 208 28 connaissons
604 3218 57 27 pas
679 3206 141 33 l'édition
840 3212 160 36 originale
1014 3214 39 28 de
1073 3217 85 26 cette
1178 3216 144 29 chanson
1341 3217 39 29 de
1400 3217 223 37 Crecquillon.

142 3253 27 37 (2
192 3255 31 26 et
238 3253 27 37 3)
289 3253 45 27 Ce
353 3255 72 25 sont
446 3256 47 25 les
512 3256 89 25 titres
617 3257 38 25 de
674 3258 159 27 chansons
851 3260 160 32 plusieurs
1030 3261 60 25 fois
1108 3262 96 26 mises
1224 3271 39 18 en
1277 3263 147 34 musique
1441 3274 57 24 par
1517 3265 106 28 divers
1644 3268 244 35 compositeurs.

141 3298 41 36 (4)
204 3298 45 27 Ce
275 3300 96 31 texte,
391 3299 58 26 mis
473 3307 40 18 en
538 3300 144 34 musique
708 3310 58 25 par
791 3300 138 30 Clàudin
948 3305 38 26 de
1013 3303 149 36 Sermisy,
1183 3315 19 17 a
1221 3305 52 28 été
1291 3307 144 35 imprimé
1454 3318 39 18 en
1516 3318 69 27 1573
1608 3313 79 26 dans
1706 3315 30 25 le
1753 3314 125 28 Second
1896 3314 136 30 Recueil
2045 3313 52 32 des

65 3341 149 28 Recueils
229 3342 37 26 de
289 3343 17 26 C
317 3342 156 34 hausons,
493 3343 19 25 d
526 3342 120 28 Adrien
673 3344 44 28 Le
737 3345 81 35 Roy.
839 3346 45 28 Le
901 3351 66 24 mot
987 3348 83 36 Roy,
1089 3349 79 28 dans
1191 3353 28 24 le
1239 3354 177 26 manuscrit
1437 3353 36 34 B,
1495 3358 146 29 pourrait
1667 3359 82 26 donc
1776 3358 101 29 n'être
1903 3370 63 24 que
1994 3360 89 28 l'indi-

66 3388 107 25 cation
192 3388 38 25 de
249 3385 215 35 l'imprimeur.
486 3387 78 34 Voy.
585 3397 80 24 pour
683 3397 36 19 ce
740 3389 150 36 Recueil,
910 3392 126 33 Eitner,
1049 3393 261 38 Bibliographie
1329 3395 60 28 der
1407 3398 373 31 Musiksammelwerke
1785 3425 5 6 .
1811 3413 28 25 p.
1863 3405 63 34 185.

140 3429 41 37 (5)
204 3431 48 25 On
272 3432 60 25 sait
352 3439 60 25 que
431 3431 185 35 Jannequin
632 3435 88 26 avait
741 3433 80 33 écrit
840 3445 35 18 sa
896 3439 144 26 chanson
1061 3438 19 27 à
1098 3448 16 25 4
1132 3439 73 27 voix
1222 3449 5 25 ;
1249 3449 61 18 une
1331 3441 180 35 cinquième
1531 3446 82 33 voix,
1639 3448 193 28 facultative
1863 3458 20 22 y
1901 3452 49 25 fut
1968 3449 129 31 ajoutée

66 3483 57 23 par
141 3474 165 27 Verdelot.
1837 3470 6 13 '
