2156 3464
604 147 68 34 LA
707 134 132 46 FÊTE
874 146 68 33 DE
975 145 139 34 NOËL
1148 144 63 34 ET
1244 144 69 33 LA
1346 141 238 44 MUSIQUE

2003 141 84 40 433

205 258 115 36 Dans
344 256 202 38 certaines
569 255 148 48 églises
740 252 174 43 d'ltalie,
936 263 76 36 par
1033 252 199 46 exemple,
1256 264 52 23 on
1334 256 119 42 porte
1479 250 41 35 la
1541 253 136 31 statue
1705 247 49 36 de
1775 244 319 49 l'Enfant-Jésus

100 341 48 23 en
183 326 238 48 procession
456 327 24 33 à
503 330 160 30 travers
691 322 156 48 l'église
881 321 183 47 pendant
1098 332 78 35 que
1212 320 37 36 le
1279 320 100 47 jubé
1414 320 170 35 exécute
1615 328 77 24 une
1722 313 240 50 symphonie
1990 324 104 36 pour

94 397 265 35 instruments
381 396 24 33 à
426 393 160 36 cordes.
615 392 60 35 La
694 390 240 48 procession
957 391 114 34 étant
1091 400 173 25 revenue
1287 388 151 35 devant
1465 385 152 46 l'autel,
1641 383 321 48 l'Enfant-Jésus
1981 393 25 35 y
2029 386 64 30 est

96 465 118 46 placé
237 463 102 35 dans
361 473 79 25 une
463 461 160 45 crèche,
645 465 43 30 et
708 459 40 35 la
771 470 134 24 messe
931 468 248 26 commence.

195 532 115 35 Dans
332 531 199 47 quelques
554 528 152 48 églises
732 526 309 42 dominicaines,
1064 525 321 48 l'Enfant-Jésus
1412 529 63 31 est
1498 524 131 46 placé,
1655 526 124 31 avant
1807 518 191 45 Matines,
2024 529 67 24 sur

94 600 160 44 l'autel;
279 612 52 23 on
358 600 35 35 le
417 598 157 37 dévoile
597 598 24 35 à
642 595 284 46 l'lnvitatoire,
950 600 40 30 et
1012 606 51 24 au
1103 593 47 37 Te
1170 595 132 35 Deum
1326 604 51 24 on
1405 593 37 35 le
1463 597 118 41 porte
1611 603 47 23 en
1679 588 241 49 procession
1941 598 91 25 vers
2051 586 39 36 la

97 670 158 37 crèche.

191 738 66 36 Au
285 749 148 36 moyen
458 738 94 46 âge,
579 735 41 36 la
653 732 241 49 procession
920 743 43 24 se
985 731 141 36 faisait
1147 731 48 35 de
1227 732 131 33 même
1379 740 92 25 vers
1491 729 41 35 la
1552 728 156 41 crèche,
1735 725 121 47 qu'on
1879 736 24 24 a
1922 724 166 36 dressée

96 807 176 36 derrière
294 806 36 35 le
355 804 294 44 maître-autel,
673 808 40 31 et
742 804 51 34 où
816 813 42 24 se
877 806 143 31 trouve
1042 811 77 24 une
1140 799 135 46 image
1308 798 49 35 de
1380 799 40 34 la
1448 797 139 35 Sainte
1608 795 167 47 Vierge.
1797 794 66 34 Un
1881 793 139 36 enfant
2042 792 47 34 de

93 877 142 35 chœur
257 887 43 23 se
331 879 84 31 met
437 875 24 35 à
484 874 166 35 l'entrée
679 872 53 36 du
760 872 162 43 chœur;
946 870 27 35 il
1000 870 236 45 représente
1255 868 137 46 l'ange
1415 872 41 29 et
1477 875 183 26 annonce
1691 875 76 23 aux
1795 861 221 37 chanoines
2039 871 50 23 ou

95 956 76 23 aux
204 943 158 36 moines
394 943 41 36 la
467 942 217 36 naissance
719 941 55 35 du
802 939 195 36 Sauveur.
1030 938 84 35 Des
1145 936 156 36 moines
1331 947 53 24 ou
1425 934 71 36 des
1532 934 143 44 clercs,
1712 932 287 46 représentant
2032 929 56 33 les

91 1013 187 47 bergers,
303 1017 160 31 entrent
484 1011 54 36 du
562 1012 75 34 bas
661 1011 91 35 côté
781 1009 52 36 du
863 1009 138 35 chœur
1022 1011 40 31 et
1084 1017 42 24 se
1150 1004 179 47 dirigent
1355 1015 92 25 vers
1469 1004 37 34 la
1534 1002 143 36 crèche
1707 1011 47 24 en
1784 999 196 36 chantant
2000 997 90 36 Pax

96 1093 42 26 m
164 1083 129 34 terris
316 1081 124 49 [Paix
467 1092 74 24 sur
566 1081 42 34 ta
641 1078 142 49 terre).

193 1150 59 35 Là
278 1150 194 47 s'engage
493 1161 52 24 un
569 1148 191 47 dialogue
783 1157 157 26 comme
961 1145 37 35 le
1018 1143 175 37 suivant.
1220 1142 189 36 DIACRES
1433 1153 52 23 OU
1507 1140 129 35 clercs
1661 1140 93 45 près
1777 1136 50 37 de
1848 1136 41 35 la
1913 1135 143 36 crèche
2078 1144 8 26 ;

117 1220 90 46 Que
212 1230 36 24 m
277 1220 213 47 quaeritis
518 1219 43 34 in
586 1220 214 45 praesepe,
826 1218 197 45 pastores
1049 1213 130 35 dicite
1191 1223 8 32 ;
1301 1210 68 47 qui
1396 1209 319 37 cherchez-vous
1745 1206 101 34 dans
1868 1204 42 35 la
1928 1203 158 41 crèche,

94 1288 183 46 bergers,
311 1286 127 36 dites?
563 1287 84 34 Des
682 1295 216 27 CHANTRES
934 1281 227 49 répondent
1190 1293 9 22 :
1238 1294 19 20 «
1290 1280 262 35 Scilvatorem
1593 1275 218 38 Christum
1844 1274 243 41 Dommum,

95 1356 211 43 infantem
320 1355 160 48 pannis
499 1355 251 44 invoïutum,
775 1351 223 37 secundum
1018 1360 229 25 sermonem
1270 1347 240 49 angelicum
1520 1356 14 34 ;
1549 1344 97 36 —le
1665 1343 195 40 Sauveur,
1877 1341 35 34 le
1936 1338 150 43 Christ,

94 1423 38 37 le
168 1423 210 47 Seigneur,
414 1435 53 23 un
501 1423 141 35 enfant
673 1421 226 47 enveloppé
927 1420 50 35 de
1009 1420 158 45 langes,
1202 1416 162 37 suivant
1397 1416 40 35 la
1456 1413 142 48 parole
1630 1413 48 34 de
1712 1413 11 33 1
1740 1422 106 36 ange
1871 1423 34 21 ».
2010 1407 76 35 Les

94 1504 176 25 DIACRES
292 1504 7 24 :
324 1507 19 19 «
382 1493 116 36 Voici
522 1504 41 23 ce
580 1493 114 47 petit
724 1491 165 43 Enfant
912 1500 94 24 avec
1024 1489 157 40 Marie,
1205 1498 45 23 sa
1279 1484 125 45 mère,
1435 1483 159 48 duquel
1625 1482 36 35 le
1689 1477 204 50 prophète
1925 1478 114 34 Isaïe
2062 1488 22 22 a

85 1561 148 48 prédit
295 1562 117 35 Voici
432 1561 150 47 qu'une
619 1561 149 47 Vierge
793 1569 196 25 concevra
1014 1560 40 32 et
1082 1556 230 48 enfantera
1345 1566 52 22 un
1416 1553 90 47 fils.
1531 1552 52 34 Et
1607 1561 110 30 vous,
1741 1548 108 46 alle\
1877 1556 200 26 annoncei

94 1630 108 47 qu'il
238 1631 114 35 vient
388 1630 49 35 de
476 1632 157 33 naître.
666 1642 19 19 »
798 1626 77 36 Les
908 1636 216 27 CHANTRES
1154 1635 9 25 :
1199 1623 212 44 Alléluia,
1442 1620 200 36 alléluia.
1673 1617 277 35 Maintenant
1987 1625 101 23 nous

90 1710 147 24 savons
252 1700 212 34 vraiment
484 1709 78 36 que
587 1698 38 35 le
650 1696 149 37 Christ
819 1698 61 33 est
901 1694 47 36 né
976 1706 75 23 sur
1073 1697 127 41 terre,
1222 1691 172 48 duquel,
1418 1701 96 24 vous
1529 1690 147 33 autres
1700 1689 105 41 tous,
1833 1682 183 42 chantez,
2042 1693 45 22 en

92 1767 147 35 disant
263 1779 94 23 avec
384 1768 37 34 le
440 1764 207 50 Prophète
668 1778 7 23 :
706 1766 115 35 PUER
849 1775 135 25 NATUS
1006 1774 73 25 EST
1101 1773 133 25 NOBIS.
1260 1760 76 35 Ces
1359 1757 179 37 derniers
1562 1759 108 33 mots
1694 1759 93 31 sont
1814 1754 35 34 le
1880 1762 178 25 commen-

90 1841 159 30 cement
270 1835 49 36 de
340 1835 175 35 l'lntroït
536 1846 104 36 pour
661 1834 41 35 la
723 1832 206 37 troisième
952 1843 135 25 messe
1109 1830 65 49 (i).

188 1904 63 36 On
276 1904 37 35 le
340 1903 100 47 voit,
463 1903 37 36 le
528 1908 117 41 trope
676 1901 174 48 primitif
874 1901 97 36 s'est
1002 1899 143 48 élargi,
1182 1898 27 35 il
1235 1896 99 37 s'est
1366 1895 246 36 transformé
1641 1904 48 24 en
1715 1902 76 25 une
1816 1889 126 47 petite
1965 1890 120 33 scène

88 1973 270 46 dramatique,
381 1973 213 35 rattachée
617 1983 51 25 au
685 1976 108 30 texte
815 1971 131 35 même
969 1969 48 35 de
1039 1969 40 35 la
1100 1966 179 48 liturgie,
1300 1970 40 31 et
1360 1965 223 46 préparant
1604 1962 10 34 1
1632 1961 146 34 Introït
1799 1958 48 36 de
1870 1958 38 35 la
1927 1957 155 35 Messe.

87 2042 33 35 Il
149 2042 65 35 n'a
233 2041 91 47 plus
353 2041 120 47 qu'un
492 2052 76 36 pas
592 2042 26 34 à
636 2039 100 36 faire
755 2050 103 36 pour
880 2037 225 37 constituer
1128 2048 53 24 un
1201 2034 200 37 véritable
1420 2032 139 35 drame
1576 2029 233 48 liturgique.

184 2110 108 35 Pour
314 2121 44 24 ce
377 2109 116 47 faire,
518 2121 52 24 on
591 2108 54 36 lui
666 2109 181 34 donnera
869 2118 76 24 une
965 2110 115 31 autre
1101 2105 131 46 place,
1256 2102 132 35 moins
1403 2099 229 45 restreinte,
1652 2098 102 35 dans
1769 2096 11 35 1
1797 2095 129 36 Office
1943 2095 115 34 sacré
2073 2105 7 30 ;

86 2190 51 24 on
155 2190 49 23 ne
225 2178 37 35 le
285 2178 128 35 soude
434 2178 91 46 plus
548 2179 24 34 à
592 2177 199 44 l'lntroït;
814 2188 51 23 on
884 2176 35 34 le
941 2175 147 35 chante
1109 2175 24 33 à
1152 2171 179 36 Matines
1350 2171 119 45 après
1490 2169 35 34 le
1546 2166 159 37 dernier
1725 2167 149 45 répons
1895 2169 38 30 et
1957 2168 124 31 avant

84 2247 37 35 le
157 2246 47 36 Te
226 2248 133 35 Deum
383 2246 67 47 qui
473 2246 125 35 devra
620 2246 109 35 clore
750 2245 238 46 dignement
1009 2254 67 24 ces
1105 2243 158 34 scènes.

184 2314 136 36 Parmi
338 2315 59 35 les
417 2314 162 36 drames
602 2313 245 48 liturgiques
867 2312 67 46 qui
954 2312 286 45 représentent
1259 2307 269 36 directement
1549 2305 36 35 le
1607 2305 179 46 mystère
1809 2302 48 35 de
1880 2301 119 45 Noël,
2022 2300 56 35 les

84 2384 92 48 plus
209 2395 154 24 connus
390 2389 70 30 ont
489 2394 104 35 pour
619 2383 94 35 titre
745 2394 6 24 :
783 2380 36 36 L
824 2380 168 36 Adorât
999 2380 64 35 ion
1093 2378 70 35 des
1193 2377 162 47 Mages,
1385 2376 71 34 Les
1484 2375 217 41 Pasteurs,
1732 2372 70 34 Les
1834 2373 106 33 trois
1966 2369 113 35 Rois.

85 2452 193 36 D'autres
313 2452 60 46 s'y
402 2453 241 44 rapportent
673 2450 136 47 plutôt
842 2448 323 42 indirectement,
1199 2455 158 26 comme
1392 2443 57 34 les
1477 2442 163 34 drames
1672 2439 48 36 de
1752 2439 161 35 Daniel
1947 2442 39 30 et
2021 2437 56 33 les

85 2519 226 49 Prophètes
332 2519 56 35 du
414 2519 162 36 Christ.

182 2589 61 36 La
272 2589 151 45 langue
451 2587 123 36 latine
607 2592 40 30 et
673 2587 37 34 le
735 2585 265 47 plain-chant
1026 2583 101 35 dans
1153 2582 178 45 lesquels
1357 2580 49 35 ils
1435 2584 71 31 ont
1530 2579 64 34 été
1617 2576 217 46 composés
1856 2573 224 37 réussirent

85 2659 24 34 à
140 2658 87 35 leur
254 2667 217 26 conserver
499 2667 53 24 un
576 2656 210 34 caractère
819 2653 300 35 suffisamment
1155 2651 161 35 austère
1357 2653 40 30 et
1426 2645 326 46 ecclésiastique,
1788 2654 103 36 pour
1922 2655 48 22 ne
2002 2652 75 36 pas

81 2726 182 47 paraître
298 2725 191 46 déplacés
523 2724 102 35 dans
653 2723 35 35 le
717 2721 123 36 cadre
867 2721 115 35 sacré
1011 2721 52 34 où
1083 2719 49 35 ils
1157 2717 233 49 figuraient.
1420 2715 106 36 Mais
1560 2714 49 35 ils
1645 2712 163 37 avaient
1841 2723 48 23 en
1925 2723 72 23 eux
2025 2721 53 24 un

82 2806 140 37 germe
245 2795 48 35 de
312 2792 237 37 mondanité
575 2791 67 48 qui
661 2803 48 23 ne
731 2790 120 36 tarda
871 2800 75 36 pas
967 2791 23 33 à
1011 2789 60 35 les
1093 2792 140 42 porter
1256 2797 46 24 en
1326 2785 146 35 dehors
1489 2784 49 35 de
1566 2784 12 34 1
1597 2787 175 42 auguste
1801 2779 184 37 enceinte
2005 2779 71 36 des

81 2864 190 47 temples.
294 2862 123 36 Alors
446 2872 102 25 nous
571 2873 25 35 y
620 2871 158 36 voyons
809 2858 153 47 figurer
992 2867 157 25 comme
1178 2860 177 37 acteurs,
1382 2865 80 23 non
1493 2852 92 46 plus
1620 2851 71 35 des
1715 2850 143 44 clercs,
1882 2848 103 36 mais
2006 2848 70 35 des

77 2933 172 47 laïques,
280 2936 40 32 et
339 2942 67 25 ces
429 2930 162 36 drames
615 2927 243 49 liturgiques
881 2930 93 32 sont
995 2924 179 37 devenus
1203 2923 50 36 de
1283 2922 165 47 simples
1470 2922 204 46 mystères
1695 2918 192 47 religieux
1907 2916 68 49 (2).

77 3116 33 25 et
127 3116 31 24 la
175 3115 167 32 puissance
360 3114 31 26 et
409 3114 28 26 le
455 3111 98 34 règne
571 3112 71 25 sont
660 3112 78 25 dans
762 3118 35 18 sa
813 3110 95 25 main.
927 3107 44 26 Et
991 3114 59 19 son
1069 3114 76 19 nom
1161 3107 46 25 est
1223 3116 5 17 :
1253 3104 198 33 Admirable,
1474 3102 187 32 Conseiller,
1685 3100 83 27 Dieu
1789 3100 153 34 puissant,
1966 3098 14 26 I
1992 3099 85 24 rince

78 3159 39 24 de
132 3159 32 23 la
181 3158 82 31 paix,
284 3165 85 25 ange
380 3155 45 27 du
442 3154 116 36 grand
574 3153 136 29 conseil.
737 3154 51 28 Ps.
809 3152 152 32 Chantez,
980 3153 63 25 etc.
1066 3161 13 14 »

155 3199 39 37 (1)
217 3198 86 28 Léon
321 3199 145 26 Gautier.
486 3199 153 26 Histoire
643 3219 6 13 ,
668 3200 82 31 etc.,
776 3199 49 25 ch.
843 3203 69 22 xiv.

154 3243 40 36 (2)
216 3242 94 27 Cette
334 3244 183 25 distinction
536 3245 87 24 entre
642 3242 139 26 Drames
799 3238 209 36 liturgiques
1035 3240 31 25 et
1091 3238 155 34 Mystères
1271 3245 18 18 a
1313 3234 51 29 été
1386 3235 77 26 faite
1479 3241 57 26 par
1557 3231 46 28 M.
1623 3234 37 24 de
1681 3231 244 31 Coussemaker,
1942 3228 136 27 Drames

80 3285 209 38 liturgiques
294 3306 6 12 ,
319 3286 101 30 Paris,
440 3285 132 34 Didron,
592 3285 69 33 1861,
684 3285 226 31 introduction,
929 3292 30 26 p.
979 3282 25 29 8,
