2182 3638
77 110 87 54 436

489 118 109 34 UNE
633 115 285 36 NOUVELLE
951 115 256 36 HISTOIRE
1241 116 70 33 DE
1345 116 67 35 LA
1450 114 246 44 MUSIQUE

80 227 71 36 des
173 238 133 37 pages
332 228 265 35 charmantes
619 231 40 32 et
678 226 69 47 qui
763 228 215 45 comptent
995 226 134 49 parmi
1145 226 59 36 les
1223 226 133 37 mieux
1374 225 201 50 inspirées
1592 224 50 36 de
1665 235 76 24 son
1759 233 139 26 œuvre
1914 231 8 34 ;
1947 219 108 37 enfin
2077 219 37 35 le

78 298 127 35 Stem
232 309 73 24 von
329 296 249 38 Bethlehem
605 296 49 36 de
679 295 300 49 Rheinberger.

178 366 139 36 Parmi
338 367 60 35 les
421 378 162 24 œuvres
606 365 72 37 des
701 365 305 47 compositeurs
1025 365 198 49 français,
1239 366 134 37 citons
1397 367 54 35 La
1468 365 126 37 Fuite
1617 376 49 23 en
1683 364 158 48 Egypte
1863 361 50 36 de
1936 358 178 46 Berlioz,

80 437 55 35 La
157 435 276 48 Rédemption
453 434 56 50 (et
524 435 36 35 le
576 433 235 51 Bethléem)
835 435 49 36 de
907 434 173 37 Gounod
1101 440 41 31 et
1164 435 101 37 celle
1289 437 49 35 de
1359 435 127 37 César
1503 433 152 46 Frank,
1671 432 25 36 Y
1707 432 207 36 Oratorio
1937 430 50 35 de
2006 429 108 36 Noël

83 505 49 36 de
151 504 287 42 Saint-Saëns,
463 505 52 34 La
538 503 192 38 Nativité
746 504 49 36 de
818 504 129 36 Henri
970 504 216 37 Maréchal
1207 511 40 30 et
1265 506 56 35 La
1338 506 106 37 Nuit
1465 505 49 35 de
1537 504 107 37 Noël
1672 502 49 36 de
1747 499 168 39 Gabriel
1938 499 164 38 Pierné.

179 574 287 46 Récemment,
492 573 142 36 Perosi
658 586 23 24 a
706 573 133 48 réjoui
863 575 37 35 le
922 574 149 37 monde
1100 587 76 35 par
1202 587 74 24 son
1294 576 66 35 bel
1383 573 182 38 oratorio
1590 574 41 35 II
1661 572 161 37 Natale
1828 600 8 17 ,
1868 581 138 25 œuvre
2040 567 70 47 qui

80 654 170 36 marque
271 654 54 25 un
351 645 174 46 progrès
553 642 177 37 sensible
760 655 69 25 sur
856 645 59 35 les
944 644 300 47 compositions
1272 644 272 48 précédentes
1574 643 51 36 du
1672 642 148 36 maître
1851 639 162 38 italien.
2048 637 61 36 La

77 712 186 48 peinture
285 712 50 36 de
361 713 41 35 la
425 712 87 36 nuit
538 712 50 36 de
611 712 108 37 Noël
740 724 76 36 par
840 714 239 36 l'orchestre
1101 719 42 31 et
1169 715 36 35 le
1235 714 230 36 reclinavit
1493 726 48 23 eu
1548 713 106 36 min
1671 710 210 50 prœsepio
1909 709 52 36 du
1989 708 121 35 ténor

79 786 106 42 sont,
211 786 113 31 entre
347 788 154 41 autres,
527 782 70 36 des
619 782 157 47 parties
799 783 271 36 inoubliables
1093 795 104 36 pour
1218 783 233 48 quiconque
1473 784 59 35 les
1555 795 24 23 a
1602 781 241 37 entendues.

178 851 74 36 Cet
275 863 167 35 aperçu,
466 856 92 31 tout
585 851 226 48 incomplet
831 853 96 47 qu'il
947 852 93 43 soit,
1071 852 154 36 fournit
1246 864 78 25 une
1347 853 191 35 nouvelle
1559 863 155 36 preuve
1741 850 49 36 de
1820 849 288 47 l'importance

82 932 76 35 que
184 920 60 36 les
270 920 196 37 sublimes
491 924 205 45 mystères
719 921 49 36 de
798 921 41 36 la
862 921 173 48 religion
1058 926 71 31 ont
1157 933 74 24 eue
1254 922 103 35 dans
1386 921 37 36 le
1446 921 348 47 développement
1814 918 232 47 historique
2069 922 40 31 et

82 989 231 47 esthétique
336 990 49 36 de
407 990 104 46 l'art,
534 995 40 30 et
602 990 49 36 de
677 991 90 35 l'art
788 990 176 37 musical
986 1002 48 24 en
1054 990 251 46 particulier.
1331 990 57 36 Ils
1413 995 94 31 sont
1529 990 40 35 la
1592 1001 145 24 source
1757 990 41 35 la
1819 990 93 45 plus
1934 987 174 36 féconde

78 1059 49 37 de
147 1071 65 25 ses
237 1060 92 47 plus
353 1059 196 36 sublimes
570 1059 282 48 inspirations.

1280 1060 97 37 DOM
1398 1060 178 38 HUGUES
1600 1059 197 43 GAISSER,
1814 1057 49 37 O.
1882 1057 40 37 S.
1942 1057 47 36 B.

487 1360 125 43 Une
648 1360 266 43 nouvelle
946 1360 242 43 histoire
1222 1360 70 43 de
1322 1360 54 42 la
1407 1360 285 53 musique.

87 1486 79 36 The
208 1487 172 49 Oxford
407 1486 161 49 liistory
604 1488 52 44 of
676 1488 149 47 music,
864 1488 79 36 vol.
975 1488 34 45 /,
1053 1487 78 35 The
1161 1486 250 49 polyphonie
1433 1486 168 49 period.
1632 1487 123 35 Part.
1788 1486 30 45 /,
1848 1484 180 37 Method
2059 1487 46 41 of

176 1557 183 35 musical
386 1559 73 33 art
464 1587 7 16 ,
498 1568 207 36 330-1330,
736 1568 76 35 par
840 1557 54 35 H.
925 1558 45 34 E.
1006 1557 278 48 Wooldridge
1292 1585 7 14 ,
1321 1556 59 36 M.
1411 1556 68 46 A.,
1500 1555 241 49 professeur
1776 1554 214 37 d'histoire
2032 1554 73 35 des

176 1625 268 36 Beaux-Arts
487 1627 24 34 à
550 1625 266 37 l'Université
857 1625 208 37 d'Oxford.
1105 1625 85 50 (Un
1216 1626 83 36 fort
1333 1627 81 35 vol.
1451 1625 48 37 de
1525 1625 72 47 388
1628 1637 40 35 p.
1700 1636 102 26 avec
1834 1624 270 37 nombreuses

177 1695 198 47 planches
398 1695 223 36 musicales
642 1700 41 31 et
703 1695 256 43 fac-similés,
984 1694 171 47 Oxford,
1176 1695 233 36 Clarendon
1433 1695 138 45 Press,
1601 1693 127 51 1901.)

179 1821 118 38 Voici
333 1822 37 36 le
401 1822 176 47 premier
610 1822 164 36 volume
817 1822 117 37 d'une
975 1822 170 37 histoire
1180 1822 50 36 de
1256 1823 40 35 la
1320 1822 189 44 musique
1546 1822 101 36 dont
1687 1822 38 35 la
1764 1821 247 48 conception
2044 1826 64 31 est

77 1892 204 45 nouvelle,
307 1897 40 30 et
368 1892 82 47 qui,
476 1892 80 35 soit
576 1903 76 35 par
671 1892 39 35 la
732 1894 156 34 netteté
909 1892 49 36 de
982 1904 75 24 son
1077 1893 114 47 plan,
1217 1892 77 36 soit
1315 1904 76 35 par
1412 1892 39 35 la
1470 1893 270 46 compétence
1764 1897 40 30 et
1826 1891 205 36 l'autorité
2057 1890 49 38 de

76 1972 99 24 ceux
198 1960 68 47 qui
288 1972 49 24 en
360 1966 240 31 assureront
614 1962 262 46 l'exécution,
899 1962 137 47 paraît
1059 1962 186 36 destinée
1269 1963 101 34 àun
1392 1961 170 36 brillant
1584 1963 161 34 succès.
1774 1976 18 19 «
1817 1960 218 36 L'histoire
2057 1961 49 35 de

74 2030 95 36 l'art
193 2030 189 46 musical,
417 2029 58 37 dit
506 2030 186 36 l'éditeur
725 2030 82 50 (W.
843 2031 54 36 H.
935 2031 178 49 Hadow)
1148 2031 103 36 dans
1275 2043 77 24 une
1382 2036 145 31 courte
1555 2031 183 46 préface,
1769 2042 24 24 a
1825 2031 65 35 été
1910 2029 195 49 jusqu'ici

77 2099 323 49 biographique.
426 2100 87 36 Elle
536 2111 24 25 a
589 2112 49 24 eu
660 2100 36 36 le
718 2103 132 33 même
873 2101 129 47 esprit
1022 2112 79 35 que
1120 2100 202 48 l'épopée,
1343 2100 69 48 qui
1435 2100 76 36 fixe
1537 2105 117 31 notre
1679 2099 250 37 admiration
1955 2111 69 24 sur
2044 2100 61 35 les

74 2168 164 48 princes
262 2174 40 31 et
323 2169 56 36 les
401 2170 122 35 héros
546 2169 151 43 d'élite,
721 2170 104 36 mais
849 2182 103 24 nous
977 2170 218 49 renseigne
1219 2183 80 36 peu
1321 2182 69 25 sur
1411 2169 38 37 le
1472 2175 330 42 gouvernement
1828 2169 55 36 du
1904 2181 201 36 royaume

78 2249 53 24 ou
172 2238 40 36 la
248 2238 162 36 fortune
443 2239 50 36 de
540 2239 180 37 l'armée.
757 2240 119 36 Cette
922 2240 193 36 méthode
1159 2246 63 30 est
1253 2240 289 47 intéressante,
1572 2240 193 35 humaine
1790 2251 8 34 ;
1827 2239 76 36 elle
1944 2244 65 31 est
2052 2251 53 24 un

77 2307 221 48 hommage
332 2308 128 36 rendu
494 2320 78 24 aux
620 2309 155 48 grands
822 2310 170 35 maîtres
1009 2321 7 34 ;
1058 2310 104 35 mais
1208 2310 77 36 elle
1327 2310 112 36 ade
1484 2310 226 36 nombreux
1754 2309 314 37 inconvénients
2099 2321 7 23 :

77 2377 75 35 elle
180 2376 123 36 laisse
332 2377 173 36 d'abord
533 2377 103 36 dans
665 2378 170 36 l'ombre
866 2379 59 35 les
951 2390 159 25 œuvres
1134 2379 71 35 des
1235 2379 304 47 compositeurs
1570 2378 267 37 secondaires
1853 2390 89 34 ;en
1972 2384 134 41 outre,

75 2445 72 36 elle
168 2445 118 47 place
308 2446 58 36 les
383 2446 301 48 compositeurs
716 2447 49 36 de
795 2447 119 48 génie
943 2448 104 36 dans
1076 2460 79 24 une
1184 2448 259 48 perspective
1469 2449 155 36 fausse.
1655 2447 220 37 L'histoire
1904 2447 94 37 d'un
2029 2453 76 41 art,

76 2527 158 24 comme
257 2515 102 36 celle
379 2515 116 36 d'une
518 2517 156 47 nation,
700 2522 63 31 est
783 2523 116 30 autre
923 2518 126 35 chose
1078 2518 146 47 qu'une
1248 2518 105 36 suite
1377 2518 48 36 de
1447 2530 223 35 prouesses
1691 2518 302 37 individuelles.
2018 2518 84 36 Elle

74 2583 90 36 doit
185 2589 180 31 montrer
386 2585 59 35 les
467 2586 188 36 humbles
673 2592 375 31 commencements
1068 2593 41 30 et
1127 2588 36 35 le
1185 2588 84 35 lent
1285 2588 175 47 progrès
1478 2587 71 36 des
1570 2587 155 36 formes
1742 2587 49 36 de
1809 2587 291 48 composition.

74 2653 99 37 Cela
205 2661 62 30 est
295 2661 159 30 surtout
490 2656 87 36 vrai
608 2656 51 36 de
687 2656 94 36 l'art
812 2656 174 36 musical
1018 2659 52 34 où
1101 2659 141 46 règne,
1271 2658 94 46 plus
1395 2669 78 35 que
1499 2663 171 42 partout
1692 2657 183 47 ailleurs,
1899 2658 41 35 la
1969 2658 54 36 loi
2052 2659 50 35 de

73 2724 224 36 continuité
320 2739 33 22 ».
380 2725 115 36 Dans
518 2731 108 31 cette
645 2738 126 36 page,
796 2738 78 35 que
882 2726 44 48 je
948 2729 164 34 résume
1137 2739 52 23 ou
1207 2727 159 36 traduis
1388 2727 232 47 librement,
1643 2739 104 25 nous
1766 2739 163 37 voyons
1959 2739 79 37 que
2061 2728 42 36 la

73 2793 187 36 nouvelle
281 2793 171 37 histoire
476 2795 251 37 s'attachera
756 2798 25 33 à
801 2796 151 36 l'étude
975 2797 71 35 àes
1061 2809 152 36 genres
1235 2802 40 31 et
1298 2798 24 35 à
1337 2797 89 36 leur
1443 2796 225 37 évolution.
1694 2797 64 36 On
1791 2809 49 24 ne
1868 2797 235 38 s'étonnera

73 2872 75 35 pas
172 2862 94 46 qu'il
289 2873 48 25 en
361 2863 81 35 soit
470 2863 105 36 ainsi
607 2864 101 35 dans
738 2865 37 35 le
801 2876 104 37 pays
934 2866 49 35 de
1010 2865 181 36 Herbert
1220 2865 192 48 Spencer.
1440 2866 80 36 Les
1541 2866 104 36 deux
1670 2866 204 47 premiers
1896 2867 203 47 volumes,

73 2931 122 35 écrits
223 2943 75 35 par
319 2932 209 35 l'éminent
551 2932 238 46 professeur
817 2934 50 35 de
895 2934 266 37 l'Université
1189 2934 214 48 d'Oxford,
1438 2935 59 36 M.
1524 2936 295 46 Wooldridge,
1847 2936 257 36 s'étendront

66 2999 167 48 jusqu'à
254 3000 41 35 la
315 3000 168 46 période
512 3001 53 35 du
586 3001 191 47 déchant,
800 3002 92 47 puis
914 3009 244 40 exposeront
1179 3004 37 36 le
1233 3004 345 48 développement
1600 3005 53 35 du
1676 3006 270 47 contrepoint
1957 3005 146 36 modal

67 3068 164 48 jusqu'à
261 3068 255 47 Palestrina;
542 3070 36 35 le
605 3070 223 47 troisième,
859 3071 129 36 confié
1011 3073 24 35 à
1066 3073 58 35 M.
1156 3073 46 35 C.
1237 3073 53 37 H.
1317 3073 55 40 H.
1401 3074 144 47 Parry,
1571 3073 281 47 compositeur
1874 3073 226 49 distingué,

70 3138 236 47 professeur
327 3138 49 36 de
400 3138 275 48 composition
703 3145 40 30 et
761 3139 211 37 d'histoire
996 3152 51 24 au
1071 3155 18 19 «
1108 3141 136 49 Royal
1270 3141 170 49 Collège
1463 3142 43 35 of
1525 3141 130 37 music
1673 3156 34 32 »,
1725 3142 61 36 ira
1803 3143 49 35 de
1867 3142 177 49 Josqufn
2065 3150 40 31 et

71 3207 201 36 Arcadelt
288 3209 70 47 (xv
363 3214 12 16 c
400 3207 139 50 siècle)
553 3208 167 48 jusqu'à
739 3209 161 37 Purcell
915 3209 97 49 (xvu
1016 3216 13 16 e
1045 3209 137 49 siècle)
1197 3211 63 45 ;le
1277 3211 245 46 quatrième,
1542 3211 103 35 écrit
1665 3223 77 35 par
1761 3212 59 37 M.
1845 3213 32 46 ].
1901 3213 51 37 A.
1966 3213 138 36 Fuller

74 3276 218 47 Maitland,
317 3288 94 24 sera
433 3279 197 34 consacré
655 3290 49 24 au
728 3280 268 47 contrepoint
1024 3278 283 49 harmonique
1336 3278 132 49 (Bach
1490 3284 40 31 et
1559 3280 193 49 Haendel)
1772 3282 68 43 ;le
1870 3281 233 48 cinquième

72 3344 76 48 (M.
169 3345 70 36 W.
264 3345 55 37 H.
346 3346 177 49 Hadow)
560 3359 93 24 sera
684 3350 199 35 consacré
916 3350 23 34 à
974 3348 144 37 l'école
1144 3347 226 48 viennoise,
1402 3348 49 37 de
1482 3348 153 49 Haydn
1667 3351 24 35 à
1724 3350 217 47 Schubert,
1967 3357 43 31 et
2050 3364 51 24 au

74 3413 343 48 développement
463 3416 49 37 de
559 3418 40 35 la
645 3418 157 48 grande
844 3417 275 50 composition
1169 3418 336 38 instrumentale
1529 3420 94 45 ;le
1672 3420 167 40 sixième
1885 3420 164 50 (auteur
2091 3433 7 27 :

75 3482 57 45 M-
158 3483 46 40 E,
231 3484 305 54 Pannreuther)
558 3486 160 40 décrira
746 3488 238 40 l'évolution
1010 3489 49 38 de
1084 3488 93 43 l'art
1205 3490 272 54 roviantique
1504 3491 239 50 représenté
1771 3502 77 43 par
1870 3491 156 42 Weber
2050 3502 51 31 au
