2184 3553
626 122 274 45 QUELQUES
935 123 226 34 LETTRES
1195 124 68 34 DE
1297 124 274 35 CHABRIER

1995 116 88 51 461

1587 245 31 32 15
1651 238 154 32 octobre
1830 238 86 33 1886.

409 296 99 35 Mon
536 297 80 35 bon
647 297 92 41 ami,

207 363 59 35 La
285 363 131 46 partie
439 364 250 36 orchestrale
715 363 47 36 de
797 364 272 36 Gwendoline
1091 365 101 36 n'est
1211 378 75 34 pas
1309 369 147 45 gravée
1481 372 38 30 et
1546 379 48 24 ne
1616 369 34 34 le
1671 379 90 24 sera
1781 368 307 46 probablement

109 442 76 34 pas
202 430 88 36 d'ici
313 432 247 47 longtemps.
585 432 109 36 C'est
712 443 76 24 une
805 443 142 36 grosse
963 433 190 47 dépense.
1179 433 37 36 Si
1236 445 65 24 ma
1322 435 113 45 pièce
1460 435 163 36 arrivait
1646 438 23 33 à
1687 435 175 47 l'Opéra,
1882 437 206 45 peut-être

110 510 85 25 mes
224 499 175 36 éditeurs
428 511 42 25 se
496 499 362 37 décideraient-ils.
890 501 32 35 Il
948 501 167 35 n'existe
1140 513 76 35 que
1241 513 91 24 mon
1366 504 232 35 manuscrit
1603 532 8 9 .
1641 502 108 37 C'est
1778 503 202 36 là-dessus
2009 515 77 34 que

111 567 168 46 Dupont
301 579 23 24 a
347 568 164 35 conduit
533 570 24 33 à
574 568 220 35 Bruxelles.
815 568 253 35 Lamoureux
1089 579 48 24 ne
1162 580 62 23 me
1242 568 145 46 jouera
1407 581 75 34 pas
1572 576 106 30 cette
1698 572 137 45 année,
1863 571 53 35 du
1940 571 144 37 moins.

111 633 108 38 C'est
249 647 52 24 un
334 635 107 36 bruit
463 635 67 47 qui
560 647 23 24 a
602 647 139 35 couru,
778 635 102 36 mais
902 635 109 36 voilà
1041 640 103 32 tout.
1183 635 66 36 S'il
1277 647 62 23 me
1364 636 144 46 jouait,
1535 649 100 24 vous
1663 650 146 35 pensez
1839 638 32 35 si
1892 638 40 47 je
1962 639 124 35 serais

113 703 197 36 heureux!
401 704 46 48 Je
469 704 183 35 tâcherai
675 703 163 36 défaire
861 704 169 35 chanter
1051 703 23 34 Y
1078 703 269 48 Epithalame
1371 706 24 34 à
1418 716 63 23 ses
1507 711 196 30 concerts.
1730 706 31 35 Il
1782 718 61 23 me
1859 706 97 47 joue
1984 707 24 34 Y
2013 718 49 25 ou-

111 775 167 32 verture
300 772 36 35 le
364 771 102 36 mois
488 771 212 46 prochain.
729 772 34 35 Il
785 771 66 48 n'y
884 783 75 35 pas
983 772 155 35 d'autre
1165 777 288 41 arrangement
1479 784 76 34 que
1584 773 34 34 le
1647 778 140 41 quatre
1816 774 128 35 mains
1968 775 48 35 de
2047 776 40 34 la

111 839 216 47 partition;
349 840 99 36 c'est
464 840 159 36 difficile
643 845 39 31 et
703 840 255 36 incommode
978 841 22 34 à
1018 839 139 48 jouer;
1174 838 103 37 mais
1292 838 41 47 je
1355 839 156 46 préfère
1531 839 118 46 qu'on
1667 840 39 35 la
1729 841 76 34 lise
1818 852 7 33 ;
1849 843 127 34 même
1993 842 91 36 bien

104 907 112 48 joué,
242 919 48 32 ça
310 918 48 25 ne
381 908 59 35 dit
461 920 75 35 pas
559 908 270 46 grand'chose
853 920 50 23 au
924 908 136 46 piano.

207 977 136 44 Quant
367 977 23 35 à
409 976 370 47 l'opéra-comique,
800 976 25 35 il
847 987 152 25 avance
1021 981 90 30 tout
1133 975 318 44 doucettement;
1475 974 27 35 il
1521 975 123 35 serait
1663 976 166 35 terminé
1851 976 24 35 il
1893 988 25 35 y
1940 988 23 24 a
1980 977 104 36 beau

105 1050 147 41 temps,
276 1043 192 37 n'étaient
489 1044 71 36 des
582 1044 297 36 modifications
907 1055 114 24 assez
1049 1044 268 46 importantes
1341 1044 217 45 apportées
1582 1043 140 47 depuis
1740 1055 79 34 peu
1837 1056 49 23 au
1907 1044 116 36 livret
2044 1050 40 30 et

111 1113 92 35 d'où
218 1112 26 35 il
265 1112 149 36 résulte
435 1124 77 34 que
529 1112 70 47 j'ai
622 1113 48 35 de
692 1113 39 35 la
756 1111 183 47 musique
964 1111 97 36 faite
1083 1122 103 36 pour
1206 1111 99 42 rien,
1329 1116 40 30 et
1394 1110 48 36 de
1471 1111 40 35 la
1538 1111 184 35 nouvelle
1748 1113 23 33 à
1792 1111 217 47 fabriquer.
2033 1113 47 47 Je

108 1191 48 24 ne
178 1180 185 46 passerai
391 1191 75 35 pas
489 1185 124 31 avant
645 1181 35 34 le
709 1183 343 33 commencement
1081 1179 48 35 de
1158 1190 123 25 mars.
1303 1178 116 36 Vous
1447 1184 228 30 verra-t-on
1703 1184 63 30 cet
1796 1179 112 36 hiver
1923 1179 16 35 ?
1966 1179 115 36 Vous

109 1247 175 36 devenez
305 1259 74 35 par
398 1253 91 41 trop
511 1259 105 25 rare.
642 1249 298 35 Prévenez-moi
960 1247 135 47 quand
1117 1259 100 25 vous
1246 1258 112 24 serez
1378 1258 104 35 pour
1501 1246 112 36 venir
1635 1249 23 33 à
1680 1247 127 36 Paris.
1905 1247 77 49 J'ai
2004 1259 75 24 une

106 1317 183 45 besogne
311 1315 205 37 infernale.
541 1317 114 35 Dans
675 1328 44 24 ce
741 1316 217 46 métier-là,
981 1327 53 24 ou
1057 1315 92 36 bien
1177 1315 76 36 l'on
1275 1327 23 23 a
1319 1320 92 41 trop
1434 1315 48 35 de
1509 1320 146 41 temps,
1678 1326 121 34 parce
1822 1326 74 35 que
1924 1315 77 35 l'on
2032 1327 48 24 ne

108 1398 101 23 vous
229 1385 239 36 commande
486 1385 97 46 rien,
602 1397 52 24 ou
675 1385 91 35 bien
785 1385 78 34 l'on
886 1384 87 35 n'en
996 1396 24 23 a
1036 1383 148 48 jamais
1202 1395 129 34 assez,
1355 1394 120 35 parce
1499 1383 93 46 qu'il
1610 1383 177 36 faudrait
1806 1395 75 35 que
1903 1388 90 31 tout
2013 1383 62 37 fût

107 1454 75 36 fait
205 1454 308 45 sur-le-champ.
540 1454 49 35 Et
602 1454 42 46 je
665 1465 48 23 ne
734 1452 77 36 fais
839 1452 83 35 rien
951 1452 251 44 facilement;
1227 1456 90 31 tout
1338 1463 63 23 me
1423 1452 134 34 coûte.
1583 1451 129 45 Enfin,
1736 1452 98 35 c'est
1855 1451 114 36 ainsi.

207 1521 146 44 Adieu,
374 1522 232 43 camarade,
630 1527 39 30 et
689 1520 183 47 toujours
894 1520 93 36 bien
1009 1522 23 34 à
1053 1532 102 24 vous
1174 1522 82 33 très
1279 1519 376 36 affectueusement.

1389 1588 236 35 EMMANUEL
1653 1588 231 35 CHABRIER.

1402 1737 191 41 Bayreuth,
1622 1746 38 22 22
1685 1736 113 41 juillet
1823 1736 86 39 1889.

401 1801 105 35 Cher
534 1800 92 46 ami,

202 1869 49 48 Je
275 1868 83 37 suis
381 1868 50 37 ici
452 1868 141 47 depuis
615 1867 99 36 trois
741 1879 51 24 ou
813 1873 142 41 quatre
973 1867 130 47 jours,
1133 1868 157 35 ÉPERDU
1314 1866 302 36 d'admiration
1624 1894 8 18 ,
1657 1872 40 29 et
1717 1866 57 46 j'y
1794 1871 107 30 reste
1919 1864 161 48 jusqu'à

102 1938 41 35 la
164 1938 51 35 fin
244 1938 52 35 du
314 1937 116 36 mois.
523 1936 112 37 Mille
653 1936 352 44 remerciements;
1030 1936 98 35 c'est
1153 1947 67 24 ma
1246 1936 145 34 femme
1413 1934 66 46 qui
1501 1946 23 23 a
1550 1945 95 33 reçu
1673 1934 36 35 le
1726 1933 182 47 journal;
1932 1933 74 34 elle
2028 1944 50 24 va

101 2005 101 36 faire
227 2006 177 36 traduire
423 2005 169 36 l'article
613 2016 74 36 par
711 2005 153 46 Enoch,
888 2015 63 24 me
973 2004 209 43 l'enverra,
1199 2003 89 46 puis
1311 2014 100 24 vous
1432 2007 235 30 retournera
1688 2000 97 37 ledit
1801 2000 175 47 journal.

200 2074 57 44 Ça
291 2086 24 23 a
348 2073 164 36 marché
545 2073 356 47 supérieurement,
934 2072 152 42 là-bas,
1123 2076 39 30 et
1192 2071 40 46 je
1264 2082 124 34 pense
1426 2082 76 33 que
1537 2069 200 46 plusieurs
1771 2069 179 34 théâtres
1981 2073 97 30 vont

103 2147 156 30 monter
279 2153 65 23 ma
365 2141 126 47 petite
518 2141 272 36 Gwendoline
814 2152 77 34 que
914 2152 99 24 vous
1036 2139 143 36 voulez
1201 2138 87 35 bien
1312 2138 122 35 aimer
1456 2150 51 23 un
1525 2148 89 35 peu.

202 2211 48 47 Je
273 2208 77 36 n'ai
371 2221 73 34 pas
454 2209 86 49 fini
566 2211 36 33 le
615 2209 185 47 premier
819 2211 88 33 acte
930 2207 47 36 de
999 2207 208 46 l'ouvrage
1230 2206 146 45 auquel
1391 2205 41 46 je
1453 2205 184 35 travaille
1655 2204 306 42 actuellement;
1980 2203 98 36 c'est

104 2289 103 25 vous
230 2278 83 35 dire
341 2289 76 34 que
440 2277 82 47 j'en
544 2277 37 35 ai
610 2287 143 26 encore
781 2287 103 36 pour
912 2275 170 36 dix-huit
1112 2273 118 37 mois.
1256 2274 108 35 C'est
1388 2275 81 33 très
1493 2273 73 34 dur
1587 2275 24 32 à
1634 2272 97 36 faire
1760 2277 39 30 et
1817 2271 41 47 je
1885 2270 191 37 voudrais

107 2357 76 35 que
206 2357 45 24 ce
278 2346 60 34 fût
359 2345 104 36 bien.

205 2413 145 45 Quand
377 2425 251 24 venez-vous
654 2415 23 34 à
703 2413 139 35 Paris?
869 2413 65 47 J'y
964 2411 103 36 serai
1098 2410 23 36 à
1154 2411 191 35 demeure
1375 2411 23 33 à
1423 2409 126 46 partir
1578 2409 69 34 des
1673 2408 193 45 premiers
1889 2407 115 46 jours
2027 2407 47 34 de

107 2482 240 46 septembre.
367 2481 39 36 Si
426 2493 98 24 vous
550 2482 135 35 veniez
709 2482 23 34 à
753 2486 108 31 cette
886 2481 171 45 époque,
1077 2478 197 36 n'oubliez
1295 2489 74 34 pas
1390 2476 108 36 l'ami
1526 2475 192 36 Chabrier
1740 2481 38 29 et
1799 2486 44 24 sa
1867 2475 203 35 côtelette.

200 2550 36 37 A
256 2550 169 43 bientôt,
450 2550 232 42 camarade,
706 2560 145 25 encore
873 2547 122 36 merci
1018 2552 40 30 et
1079 2547 266 36 sincèrement
1362 2547 25 33 à
1406 2555 114 25 vous.

1386 2613 229 34 EMMANUEL
1644 2611 229 36 CHABRIER.

693 2767 50 31 La
772 2765 234 39 Membrolle,
1032 2773 64 31 par
1124 2763 157 41 Mettray
1307 2760 336 44 (Indre-et-Loire),
1670 2760 18 30 8
1714 2760 65 31 mai
1808 2760 90 38 1892.

398 2873 96 36 Mon
523 2873 92 36 bien
645 2874 95 34 cher
767 2871 218 44 Lacombe,

196 2942 48 48 Je
262 2954 101 24 vous
382 2942 85 46 prie
491 2942 48 35 de
560 2953 63 23 me
644 2942 231 46 pardonner
892 2949 93 24 mon
1006 2937 156 44 retard;
1186 2948 102 24 vous
1318 2947 118 25 savez
1454 2940 112 31 toute
1594 2933 163 36 l'amitié
1778 2945 77 34 que
1876 2933 68 47 j'ai
1968 2943 101 35 pour

100 3022 100 24 vous
216 3022 8 33 ;
247 3010 102 36 mais
366 3009 71 48 j'ai
458 3011 63 34 été
545 3010 183 35 surmené
747 3008 207 36 tellement
976 3011 92 30 tous
1085 3016 67 25 ces
1173 3004 207 47 temps-ci,
1393 3003 41 48 je
1455 3002 79 36 suis
1557 3002 156 36 devenu
1729 3002 32 35 si
1782 3013 185 31 nerveux,
1992 3012 76 34 que

100 3089 45 24 ce
174 3079 103 33 n'est
297 3089 74 35 pas
393 3083 91 30 tout
508 3080 22 33 à
559 3077 74 36 fait
657 3077 49 35 de
731 3088 67 24 ma
825 3076 125 34 faute.
973 3073 92 48 J'ai,
1089 3073 49 35 de
1162 3073 106 46 plus,
1298 3071 124 36 laissé
1451 3070 263 36 s'accumuler
1742 3069 69 35 des
1836 3079 155 24 masses
2020 3067 47 35 de

99 3145 139 35 lettres
261 3157 47 23 en
330 3145 241 45 souffrance,
593 3145 103 36 mais
726 3156 47 24 ne
801 3143 102 36 m'en
931 3142 166 36 veuillez
1119 3152 75 35 pas
1215 3145 112 41 trop;
1352 3137 157 37 celle-ci
1531 3142 63 31 est
1615 3136 32 36 si
1674 3138 209 40 heureuse,
1912 3136 23 33 à
1963 3139 104 30 cette

98 3215 137 40 heure,
259 3212 48 36 de
325 3213 201 35 bavarder
546 3225 99 25 avec
664 3224 116 34 vous,
804 3223 78 35 que
904 3222 102 24 nous
1026 3210 128 35 allons
1174 3207 133 37 varier
1323 3218 51 23 un
1394 3216 80 35 peu
1495 3216 44 24 ce
1559 3204 271 47 paragraphe.

198 3280 131 46 Donc,
350 3281 95 35 cher
466 3280 93 46 ami,
573 3281 69 47 j'ai
664 3292 108 32 reçu,
796 3279 81 36 fort
898 3278 92 36 bien
1011 3289 94 32 reçu
1127 3278 58 34 les
1208 3275 100 35 deux
1331 3283 217 26 morceaux
1570 3271 49 35 de
1642 3272 228 34 caractères
1893 3269 33 35 si
1951 3269 96 35 diffé-

99 3354 109 31 rents
228 3353 39 30 et
288 3347 48 36 de
360 3347 32 36 si
413 3349 103 35 belle
536 3360 51 25 ou
611 3352 212 33 amusante
844 3352 193 30 tournure
1058 3356 76 35 que
1155 3354 99 26 vous
1277 3341 150 36 m'avez
1451 3340 189 46 envoyés.

204 3416 125 39 Merci
348 3416 47 37 de
416 3416 167 38 m'avoir
601 3417 115 38 dédié
732 3421 114 32 votre
875 3413 163 40 Parade
1064 3411 220 49 hongroise
1291 3439 9 17 ,
1329 3420 74 36 que
1419 3409 42 49 je
1488 3413 140 32 trouve
1652 3406 32 37 si
1712 3406 133 37 habile
1869 3406 47 37 de
1938 3416 127 36 coupe
