2268 3797
104 145 106 67 326

662 156 320 37 PROMENADES
1022 157 56 35 ET
1117 155 179 37 VISITES
1335 153 263 37 MUSICALES

106 273 83 39 tête
223 273 35 38 &
292 271 99 41 celle
426 272 49 38 de
503 271 121 45 Listz,
657 283 79 26 aux
766 281 163 28 œuvres
958 269 152 51 duquel
1140 269 54 38 M.
1228 268 202 39 Riemann
1466 279 22 26 a
1523 264 128 41 voulu
1688 263 205 40 rattacher
1927 263 56 38 les
2018 260 110 41 Béati-

108 343 186 39 tudes!...
322 341 106 39 Chez
451 340 108 39 Liszt
580 338 347 54 (rappellez-vous
950 342 106 36 cette
1079 338 217 40 chevelure
1319 335 284 55 olympienne,
1637 347 44 26 ce
1711 333 145 53 visage
1879 331 198 41 constellé
2098 333 49 38 de

107 424 181 32 verrues,
314 423 44 26 ce
381 409 152 40 sourire
555 411 49 37 de
626 409 130 39 calme
778 408 79 39 défi
882 409 34 38 &
939 421 44 27 ce
1013 409 146 52 regard
1188 407 68 52 qui
1287 406 155 40 semble
1471 405 126 39 toiser
1626 402 120 54 Dieu)
1769 403 25 39 il
1821 416 29 38 y
1879 416 22 26 a
1929 415 79 27 une
2037 405 110 36 sorte

107 482 48 39 de
178 480 247 52 cabotinage
448 479 272 52 magnifique.
747 479 109 38 Dans
879 478 36 39 la
938 491 202 39 personne
1163 478 49 38 de
1235 476 122 40 César
1380 475 170 46 Franck,
1578 486 165 28 comme
1757 474 103 38 dans
1878 485 43 26 sa
1938 472 206 50 musique,

107 551 35 38 le
171 548 316 41 charlatanisme
515 549 49 38 de
593 548 140 51 façade
762 552 62 35 est
853 547 85 40 nul.
972 548 55 39 La
1055 547 154 52 qualité
1238 545 231 40 essentielle
1497 545 48 38 de
1574 543 110 39 l'une
1714 555 164 27 comme
1909 542 48 38 de

108 620 99 39 c'est
228 633 25 25 «
275 617 254 40 l'intériorité
550 631 39 32 »,
616 617 113 39 selon
752 617 36 39 le
810 621 90 35 mot
921 617 204 39 allemand
1149 614 321 54 (Innerlichkeit).
1491 614 51 39 Le
1558 612 175 53 portrait
1750 613 49 38 de
1816 611 49 39 R.
1886 611 258 46 Schumann,

108 688 127 52 qu'on
258 688 210 52 prendrait
490 700 104 38 pour
616 687 103 39 celui
741 687 98 39 d'un
863 688 188 38 brasseur
1085 686 206 45 bavarois,
1330 688 76 42 est,
1444 682 22 41 à
1509 682 174 40 certains
1719 681 163 54 égards,
1923 681 50 38 de
2004 684 145 35 nature

108 757 221 53 analogue.
356 757 48 38 Ht
426 769 178 34 comme,
630 769 50 26 au
703 757 123 39 sortir
846 757 49 38 de
917 756 38 39 la
971 757 231 44 Sorbonne,
1223 755 70 52 j'ai
1317 766 148 27 encore
1488 766 87 26 mes
1598 751 226 51 classiques
1840 751 103 38 dans
1960 748 185 47 l'oreille,

105 828 42 51 je
174 840 66 25 me
269 826 105 39 redis
404 829 106 36 cette
539 826 146 52 phrase
713 827 47 38 de
789 827 53 38 La
867 824 176 53 Bruyère
1074 837 7 26 :
1121 839 24 25 «
1181 825 54 38 La
1270 822 200 41 véritable
1506 823 206 52 grandeur
1747 823 61 36 est
1843 820 116 46 libre,
1997 820 148 45 douce,

111 894 213 47 familière,
352 895 212 52 populaire
584 907 7 36 ;
617 895 74 40 elle
719 908 41 27 se
789 895 120 39 laisse
938 895 157 39 manier
1124 895 34 38 Se
1187 893 172 40 toucher
1378 904 7 36 ;
1418 891 73 40 elle
1522 904 50 25 ne
1601 891 97 52 perd
1729 890 83 38 rien
1843 887 22 41 à
1893 890 83 38 être
1999 901 79 27 vue
2101 889 49 38 de

111 963 142 54 près...
284 964 74 40 elle
388 978 49 25 ne
468 977 105 27 nous
602 964 71 40 fait
703 978 71 38 pas
804 964 129 39 sentir
961 977 78 39 que
1074 976 106 26 nous
1215 975 183 27 sommes
1427 961 139 52 petits.
1599 973 24 26 »
1742 959 33 38 A
1810 962 106 36 cette
1952 957 198 53 première

111 1034 244 52 impression
378 1047 49 25 en
451 1032 172 42 succède
645 1046 79 27 une
747 1037 114 36 autre
884 1046 54 26 un
962 1046 77 39 peu
1062 1032 227 40 différente.
1315 1032 66 38 Un
1406 1043 173 27 examen
1602 1029 171 40 attentif
1790 1029 66 38 n'a
1879 1041 73 39 pas
1968 1029 49 38 de
2034 1027 118 52 peine

110 1103 23 39 à
155 1102 255 41 reconnaître
432 1103 56 39 les
511 1103 138 53 signes
673 1103 69 51 qui
765 1103 223 39 trahissent
1011 1116 49 26 au
1084 1102 150 39 dehors
1255 1101 38 39 la
1315 1098 279 54 personnalité
1623 1100 54 38 du
1706 1097 159 40 maître.
1901 1098 53 38 Le
1983 1096 169 40 volume

112 1174 34 39 &
167 1173 35 38 le
225 1176 94 49 port
339 1173 49 38 de
411 1172 37 39 la
470 1173 97 45 tête,
587 1172 35 39 le
639 1172 113 53 large
768 1172 112 39 front
896 1171 52 40 où
966 1185 40 26 se
1023 1175 190 36 creusent
1229 1171 107 39 deux
1353 1169 91 53 plis,
1465 1169 77 39 l'os
1569 1168 226 40 maxillaire
1818 1166 82 40 très
1923 1164 232 54 développé

110 1241 184 55 (comme
317 1241 97 40 chez
437 1241 270 54 Beethoven),
733 1241 111 39 enfin
868 1245 107 36 cette
999 1241 113 39 main
1136 1239 244 53 impérieuse
1402 1238 70 52 qui
1495 1239 128 51 prend
1646 1237 239 52 possession
1916 1237 54 39 du
2002 1235 154 40 clavier

112 1312 34 38 Se
168 1310 83 52 qui,
277 1324 49 25 au
350 1310 118 52 point
491 1311 48 38 de
562 1323 79 26 vue
663 1311 49 38 de
734 1310 284 52 l'expression,
1033 1310 86 51 fait
1136 1307 169 55 synthèse
1309 1341 9 15 ,
1344 1310 201 51 ajoutent,
1572 1305 22 42 à
1616 1307 37 39 la
1670 1305 222 53 simplicité
1910 1305 180 40 cordiale
2106 1305 49 38 de

113 1379 170 46 Franck,
311 1392 53 26 un
388 1383 145 35 accent
554 1380 49 38 de
625 1378 186 47 volonté,
837 1378 224 54 d'énergie,
1088 1377 233 41 d'autorité.

226 1449 55 38 M.
308 1449 181 53 Georges
513 1448 156 40 Franck
692 1462 65 25 me
779 1453 148 35 trouve
944 1449 190 39 devisant
1150 1448 101 39 ainsi
1269 1460 100 27 avec
1386 1446 257 45 moi-même,
1663 1458 49 26 en
1730 1445 133 52 pleine
1880 1443 277 54 psychologie

114 1518 35 39 &
177 1530 49 26 en
255 1517 133 52 pleine
418 1517 245 52 esthétique.
697 1516 130 54 Après
856 1518 58 39 les
943 1517 296 53 compliments
1274 1517 186 52 d'usage,
1503 1516 26 38 il
1564 1514 157 53 précise
1756 1516 35 38 &
1827 1513 207 53 complète
2069 1526 88 26 mes

115 1587 268 52 impressions
405 1600 49 25 en
477 1587 57 38 les
557 1590 259 50 partageant.

1081 1656 39 38 M
1125 1657 39 24 lle
1180 1655 196 52 Rongier,
1397 1655 172 38 l'auteur
1585 1655 49 38 de
1650 1657 106 36 cette
1772 1653 81 39 très
1871 1651 286 53 remarquable

116 1724 297 53 composition,
440 1726 112 38 avait
573 1725 203 39 demandé
797 1724 22 40 à
842 1738 99 26 mon
964 1723 93 54 père
1079 1724 301 40 l'autorisation
1398 1725 49 38 de
1463 1723 35 40 le
1515 1723 91 40 voir
1622 1726 180 37 souvent
1818 1723 34 38 Se
1869 1723 48 38 de
1935 1722 224 39 l'observer

115 1808 87 24 sans
223 1793 77 39 être
320 1808 70 24 vue
411 1794 44 39 de
475 1794 81 47 lui;
578 1794 75 39 elle
675 1808 23 25 a
720 1794 182 47 exécuté,
928 1796 104 38 dans
1054 1808 66 26 ces
1143 1794 255 45 conditions,
1426 1806 55 26 un
1510 1794 132 51 grand
1673 1792 173 39 nombre
1876 1793 49 38 de
1954 1791 166 51 croquis
2147 1803 7 26 :

117 1863 84 39 l'un
224 1863 122 39 d'eux
367 1876 23 26 a
411 1863 138 39 donné
573 1864 214 39 naissance
810 1862 23 40 à
855 1877 44 25 ce
921 1864 179 39 tableau.
1127 1864 111 39 C'est
1260 1863 83 52 pris
1366 1875 69 27 sur
1456 1862 34 39 le
1513 1862 121 39 fait...
1662 1862 97 39 Mon
1783 1859 93 54 père
1899 1860 98 40 était
2026 1861 37 39 la
2092 1859 66 39 vie

118 1933 134 38 même
290 1944 7 27 :
338 1933 189 52 toujours
562 1933 200 52 agissant,
801 1933 189 52 toujours
1018 1933 186 39 vibrant!
1237 1932 28 39 Il
1291 1933 112 39 avait
1432 1945 78 26 une
1546 1930 210 40 nervosité
1790 1930 225 46 excessive,
2055 1930 104 38 mais

117 2001 191 39 dominée
331 2014 71 39 par
425 2014 78 26 une
526 2001 170 40 volonté
717 2001 135 40 lucide
875 2002 34 39 &
933 2003 151 50 rapide,
1110 2003 136 38 même
1268 2003 103 38 dans
1394 2001 56 39 les
1474 2001 173 39 rêveries
1669 2000 58 39 les
1750 1999 91 53 plus
1864 1999 203 52 exquises.
2092 2012 25 25 »

232 2071 98 38 Mon
354 2071 309 47 interlocuteur,
689 2069 21 41 à
733 2071 67 52 qui
820 2072 40 51 je
883 2083 194 28 consacre
1100 2071 262 39 maintenant
1380 2074 116 36 toute
1514 2083 99 26 mon
1636 2069 223 47 attention,
1880 2081 50 26 ne
1947 2081 65 26 me
2029 2067 132 52 paraît

119 2152 72 39 pas
214 2139 257 48 ressembler,
498 2140 340 52 physiquement,
870 2138 23 41 à
921 2140 104 40 celui
1054 2142 104 38 dont
1188 2141 25 38 il
1242 2144 118 48 porte
1389 2140 35 39 le
1453 2152 99 27 nom
1583 2139 156 39 illustre
1773 2151 7 26 :
1815 2138 25 39 il
1870 2142 61 35 est
1961 2138 130 53 grand
2124 2138 35 39 Se

120 2209 150 46 mince,
296 2209 273 52 d'apparence
591 2209 173 39 délicate
786 2210 34 38 Se
844 2222 213 33 nerveuse,
1084 2209 35 39 le
1141 2210 143 52 visage
1309 2222 53 26 un
1385 2222 77 39 peu
1486 2209 103 51 pâle,
1616 2207 174 41 encadré
1819 2207 124 39 d'une
1973 2208 124 38 barbe
2125 2208 35 38 Se

119 2279 48 37 de
190 2278 186 39 cheveux
399 2278 285 53 grisonnants.
710 2279 115 39 Avec
846 2279 37 39 la
906 2278 154 40 netteté
1082 2279 98 39 d'un
1204 2279 125 52 esprit
1359 2278 209 52 supérieur
1597 2278 69 52 qui
1696 2291 23 25 a
1749 2278 214 50 beaucoup
1994 2276 164 40 réfléchi

118 2360 81 26 aux
220 2347 147 39 choses
389 2349 103 38 dont
514 2348 26 38 il
562 2348 124 51 parle,
713 2348 26 38 il
762 2348 282 39 m'entretient
1065 2349 54 38 du
1143 2349 132 52 grand
1297 2349 170 38 homme
1489 2361 77 38 que
1596 2361 104 26 nous
1728 2347 164 40 aimons
1924 2346 235 53 également

120 2420 95 35 tous
237 2416 57 39 les
316 2418 123 38 deux.

120 2567 96 26 sans
237 2554 118 40 avoir
377 2568 138 26 connu
538 2556 57 38 les
612 2556 105 52 joies
740 2556 184 40 d'artiste
947 2556 97 52 qu'il
1066 2556 195 39 méritait.
1288 2556 54 39 Ce
1365 2556 100 52 qu'il
1486 2570 28 37 y
1536 2569 22 25 a
1580 2556 49 38 de
1652 2555 211 53 singulier,
1890 2555 100 39 c'est
2011 2554 125 52 qu'im-

122 2623 296 40 médiatement
440 2623 116 53 après
580 2638 42 26 sa
644 2629 125 43 mort,
795 2629 95 36 tous
912 2626 57 39 les
987 2627 209 51 journaux
1218 2629 75 35 ont
1314 2625 63 39 été
1406 2625 217 39 unanimes
1652 2624 22 40 à
1703 2625 231 52 proclamer
1963 2638 43 25 sa
2036 2625 125 39 haute

122 2692 164 47 valeur;
312 2694 220 51 pourquoi,
558 2695 150 38 durant
731 2707 43 26 sa
796 2694 81 47 vie,
902 2695 232 39 avaient-ils
1162 2695 108 40 donc
1298 2694 194 53 organisé
1521 2699 149 34 autour
1700 2695 49 38 de
1778 2695 55 38 lui
1863 2707 79 26 une
1973 2697 109 36 sorte
2110 2695 51 37 de

122 2762 282 51 conspiration
426 2763 331 40 d'indifférence?
780 2764 55 39 La
857 2777 137 38 presse
1016 2765 306 52 d'aujourd'hui
1345 2768 61 35 est
1429 2763 308 54 généralement
1759 2763 238 47 excellente,
2023 2767 139 35 toutes

121 2830 58 39 les
202 2830 77 39 fois
303 2831 145 51 qu'elle
470 2831 109 40 émet
602 2845 78 26 une
702 2833 172 51 opinion
899 2847 67 26 sur
987 2847 100 26 mon
1110 2832 93 53 père
1221 2845 7 36 ;
1261 2834 35 39 &
1319 2834 40 52 je
1388 2833 186 52 pourrais
1603 2833 102 40 citer
1732 2833 204 52 plusieurs
1964 2833 196 51 critiques

122 2899 54 53 (le
199 2899 178 52 regretté
400 2900 133 47 Ernst,
559 2902 49 38 de
632 2902 226 47 Fourcaud,
885 2902 48 38 A.
959 2903 202 46 Bruneau,
1187 2902 135 54 Sec...)
1344 2904 69 50 qui
1435 2906 76 36 ont
1533 2902 109 52 parlé
1664 2904 49 37 de
1735 2902 71 47 lui,
1832 2915 84 27 non
1935 2902 228 40 seulement

122 2981 101 26 avec
245 2972 93 35 tout
360 2968 86 40 leur
468 2982 127 34 cœur,
622 2970 104 39 mais
747 2984 100 26 avec
870 2972 214 51 beaucoup
1107 2970 290 41 d'exaéiitude.
1416 2972 28 38 Il
1462 2972 191 40 m'arrive
1670 2973 232 51 cependant
1918 2972 245 51 d'éprouver

124 3050 78 26 une
225 3037 95 39 vive
343 3038 247 51 impatience
612 3052 49 26 en
684 3039 123 41 lisant
837 3041 199 39 certaines
1065 3041 161 39 choses.
1259 3041 34 39 A
1322 3054 49 26 en
1402 3041 128 39 croire
1561 3041 73 39 tels
1663 3041 203 40 écrivains
1895 3040 216 53 appliqués
2140 3039 23 41 à

122 3109 93 36 tout
239 3106 146 39 unifier
405 3108 35 38 &
462 3105 23 41 à
506 3111 93 36 tout
620 3108 167 40 déduire
809 3109 98 39 d'un
930 3109 86 39 seul
1039 3110 198 52 principe,
1264 3110 123 39 César
1416 3110 157 39 Franck
1602 3112 132 37 aurait
1763 3110 62 39 été
1854 3124 55 25 un
1932 3111 226 52 mystique,

122 3176 103 38 dont
258 3176 35 38 le
329 3176 85 39 vrai
451 3177 194 39 domaine
679 3178 122 39 serait
835 3179 37 38 la
901 3179 189 51 musique
1120 3179 227 52 religieuse.
1387 3180 101 39 Rien
1519 3180 107 39 n'est
1653 3181 138 38 moins
1820 3178 131 48 exaét,
1979 3181 41 51 je
2055 3192 107 27 vous

122 3257 156 27 assure.
305 3245 53 39 Le
381 3245 138 52 public
541 3250 61 35 est
623 3250 93 49 trop
740 3247 219 52 simpliste.
985 3248 27 38 Il
1034 3248 125 39 abuse
1181 3250 70 37 des
1275 3248 233 52 étiquettes.
1535 3249 26 38 Il
1578 3250 102 51 juge
1703 3262 55 26 un
1782 3250 283 51 compositeur
2094 3261 69 27 sur

122 3327 79 26 une
223 3327 143 27 œuvre
388 3327 53 27 ou
465 3328 54 25 un
543 3328 157 40 groupe
722 3316 221 47 d'œuvres,
969 3317 35 39 &
1027 3317 34 39 le
1084 3318 129 38 classe
1235 3330 78 26 une
1334 3318 78 39 fois
1428 3330 105 40 pour
1554 3323 153 35 toutes.
1728 3318 249 47 Désormais,
1999 3319 33 39 le
2050 3332 85 26 com-

122 3383 184 52 positeur
329 3397 41 25 se
399 3384 198 51 promène
625 3386 102 38 dans
755 3386 37 38 la
822 3398 69 26 rue
919 3399 48 26 en
999 3390 167 48 portant
1195 3400 54 25 un
1279 3386 177 41 écriteau
1486 3388 69 52 qui
1585 3388 35 39 le
1649 3388 140 40 suivra
1813 3390 152 51 jusque
1992 3389 104 38 dans
2125 3389 37 38 la

121 3453 157 39 tombe.
304 3453 57 39 En
385 3452 153 48 réalité,
564 3468 99 26 mon
686 3454 94 53 père
807 3468 22 26 a
858 3455 154 40 cultivé
1040 3459 96 36 tous
1164 3456 57 39 les
1249 3469 147 40 genres
1417 3469 6 35 ;
1456 3459 35 38 Se
1520 3458 103 39 dans
1653 3462 110 42 tous,
1797 3458 26 39 il
1853 3471 22 26 a
1898 3457 164 40 montré
2084 3471 79 26 une

122 3522 115 53 égale
260 3522 260 52 inspiration.
547 3524 57 38 En
628 3525 200 39 musicien
854 3525 259 47 consommé,
1141 3525 26 39 il
1189 3525 135 40 s'était
1346 3528 128 38 rendu
1504 3527 147 39 maître
1679 3529 50 38 de
1757 3531 138 36 toutes
1923 3527 57 39 les
2009 3527 154 40 formes

122 3593 49 38 de
199 3592 38 39 la
265 3593 295 52 composition.
592 3593 28 39 Il
647 3607 21 26 a
698 3593 99 41 écrit
828 3596 49 38 de
905 3595 38 38 la
971 3595 190 52 musique
1192 3595 218 52 religieuse
1439 3597 35 39 Se
1503 3598 49 38 de
1581 3597 38 39 la
1647 3597 191 50 musique
1867 3596 185 51 profane,
2091 3598 71 37 des
