2268 3797
114 173 103 54 352

866 171 217 40 MUSIQUE
1123 170 276 37 RELIGIEUSE

118 297 72 40 par
223 285 98 38 dom
356 283 233 53 Schubiger
622 283 102 39 dans
759 296 75 26 son
869 282 170 39 Histoire
1072 282 43 38 de
1148 268 141 52 l'École
1323 279 271 53 Sangallienne
1615 276 77 55 (i).
1732 276 130 40 Détail
1905 276 167 40 curieux
2114 276 34 39 &

119 355 228 50 important
366 365 7 26 :
393 365 105 40 pour
518 352 72 39 lire
613 365 44 26 ce
678 356 111 35 texte
811 351 26 39 il
860 351 85 40 faut
968 363 263 27 commencer
1253 362 72 40 par
1346 349 38 39 la
1405 346 184 42 dernière
1612 347 111 53 ligne
1739 344 22 42 à
1777 346 177 53 gauche.
1981 346 167 50 Chaque

117 421 239 41 distinction
378 423 325 50 correspondant
723 419 23 40 à
768 435 78 25 une
869 421 168 52 strophe
1059 421 49 38 de
1130 419 36 40 la
1189 432 119 39 prose
1339 422 61 35 est
1427 416 199 40 terminée
1653 428 73 40 par
1753 416 37 39 la
1824 416 118 38 lettre
1971 416 25 37 F
2026 414 122 40 écrite

118 504 48 26 en
192 504 126 40 rouge
346 493 34 38 &
403 491 67 52 qui
493 490 165 53 signifie
669 490 110 52 finis.

207 1887 50 40 (1)
280 1887 231 38 Monumenta,
537 1893 35 24 n°
595 1886 50 32 26.

207 1950 50 40 (2)
283 1949 80 31 Bibl.
389 1950 39 30 de
451 1949 195 39 Saint-Gall,
667 1950 72 31 cod.
764 1950 76 40 384,
862 1950 26 31 f°
911 1959 72 32 239.

422 2107 165 53 suivre.)

1817 2103 106 43 X***

793 2477 268 47 Nouvelle
1085 2477 394 59 publication:

122 2595 281 58 Congrès
443 2596 446 47 international
932 2597 326 46 d'histoire
1292 2597 76 46 de
1402 2597 61 46 la
1498 2597 293 58 musique
1819 2602 107 40 tenu
1956 2597 24 44 à
2009 2597 138 52 Paris,

244 2677 23 42 à
296 2677 40 42 la
363 2676 314 59 Bibliothèque
705 2679 53 43 de
789 2680 193 55 l'Opéra,
1015 2680 60 43 du
1108 2693 53 45 23
1194 2694 56 29 au
1280 2693 58 45 29
1362 2679 148 58 juillet
1546 2691 129 46 1900.
1715 2677 106 59 (VIII
1827 2689 16 20 e
1871 2677 182 46 Seétion
2088 2680 61 43 du

243 2759 204 58 Congrès
475 2759 231 45 d'histoire
734 2760 281 61 comparée.)
1128 2762 298 51 Documents,
1459 2760 244 44 Mémoires
1733 2760 39 43 &
1795 2762 155 44 Vœux
1971 2760 181 58 publiés

244 2854 80 44 par
371 2841 64 43 les
474 2840 126 46 soins
640 2842 55 44 de
746 2844 77 43 M.
865 2842 175 46 Jules
1091 2842 398 55 Combarieu,
1538 2840 234 47 Directeur
1819 2842 54 44 de
1922 2844 39 43 la
2008 2844 145 44 Revue

243 2921 227 45 d'histoire
510 2926 41 41 et
590 2925 54 42 de
672 2922 191 59 critique
902 2924 245 51 musicales,
1193 2925 190 57 délégué
1424 2938 79 43 par
1545 2925 39 43 le
1618 2924 168 44 comité
1828 2925 59 43 du
1924 2925 223 57 Congrès.

244 3001 41 60 (1
320 3004 93 44 vol.
446 3005 141 56 grand
617 3004 96 44 in-8
742 3005 55 43 de
824 3006 92 56 318
939 3019 156 43 pages.
1123 3005 276 57 Imprimerie
1421 3006 46 43 S.
1492 3005 159 53 Pierre,
1678 3006 249 52 Solesmes,
1954 3005 198 61 Sarthe.)

1001 3362 56 42 Le
1085 3357 498 57 Propriétaire-Gérant
1608 3375 14 29 :
1653 3361 54 43 H.
1739 3362 219 44 WELTER.

792 3608 68 19 1900.
887 3609 138 16 IMPRIMERIE
1044 3609 173 23 SAINT-PIERRE,
1236 3610 128 22 SOLESMES,
1380 3610 91 17 SARTHE
