2268 3797
540 132 219 47 PROGRÈS
797 143 57 36 ET
892 129 324 50 NATIONALITÉ
1255 139 125 36 DANS
1419 138 56 37 LA
1513 138 235 43 MUSIQUE-

118 144 103 53 322

123 256 165 45 n'avait
316 254 69 46 été
413 257 144 56 qu'un
585 254 200 45 exercice
815 253 361 58 mathématique
1205 254 55 43 de
1290 257 202 40 savants.
1533 250 54 45 Le
1624 254 302 40 mouvement
1963 249 113 43 dans
2105 262 49 30 ce

124 352 122 38 sens,
284 336 267 47 commencé
587 351 77 43 par
697 337 210 57 Josquin,
948 338 67 43 fut
1050 336 224 58 accompli
1310 347 79 44 par
1423 334 39 42 le
1497 333 142 57 grand
1676 330 259 53 Palestrina,
1975 332 39 42 le
2048 330 104 58 père

124 421 54 43 de
221 422 40 42 la
303 419 215 56 musique
560 419 234 45 moderne.
834 418 113 46 Mais
983 419 106 44 chez
1125 418 80 52 lui,
1243 417 39 43 &
1318 414 123 46 aussi
1481 416 105 43 chez
1620 414 65 43 les
1722 412 334 58 madrigalistes
2091 412 60 43 du

122 515 70 30 xvi
198 512 16 20 e
249 501 147 52 siècle,
442 501 40 43 la
523 499 215 58 musique
780 499 251 45 demeurait
1072 512 161 32 encore
1274 496 284 45 circonscrite
1600 496 113 43 dans
1756 496 40 41 le
1837 494 139 43 cercle
2018 493 54 43 de
2114 493 41 43 la

123 582 278 60 polyphonie
432 582 171 44 vocale.

246 666 40 43 A
329 664 227 45 Vincenzo
604 663 155 45 Galilei
808 664 39 44 &
888 664 24 44 à
951 663 152 45 Giulio
1144 661 177 47 Caccini
1364 659 171 46 revient
1582 661 240 43 l'honneur
1868 657 174 46 d'avoir
2089 659 65 42 les

122 746 217 58 premiers
380 744 218 46 introduit
637 747 40 42 le
717 746 134 43 chant
891 746 23 43 à
951 758 89 31 une
1077 744 124 45 seule
1238 742 130 53 voix,
1407 741 274 45 c'est-à-dire
1723 741 41 43 la
1803 739 224 52 Monodie,
2075 738 77 57 qui

120 828 150 45 devait
298 827 88 46 être
416 828 41 45 la
484 828 106 45 base
620 828 55 43 de
705 828 96 43 l'art
829 841 227 30 nouveau.
1091 828 54 42 Le
1175 826 166 44 nouvel
1369 830 81 47 art,
1477 822 183 60 l'opéra,
1688 822 160 57 naquit
1869 823 24 43 à
1915 823 234 55 Florence;

120 911 40 43 &
195 911 23 43 à
254 924 49 31 sa
338 910 235 45 naissance
614 924 47 30 se
697 911 246 43 rattachent
976 910 113 43 dans
1125 904 325 47 l'immortalité
1484 906 55 43 de
1576 907 38 42 la
1648 904 144 59 gloire
1827 906 65 43 les
1928 917 136 31 noms
2099 903 55 45 de

119 991 112 53 Péri,
263 992 54 43 de
345 991 195 52 Caccini,
573 992 54 43 de
655 991 146 52 Corsi,
835 990 206 44 d'Emilio
1069 991 80 42 Del
1178 988 245 52 Cavalière,
1450 988 60 43 du
1536 988 133 57 poète
1690 986 186 45 Ottavio
1898 984 252 46 Rinuccini.

122 1073 198 59 L'opéra,
359 1073 55 45 né
448 1075 113 43 dans
603 1075 38 43 le
683 1073 154 45 milieu
874 1071 340 58 aristocratique
1256 1071 80 44 des
1378 1084 134 31 cours
1547 1070 39 43 &
1627 1070 81 44 des
1750 1068 160 59 palais,
1957 1068 198 45 descend

122 1153 174 46 bientôt
330 1156 220 57 jusqu'au
594 1156 163 56 peuple
797 1156 40 43 &
879 1167 48 32 se
968 1167 215 45 propage,
1230 1157 182 40 surtout
1454 1165 77 44 par
1573 1152 37 42 le
1655 1148 157 46 mérite
1859 1151 55 43 de
1961 1148 193 46 Claudio

120 1237 298 45 Monteverdi.
449 1238 27 42 11
507 1250 132 43 passe
668 1236 282 58 rapidement
984 1236 55 43 de
1074 1236 208 43 Florence
1318 1235 24 43 à
1376 1235 162 50 Rome,
1572 1233 24 44 à
1624 1233 186 56 Naples,
1844 1232 24 43 à
1897 1231 186 53 Venise,
2114 1232 41 43 &

119 1319 188 45 franchit
335 1320 64 43 les
428 1319 236 44 frontières
692 1319 179 44 d'ltalie.
904 1317 230 46 Plusieurs
1163 1316 178 46 artistes
1370 1316 177 44 italiens
1570 1321 109 39 vont
1702 1312 261 60 interpréter
1986 1312 169 59 l'opéra

120 1416 54 30 en
204 1402 268 57 Allemagne
500 1402 38 44 &
567 1415 54 31 en
650 1402 179 51 France,
861 1401 39 43 &
929 1402 64 42 les
1021 1400 176 44 artistes
1227 1397 231 60 étrangers
1487 1397 216 46 viennent
1730 1411 55 31 en
1813 1396 116 46 Italie
1951 1409 118 45 pour
2090 1397 64 43 les

123 1481 187 47 étudier.

245 1565 63 43 En
338 1565 161 43 France
528 1565 97 43 Baïf
646 1564 78 45 fait
752 1562 226 46 connaître
1008 1561 168 60 l'opéra
1197 1561 165 51 italien,
1390 1561 40 43 &
1451 1562 120 44 alors
1594 1575 59 31 on
1676 1560 155 46 décide
1853 1561 54 43 de
1930 1559 121 45 créer
2072 1561 80 45 des

124 1645 261 47 Académies
434 1645 175 57 d'opéra
660 1660 79 31 sur
792 1649 40 42 le
870 1646 106 56 pied
1021 1649 56 40 de
1119 1646 127 43 celles
1545 1644 122 44 enfin
1717 1645 39 43 le
1804 1644 144 58 grand
1999 1645 150 58 Lully,

122 1727 221 53 florentin,
377 1727 113 45 celui
522 1727 95 58 qui,
653 1729 127 43 selon
809 1729 61 43 M.
903 1727 207 53 Rolland,
1144 1726 144 46 savait
1316 1725 209 46 concilier
1553 1722 222 47 l'émotion
1803 1725 214 44 italienne
2046 1727 42 42 et
2117 1726 38 43 le

124 1811 79 43 bon
225 1809 109 58 goût
350 1809 220 61 français,
603 1810 149 44 donne
782 1824 88 29 une
900 1809 36 45 si
966 1810 170 57 grande
1164 1809 253 57 impulsion
1448 1821 53 31 en
1531 1809 162 43 France
1721 1807 24 44 à
1773 1805 170 60 l'opéra
1976 1806 178 60 lyrique

123 1907 105 43 que,
268 1893 63 43 dit
366 1907 158 29 encore
561 1894 61 42 M.
661 1893 209 52 Rolland,
1703 1891 37 46 il
976 1895 65 41 est
1073 1894 197 42 douteux
1300 1904 83 44 que
1415 1904 102 30 sans
1545 1893 40 41 le
1615 1890 225 44 Florentin
1868 1894 126 42 notre
2025 1887 130 59 opéra

122 1973 195 61 français
349 1971 72 46 eût
454 1974 141 44 réussi
625 1973 26 44 à
684 1988 45 29 se
762 1974 171 53 fonder.
1062 1974 111 43 L'art
1206 1973 151 44 italien
1393 1971 182 59 pénètre
1615 1971 126 46 aussi
1777 1985 55 31 en
1868 1973 282 57 Angleterre.

120 2056 182 59 Dryden
330 2055 133 46 disait
495 2070 8 31 :
537 2070 25 31 «
592 2058 118 42 Pour
738 2058 40 42 la
806 2055 216 59 musique
1050 2054 152 46 l'école
1230 2054 211 47 italienne
1469 2054 95 46 doit
1592 2053 141 45 diôter
1760 2056 42 42 la
1830 2054 75 44 loi.
1931 2069 27 29 »
1981 2055 171 43 Purcell

122 2135 254 55 lui-même,
416 2138 38 43 le
496 2139 106 56 plus
636 2138 142 57 grand
814 2138 80 44 des
929 2136 183 46 anciens
1148 2136 339 58 compositeurs
1523 2135 190 60 anglais,
1754 2134 146 47 s'était
1938 2134 123 47 initié
2095 2150 56 30 au

122 2220 114 57 style
264 2219 80 44 des
372 2219 175 46 Italiens
575 2220 39 43 &
642 2219 135 44 disait
809 2233 7 30 :
852 2233 25 30 «
907 2220 123 43 C'est
1058 2233 54 30 en
1143 2218 203 45 étudiant
1368 2220 64 43 les
1454 2219 175 44 Italiens
1657 2219 140 57 qu'on
1821 2232 163 44 pourra
2006 2216 148 46 élever

122 2315 53 31 en
204 2303 262 57 Angleterre
496 2304 40 41 la
564 2301 231 58 musique,
829 2308 67 38 cet
923 2303 151 43 enfant
1103 2317 56 29 au
1192 2301 172 45 maillot
1384 2303 9 42 !
1426 2315 27 31 »

244 2383 62 44 En
353 2384 207 57 Espagne
607 2397 180 30 comme
835 2397 55 30 en
936 2383 166 44 Russie
1150 2384 40 43 la
1233 2383 217 57 musique
1492 2383 210 44 italienne
1750 2395 156 45 exerça
1954 2383 198 57 pendant

120 2467 261 55 longtemps
411 2479 62 29 un
503 2465 171 57 empire
703 2467 179 43 absolu.
915 2467 49 43 Et
992 2465 91 45 l'on
1112 2479 54 31 ne
1196 2472 109 50 peut
1333 2465 178 45 oublier
1538 2465 317 57 qu'autrefois,
1887 2467 41 43 &
1963 2465 164 46 mainte-

120 2552 107 39 nant
254 2559 178 40 encore,
466 2545 145 46 l'idéal
640 2548 54 43 de
724 2553 106 38 tous
860 2548 64 43 les
954 2547 177 45 artistes
1161 2549 68 42 fut
1262 2548 40 43 &
1336 2553 68 39 est
1439 2548 54 43 de
1523 2547 196 58 pouvoir
1747 2547 106 44 faire
1883 2562 61 29 un
1973 2562 178 44 voyage

119 2642 55 30 en
202 2629 115 43 Italie
346 2643 117 43 pour
491 2630 261 44 s'abreuver
778 2643 89 31 aux
898 2643 184 31 sources
1111 2630 55 44 de
1195 2629 112 52 l'art,
1340 2629 111 46 ainsi
1484 2643 89 43 que
1601 2629 132 45 firent
1768 2630 186 52 Hàndel,
1987 2630 160 54 Hasse,

119 2710 164 50 Gluck,
316 2712 170 43 Mozart
519 2712 41 43 &
593 2710 104 45 bien
733 2712 214 50 d'autres,
985 2710 150 46 tandis
1171 2724 90 44 que
1295 2710 230 59 plusieurs
1562 2709 250 46 musiciens
1846 2709 182 55 d'ltalie,
2066 2712 85 43 tels

119 2806 89 43 que
236 2793 64 43 les
330 2793 198 44 Scarlatti
557 2794 40 42 &
625 2794 38 43 le
691 2794 142 56 grand
862 2796 210 55 Porpora,
1106 2793 79 57 qui
1220 2796 70 43 fut
1323 2794 38 43 le
1398 2793 158 44 maître
1590 2793 54 43 de
1674 2793 177 58 Haydn,
1884 2793 183 44 allèrent
2097 2807 54 29 en

119 2874 286 57 Allemagne.

244 2956 61 42 En
349 2954 151 45 même
539 2961 154 52 temps
733 2957 97 42 l'art
864 2957 60 42 du
967 2957 136 44 chant
1136 2957 39 44 &
1211 2957 96 44 l'art
1340 2957 61 44 du
1438 2955 155 46 violon
1630 2970 47 31 se
1714 2955 288 60 répandaient
2038 2957 111 45 dans

117 3039 206 56 l'Europe
354 3051 76 44 par
458 3039 80 43 des
566 3037 178 45 artistes
774 3037 192 46 italiens.
992 3040 80 43 Les
1100 3039 218 45 virtuoses
1337 3040 54 43 de
1414 3040 135 43 chant
1570 3045 327 51 parcoururent
1920 3040 38 43 le
1982 3041 167 43 monde

120 3119 140 44 entier
286 3133 108 31 avec
430 3125 95 38 tant
559 3120 54 43 de
648 3120 157 44 succès
841 3135 89 42 que
965 3123 44 41 M
1014 3130 47 22 me
1095 3121 55 43 de
1184 3121 118 45 Staël
1339 3120 189 58 pouvait
1561 3120 136 44 écrire
1732 3135 7 31 :
1772 3135 27 31 «
1834 3121 91 52 Qui
1963 3123 71 43 n'a
2068 3135 81 45 pas

117 3201 196 43 entendu
343 3201 39 42 le
412 3201 133 43 chant
572 3200 150 46 italien
752 3214 54 30 ne
835 3206 109 51 peut
972 3200 126 46 avoir
1119 3200 129 46 l'idée
1271 3203 54 43 de
1348 3203 39 43 la
1410 3200 231 58 musique.
1669 3215 26 31 »
1718 3203 153 52 Quant
1893 3217 56 30 au
1973 3203 173 53 violon,

119 3283 108 44 c'est
262 3284 24 42 à
321 3283 179 52 Corelli,
539 3285 38 42 le
611 3284 143 58 grand
788 3285 107 42 chef
923 3281 186 55 d'école,
1149 3297 89 44 que
1276 3297 47 30 se
1359 3284 248 43 rattachent
1641 3285 65 43 les
1742 3281 292 61 générations
2069 3285 80 45 des

116 3364 269 46 violonistes
415 3379 54 29 en
498 3365 133 53 Italie,
664 3379 54 31 en
749 3366 176 51 France,
959 3379 55 29 en
1043 3366 286 56 Allemagne,
1363 3379 54 29 en
1447 3365 281 59 Angleterre,
1761 3365 200 59 puisque
1996 3368 54 43 de
2087 3366 61 44 lui

119 3446 252 46 dérivèrent
411 3446 226 54 Pinendel,
683 3448 309 53 Conneibach,
1032 3449 184 44 Cramer
1257 3448 39 43 &
1335 3449 195 51 Danner,
1575 3449 88 43 Eck
1704 3449 39 43 &
1784 3449 164 56 Spohr,
1996 3448 153 45 l'école

116 3528 280 56 allemande;
429 3528 54 43 de
512 3528 78 53 lui,
623 3529 274 44 c'est-à-dire
918 3530 54 43 de
1003 3543 73 32 ses
1105 3543 310 39 successeurs,
1447 3529 187 53 Tartini,
1659 3529 198 53 Nardini,
1884 3530 203 59 Pugnani
2110 3531 39 44 &

119 3609 156 52 Viotti,
321 3609 251 46 dérivèrent
613 3610 171 54 Baillot,
830 3612 258 52 Habeneck,
1133 3612 154 52 Alard,
1333 3609 152 47 l'école
1530 3610 218 58 française
1768 3624 8 43 ;
1822 3613 39 43 &
1903 3613 245 44 Francesco
