2268 3797
539 150 217 47 PROGRÈS
795 161 56 34 ET
888 147 328 50 NATIONALITÉ
1255 160 125 35 DANS
1419 160 58 34 LA
1517 159 220 42 MUSIQYE

123 161 102 50 314

121 275 117 43 Dom
281 273 183 45 Gaïsser
506 286 77 30 sur
624 273 39 43 le
703 269 195 60 Système
936 275 54 41 de
1029 273 43 43 la
1113 273 119 43 Roue
1270 269 219 64 (-rpoyo;),
1531 276 214 51 reposant
1781 282 80 32 sur
1894 275 113 39 cette
2044 269 113 45 belle

121 355 282 52 conclusion,
439 368 72 30 me
540 352 141 58 paraît
709 358 102 40 tout
839 353 125 45 aussi
995 351 198 52 erronée,
1230 352 132 44 sinon
1392 352 122 57 plus.

246 438 118 44 Pour
390 436 229 52 terminer,
652 436 27 43 il
710 441 68 39 est
801 437 124 57 juste
953 436 264 44 d'observer
1245 449 89 43 que
1364 432 149 47 l'essai
1543 432 348 46 d'assimilation
1921 432 120 47 tenté
2079 447 78 45 par

122 521 63 43 M.
230 518 544 59 Bourgault-Ducoudray
816 523 115 40 reste
972 518 56 44 de
1067 518 242 56 beaucoup
1352 517 37 42 le
1427 517 96 43 seul
1559 516 277 57 acceptable,
1874 515 137 45 fondé
2045 516 111 57 qu'il

122 607 84 46 est,
239 614 92 31 non
361 614 78 31 sur
466 600 54 44 de
550 600 191 57 simples
771 605 205 52 rapports
999 600 54 43 de
1076 598 384 52 nomenclatures,
1489 596 115 46 mais
1627 610 79 32 sur
1728 596 166 46 l'étude
1917 596 240 60 comparée

122 685 80 43 des
233 682 241 45 anciennes
503 681 259 46 harmonies
790 695 224 44 grecques
1043 680 85 61 (i).

1551 782 36 54 J.
1619 781 217 53 THIBAUT,

1267 883 61 33 des
1350 882 203 46 Augustins
1575 883 43 33 de
1640 882 280 46 l'Assomption.

1791 950 364 48 (Constantinople.)

699 1148 249 55 Progrès
971 1150 57 41 et
1051 1147 351 43 Nationalité
1425 1145 146 44 dans
1593 1147 53 42 la
1670 1147 286 53 musique.

1983 1147 170 54 (Suite.)

131 1151 181 40 Arnaldo
334 1152 327 38 BONAVENTURA.

247 1302 71 44 On
361 1306 123 52 peut,
524 1313 180 31 comme
736 1299 43 58 je
816 1298 68 43 l'ai
915 1296 99 59 déjà
1056 1297 80 52 dit,
1175 1296 255 58 distinguer
1470 1296 114 44 dans
1626 1297 191 44 l'œuvre
1860 1297 218 44 musicale
2115 1298 39 43 la

121 1382 138 58 partie
287 1381 271 58 descriptive
587 1382 55 43 de
671 1382 41 42 la
740 1379 138 59 partie
907 1377 221 47 affective.
1169 1378 43 45 Si
1249 1379 63 44 les
1349 1376 186 59 prêtres,
1568 1378 114 45 dans
1711 1378 39 43 le
1778 1379 160 45 chœur
1965 1379 27 44 d
1999 1381 150 50 'Aida,

120 1465 175 44 élèvent
323 1467 119 42 leurs
466 1466 196 57 hymnes
686 1463 23 43 à
991 1462 605 46 l'immensePhta
1124 1475 108 30 avec
1253 1462 80 43 des
1355 1462 171 43 formes
1547 1461 322 58 typiquement
1893 1462 255 52 orientales,

120 1547 131 52 Aida,
276 1546 226 44 Radamès
530 1546 39 43 &
597 1543 231 46 Ammeris
853 1543 255 57 expriment
1131 1542 362 52 modernement,
1521 1542 22 43 à
1569 1541 331 58 l'européenne,
1930 1545 63 43 les
2016 1545 137 44 luttes

117 1630 55 43 de
200 1631 120 42 leurs
348 1627 127 46 âmes
502 1626 311 46 tourmentées
837 1640 78 43 par
936 1627 41 43 la
992 1625 196 59 jalousie
1216 1625 39 44 &
1284 1637 79 45 par
1391 1626 196 43 l'amour
1618 1638 8 30 :
1662 1625 35 44 si
1729 1626 274 52 l'orchestre,
2037 1627 115 43 dans

119 1712 11 42 l
149 1710 260 59 'Africaine,
439 1722 47 32 se
522 1715 91 39 sert
647 1710 54 43 de
734 1708 180 45 thèmes
943 1707 178 45 indiens
1151 1720 117 44 pour
1297 1707 37 43 la
1369 1707 190 50 Marche,
1599 1706 149 44 Selika
1783 1708 161 44 chante
1974 1710 150 43 moder-

120 1797 199 47 nement,
352 1792 24 43 à
404 1788 342 60 l'européenne,
779 1804 82 30 son
891 1790 92 43 duo
1018 1788 210 45 d'amour
1262 1802 107 31 avec
1405 1790 149 43 Vasco
1589 1788 54 45 de
1681 1788 146 45 Gama
1844 1801 9 45 ;
1895 1790 36 44 si
1963 1790 36 44 le
2128 1805 26 44 %

119 1877 77 41 des
230 1875 151 43 vaches
427 1873 149 44 donne
625 1886 60 31 un
726 1871 165 46 coloris
934 1871 150 44 suisse
1126 1871 24 43 à
1190 1872 273 42 l'ouverture
1505 1871 55 43 de
1603 1870 259 45 Guillaume
1909 1872 106 50 Tell,
2060 1873 93 42 cela

120 1952 263 60 n'empêche
413 1967 80 44 pas
524 1967 89 42 que
642 1952 277 50 Guillaume,
945 1952 172 45 Arnold
1138 1951 41 44 &
1201 1951 214 46 Mathilde
1439 1951 296 57 s'expriment
1758 1966 53 29 en
1842 1953 115 58 style
1982 1953 166 45 italien.

117 2037 121 43 Dans
275 2037 38 42 la
347 2035 139 58 partie
520 2033 207 46 affective
761 2036 55 43 de
850 2035 189 44 l'œuvre
1076 2033 235 53 musicale,
1350 2036 110 42 c'est
1494 2035 38 43 le
1569 2033 245 46 sentiment
1848 2036 189 43 humain
2072 2036 79 57 qui

112 2119 130 58 jaillit
268 2119 40 43 &
337 2119 77 55 qui
450 2117 124 46 vibre
596 2131 8 43 ;
637 2119 39 41 &
705 2119 38 43 le
774 2117 246 45 sentiment
1041 2116 207 52 humain,
1269 2119 253 55 justement
1551 2130 130 43 parce
1702 2117 111 57 qu'il
1843 2124 69 38 est
1940 2117 207 55 humain,

115 2200 111 46 tient
253 2200 55 44 de
329 2206 108 38 tous
459 2200 65 43 les
544 2205 152 51 temps
718 2200 39 42 &
780 2199 54 43 de
854 2204 109 39 tous
986 2199 63 44 les
1072 2211 113 45 pays
1204 2210 9 43 ;
1240 2199 39 43 &
1302 2199 191 43 l'œuvre
1514 2197 115 46 d'art
1650 2199 79 55 qui
1753 2213 79 43 par
1853 2199 296 58 l'inspiration

116 2282 61 44 du
206 2281 131 57 génie
366 2282 38 42 le
433 2281 263 56 comprend,
731 2280 285 57 l'interprète,
1051 2281 38 42 le
1118 2280 244 57 reproduit,
1396 2280 268 57 appartient,
1698 2281 82 43 elle
1815 2281 142 53 aussi,
1992 2282 23 44 à
2043 2287 106 40 tous

116 2365 65 43 les
209 2369 152 51 temps
395 2362 40 44 &
463 2364 24 42 à
513 2369 108 38 tous
651 2364 64 43 les
745 2375 129 46 pays.
907 2362 121 52 Seul,
1061 2364 38 42 le
1128 2361 134 46 décor
1288 2362 55 44 de
1372 2364 39 42 la
1441 2362 133 45 scène
1604 2369 68 39 est
1698 2365 126 43 local.

239 2445 145 52 Enfin,
417 2445 152 57 quand
599 2459 58 30 on
684 2445 127 44 traite
839 2445 54 43 de
922 2444 169 58 l'opéra
1115 2442 207 55 théâtral,
1357 2445 26 43 il
1414 2446 95 42 faut
1536 2445 255 58 distinguer
1818 2446 40 43 la
1888 2446 260 46 nationalité

116 2527 55 44 de
199 2527 190 44 l'auteur
417 2526 38 43 &
484 2527 108 42 celle
620 2526 80 45 des
729 2539 312 44 personnages
1063 2526 60 43 du
1147 2526 173 43 drame.
1347 2526 61 43 En
1432 2527 119 53 effet,
1578 2527 237 56 lorsqu'on
1838 2533 108 39 veut
1975 2526 174 46 étudier

116 2610 41 42 la
197 2605 258 47 nationalité
496 2608 53 43 de
592 2609 40 42 la
674 2606 215 59 musique
924 2609 39 42 &
997 2609 65 43 les
1098 2608 335 44 modifications
1467 2609 164 56 qu'elle
1668 2615 109 51 peut
1813 2610 142 52 subir,
1997 2610 25 43 il
2053 2611 96 43 faut

115 2689 256 46 considérer
412 2691 41 42 la
488 2689 216 57 musique
751 2703 52 30 en
842 2688 258 52 elle-même,
1147 2689 276 46 abstraction
1465 2690 101 45 faite
1615 2691 61 44 du
1871 2693 56 43 de
1968 2690 180 47 l'aélion

116 2771 300 56 dramatique.
550 2770 231 57 Pourquoi
818 2785 54 30 ne
907 2771 304 45 disons-nous
1246 2785 82 45 pas
1364 2787 91 41 que
1490 2774 41 42 la
1809 2779 68 39 est
1913 2788 60 30 un
2011 2773 137 58 opéra

113 2853 224 58 français?
366 2867 89 43 que
486 2854 26 42 Y
515 2854 119 43 Aida
662 2859 69 38 est
752 2865 61 32 un
836 2851 137 59 opéra
995 2851 246 61 égyptien?
1263 2868 89 43 que
1375 2855 132 43 Faust
1535 2860 68 38 est
1631 2869 62 29 un
1723 2854 135 58 opéra
1888 2856 260 45 allemand?

115 2949 89 43 que
232 2936 39 42 le
298 2934 184 44 Barbier
506 2936 53 41 de
1063 2931 165 47 Séville
776 2940 69 40 est
874 2949 61 29 un
971 2934 137 58 opéra
1143 2935 252 59 espagnol?
1428 2935 283 46 Néanmoins
1748 2936 216 46 l'illusion
1999 2938 125 44 esthé-

112 3015 127 57 tique
268 3013 226 59 éprouvée
524 3028 77 43 par
628 3016 39 42 le
698 3014 255 58 speCtateur
980 3029 55 31 au
1065 3015 171 46 théâtre
1267 3023 67 38 est
1355 3016 111 58 qu'il
1489 3016 164 46 assiste
1681 3032 55 30 au
1767 3019 156 43 drame
1952 3019 195 57 parisien

115 3098 54 43 de
206 3099 43 42 la
281 3099 141 42 Dame
454 3110 94 31 aux
582 3094 236 53 Camélias,
858 3112 54 29 au
957 3110 156 32 roman
1148 3112 254 30 amoureux
1443 3100 55 43 de
1540 3100 207 45 l'esclave
1787 3100 224 54 africaine,
2057 3117 90 29 aux

115 3184 240 39 aventures
389 3179 55 43 de
478 3179 41 43 la
552 3179 114 43 belle
700 3178 241 54 Gretchen,
974 3193 89 30 aux
1093 3179 182 53 saillies,
1309 3194 88 31 aux
1425 3180 127 46 traits
1580 3180 188 59 d'esprit
1795 3183 55 43 de
1879 3182 175 59 Figaro.

116 3260 130 52 Mais,
280 3273 105 32 sans
413 3259 116 44 tenir
555 3265 185 52 compte
767 3274 89 42 que
887 3260 112 45 dans
1029 3262 64 43 les
1128 3259 175 47 aétions
1339 3262 310 58 dramatiques
1684 3277 60 30 on
1780 3265 138 56 prend
1949 3278 198 45 presque

113 3344 210 57 toujours
360 3356 117 44 pour
511 3344 118 57 sujet
662 3343 80 44 des
776 3342 103 45 faits
914 3343 215 44 humains
1165 3344 76 56 qui
1277 3344 200 46 auraient
1510 3359 61 44 pu
1611 3359 47 31 se
1693 3359 159 45 passer
1893 3347 255 58 également

112 3425 113 44 dans
256 3438 61 31 un
346 3424 87 43 lieu
464 3438 60 31 ou
554 3424 112 45 dans
696 3438 61 29 un
787 3429 141 48 autre,
962 3424 26 43 il
1019 3425 95 44 faut
1141 3424 104 45 bien
1275 3427 215 43 convenir
1519 3441 89 42 que
1632 3427 218 45 l'illusion
1879 3429 180 46 relative
2088 3444 56 30 au

212 3599 61 48 (1)
296 3602 127 34 Etudes
445 3612 63 24 sur
530 3602 36 34 la
586 3602 162 45 musique
769 3599 118 37 ecclés.
908 3613 168 34 grecque,
1101 3614 36 33 p.
1164 3603 111 44 55-60
