2268 3797
125 163 102 50 334

958 161 360 36 BIBLIOGRAPHIE

124 272 179 40 d'imiter
324 273 91 38 l'art
436 272 204 39 allemand
660 284 7 36 ;
694 272 98 51 qu'il
814 275 63 36 est
898 285 111 26 assez
1032 273 108 39 riche
1162 285 72 39 par
1256 271 230 45 lui-même,
1510 269 108 40 aussi
1643 269 122 46 riche,
1791 269 90 52 plus
1904 269 111 39 riche
2037 273 93 47 peut-

126 344 82 37 être
230 355 78 38 que
331 355 74 26 son
428 342 186 51 puissant
637 341 115 46 rival,
780 354 74 26 son
877 341 169 52 disciple
1069 342 121 51 jadis,
1222 354 74 26 son
1326 339 144 40 maître
1498 338 244 52 despotique
1771 338 278 51 aujourd'hui,
2082 338 69 51 qui

126 410 93 52 pèse
240 411 260 39 lourdement
522 422 68 27 sur
612 423 43 26 sa
676 410 161 52 pensée.
863 410 113 39 Nous
999 424 49 25 ne
1071 423 191 39 pouvons
1285 422 78 39 que
1385 422 104 26 nous
1512 408 178 39 associer
1710 408 49 39 de
1781 412 93 35 tout
1897 419 113 28 cœur
2038 406 22 40 à
2089 411 64 36 cet

126 480 118 52 appel
270 478 23 41 à
320 480 122 38 l'àme
476 478 211 40 endormie
722 480 49 38 de
805 479 37 39 la
877 480 189 50 musique
1102 480 208 38 italienne.
1349 477 273 40 Puisse-t-elle
1657 478 216 51 reprendre
1909 476 243 40 conscience

126 548 272 39 d'elle-même
418 549 6 37 !
451 548 112 38 Nous
585 548 34 38 le
642 560 179 40 croyons
844 561 100 26 avec
967 549 55 37 M.
1048 547 149 41 Torchi
1225 560 7 26 :
1260 548 24 38 il
1305 562 28 38 y
1356 561 22 25 a
1400 547 91 51 plus
1514 548 49 37 de
1585 546 125 52 profit
1731 544 23 40 à
1777 546 154 45 retirer,
1965 558 103 39 pour
2098 559 54 25 un

126 618 139 38 artiste
288 617 154 45 italien,
468 618 47 38 de
538 616 149 40 l'étude
710 618 70 38 des
802 617 273 46 Frescobaldi,
1102 619 69 37 des
1194 617 274 43 Monteverdi,
1488 617 69 37 des
1574 615 225 46 Carissimi,
1820 616 69 38 des
1905 614 247 40 Alessandro

124 686 203 46 Scarlatti,
359 687 70 38 des
460 685 206 52 Pasquini,
700 687 69 37 des
797 686 146 51 Zipoli,
976 688 70 37 des
1074 686 201 46 Veracini,
1307 687 69 38 des
1406 685 176 51 Galuppi
1613 685 34 38 &
1676 685 70 38 des
1776 683 267 47 Sanmartini,
2074 697 78 38 que

126 755 206 53 d'Haydn,
358 756 49 38 de
430 756 168 45 Mozart,
623 756 50 37 de
695 754 170 45 Hândel,
893 755 113 38 voire
1027 756 134 37 même
1189 756 49 37 de
1265 753 124 40 Bach.
1420 752 62 53 (Je
1512 766 49 25 ne
1590 753 110 51 parle
1729 752 118 52 point
1876 753 48 38 de
1952 753 197 51 Wagner,

126 824 99 51 qu'il
247 824 188 39 vaudrait
463 824 201 51 peut-être
694 824 137 39 mieux
860 837 76 38 que
964 824 139 39 l'ltalie
1133 824 111 38 n'eût
1265 823 151 52 jamais
1446 821 175 54 connu.)
1650 823 95 38 Bien
1775 835 78 38 que
1881 822 172 39 l'œuvre
2081 823 71 37 des

126 892 165 40 maitres
314 893 161 38 italiens
497 894 55 37 du
573 905 85 27 xvn
663 900 13 17 e
699 894 34 38 Se
755 894 53 37 du
832 904 100 26 xvm
936 899 14 17 e
973 890 139 41 siècles
1134 892 56 38 ait
1212 891 116 52 passé
1345 903 71 40 par
1432 890 183 53 héritage
1630 904 80 25 aux
1726 890 165 39 maîtres
1907 890 242 46 allemands,

126 962 68 51 qui
218 962 102 39 l'ont
343 962 178 39 enrichie
545 962 33 38 Se
600 962 209 52 agrandie,
835 961 56 38 les
908 960 140 53 génies
1065 961 209 53 étrangers
1291 961 92 38 n'en
1401 964 73 36 ont
1490 973 72 39 pas
1579 959 137 39 moins
1733 959 150 39 affaibli
1902 972 51 26 ou
1971 959 181 39 annihilé

124 1031 122 39 l'âme
274 1030 191 39 italienne
486 1042 7 35 ;
519 1044 24 25 «
566 1043 43 26 ce
632 1030 97 52 qu'il
750 1044 28 38 y
807 1030 110 39 avait
946 1031 102 38 dans
1076 1043 44 26 sa
1149 1029 223 39 sensibilité
1401 1031 48 37 de
1478 1033 217 47 purement
1724 1028 137 39 italien
1890 1042 21 25 a
1940 1028 61 40 été
2029 1028 123 39 altéré

126 1100 34 37 Se
183 1098 150 39 détruit
353 1111 6 35 ;
393 1112 42 25 sa
458 1098 148 40 faculté
628 1111 146 39 propre
797 1100 48 37 de
868 1099 139 45 sentir,
1034 1112 41 25 sa
1098 1099 189 38 fantaisie
1308 1098 200 52 originale
1531 1101 73 36 ont
1632 1097 63 39 été
1723 1097 232 52 paralysées
1975 1109 7 35 ;
2014 1097 138 39 l'ltalie

124 1181 22 25 a
168 1167 62 40 été
251 1167 223 40 détournée
497 1169 48 38 de
566 1169 38 38 la
626 1168 181 39 création
828 1168 101 39 libre
950 1169 35 38 Se
1008 1168 195 39 naturelle
1223 1179 7 35 ;
1256 1181 25 26 »
1303 1168 34 39 &
1359 1167 74 39 elle
1455 1181 22 24 a
1499 1167 82 51 pris
1604 1167 224 38 l'habitude
1850 1167 159 38 funeste
2031 1167 48 38 de
2103 1179 49 26 ne

125 1237 178 51 pouvoir
323 1237 92 51 plus
438 1251 42 24 se
501 1250 138 39 passer
660 1236 241 40 d'éléments
922 1236 226 53 étrangers,
1171 1237 145 51 qu'elle
1338 1249 49 26 ne
1409 1240 97 48 peut
1528 1249 71 38 pas
1623 1236 91 39 bien
1738 1235 249 46 s'assimiler,
2019 1237 35 38 Se
2083 1235 68 52 qui

126 1318 50 26 ne
198 1306 279 39 conviennent
500 1319 71 38 pas
593 1305 22 39 à
637 1319 43 25 sa
703 1309 157 35 nature.

238 1375 53 39 Le
326 1375 118 51 point
478 1376 49 38 de
562 1389 78 25 vue
675 1373 80 41 très
792 1374 228 52 particulier
1055 1374 146 52 auquel
1241 1375 174 39 l'auteur
1455 1374 96 39 s'est
1592 1373 113 53 placé
1747 1374 188 52 explique
1977 1374 174 39 certains

126 1443 158 39 défauts
305 1445 49 37 de
377 1456 74 27 son
474 1456 199 40 ouvrage.
700 1444 109 39 C'est
831 1457 54 26 un
908 1444 102 39 livre
1033 1445 49 38 de
1104 1444 181 39 combat.
1312 1444 26 38 Il
1361 1456 50 26 ne
1434 1443 85 39 faut
1540 1444 108 38 donc
1670 1456 72 38 pas
1764 1447 93 48 trop
1881 1442 205 40 s'étonner
2102 1444 49 38 de

126 1513 196 51 quelques
343 1513 127 51 partis
493 1513 95 51 pris,
614 1514 49 37 de
685 1513 195 52 quelques
903 1513 225 52 injustices,
1149 1513 68 51 qui
1235 1525 49 26 ne
1300 1512 167 39 laissent
1483 1525 71 39 pas
1571 1513 49 38 de
1637 1512 181 52 choquer
1833 1512 164 52 parfois.
2017 1511 130 46 Ainsi,

126 1585 105 35 cette
259 1581 294 52 appréciation,
587 1595 70 38 par
678 1586 93 47 trop
807 1582 220 39 sommaire
1061 1583 34 38 Se
1129 1581 291 52 dédaigneuse,
1458 1583 49 37 de
1542 1581 37 39 la
1614 1581 189 51 musique
1839 1580 312 40 instrumentale

126 1650 208 48 française,
360 1665 25 24 «
407 1651 67 50 qui
499 1664 49 25 ne
569 1651 61 38 fut
646 1651 148 52 jamais
816 1651 151 51 qu'une
988 1651 133 38 habile
1143 1651 300 45 assimilatrice,
1470 1651 68 50 qui
1562 1663 49 26 ne
1627 1650 61 39 fut
1698 1650 149 52 jamais
1864 1650 283 45 individuelle,

120 1719 150 51 jamais
292 1719 198 53 originale
512 1733 39 26 ».
653 1719 91 40 Ceci
767 1720 82 39 m'a
878 1719 154 40 semblé
1062 1733 53 26 un
1145 1733 77 38 peu
1251 1720 75 38 dur
1354 1721 52 38 du
1435 1732 102 40 pays
1565 1720 49 38 de
1643 1719 166 46 Berlioz,
1843 1720 34 38 Se
1905 1720 49 38 de
1983 1723 91 35 tant
2102 1720 49 38 de

126 1788 93 45 fins,
245 1788 136 38 hardis
404 1789 33 38 Se
460 1788 194 40 inventifs
677 1788 224 45 coloristes,
928 1790 104 37 dont
1053 1789 57 38 les
1126 1788 240 40 trouvailles
1389 1789 117 39 n'ont
1523 1801 73 38 pas
1612 1801 76 38 peu
1705 1788 216 40 contribué
1937 1786 20 41 à
1974 1788 177 39 enrichir

125 1857 36 37 la
183 1856 149 52 palette
353 1858 70 38 des
445 1861 135 35 autres
603 1858 178 38 nations.
882 1858 116 38 Cette
1027 1859 134 37 même
1189 1857 201 52 partialité
1420 1857 257 52 passionnée,
1710 1858 85 50 qui,
1827 1858 49 38 de
1905 1858 69 38 dix
2002 1870 49 26 en
2081 1858 70 38 dix

124 1938 141 40 pages,
291 1924 155 41 célèbre
470 1926 37 38 la
529 1926 240 51 supériorité
791 1928 48 37 de
861 1926 90 40 l'art
975 1927 134 38 italien
1132 1939 68 27 sur
1221 1927 34 39 le
1279 1930 103 36 reste
1403 1927 48 39 de
1469 1926 201 52 l'Europe,
1690 1926 105 39 évite
1812 1927 339 51 soigneusement

124 1995 49 37 de
195 1998 146 35 mettre
364 2007 48 26 en
436 1996 143 51 regard
602 1997 69 36 des
694 1995 222 39 musiciens
940 1995 159 39 italiens
1127 1995 35 38 le
1190 1995 176 47 tableau,
1399 1995 31 39 si
1461 1996 220 38 sommaire
1710 1995 142 46 soit-il,
1883 1997 49 37 de
1959 1995 92 39 l'art
2078 1997 71 37 des

124 2066 135 35 autres
281 2063 179 40 nations.
487 2064 103 39 Hors
613 2063 102 39 Lulli
740 2077 48 25 en
812 2065 163 45 France,
1001 2065 106 38 Bach
1130 2065 34 38 Se
1187 2064 156 39 Hàndel
1366 2077 49 26 en
1437 2064 257 52 Allemagne,
1722 2065 25 38 il
1770 2065 154 38 semble
1954 2078 77 37 que
2064 2065 83 41 rien

125 2131 169 40 n'existe
317 2145 49 25 en
389 2133 203 51 musique,
618 2146 49 25 au
691 2131 89 41 delà
801 2134 48 37 de
871 2133 37 39 la
930 2133 227 52 péninsule,
1182 2137 127 35 avant
1336 2133 38 40 la
1401 2134 177 39 seconde
1607 2133 145 40 moitié
1780 2134 54 39 du
1864 2146 101 26 xvm
1970 2141 14 17 e
2011 2132 134 41 siècle.

124 2200 240 51 Cependant
399 2200 26 39 il
454 2201 270 52 importerait,
756 2214 104 39 pour
888 2215 104 25 nous
1021 2202 96 38 faire
1146 2201 206 52 apprécier
1380 2200 256 41 exactement
1663 2202 91 39 l'art
1783 2202 151 47 italien,
1966 2204 49 37 de
2044 2216 105 25 nous

123 2269 157 38 donner
307 2270 49 38 de
385 2273 134 48 temps
547 2284 48 25 en
625 2274 134 48 temps
787 2270 37 39 la
852 2283 160 26 mesure
1041 2272 70 38 des
1138 2275 136 35 autres
1304 2272 180 50 peuples.
1518 2272 101 39 Mais
1654 2272 99 39 c'est
1787 2285 44 26 ce
1867 2272 67 50 qui
1970 2284 179 38 manque

122 2337 261 39 absolument
406 2338 66 46 ici,
498 2340 35 38 Se
555 2339 99 39 c'est
676 2352 44 26 ce
741 2340 69 50 qui
828 2343 158 48 permet
1002 2338 21 40 à
1040 2340 54 38 M.
1114 2338 150 41 Torchi
1282 2341 71 38 des
1369 2341 237 44 assertions,
1627 2341 78 39 fort
1723 2342 168 51 sujettes
1907 2340 22 40 à
1945 2344 199 42 conteste,

123 2418 162 27 comme
307 2407 97 39 celle
427 2421 77 37 que
527 2408 37 38 la
585 2407 189 52 musique
796 2409 312 39 instrumentale
1131 2409 193 38 italienne
1347 2423 22 25 a
1390 2409 63 39 été
1469 2409 153 40 formée
1637 2410 37 39 la
1691 2408 198 53 première
1905 2423 49 25 en
1971 2410 173 51 Europe,

122 2474 216 53 (assertion
362 2476 68 51 qui
461 2489 41 26 se
531 2481 147 34 trouve
707 2477 203 39 d'ailleurs
938 2479 102 38 dans
1067 2491 174 38 presque
1269 2483 137 34 toutes
1435 2478 56 39 les
1521 2479 191 39 histoires
1740 2480 49 37 de
1817 2479 37 38 la
1882 2481 190 49 musique
2100 2481 49 37 de

121 2547 135 35 toutes
277 2545 57 38 les
358 2545 178 46 nations,
563 2559 48 24 en
634 2546 232 51 particulier
888 2548 48 37 de
958 2547 283 52 l'Angleterre,
1267 2548 104 38 dont
1394 2548 54 38 M.
1474 2547 151 40 Torchi
1650 2561 50 26 ne
1722 2548 60 39 dit
1804 2561 71 38 pas
1899 2561 54 25 un
1977 2552 103 42 mot,
2113 2549 34 38 Se

121 2613 67 50 qui
223 2626 157 39 occupa
414 2618 196 47 pourtant
645 2628 78 25 une
759 2615 112 51 place
906 2615 32 39 si
975 2615 207 39 éminente
1216 2617 102 37 dans
1353 2616 92 39 l'art
1467 2616 174 40 musical
1671 2618 53 38 du
1754 2629 71 26 xvi
1830 2625 14 16 e
1871 2615 158 55 siècle.)
2058 2618 90 38 Une

122 2681 166 40 histoire
310 2684 48 37 de
380 2683 36 39 la
438 2684 246 38 civilisation
708 2684 98 38 d'un
830 2684 158 52 peuple,
1015 2698 52 25 ou
1096 2685 121 39 d'une
1246 2685 129 39 forme
1404 2687 49 37 de
1482 2699 43 26 sa
1554 2686 264 45 civilisation,
1853 2699 49 25 ne
1931 2690 98 47 peut
2057 2686 90 52 plus

122 2750 96 45 être,
244 2750 22 38 à
288 2755 115 35 notre
425 2752 172 51 époque,
623 2753 201 39 enfermée
846 2755 102 38 dans
970 2754 57 38 les
1043 2754 213 40 frontières
1272 2755 48 39 de
1336 2768 45 26 ce
1397 2755 145 52 peuple
1559 2767 7 35 ;
1592 2755 74 39 elle
1683 2756 87 38 doit
1785 2757 83 37 être
1885 2768 78 26 une
1980 2755 167 40 histoire

123 2819 227 51 comparée,
377 2821 34 37 Se
440 2825 117 35 noter
584 2834 100 26 avec
713 2823 88 38 soin
830 2823 56 39 les
915 2823 223 39 influences
1168 2823 259 52 réciproques
1455 2826 70 37 des
1555 2825 164 38 nations
1748 2828 113 35 entre
1889 2825 109 38 elles.
2031 2825 27 38 Il
2086 2829 62 34 est

122 2887 108 39 aussi
253 2888 80 38 très
357 2888 240 52 important,
624 2891 137 50 quand
783 2903 53 25 on
860 2889 128 40 décrit
1009 2889 240 41 l'évolution
1274 2891 97 39 d'un
1396 2905 123 39 genre
1547 2892 228 51 artistique,
1806 2892 235 51 d'apporter
2069 2905 78 27 une

122 2956 180 38 extrême
324 2956 202 52 précision
549 2956 22 41 à
599 2958 37 39 la
664 2958 269 53 chronologie
962 2958 216 52 comparée
1207 2961 69 37 des
1306 2973 162 26 œuvres
1496 2961 34 38 Se
1559 2962 71 37 des
1659 2961 205 38 hommes.
1897 2961 106 39 Pour
2026 2962 122 51 juger

123 3037 163 26 comme
315 3025 25 38 il
368 3026 197 39 convient
592 3028 48 37 de
663 3027 264 52 l'originalité
948 3028 98 38 d'un
1067 3028 129 51 Zipoli
1220 3041 51 26 ou
1295 3030 48 37 de
1366 3029 52 38 tel
1441 3033 128 44 autre,
1596 3030 25 37 il
1644 3042 103 27 nous
1776 3030 176 39 faudrait
1980 3042 144 39 rappro-

123 3093 94 39 cher
244 3093 261 40 étroitement
532 3095 56 39 les
617 3096 113 38 dates
758 3097 48 38 de
835 3109 62 26 ses
926 3096 301 52 compositions
1256 3098 48 38 de
1333 3098 118 38 celles
1480 3099 70 38 des
1578 3098 167 40 maîtres
1773 3098 226 53 étrangers.
2031 3099 116 40 Cette

123 3162 286 51 comparaison
433 3162 70 39 fait
525 3162 269 41 entièrement
816 3164 152 40 défaut.

235 3231 52 38 Le
310 3231 101 40 livre
434 3230 126 53 pèche
582 3234 109 38 aussi
714 3246 71 38 par
806 3234 35 38 le
870 3234 110 50 plan,
1013 3234 67 51 qui
1109 3239 62 35 est
1199 3239 179 35 souvent
1406 3236 161 39 confus.
1599 3236 66 38 On
1695 3236 216 52 s'aperçoit
1940 3251 77 38 que
2047 3237 100 40 c'est

122 3312 78 26 une
223 3300 104 38 suite
350 3300 262 40 d'excellents
634 3302 160 39 articles
816 3303 49 37 de
888 3314 121 28 revue
1025 3302 79 54 (i),
1129 3303 79 40 mis
1230 3304 100 39 bout
1347 3302 22 40 à
1386 3304 114 46 bout,
1522 3317 93 26 sans
1631 3305 118 39 avoir
1764 3305 62 40 été
1842 3307 305 39 suffisamment

120 3368 163 39 fondus.
322 3369 26 37 Il
382 3383 28 39 y
445 3383 22 25 a
503 3383 53 26 un
587 3384 76 38 peu
693 3372 47 38 de
769 3370 206 48 désordre,
1007 3373 69 38 des
1106 3373 163 46 redites,
1302 3374 71 38 des
1402 3377 158 36 retours
1589 3389 48 24 en
1667 3374 160 41 arrière.
1861 3376 75 39 Les
1965 3376 181 52 époques

122 3441 94 35 sont
238 3437 162 39 mêlées.
433 3437 72 40 Tel
533 3439 168 52 disciple
730 3444 61 35 est
818 3439 135 41 étudié
981 3442 101 39 dans
1112 3455 53 26 un
1196 3443 196 51 chapitre,
1426 3444 34 38 Se
1489 3456 75 27 son
1594 3444 144 40 maître
1767 3458 50 26 ne
1844 3446 35 38 le
1907 3458 87 26 sera
2023 3445 122 52 qu'au

208 3587 49 40 (i)
277 3587 178 42 L'ouvrage
478 3589 39 29 de
541 3590 43 30 M.
610 3590 118 31 Torchi
752 3601 15 19 a
789 3601 78 30 paru
890 3591 80 31 dans
993 3592 28 30 la
1043 3592 118 31 Rivista
1183 3592 144 31 musicale
1348 3593 130 31 italiana
1481 3618 8 13 ,
1516 3594 39 29 de
1583 3593 84 41 1897
1691 3594 16 30 à
1736 3602 88 32 1900.
