3576 4572
1619 472 196 60 Franz
1855 472 209 75 Werfel
2122 505 13 14 •
2196 471 123 59 Der
2356 471 124 59 Ritt

959 471 114 58 182

960 696 88 10 ■—
1101 657 128 70 Die
1280 659 218 90 liegen
1549 657 142 70 hier
1737 656 156 71 sehr
1942 657 157 91 lang

959 750 242 71 Dacht’
1239 751 104 72 ich
1370 751 139 72 und
1543 750 235 71 schloß
1813 751 122 70 das
1970 750 179 92 Aug.
2202 751 197 72 Doch
2432 757 123 66 wie
2592 751 207 72 durch
2834 757 195 66 einen
3063 755 124 74 Riß

960 842 140 72 Sah
1135 843 103 71 ich
1268 844 108 71 die
1409 844 215 70 vielen
1658 842 376 72 schwarzen
2064 844 250 92 Köpfe,
2351 844 121 71 sah
2508 843 240 74 manch
2792 844 397 76 blinkendes

2941 938 245 88 Gebiß,

959 1030 113 69 An
1122 1028 549 93 aufgetriebenen
1721 1030 278 71 Westen
2051 1030 280 73 manche
2382 1031 408 72 Silberkette
2839 1031 234 72 blank:

1070 1122 129 70 Die
1216 1136 238 76 trugen
1474 1124 220 69 Diebe
1713 1122 180 73 nicht
1911 1124 139 71 und
2069 1124 181 72 nicht
2271 1126 109 70 die
2398 1125 261 90 großen
2681 1125 258 71 Elstern
2959 1124 226 73 fort—

960 1214 95 72 So
1091 1215 164 71 ahnt
1288 1243 73 43 es
1389 1220 122 66 mir
1662 1215 109 72 die
1815 1216 279 84 Elstern,
2133 1219 110 71 die
2277 1247 77 43 so
2391 1218 302 72 schreien
2729 1218 168 72 über
2937 1219 250 72 diesem

2949 1312 132 71 Ort

960 1399 105 71 Ich
1117 1399 353 73 schüttelte
1519 1430 132 42 von
1704 1402 348 71 Schultern
2104 1404 183 70 nicht

959 1494 152 70 Den
1138 1494 210 72 Bann.
1401 1494 151 72 Wie
1578 1496 157 71 sehr
1759 1496 103 71 ich
1890 1497 302 89 kämpfte
2220 1497 188 84 auch,
2438 1496 103 71 ich
2570 1496 228 71 mußte
2824 1497 256 71 schaun
3104 1554 87 17 ...

959 1586 87 71 Es
1079 1587 224 71 froren
1338 1590 137 68 und
1526 1616 71 44 es
1633 1590 273 71 stachen
1942 1590 171 70 mich
2157 1591 111 70 die
2300 1591 310 70 Wurzeln
2646 1596 251 66 meiner
2930 1591 263 84 Brau’n,

959 1680 128 70 Die
1138 1680 218 72 Toten
1408 1681 196 92 lagen
1655 1696 167 57 starr
1872 1687 86 65 im
2008 1687 238 86 späten
2297 1682 206 71 Licht.

959 1773 106 71 Ich
1115 1773 209 72 fühlte
1375 1781 263 65 meinen
1690 1776 163 71 Leib
1905 1781 124 65 wie
2079 1784 193 65 einen
2324 1775 380 93 ungefügen
2754 1775 197 72 Sack.

959 1865 195 71 Doch
1230 1868 313 89 plötzlich
1615 1870 192 69 war’s
1858 1869 96 70 als
2004 1875 148 66 ritte
2203 1870 125 83 ich,
2404 1870 96 70 als
2559 1877 151 81 trüg
2784 1869 171 71 mich
3015 1875 180 66 einer

2781 1962 409 91 huckepack.

959 2051 87 71 Es
1097 2065 151 77 trug
1299 2053 171 70 mich
1522 2060 183 64 einer
1755 2054 410 91 huckepack,

957 2145 158 71 Fest
1163 2151 219 66 meine
1432 2147 332 71 Schenkel
1815 2147 283 92 preßten
2150 2148 355 91 brüchiges
2558 2148 539 92 Schulternpaar.

957 2236 87 72 Es
1094 2239 291 71 flatterte
1435 2269 122 42 vor
1605 2245 123 66 mir
1788 2248 105 63 ein
1947 2240 263 91 Schopf
2264 2242 335 72 farbloses
2652 2244 205 68 Haar.

960 2331 143 70 Nur
1153 2333 372 71 manchmal
1577 2334 304 70 mühsam
1931 2363 154 55 war,
2140 2334 291 72 schwarz
2479 2340 123 66 wie
2650 2364 134 41 von
2834 2335 168 70 Lack

960 2423 119 72 Ein
1107 2425 252 73 Antlitz
1385 2428 282 89 fragend
1694 2428 433 91 hergedreht:
2213 2429 118 71 Ob
2377 2429 102 70 ich
2516 2428 167 71 auch
2718 2435 149 65 ritte
2912 2429 281 71 recht...

959 2518 139 71 Der
1171 2519 194 84 Tote,
1444 2521 118 69 der
1636 2521 171 71 mich
1881 2535 170 77 trug,
2128 2551 70 42 er
2269 2528 252 84 grinste
2597 2522 226 84 schief,
2899 2528 123 65 wie
3088 2528 106 66 ein

2460 2621 402 85 gutmütiger
2912 2616 281 71 Knecht.

956 2703 141 70 Auf
1147 2705 155 70 dem
1354 2703 102 72 ich
1507 2711 109 65 ritt
1665 2707 138 69 und
1854 2711 128 79 ritt,

959 2797 86 70 Er
1092 2825 136 44 war
1277 2797 463 93 schnellfüßig,
1793 2805 121 65 wie
1966 2800 181 71 nicht
2197 2801 198 70 leicht

959 2889 119 70 Ein
1133 2890 392 90 Rennpferd
1577 2898 102 75 ist,
1735 2891 121 72 das
1909 2893 180 72 nicht
2138 2893 331 71 schnaubt
2519 2894 173 70 noch
2744 2894 263 71 keucht.

957 2984 197 71 Doch
1205 2985 312 89 plötzlich
1571 2987 381 71 schwankte
2003 3016 71 42 er
2123 2988 136 70 und
2310 2988 110 71 fiel
2480 2993 65 65 in
2597 2987 269 73 Schritt.

959 3076 86 69 Er
1069 3078 199 70 stand
1298 3079 136 69 und
1460 3079 267 71 wandte
1756 3086 121 63 mir
1903 3086 141 64 sein
2074 3109 139 41 arm
2240 3082 446 70 zerfressenes
2705 3082 254 71 Antlitz
2978 3082 212 71 her...

960 3171 127 70 Mir
1161 3171 163 71 aber
1395 3173 211 82 war’s,
1689 3173 95 71 als
1846 3173 91 70 ob
2015 3181 174 63 mein
2265 3181 193 85 eigen
2535 3176 150 70 Bild
2758 3189 280 58 verwest
3110 3182 84 64 im

2710 3270 273 90 Spiegel
3040 3275 155 65 wär.

957 3356 87 70 Er
1093 3359 281 89 klappte
1425 3364 118 65 mit
1594 3360 153 70 dem
1802 3360 211 71 Mund

960 3451 160 70 Und
1172 3451 273 91 sprach:
1536 3453 224 82 „Mein
1811 3454 258 71 Bruder
2118 3457 130 81 Du,
2302 3483 73 42 es
2427 3459 84 66 ist
2559 3483 244 64 genug.

959 3544 266 92 Genug,
1280 3545 136 72 daß
1470 3545 172 72 Gott
1689 3547 103 70 für
1843 3548 167 71 Dich
2064 3548 172 71 mich
2295 3548 181 71 fällte
2528 3549 136 69 und
2716 3548 323 93 erschlug.

960 3637 104 71 Ich
1116 3638 201 71 nahm
1369 3639 173 70 Dein
1595 3639 132 72 Los
1778 3641 112 70 auf
1938 3641 193 71 mich.
2216 3642 108 70 Du
2375 3642 166 70 aber
2591 3642 134 70 bist
2771 3642 282 91 gesund.

960 3732 154 70 Nun
1164 3760 162 64 sage
1378 3737 147 66 mir:
1605 3735 89 68 Ist
1741 3761 79 42 so
1870 3733 327 92 gerichtet
2248 3736 179 70 denn
2478 3735 294 91 gerecht,

957 3824 154 72 Daß
1171 3826 108 70 Du
1338 3831 176 66 mein
1575 3826 226 71 Reiter
1865 3827 136 72 bist
2066 3829 137 70 und
2273 3830 174 70 Herr
2678 3829 139 70 und
2867 3829 102 71 ich
3021 3829 173 68 Dein

2436 3923 200 70 Pferd
2688 3923 138 70 und
2876 3920 318 74 Knecht?
