2725 4341
394 379 74 52 10

1062 380 168 57 THE
1267 380 493 57 SIGNATURE.

339 547 141 57 tion.
510 547 186 57 There
726 548 48 56 is
804 548 224 77 delight
1056 550 120 57 and
1204 550 266 76 triumph
1500 551 318 69 elsewhere,
1848 552 163 57 these
2039 554 200 76 angels
2269 556 189 57 sound

339 644 153 57 their
519 644 140 57 loud
687 654 306 68 trumpets.
1073 646 164 57 Then
1265 667 137 38 men
1430 667 96 36 are
1554 647 117 58 like
1699 649 215 56 brands
1943 650 131 57 that
2100 650 149 57 hâve
2290 651 166 59 burst

338 743 458 76 spontaneously
823 744 124 57 into
988 744 185 69 fiame,
1214 744 101 58 the
1355 747 255 74 phœnix,
1652 745 102 59 the
1794 747 161 76 tiger,
1996 748 100 57 the
2135 748 317 77 glistening

340 838 163 69 dove,
543 839 103 57 the
685 839 460 78 white-burning
1185 842 257 57 unicorn.

494 936 120 57 But
678 936 138 57 here
880 957 96 37 are
1060 940 139 75 only
1279 938 101 57 the
1436 938 199 77 angels
1698 940 130 57 that
1914 941 194 57 cleave
2175 942 271 66 asunder,

334 1031 235 57 terrible
594 1032 117 56 and
750 1032 330 59 invincible.
1160 1034 167 58 With
1367 1035 144 67 cold,
1552 1035 336 57 irrésistible
1929 1036 188 57 hands
2157 1037 141 77 they
2338 1048 109 66 put

335 1147 70 36 us
444 1139 183 65 apart,
669 1129 142 76 they
851 1130 144 56 send
1058 1130 119 57 like
1230 1139 148 48 unto
1434 1131 132 68 like,
1624 1131 281 59 darkness
1959 1144 149 46 unto
2164 1134 284 58 darkness

338 1224 160 76 They
538 1225 197 57 thrust
776 1227 100 55 the
915 1246 126 36 seas
1080 1228 307 56 backward
1425 1228 149 57 from
1616 1229 281 66 embrace,
1936 1230 308 56 backward
2293 1230 151 58 from

332 1322 102 57 the
473 1322 207 57 locked
720 1323 175 59 strife.
975 1324 161 77 They
1176 1333 87 49 set
1304 1326 102 56 the
1445 1326 128 57 cold
1614 1327 498 76 phosphorescent
2156 1328 173 57 flame
2385 1329 63 56 of

334 1418 152 77 light
513 1420 231 76 flowing
773 1421 151 57 back
962 1430 61 48 to
1064 1422 103 57 the
1205 1422 168 76 light,
1413 1423 118 56 and
1571 1423 130 58 cold
1740 1423 190 77 heavy
1968 1425 281 57 darkness
2288 1425 120 57 flow-

332 1516 103 76 ing
473 1517 150 56 back
663 1525 61 50 to
766 1517 102 58 the
908 1519 294 57 darkness.
1284 1520 162 76 They
1489 1540 97 37 are
1647 1521 101 57 the
1803 1523 263 58 absolute
2124 1524 200 75 angels
2383 1524 63 57 of

330 1614 353 75 corruption,
725 1615 141 76 they
905 1636 97 38 are
1044 1617 101 57 the
1186 1617 198 68 snake,
1423 1618 105 57 the
1568 1628 168 58 newt,
1778 1619 101 57 the
1920 1620 315 77 water-lily.

484 1710 29 55 I
553 1728 162 40 cease
754 1719 61 49 to
856 1712 85 66 be,
981 1731 61 37 m
1044 1732 39 56 y
1124 1712 280 58 darkness
1444 1714 189 76 lapses
1672 1714 126 59 into
1839 1724 171 59 utter,
2052 1726 168 48 stone
2265 1717 137 57 dark-

334 1825 147 49 ness,
522 1827 101 56 my
663 1808 152 75 light
856 1808 124 57 into
1021 1829 34 35 a
1094 1810 153 76 light
1286 1811 131 57 that
1456 1811 50 56 is
1547 1812 151 57 keen
1736 1813 118 56 and
1895 1813 128 58 cold
2063 1834 61 37 as
2165 1815 156 58 frost.

485 1905 138 57 This
649 1925 137 57 goes
814 1926 75 36 on
932 1906 206 58 within
1180 1909 101 57 the
1319 1909 146 57 rind.
1545 1910 118 57 But
1705 1911 102 56 the
1846 1911 134 57 rind
2019 1912 254 58 remains
2319 1933 94 57 per-

334 2010 259 59 manent,
625 2003 203 75 falsely
867 2003 278 68 absolute,
1188 2024 102 56 my
1329 2005 143 59 false
1511 2006 265 58 absolute
1817 2008 342 76 knowledge
2201 2009 63 56 of
2297 2009 153 75 good

335 2097 118 57 and
494 2099 127 57 evil.
705 2099 109 57 Till
854 2100 103 58 the
997 2100 158 58 work
1195 2102 58 56 of
1308 2103 338 76 corruption
1704 2104 48 56 is
1807 2104 283 70 finished;
2147 2107 145 56 then
2348 2107 103 57 the

335 2194 133 56 rind
495 2196 136 67 also,
659 2197 103 57 the
788 2197 198 76 public
1014 2197 167 68 form,
1225 2199 102 58 the
1369 2201 364 67 civilisation,
1775 2202 102 57 the
1917 2202 357 57 established
2315 2224 100 36 con-

331 2292 328 59 sciousness
685 2295 65 56 of
782 2295 288 57 mankind
1112 2296 333 77 disappears
1486 2318 62 36 as
1590 2298 127 58 well
1756 2300 62 56 in
1859 2300 102 57 the
2000 2301 212 57 mouth
2253 2301 63 56 of
2349 2302 103 57 the

336 2408 193 49 worm,
571 2390 181 57 taken
792 2392 384 75 unutterably
1216 2394 254 57 asunder
1511 2395 75 75 by
1629 2396 103 56 the
1770 2395 191 57 hands
2001 2396 68 56 of
2102 2396 101 57 the
2248 2398 199 74 angels

336 2485 66 56 of
435 2488 343 75 séparation.
859 2489 59 56 It
959 2507 189 39 ceases
1190 2499 61 47 to
1291 2492 87 66 be,
1418 2492 78 55 ail
1536 2492 103 58 the
1680 2493 356 57 civilisation
2074 2494 119 56 and
2231 2494 76 56 ail
2349 2494 103 58 the

338 2583 450 69 consciousness,
818 2584 48 59 it
905 2605 197 57 passes
1145 2587 220 76 utterly
1407 2608 174 58 away,
1621 2610 35 34 a
1696 2598 336 68 temporary
2072 2591 272 57 cohésion
2385 2592 63 56 in

336 2681 102 57 the
478 2681 138 58 flux.
697 2682 57 57 It
802 2702 113 37 was
976 2682 134 69 this,
1172 2685 119 57 this
1355 2686 147 67 rind,
1564 2686 120 57 this
1742 2687 315 76 persistent
2116 2697 334 68 temporary

336 2779 287 67 cohésion,
666 2779 117 57 this
824 2795 115 41 was
980 2780 128 68 evil,
1153 2781 119 56 this
1313 2782 168 58 alone
1521 2803 113 37 was
1676 2784 127 68 evil,
1883 2785 137 56 And
2075 2784 47 57 it
2178 2785 266 76 destroys

334 2893 70 37 us
431 2875 77 56 ail
550 2875 191 57 before
782 2876 161 57 itself
976 2875 50 57 is
1065 2876 322 79 destroyed.
