2725 4341
381 337 41 54 2

1058 338 168 56 THE
1265 337 495 58 SIGNATURE.

344 505 200 76 things
586 525 133 56 pass
760 506 124 58 into
923 527 35 37 a
1000 508 297 57 universal
1339 527 261 48 oneness,
1640 506 141 56 with
1823 506 101 58 the
1965 506 113 58 last
2135 506 334 75 re-echoing

341 603 163 67 dove,
532 622 188 57 peace,
749 604 79 56 ail
869 625 145 55 pure
1053 625 189 57 peace,
1284 604 213 78 ebbing
1536 604 62 56 in
1638 603 192 69 softer,
1870 604 180 57 softer
2089 623 186 37 waves
2318 614 60 46 to
2430 626 34 34 a

343 698 295 56 universal
681 699 269 59 stillness.

494 796 122 57 The
657 797 146 56 dark
843 797 136 57 blue
1034 797 347 78 tranquility
1437 799 48 54 is
1541 797 293 57 universal
1889 797 119 56 and
2063 796 241 69 infinité,
2361 797 100 56 the

341 893 176 57 doves
558 913 96 37 are
695 895 192 76 asleep
926 895 63 56 in
1030 895 102 57 the
1171 895 262 76 sleeping
1471 895 241 75 boughs,
1773 896 76 55 ail
1906 895 172 57 fruits
2132 914 97 37 are
2284 895 175 56 fallen

341 990 119 56 and
499 1011 96 36 are
636 992 174 57 silent
850 993 119 57 and
1011 993 144 67 eold,
1195 994 78 55 ail
1317 993 102 57 the
1464 994 191 56 leaves
1715 994 142 56 melt
1915 1013 159 56 away
2132 993 127 57 into
2318 1013 143 55 pure

343 1087 138 57 mist
523 1088 64 55 of
620 1088 296 64 darkness,

492 1186 57 56 It
589 1185 49 57 is
678 1195 248 66 strange,
970 1187 131 57 that
1142 1207 160 55 away
1344 1207 73 36 on
1461 1187 100 57 the
1603 1188 168 56 other
1810 1187 122 56 side
1986 1188 64 55 of
2103 1188 101 56 the
2265 1187 177 56 world

342 1280 103 57 the
487 1281 146 76 tiger
671 1282 221 77 gleams
935 1284 260 76 through
1236 1284 101 57 the
1378 1284 343 76 hot-purple
1762 1284 294 68 darkness,
2097 1284 117 56 and
2266 1284 190 56 where

337 1379 103 57 the
480 1379 170 57 dawn
691 1399 192 38 cornes
925 1381 266 69 crimson,
1271 1383 103 57 the
1420 1381 240 77 phœnix
1720 1381 120 58 lifts
1900 1383 104 56 her
2061 1381 183 77 wings
2301 1380 63 56 in
2423 1399 35 36 a

334 1496 167 56 yawn
530 1477 118 57 like
676 1497 75 37 an
793 1489 517 66 over-sumptuous
1339 1481 172 74 eagle,
1542 1481 118 54 and
1687 1498 195 57 passes
1910 1479 126 57 into
2063 1479 172 56 flame
2276 1479 183 55 above

335 1573 103 57 the
476 1575 214 76 golden
730 1577 268 75 palpable
1039 1577 103 56 fire
1181 1577 64 57 of
1279 1577 102 57 the
1421 1577 207 57 desert.

489 1671 156 57 Here
685 1691 96 37 are
821 1674 102 55 the
964 1674 283 76 opposing
1287 1674 163 58 hosts
1492 1675 63 56 of
1586 1675 212 76 angels,
1847 1675 101 56 the
2002 1674 191 76 ruddy
2249 1672 205 68 choirs,

341 1766 100 56 the
469 1769 256 75 upright,
755 1770 245 75 rushing
1028 1770 214 67 fiâmes,
1285 1771 101 56 the
1425 1771 149 77 lofty
1614 1771 318 58 Cherubim
1999 1773 130 56 that
2171 1771 282 75 palpitate

335 1865 181 56 about
544 1867 101 55 the
675 1867 292 67 Presence,
1000 1868 97 57 the
1128 1869 216 56 Source
1362 1888 11 48 ;
1414 1869 118 56 and
1572 1870 145 55 then
1758 1870 100 56 the
1899 1869 118 67 tall,
2058 1869 119 57 still
2242 1868 167 76 angel
2425 1887 26 37 s

337 1962 113 57 soft
490 1963 116 56 and
648 1964 201 77 pearly
894 1985 62 35 as
997 1966 158 67 mist,
1194 1966 129 56 who
1368 1967 170 56 await
1577 1968 191 55 round
1825 1968 100 56 the
1985 1967 160 67 Goal,
2206 1967 102 56 the
2367 1975 58 47 at-

339 2061 278 57 tendants
659 2063 130 56 that
829 2063 181 58 hover
1052 2084 75 35 on
1169 2065 102 56 the
1315 2066 143 75 edge
1501 2066 64 55 of
1599 2066 102 56 the
1740 2066 113 57 last
1894 2066 407 76 Assumption.

487 2160 135 55 And
663 2159 151 57 from
856 2161 102 56 the
998 2163 138 54 seed
1177 2170 112 48 two
1332 2163 300 55 travellers
1688 2173 88 47 set
1835 2164 172 67 forth,
2068 2164 62 56 in
2192 2161 266 78 opposite

341 2254 328 69 directions,
713 2258 100 54 the
854 2277 110 37 one
1017 2259 446 76 concentrating
1522 2260 247 56 towards
1830 2260 102 57 the
1992 2281 199 56 upper,
2251 2262 208 73 ruddy,

339 2352 234 76 blazing
612 2373 126 47 sun,
780 2356 102 55 the
922 2357 215 67 zénith,
1183 2357 100 56 the
1340 2357 250 57 creative
1650 2358 115 67 fire,
1823 2359 101 56 the
1984 2359 168 55 other
2210 2359 249 56 towards

338 2450 103 55 the
481 2451 153 66 blue,
677 2452 130 56 cold
849 2453 228 68 silence,
1119 2455 267 76 dividing
1426 2455 163 57 itself
1621 2457 118 55 and
1795 2476 133 37 ever
1984 2457 265 76 dividing
2303 2456 162 57 itself

339 2546 92 57 till
471 2547 47 56 it
558 2547 47 56 is
647 2549 229 57 infinité
917 2550 60 56 in
1023 2551 99 56 the
1163 2551 296 56 universal
1501 2552 297 63 darkness,

492 2645 138 56 And
669 2654 61 48 at
772 2646 102 56 the
913 2648 263 67 summit,
1219 2648 103 57 the
1364 2649 217 67 zénith,
1624 2649 164 57 there
1826 2650 50 56 is
1917 2671 34 34 a
1990 2650 164 69 flash,
2193 2672 33 34 a
2272 2651 187 68 flame,

339 2761 62 35 as
442 2743 102 56 the
584 2744 271 56 traveller
896 2754 194 47 enters
1129 2745 126 58 into
1298 2745 245 69 infinité,
1586 2747 165 57 there
1791 2748 49 56 is
1896 2768 35 35 a
1985 2749 102 56 red
2143 2749 198 75 splash
2395 2770 64 35 as

342 2839 101 56 the
471 2860 197 57 poppy
696 2842 159 76 leaps
896 2843 124 57 into
1062 2843 101 57 the
1204 2864 201 57 upper,
1447 2846 141 76 fiery
1630 2846 264 76 eternity.
1976 2847 136 56 And
2152 2847 86 56 far
2276 2848 183 56 below

338 2940 164 54 there
542 2938 47 56 is
630 2940 398 58 unthinkable
1067 2941 213 57 silence
1321 2963 62 35 as
1425 2944 102 57 the
1607 2954 157 47 roots
1820 2945 213 76 ramify
2087 2946 119 56 and
2261 2946 197 56 divide

337 3035 117 55 and
497 3055 131 55 pass
669 3036 125 57 into
837 3036 100 57 the
979 3058 247 37 oneness
1268 3039 62 56 of
1365 3040 379 57 unutterable
1785 3041 227 56 silence.

490 3133 121 54 The
652 3133 171 57 flame
864 3134 48 56 is
951 3154 164 56 gone,
1160 3135 101 57 the
1302 3137 190 55 flower
1550 3138 106 56 has
1713 3138 158 76 leapt
1928 3159 174 56 away,
2159 3139 100 57 the
2317 3139 141 57 fruit

337 3229 194 77 ripens
572 3251 48 34 a-
652 3231 38 55 d
732 3231 146 63 falls,
959 3233 165 56 Then
1166 3233 147 57 dark
1357 3236 138 54 ebbs
1536 3236 148 56 back
1726 3246 61 46 to
1829 3237 160 66 dark,
2031 3237 118 56 and
2188 3237 151 76 light
2395 3247 63 46 to

338 3327 165 74 light,
546 3328 106 56 hot
695 3339 58 47 to
798 3330 119 68 hot,
958 3331 117 56 and
1118 3331 129 57 cold
1290 3342 59 47 to
1392 3332 144 57 cold.
1618 3332 139 57 This
1798 3335 49 54 is
1889 3335 176 56 death
2107 3335 119 54 and
2280 3335 180 76 decay

338 3425 118 55 and
499 3427 352 75 corruption.
932 3429 137 56 And
1110 3430 103 56 the
1254 3450 193 47 worm,
1503 3431 101 56 the
1665 3441 253 66 maggot,
1980 3433 164 55 these
2202 3452 97 36 are
2359 3433 101 55 the

337 3524 297 56 ministers
662 3525 62 56 of
746 3526 343 77 séparation,
1144 3528 166 57 these
1335 3549 96 36 are
1461 3529 101 57 the
1603 3530 129 77 tiny
1773 3530 264 77 clashing
2077 3530 213 77 ripples
2332 3532 131 58 that

338 3622 122 56 still
499 3622 109 56 ebb
650 3623 282 76 together,
976 3624 168 57 when
1189 3626 103 57 the
1336 3626 159 58 chief
1529 3627 122 57 tide
1692 3628 106 55 has
1854 3645 87 39 set
1997 3628 163 69 back,
2216 3637 61 48 to
2337 3629 127 56 flow

338 3720 222 73 utterly
600 3730 181 66 apart.

497 3817 139 56 This
673 3817 49 56 is
762 3819 102 57 the
904 3829 186 47 terror
1129 3820 120 56 and
1296 3821 233 57 wonder
1570 3822 63 56 of
1669 3821 146 56 dark
1854 3822 309 78 returning
2204 3835 58 46 to
2304 3826 142 59 dark

343 3915 119 56 and
507 3915 62 56 of
603 3916 150 75 light
794 3919 307 76 returning
1143 3932 60 45 to
1260 3920 168 76 light,
1490 3921 101 58 the
1651 3930 113 47 two
1826 3920 310 77 departing
2193 3924 146 56 back
2404 3934 60 47 to
