3236 4168
2670 3739 72 56 99

1582 456 22 25 «
1639 440 67 42 La
1734 438 111 44 villa
1873 438 263 44 construite
2164 438 25 42 à
2218 438 285 42 Brasschaet
2531 454 85 35 par
2643 438 83 42 l'ar-

1583 514 200 42 chitecte
1822 514 184 42 Robert
2041 513 198 43 Vander
2276 513 91 49 Aa,
2405 512 222 52 s'impose
2665 513 82 42 dès

1583 588 42 42 le
1657 588 156 50 début,
1843 604 84 34 par
1959 604 85 26 son
2073 587 112 51 plan
2213 586 296 52 pittoresque
2540 586 207 52 quoique

1583 662 94 42 très
1705 663 168 50 simple
1902 661 310 51 s'exprimant
2237 677 85 34 par
2351 661 81 42 des
2458 676 183 27 masses
2667 661 79 51 qui

1580 751 60 25 ne
1681 745 262 42 manquent
1981 751 84 35 pas
2108 736 57 41 de
2205 743 323 41 mouvement,
2568 734 179 51 malgré

1583 825 91 29 une
1700 810 123 42 belle
1849 809 346 51 homogénéité.
2223 809 226 42 Certains
2475 824 273 34 morceaux,

1583 899 184 26 comme
1792 884 196 42 l'entrée
2013 892 45 33 et
2079 884 43 41 la
2145 883 224 42 corniche
2393 891 105 33 sont
2519 882 229 43 heureux.

1583 958 318 42 L'utilisation
1942 958 58 42 de
2039 957 42 42 la
2121 957 170 51 brique
2331 957 237 49 témoigne
2609 957 140 42 d'une

1585 1031 182 42 facture
1803 1032 96 42 très
1934 1032 111 41 sûre
2081 1040 44 33 et
2159 1031 279 50 dépourvue
2472 1030 275 43 d'artifices.

1582 1157 20 26 »
1638 1142 67 41 La
1732 1141 240 51 première
1999 1141 215 42 mention
2241 1140 237 45 attribuée
2506 1139 26 43 à
2557 1140 71 43 M.
2657 1139 90 44 Ch.

1580 1216 107 41 Van
1731 1216 194 41 Nueten
1969 1230 120 35 pour
2136 1231 49 25 sa
2229 1214 199 50 maison,
2474 1230 86 26 rue
2605 1214 142 43 Mont

1582 1289 314 42 Saint-Alban
1919 1289 26 42 à
1966 1289 212 49 Laeken,
2201 1305 50 26 se
2273 1288 183 51 justifie
2477 1304 85 34 par
2585 1288 138 51 l'équi-

1581 1363 119 41 libre
1722 1364 56 41 de
1800 1380 49 26 sa
1871 1363 168 53 façade
2061 1363 96 42 très
2178 1363 230 49 modeste,
2430 1362 317 42 entièrement

1579 1437 196 42 revêtue
1821 1437 56 42 de
1922 1437 289 50 céramique.
2260 1436 93 42 Son
2398 1436 244 43 caractère
2689 1436 57 42 de

1581 1510 237 50 sincérité,
1854 1527 49 25 sa
1938 1511 193 48 netteté,
2168 1526 48 26 sa
2253 1510 208 42 sobriété
2495 1519 82 34 ont
2609 1509 136 43 rallié

1579 1593 104 34 tous
1717 1585 67 42 les
1817 1585 253 50 suffrages.

1579 1711 21 24 »
1635 1695 68 41 La
1748 1696 207 41 seconde
1996 1695 215 41 mention
2254 1711 25 25 a
2323 1694 75 42 été
2441 1694 235 42 attribuée
2720 1694 25 42 à

1578 1767 69 43 M.
1668 1769 59 42 A.
1750 1768 252 51 Duesberg
2025 1769 59 42 de
2103 1769 249 49 Verviers,
2374 1783 120 35 pour
2517 1784 92 26 une
2630 1768 113 42 villa

1579 1842 25 41 à
1626 1842 441 51 Heusy-Verviers.
2091 1843 69 42 Le
2183 1842 111 51 plan
2318 1842 97 43 très
2438 1842 111 42 bien
2571 1842 174 50 étudié,

1579 1925 70 33 est
1680 1916 214 50 exprimé
1924 1932 85 35 par
2042 1917 82 41 des
2159 1916 194 55 façades
2385 1933 57 26 en
2474 1916 195 52 briques
2700 1926 45 33 et

1578 2005 57 25 en
1665 1990 143 42 béton
1840 1990 96 42 très
1969 1990 239 50 franches,
2239 1991 111 41 bien
2380 1990 214 50 plantées
2627 1991 116 42 dans

341 2121 299 47 Habitation
677 2126 29 40 à
750 2121 199 47 Laeken
990 2122 325 58 (Bruxelles).

339 2194 247 43 Architecte
621 2194 76 42 Ch.
731 2196 81 40 Van
850 2197 179 40 Nueten.
1067 2197 201 40 Première
1301 2199 194 38 mention.

337 3625 133 47 Villa
507 3631 29 41 à
574 3627 465 58 Heusy-Verviers.
1076 3631 246 43 Architecte
1353 3634 50 40 A.
1436 3632 49 42 C.
1520 3632 228 54 Duesberg.
1784 3637 223 42 Deuxième
2041 3641 195 40 mention.
