3236 4168
457 3738 101 54 104

1366 1787 115 47 Vue
1512 1788 245 56 partielle
1788 1788 67 47 du
1886 1790 262 56 complexe
2148 1790 33 56 ,
2215 1799 266 40 montrant
2514 1792 46 46 la
2590 1791 193 58 façade
2818 1800 82 39 est

1366 1861 66 48 du
1468 1863 200 47 second
1706 1863 134 49 bloc.
2467 1865 145 58 (Photo
2643 1867 257 56 Duquenne.)

469 2089 43 44 le
540 2090 107 43 bloc
677 2091 24 42 2
729 2107 59 27 en
816 2095 265 50 comprend
1109 2095 64 50 12,
1204 2096 113 42 dont
1343 2096 26 43 8
1398 2096 57 42 de
1485 2096 130 52 dispo-

469 2164 143 45 sition
647 2167 265 44 semblable
945 2185 92 26 aux
1070 2169 261 52 logements
1368 2171 62 44 du
1463 2171 107 43 bloc
1605 2173 36 42 1.

467 2239 95 44 Les
595 2250 171 43 quatre
798 2242 262 53 logements
1090 2245 201 51 proches
1323 2246 62 43 du
1415 2246 226 52 mitoyen,

468 2323 101 35 tout
600 2332 59 26 en
689 2317 270 51 paraissant
987 2318 105 52 plus
1124 2329 156 34 vastes
1313 2321 235 43 semblent
1578 2338 63 27 un

466 2405 93 35 peu
585 2390 447 53 disproportionnés
1132 2395 249 44 chambres
1407 2406 105 42 trop
1536 2414 78 26 vas-

466 2473 86 43 tes,
577 2465 377 45 recoin-cuisine
979 2478 44 34 et
1051 2470 115 42 salle
1192 2471 57 43 de
1275 2470 135 45 bains
1437 2481 105 42 trop
1568 2473 48 43 ré-

466 2540 142 43 duits.

464 2614 260 52 Ajoutons,
767 2632 120 36 pour
930 2619 232 43 terminer
1202 2636 53 26 ce
1297 2621 108 42 bref
1446 2638 193 39 aperçu,

465 2705 93 36 que
596 2690 43 42 la
675 2693 330 43 construction
1043 2694 57 42 de
1135 2710 78 28 ces
1248 2695 131 43 blocs
1416 2696 71 43 fut
1524 2696 115 44 faite

464 2763 192 45 suivant
683 2765 68 43 les
778 2782 199 36 moyens
1006 2769 333 44 traditionnels
1446 2787 160 40 maçon-

461 2839 138 42 nerie
644 2840 58 43 de
744 2841 210 52 briques,
999 2843 174 43 toiture
1214 2844 125 51 plate
1380 2846 258 51 asphaltée,

464 2913 235 44 éléments
722 2924 216 42 portants
962 2933 58 26 en
1041 2917 144 44 béton
1207 2920 146 50 armé,
1374 2921 181 44 châssis
1579 2938 59 26 en

463 2988 118 51 bois,
603 2990 169 43 enduit
793 2991 246 45 extérieur
1059 3010 60 26 au
1140 2994 191 50 ciment,
1351 2994 287 54 plafonnage

461 3062 251 52 intérieur,
739 3073 88 35 etc.
935 3082 198 36 moyens
1162 3069 333 44 traditionnels
1524 3087 84 26 aux-

459 3138 138 51 quels
623 3138 84 44 dût
730 3141 220 43 recourir
976 3142 291 44 l'architecte
1291 3160 120 35 pour
1437 3145 83 43 des
1545 3146 67 41 rai-

463 3228 111 28 sons
611 3213 313 50 d'économie,
959 3225 201 42 surtout,
1194 3228 45 33 et
1273 3219 57 43 de
1364 3219 179 45 facilité
1580 3221 57 43 de

459 3288 389 44 main-d'œuvre.

457 3512 95 43 Les
582 3513 234 51 quelques
845 3512 230 54 critiques
1103 3531 93 35 que
1222 3532 121 27 nous
1372 3533 147 29 avons
1549 3519 64 42 fai-

456 3595 70 36 tes
552 3603 60 27 au
638 3587 127 53 sujet
790 3588 83 44 des
898 3588 137 52 plans
1063 3590 82 43 des
1171 3591 262 49 logements
1459 3594 173 43 édifiés

1724 2114 61 26 ne
1812 2099 159 44 feront
1996 2117 84 34 pas
2105 2103 177 49 perdre
2310 2103 58 43 de
2392 2120 93 26 vue
2512 2104 207 44 l'intérêt
2745 2105 58 43 de
2829 2114 74 34 cet

1729 2175 247 42 ensemble
2003 2176 140 51 digne
2169 2177 58 43 de
2252 2178 43 42 la
2320 2178 107 50 plus
2453 2179 178 51 grande
2657 2180 247 42 attention.

1730 2249 233 44 Pareilles
1994 2251 320 51 réalisations,
2347 2269 81 27 sur
2460 2253 83 43 des
2575 2253 138 44 bases
2746 2255 158 42 saines

1729 2333 45 34 et
1815 2324 274 52 réfléchies,
2132 2336 106 33 sont
2281 2336 105 42 trop
2427 2344 135 27 rares
2606 2329 117 42 dans
2765 2338 139 34 notre

1728 2415 114 35 pays
1872 2408 45 34 et
1949 2400 116 42 dans
2093 2417 87 27 nos
2210 2401 153 50 villes,
2391 2418 121 35 pour
2540 2404 143 51 qu'on
2709 2419 61 27 ne
2799 2404 105 42 leur

1728 2474 205 42 accorde
1964 2491 84 35 pas
2080 2475 203 43 l'estime
2315 2477 197 51 qu'elles
2544 2478 227 43 méritent
2803 2495 75 26 cer-

1728 2549 276 43 tainement.
2037 2550 47 42 Si
2116 2551 115 43 elles
2260 2552 311 51 n'atteignent
2602 2568 97 35 pas,
2730 2569 58 27 en
2819 2554 56 41 im-

1726 2632 230 41 portance
2001 2634 45 33 et
2090 2641 57 26 en
2191 2626 285 50 perfection,
2519 2628 42 41 la
2606 2629 168 41 valeur
2818 2629 83 42 des

1727 2698 304 44 réalisations
2070 2700 291 51 étrangères,
2399 2701 30 42 il
2470 2702 101 42 faut
2608 2718 58 26 en
2703 2719 200 26 accuser

1728 2782 188 34 surtout
1944 2773 67 43 les
2041 2774 231 43 autorités
2303 2785 44 33 et
2376 2776 67 42 les
2474 2776 202 44 sociétés
2707 2777 57 43 de
2793 2793 82 26 con-

1728 2848 248 50 struction,
2001 2848 80 52 qui
2109 2858 119 42 sont,
2252 2850 119 41 chez
2392 2867 122 26 nous
2616 2867 60 26 ne
2700 2852 176 42 l'avons-

1726 2938 121 26 nous
1870 2938 84 35 pas
1975 2939 139 27 assez
2134 2924 165 51 répété
2324 2925 26 42 ?
2448 2925 95 43 fort
2563 2942 92 34 peu
2676 2936 225 33 ouvertes

1726 3012 92 26 aux
1877 2997 388 44 manifestations
2327 2999 292 51 rationelles,
2681 3010 100 33 tant
2843 3017 57 26 en

1726 3071 323 45 architecture
2074 3073 140 51 qu'en
2240 3073 291 44 urbanisme.

1726 3146 69 42 Le
1844 3147 251 50 complexe
2145 3147 148 44 édifié
2342 3164 84 35 par
2476 3148 57 43 G.
2585 3149 242 44 Brunfaut
2876 3167 24 25 a

1726 3229 189 35 surtout
1971 3222 44 41 le
2072 3222 172 43 mérite
2304 3224 109 41 d'un
2472 3224 246 51 judicieux
2776 3225 123 51 parti

1726 3295 383 52 d'implantation
2140 3297 82 42 des
2253 3297 271 44 bâtiments.
2556 3298 130 43 Pour
2716 3298 161 44 l'archi-

1725 3378 185 35 tecture
1958 3371 31 41 il
2036 3371 273 51 manifeste,
2357 3373 58 42 de
2462 3373 42 42 la
2552 3382 106 42 part
2707 3375 57 42 de
2813 3391 86 26 son

1724 3453 185 42 auteur,
1941 3462 93 26 une
2067 3447 193 43 volonté
2294 3447 215 43 sérieuse
2542 3448 57 43 de
2629 3449 271 51 perfection

1723 3536 93 36 que
1845 3536 62 26 ne
1940 3521 193 43 dément
2163 3521 133 51 point
2326 3523 43 42 la
2401 3523 257 51 simplicité
2690 3523 209 52 d'aspect

1721 3594 354 52 qu'expriment
2103 3596 68 42 les
2203 3596 215 44 diverses
2448 3599 368 43 constructions.
