3236 4168
2213 344 311 61 TEK
2602 345 61 55 H
2744 344 61 55 N
2886 330 47 66 É

581 3896 0 0 112

501 498 52 57 c)
586 500 59 42 Le
676 500 435 54 perfectionnement
1143 500 59 41 du
1235 496 111 45 tracé
1378 496 71 43 des
1482 510 110 28 carre-

430 562 127 42 fours
673 562 190 53 système
888 562 208 54 pratiqué
1121 577 51 25 en
1199 560 193 42 dernière
1419 558 192 53 analyse,

431 624 207 54 lorsqu'il
681 639 27 38 y
750 640 21 26 a
815 622 318 53 impossibilité
1173 620 281 55 d'appliquer
1494 620 12 41 l
1531 632 83 28 une

432 701 57 25 ou
527 686 158 41 l'autre
719 685 72 41 des
826 684 226 42 solutions
1087 683 355 53 précédemment
1476 694 111 38 expo-

431 748 98 40 sées.
566 747 62 41 Ce
663 746 189 53 système
887 761 52 27 ne
971 755 234 43 comporte
1240 757 143 28 aucun
1418 741 197 53 principe

433 807 234 54 théorique
696 807 220 54 puisqu'il
948 822 40 25 se
1018 807 100 40 base
1150 805 296 55 uniquement
1476 818 72 26 sur
1580 802 35 40 le

431 884 66 26 cas
522 868 257 54 particulier
805 868 218 54 envisagé,
1052 868 60 41 du
1141 865 224 43 carrefour
1392 865 114 42 dont
1531 862 30 41 il
1588 877 26 38 y

431 947 22 26 a
489 931 85 42 lieu
611 931 51 41 de
697 931 103 41 tirer
837 931 36 40 le
910 929 260 42 rendement
1206 927 269 43 maximum,
1516 937 99 28 sans

433 1001 353 43 compromettre
827 993 39 41 la
908 989 181 42 sécurité
1131 990 71 40 des
1243 988 177 54 piétons
1463 998 39 30 et
1545 987 71 40 des

434 1053 379 42 automobilistes.

504 1114 61 53 d)
593 1114 80 41 Un
703 1113 172 41 dernier
905 1112 187 53 système
1215 1109 152 45 mixte,
1399 1107 215 54 puisqu'il

435 1192 51 25 ne
530 1175 204 41 nécessite
778 1189 144 27 aucun
965 1173 339 54 aménagement
1347 1168 184 47 artériel,
1577 1178 39 31 et

435 1253 50 25 en
517 1236 217 53 plusieurs
761 1251 81 30 cas,
873 1249 143 28 aucun
1047 1248 128 39 usage
1205 1233 49 41 de
1283 1229 200 43 contrôle
1512 1228 84 43 arti-

435 1298 131 45 ficiel,
595 1309 62 30 est
681 1298 110 41 celui
817 1297 59 41 du
911 1312 21 24 «
964 1310 95 27 sens
1083 1295 167 52 unique
1277 1309 22 25 »
1326 1292 50 53 («
1406 1304 210 38 one-way

437 1371 129 31 street
602 1359 187 42 metbod
828 1373 22 26 »
871 1357 30 53 )♦
938 1356 188 53 système
1160 1370 83 39 que
1280 1353 7 40 I
1312 1368 60 26 on
1407 1350 212 54 applique

435 1421 232 52 beaucoup
701 1436 51 25 en
787 1419 192 52 Europe,
1015 1418 110 40 mais
1158 1430 101 39 trop
1293 1425 190 29 souvent
1518 1425 98 28 sans

437 1484 106 51 plan
574 1481 258 54 générateur
858 1479 251 42 s'étendant
1136 1478 21 40 à
1185 1488 102 31 tout
1317 1489 59 27 un
1406 1472 208 56 quartier,

436 1545 121 39 voire
588 1544 22 41 à
642 1553 125 30 toute
798 1557 86 26 une
912 1540 118 43 ville.

505 1604 36 42 Il
564 1619 27 37 y
617 1621 20 25 a
660 1604 111 41 trois
794 1602 231 42 méthodes
1049 1601 26 40 d
1098 1598 273 54 application
1398 1597 58 40 du
1491 1608 125 28 «sens

438 1665 168 54 unique
637 1680 21 25 »
699 1680 9 25 :

516 1742 34 27 i.
582 1726 129 41 Dans
738 1726 40 40 la
807 1723 222 54 première,
1061 1733 144 32 toutes
1237 1721 56 40 les
1321 1717 120 44 voies
1470 1715 122 55 paral-

439 1788 95 41 lèles
567 1799 82 29 ont
682 1785 358 43 successivement
1073 1798 59 25 un
1165 1796 95 26 sens
1292 1780 50 41 de
1375 1778 128 45 trafic
1534 1792 55 37 op-

437 1849 125 53 posé;
598 1848 51 42 de
681 1847 140 41 même
851 1857 145 31 toutes
1026 1847 57 39 les
1111 1842 119 42 voies
1262 1837 329 58 perpendiculai-

439 1926 61 28 res
529 1924 88 28 aux
647 1907 231 54 premières
906 1905 265 54 présentent,
1205 1904 120 40 Tune
1353 1900 122 54 après
1506 1900 89 40 l'au-

437 1984 75 29 tre,
540 1986 85 27 une
650 1969 215 42 direction
892 1967 250 43 différente.
1170 1965 74 41 On
1269 1961 177 53 conçoit
1470 1975 59 39 qu
1554 1973 58 26 un

439 2035 55 40 tel
525 2031 189 53 système
744 2046 27 25 n
795 2046 21 26 a
847 2030 50 41 de
927 2028 151 41 valeur
1105 2041 84 39 que
1216 2024 67 42 s'il
1315 2034 60 31 est
1405 2018 211 56 appliqué

438 2094 21 40 à
488 2109 59 25 un
574 2091 221 42 ensemble
821 2089 159 42 urbain
1009 2089 266 51 important.
1303 2084 127 42 Dans
1454 2098 42 28 ce
1522 2095 70 38 sys-

439 2155 126 42 tème,
600 2169 51 25 en
685 2163 140 33 outre,
863 2152 56 40 les
950 2149 112 42 seuls
1092 2147 133 44 arrêts
1257 2158 103 29 sont
1392 2159 108 26 ceux
1533 2156 83 40 que

440 2215 216 43 nécessite,
688 2228 87 27 aux
804 2210 317 45 intersections,
1157 2210 35 40 le
1219 2220 178 40 passage
1426 2206 72 40 des
1526 2202 68 55 pié-

442 2288 118 28 tons.

438 3577 94 53 Fig.
574 3569 69 61 3.
678 3569 34 61 ―
747 3569 138 61 Type
918 3574 52 43 de
1012 3588 21 25 «
1070 3580 152 45 rotary
1256 3571 151 42 traffic
1435 3569 121 44 circle
1592 3585 22 26 »

438 3637 214 53 aménagé
696 3637 23 41 à
767 3634 322 53 Washington.
1138 3634 64 41 La
1247 3648 114 26 zone
1406 3630 213 43 hachurée

439 3699 187 51 indique
655 3700 40 40 la
726 3696 98 43 voie
855 3695 243 54 principale
1130 3697 50 40 de
1211 3691 273 45 circulation.

1766 3058 69 40 En
1861 3058 112 41 haut
1997 3065 40 32 et
2063 3071 57 25 au
2145 3063 143 33 centre
2320 3069 12 25 :
2360 3053 93 52 Fig.
2486 3048 57 57 4.
2572 3048 28 57 ―
2629 3048 316 57 Application

1766 3128 41 31 et
1828 3118 322 51 élément-type
2173 3117 61 40 du
2267 3130 21 25 «
2314 3112 275 53 steadyflow
2612 3119 166 44 system
2805 3124 39 26 ».
2869 3110 77 42 On

1764 3178 241 54 distingue,
2027 3179 111 40 dans
2159 3180 41 40 la
2221 3176 145 52 figure
2386 3173 189 43 centrale
2603 3188 12 25 :
2641 3171 42 42 la
2703 3169 100 44 voie
2822 3168 100 55 prin-

1767 3241 154 52 cipale,
1969 3241 43 41 la
2056 3237 99 44 voie
2201 3234 252 45 secondaire
2500 3242 42 33 et
2587 3235 40 40 la
2672 3246 115 28 zone
2830 3239 117 33 verte

1758 3299 283 55 (hachurée),
2065 3297 203 46 limitant
2288 3296 60 43 les
2368 3300 313 38 mouvements
2702 3291 241 56 giratoires.

1769 3364 68 41 En
1868 3363 77 41 bas
1976 3378 14 25 :
2017 3361 95 54 Fig.
2143 3352 62 63 5.
2236 3352 31 63 ―
2298 3352 188 63 Schéma
2510 3355 135 42 d'une
2670 3352 277 56 application

1771 3424 63 42 du
1858 3439 97 26 sens
1980 3420 185 54 unique.

1844 3585 40 26 2.
1915 3569 62 42 La
2004 3566 184 43 seconde
2216 3564 210 42 méthode
2453 3564 60 42 du
2549 3579 21 25 «
2600 3577 95 28 sens
2722 3561 169 55 unique
2921 3575 22 27 »

1772 3643 61 29 est
1864 3628 288 55 précisément
2184 3627 35 41 le
2261 3641 21 25 «
2318 3623 272 54 steadyflow
2625 3634 163 43 system
2823 3639 40 30 »,
2898 3623 50 42 de

1768 3691 266 43 l'architecte
2056 3687 215 42 Malcher,
2298 3684 209 43 méthode
2528 3700 83 38 que
2634 3687 92 39 Ton
2750 3696 107 42 peut
2877 3683 47 42 dé-
