3236 4168
414 3791 141 56 114

493 470 74 42 On
596 486 27 37 y
651 470 110 42 évite
789 487 98 26 avec
915 473 98 41 soin
1043 474 39 41 la
1108 472 407 45 suralimentation,
1545 473 57 41 les

424 532 254 41 substances
721 533 238 54 indigestes
1001 547 39 30 et
1084 535 56 41 les
1183 550 120 37 repas
1346 536 256 42 abondants

423 594 78 52 qui
535 607 291 41 provoquent
859 596 34 41 si
926 607 191 30 souvent
1149 597 105 40 chez
1289 596 57 43 les
1378 596 223 42 vieillards

420 655 71 41 des
523 655 217 42 accidents
774 656 268 54 dangereux.

491 717 74 40 On
599 717 91 41 leur
720 731 84 30 sert
835 718 248 54 davantage
1114 719 72 42 des
1217 719 205 42 aliments
1453 718 146 42 faciles

421 778 22 41 à
472 779 242 53 mastiquer
740 794 58 26 ou
828 779 165 42 réduits
1020 795 50 26 en
1097 780 185 44 bouillie
1310 792 39 29 et
1376 796 50 25 en
1454 780 141 53 purée,

421 854 71 25 car
532 839 91 42 leur
664 841 185 43 denture
887 854 61 30 est
987 853 190 29 souvent
1220 842 221 40 mauvaise
1481 855 39 29 et
1561 843 38 40 la

422 900 222 54 digestion
673 902 167 52 s'opère
869 903 101 51 plus
1000 904 242 41 lentement
1270 903 103 41 chez
1403 917 83 27 eux
1517 916 82 39 que

421 962 105 40 chez
557 962 56 41 les
642 962 185 43 adultes.

491 1023 120 44 Bref,
655 1025 36 40 le
731 1024 160 54 régime
931 1025 178 52 prescrit
1151 1025 109 41 dans
1300 1040 62 25 ces
1401 1025 198 52 hospices

423 1098 61 29 est
512 1086 149 40 moins
690 1086 188 53 toxique
906 1098 39 30 et
973 1086 214 52 peut-être
1216 1085 147 43 moins
1391 1086 124 41 carné
1543 1096 53 30 et,

421 1161 51 26 en
507 1157 102 32 tout
641 1162 80 27 cas,
759 1147 148 41 moins
940 1147 259 54 empirique.

492 1208 35 41 Il
558 1208 211 41 convient
799 1208 207 41 d'établir
1036 1209 109 40 dans
1174 1223 80 26 nos
1286 1208 198 52 hospices
1515 1221 83 27 une

423 1280 122 31 autre
575 1269 191 45 réforme
793 1285 50 25 en
872 1284 41 26 ce
941 1270 77 53 qui
1044 1284 210 27 concerne
1284 1270 56 40 les
1369 1283 134 37 repas.

491 1330 74 41 Au
572 1345 28 26 x
638 1331 186 52 grandes
859 1331 152 44 tables,
1051 1331 181 40 bordées
1267 1331 49 40 de
1352 1331 132 40 bancs
1520 1328 77 54 qui

423 1391 207 41 donnent
674 1407 87 27 aux
809 1391 244 42 réfectoires
1099 1407 59 25 un
1207 1401 141 42 aspect
1393 1390 121 41 triste
1559 1399 39 31 et

423 1468 170 28 morne,
640 1453 30 41 il
714 1453 211 45 convient
971 1454 49 41 de
1064 1452 240 42 substituer
1349 1452 49 41 de
1442 1451 155 53 petites

423 1514 139 42 tables
590 1530 116 37 pour
734 1515 131 41 deux,
897 1526 154 42 quatre
1080 1529 57 26 ou
1168 1514 66 40 six
1264 1512 333 54 pensionnaires

424 1575 256 42 maximum
719 1576 59 41 où
820 1576 170 41 ceux-ci
1030 1590 39 26 se
1108 1576 174 51 placent
1321 1574 121 41 selon
1484 1573 112 41 leurs

422 1636 186 45 amitiés,
642 1639 90 40 leur
759 1637 219 42 caractère,
1009 1637 91 40 leur
1125 1636 267 41 instruction
1419 1650 58 26 ou
1507 1636 88 40 leur

423 1698 251 43 éducation,
710 1714 40 25 ce
782 1698 76 54 qui
890 1698 232 41 contribue
1153 1698 21 40 à
1208 1697 151 42 rendre
1393 1697 176 40 l'atmos-

421 1760 132 52 phère
587 1760 72 41 des
692 1759 245 45 réfectoires
970 1759 228 52 beaucoup
1231 1758 101 52 plus
1365 1756 156 42 intime
1555 1767 40 30 et

421 1822 102 52 plus
553 1820 213 55 agréable.

492 1882 59 41 Le
602 1882 218 53 couchage
873 1882 70 41 des
995 1880 224 43 vieillards
1271 1898 21 25 a
1345 1879 113 42 aussi
1510 1893 84 26 une

423 1944 165 53 grande
619 1944 288 52 importance.

492 2005 44 41 Si
573 2004 211 53 l'hospice
819 2004 242 53 comprend
1098 2004 50 40 de
1184 2003 163 54 grands
1383 2002 207 44 dortoirs,

423 2067 28 40 il
487 2066 99 43 faut
621 2066 164 43 classer,
823 2077 157 30 autant
1015 2079 83 39 que
1132 2063 204 54 possible,
1378 2065 56 40 les
1467 2063 103 42 vieil-

423 2128 115 42 lards
562 2142 78 38 par
663 2127 233 53 catégories
923 2126 351 52 correspondant
1300 2126 245 52 davantage
1571 2124 21 41 à

422 2190 91 42 leur
538 2189 248 43 éducation,
815 2189 21 40 à
863 2190 91 40 leur
980 2187 281 42 instruction,
1290 2187 21 40 à
1338 2187 89 40 leur
1452 2201 117 26 carac-

422 2251 98 42 tère,
550 2250 21 40 à
600 2252 92 40 leur
720 2248 247 45 mentalité;
999 2260 106 30 cette
1133 2246 313 43 classification
1476 2246 87 42 amé-

422 2312 107 42 liore
566 2311 313 41 sensiblement
914 2309 248 43 l'existence
1198 2310 70 41 des
1304 2308 262 54 pensionnai-

422 2388 74 28 res,
532 2388 49 25 en
615 2372 250 41 favorisant
900 2374 90 40 leur
1021 2386 126 38 repos
1177 2383 39 29 et
1249 2372 90 40 leur
1369 2368 198 56 tranquil-

422 2434 74 42 lité
521 2446 39 30 et
586 2450 49 25 en
664 2434 169 42 évitant
859 2435 56 39 les
941 2433 266 41 discussions
1232 2445 38 30 et
1300 2433 55 40 les
1381 2432 209 52 disputes.

490 2509 58 40 Le
588 2508 238 53 règlement
865 2507 50 40 de
953 2507 39 40 la
1032 2507 171 40 maison
1244 2507 49 40 de
1331 2507 170 40 retraite
1541 2506 50 41 de

421 2570 269 52 Strasbourg
715 2579 126 42 porte
875 2584 8 24 :

498 2658 22 25 «
549 2643 68 41 En
644 2642 249 43 réunissant
920 2642 70 40 des
1014 2641 333 52 pensionnaires
1373 2641 108 40 dans
1508 2655 84 26 une

421 2705 140 44 même
598 2702 115 44 salle,
753 2719 59 25 on
850 2703 189 52 prendra
1077 2702 96 42 soin
1209 2703 51 40 de
1294 2716 190 40 grouper
1520 2701 71 41 des

419 2780 240 38 personnes
699 2765 50 41 de
788 2765 140 40 même
968 2764 267 41 instruction
1276 2776 39 30 et
1356 2763 234 42 éducation

419 2843 58 24 ou
509 2827 96 41 liées
633 2841 79 38 par
741 2826 150 42 amitié
922 2841 39 25 ».

487 2888 127 42 Cette
642 2902 97 39 sage
765 2887 307 53 prescription,
1105 2901 112 26 nous
1244 2902 52 26 ne
1325 2887 173 41 l'avons
1526 2885 44 52 ja-

420 2950 109 41 mais
564 2949 252 42 rencontrée
851 2949 110 41 dans
997 2963 60 26 un
1094 2947 237 54 règlement
1366 2946 225 54 d'hospice

418 3027 50 27 en
498 3011 226 53 Belgique.

487 3073 80 41 Les
597 3071 245 42 réfectoires
870 3083 40 31 et
940 3073 55 40 les
1025 3071 123 43 salles
1178 3071 50 40 de
1256 3070 209 41 réunions
1496 3069 71 42 doi-

419 3147 105 30 vent
567 3134 124 41 avoir
735 3149 60 25 un
840 3146 142 39 aspect
1026 3132 100 52 plus
1170 3132 196 53 agréable
1409 3145 39 30 et
1489 3132 101 52 plus

418 3194 192 44 familial
652 3210 8 26 :
698 3194 52 42 ils
781 3208 149 30 seront
962 3193 147 54 garnis
1145 3194 49 40 de
1227 3193 209 54 quelques
1470 3207 90 27 meu-

419 3258 89 41 bles
550 3270 40 31 et
633 3271 220 38 gravures,
898 3254 221 43 chromos,
1167 3254 321 53 lithographies
1532 3268 56 26 ou

418 3319 225 41 tableaux.

485 3391 67 41 En
583 3390 242 43 Hollande,
857 3405 114 26 nous
998 3405 139 27 avons
1163 3404 57 25 vu
1249 3389 71 40 des
1348 3388 242 41 réfectoires

417 3454 222 40 vraiment
670 3452 151 41 riants.

485 3527 80 41 Les
593 3526 132 53 sièges
752 3536 150 31 seront
931 3524 147 41 faciles
1105 3537 39 30 et
1170 3524 225 54 pratiques
1425 3536 37 30 et
1493 3539 72 38 gar-

418 3588 66 41 nis
515 3598 158 31 autant
703 3602 83 39 que
817 3585 193 54 possible
1041 3587 50 40 de
1120 3586 197 40 coussins
1346 3587 77 52 qui
1452 3600 109 38 pour-

418 3662 103 30 ront
549 3649 84 44 être
662 3647 335 43 confectionnés
1025 3662 78 38 par
1133 3648 55 41 les
1216 3647 164 45 vieilles
1406 3646 184 43 femmes

2200 327 310 57 TEK
2590 327 59 54 H
2729 327 60 54 N
2870 317 47 64 È

1752 475 21 40 à
1818 474 128 42 l'aide
1991 474 49 40 de
2086 472 196 42 matières
2326 468 229 54 premières
2599 467 199 41 fournies
2841 482 78 38 par

1752 534 414 42 l'administration.

1820 597 35 40 Il
1886 612 25 37 y
1942 612 102 25 aura
2074 595 242 53 également
2347 593 70 41 des
2446 589 223 44 fauteuils.

1820 658 61 42 La
1913 657 182 53 plupart
2128 658 49 40 de
2210 671 80 25 nos
2322 653 197 53 hospices
2550 667 115 38 pour
2696 650 223 43 vieillards

1752 719 224 53 indigents
2014 733 50 26 en
2105 731 102 29 sont
2246 716 266 53 dépourvus.

1818 780 120 41 Pour
1978 780 132 40 éviter
2149 777 213 43 loisiveté
2401 790 39 30 et
2479 778 35 43 le
2553 775 363 41 désœuvrement,

1752 842 34 40 le
1808 842 157 43 travail
1989 856 87 26 s?ra
2098 839 222 43 considéré
2342 853 170 26 comme
2535 851 82 27 une
2641 836 275 41 distraction.

1819 903 36 40 Il
1880 903 209 42 convient
2116 901 216 41 d'utiliser
2357 915 53 27 au
2438 899 149 41 mieux
2615 898 55 40 les
2697 896 222 54 aptitudes

1752 964 69 40 des
1868 962 333 54 pensionnaires
2248 962 165 40 valides
2462 960 75 55 qui
2588 968 260 32 consentent
2897 956 21 40 à

1750 1023 223 42 travailler
2012 1041 8 24 :
2056 1025 56 40 les
2145 1024 184 40 femmes
2361 1022 202 42 aideront
2597 1037 52 25 au
2682 1020 155 42 service
2869 1020 49 39 de

1750 1087 38 40 la
1825 1086 193 43 maison;
2057 1088 57 39 les
2149 1086 204 40 hommes
2387 1082 308 42 travailleront
2730 1081 188 54 quelque

1750 1162 80 37 peu
1866 1162 53 27 au
1954 1147 163 52 jardin,
2154 1147 306 51 s'occuperont
2494 1146 20 40 à
2550 1144 141 41 divers
2726 1142 189 41 services,

1749 1219 118 30 entre
1903 1220 141 29 autres
2079 1208 21 40 à
2135 1208 107 40 celui
2277 1208 70 40 des
2382 1206 285 53 réparations,
2705 1206 213 40 d'aucuns

1748 1269 239 52 possédant
2027 1284 83 27 une
2145 1269 188 41 certaine
2373 1267 281 42 instruction,
2695 1273 223 44 pourront

1748 1346 38 25 se
1813 1331 152 40 rendre
1992 1330 127 41 utiles
2143 1345 53 26 au
2224 1329 154 42 service
2405 1327 323 44 administratif
2755 1342 49 25 en
2833 1324 63 42 fai-

1747 1403 99 29 sant
1871 1392 212 52 quelques
2109 1391 213 41 écritures.

1816 1453 35 41 Il
1874 1453 98 42 faut
1992 1468 184 38 engager
2199 1455 56 40 les
2277 1451 333 54 pensionnaires
2636 1451 20 40 à
2680 1448 233 43 travailler,

1749 1514 108 42 mais
1889 1529 99 25 sans
2020 1515 38 41 la
2093 1514 203 40 moindre
2327 1513 261 41 contrainte.

1815 1575 162 41 Aucun
2014 1575 172 40 horaire
2220 1589 50 26 ne
2306 1573 159 55 réglera
2501 1575 38 40 la
2573 1573 127 42 durée
2735 1573 58 40 du
2829 1582 65 29 tra-

1745 1637 108 48 vail;
1882 1637 39 42 la
1945 1636 152 41 liberté
2121 1638 37 40 la
2182 1636 99 52 plus
2307 1635 216 53 complète
2548 1650 88 26 sera
2662 1633 142 45 laissée
2829 1647 85 27 aux

1747 1698 221 40 vieillards
1997 1709 39 31 et
2065 1697 110 41 ainsi
2206 1698 50 40 ils
2286 1697 258 40 estimeront
2573 1697 21 40 à
2625 1697 9 39 l
2660 1696 91 52 égal
2783 1695 26 40 d
2834 1707 82 27 une

1746 1759 260 40 distraction
2046 1759 56 40 les
2139 1757 210 54 quelques
2387 1768 224 30 moments
2648 1754 133 56 qu'ils
2818 1770 73 38 pas-

1745 1832 148 29 seront
1926 1820 21 39 à
1982 1834 39 26 se
2055 1820 152 44 rendre
2241 1818 127 42 utiles
2403 1820 20 39 à
2460 1821 38 40 la
2532 1818 188 42 maison.

1814 1881 102 40 Une
1977 1880 319 53 gratification,
2359 1895 115 37 pour
2533 1881 91 39 leur
2683 1888 233 43 permettre

1746 1942 217 40 d'acheter
2003 1941 211 53 quelques
2255 1941 214 41 douceurs
2509 1954 39 30 et
2589 1942 50 39 de
2679 1940 238 40 s'accorder

1745 2004 211 52 quelques
2009 2017 154 26 menus
2214 2001 173 54 plaisirs
2437 2017 87 26 sera
2578 2001 199 42 accordée
2829 2015 86 26 aux

1745 2064 333 52 pensionnaires
2125 2063 292 41 travailleurs.

1812 2125 58 46 Le
1896 2126 228 51 problème
2150 2126 70 40 des
2247 2125 283 41 distractions
2555 2125 21 40 à
2603 2124 198 41 accorder
2829 2137 86 27 aux

1743 2187 223 40 vieillards
1997 2186 280 52 hospitalisés
2307 2185 83 41 fait
2422 2185 158 52 l'objet
2611 2186 71 43 des
2711 2184 179 54 préoccu-

1743 2248 179 52 pations
1959 2248 71 40 des
2066 2246 197 54 hospices
2300 2247 166 41 suisses,
2507 2246 270 43 hollandais,
2816 2245 80 41 alle-

1744 2309 158 41 mands
1929 2321 39 28 et
1997 2308 280 43 autrichiens.

1811 2372 75 40 On
1922 2386 51 29 ne
2005 2371 65 51 s'y
2103 2371 139 40 borne
2273 2385 90 37 pas,
2397 2384 172 26 comme
2603 2384 50 26 en
2688 2368 224 54 Belgique,

1743 2434 21 39 à
1809 2444 154 30 mettre
2006 2433 20 40 à
2072 2434 38 40 la
2155 2431 270 53 disposition
2469 2431 71 40 des
2583 2430 333 53 pensionnaires

1743 2493 210 54 quelques
1980 2494 105 51 jeux
2114 2493 49 42 de
2189 2504 146 32 cartes,
2365 2493 50 40 de
2439 2492 78 41 bac
2544 2504 40 29 et
2609 2492 50 40 de
2687 2490 225 42 dominos.

1812 2556 79 40 Les
1923 2556 133 40 vieux
2088 2566 40 30 et
2162 2556 56 40 les
2249 2553 164 42 vieilles
2446 2554 229 51 disposent
2708 2553 50 45 de
2790 2553 100 52 jour-

1744 2632 135 28 naux,
1928 2617 50 40 de
2021 2615 316 54 publications,
2383 2615 171 53 parfois
2599 2615 138 40 même
2782 2613 133 42 d'une

1743 2678 324 53 bibliothèque.
2104 2676 132 44 Mais,
2275 2677 108 41 dans
2418 2692 62 25 ces
2513 2690 123 39 pays,
2674 2677 40 41 la
2749 2676 59 40 loi
2843 2688 72 28 sur

1743 2740 282 42 l'intruction
2056 2738 265 54 obligatoire
2350 2754 21 25 a
2401 2737 186 54 produit
2617 2739 49 40 de
2695 2735 219 43 meilleurs

1745 2801 202 44 résultats
1990 2813 39 30 et
2073 2801 36 44 le
2154 2800 188 42 nombre
2387 2799 230 42 d'illettrés
2662 2812 59 29 est
2768 2813 146 26 moins

1742 2862 113 41 élevé
1885 2878 83 38 que
1997 2863 105 39 chez
2135 2876 127 26 nous.

1810 2925 236 50 Beaucoup
2077 2923 247 52 d'hospices
2354 2922 198 53 érangers
2582 2933 102 29 sont
2715 2934 199 39 pourvus

1742 2986 109 40 d'un
1880 2985 193 52 appareil
2102 2985 49 40 de
2180 2984 59 43 T.
2270 2984 41 41 S.
2341 2984 63 43 F.,
2436 2984 192 40 d'autres
2656 2982 49 40 de
2731 2982 151 52 phono-

1742 3047 197 53 graphes.

1809 3120 41 40 A
1876 3122 38 41 la
1949 3135 20 25 «
1997 3118 219 44 Raathuis
2238 3134 112 26 voor
2375 3118 146 40 ouden
2548 3132 86 26 van
2660 3115 139 54 dagen
2824 3129 87 27 van

1742 3182 50 44 de
1835 3181 215 40 Diaconie
2095 3181 72 40 der
2210 3178 360 43 Gereformeerde
2613 3177 118 41 Kerk
2777 3193 39 29 »,
2863 3176 49 41 de

1741 3243 267 43 Dordrecht,
2044 3242 27 42 il
2103 3257 28 37 y
2163 3258 20 25 a
2215 3256 60 25 un
2309 3254 147 39 orgue.

1809 3316 126 40 Dans
1973 3316 184 40 certains
2196 3313 200 52 hospices
2434 3311 269 45 hollandais,
2745 3325 59 28 on
2845 3325 44 26 ac-

1740 3378 127 41 corde
1899 3392 84 29 une
2016 3377 88 40 fois
2137 3390 78 37 par
2248 3374 135 41 année
2416 3387 84 27 une
2532 3372 189 41 semaine
2754 3374 49 40 de
2834 3388 51 26 va-

1741 3454 145 26 cances
1917 3453 98 27 avec
2048 3449 153 41 argent
2230 3450 115 37 pour
2377 3436 35 40 le
2443 3448 183 38 voyage.

1808 3511 127 44 Dans
1964 3511 205 40 d'autres,
2202 3523 58 25 on
2291 3507 94 52 paie
2415 3522 59 24 un
2504 3521 169 37 voyage
2701 3522 49 26 en
2782 3517 102 32 auto-

1739 3588 69 26 car
1842 3587 88 27 aux
1965 3569 348 54 pensionnaires.

1809 3646 126 41 Dans
1967 3659 80 25 son
2082 3643 163 40 nouvel
2279 3640 176 53 hospice
2487 3642 49 40 de
2577 3656 137 30 1,200
2749 3642 84 42 lits,
2871 3641 37 42 la
