3236 4168
300 303 315 56 TEK
694 303 61 56 H
836 303 61 56 N
976 297 47 62 É

2659 3768 146 60 119

300 446 1057 85 BIBLIOGRAPHIE

371 579 217 41 ADOLF
619 579 177 42 LOOS.
829 580 80 41 Les
940 580 211 43 Editions
1182 581 105 43 Ctes
1316 593 41 33 et
1385 581 94 47 Cie,

312 656 68 27 11,
410 656 73 26 rue
510 640 50 42 de
586 640 141 44 Sèvre,
754 641 123 41 Paris
901 641 87 53 (VI
994 649 15 16 e
1026 640 30 53 ),
1085 641 214 43 viennent
1326 642 128 52 d'aug-

304 714 169 30 menter
517 704 91 41 leur
650 701 234 44 collection
938 719 22 25 «
1006 703 80 44 Les
1129 703 191 42 Artistes
1363 718 87 27 nou-

302 778 143 26 veaux
473 778 21 26 »
525 778 78 38 par
626 778 61 26 un
713 763 107 43 livre
844 778 72 27 sur
941 764 215 53 Adolphe
1180 765 134 45 Loos,
1343 778 136 40 ayant

303 840 172 25 comme
508 837 155 30 auteur
694 825 173 42 Franck
899 825 160 43 Gluck.

371 886 149 41 Adolf
555 886 120 41 Loos
710 900 60 29 est
805 901 60 26 un
901 887 71 40 des
1008 887 178 42 maîtres
1221 887 50 41 de
1305 887 152 42 l'archi-

303 958 161 30 tecture
497 948 242 44 viennoise,
776 963 60 25 un
870 948 71 41 des
972 948 273 53 précurseurs
1280 948 91 54 qui,
1407 948 72 42 dès

311 1009 137 53 1893,
481 1023 255 38 commença
767 1010 40 41 la
838 1010 110 41 lutte
976 1024 116 38 pour
1122 1009 100 43 l'art
1252 1009 223 44 moderne,

295 1070 36 41 le
352 1070 107 45 vrai,
485 1072 35 40 le
541 1086 98 36 pur.
665 1070 71 42 Ses
758 1085 167 27 œuvres
948 1072 232 41 laisseront
1202 1072 277 50 l'empreinte

303 1131 50 41 de
389 1147 60 26 ses
485 1131 243 42 recherches
764 1143 39 30 et
839 1147 114 26 nous
985 1147 211 38 pouvons
1231 1132 248 53 apercevoir

303 1192 109 42 dans
443 1192 39 42 la
514 1192 110 42 suite
654 1192 50 42 de
733 1208 60 27 ses
824 1208 167 26 œuvres
1022 1194 39 41 la
1092 1192 239 45 différence
1362 1208 87 27 mar-

301 1264 167 43 quante
498 1265 119 30 entre
648 1254 121 41 l'Art
798 1267 40 31 et
868 1256 39 41 la
936 1253 155 43 Mode.

371 1314 72 44 Ici,
473 1315 38 41 la
542 1329 160 39 preuve
728 1329 60 30 est
817 1314 248 45 manifeste,
1094 1315 28 41 il
1149 1315 133 45 suffit
1310 1317 50 40 de
1387 1316 59 42 mé-

303 1375 111 42 diter
450 1391 73 26 sur
561 1392 59 25 un
659 1376 50 43 de
747 1392 61 25 ses
846 1387 190 31 travaux
1080 1392 9 26 :
1139 1392 22 26 «
1202 1376 182 43 Maison
1423 1394 52 26 au

302 1437 114 42 bord
445 1437 58 42 du
534 1439 61 41 lac
623 1439 50 41 de
699 1438 176 42 Genève
907 1453 39 28 »,
978 1438 243 41 construite
1249 1454 51 25 en
1338 1453 135 38 1904.

381 1514 21 25 «
439 1498 127 44 Rien,
603 1499 329 46 certainement,
970 1498 112 43 n'est
1114 1500 101 52 plus
1249 1498 228 44 nécessaire

302 1575 84 38 que
428 1559 50 41 de
522 1571 212 30 montrer-
764 1576 53 25 au
859 1559 130 53 jeune
1031 1560 230 42 architecte
1305 1561 50 41 de
1395 1576 79 28 son

303 1621 170 54 époque
497 1636 80 29 son
607 1621 155 42 devoir
786 1622 50 42 de
863 1622 133 41 servir
1020 1636 62 27 un
1106 1622 153 42 besoin
1291 1638 39 26 ».

370 1683 315 41 Trente-deux
717 1683 132 41 belles
880 1683 341 52 reproductions
1251 1700 50 26 en
1335 1683 116 42 hélio-

302 1759 185 38 gravure
530 1759 114 26 nous
687 1743 105 42 font
834 1744 170 44 assister
1049 1745 21 41 à
1114 1744 267 44 l'évolution
1425 1747 51 41 de

303 1805 320 42 l'architecture
663 1805 197 42 d'Adolf
896 1806 134 48 Loos,
1069 1822 39 32 et
1145 1806 10 42 I
1177 1822 59 26 on
1273 1806 204 54 pourrait

301 1881 228 38 comparer
562 1866 71 43 des
669 1866 197 42 maisons
899 1868 51 40 de
990 1882 123 39 1904
1148 1883 97 27 avec
1280 1869 71 41 des
1383 1883 61 27 œu-

301 1942 93 29 vres
426 1926 360 54 d'aujourd'hui.

370 1988 80 42 Les
477 1987 210 43 Editions
717 1989 104 41 Cres
849 2003 82 30 ont
958 1990 195 53 présenté
1181 1990 134 42 d'une
1342 1991 130 50 façon

301 2049 231 53 artistique
559 2065 41 26 ce
628 2050 106 42 livre
764 2050 347 45 d'architecture.

301 2221 191 41 JOZEF
527 2221 232 43 COCAR,
796 2237 78 37 par
911 2223 34 41 le
979 2222 44 42 D
1031 2230 11 14 r
1075 2222 49 42 Z.
1161 2222 170 43 Wirth.
1369 2223 107 42 Aux

300 2282 211 41 Editions
558 2297 21 26 «
621 2282 80 42 Les
739 2281 188 43 Maîtres
965 2284 51 40 de
1054 2283 23 41 Y
1085 2283 306 44 Architecture
1433 2300 40 30 »,

300 2344 189 40 Genève.

369 2405 81 43 Cet
491 2419 207 39 ouvrage,
739 2405 94 41 fort
872 2405 101 41 bien
1013 2405 184 45 illustré,
1241 2416 156 32 retrace
1437 2406 38 40 la

300 2465 83 42 très
413 2466 136 42 active
579 2465 177 44 carrière
786 2466 50 41 de
866 2466 265 42 l'architecte
1162 2466 184 56 tchèque
1374 2467 100 42 bien

300 2542 164 29 connu.
496 2527 131 41 Elève
656 2543 39 32 et
723 2527 180 53 disciple
930 2528 51 41 de
1009 2528 87 42 Jan
1125 2528 178 45 Kotera,
1336 2529 140 41 Cocar

299 2599 123 32 entra
462 2589 110 41 dans
609 2591 38 40 la
685 2589 67 42 vie
790 2588 332 44 architecturale
1160 2589 184 56 tchèque
1381 2604 94 27 vers

309 2664 138 40 1905.
483 2650 71 41 Ses
588 2660 191 32 travaux
812 2650 271 53 personnels,
1120 2650 179 54 jusqu'à
1336 2654 38 40 la
1407 2652 68 40 fin

301 2711 50 41 de
398 2712 38 40 la
483 2726 149 39 guerre
685 2711 229 54 1914-18,
962 2711 294 54 témoignent,
1304 2726 172 27 comme

300 2772 105 41 chez
450 2772 218 53 plusieurs
713 2784 326 30 constructeurs
1086 2773 226 53 d'Europe
1358 2773 87 42 Cen-

299 2833 107 41 trale
430 2834 20 40 à
475 2845 106 30 cette
605 2834 183 54 époque,
816 2834 50 41 de
888 2834 230 42 véritables
1143 2834 194 45 audaces,
1366 2834 108 42 mais

301 2906 189 29 souvent
536 2895 112 41 aussi
694 2896 135 40 d'une
873 2895 223 42 recherche
1140 2910 189 30 souvent
1373 2905 101 42 trop

301 2956 355 52 prépondérante
692 2956 303 54 d'originalité
1030 2958 21 40 à
1087 2968 101 31 tout
1223 2957 116 53 prix.

369 3017 88 40 Dès
492 3017 171 42 l'année
704 3032 137 39 1924,
877 3018 144 41 Gocar
1054 3018 163 41 semble
1252 3017 123 43 avoir
1409 3033 44 26 ac-

301 3079 99 53 quis
431 3080 38 40 la
500 3078 195 42 maîtrise
725 3079 51 41 de
805 3094 80 26 son
917 3078 175 42 travail.
1126 3079 59 41 Le
1217 3080 233 41 fonctiona-

297 3139 123 41 lisme
441 3139 49 41 de
514 3154 60 26 ses
597 3139 329 42 constructions
950 3151 61 31 est
1032 3140 102 53 plus
1155 3140 148 46 direct,
1328 3139 148 42 moins

299 3201 254 40 tourmenté
600 3215 79 38 par
729 3202 71 41 des
848 3201 369 53 préoccupations
1265 3201 205 52 d'aspect.

301 3260 261 55 Rappelons
585 3277 84 39 que
693 3277 80 27 son
797 3262 211 42 Pavillon
1032 3263 50 46 de
1106 3264 40 42 la
1171 3262 275 43 Tchécoslo-

302 3323 158 54 vaquie
489 3323 21 40 à
539 3322 136 43 Paris,
708 3339 49 26 en
796 3337 137 40 1925,
965 3323 73 44 fut
1067 3339 60 26 un
1158 3324 71 41 des
1261 3339 110 27 rares
1401 3323 50 43 bâ-

304 3394 182 32 timents
534 3384 183 52 d'esprit
762 3384 212 43 moderne
1021 3400 83 39 que
1151 3399 171 32 connut
1369 3395 106 31 cette

312 3460 22 25 «
384 3445 112 41 foire
542 3445 344 42 internationale
936 3461 39 31 »,
1025 3447 57 41 où
1131 3447 38 41 la
1214 3446 162 42 France
1420 3445 56 42 fit

299 3521 159 37 preuve
494 3507 109 41 d'un
640 3507 33 41 si
708 3507 173 53 général
917 3507 200 42 mauvais
1151 3508 123 53 goût.

370 3567 205 42 L'œuvre
598 3568 39 41 la
658 3569 102 52 plus
781 3567 303 43 considérable
1106 3568 51 42 de
1178 3568 134 42 Jozef
1332 3568 144 42 Gocar

301 3642 61 31 est
394 3644 98 27 sans
523 3640 194 31 conteste
750 3631 39 42 la
822 3629 357 43 réurbanisation
1214 3629 51 42 de
1298 3645 42 28 sa
1372 3628 104 43 ville

1630 448 158 41 natale.
1823 446 171 43 Hradec
2027 447 207 44 Kralové,
2271 447 133 43 située
2437 448 21 41 à
2492 463 84 28 une
2608 449 198 42 centaine

1631 508 49 43 de
1722 508 255 42 kilomètres
2020 510 21 40 à
2086 510 95 47 l'est
2225 510 50 40 de
2317 509 183 54 Prague.
2547 510 60 42 Ce
2649 510 157 43 travail

1630 570 307 55 urbanistique
1966 586 20 26 a
2016 569 168 42 orienté
2214 573 39 40 la
2281 571 184 52 plupart
2493 571 313 53 des-ouvrages

1630 631 332 42 d'architecture
1988 632 50 41 de
2063 632 149 41 Gocar
2234 632 217 54 puisqu'il
2478 632 134 43 édifia
2639 632 167 41 ensuite

1630 708 113 37 pour
1773 704 106 30 cette
1908 694 141 41 même
2077 694 104 42 ville
2211 693 335 45 nouvellement
2578 693 228 42 ordonnée

1630 754 161 53 l'église
1814 755 69 52 (en
1909 755 136 41 béton
2070 754 166 53 armé),
2264 755 36 42 le
2324 769 213 39 gymnase
2561 754 245 53 municipal

1630 816 110 41 ainsi
1771 832 83 38 que
1886 816 215 53 plusieurs
2134 815 135 41 écoles
2301 828 39 30 et
2372 816 72 41 des
2475 816 331 42 constructions

1628 877 174 44 variées.
1842 878 120 41 C'est
1999 877 122 54 grâce
2156 877 22 41 à
2213 890 64 30 cet
2314 877 229 42 architecte
2579 879 51 40 de
2666 878 140 42 talent

1628 938 96 42 aidé
1752 938 109 42 d'un
1894 939 367 42 administrateur
2293 938 150 45 averti,
2477 940 35 41 le
2543 938 45 43 D
2594 946 13 16 r
2636 938 47 42 F.
2719 938 58 42 Ul-

1630 1000 104 44 rich,
1781 1000 307 53 bourgmestre
2133 1001 50 40 de
2228 999 186 44 Hradec,
2462 1014 85 40 que
2594 1001 38 43 la
2676 999 130 52 jeune

1628 1061 283 54 République
1942 1073 173 30 connut
2147 1075 80 27 son
2260 1060 188 54 premier
2481 1061 220 42 ensemble
2733 1075 49 26 ur-

1628 1122 103 42 bain
1762 1122 216 54 organisé.

1696 1183 235 53 Ajoutons
1966 1199 83 39 que
2084 1185 56 41 les
2174 1182 143 43 divers
2352 1183 174 44 édifices
2559 1195 38 30 et
2630 1183 150 42 habita-

1628 1246 119 42 tions
1771 1245 151 41 édifiés
1945 1262 79 36 par
2046 1246 40 40 J.
2113 1245 146 42 Gocar
2281 1260 50 26 en
2357 1244 448 55 Tchéco-Slovaquie

1628 1307 211 40 achèvent
1866 1307 50 41 de
1940 1307 135 41 situer
2101 1321 85 26 une
2211 1321 146 26 œuvre
2382 1305 283 43 intéressante
2690 1317 40 31 et
2756 1306 49 41 de

1627 1368 164 52 grande
1818 1382 252 39 envergure.

1695 1429 59 40 Le
1785 1440 306 30 constructeur
2126 1428 183 54 tchèque
2340 1428 135 44 vient,
2512 1439 101 31 tout
2647 1428 131 42 récem-

1628 1502 134 29 ment,
1793 1491 50 40 de
1871 1504 39 27 se
1939 1491 98 40 voir
2063 1489 174 41 honoré
2263 1505 78 37 par
2370 1489 35 41 le
2442 1505 21 25 «
2493 1489 148 53 Royal
2671 1488 111 44 Insti-

1628 1562 92 31 tute
1762 1551 51 41 of
1853 1551 170 41 British
2068 1551 249 42 Architects
2363 1566 39 28 »,
2448 1551 114 42 dont
2606 1552 29 42 il
2679 1568 20 26 a
2743 1550 62 44 été

1628 1613 182 41 nommé
1844 1612 196 42 membre
2072 1612 369 52 correspondant.

1695 1773 394 42 INSPECTION
2113 1773 117 42 DES
2256 1771 413 45 LOGEMENTS,
2700 1774 78 41 Sur-

1626 1834 209 42 veillance
1861 1846 40 30 et
1928 1833 229 53 entretien,
2188 1849 78 38 par
2292 1834 83 45 Dr.
2403 1833 400 44 Marie-Elisabeth

1627 1895 182 50 Luders,
1837 1896 166 41 Berlin.
2034 1896 149 46 (Edité
2208 1912 79 37 par
2314 1894 320 44 l'Association
2663 1896 118 41 Inter-

1629 1957 225 42 nationale
1924 1958 50 43 de
2047 1957 321 43 l'Habitation,
2445 1957 359 44 Francfort-sur-

1627 2018 144 52 Main,
1820 2019 149 44 Hansa
2017 2019 138 50 Allee,
2206 2035 80 38 27;
2333 2020 105 41 chez
2482 2019 184 55 Englert
2711 2020 93 40 und

1628 2081 234 46 Schlosser,
1889 2080 498 44 Francfort-sur-Main
2406 2082 31 53 ).
2462 2081 108 42 Prix
2601 2097 8 26 :
2641 2097 21 39 3
2689 2079 111 46 RM.

1696 2143 61 41 La
1783 2142 330 43 considération
2140 2143 50 41 de
2215 2145 40 40 la
2281 2144 208 53 question
2515 2144 51 40 de
2594 2143 187 53 l'lnspec-

1628 2204 96 41 tion
1754 2204 71 44 des
1853 2204 283 54 Logements,
2169 2205 88 41 lors
2284 2205 59 41 du
2373 2204 200 54 Congrès
2601 2204 178 42 Interna-

1628 2267 143 40 tional
1810 2267 50 40 de
1900 2267 308 42 l'Habitation
2247 2267 50 42 de
2335 2266 165 43 Berlin,
2544 2266 60 43 du
2651 2282 13 26 i
2677 2274 27 16 ei
2750 2281 53 27 au

1630 2343 21 39 5
1686 2328 98 52 juin
1824 2343 137 39 1931,
1996 2344 21 26 a
2051 2328 163 54 engagé
2245 2328 321 43 l'Association
2601 2328 178 42 Interna-

1628 2391 165 41 tionale
1828 2391 51 40 de
1914 2390 306 43 l'Habitation
2257 2391 21 40 à
2314 2391 154 41 ouvrir
2503 2406 84 29 une
2620 2390 185 55 enquête

1627 2452 346 42 internationale
2004 2467 72 27 sur
2110 2451 123 44 l'état
2265 2453 140 41 actuel
2438 2452 50 41 de
2521 2451 282 54 l'inspection

1628 2514 70 40 des
1752 2514 259 53 logements.
2068 2514 80 41 Les
2199 2513 250 43 matériaux
2505 2514 296 45 intéressants,

1627 2576 140 53 qu'on
1795 2592 21 25 a
1842 2575 225 44 recueillis,
2095 2586 83 31 ont
2202 2575 62 42 été
2289 2575 166 42 étudiés
2479 2591 79 37 par
2583 2575 127 42 Mme
2734 2575 67 42 M.

1627 2637 180 41 Liiders.
1837 2637 59 43 Ils
1920 2637 206 42 donnent
2152 2653 83 26 une
2260 2652 82 26 vue
2366 2636 196 55 générale
2585 2651 72 27 sur
2684 2637 120 43 l'état

1628 2700 49 39 de
1710 2700 38 40 la
1776 2699 288 43 surveillance
2093 2699 72 42 des
2194 2699 246 54 logements
2470 2699 110 41 dans
2611 2700 56 40 les
2695 2713 110 39 pays

1627 2760 198 42 civilisés.
1866 2761 193 40 Comme
2100 2760 109 41 dans
2249 2776 61 26 un
2348 2761 141 54 grand
2528 2761 188 41 nombre
2754 2761 50 40 de

1618 2837 108 37 pays
1749 2822 283 52 l'inspection
2057 2822 72 42 des
2152 2822 246 53 logements
2421 2822 97 42 doit
2540 2823 85 41 être
2648 2820 156 52 reprise

1626 2899 58 26 ou
1719 2883 308 48 transformée,
2065 2885 57 41 les
2154 2883 318 54 publications,
2509 2895 292 41 opportunes,

1626 2959 194 39 peuvent
1850 2957 201 41 compter
2082 2961 72 26 sur
2184 2946 229 52 beaucoup
2444 2945 207 43 d'intérêt
2681 2945 50 42 de
2766 2944 38 41 la

1626 3018 100 41 part
1757 3008 71 40 des
1860 3008 149 40 cercles
2040 3007 237 44 intéressés.

1697 3249 79 41 Les
1817 3263 214 38 ouvrages
2073 3246 186 54 signalés
2299 3246 224 42 ci-dessus,
2567 3246 111 41 ainsi
2720 3256 84 42 que

1626 3337 107 26 ceux
1768 3322 77 54 qui
1881 3333 82 30 ont
1996 3336 111 38 paru
2140 3319 354 54 précédemment
2530 3317 110 42 dans
2677 3328 126 30 notre

1629 3396 212 54 rubrique
1886 3394 408 55 bibliographique,
2346 3406 193 41 peuvent
2586 3391 217 43 s'obtenir

1627 3471 21 40 à
1688 3473 38 40 la
1765 3469 216 42 Librairie
2017 3467 200 43 Dietrich
2256 3479 39 30 et
2334 3467 90 46 Cie,
2472 3483 69 28 10,
2579 3466 125 43 Place
2744 3467 58 41 du

1626 3543 168 44 Musée,
1828 3543 244 43 Bruxelles.
