2964 4221
598 313 200 76 LES
1103 310 287 81 AMIS
1781 315 157 74 DE

2531 318 11 11 m
2555 318 11 10 c
2579 313 14 15 *'

2525 343 68 42 111

131 458 108 52 celle
266 459 80 51 des
372 460 185 50 nations
581 459 236 70 jusqu'ici
856 460 64 52 les
948 460 115 67 plus
1087 461 276 68 favorisées
1390 461 29 51 à
1449 475 69 38 cet
1541 463 164 68 égard.
1747 461 373 54 Parallèlement
2142 482 30 30 a
2209 460 388 71 Venseignement

129 544 166 68 officiel
315 545 216 69 dispensé
555 560 108 54 par
686 546 42 51 le
760 546 380 69 Conservatoire,
1170 565 89 36 une
1280 550 260 51 institution
1566 544 16 75 s
1598 544 16 75 1
1630 544 47 75 est
1700 549 142 67 créée,
1870 550 48 51 la
1949 549 165 52 Schola
2149 549 276 67 Cantorum,
2454 549 81 70 qui
2561 569 30 31 a

124 634 110 66 pris
399 651 169 34 comme
789 634 282 67 fondations
1444 635 42 50 V
1491 635 137 54 étude
1865 649 43 38 et
2037 637 49 50 la
2196 638 233 70 pratique

129 720 322 51 Renaissance
499 720 399 68 Palestinienne,
926 742 36 48 y
987 737 313 54 superposant
1311 738 100 53 peu
1439 724 29 50 à
1487 738 101 53 peu
1628 724 50 51 la
1721 725 327 51 connaissance
2091 737 45 38 et
2167 724 49 51 la
2244 722 224 68 diffusion
2514 723 80 52 des

129 826 182 33 œuvres
351 808 265 70 religieuses
656 809 58 51 de
753 809 40 51 F
799 811 140 50 Ecole
967 812 302 67 Allemande,
1312 831 120 33 avec
1460 812 181 53 Schiitz
1687 826 47 38 et
1758 812 107 53 Seb.
1894 813 136 51 Bach
2058 831 109 33 asa
2197 814 105 65 tête,
2330 813 63 51 les
2420 812 176 52 reliant

129 916 29 30 a
187 896 48 49 la
280 896 190 68 grande
498 896 117 52 école
653 897 57 51 de
750 898 311 52 déclamation
1100 899 180 70 lyrique
1307 899 236 53 instaurée
1570 917 57 33 en
1656 901 140 51 Italie
1822 918 66 36 au
1914 901 154 51 XVII
2077 905 18 19 e
2120 899 131 53 siècle
2267 915 107 53 par
2397 901 165 51 Monte-

129 1001 92 32 ver
222 983 73 65 de,
536 983 289 52 descendant
1187 1002 119 33 avec
1509 985 225 50 Rameau
2040 986 43 51 le
2181 1004 129 34 cours
2493 987 57 50 de

129 1087 119 33 avec
273 1070 50 50 la
351 1087 141 35 messe
531 1087 57 35 en
629 1071 79 49 Ré
743 1071 50 51 la
809 1072 116 67 plus
958 1073 245 66 puissante
1242 1073 80 51 des
1348 1073 228 68 synthèses
1603 1073 450 68 Beethoveniennes,
2082 1075 220 52 étudiant
2324 1073 125 66 enfin
2477 1075 117 52 chez

132 1156 181 52 Weber
336 1156 40 51 le
404 1171 302 38 mouvement
729 1161 294 69 romantique
1062 1159 117 53 d'où,
1207 1160 143 51 allait
1371 1161 142 50 sortir
1536 1161 42 50 le
1606 1161 166 51 drame
1809 1162 311 69 Wagnérien.
2150 1162 79 51 La
2260 1162 175 52 Société
2459 1164 133 50 Bach

145 1244 180 69 dirigée
541 1259 107 53 par
799 1245 84 52 M.
1016 1245 132 66 Bret,
1306 1247 118 66 puis
1594 1246 48 51 la
1700 1246 153 70 jeune
2064 1246 175 52 Société
2448 1247 154 51 Haend

145 1331 243 52 initièrent
676 1331 220 52 d'autres
1169 1333 195 50 milieux
1613 1352 97 33 aux
1861 1346 157 39 vastes
2230 1335 304 50 contructions

139 1419 101 52 Une
273 1421 221 65 mention,
524 1419 124 65 enfin
676 1434 69 38 est
779 1420 91 52 due
908 1420 31 51 à
968 1420 188 52 l'Ecole
1194 1421 80 51 des
1320 1421 166 52 hautes
1526 1423 157 50 études
1721 1423 206 66 sociales,
1955 1421 57 54 où
2039 1423 180 52 l'étude
2257 1424 254 71 historique
2552 1438 47 37 et

129 1507 196 69 critique
351 1508 81 49 des
459 1507 138 52 écoles
624 1508 242 52 musicales
894 1522 82 53 est,
997 1527 102 33 sous
1126 1508 48 51 la
1202 1508 225 52 direction
1448 1509 180 52 érudite
1649 1510 57 51 de
1733 1510 83 51 M.
1841 1510 208 52 Romain
2070 1512 228 63 Rolland,
2322 1513 272 51 commentée

126 1607 98 53 pas
376 1593 31 51 à
473 1607 115 53 pas,
738 1608 108 53 par
1001 1594 23 50 l
1070 1593 251 53 'exécution
1649 1594 58 51 de
1842 1595 124 52 leurs
2152 1595 302 66 productions

130 1693 110 38 cette
261 1680 152 53 année
432 1694 81 39 ont
525 1682 142 68 porté
684 1700 85 35 sur
786 1682 49 51 la
856 1683 212 70 musique
1089 1684 57 50 de
1169 1683 238 66 chambre,
1424 1684 251 68 française
1697 1697 47 38 et
1761 1684 242 66 italienne,
2026 1684 79 51 des
2121 1684 163 51 XVII
2284 1689 16 19 e
2317 1698 47 38 et
2387 1687 189 49 XVIII
2578 1691 17 19 e

129 1768 170 52 siècles.

280 1857 225 51 Pendant
529 1875 47 33 ce
593 1868 146 56 temps
766 1857 48 51 la
844 1858 210 70 musique
1082 1858 219 51 moderne
1329 1858 282 68 multipliait
1627 1876 69 33 ses
1702 1860 158 66 prises
1876 1877 85 35 sur
1984 1860 42 50 le
2042 1860 182 67 public.
2243 1861 53 51 A
2312 1861 282 67 Pasdeloup,

148 1943 152 51 tombé
548 1956 162 39 avant
966 1943 49 51 la
1171 1943 313 52 consécration
1890 1945 66 50 du
2105 1943 150 54 succès
2493 1943 109 66 défin

135 2045 203 56 presque
618 2048 86 35 sur
836 2031 48 51 la
992 2030 181 67 brèche,
1390 2032 117 68 puis
1711 2032 324 66 Lamoureux,
2390 2032 212 69 fondant

150 2116 267 70 affranchis
734 2119 80 50 des
948 2119 251 52 traditions
1507 2136 63 36 un
1670 2133 101 54 peu
1952 2120 182 52 étroites
2370 2120 59 51 de
2538 2120 64 51 l'il

121 2209 116 66 puis
264 2225 64 33 au
355 2206 188 69 surplus
558 2222 108 53 par
687 2225 69 35 ses
783 2208 124 52 deux
931 2208 214 52 derniers
1173 2209 139 67 chefs.
1355 2209 144 51 Mais
1524 2209 44 51 le
1594 2223 301 37 mouvement
1917 2209 108 52 n'en
2051 2209 171 52 devait
2237 2224 95 53 pas
2359 2223 147 38 rester
2529 2209 65 52 là.

132 2294 92 51 Son
252 2293 249 67 impulsion
515 2310 183 54 gagna,
728 2310 64 36 un
808 2308 102 54 peu
936 2294 248 53 lentement
1209 2294 221 52 d'abord
1449 2295 49 51 la
1510 2296 235 66 province
1763 2315 20 42 ;
1811 2295 64 52 les
1903 2309 195 38 concerts
2139 2296 58 51 de
2238 2295 130 54 Jules
2394 2296 207 51 Bordier

131 2402 29 30 a
184 2382 186 68 Angers
398 2380 319 71 aujourd'hui
741 2399 103 35 sous
870 2382 50 50 la
941 2383 226 51 direction
1195 2384 159 50 active
1381 2384 58 50 de
1460 2383 134 52 Max
1616 2383 283 67 d'Olionne,
1922 2384 42 51 le
1992 2397 152 39 centre
2171 2384 57 51 de
2255 2384 179 52 culture
2445 2384 155 69 fondé

131 2469 29 51 à
191 2468 319 68 Montpellier
521 2483 107 53 par
651 2469 41 51 le
720 2469 201 71 regretté
945 2469 200 54 Charles
1173 2470 194 66 Bordes,
1396 2469 65 52 les
1487 2484 197 39 concerts
1711 2472 57 51 de
1800 2472 287 51 Witkowski
2114 2484 47 37 et
2182 2472 241 68 d'Alfred
2444 2472 158 52 Cortot

131 2556 31 52 h
192 2558 150 67 Lyon,
371 2557 75 51 M
450 2561 51 20 me
540 2557 217 71 Maquet
795 2571 263 54 reprenant
1096 2571 411 57 courageusement
1545 2558 30 51 à
1620 2559 144 66 Lille,
1794 2559 40 51 le
1861 2558 142 52 bâton
2045 2559 211 69 échappé
2294 2559 57 51 de
2389 2559 48 51 la
2467 2561 130 50 main

150 2658 247 38 mourante
694 2644 58 51 de
865 2662 79 34 son
1080 2647 145 65 mari,
1427 2646 63 50 les
1632 2646 306 67 triomphales
2322 2646 212 50 tournées

153 2746 162 53 ments,
546 2751 36 50 y
709 2747 237 38 montrent
1264 2733 237 51 l'activité
1824 2735 222 50 musicale
2361 2751 56 33 en
2547 2733 55 68 pl

131 2818 302 54 d'amateurs
473 2839 48 33 se
553 2820 212 70 fondent
802 2837 64 35 un
902 2834 100 53 peu
1038 2834 217 54 partout,
1385 2820 189 52 Nantes
1613 2834 97 36 tout
1736 2821 291 66 récemment,
2144 2836 133 54 pour
2300 2821 219 52 seconder
2542 2839 55 33 ou

130 2907 222 69 suppléer
375 2907 63 52 les
455 2909 382 67 professionnels.

286 2995 107 70 Que
419 2996 106 51 dire
567 2997 303 51 maintenant
908 2996 58 50 de
1001 2996 145 52 Paris
1173 2996 26 52 ?
1225 2997 52 50 Il
1298 2996 76 69 n'y
1401 3014 127 33 aura
1556 2995 177 52 bientôt
1744 2996 116 69 plus
1886 3013 90 37 une
2002 2996 115 52 salle
2143 2996 277 69 disponible,
2457 2995 57 53 où
2540 3013 57 34 ne

116 3083 274 68 fonctionne
418 3100 65 35 un
524 3084 228 51 orchestre
792 3083 350 71 symphonique,
1173 3081 57 55 où
1256 3084 64 52 les
1348 3084 305 67 productions
1691 3084 58 51 de
1777 3097 130 38 notre
1935 3084 115 51 école
2077 3084 291 52 n'alternent
2389 3102 120 33 avec
2534 3084 63 51 les

131 3188 184 34 œuvres
361 3171 405 72 caractéristiques
807 3171 58 51 de
908 3170 285 71 l'étranger,
1223 3171 303 69 Symphonies
1566 3171 57 51 de
1653 3171 224 65 Brahms,
1908 3171 152 51 lieder
2083 3184 43 38 et
2164 3171 205 68 caprices
2398 3170 171 52 Scandi-

130 3276 170 49 naves,
318 3259 189 67 poèmes
529 3277 57 34 ou
598 3260 262 68 fantaisies
882 3259 303 52 orchestrales
1206 3259 58 52 de
1280 3259 162 52 l'école
1463 3277 145 48 russe,
1631 3259 206 52 création
1858 3259 65 51 du
1943 3260 226 50 slavisme
2191 3258 406 68 centre-européen

131 3363 120 35 avec
278 3345 227 53 Smetana
548 3359 47 39 et
633 3347 232 66 Dvorak,
894 3348 317 66 compositions
1253 3345 195 70 touffues
1489 3359 45 39 et
1573 3345 236 67 ardentes,
1837 3359 202 39 souvent
2074 3345 313 65 contestables,
2407 3345 190 69 jamais

130 3431 324 69 indifférentes
480 3434 59 51 de
567 3434 228 52 Richard
819 3434 209 68 Strauss,
1048 3436 312 68 pittoresques
1388 3434 266 51 évocations
1682 3433 291 53 d'Albeniz.

461 3521 174 70 Quant
855 3521 31 51 à
973 3535 132 38 notre
1292 3521 283 68 production
1912 3522 270 67 française,
2533 3522 69 51 l'in

148 3610 292 68 symphonies
762 3622 318 56 proprement
1428 3610 118 50 dites
1705 3608 228 54 exécutées
2216 3610 166 67 depuis
2601 3608 1 71 q
