2964 4221
552 349 861 59 L'ACTUALITE
1494 346 649 59 MUSICALE

184 477 125 52 Quel
331 477 243 60 dommage
594 494 86 42 que
708 493 112 43 pour
837 493 71 28 ces
926 476 182 59 poèmes
1135 476 147 43 incom-

115 545 213 59 parables,
369 561 72 28 ces
479 545 203 59 épopées,
723 562 72 28 ces
832 545 172 61 idylles,
1044 561 72 27 ces
1151 543 160 60 élégies

115 613 112 44 dont
253 613 42 44 la
320 613 198 59 féerique
540 625 43 32 et
609 614 99 44 vive
728 613 190 45 lumière
947 612 161 59 éclipse
1135 611 62 45 les
1213 611 98 59 plus

117 682 145 44 beaux
299 698 98 28 vers
424 682 53 43 de
515 699 82 27 nos
623 682 165 58 poètes,
818 699 59 27 on
904 680 112 45 n'ait
1053 696 75 43 pas
1154 679 157 45 trouvé

116 748 175 46 d'autre
328 767 111 26 nom
466 767 86 42 que
592 750 132 58 celui,
752 752 32 43 si
812 750 129 57 froid,
972 750 53 43 de
1053 748 165 57 Sonate,

115 817 174 45 d'autre
326 818 302 61 signalement
662 835 86 43 que
787 818 116 45 celui
931 816 138 45 d'une
1108 816 202 57 tonalité,

115 887 75 58 qui
218 886 116 45 n'est
362 886 225 45 d'ailleurs
613 886 266 60 qu'initiale,
910 898 43 31 et
980 885 228 60 passagère
1235 882 73 47 !...

115 954 73 45 Eh
216 956 103 58 quoi
343 953 12 46 ?
383 955 151 44 faut-il
561 973 86 41 que
686 955 41 44 la
753 971 166 29 caresse
947 954 74 44 des
1059 954 252 55 inflexions,

116 1023 109 44 dans
263 1023 59 44 tel
350 1040 230 41 morceau,
608 1025 99 56 soit,
738 1024 74 44 dès
839 1022 186 57 l'abord,
1055 1022 142 43 trahie
1236 1037 75 42 par

114 1108 64 28 un
204 1092 177 58 stupide
408 1092 194 44 numéro
629 1091 204 45 d'œuvre
855 1090 12 44 ?
906 1108 85 42 que
1029 1089 282 59 l'éloquence

115 1161 251 57 persuasive
405 1160 53 44 de
486 1172 71 32 cet
594 1172 127 32 autre
747 1161 85 43 soit
870 1159 316 58 compromise,
1223 1174 88 27 aux

114 1246 121 44 yeux
277 1228 60 45 du
364 1229 200 58 profane,
593 1246 75 40 par
708 1246 63 26 un
799 1232 103 40 titre
943 1228 112 43 aussi
1082 1227 103 43 vain
1226 1243 85 42 que

115 1296 28 44 1'
215 1296 170 45 Aurore
406 1296 12 44 ?
524 1297 131 44 Vous
709 1314 74 26 me
836 1296 155 44 direz:
1057 1294 108 45 c'est
1213 1310 98 29 sans

114 1367 299 57 importance,
454 1376 43 33 et
526 1367 27 22 u
577 1366 86 42 bon
686 1366 92 56 vin,
807 1381 181 28 comme
1027 1380 59 28 on
1119 1363 78 57 dit,
1237 1362 74 44 n'a

115 1451 75 42 pas
217 1435 152 43 besoin
398 1432 275 61 d'enseigne.
768 1469 43 9 ...
841 1432 62 45 Et
929 1442 232 49 pourtant,
1185 1449 95 26 com-

116 1503 103 44 bien
242 1502 53 44 de
322 1513 211 48 passants,
552 1513 135 32 avant
708 1500 199 45 d'entrer
928 1501 108 43 dans
1062 1500 40 43 le
1124 1500 185 58 temple,

113 1571 240 60 regardent
380 1587 50 28 ce
457 1569 109 60 qu'il
593 1587 28 44 y
647 1587 25 26 a
698 1569 159 45 d'écrit
882 1587 58 26 au
966 1569 184 44 fronton
1181 1566 6 46 !

185 1638 55 45 L'
309 1638 338 60 Appassionnata
717 1637 13 45 ?
885 1637 124 44 Mais
1058 1648 149 33 toutes
1250 1636 61 45 les

115 1708 186 46 Sonates
322 1707 53 44 de
397 1707 282 57 Beethoven,
708 1707 23 43 à
751 1724 88 41 peu
860 1706 112 58 près,
994 1717 102 33 sont
1114 1706 172 57 passion-

114 1776 119 46 nées.
275 1776 245 58 Beaucoup
574 1776 273 57 expriment,
903 1775 53 43 de
1016 1773 207 59 l'aurore,
1270 1773 40 44 le

115 1856 299 33 mouvement
463 1845 407 59 progressivement
919 1842 240 44 lumineux
1188 1859 7 28 :
1260 1860 51 27 ce

112 1925 103 33 sont
242 1913 75 44 des
354 1912 206 44 montées
587 1912 53 44 de
673 1913 103 61 jour
801 1928 160 28 sonore
987 1932 10 34 ;
1039 1922 43 32 et
1108 1912 109 43 ainsi
1258 1911 52 43 de

113 1983 130 44 suite.
297 1980 103 47 Seul
440 1980 127 60 Yopus
613 1980 54 45 81
722 1997 45 28 se
816 1981 168 58 précise
1034 1980 249 58 opportuné-

115 2062 129 33 ment
303 2050 54 43 de
418 2061 119 33 cette
597 2066 210 27 annonce
846 2067 7 27 :
990 2048 77 43 Les
1123 2048 186 59 Adieux,

115 2119 34 45 r
155 2119 190 58 Absence,
374 2118 34 44 le
435 2118 166 43 Retour
621 2140 14 31 ;
724 2117 239 45 délicieuse
990 2116 176 61 trilogie
1210 2133 75 28 sen-

115 2187 252 57 timentale,
390 2187 58 43 où
470 2186 41 44 la
531 2187 226 43 tendresse
776 2186 150 44 tantôt
945 2186 112 57 vive,
1077 2202 232 41 nerveuse,

116 2269 44 32 et
186 2255 150 45 tantôt
362 2255 304 61 languissante
686 2271 99 28 sans
812 2256 93 42 être
931 2254 313 60 langoureuse,
1266 2270 44 28 se

115 2326 165 56 résout,
309 2341 57 27 au
382 2323 149 58 finale,
552 2340 76 42 par
648 2341 92 26 une
757 2323 231 60 allégresse
1016 2323 291 44 débordante.

186 2392 68 45 La
275 2394 138 60 jeune
439 2391 90 45 fille
557 2392 53 44 de
638 2392 203 44 dix-huit
865 2408 79 28 ans
970 2392 74 58 qui
1081 2390 229 44 traduisait

116 2462 96 45 cela
250 2460 217 45 était-elle
508 2461 134 43 émue
668 2459 12 45 ?
708 2459 266 46 Vivait-elle
1013 2476 50 28 ce
1101 2470 209 33 moment

117 2531 53 43 de
208 2530 174 59 passion
420 2545 175 42 sonore,
635 2545 77 42 par
750 2530 233 55 intuition,
1115 2545 59 26 ou
1207 2528 102 43 bien

117 2598 236 45 n'était-ce
391 2597 41 44 là
470 2614 112 42 pour
609 2608 119 33 cette
765 2596 91 45 fine
884 2597 90 43 tête
1011 2596 207 43 auréolée
1256 2596 54 43 de

115 2667 86 45 fins
239 2668 220 55 cheveux,
505 2665 170 60 qu'une
714 2666 253 43 succession
1007 2664 220 60 agréable,
1267 2675 44 33 et

117 2752 73 43 pas
216 2734 90 44 mal
335 2733 194 58 difficile,
559 2735 54 42 de
639 2735 125 43 traits
785 2733 281 59 diatoniques
1092 2750 60 26 ou
1179 2733 105 43 chro-

116 2805 236 57 matiques,
393 2803 53 43 de
485 2803 218 43 cadences
740 2802 261 44 résolutives
1027 2818 59 27 ou
1125 2817 160 41 suspen-

115 2874 123 56 dues,
279 2871 54 44 de
370 2887 199 44 passages
620 2869 243 62 dialogués,
919 2888 55 26 en
1013 2879 298 34 mouvement

115 2941 205 61 conjoint
346 2957 59 26 ou
433 2939 180 62 disjoint
637 2938 13 44 ?
776 2939 54 60 Je
856 2955 58 27 ne
940 2939 95 56 sais,
1063 2938 112 43 mais
1200 2954 111 42 pour

116 3027 75 27 ma
216 3020 112 47 part,
352 3006 146 63 j'étais
524 3007 181 57 touché,
734 3008 201 57 conquis,
957 3022 100 29 sans
1082 3007 204 43 raisonne-

116 3089 129 34 ment
266 3076 236 59 préalable.
527 3075 73 46 Or
621 3074 237 45 l'émotion
881 3086 64 32 est
965 3074 193 59 quelque
1178 3075 132 43 chose

115 3148 75 58 qui
217 3162 44 27 se
299 3145 343 58 communique,
672 3156 43 31 et
736 3143 75 62 j'ai
839 3154 100 33 tout
964 3142 91 45 lieu
1089 3142 54 44 de
1169 3143 141 43 croire

115 3232 87 43 que
231 3213 380 60 l'enseignement
649 3212 138 60 qu'on
834 3211 201 58 dispense
1079 3227 57 27 au
1164 3210 147 45 Cours

117 3282 233 48 Sauvrezis
392 3299 58 26 ne
494 3281 152 45 donne
698 3297 74 42 pas
821 3279 255 45 seulement
1116 3278 40 44 le
1194 3278 115 57 nerf,

116 3353 112 43 mais
265 3350 41 44 la
345 3350 196 45 flamme.
581 3348 87 62 J'ai
696 3366 60 41 pu
778 3349 130 60 juger
935 3364 76 42 par
1038 3347 272 43 moi-même

117 3420 54 44 de
197 3419 42 44 la
264 3417 153 45 valeur
444 3417 53 44 de
519 3429 71 33 cet
611 3419 359 59 enseignement.
990 3415 62 45 Et
1070 3413 239 58 d'ailleurs,

118 3487 120 46 Mlle
267 3486 233 46 Sauvrezis
526 3488 115 42 tient
668 3487 233 56 beaucoup
922 3484 25 44 à
973 3501 50 27 ce
1049 3482 141 61 qu'on
1212 3484 98 42 voie

117 3558 109 43 dans
251 3572 66 28 ses
341 3554 226 45 auditions
593 3554 194 44 d'éléver
813 3570 91 27 une
930 3563 116 33 sorte
1071 3551 53 44 de
1145 3551 165 44 Musée

117 3622 204 58 musical,
336 3622 238 44 déroulant
591 3640 56 26 en
666 3622 209 44 tableaux
893 3637 181 29 sonores
1091 3619 41 45 la
1148 3619 162 59 pensée

117 3694 75 44 des
218 3691 162 61 grands
406 3692 196 44 maîtres.

2574 418 0 0 195

1458 470 142 47 Enfin
1616 471 75 62 j'ai
1718 470 161 60 quitté,
1902 469 279 56 Dimanche,
2209 468 41 44 la
2270 467 113 46 Salle
2410 465 169 63 Pleyel,

1390 539 134 46 l'âme
1576 539 165 60 emplie
1789 538 53 44 de
1883 538 238 44 réflexions
2161 536 281 45 consolantes
2468 557 10 33 ;
2519 545 58 46 et,

1389 608 167 44 frôlant
1572 625 57 27 au
1646 624 178 43 passage
1845 618 100 33 tous
1962 622 71 29 ces
2049 604 202 45 meubles
2268 604 53 43 de
2340 604 242 44 silhouette

1391 677 309 60 disgracieuse,
1745 676 112 43 mais
1917 674 180 60 d'usage
2158 672 227 59 précieux,
2441 670 138 60 qu'on

1390 762 189 27 nomme
1618 745 74 43 des
1711 754 147 50 pianos
1862 779 10 21 ,
1896 744 43 60 je
1977 760 74 26 me
2078 741 127 44 disais
2230 757 86 42 que
2346 751 99 32 tant
2471 737 109 61 qu'il

1392 814 190 44 existera
1623 829 72 27 ces
1733 823 222 33 monstres
1992 826 195 40 sonores,
2228 820 44 33 et
2311 809 74 44 des
2424 808 157 60 jeunes

1390 880 113 46 filles
1545 897 295 44 courageuses
1883 896 113 42 pour
2039 879 61 43 les
2139 878 223 58 dompter,
2403 875 42 45 la
2480 891 78 43 pro-

1392 950 198 61 digieuse
1627 948 162 60 pensée
1828 948 53 44 de
1920 948 264 44 Beethoven
2217 957 43 32 et
2293 962 45 27 sa
2375 942 182 46 merveil-

1390 1018 122 45 leuse
1538 1017 190 45 vivacité
1767 1017 53 44 de
1847 1033 126 28 cœur
2011 1033 57 27 ne
2105 1024 221 35 resteront
2352 1029 75 43 pas
2452 1012 130 44 lettre

1390 1098 162 33 morte.

1460 1155 109 52 Que
1608 1154 108 45 c'est
1754 1155 236 56 touchant,
2031 1164 43 33 et
2111 1169 85 42 que
2235 1150 109 45 c'est
2375 1151 127 55 beau,
2542 1148 41 44 le

1390 1223 131 61 génie
1549 1223 176 45 célébré
1752 1223 305 60 ingénument
2083 1237 76 42 par
2185 1220 42 43 la
2248 1221 204 60 jeunesse
2480 1214 8 47 !

1985 1303 241 44 MAURICE
2265 1299 249 46 GRIVEAU.

1695 1542 586 87 Province

1460 1767 410 46 BORDEAUX.
2002 1766 67 45 Le
2097 1766 213 52 Quatuor
2345 1763 239 45 Marteau-

1391 1837 191 57 Becker,
1634 1837 52 43 de
1737 1835 173 58 Berlin,
1963 1835 52 44 de
2071 1850 176 43 passage
2297 1833 108 43 dans
2454 1842 129 32 notre

1392 1905 118 57 ville,
1538 1906 125 43 vient
1690 1905 52 43 de
1783 1921 44 28 se
1869 1905 107 43 faire
2003 1903 218 44 entendre
2248 1902 109 43 dans
2394 1899 40 45 la
2469 1898 115 46 Salle

1391 1973 234 45 Franklin.

1459 2043 44 43 A
1522 2042 166 59 l'église
1717 2042 152 45 Sainte
1887 2040 177 46 Eulalie
2092 2040 146 59 (notre
2260 2037 100 45 ville
2382 2054 57 27 ne
2461 2035 123 59 possé

1390 2112 108 43 dant
1525 2128 74 42 pas
1626 2112 53 42 de
1707 2110 113 46 Salle
1848 2110 53 44 de
1929 2110 203 44 Concert
2170 2118 137 51 ayant
2344 2123 61 27 un
2445 2121 139 43 orgue

1384 2179 199 62 jouable)
1622 2179 141 60 grand
1791 2178 194 58 Récital,
2015 2194 76 42 par
2117 2189 130 31 notre
2285 2174 299 58 compatriote

1389 2248 168 60 Joseph
1609 2248 199 57 Bonnet,
1860 2248 224 58 organiste
2134 2245 97 62 déjà
2291 2243 174 45 célèbre
2525 2241 58 43 du

1580 2333 138 30 orgoie
1769 2317 53 42 de
1872 2316 124 45 Saint
2037 2314 242 45 Eustache.
2323 2310 261 46 Exécutant

1389 2359 26 17 o
1632 2360 26 17 o

1390 2385 310 59 remarquable
1741 2385 75 44 des
1854 2401 178 27 œuvres
2070 2384 74 42 des
2184 2381 161 60 grands
2386 2378 196 58 maîtres,

1390 2454 39 43 le
1463 2455 141 59 jeune
1644 2454 150 43 artiste
1837 2470 45 27 se
1925 2451 51 45 fit
2014 2451 301 61 grandement
2354 2446 228 61 apprécier

1390 2539 182 28 comme
1622 2522 318 58 compositeur.
1993 2520 89 44 Les
2142 2519 145 44 élèves
2335 2517 61 43 du
2453 2531 131 28 cours

1390 2591 169 44 Ramat
1599 2590 271 45 chantèrent
1910 2591 53 42 de
2004 2589 62 43 lui
2097 2587 219 60 quelques
2358 2584 196 58 composi-

1389 2661 118 43 tions
1533 2658 201 45 chorales
1759 2658 138 45 d'une
1935 2657 193 44 écriture
2152 2656 113 44 aussi
2300 2653 169 44 fraîche
2495 2668 87 43 que

1389 2738 196 48 savante,
1628 2738 44 32 et
1712 2744 61 26 un
1813 2727 115 43 Deus
1951 2724 227 45 Abraham
2208 2724 53 44 de
2291 2723 115 59 Jean
2437 2719 144 58 Huré,

1390 2796 87 45 très
1503 2794 205 62 original,
1727 2812 63 27 un
1817 2812 88 42 peu
1932 2794 72 44 osé
2031 2794 53 43 de
2112 2791 312 45 construction
2451 2799 105 47 peut-

1391 2866 108 56 être,
1519 2865 110 44 mais
1654 2864 271 43 néanmoins
1950 2862 87 44 très
2064 2860 136 61 goûté
2221 2860 75 44 des
2323 2857 257 45 musiciens.

1461 2932 275 45 N'oublions
1775 2949 75 42 pas
1888 2931 42 44 la
1965 2930 140 45 soirée
2133 2928 127 57 d'art,
2290 2925 177 46 donnée
2506 2940 77 43 par

1390 3002 40 44 le
1458 3001 304 58 compositeur
1790 2999 239 63 Reynaldo
2058 2999 156 56 Hahn,
2241 3012 108 29 avec
2380 2994 40 44 la
2446 2992 114 45 colla-

1391 3071 203 43 boration
1615 3070 53 42 de
1689 3069 221 45 Madame
1929 3067 53 45 L.
2000 3065 394 56 Durand-Texte,
2415 3062 169 56 Pitsch,

1391 3137 340 58 violoncelliste,
1759 3150 44 30 et
1830 3137 184 60 Fleury,
2043 3136 180 43 flûtiste.
2254 3130 328 48 Conférencier

1390 3207 120 59 plein
1555 3205 274 45 d'érudition
1874 3217 43 31 et
1961 3204 198 58 d'esprit,
2205 3203 109 43 dans
2355 3217 91 27 une
2496 3210 88 31 très

1389 3275 365 46 consciencieuse
1780 3273 181 62 analyse
1988 3272 75 44 des
2087 3287 178 29 œuvres
2293 3269 52 44 de
2374 3267 210 58 musique

1388 3345 223 43 ancienne
1639 3343 59 44 du
1736 3359 302 43 programme,
2077 3340 193 45 l'auteur
2305 3338 53 44 de
2396 3336 41 44 la
2465 3336 90 43 Car-

1389 3413 136 43 mélite
1550 3428 44 27 se
1625 3410 51 45 fit
1702 3410 232 59 applaudir
1972 3410 109 44 dans
2108 3406 261 47 d'aimables
2394 3420 159 42 compo-

1388 3481 171 56 sitions,
1587 3496 182 27 comme
1796 3479 245 44 exécutant
2068 3495 56 26 au
2159 3479 134 58 piano
2329 3486 43 33 et
2399 3489 183 28 comme

1389 3550 221 43 chanteur
1638 3547 146 44 habile
1811 3560 43 31 et
1882 3546 225 60 expressif.

1458 3617 176 44 Fidèles
1660 3616 23 44 à
1709 3616 41 44 la
1776 3616 230 57 tradition,
2036 3614 175 59 Lepine
2239 3624 44 33 et
2311 3611 187 56 Falcon,
2528 3610 54 42 de

1388 3685 41 45 la
1480 3685 271 45 Chanterelle
1754 3720 11 21 ,
1816 3700 114 28 nous
1978 3683 264 44 convièrent
2293 3681 24 44 à
2377 3680 41 44 la
2467 3678 115 45 Salle
