2964 4221
833 308 849 58 L'ACTUALITE
1765 309 648 56 MUSICALE

516 370 0 0 208

470 433 217 61 L'Opéra
724 435 196 45 flamand
957 452 24 26 a
1019 432 166 58 donné,
1223 448 108 29 avec
1358 432 232 57 beaucoup

401 504 52 43 de
479 504 168 58 succès,
687 503 41 45 la
765 504 174 44 célèbre
978 501 247 61 tétralogie.
1256 499 68 45 Ce
1350 499 111 59 qu'il
1496 500 96 43 faut

399 572 193 44 admirer
652 584 134 32 avant
835 582 113 46 tout,
1001 582 44 32 et
1096 570 87 57 j'en
1233 567 167 45 félicite
1462 579 129 32 notre

402 639 245 46 Directeur
691 641 74 44 M.
796 640 161 59 Henry
986 638 238 56 Fontaine,
1271 636 109 44 c'est
1423 635 167 44 d'avoir

402 708 123 45 tenté
553 710 53 43 de
633 720 180 32 monter
839 724 89 27 une
955 724 156 27 œuvre
1138 706 112 44 aussi
1279 706 309 59 gigantesque,

400 794 107 27 avec
532 793 66 28 ses
624 793 180 42 propres
821 776 349 58 pensionnaires,
1192 790 99 28 sans
1310 772 40 44 le
1372 790 220 27 concours

400 845 197 44 d'aucun
623 846 150 43 artiste
802 844 219 60 étranger.
1051 843 68 44 La
1139 842 218 43 tentative
1383 858 24 26 a
1432 841 156 44 réussi:

399 931 62 26 un
489 913 189 57 théâtre,
707 929 163 27 encore
897 912 23 43 à
945 929 80 26 son
1042 927 174 40 aurore,
1244 927 57 26 ne
1329 910 94 43 doit
1440 910 151 59 exiger

400 981 262 59 davantage.
694 980 87 45 Cet
808 979 131 44 effort
972 981 232 57 artistique
1249 995 24 26 a
1313 978 70 43 été
1426 979 137 42 unani-

400 1061 205 31 mement
630 1049 219 58 apprécié.

468 1116 287 45 L'orchestre
782 1133 101 27 sous
908 1115 42 45 la
977 1117 210 59 baguette
1230 1115 53 43 de
1329 1114 73 45 M.
1442 1114 149 60 Julius

400 1185 167 61 Schrey
595 1197 64 32 est
691 1184 307 45 merveilleux.
1045 1185 109 43 Une
1192 1183 132 45 scène
1363 1183 225 57 nouvelle,

397 1270 107 27 avec
542 1254 74 43 des
654 1253 153 44 décors
845 1253 143 57 neufs,
1027 1270 64 26 un
1130 1252 216 60 éclairage
1374 1251 217 43 moderne

399 1333 43 32 et
486 1323 213 56 coûteux,
741 1338 106 27 avec
892 1333 100 32 tous
1035 1320 61 44 les
1140 1319 126 45 effets
1306 1320 54 43 de
1400 1319 190 45 lumière

397 1389 160 44 voulus
606 1390 88 59 (car
745 1402 129 31 notre
936 1388 122 45 Ville
1109 1388 242 57 d'Anvers,
1395 1397 110 50 pour
1552 1406 38 25 ce

398 1458 164 43 théâtre
565 1494 11 21 ,
628 1475 56 26 ne
734 1458 182 59 regarde
967 1474 73 42 pas
1080 1457 24 44 à
1148 1456 41 44 la
1232 1456 208 60 dépense)
1484 1474 25 26 a
1549 1456 40 44 la

398 1527 131 43 tâche
555 1526 129 44 facile
713 1543 112 42 pour
852 1527 174 42 donner
1052 1543 61 26 un
1143 1526 131 43 cadre
1312 1526 122 43 riche
1473 1525 24 44 à
1534 1525 54 44 de

398 1593 157 60 pareils
580 1611 230 43 ouvrages.

467 1662 164 57 Parmi,
673 1663 61 44 les
778 1662 279 59 interprètes,
1119 1661 327 60 quelques-uns
1488 1673 102 32 sont

398 1730 260 58 excellents,
673 1730 439 45 d'autresmontrent
1126 1731 231 57 beaucoup
1370 1730 54 43 de
1442 1731 150 42 bonne

399 1799 197 45 volonté.

1202 1867 55 44 C.
1287 1881 61 29 DE
1375 1865 147 47 GERS.

1739 430 258 46 ARLON.
2165 431 66 45 Le
2278 432 202 45 Concert
2538 431 168 46 annuel
2766 449 92 42 que

1669 497 29 45 Y
1703 498 120 44 Ecole
1861 501 47 41 de
1944 498 208 61 Musique
2190 501 150 43 donné
2380 502 24 43 à
2442 501 242 44 l'occasion
2723 500 52 43 de
2815 499 39 44 la

1670 567 284 44 distribution
1983 568 75 44 des
2082 569 97 57 prix
2205 586 25 25 a
2255 569 69 43 été
2350 570 87 43 fort
2463 570 278 44 intéressant.
2771 568 80 46 On

1668 652 28 44 y
1740 652 24 27 a
1804 636 201 43 entendu
2049 636 59 44 du
2136 636 202 58 Mozart,
2383 638 59 44 du
2470 638 278 56 Beethoven,
2794 637 60 43 du

1671 703 171 58 Gluck,
1872 704 58 43 du
1960 704 289 58 Rubinstein,
2289 706 60 43 du
2374 706 189 58 Weber,
2592 706 59 44 du
2677 706 147 43 Vieux-

1670 783 159 48 temps.

1740 841 271 60 D'exquises
2056 841 183 44 Rondes
2283 842 267 57 enfantines,
2583 843 53 42 de
2662 842 195 60 Jacques

1671 908 243 59 Dalcroze,
1961 921 80 32 ont
2082 909 69 44 été
2195 910 211 44 chantées
2455 927 74 41 par
2578 927 62 26 un
2684 926 168 44 groupe

1670 977 238 46 d'enfants.

1738 1046 424 45 L'avant-dernière
2222 1047 90 43 fête
2357 1048 159 42 intime
2560 1046 176 45 donnée
2780 1060 75 45 par

1816 1115 197 44 Wallone
2108 1132 25 27 a
2181 1116 164 57 permis
2406 1114 270 59 d'apprécier
2738 1115 115 43 deux

1664 1185 161 58 jeunes
1851 1183 162 45 talents
2039 1185 76 58 qui
2143 1200 43 28 se
2213 1184 203 43 faisaient
2437 1183 215 43 entendre
2679 1199 111 42 pour
2816 1182 41 44 la

1671 1252 218 58 première
1931 1252 80 44 fois
2051 1269 72 27 sur
2166 1269 90 26 une
2295 1252 132 44 scène
2467 1251 213 59 publique
2705 1268 7 27 :
2754 1251 58 43 M
2815 1246 42 25 lle

1670 1320 59 44 V.
1761 1321 161 56 Hùhn,
1952 1321 103 43 voix
2081 1320 131 44 claire
2241 1332 43 32 et
2311 1337 121 41 pure.
2457 1320 72 44 M.
2552 1319 48 45 P.
2631 1320 223 55 Henrion,

1668 1388 103 44 s'est
1819 1388 147 44 révélé
2016 1406 180 27 comme
2245 1406 63 26 un
2360 1390 189 59 baryton
2599 1388 23 43 à
2672 1387 39 44 la
2753 1388 103 42 voix

1667 1458 225 57 puissante
1919 1469 44 32 et
1989 1458 187 43 chaude.
2217 1456 37 44 Il
2281 1473 43 28 se
2374 1473 200 42 propose,
2619 1472 113 27 nous
2772 1455 65 43 dit-

1668 1543 75 39 on,
1783 1526 52 43 de
1874 1526 108 43 faire
2023 1526 74 43 des
2138 1526 155 43 études
2329 1543 57 26 au
2425 1525 343 44 Conservatoire
2804 1523 53 43 de

1669 1593 133 45 Paris.

1738 1662 171 60 Jacques
1929 1662 213 43 Da/croze
2168 1663 24 43 à
2222 1662 283 46 /'Extension,
2618 1662 70 45 M.
2713 1660 102 63 Buy
2819 1677 22 29 s-

1671 1747 113 40 sens,
1820 1729 21 63 i
1861 1729 21 63 1
1902 1729 82 63 prix
2011 1731 59 43 du
2093 1731 344 44 Conservatoire
2460 1731 146 61 Royal
2629 1731 51 43 de
2704 1729 157 58 Gand,,

1673 1809 63 33 est
1762 1816 120 26 venu
1908 1799 108 43 faire
2042 1799 23 43 à
2091 1799 303 58 l'Extension,
2423 1817 89 26 une
2540 1800 194 44 causerie
2752 1815 106 27 avec

1673 1867 269 60 projections
1985 1867 275 45 lumineuses
2296 1879 45 33 et
2378 1868 224 44 auditions
2628 1866 235 45 musicales,

513 2058 1001 70 COMPOSITIONS
1581 2058 167 69 DE
1804 2060 466 68 EDGAR
2324 2058 421 69 TINEL

1063 2262 289 36 Nouvelles
1381 2261 227 36 éditions
1637 2271 192 26 revues
1859 2264 48 33 et
1936 2263 258 42 corrigées

701 2358 63 36 Op.
800 2358 23 31 1.
847 2360 146 30 Quatre
1015 2359 220 28 Mocturnes
1251 2362 14 27 à
1283 2372 57 17 une
1554 2368 36 19 «

887 2398 67 28 voix
1355 2395 48 30 Fr.
1421 2396 38 26 2.
1463 2410 37 3 —

701 2445 64 35 Op.
785 2445 27 33 2.
834 2447 109 26 Trois
959 2447 213 27 Morceaux
1184 2448 48 26 de
1244 2447 95 26 Fan-

887 2485 115 26 taisie
1016 2495 70 23 pour
1105 2483 95 30 Piano
1214 2497 6 17 :
1237 2483 57 30 No.
1317 2483 7 30 1
1335 2508 5 5 .

892 2522 181 30 Papillon.
1108 2520 18 31 2
1170 2523 49 25 Le
1247 2521 91 28 soir.

889 2558 27 30 3.
934 2559 118 27 Adieu
1094 2583 6 6 .
1141 2583 6 6 .
1188 2584 6 5 .
1209 2558 129 35 complet
1378 2582 16 10 „
1425 2558 37 26 2.
1467 2572 37 3 —

703 2606 63 37 Op.
799 2607 27 31 3.
849 2608 170 27 Scherzo
1044 2621 36 17 en
1094 2617 31 22 ut
1140 2610 114 29 mineur
1277 2620 72 23 pour

891 2646 88 34 piano
1423 2646 38 26 2.
1465 2660 36 2 —

704 2693 64 36 Op.
797 2695 29 30 4.
854 2693 88 29 Drie
967 2696 186 28 Uederen
1172 2697 91 31 (texte
1279 2693 57 37 fl.).
1376 2719 17 11 „
1428 2695 96 30 1,75

705 2743 62 36 Op.
799 2744 27 31 5.
850 2746 147 29 Quatre
1020 2742 189 31 Mélodies
1230 2753 7 26 ;

894 2782 24 30 1.
941 2782 26 30 L
980 2782 156 30 Automne
1374 2806 17 11 „
1428 2784 10 25 1

890 2819 28 32 2.
941 2819 185 31 Charmante
1143 2820 99 30 Rose.
1285 2845 5 5 .
1331 2845 5 5 .
1378 2845 15 10 ~
1429 2820 63 27 1.3
1501 2820 23 27 5

890 2856 29 30 3.
941 2856 54 30 Bel
1020 2857 120 35 Enfant,
1155 2858 164 30 souris-moi
1333 2882 5 5 .
1377 2881 17 11 „
1423 2858 101 29 0.85

889 2893 29 32 4.
942 2893 151 32 L'Oracle
1115 2907 36 18 en
1176 2895 112 30 défaut.
1330 2920 6 5 .
1375 2920 16 10 „
1429 2896 10 25 1
1454 2895 71 26 .00

864 2930 81 31 idem
998 2956 5 7 .
1044 2956 7 6 .
1090 2932 130 35 complet
1243 2940 49 22 net
1333 2957 5 6 .
1378 2956 16 11 „
1425 2932 101 27 2.50

705 2979 63 36 Op.
798 2980 28 31 6.
852 2981 104 27 Deux
981 2979 191 30 Mélodies
1188 2989 7 19 :

894 3017 25 32 1.
942 3017 177 35 L'Angelus
1376 3020 148 33 ~1.35

890 3055 29 32 2.
943 3055 148 36 Pourquoi
1331 3055 4 37 •
1376 3081 16 11 „
1428 3058 96 27 1.35

705 3103 64 36 Op.
800 3104 27 31 7.
873 3104 23 31 1.
913 3104 286 36 Impromptu-valse,
1212 3119 27 21 p.
1250 3107 88 33 piano
1377 3130 17 10 ~
1424 3107 38 29 2.
1466 3121 37 2 —

872 3142 28 32 2.
916 3142 151 35 Chanson,
1084 3154 72 24 pour
1173 3156 88 22 piano
1286 3168 5 6 .
1331 3168 5 6 .
1378 3167 16 10 „
1430 3146 33 25 1-
1466 3159 37 2 —

705 3190 62 36 Op.
799 3192 26 30 8.
849 3193 123 27 Sechs
991 3194 133 27 Lieder
1140 3194 73 27 und
1231 3194 185 34 Gesange

891 3232 95 29 (texte
1001 3230 149 31 allemand
1166 3239 29 22 et
1207 3230 141 35 flamand)
1378 3255 16 11 „
1425 3232 37 27 3.
1467 3247 37 2 —

705 3278 63 36 Op.
799 3280 28 30 9.
851 3281 146 26 Sonate
1014 3292 73 24 pour
1113 3282 94 34 piano-
1251 3306 5 5 .
1291 3290 49 21 net
1380 3306 15 9 ~
1425 3283 38 26 5.
1468 3297 37 2 —

706 3327 64 36 Op.
786 3329 46 31 10.
854 3330 239 28 Schilflieder
1117 3344 57 17 von
1199 3330 144 37 3\£icolas

891 3367 106 31 Lenau
1022 3369 94 31 (texte
1129 3367 99 34 aliéna,
1249 3377 28 22 et
1297 3368 41 34 fl.)
1379 3393 16 11 „
1426 3370 38 30 2.
1467 3384 37 3 —

1742 2374 65 31 OP.
1823 2370 46 31 11.
1895 2372 93 27 Funf
2003 2372 185 34 Gesange
2204 2384 51 18 aus
2270 2372 40 31 N.
2322 2372 56 29 Le-

1929 2408 80 31 nau's
2070 2409 111 30 Lieder
2204 2409 52 30 der
2283 2409 95 30 Sehn-

1928 2446 85 30 sucht
2069 2451 91 27 Itexte
2175 2446 98 31 allem.
2289 2455 28 22 et
2333 2446 40 33 fl.)

1743 2494 63 36 Op.
1824 2495 45 30 12.
1893 2496 76 27 Een
1990 2497 115 26 krans
2121 2504 69 19 van
2208 2497 169 27 veertien

1929 2534 324 27 oud-vlaamsche
2283 2535 93 26 min-

1931 2572 221 27 neliederen
2173 2571 96 34 (texte
2285 2568 91 36 flam.)

1928 2608 130 35 complet
2074 2617 301 22 net......

1744 2656 65 36 Op.
1826 2657 46 31 13.
1896 2658 84 27 Vier
2031 2659 74 27 oud
2123 2672 12 7 -
2153 2659 224 27 vlaamsche

1929 2696 282 27 drinkliederen
2230 2694 91 33 (texte
2337 2694 40 31 fl.)

1927 2732 131 36 complet
2073 2741 50 22 net
2136 2758 242 6 ......

1743 2781 64 36 Op.
1827 2781 45 31 14.
1898 2784 52 25 Au
1977 2784 222 33 printemps,
2222 2783 68 34 cinq
2305 2794 77 19 mor-

1928 2833 95 17 ceaux
2037 2819 39 31 de
2091 2819 135 31 fantaisie
2242 2833 26 21 p.
2280 2833 99 22 piano:

1936 2857 23 29 1.
1976 2857 134 35 Hymne.
2125 2857 29 30 2.
2168 2857 75 34 Joie.
2258 2857 28 31 3.
2300 2857 80 30 Peti-

1929 2902 44 23 tes
1988 2894 88 31 fleurs
2090 2898 35 27 !...
2140 2894 30 31 4.
2182 2895 71 30 Ave
2270 2894 109 31 Maria.

1930 2931 27 31 5.
1976 2932 102 30 Danse
2093 2932 39 31 de
2149 2945 125 22 paysans
2323 2957 6 6 .
2371 2957 5 5 .

1745 2980 63 37 Op.
1827 2981 46 31 17.
1900 2982 162 27 Marche
2077 2983 125 29 extraite
2217 2981 38 31 de
2268 2981 27 31 la
2312 2994 68 18 can-

1929 3027 61 22 tate
2056 3019 117 31 Klokke
2201 3019 139 30 Roeland

1931 3068 72 24 pour
2016 3056 95 31 Piano
2125 3060 17 27 à
2153 3057 20 31 4
2189 3058 94 29 mains
2323 3081 5 6 .
2369 3080 6 7 .

1896 3106 161 28 Marche
2074 3120 26 20 p.
2114 3107 89 34 piano
2221 3109 17 28 à
2249 3106 19 30 2
2284 3107 93 29 mains

1895 3156 232 27 Weverslied
2145 3157 40 29 uit
2207 3154 39 32 de
2263 3163 116 24 cantate

1961 3193 119 31 Klokke
2097 3193 139 31 Roeland
2252 3192 17 8 **
2323 3218 5 4 .
2370 3217 8 6 .

1745 3241 63 37 Op.
1820 3242 50 31 30.
1895 3243 163 27 Marche
2093 3244 175 30 Nuptiale
2306 3254 72 24 pour

1930 3281 88 34 piano
2032 3283 16 27 à
2062 3280 20 30 4
2102 3281 91 29 mains
2226 3304 145 6 ....

1896 3331 49 26 Le
1972 3330 100 26 Mois
2090 3330 47 26 de
2159 3330 75 26 Mai
2258 3328 28 32 (à
2309 3328 69 30 Ma-

1929 3368 56 32 rie)
2009 3366 138 31 Mélodie
2181 3391 147 6 ....

2462 2447 38 27 2.

2462 2610 37 26 5.

2463 2733 101 28 2.50

2464 2932 78 27 4.

2462 3057 101 26 2.50

2464 3106 78 27 2.

2467 3194 10 25 1
2493 3193 68 28 .35

2458 3280 37 27 3.

2467 3367 94 31 1.33

513 3530 407 61 SCHOTT
966 3518 421 89 FRÈRES,
1433 3543 246 53 Éditeurs
1702 3556 66 38 de
1791 3556 249 46 Musique
2068 3556 30 38 à
2129 3533 615 58 BRUXELLES
