<?xml version="1.0" encoding="UTF-8"?>
<alto xmlns:xsi="http://www.w3.org/2001/XMLSchema-instance" xmlns="http://www.loc.gov/standards/alto/ns-v2#" xsi:schemaLocation="http://www.loc.gov/standards/alto/ns-v2# http://www.loc.gov/standards/alto/alto-v2.0.xsd" xmlns:xlink="http://www.w3.org/1999/xlink">
	<Description>
		<MeasurementUnit>mm10</MeasurementUnit>
		<sourceImageInformation>
			<fileName>//fileserver7/IN2/Princeton/Batch3/bmtnabh/1910/05/15_01/00000099.tif</fileName>
		</sourceImageInformation>
		<OCRProcessing ID="OCRPROCESSING_1">
			<preProcessingStep>
				<processingSoftware>
					<softwareCreator>CCS Content Conversion Specialists GmbH, Germany</softwareCreator>
					<softwareName>CCS docWORKS</softwareName>
					<softwareVersion>6.6-1.18</softwareVersion>
				</processingSoftware>
			</preProcessingStep>
			<ocrProcessingStep>
				<processingSoftware>
					<softwareCreator>ABBYY (BIT Software), Russia</softwareCreator>
					<softwareName>FineReader</softwareName>
					<softwareVersion>10.0</softwareVersion>
				</processingSoftware>
			</ocrProcessingStep>
		</OCRProcessing>
	</Description>
	<Styles>
		<TextStyle ID="TXT_0" FONTSIZE="15" FONTFAMILY="Times New Roman"/>
		<TextStyle ID="TXT_1" FONTSIZE="16" FONTFAMILY="Times New Roman"/>
		<TextStyle ID="TXT_2" FONTSIZE="15" FONTFAMILY="Times New Roman" FONTSTYLE="italics"/>
		<TextStyle ID="TXT_3" FONTSIZE="2" FONTFAMILY="PoynterAgateOne-Cond"/>
		<ParagraphStyle ID="PAR_LEFT" ALIGN="Left"/>
		<ParagraphStyle ID="PAR_RIGHT" ALIGN="Right"/>
		<ParagraphStyle ID="PAR_BLOCK" ALIGN="Block"/>
	</Styles>
	<Layout>
		<Page ID="P99" PHYSICAL_IMG_NR="99" HEIGHT="4221" WIDTH="2964" PC="0.955">
			<TopMargin ID="P99_TM00001" HPOS="0" VPOS="0" WIDTH="2964" HEIGHT="434">
				<TextBlock ID="P99_TB00001" HPOS="637" VPOS="328" WIDTH="1610" HEIGHT="84" STYLEREFS="TXT_0 PAR_LEFT">
					<TextLine ID="P99_TL00001" HPOS="637" VPOS="329" WIDTH="1609" HEIGHT="83">
						<String ID="P99_ST00001" HPOS="637" VPOS="329" WIDTH="868" HEIGHT="83" CONTENT="L'ACTUALITÉ" WC="0.99" CC="03003425577"/>
						<SP ID="P99_SP00001" HPOS="1505" VPOS="412" WIDTH="80"/>
						<String ID="P99_ST00002" HPOS="1585" VPOS="351" WIDTH="661" HEIGHT="61" CONTENT="MUSICALE" WC="0.99" CC="55103001"/>
					</TextLine>
				</TextBlock>
				<TextBlock ID="P99_TB00002" HPOS="2563" VPOS="349" WIDTH="116" HEIGHT="85" STYLEREFS="TXT_1 PAR_RIGHT">
					<TextLine ID="P99_TL00002" HPOS="2563" VPOS="349" WIDTH="116" HEIGHT="84">
						<String ID="P99_ST00003" HPOS="2563" VPOS="349" WIDTH="116" HEIGHT="84" CONTENT="265" WC="0.54" CC="175"/>
					</TextLine>
				</TextBlock>
			</TopMargin>
			<LeftMargin ID="P99_LM00001" HPOS="0" VPOS="415" WIDTH="182" HEIGHT="3383"/>
			<RightMargin ID="P99_RM00001" HPOS="2690" VPOS="415" WIDTH="274" HEIGHT="3383"/>
			<BottomMargin ID="P99_BM00001" HPOS="0" VPOS="3798" WIDTH="2964" HEIGHT="423"/>
			<PrintSpace ID="P99_PS00001" HPOS="182" VPOS="415" WIDTH="2508" HEIGHT="3383">
				<TextBlock ID="P99_TB00003" HPOS="189" VPOS="475" WIDTH="1216" HEIGHT="206" STYLEREFS="TXT_0 PAR_LEFT">
					<TextLine ID="P99_TL00003" HPOS="262" VPOS="475" WIDTH="1139" HEIGHT="68">
						<String ID="P99_ST00004" HPOS="262" VPOS="478" WIDTH="28" HEIGHT="23" CONTENT='"' WC="0.64" CC="3"/>
						<SP ID="P99_SP00002" HPOS="290" VPOS="501" WIDTH="23"/>
						<String ID="P99_ST00005" HPOS="313" VPOS="475" WIDTH="215" HEIGHT="47" CONTENT="Ecriture" WC="1.00" CC="60040000"/>
						<SP ID="P99_SP00003" HPOS="528" VPOS="522" WIDTH="27"/>
						<String ID="P99_ST00006" HPOS="555" VPOS="480" WIDTH="389" HEIGHT="45" CONTENT="essentiellement" WC="1.00" CC="200000314410200"/>
						<SP ID="P99_SP00004" HPOS="944" VPOS="525" WIDTH="32"/>
						<String ID="P99_ST00007" HPOS="976" VPOS="481" WIDTH="282" HEIGHT="62" CONTENT="rhytmique," WC="0.90" CC="0000050004"/>
						<SP ID="P99_SP00005" HPOS="1258" VPOS="543" WIDTH="41"/>
						<String ID="P99_ST00008" HPOS="1299" VPOS="480" WIDTH="77" HEIGHT="44" CONTENT="har" SUBS_TYPE="HypPart1" SUBS_CONTENT="harmonique," WC="0.99" CC="000"/>
						<HYP HPOS="1376" VPOS="480" WIDTH="25" CONTENT="-"/>
					</TextLine>
					<TextLine ID="P99_TL00004" HPOS="191" VPOS="546" WIDTH="1209" HEIGHT="64">
						<String ID="P99_ST00009" HPOS="191" VPOS="546" WIDTH="235" HEIGHT="59" CONTENT="monique," SUBS_TYPE="HypPart2" SUBS_CONTENT="harmonique," WC="1.00" CC="00020014"/>
						<SP ID="P99_SP00006" HPOS="426" VPOS="605" WIDTH="29"/>
						<String ID="P99_ST00010" HPOS="455" VPOS="547" WIDTH="205" HEIGHT="47" CONTENT="révélant" WC="0.99" CC="06070000"/>
						<SP ID="P99_SP00007" HPOS="660" VPOS="605" WIDTH="28"/>
						<String ID="P99_ST00011" HPOS="688" VPOS="549" WIDTH="139" HEIGHT="46" CONTENT="d'une" WC="1.00" CC="04000"/>
						<SP ID="P99_SP00008" HPOS="827" VPOS="605" WIDTH="28"/>
						<String ID="P99_ST00012" HPOS="855" VPOS="562" WIDTH="98" HEIGHT="48" CONTENT="part" WC="1.00" CC="0000"/>
						<SP ID="P99_SP00009" HPOS="953" VPOS="610" WIDTH="26"/>
						<String ID="P99_ST00013" HPOS="979" VPOS="567" WIDTH="91" HEIGHT="28" CONTENT="une" WC="1.00" CC="000"/>
						<SP ID="P99_SP00010" HPOS="1070" VPOS="610" WIDTH="31"/>
						<String ID="P99_ST00014" HPOS="1101" VPOS="549" WIDTH="186" HEIGHT="46" CONTENT="volonté" WC="0.99" CC="0050707"/>
						<SP ID="P99_SP00011" HPOS="1287" VPOS="610" WIDTH="38"/>
						<String ID="P99_ST00015" HPOS="1325" VPOS="549" WIDTH="75" HEIGHT="60" CONTENT="qui" WC="0.98" CC="004"/>
					</TextLine>
					<TextLine ID="P99_TL00005" HPOS="190" VPOS="616" WIDTH="1212" HEIGHT="64">
						<String ID="P99_ST00016" HPOS="190" VPOS="633" WIDTH="43" HEIGHT="28" CONTENT="se" WC="1.00" CC="00"/>
						<SP ID="P99_SP00012" HPOS="233" VPOS="661" WIDTH="27"/>
						<String ID="P99_ST00017" HPOS="260" VPOS="616" WIDTH="202" HEIGHT="45" CONTENT="soutient" WC="1.00" CC="00004003"/>
						<SP ID="P99_SP00013" HPOS="462" VPOS="661" WIDTH="32"/>
						<String ID="P99_ST00018" HPOS="494" VPOS="617" WIDTH="184" HEIGHT="63" CONTENT="jusqu'à" WC="0.99" CC="5000045"/>
						<SP ID="P99_SP00014" HPOS="678" VPOS="680" WIDTH="38"/>
						<String ID="P99_ST00019" HPOS="716" VPOS="619" WIDTH="328" HEIGHT="59" CONTENT="l'obstination," WC="1.00" CC="54040050000004"/>
						<SP ID="P99_SP00015" HPOS="1044" VPOS="680" WIDTH="42"/>
						<String ID="P99_ST00020" HPOS="1086" VPOS="619" WIDTH="177" HEIGHT="45" CONTENT="d'autre" WC="0.99" CC="0490000"/>
						<SP ID="P99_SP00016" HPOS="1263" VPOS="680" WIDTH="41"/>
						<String ID="P99_ST00021" HPOS="1304" VPOS="629" WIDTH="98" HEIGHT="50" CONTENT="part" WC="0.98" CC="0640"/>
					</TextLine>
				</TextBlock>
				<TextBlock ID="P99_TB00004" HPOS="189" VPOS="1043" WIDTH="1211" HEIGHT="1164" STYLEREFS="TXT_0 PAR_LEFT">
					<TextLine ID="P99_TL00006" HPOS="190" VPOS="1043" WIDTH="1210" HEIGHT="67">
						<String ID="P99_ST00022" HPOS="190" VPOS="1050" WIDTH="40" HEIGHT="46" CONTENT="le" WC="0.93" CC="01"/>
						<SP ID="P99_SP00017" HPOS="230" VPOS="1096" WIDTH="26"/>
						<String ID="P99_ST00023" HPOS="256" VPOS="1067" WIDTH="102" HEIGHT="29" CONTENT="sens" WC="1.00" CC="0000"/>
						<SP ID="P99_SP00018" HPOS="358" VPOS="1096" WIDTH="26"/>
						<String ID="P99_ST00024" HPOS="384" VPOS="1048" WIDTH="194" HEIGHT="62" CONTENT="profond" WC="0.99" CC="0703005"/>
						<SP ID="P99_SP00019" HPOS="578" VPOS="1110" WIDTH="29"/>
						<String ID="P99_ST00025" HPOS="607" VPOS="1047" WIDTH="54" HEIGHT="43" CONTENT="de" WC="0.77" CC="30"/>
						<SP ID="P99_SP00020" HPOS="661" VPOS="1110" WIDTH="26"/>
						<String ID="P99_ST00026" HPOS="687" VPOS="1045" WIDTH="42" HEIGHT="45" CONTENT="la" WC="0.26" CC="49"/>
						<SP ID="P99_SP00021" HPOS="729" VPOS="1110" WIDTH="28"/>
						<String ID="P99_ST00027" HPOS="757" VPOS="1043" WIDTH="162" HEIGHT="46" CONTENT="beauté" WC="0.98" CC="006506"/>
						<SP ID="P99_SP00022" HPOS="919" VPOS="1110" WIDTH="27"/>
						<String ID="P99_ST00028" HPOS="946" VPOS="1044" WIDTH="54" HEIGHT="45" CONTENT="de" WC="0.94" CC="01"/>
						<SP ID="P99_SP00023" HPOS="1000" VPOS="1110" WIDTH="26"/>
						<String ID="P99_ST00029" HPOS="1026" VPOS="1043" WIDTH="42" HEIGHT="46" CONTENT="la" WC="1.00" CC="00"/>
						<SP ID="P99_SP00024" HPOS="1068" VPOS="1110" WIDTH="33"/>
						<String ID="P99_ST00030" HPOS="1101" VPOS="1043" WIDTH="122" HEIGHT="62" CONTENT="ligne" WC="0.99" CC="46000"/>
						<SP ID="P99_SP00025" HPOS="1223" VPOS="1110" WIDTH="121"/>
						<String ID="P99_ST00031" HPOS="1344" VPOS="1060" WIDTH="56" HEIGHT="28" CONTENT="en" WC="0.94" CC="10"/>
					</TextLine>
					<TextLine ID="P99_TL00007" HPOS="191" VPOS="1112" WIDTH="729" HEIGHT="53">
						<String ID="P99_ST00032" HPOS="191" VPOS="1120" WIDTH="289" HEIGHT="45" CONTENT="l'occurence" WC="0.91" CC="04000401000"/>
						<SP ID="P99_SP00026" HPOS="480" VPOS="1165" WIDTH="29"/>
						<String ID="P99_ST00033" HPOS="509" VPOS="1118" WIDTH="53" HEIGHT="44" CONTENT="de" WC="1.00" CC="00"/>
						<SP ID="P99_SP00027" HPOS="562" VPOS="1165" WIDTH="28"/>
						<String ID="P99_ST00034" HPOS="590" VPOS="1116" WIDTH="42" HEIGHT="45" CONTENT="la" WC="1.00" CC="00"/>
						<SP ID="P99_SP00028" HPOS="632" VPOS="1165" WIDTH="27"/>
						<String ID="P99_ST00035" HPOS="659" VPOS="1114" WIDTH="212" HEIGHT="46" CONTENT="mélodie." WC="0.99" CC="47000504"/>
						<SP ID="P99_SP00029" HPOS="871" VPOS="1165" WIDTH="22"/>
						<String ID="P99_ST00036" HPOS="893" VPOS="1112" WIDTH="27" HEIGHT="18" CONTENT='"' WC="0.45" CC="5"/>
						<SP ID="P99_SP00030" HPOS="920" VPOS="1165" WIDTH="0"/>
					</TextLine>
					<TextLine ID="P99_TL00008" HPOS="261" VPOS="1181" WIDTH="1138" HEIGHT="66">
						<String ID="P99_ST00037" HPOS="261" VPOS="1190" WIDTH="123" HEIGHT="57" CONTENT="Moi," WC="0.98" CC="0017"/>
						<SP ID="P99_SP00031" HPOS="384" VPOS="1247" WIDTH="29"/>
						<String ID="P99_ST00038" HPOS="413" VPOS="1188" WIDTH="253" HEIGHT="45" CONTENT="ambitieux" WC="0.99" CC="730363040"/>
						<SP ID="P99_SP00032" HPOS="666" VPOS="1247" WIDTH="40"/>
						<String ID="P99_ST00039" HPOS="706" VPOS="1196" WIDTH="44" HEIGHT="33" CONTENT="et" WC="1.00" CC="00"/>
						<SP ID="P99_SP00033" HPOS="750" VPOS="1247" WIDTH="38"/>
						<String ID="P99_ST00040" HPOS="788" VPOS="1184" WIDTH="115" HEIGHT="57" CONTENT="têtu," WC="0.98" CC="04307"/>
						<SP ID="P99_SP00034" HPOS="903" VPOS="1247" WIDTH="38"/>
						<String ID="P99_ST00041" HPOS="941" VPOS="1182" WIDTH="226" HEIGHT="46" CONTENT="caractère" WC="0.99" CC="000002760"/>
						<SP ID="P99_SP00035" HPOS="1167" VPOS="1247" WIDTH="44"/>
						<String ID="P99_ST00042" HPOS="1211" VPOS="1181" WIDTH="188" HEIGHT="59" CONTENT="violent," WC="0.99" CC="44000007"/>
					</TextLine>
					<TextLine ID="P99_TL00009" HPOS="191" VPOS="1253" WIDTH="1034" HEIGHT="64">
						<String ID="P99_ST00043" HPOS="191" VPOS="1258" WIDTH="195" HEIGHT="59" CONTENT="sensuel," WC="0.99" CC="00005024"/>
						<SP ID="P99_SP00036" HPOS="386" VPOS="1317" WIDTH="30"/>
						<String ID="P99_ST00044" HPOS="416" VPOS="1256" WIDTH="195" HEIGHT="47" CONTENT="excessif" WC="1.00" CC="00000042"/>
						<SP ID="P99_SP00037" HPOS="611" VPOS="1317" WIDTH="20"/>
						<String ID="P99_ST00045" HPOS="631" VPOS="1266" WIDTH="43" HEIGHT="33" CONTENT="et" WC="0.86" CC="20"/>
						<SP ID="P99_SP00038" HPOS="674" VPOS="1317" WIDTH="28"/>
						<String ID="P99_ST00046" HPOS="702" VPOS="1253" WIDTH="246" HEIGHT="46" CONTENT="volontiers" WC="1.00" CC="1040005050"/>
						<SP ID="P99_SP00039" HPOS="948" VPOS="1317" WIDTH="28"/>
						<String ID="P99_ST00047" HPOS="976" VPOS="1264" WIDTH="249" HEIGHT="47" CONTENT="trompeur." WC="1.00" CC="000000004"/>
					</TextLine>
					<TextLine ID="P99_TL00010" HPOS="260" VPOS="1320" WIDTH="1140" HEIGHT="64">
						<String ID="P99_ST00048" HPOS="260" VPOS="1329" WIDTH="156" HEIGHT="45" CONTENT="Trace" WC="1.00" CC="00001"/>
						<SP ID="P99_SP00040" HPOS="416" VPOS="1374" WIDTH="29"/>
						<String ID="P99_ST00049" HPOS="445" VPOS="1328" WIDTH="54" HEIGHT="44" CONTENT="de" WC="0.88" CC="02"/>
						<SP ID="P99_SP00041" HPOS="499" VPOS="1374" WIDTH="26"/>
						<String ID="P99_ST00050" HPOS="525" VPOS="1341" WIDTH="288" HEIGHT="43" CONTENT="surmenage," WC="1.00" CC="0000105004"/>
						<SP ID="P99_SP00042" HPOS="813" VPOS="1384" WIDTH="31"/>
						<String ID="P99_ST00051" HPOS="844" VPOS="1323" WIDTH="53" HEIGHT="44" CONTENT="de" WC="0.82" CC="03"/>
						<SP ID="P99_SP00043" HPOS="897" VPOS="1384" WIDTH="22"/>
						<String ID="P99_ST00052" HPOS="919" VPOS="1321" WIDTH="209" HEIGHT="46" CONTENT="lassitude" WC="0.99" CC="060055000"/>
						<SP ID="P99_SP00044" HPOS="1128" VPOS="1384" WIDTH="22"/>
						<String ID="P99_ST00053" HPOS="1150" VPOS="1320" WIDTH="250" HEIGHT="45" CONTENT="matérielle" WC="0.99" CC="0040051440"/>
					</TextLine>
					<TextLine ID="P99_TL00011" HPOS="192" VPOS="1393" WIDTH="603" HEIGHT="63">
						<String ID="P99_ST00054" HPOS="192" VPOS="1416" WIDTH="96" HEIGHT="27" CONTENT="non" WC="1.00" CC="000"/>
						<SP ID="P99_SP00045" HPOS="288" VPOS="1443" WIDTH="28"/>
						<String ID="P99_ST00055" HPOS="316" VPOS="1398" WIDTH="150" HEIGHT="44" CONTENT="moins" WC="1.00" CC="00000"/>
						<SP ID="P99_SP00046" HPOS="466" VPOS="1443" WIDTH="26"/>
						<String ID="P99_ST00056" HPOS="492" VPOS="1414" WIDTH="89" HEIGHT="42" CONTENT="que" WC="0.99" CC="200"/>
						<SP ID="P99_SP00047" HPOS="581" VPOS="1456" WIDTH="28"/>
						<String ID="P99_ST00057" HPOS="609" VPOS="1393" WIDTH="186" HEIGHT="45" CONTENT="morale." WC="1.00" CC="0000403"/>
					</TextLine>
					<TextLine ID="P99_TL00012" HPOS="261" VPOS="1458" WIDTH="1139" HEIGHT="64">
						<String ID="P99_ST00058" HPOS="261" VPOS="1468" WIDTH="263" HEIGHT="45" CONTENT="Sentiment" WC="1.00" CC="000040000"/>
						<SP ID="P99_SP00048" HPOS="524" VPOS="1513" WIDTH="25"/>
						<String ID="P99_ST00059" HPOS="549" VPOS="1463" WIDTH="161" HEIGHT="47" CONTENT="accusé" WC="1.00" CC="000004"/>
						<SP ID="P99_SP00049" HPOS="710" VPOS="1513" WIDTH="39"/>
						<String ID="P99_ST00060" HPOS="749" VPOS="1463" WIDTH="53" HEIGHT="44" CONTENT="de" WC="1.00" CC="00"/>
						<SP ID="P99_SP00050" HPOS="802" VPOS="1513" WIDTH="40"/>
						<String ID="P99_ST00061" HPOS="842" VPOS="1460" WIDTH="299" HEIGHT="62" CONTENT="prévoyance," WC="0.99" CC="00070500054"/>
						<SP ID="P99_SP00051" HPOS="1141" VPOS="1522" WIDTH="23"/>
						<String ID="P99_ST00062" HPOS="1164" VPOS="1458" WIDTH="186" HEIGHT="45" CONTENT="l'artiste" WC="1.00" CC="040003000"/>
						<SP ID="P99_SP00052" HPOS="1350" VPOS="1522" WIDTH="28"/>
						<String ID="P99_ST00063" HPOS="1378" VPOS="1458" WIDTH="22" HEIGHT="45" CONTENT="à" WC="1.00" CC="0"/>
					</TextLine>
					<TextLine ID="P99_TL00013" HPOS="191" VPOS="1529" WIDTH="1208" HEIGHT="68">
						<String ID="P99_ST00064" HPOS="191" VPOS="1536" WIDTH="137" HEIGHT="61" CONTENT="pensé" WC="1.00" CC="00020"/>
						<SP ID="P99_SP00053" HPOS="328" VPOS="1597" WIDTH="28"/>
						<String ID="P99_ST00065" HPOS="356" VPOS="1548" WIDTH="44" HEIGHT="33" CONTENT="et" WC="1.00" CC="00"/>
						<SP ID="P99_SP00054" HPOS="400" VPOS="1597" WIDTH="27"/>
						<String ID="P99_ST00066" HPOS="427" VPOS="1552" WIDTH="136" HEIGHT="44" CONTENT="pense" WC="1.00" CC="00003"/>
						<SP ID="P99_SP00055" HPOS="563" VPOS="1597" WIDTH="27"/>
						<String ID="P99_ST00067" HPOS="590" VPOS="1550" WIDTH="163" HEIGHT="28" CONTENT="encore" WC="1.00" CC="000000"/>
						<SP ID="P99_SP00056" HPOS="753" VPOS="1597" WIDTH="28"/>
						<String ID="P99_ST00068" HPOS="781" VPOS="1531" WIDTH="24" HEIGHT="45" CONTENT="à" WC="0.66" CC="3"/>
						<SP ID="P99_SP00057" HPOS="805" VPOS="1597" WIDTH="27"/>
						<String ID="P99_ST00069" HPOS="832" VPOS="1529" WIDTH="208" HEIGHT="62" CONTENT="posséder" WC="1.00" CC="00000000"/>
						<SP ID="P99_SP00058" HPOS="1040" VPOS="1597" WIDTH="23"/>
						<String ID="P99_ST00070" HPOS="1063" VPOS="1546" WIDTH="88" HEIGHT="27" CONTENT="une" WC="1.00" CC="000"/>
						<SP ID="P99_SP00059" HPOS="1151" VPOS="1597" WIDTH="33"/>
						<String ID="P99_ST00071" HPOS="1184" VPOS="1529" WIDTH="215" HEIGHT="44" CONTENT="situation" WC="1.00" CC="050000400"/>
					</TextLine>
					<TextLine ID="P99_TL00014" HPOS="190" VPOS="1597" WIDTH="1210" HEIGHT="68">
						<String ID="P99_ST00072" HPOS="190" VPOS="1608" WIDTH="146" HEIGHT="57" CONTENT="assise," WC="0.99" CC="0006004"/>
						<SP ID="P99_SP00060" HPOS="336" VPOS="1665" WIDTH="31"/>
						<String ID="P99_ST00073" HPOS="367" VPOS="1605" WIDTH="27" HEIGHT="45" CONTENT="il" WC="0.94" CC="00"/>
						<SP ID="P99_SP00061" HPOS="394" VPOS="1665" WIDTH="27"/>
						<String ID="P99_ST00074" HPOS="421" VPOS="1604" WIDTH="172" HEIGHT="46" CONTENT="semble" WC="1.00" CC="200030"/>
						<SP ID="P99_SP00062" HPOS="593" VPOS="1665" WIDTH="21"/>
						<String ID="P99_ST00075" HPOS="614" VPOS="1619" WIDTH="89" HEIGHT="45" CONTENT="que" WC="0.99" CC="200"/>
						<SP ID="P99_SP00063" HPOS="703" VPOS="1665" WIDTH="22"/>
						<String ID="P99_ST00076" HPOS="725" VPOS="1602" WIDTH="40" HEIGHT="44" CONTENT="le" WC="1.00" CC="00"/>
						<SP ID="P99_SP00064" HPOS="765" VPOS="1665" WIDTH="21"/>
						<String ID="P99_ST00077" HPOS="786" VPOS="1602" WIDTH="117" HEIGHT="60" CONTENT="sujet" WC="1.00" CC="00200"/>
						<SP ID="P99_SP00065" HPOS="903" VPOS="1665" WIDTH="22"/>
						<String ID="P99_ST00078" HPOS="925" VPOS="1599" WIDTH="196" HEIGHT="60" CONTENT="éprouve" WC="1.00" CC="0010000"/>
						<SP ID="P99_SP00066" HPOS="1121" VPOS="1665" WIDTH="23"/>
						<String ID="P99_ST00079" HPOS="1144" VPOS="1597" WIDTH="256" HEIGHT="59" CONTENT="cependant" WC="1.00" CC="000000000"/>
					</TextLine>
					<TextLine ID="P99_TL00015" HPOS="191" VPOS="1666" WIDTH="1209" HEIGHT="71">
						<String ID="P99_ST00080" HPOS="191" VPOS="1675" WIDTH="197" HEIGHT="62" CONTENT="quelque" WC="1.00" CC="0000000"/>
						<SP ID="P99_SP00067" HPOS="388" VPOS="1737" WIDTH="29"/>
						<String ID="P99_ST00081" HPOS="417" VPOS="1675" WIDTH="173" HEIGHT="45" CONTENT="crainte" WC="1.00" CC="0002000"/>
						<SP ID="P99_SP00068" HPOS="590" VPOS="1737" WIDTH="26"/>
						<String ID="P99_ST00082" HPOS="616" VPOS="1682" WIDTH="145" HEIGHT="51" CONTENT="quant" WC="1.00" CC="00100"/>
						<SP ID="P99_SP00069" HPOS="761" VPOS="1737" WIDTH="27"/>
						<String ID="P99_ST00083" HPOS="788" VPOS="1670" WIDTH="24" HEIGHT="45" CONTENT="à" WC="1.00" CC="0"/>
						<SP ID="P99_SP00070" HPOS="812" VPOS="1737" WIDTH="26"/>
						<String ID="P99_ST00084" HPOS="838" VPOS="1670" WIDTH="42" HEIGHT="45" CONTENT="la" WC="0.81" CC="03"/>
						<SP ID="P99_SP00071" HPOS="880" VPOS="1737" WIDTH="25"/>
						<String ID="P99_ST00085" HPOS="905" VPOS="1668" WIDTH="64" HEIGHT="45" CONTENT="fin" WC="0.98" CC="220"/>
						<SP ID="P99_SP00072" HPOS="969" VPOS="1737" WIDTH="28"/>
						<String ID="P99_ST00086" HPOS="997" VPOS="1668" WIDTH="54" HEIGHT="45" CONTENT="de" WC="0.89" CC="02"/>
						<SP ID="P99_SP00073" HPOS="1051" VPOS="1737" WIDTH="26"/>
						<String ID="P99_ST00087" HPOS="1077" VPOS="1685" WIDTH="46" HEIGHT="28" CONTENT="sa" WC="1.00" CC="00"/>
						<SP ID="P99_SP00074" HPOS="1123" VPOS="1737" WIDTH="26"/>
						<String ID="P99_ST00088" HPOS="1149" VPOS="1666" WIDTH="157" HEIGHT="61" CONTENT="gloire," WC="0.99" CC="0202034"/>
						<SP ID="P99_SP00075" HPOS="1306" VPOS="1737" WIDTH="40"/>
						<String ID="P99_ST00089" HPOS="1346" VPOS="1666" WIDTH="54" HEIGHT="44" CONTENT="de" WC="0.99" CC="00"/>
					</TextLine>
					<TextLine ID="P99_TL00016" HPOS="191" VPOS="1745" WIDTH="289" HEIGHT="46">
						<String ID="P99_ST00090" HPOS="191" VPOS="1763" WIDTH="46" HEIGHT="28" CONTENT="sa" WC="1.00" CC="00"/>
						<SP ID="P99_SP00076" HPOS="237" VPOS="1791" WIDTH="26"/>
						<String ID="P99_ST00091" HPOS="263" VPOS="1745" WIDTH="217" HEIGHT="45" CONTENT="destinée." WC="0.99" CC="000540024"/>
					</TextLine>
					<TextLine ID="P99_TL00017" HPOS="263" VPOS="1804" WIDTH="1134" HEIGHT="64">
						<String ID="P99_ST00092" HPOS="263" VPOS="1812" WIDTH="482" HEIGHT="56" CONTENT="Sentimentalement," WC="1.00" CC="00040000206000004"/>
						<SP ID="P99_SP00077" HPOS="745" VPOS="1868" WIDTH="52"/>
						<String ID="P99_ST00093" HPOS="797" VPOS="1809" WIDTH="196" HEIGHT="45" CONTENT="cherche" WC="1.00" CC="0003001"/>
						<SP ID="P99_SP00078" HPOS="993" VPOS="1868" WIDTH="44"/>
						<String ID="P99_ST00094" HPOS="1037" VPOS="1806" WIDTH="24" HEIGHT="45" CONTENT="à" WC="1.00" CC="0"/>
						<SP ID="P99_SP00079" HPOS="1061" VPOS="1868" WIDTH="43"/>
						<String ID="P99_ST00095" HPOS="1104" VPOS="1823" WIDTH="44" HEIGHT="28" CONTENT="se" WC="0.77" CC="04"/>
						<SP ID="P99_SP00080" HPOS="1148" VPOS="1868" WIDTH="46"/>
						<String ID="P99_ST00096" HPOS="1194" VPOS="1804" WIDTH="203" HEIGHT="46" CONTENT="dérober." WC="1.00" CC="00000204"/>
					</TextLine>
					<TextLine ID="P99_TL00018" HPOS="192" VPOS="1873" WIDTH="1208" HEIGHT="64">
						<String ID="P99_ST00097" HPOS="192" VPOS="1885" WIDTH="45" HEIGHT="44" CONTENT="A" WC="1.00" CC="0"/>
						<SP ID="P99_SP00081" HPOS="237" VPOS="1929" WIDTH="46"/>
						<String ID="P99_ST00098" HPOS="283" VPOS="1884" WIDTH="60" HEIGHT="45" CONTENT="dû" WC="0.84" CC="03"/>
						<SP ID="P99_SP00082" HPOS="343" VPOS="1929" WIDTH="51"/>
						<String ID="P99_ST00099" HPOS="394" VPOS="1884" WIDTH="93" HEIGHT="44" CONTENT="être" WC="0.98" CC="4050"/>
						<SP ID="P99_SP00083" HPOS="487" VPOS="1929" WIDTH="51"/>
						<String ID="P99_ST00100" HPOS="538" VPOS="1882" WIDTH="250" HEIGHT="44" CONTENT="fortement" WC="1.00" CC="300010006"/>
						<SP ID="P99_SP00084" HPOS="788" VPOS="1929" WIDTH="50"/>
						<String ID="P99_ST00101" HPOS="838" VPOS="1876" WIDTH="215" HEIGHT="61" CONTENT="exploité," WC="0.99" CC="000500364"/>
						<SP ID="P99_SP00085" HPOS="1053" VPOS="1937" WIDTH="46"/>
						<String ID="P99_ST00102" HPOS="1099" VPOS="1874" WIDTH="194" HEIGHT="60" CONTENT="trompé." WC="0.99" CC="0000084"/>
						<SP ID="P99_SP00086" HPOS="1293" VPOS="1937" WIDTH="54"/>
						<String ID="P99_ST00103" HPOS="1347" VPOS="1873" WIDTH="53" HEIGHT="46" CONTENT="Se" WC="0.91" CC="01"/>
					</TextLine>
					<TextLine ID="P99_TL00019" HPOS="191" VPOS="1945" WIDTH="1209" HEIGHT="63">
						<String ID="P99_ST00104" HPOS="191" VPOS="1952" WIDTH="137" HEIGHT="46" CONTENT="méfie" WC="0.98" CC="07220"/>
						<SP ID="P99_SP00087" HPOS="328" VPOS="1998" WIDTH="42"/>
						<String ID="P99_ST00105" HPOS="370" VPOS="1953" WIDTH="76" HEIGHT="44" CONTENT="des" WC="0.98" CC="040"/>
						<SP ID="P99_SP00088" HPOS="446" VPOS="1998" WIDTH="39"/>
						<String ID="P99_ST00106" HPOS="485" VPOS="1962" WIDTH="149" HEIGHT="35" CONTENT="autres" WC="0.99" CC="800000"/>
						<SP ID="P99_SP00089" HPOS="634" VPOS="1998" WIDTH="40"/>
						<String ID="P99_ST00107" HPOS="674" VPOS="1966" WIDTH="74" HEIGHT="42" CONTENT="par" WC="1.00" CC="000"/>
						<SP ID="P99_SP00090" HPOS="748" VPOS="2008" WIDTH="39"/>
						<String ID="P99_ST00108" HPOS="787" VPOS="1946" WIDTH="255" HEIGHT="46" CONTENT="excellente" WC="1.00" CC="0010010000"/>
						<SP ID="P99_SP00091" HPOS="1042" VPOS="2008" WIDTH="35"/>
						<String ID="P99_ST00109" HPOS="1077" VPOS="1945" WIDTH="323" HEIGHT="45" CONTENT="connaissance" WC="1.00" CC="000704000004"/>
					</TextLine>
					<TextLine ID="P99_TL00020" HPOS="192" VPOS="2022" WIDTH="341" HEIGHT="46">
						<String ID="P99_ST00110" HPOS="192" VPOS="2023" WIDTH="55" HEIGHT="45" CONTENT="de" WC="1.00" CC="00"/>
						<SP ID="P99_SP00092" HPOS="247" VPOS="2068" WIDTH="27"/>
						<String ID="P99_ST00111" HPOS="274" VPOS="2022" WIDTH="259" HEIGHT="46" CONTENT="soi-même." WC="0.99" CC="000405004"/>
					</TextLine>
					<TextLine ID="P99_TL00021" HPOS="265" VPOS="2080" WIDTH="1135" HEIGHT="71">
						<String ID="P99_ST00112" HPOS="265" VPOS="2094" WIDTH="30" HEIGHT="23" CONTENT='"' WC="0.87" CC="1"/>
						<SP ID="P99_SP00093" HPOS="295" VPOS="2117" WIDTH="22"/>
						<String ID="P99_ST00113" HPOS="317" VPOS="2092" WIDTH="362" HEIGHT="59" CONTENT="Pratiquement," WC="1.00" CC="2300600000004"/>
						<SP ID="P99_SP00094" HPOS="679" VPOS="2151" WIDTH="62"/>
						<String ID="P99_ST00114" HPOS="741" VPOS="2086" WIDTH="185" HEIGHT="45" CONTENT="l'artiste" WC="1.00" CC="040042000"/>
						<SP ID="P99_SP00095" HPOS="926" VPOS="2151" WIDTH="50"/>
						<String ID="P99_ST00115" HPOS="976" VPOS="2102" WIDTH="24" HEIGHT="29" CONTENT="a" WC="0.26" CC="7"/>
						<SP ID="P99_SP00096" HPOS="1000" VPOS="2151" WIDTH="51"/>
						<String ID="P99_ST00116" HPOS="1051" VPOS="2101" WIDTH="90" HEIGHT="28" CONTENT="une" WC="1.00" CC="000"/>
						<SP ID="P99_SP00097" HPOS="1141" VPOS="2151" WIDTH="63"/>
						<String ID="P99_ST00117" HPOS="1204" VPOS="2080" WIDTH="196" HEIGHT="47" CONTENT="habileté" WC="1.00" CC="00044000"/>
					</TextLine>
					<TextLine ID="P99_TL00022" HPOS="192" VPOS="2155" WIDTH="551" HEIGHT="52">
						<String ID="P99_ST00118" HPOS="192" VPOS="2161" WIDTH="239" HEIGHT="46" CONTENT="d'homme" WC="1.00" CC="0400000"/>
						<SP ID="P99_SP00098" HPOS="431" VPOS="2207" WIDTH="28"/>
						<String ID="P99_ST00119" HPOS="459" VPOS="2158" WIDTH="235" HEIGHT="47" CONTENT="d'affaires." WC="1.00" CC="04000060004"/>
						<SP ID="P99_SP00099" HPOS="694" VPOS="2207" WIDTH="22"/>
						<String ID="P99_ST00120" HPOS="716" VPOS="2155" WIDTH="27" HEIGHT="18" CONTENT='"' WC="0.68" CC="3"/>
					</TextLine>
				</TextBlock>
				<TextBlock ID="P99_TB00005" HPOS="187" VPOS="3589" WIDTH="1211" HEIGHT="201" STYLEREFS="TXT_0 PAR_LEFT">
					<TextLine ID="P99_TL00023" HPOS="259" VPOS="3591" WIDTH="1139" HEIGHT="60">
						<String ID="P99_ST00121" HPOS="259" VPOS="3592" WIDTH="68" HEIGHT="45" CONTENT="Ce" WC="0.99" CC="00"/>
						<SP ID="P99_SP00100" HPOS="327" VPOS="3637" WIDTH="42"/>
						<String ID="P99_ST00122" HPOS="369" VPOS="3591" WIDTH="116" HEIGHT="46" CONTENT="n'est" WC="0.99" CC="04100"/>
						<SP ID="P99_SP00101" HPOS="485" VPOS="3637" WIDTH="28"/>
						<String ID="P99_ST00123" HPOS="513" VPOS="3609" WIDTH="74" HEIGHT="42" CONTENT="pas" WC="1.00" CC="000"/>
						<SP ID="P99_SP00102" HPOS="587" VPOS="3651" WIDTH="28"/>
						<String ID="P99_ST00124" HPOS="615" VPOS="3592" WIDTH="109" HEIGHT="44" CONTENT="dans" WC="0.98" CC="0070"/>
						<SP ID="P99_SP00103" HPOS="724" VPOS="3651" WIDTH="37"/>
						<String ID="P99_ST00125" HPOS="761" VPOS="3591" WIDTH="228" HEIGHT="46" CONTENT="l'enfance" WC="0.99" CC="441008010"/>
						<SP ID="P99_SP00104" HPOS="989" VPOS="3651" WIDTH="40"/>
						<String ID="P99_ST00126" HPOS="1029" VPOS="3595" WIDTH="44" HEIGHT="43" CONTENT="ni" WC="0.25" CC="86"/>
						<SP ID="P99_SP00105" HPOS="1073" VPOS="3651" WIDTH="41"/>
						<String ID="P99_ST00127" HPOS="1114" VPOS="3595" WIDTH="110" HEIGHT="45" CONTENT="dans" WC="1.00" CC="0000"/>
						<SP ID="P99_SP00106" HPOS="1224" VPOS="3651" WIDTH="31"/>
						<String ID="P99_ST00128" HPOS="1255" VPOS="3595" WIDTH="120" HEIGHT="46" CONTENT="l'ado" SUBS_TYPE="HypPart1" SUBS_CONTENT="l'adolescence" WC="0.99" CC="14000"/>
						<HYP HPOS="1375" VPOS="3595" WIDTH="23" CONTENT="-"/>
					</TextLine>
					<TextLine ID="P99_TL00024" HPOS="188" VPOS="3660" WIDTH="1208" HEIGHT="64">
						<String ID="P99_ST00129" HPOS="188" VPOS="3662" WIDTH="206" HEIGHT="45" CONTENT="lescence" SUBS_TYPE="HypPart2" SUBS_CONTENT="l'adolescence" WC="1.00" CC="60012000"/>
						<SP ID="P99_SP00107" HPOS="394" VPOS="3707" WIDTH="29"/>
						<String ID="P99_ST00130" HPOS="423" VPOS="3662" WIDTH="54" HEIGHT="43" CONTENT="de" WC="1.00" CC="00"/>
						<SP ID="P99_SP00108" HPOS="477" VPOS="3707" WIDTH="29"/>
						<String ID="P99_ST00131" HPOS="506" VPOS="3661" WIDTH="175" HEIGHT="45" CONTENT="Caruso" WC="0.91" CC="000500"/>
						<SP ID="P99_SP00109" HPOS="681" VPOS="3707" WIDTH="26"/>
						<String ID="P99_ST00132" HPOS="707" VPOS="3679" WIDTH="88" HEIGHT="42" CONTENT="que" WC="1.00" CC="000"/>
						<SP ID="P99_SP00110" HPOS="795" VPOS="3721" WIDTH="28"/>
						<String ID="P99_ST00133" HPOS="823" VPOS="3660" WIDTH="94" HEIGHT="46" CONTENT="l'on" WC="0.99" CC="0300"/>
						<SP ID="P99_SP00111" HPOS="917" VPOS="3721" WIDTH="23"/>
						<String ID="P99_ST00134" HPOS="940" VPOS="3674" WIDTH="158" HEIGHT="33" CONTENT="trouve" WC="0.99" CC="003702"/>
						<SP ID="P99_SP00112" HPOS="1098" VPOS="3721" WIDTH="21"/>
						<String ID="P99_ST00135" HPOS="1119" VPOS="3665" WIDTH="56" HEIGHT="44" CONTENT="de" WC="1.00" CC="00"/>
						<SP ID="P99_SP00113" HPOS="1175" VPOS="3721" WIDTH="19"/>
						<String ID="P99_ST00136" HPOS="1194" VPOS="3663" WIDTH="177" HEIGHT="61" CONTENT="l'impré" SUBS_TYPE="HypPart1" SUBS_CONTENT="l'imprévu," WC="0.99" CC="4441007"/>
						<HYP HPOS="1371" VPOS="3663" WIDTH="25" CONTENT="-"/>
					</TextLine>
					<TextLine ID="P99_TL00025" HPOS="187" VPOS="3730" WIDTH="1211" HEIGHT="60">
						<String ID="P99_ST00137" HPOS="187" VPOS="3750" WIDTH="75" HEIGHT="39" CONTENT="vu," SUBS_TYPE="HypPart2" SUBS_CONTENT="l'imprévu," WC="0.98" CC="004"/>
						<SP ID="P99_SP00114" HPOS="262" VPOS="3789" WIDTH="30"/>
						<String ID="P99_ST00138" HPOS="292" VPOS="3731" WIDTH="60" HEIGHT="45" CONTENT="du" WC="1.00" CC="00"/>
						<SP ID="P99_SP00115" HPOS="352" VPOS="3789" WIDTH="28"/>
						<String ID="P99_ST00139" HPOS="380" VPOS="3730" WIDTH="381" HEIGHT="60" CONTENT="caractéristique," WC="1.00" CC="0000007010030004"/>
						<SP ID="P99_SP00116" HPOS="761" VPOS="3790" WIDTH="30"/>
						<String ID="P99_ST00140" HPOS="791" VPOS="3730" WIDTH="54" HEIGHT="45" CONTENT="de" WC="0.91" CC="01"/>
						<SP ID="P99_SP00117" HPOS="845" VPOS="3790" WIDTH="32"/>
						<String ID="P99_ST00141" HPOS="877" VPOS="3730" WIDTH="259" HEIGHT="48" CONTENT="l'amusant." WC="0.99" CC="3497000003"/>
						<SP ID="P99_SP00118" HPOS="1136" VPOS="3790" WIDTH="43"/>
						<String ID="P99_ST00142" HPOS="1179" VPOS="3733" WIDTH="121" HEIGHT="45" CONTENT="Pour" WC="1.00" CC="0000"/>
						<SP ID="P99_SP00119" HPOS="1300" VPOS="3790" WIDTH="40"/>
						<String ID="P99_ST00143" HPOS="1340" VPOS="3752" WIDTH="58" HEIGHT="28" CONTENT="ne" WC="0.61" CC="70"/>
					</TextLine>
				</TextBlock>
				<TextBlock ID="P99_TB00006" HPOS="1484" VPOS="475" WIDTH="1206" HEIGHT="3323" STYLEREFS="TXT_0 PAR_BLOCK">
					<TextLine ID="P99_TL00026" HPOS="1484" VPOS="478" WIDTH="1200" HEIGHT="63">
						<String ID="P99_ST00144" HPOS="1484" VPOS="496" WIDTH="72" HEIGHT="43" CONTENT="pas" WC="1.00" CC="000"/>
						<SP ID="P99_SP00120" HPOS="1556" VPOS="539" WIDTH="34"/>
						<String ID="P99_ST00145" HPOS="1590" VPOS="480" WIDTH="109" HEIGHT="45" CONTENT="faire" WC="1.00" CC="00000"/>
						<SP ID="P99_SP00121" HPOS="1699" VPOS="539" WIDTH="18"/>
						<String ID="P99_ST00146" HPOS="1717" VPOS="480" WIDTH="243" HEIGHT="59" CONTENT="exception" WC="1.00" CC="051000200"/>
						<SP ID="P99_SP00122" HPOS="1960" VPOS="539" WIDTH="17"/>
						<String ID="P99_ST00147" HPOS="1977" VPOS="497" WIDTH="89" HEIGHT="27" CONTENT="aux" WC="1.00" CC="000"/>
						<SP ID="P99_SP00123" HPOS="2066" VPOS="539" WIDTH="20"/>
						<String ID="P99_ST00148" HPOS="2086" VPOS="478" WIDTH="312" HEIGHT="60" CONTENT="phénomènes" WC="1.00" CC="0060007000"/>
						<SP ID="P99_SP00124" HPOS="2398" VPOS="539" WIDTH="19"/>
						<String ID="P99_ST00149" HPOS="2417" VPOS="481" WIDTH="267" HEIGHT="60" CONTENT="artistiques," WC="1.00" CC="000100500004"/>
					</TextLine>
					<TextLine ID="P99_TL00027" HPOS="1484" VPOS="548" WIDTH="1204" HEIGHT="62">
						<String ID="P99_ST00150" HPOS="1484" VPOS="561" WIDTH="164" HEIGHT="34" CONTENT="notons" WC="1.00" CC="004000"/>
						<SP ID="P99_SP00125" HPOS="1648" VPOS="595" WIDTH="27"/>
						<String ID="P99_ST00151" HPOS="1675" VPOS="548" WIDTH="185" HEIGHT="47" CONTENT="d'abord" WC="0.99" CC="0460000"/>
						<SP ID="P99_SP00126" HPOS="1860" VPOS="595" WIDTH="28"/>
						<String ID="P99_ST00152" HPOS="1888" VPOS="567" WIDTH="88" HEIGHT="43" CONTENT="que" WC="1.00" CC="000"/>
						<SP ID="P99_SP00127" HPOS="1976" VPOS="610" WIDTH="29"/>
						<String ID="P99_ST00153" HPOS="2005" VPOS="549" WIDTH="175" HEIGHT="46" CONTENT="Caruso" WC="1.00" CC="000000"/>
						<SP ID="P99_SP00128" HPOS="2180" VPOS="610" WIDTH="28"/>
						<String ID="P99_ST00154" HPOS="2208" VPOS="549" WIDTH="168" HEIGHT="45" CONTENT="chanta" WC="1.00" CC="000000"/>
						<SP ID="P99_SP00129" HPOS="2376" VPOS="610" WIDTH="26"/>
						<String ID="P99_ST00155" HPOS="2402" VPOS="566" WIDTH="56" HEIGHT="29" CONTENT="en" WC="0.94" CC="10"/>
						<SP ID="P99_SP00130" HPOS="2458" VPOS="610" WIDTH="33"/>
						<String ID="P99_ST00156" HPOS="2491" VPOS="551" WIDTH="197" HEIGHT="45" CONTENT="naissant" WC="1.00" CC="30300000"/>
					</TextLine>
					<TextLine ID="P99_TL00028" HPOS="1484" VPOS="617" WIDTH="1202" HEIGHT="63">
						<String ID="P99_ST00157" HPOS="1484" VPOS="630" WIDTH="42" HEIGHT="34" CONTENT="et" WC="0.74" CC="05"/>
						<SP ID="P99_SP00131" HPOS="1526" VPOS="664" WIDTH="45"/>
						<String ID="P99_ST00158" HPOS="1571" VPOS="636" WIDTH="89" HEIGHT="44" CONTENT="que" WC="1.00" CC="000"/>
						<SP ID="P99_SP00132" HPOS="1660" VPOS="680" WIDTH="38"/>
						<String ID="P99_ST00159" HPOS="1698" VPOS="629" WIDTH="150" HEIGHT="35" CONTENT="toutes" WC="1.00" CC="200000"/>
						<SP ID="P99_SP00133" HPOS="1848" VPOS="680" WIDTH="38"/>
						<String ID="P99_ST00160" HPOS="1886" VPOS="618" WIDTH="62" HEIGHT="45" CONTENT="les" WC="1.00" CC="000"/>
						<SP ID="P99_SP00134" HPOS="1948" VPOS="680" WIDTH="37"/>
						<String ID="P99_ST00161" HPOS="1985" VPOS="617" WIDTH="170" HEIGHT="50" CONTENT="vieilles" WC="0.99" CC="61050017"/>
						<SP ID="P99_SP00135" HPOS="2155" VPOS="680" WIDTH="39"/>
						<String ID="P99_ST00162" HPOS="2194" VPOS="618" WIDTH="194" HEIGHT="46" CONTENT="diseuses" WC="1.00" CC="06020000"/>
						<SP ID="P99_SP00136" HPOS="2388" VPOS="680" WIDTH="41"/>
						<String ID="P99_ST00163" HPOS="2429" VPOS="618" WIDTH="54" HEIGHT="46" CONTENT="de" WC="1.00" CC="00"/>
						<SP ID="P99_SP00137" HPOS="2483" VPOS="680" WIDTH="52"/>
						<String ID="P99_ST00164" HPOS="2535" VPOS="621" WIDTH="151" HEIGHT="43" CONTENT="bonne" WC="1.00" CC="00000"/>
					</TextLine>
					<TextLine ID="P99_TL00029" HPOS="1484" VPOS="688" WIDTH="1203" HEIGHT="60">
						<String ID="P99_ST00165" HPOS="1484" VPOS="699" WIDTH="216" HEIGHT="34" CONTENT="aventure" WC="1.00" CC="06000000"/>
						<SP ID="P99_SP00138" HPOS="1700" VPOS="733" WIDTH="45"/>
						<String ID="P99_ST00166" HPOS="1745" VPOS="688" WIDTH="238" HEIGHT="46" CONTENT="italiennes" WC="0.99" CC="5204400020"/>
						<SP ID="P99_SP00139" HPOS="1983" VPOS="734" WIDTH="38"/>
						<String ID="P99_ST00167" HPOS="2021" VPOS="688" WIDTH="253" HEIGHT="60" CONTENT="promirent" WC="1.00" CC="030030000"/>
						<SP ID="P99_SP00140" HPOS="2274" VPOS="748" WIDTH="48"/>
						<String ID="P99_ST00168" HPOS="2322" VPOS="705" WIDTH="91" HEIGHT="27" CONTENT="une" WC="0.98" CC="060"/>
						<SP ID="P99_SP00141" HPOS="2413" VPOS="748" WIDTH="46"/>
						<String ID="P99_ST00169" HPOS="2459" VPOS="689" WIDTH="228" HEIGHT="45" CONTENT="existence" WC="1.00" CC="004000000"/>
					</TextLine>
					<TextLine ID="P99_TL00030" HPOS="1484" VPOS="756" WIDTH="1205" HEIGHT="63">
						<String ID="P99_ST00170" HPOS="1484" VPOS="756" WIDTH="222" HEIGHT="63" CONTENT="glorieuse" WC="1.00" CC="000010000"/>
						<SP ID="P99_SP00142" HPOS="1706" VPOS="819" WIDTH="26"/>
						<String ID="P99_ST00171" HPOS="1732" VPOS="769" WIDTH="45" HEIGHT="33" CONTENT="et" WC="1.00" CC="00"/>
						<SP ID="P99_SP00143" HPOS="1777" VPOS="819" WIDTH="36"/>
						<String ID="P99_ST00172" HPOS="1813" VPOS="756" WIDTH="148" HEIGHT="46" CONTENT="dorée." WC="0.99" CC="000604"/>
						<SP ID="P99_SP00144" HPOS="1961" VPOS="819" WIDTH="29"/>
						<String ID="P99_ST00173" HPOS="1990" VPOS="756" WIDTH="335" HEIGHT="46" CONTENT="Avaient-elles" WC="1.00" CC="0035000301030"/>
						<SP ID="P99_SP00145" HPOS="2325" VPOS="819" WIDTH="38"/>
						<String ID="P99_ST00174" HPOS="2363" VPOS="757" WIDTH="146" HEIGHT="59" CONTENT="prédit" WC="0.99" CC="007000"/>
						<SP ID="P99_SP00146" HPOS="2509" VPOS="819" WIDTH="25"/>
						<String ID="P99_ST00175" HPOS="2534" VPOS="775" WIDTH="86" HEIGHT="43" CONTENT="que" WC="0.99" CC="001"/>
						<SP ID="P99_SP00147" HPOS="2620" VPOS="819" WIDTH="27"/>
						<String ID="P99_ST00176" HPOS="2647" VPOS="758" WIDTH="42" HEIGHT="45" CONTENT="le" WC="0.82" CC="30"/>
					</TextLine>
					<TextLine ID="P99_TL00031" HPOS="1486" VPOS="826" WIDTH="1204" HEIGHT="60">
						<String ID="P99_ST00177" HPOS="1486" VPOS="826" WIDTH="301" HEIGHT="46" CONTENT="Phénomène" WC="0.99" CC="606800800"/>
						<SP ID="P99_SP00148" HPOS="1787" VPOS="872" WIDTH="43"/>
						<String ID="P99_ST00178" HPOS="1830" VPOS="828" WIDTH="145" HEIGHT="43" CONTENT="aurait" WC="0.99" CC="003040"/>
						<SP ID="P99_SP00149" HPOS="1975" VPOS="872" WIDTH="37"/>
						<String ID="P99_ST00179" HPOS="2012" VPOS="843" WIDTH="62" HEIGHT="28" CONTENT="un" WC="0.64" CC="70"/>
						<SP ID="P99_SP00150" HPOS="2074" VPOS="872" WIDTH="41"/>
						<String ID="P99_ST00180" HPOS="2115" VPOS="838" WIDTH="149" HEIGHT="48" CONTENT="temps" WC="1.00" CC="00000"/>
						<SP ID="P99_SP00151" HPOS="2264" VPOS="886" WIDTH="38"/>
						<String ID="P99_ST00181" HPOS="2302" VPOS="826" WIDTH="216" HEIGHT="46" CONTENT="difficile?" WC="0.99" CC="0500005105"/>
						<SP ID="P99_SP00152" HPOS="2518" VPOS="886" WIDTH="36"/>
						<String ID="P99_ST00182" HPOS="2554" VPOS="828" WIDTH="136" HEIGHT="45" CONTENT="Voilà" WC="0.97" CC="20457"/>
					</TextLine>
					<TextLine ID="P99_TL00032" HPOS="1484" VPOS="895" WIDTH="1204" HEIGHT="61">
						<String ID="P99_ST00183" HPOS="1484" VPOS="913" WIDTH="52" HEIGHT="28" CONTENT="ce" WC="1.00" CC="00"/>
						<SP ID="P99_SP00153" HPOS="1536" VPOS="941" WIDTH="44"/>
						<String ID="P99_ST00184" HPOS="1580" VPOS="914" WIDTH="88" HEIGHT="42" CONTENT="que" WC="1.00" CC="000"/>
						<SP ID="P99_SP00154" HPOS="1668" VPOS="956" WIDTH="39"/>
						<String ID="P99_ST00185" HPOS="1707" VPOS="895" WIDTH="219" HEIGHT="46" CONTENT="l'histoire" WC="1.00" CC="0406020400"/>
						<SP ID="P99_SP00155" HPOS="1926" VPOS="956" WIDTH="40"/>
						<String ID="P99_ST00186" HPOS="1966" VPOS="895" WIDTH="229" HEIGHT="46" CONTENT="Carusiste" WC="0.86" CC="080003000"/>
						<SP ID="P99_SP00156" HPOS="2195" VPOS="956" WIDTH="39"/>
						<String ID="P99_ST00187" HPOS="2234" VPOS="913" WIDTH="57" HEIGHT="28" CONTENT="ne" WC="1.00" CC="00"/>
						<SP ID="P99_SP00157" HPOS="2291" VPOS="956" WIDTH="40"/>
						<String ID="P99_ST00188" HPOS="2331" VPOS="913" WIDTH="114" HEIGHT="28" CONTENT="nous" WC="1.00" CC="0000"/>
						<SP ID="P99_SP00158" HPOS="2445" VPOS="956" WIDTH="43"/>
						<String ID="P99_ST00189" HPOS="2488" VPOS="897" WIDTH="200" HEIGHT="59" CONTENT="apprend" WC="1.00" CC="0000070"/>
					</TextLine>
					<TextLine ID="P99_TL00033" HPOS="1486" VPOS="964" WIDTH="814" HEIGHT="62">
						<String ID="P99_ST00190" HPOS="1486" VPOS="982" WIDTH="76" HEIGHT="43" CONTENT="pas" WC="1.00" CC="000"/>
						<SP ID="P99_SP00159" HPOS="1562" VPOS="1025" WIDTH="27"/>
						<String ID="P99_ST00191" HPOS="1589" VPOS="977" WIDTH="45" HEIGHT="33" CONTENT="et" WC="0.80" CC="04"/>
						<SP ID="P99_SP00160" HPOS="1634" VPOS="1025" WIDTH="26"/>
						<String ID="P99_ST00192" HPOS="1660" VPOS="983" WIDTH="89" HEIGHT="43" CONTENT="que" WC="1.00" CC="000"/>
						<SP ID="P99_SP00161" HPOS="1749" VPOS="1026" WIDTH="27"/>
						<String ID="P99_ST00193" HPOS="1776" VPOS="982" WIDTH="115" HEIGHT="28" CONTENT="nous" WC="1.00" CC="0000"/>
						<SP ID="P99_SP00162" HPOS="1891" VPOS="1026" WIDTH="26"/>
						<String ID="P99_ST00194" HPOS="1917" VPOS="964" WIDTH="143" HEIGHT="46" CONTENT="allons" WC="0.99" CC="034000"/>
						<SP ID="P99_SP00163" HPOS="2060" VPOS="1026" WIDTH="28"/>
						<String ID="P99_ST00195" HPOS="2088" VPOS="964" WIDTH="212" HEIGHT="46" CONTENT="dévoiler." WC="1.00" CC="050030004"/>
					</TextLine>
					<TextLine ID="P99_TL00034" HPOS="1552" VPOS="1033" WIDTH="1138" HEIGHT="62">
						<String ID="P99_ST00196" HPOS="1552" VPOS="1034" WIDTH="68" HEIGHT="46" CONTENT="Ce" WC="1.00" CC="00"/>
						<SP ID="P99_SP00164" HPOS="1620" VPOS="1080" WIDTH="28"/>
						<String ID="P99_ST00197" HPOS="1648" VPOS="1046" WIDTH="149" HEIGHT="49" CONTENT="temps" WC="1.00" CC="00000"/>
						<SP ID="P99_SP00165" HPOS="1797" VPOS="1095" WIDTH="49"/>
						<String ID="P99_ST00198" HPOS="1846" VPOS="1033" WIDTH="182" HEIGHT="46" CONTENT="difficile" WC="0.99" CC="040000540"/>
						<SP ID="P99_SP00166" HPOS="2028" VPOS="1095" WIDTH="39"/>
						<String ID="P99_ST00199" HPOS="2067" VPOS="1045" WIDTH="77" HEIGHT="34" CONTENT="eut" WC="1.00" CC="000"/>
						<SP ID="P99_SP00167" HPOS="2144" VPOS="1095" WIDTH="38"/>
						<String ID="P99_ST00200" HPOS="2182" VPOS="1033" WIDTH="91" HEIGHT="46" CONTENT="lieu" WC="0.99" CC="1120"/>
						<SP ID="P99_SP00168" HPOS="2273" VPOS="1095" WIDTH="37"/>
						<String ID="P99_ST00201" HPOS="2310" VPOS="1051" WIDTH="57" HEIGHT="28" CONTENT="en" WC="0.89" CC="20"/>
						<SP ID="P99_SP00169" HPOS="2367" VPOS="1095" WIDTH="36"/>
						<String ID="P99_ST00202" HPOS="2403" VPOS="1034" WIDTH="233" HEIGHT="60" CONTENT="Toscane," WC="0.99" CC="70000004"/>
						<SP ID="P99_SP00170" HPOS="2636" VPOS="1095" WIDTH="29"/>
						<String ID="P99_ST00203" HPOS="2665" VPOS="1036" WIDTH="25" HEIGHT="45" CONTENT="à" WC="1.00" CC="0"/>
					</TextLine>
					<TextLine ID="P99_TL00035" HPOS="1484" VPOS="1103" WIDTH="1203" HEIGHT="60">
						<String ID="P99_ST00204" HPOS="1484" VPOS="1103" WIDTH="249" HEIGHT="60" CONTENT="Livourne," WC="0.87" CC="040000024"/>
						<SP ID="P99_SP00171" HPOS="1733" VPOS="1163" WIDTH="45"/>
						<String ID="P99_ST00205" HPOS="1778" VPOS="1122" WIDTH="57" HEIGHT="27" CONTENT="au" WC="1.00" CC="00"/>
						<SP ID="P99_SP00172" HPOS="1835" VPOS="1163" WIDTH="45"/>
						<String ID="P99_ST00206" HPOS="1880" VPOS="1103" WIDTH="189" HEIGHT="46" CONTENT="Théâtre" WC="0.99" CC="0170031" STYLEREFS="TXT_2"/>
						<SP ID="P99_SP00173" HPOS="2069" VPOS="1163" WIDTH="40"/>
						<String ID="P99_ST00207" HPOS="2109" VPOS="1103" WIDTH="176" HEIGHT="46" CONTENT="Goldini" WC="0.73" CC="0700505" STYLEREFS="TXT_2"/>
						<String ID="P99_ST00208" HPOS="2288" VPOS="1140" WIDTH="11" HEIGHT="22" CONTENT="," WC="0.55" CC="4"/>
						<SP ID="P99_SP00174" HPOS="2299" VPOS="1163" WIDTH="41"/>
						<String ID="P99_ST00209" HPOS="2340" VPOS="1121" WIDTH="176" HEIGHT="42" CONTENT="pourvu" WC="1.00" CC="000000"/>
						<SP ID="P99_SP00175" HPOS="2516" VPOS="1163" WIDTH="36"/>
						<String ID="P99_ST00210" HPOS="2552" VPOS="1105" WIDTH="135" HEIGHT="46" CONTENT="d'une" WC="1.00" CC="03000"/>
					</TextLine>
					<TextLine ID="P99_TL00036" HPOS="1484" VPOS="1172" WIDTH="1204" HEIGHT="63">
						<String ID="P99_ST00211" HPOS="1484" VPOS="1172" WIDTH="210" HEIGHT="46" CONTENT="clientèle" WC="0.99" CC="045000710"/>
						<SP ID="P99_SP00176" HPOS="1694" VPOS="1218" WIDTH="28"/>
						<String ID="P99_ST00212" HPOS="1722" VPOS="1174" WIDTH="229" HEIGHT="61" CONTENT="exigente," WC="0.89" CC="003000014"/>
						<SP ID="P99_SP00177" HPOS="1951" VPOS="1235" WIDTH="29"/>
						<String ID="P99_ST00213" HPOS="1980" VPOS="1172" WIDTH="241" HEIGHT="59" CONTENT="excitable," WC="1.00" CC="0004000404"/>
						<SP ID="P99_SP00178" HPOS="2221" VPOS="1235" WIDTH="30"/>
						<String ID="P99_ST00214" HPOS="2251" VPOS="1172" WIDTH="214" HEIGHT="59" CONTENT="violente," WC="0.99" CC="030206004"/>
						<SP ID="P99_SP00179" HPOS="2465" VPOS="1235" WIDTH="31"/>
						<String ID="P99_ST00215" HPOS="2496" VPOS="1174" WIDTH="160" HEIGHT="45" CONTENT="démon" SUBS_TYPE="HypPart1" SUBS_CONTENT="démonstrative," WC="0.99" CC="06000"/>
						<HYP HPOS="2656" VPOS="1174" WIDTH="32" CONTENT="-"/>
					</TextLine>
					<TextLine ID="P99_TL00037" HPOS="1484" VPOS="1242" WIDTH="1206" HEIGHT="61">
						<String ID="P99_ST00216" HPOS="1484" VPOS="1244" WIDTH="196" HEIGHT="57" CONTENT="strative," SUBS_TYPE="HypPart2" SUBS_CONTENT="démonstrative," WC="1.00" CC="000003014"/>
						<SP ID="P99_SP00180" HPOS="1680" VPOS="1301" WIDTH="29"/>
						<String ID="P99_ST00217" HPOS="1709" VPOS="1242" WIDTH="289" HEIGHT="61" CONTENT="comparable" WC="1.00" CC="0200000040"/>
						<SP ID="P99_SP00181" HPOS="1998" VPOS="1303" WIDTH="27"/>
						<String ID="P99_ST00218" HPOS="2025" VPOS="1242" WIDTH="23" HEIGHT="45" CONTENT="à" WC="1.00" CC="0"/>
						<SP ID="P99_SP00182" HPOS="2048" VPOS="1303" WIDTH="27"/>
						<String ID="P99_ST00219" HPOS="2075" VPOS="1242" WIDTH="134" HEIGHT="46" CONTENT="celles" WC="1.00" CC="000010"/>
						<SP ID="P99_SP00183" HPOS="2209" VPOS="1303" WIDTH="38"/>
						<String ID="P99_ST00220" HPOS="2247" VPOS="1243" WIDTH="53" HEIGHT="44" CONTENT="de" WC="1.00" CC="00"/>
						<SP ID="P99_SP00184" HPOS="2300" VPOS="1303" WIDTH="41"/>
						<String ID="P99_ST00221" HPOS="2341" VPOS="1259" WIDTH="81" HEIGHT="29" CONTENT="nos" WC="1.00" CC="000"/>
						<SP ID="P99_SP00185" HPOS="2422" VPOS="1303" WIDTH="37"/>
						<String ID="P99_ST00222" HPOS="2459" VPOS="1244" WIDTH="231" HEIGHT="45" CONTENT="Théâtres" WC="0.99" CC="01610030"/>
					</TextLine>
					<TextLine ID="P99_TL00038" HPOS="1484" VPOS="1311" WIDTH="1204" HEIGHT="48">
						<String ID="P99_ST00223" HPOS="1484" VPOS="1312" WIDTH="52" HEIGHT="44" CONTENT="de" WC="1.00" CC="00"/>
						<SP ID="P99_SP00186" HPOS="1536" VPOS="1356" WIDTH="29"/>
						<String ID="P99_ST00224" HPOS="1565" VPOS="1311" WIDTH="223" HEIGHT="46" CONTENT="Province" WC="1.00" CC="20000000"/>
						<SP ID="P99_SP00187" HPOS="1788" VPOS="1357" WIDTH="40"/>
						<String ID="P99_ST00225" HPOS="1828" VPOS="1324" WIDTH="44" HEIGHT="33" CONTENT="et" WC="1.00" CC="00"/>
						<SP ID="P99_SP00188" HPOS="1872" VPOS="1357" WIDTH="38"/>
						<String ID="P99_ST00226" HPOS="1910" VPOS="1323" WIDTH="127" HEIGHT="34" CONTENT="entre" WC="0.98" CC="14440"/>
						<SP ID="P99_SP00189" HPOS="2037" VPOS="1357" WIDTH="33"/>
						<String ID="P99_ST00227" HPOS="2070" VPOS="1323" WIDTH="149" HEIGHT="34" CONTENT="autres" WC="1.00" CC="000400"/>
						<SP ID="P99_SP00190" HPOS="2219" VPOS="1357" WIDTH="27"/>
						<String ID="P99_ST00228" HPOS="2246" VPOS="1312" WIDTH="53" HEIGHT="45" CONTENT="de" WC="1.00" CC="00"/>
						<SP ID="P99_SP00191" HPOS="2299" VPOS="1357" WIDTH="31"/>
						<String ID="P99_ST00229" HPOS="2330" VPOS="1311" WIDTH="259" HEIGHT="47" CONTENT="Toulouse." WC="1.00" CC="000200004"/>
						<SP ID="P99_SP00192" HPOS="2589" VPOS="1358" WIDTH="31"/>
						<String ID="P99_ST00230" HPOS="2620" VPOS="1313" WIDTH="68" HEIGHT="46" CONTENT="Ce" WC="1.00" CC="00"/>
					</TextLine>
					<TextLine ID="P99_TL00039" HPOS="1488" VPOS="1379" WIDTH="1201" HEIGHT="62">
						<String ID="P99_ST00231" HPOS="1488" VPOS="1379" WIDTH="189" HEIGHT="47" CONTENT="Théâtre" WC="0.99" CC="0060052" STYLEREFS="TXT_2"/>
						<SP ID="P99_SP00193" HPOS="1677" VPOS="1426" WIDTH="23"/>
						<String ID="P99_ST00232" HPOS="1700" VPOS="1381" WIDTH="176" HEIGHT="45" CONTENT="Goldini" WC="0.56" CC="6500656" STYLEREFS="TXT_2"/>
						<SP ID="P99_SP00194" HPOS="1876" VPOS="1426" WIDTH="17"/>
						<String ID="P99_ST00233" HPOS="1893" VPOS="1382" WIDTH="74" HEIGHT="59" CONTENT="qui" WC="0.99" CC="003"/>
						<SP ID="P99_SP00195" HPOS="1967" VPOS="1441" WIDTH="19"/>
						<String ID="P99_ST00234" HPOS="1986" VPOS="1398" WIDTH="57" HEIGHT="28" CONTENT="ne" WC="0.86" CC="02"/>
						<SP ID="P99_SP00196" HPOS="2043" VPOS="1441" WIDTH="19"/>
						<String ID="P99_ST00235" HPOS="2062" VPOS="1381" WIDTH="185" HEIGHT="59" CONTENT="pouvait" WC="1.00" CC="0000040"/>
						<SP ID="P99_SP00197" HPOS="2247" VPOS="1441" WIDTH="17"/>
						<String ID="P99_ST00236" HPOS="2264" VPOS="1392" WIDTH="425" HEIGHT="49" CONTENT="somptueusement" WC="1.00" CC="00000500000000"/>
					</TextLine>
					<TextLine ID="P99_TL00040" HPOS="1484" VPOS="1450" WIDTH="1203" HEIGHT="64">
						<String ID="P99_ST00237" HPOS="1484" VPOS="1451" WIDTH="234" HEIGHT="59" CONTENT="appointer" WC="1.00" CC="000020000"/>
						<SP ID="P99_SP00198" HPOS="1718" VPOS="1510" WIDTH="20"/>
						<String ID="P99_ST00238" HPOS="1738" VPOS="1467" WIDTH="66" HEIGHT="29" CONTENT="ses" WC="1.00" CC="000"/>
						<SP ID="P99_SP00199" HPOS="1804" VPOS="1510" WIDTH="23"/>
						<String ID="P99_ST00239" HPOS="1827" VPOS="1451" WIDTH="279" HEIGHT="59" CONTENT="interprètes," WC="1.00" CC="300000070004"/>
						<SP ID="P99_SP00200" HPOS="2106" VPOS="1510" WIDTH="24"/>
						<String ID="P99_ST00240" HPOS="2130" VPOS="1451" WIDTH="187" HEIGHT="60" CONTENT="puisque" WC="1.00" CC="0040000"/>
						<SP ID="P99_SP00201" HPOS="2317" VPOS="1511" WIDTH="23"/>
						<String ID="P99_ST00241" HPOS="2340" VPOS="1450" WIDTH="39" HEIGHT="46" CONTENT="le" WC="0.89" CC="20"/>
						<SP ID="P99_SP00202" HPOS="2379" VPOS="1511" WIDTH="22"/>
						<String ID="P99_ST00242" HPOS="2401" VPOS="1452" WIDTH="99" HEIGHT="58" CONTENT="prix" WC="0.99" CC="0040"/>
						<SP ID="P99_SP00203" HPOS="2500" VPOS="1511" WIDTH="17"/>
						<String ID="P99_ST00243" HPOS="2517" VPOS="1468" WIDTH="170" HEIGHT="46" CONTENT="moyen" WC="0.99" CC="00700"/>
					</TextLine>
					<TextLine ID="P99_TL00041" HPOS="1484" VPOS="1519" WIDTH="1204" HEIGHT="60">
						<String ID="P99_ST00244" HPOS="1484" VPOS="1520" WIDTH="75" HEIGHT="44" CONTENT="des" WC="1.00" CC="000"/>
						<SP ID="P99_SP00204" HPOS="1559" VPOS="1564" WIDTH="26"/>
						<String ID="P99_ST00245" HPOS="1585" VPOS="1519" WIDTH="149" HEIGHT="60" CONTENT="places" WC="0.99" CC="040500"/>
						<SP ID="P99_SP00205" HPOS="1734" VPOS="1579" WIDTH="26"/>
						<String ID="P99_ST00246" HPOS="1760" VPOS="1532" WIDTH="65" HEIGHT="33" CONTENT="est" WC="1.00" CC="000"/>
						<SP ID="P99_SP00206" HPOS="1825" VPOS="1579" WIDTH="27"/>
						<String ID="P99_ST00247" HPOS="1852" VPOS="1520" WIDTH="119" HEIGHT="44" CONTENT="deux" WC="1.00" CC="0000"/>
						<SP ID="P99_SP00207" HPOS="1971" VPOS="1579" WIDTH="28"/>
						<String ID="P99_ST00248" HPOS="1999" VPOS="1519" WIDTH="116" HEIGHT="59" CONTENT="lires," WC="0.99" CC="370004"/>
						<SP ID="P99_SP00208" HPOS="2115" VPOS="1579" WIDTH="40"/>
						<String ID="P99_ST00249" HPOS="2155" VPOS="1521" WIDTH="119" HEIGHT="44" CONTENT="avait" WC="1.00" CC="00030"/>
						<SP ID="P99_SP00209" HPOS="2274" VPOS="1579" WIDTH="38"/>
						<String ID="P99_ST00250" HPOS="2312" VPOS="1532" WIDTH="101" HEIGHT="33" CONTENT="tout" WC="0.99" CC="0005"/>
						<SP ID="P99_SP00210" HPOS="2413" VPOS="1579" WIDTH="38"/>
						<String ID="P99_ST00251" HPOS="2451" VPOS="1521" WIDTH="54" HEIGHT="44" CONTENT="de" WC="1.00" CC="00"/>
						<SP ID="P99_SP00211" HPOS="2505" VPOS="1579" WIDTH="31"/>
						<String ID="P99_ST00252" HPOS="2536" VPOS="1522" WIDTH="152" HEIGHT="44" CONTENT="même" WC="0.99" CC="0400"/>
					</TextLine>
					<TextLine ID="P99_TL00042" HPOS="1484" VPOS="1588" WIDTH="1206" HEIGHT="60">
						<String ID="P99_ST00253" HPOS="1484" VPOS="1588" WIDTH="117" HEIGHT="45" CONTENT="deux" WC="1.00" CC="0000"/>
						<SP ID="P99_SP00212" HPOS="1601" VPOS="1633" WIDTH="23"/>
						<String ID="P99_ST00254" HPOS="1624" VPOS="1588" WIDTH="153" HEIGHT="45" CONTENT="ténors" WC="0.99" CC="070300"/>
						<SP ID="P99_SP00213" HPOS="1777" VPOS="1633" WIDTH="24"/>
						<String ID="P99_ST00255" HPOS="1801" VPOS="1605" WIDTH="9" HEIGHT="29" CONTENT=":" WC="0.49" CC="5"/>
						<SP ID="P99_SP00214" HPOS="1810" VPOS="1634" WIDTH="30"/>
						<String ID="P99_ST00256" HPOS="1840" VPOS="1588" WIDTH="209" HEIGHT="45" CONTENT="Beducchi" WC="0.93" CC="00000005" STYLEREFS="TXT_2"/>
						<String ID="P99_ST00257" HPOS="2053" VPOS="1626" WIDTH="10" HEIGHT="21" CONTENT="," WC="0.54" CC="4"/>
						<SP ID="P99_SP00215" HPOS="2063" VPOS="1647" WIDTH="23"/>
						<String ID="P99_ST00258" HPOS="2086" VPOS="1588" WIDTH="195" HEIGHT="46" CONTENT="l'enfant" WC="0.99" CC="04000063"/>
						<SP ID="P99_SP00216" HPOS="2281" VPOS="1647" WIDTH="18"/>
						<String ID="P99_ST00259" HPOS="2299" VPOS="1590" WIDTH="138" HEIGHT="58" CONTENT="chéri," WC="0.99" CC="006014"/>
						<SP ID="P99_SP00217" HPOS="2437" VPOS="1648" WIDTH="21"/>
						<String ID="P99_ST00260" HPOS="2458" VPOS="1601" WIDTH="44" HEIGHT="34" CONTENT="et" WC="1.00" CC="00"/>
						<SP ID="P99_SP00218" HPOS="2502" VPOS="1648" WIDTH="24"/>
						<String ID="P99_ST00261" HPOS="2526" VPOS="1590" WIDTH="164" HEIGHT="45" CONTENT="Caruso" WC="0.85" CC="000052" STYLEREFS="TXT_2"/>
					</TextLine>
					<TextLine ID="P99_TL00043" HPOS="1484" VPOS="1657" WIDTH="1206" HEIGHT="62">
						<String ID="P99_ST00262" HPOS="1484" VPOS="1657" WIDTH="40" HEIGHT="45" CONTENT="la" WC="1.00" CC="00"/>
						<SP ID="P99_SP00219" HPOS="1524" VPOS="1702" WIDTH="27"/>
						<String ID="P99_ST00263" HPOS="1551" VPOS="1658" WIDTH="100" HEIGHT="44" CONTENT="bête" WC="0.98" CC="0430"/>
						<SP ID="P99_SP00220" HPOS="1651" VPOS="1702" WIDTH="28"/>
						<String ID="P99_ST00264" HPOS="1679" VPOS="1659" WIDTH="144" HEIGHT="44" CONTENT="noire." WC="0.99" CC="003504"/>
						<SP ID="P99_SP00221" HPOS="1823" VPOS="1703" WIDTH="30"/>
						<String ID="P99_ST00265" HPOS="1853" VPOS="1658" WIDTH="125" HEIGHT="46" CONTENT="Mais" WC="0.98" CC="0540"/>
						<SP ID="P99_SP00222" HPOS="1978" VPOS="1704" WIDTH="34"/>
						<String ID="P99_ST00266" HPOS="2012" VPOS="1658" WIDTH="41" HEIGHT="45" CONTENT="le" WC="0.89" CC="20"/>
						<SP ID="P99_SP00223" HPOS="2053" VPOS="1704" WIDTH="39"/>
						<String ID="P99_ST00267" HPOS="2092" VPOS="1659" WIDTH="225" HEIGHT="44" CONTENT="directeur" WC="1.00" CC="034100100"/>
						<SP ID="P99_SP00224" HPOS="2317" VPOS="1704" WIDTH="37"/>
						<String ID="P99_ST00268" HPOS="2354" VPOS="1661" WIDTH="76" HEIGHT="58" CONTENT="qui" WC="0.98" CC="006"/>
						<SP ID="P99_SP00225" HPOS="2430" VPOS="1719" WIDTH="36"/>
						<String ID="P99_ST00269" HPOS="2466" VPOS="1661" WIDTH="200" HEIGHT="44" CONTENT="certaine" SUBS_TYPE="HypPart1" SUBS_CONTENT="certainement" WC="0.99" CC="60240300"/>
						<HYP HPOS="2666" VPOS="1661" WIDTH="24" CONTENT="-"/>
					</TextLine>
					<TextLine ID="P99_TL00044" HPOS="1484" VPOS="1728" WIDTH="1206" HEIGHT="47">
						<String ID="P99_ST00270" HPOS="1484" VPOS="1738" WIDTH="129" HEIGHT="34" CONTENT="ment" SUBS_TYPE="HypPart2" SUBS_CONTENT="certainement" WC="1.00" CC="0000"/>
						<SP ID="P99_SP00226" HPOS="1613" VPOS="1772" WIDTH="26"/>
						<String ID="P99_ST00271" HPOS="1639" VPOS="1728" WIDTH="119" HEIGHT="44" CONTENT="avait" WC="1.00" CC="00030"/>
						<SP ID="P99_SP00227" HPOS="1758" VPOS="1772" WIDTH="27"/>
						<String ID="P99_ST00272" HPOS="1785" VPOS="1745" WIDTH="57" HEIGHT="27" CONTENT="eu" WC="1.00" CC="00"/>
						<SP ID="P99_SP00228" HPOS="1842" VPOS="1772" WIDTH="27"/>
						<String ID="P99_ST00273" HPOS="1869" VPOS="1745" WIDTH="60" HEIGHT="27" CONTENT="ou" WC="1.00" CC="00"/>
						<SP ID="P99_SP00229" HPOS="1929" VPOS="1772" WIDTH="28"/>
						<String ID="P99_ST00274" HPOS="1957" VPOS="1728" WIDTH="150" HEIGHT="44" CONTENT="devait" WC="0.99" CC="000820"/>
						<SP ID="P99_SP00230" HPOS="2107" VPOS="1772" WIDTH="25"/>
						<String ID="P99_ST00275" HPOS="2132" VPOS="1729" WIDTH="123" HEIGHT="43" CONTENT="avoir" WC="1.00" CC="00030"/>
						<SP ID="P99_SP00231" HPOS="2255" VPOS="1772" WIDTH="27"/>
						<String ID="P99_ST00276" HPOS="2282" VPOS="1745" WIDTH="63" HEIGHT="27" CONTENT="un" WC="1.00" CC="00"/>
						<SP ID="P99_SP00232" HPOS="2345" VPOS="1772" WIDTH="41"/>
						<String ID="P99_ST00277" HPOS="2386" VPOS="1728" WIDTH="157" HEIGHT="45" CONTENT="Devin" WC="0.99" CC="20050"/>
						<SP ID="P99_SP00233" HPOS="2543" VPOS="1773" WIDTH="37"/>
						<String ID="P99_ST00278" HPOS="2580" VPOS="1729" WIDTH="110" HEIGHT="46" CONTENT="dans" WC="1.00" CC="0000"/>
					</TextLine>
					<TextLine ID="P99_TL00045" HPOS="1484" VPOS="1795" WIDTH="1204" HEIGHT="63">
						<String ID="P99_ST00279" HPOS="1484" VPOS="1813" WIDTH="45" HEIGHT="28" CONTENT="sa" WC="1.00" CC="00"/>
						<SP ID="P99_SP00234" HPOS="1529" VPOS="1841" WIDTH="37"/>
						<String ID="P99_ST00280" HPOS="1566" VPOS="1795" WIDTH="188" HEIGHT="59" CONTENT="famille," WC="1.00" CC="00003104"/>
						<SP ID="P99_SP00235" HPOS="1754" VPOS="1854" WIDTH="43"/>
						<String ID="P99_ST00281" HPOS="1797" VPOS="1796" WIDTH="110" HEIGHT="45" CONTENT="était" WC="0.99" CC="70020"/>
						<SP ID="P99_SP00236" HPOS="1907" VPOS="1854" WIDTH="40"/>
						<String ID="P99_ST00282" HPOS="1947" VPOS="1797" WIDTH="217" HEIGHT="59" CONTENT="persuadé" WC="1.00" CC="00010006"/>
						<SP ID="P99_SP00237" HPOS="2164" VPOS="1856" WIDTH="44"/>
						<String ID="P99_ST00283" HPOS="2208" VPOS="1814" WIDTH="85" HEIGHT="44" CONTENT="que" WC="1.00" CC="000"/>
						<SP ID="P99_SP00238" HPOS="2293" VPOS="1858" WIDTH="46"/>
						<String ID="P99_ST00284" HPOS="2339" VPOS="1797" WIDTH="41" HEIGHT="45" CONTENT="la" WC="0.80" CC="40"/>
						<SP ID="P99_SP00239" HPOS="2380" VPOS="1858" WIDTH="45"/>
						<String ID="P99_ST00285" HPOS="2425" VPOS="1799" WIDTH="101" HEIGHT="43" CONTENT="bête" WC="0.99" CC="0040"/>
						<SP ID="P99_SP00240" HPOS="2526" VPOS="1858" WIDTH="36"/>
						<String ID="P99_ST00286" HPOS="2562" VPOS="1800" WIDTH="126" HEIGHT="43" CONTENT="noire" WC="0.98" CC="02540"/>
					</TextLine>
					<TextLine ID="P99_TL00046" HPOS="1484" VPOS="1865" WIDTH="1201" HEIGHT="61">
						<String ID="P99_ST00287" HPOS="1484" VPOS="1865" WIDTH="108" HEIGHT="45" CONTENT="était" WC="0.99" CC="80000"/>
						<SP ID="P99_SP00241" HPOS="1592" VPOS="1910" WIDTH="49"/>
						<String ID="P99_ST00288" HPOS="1641" VPOS="1883" WIDTH="57" HEIGHT="27" CONTENT="au" WC="1.00" CC="00"/>
						<SP ID="P99_SP00242" HPOS="1698" VPOS="1910" WIDTH="50"/>
						<String ID="P99_ST00289" HPOS="1748" VPOS="1867" WIDTH="225" HEIGHT="44" CONTENT="contraire" WC="1.00" CC="000000200"/>
						<SP ID="P99_SP00243" HPOS="1973" VPOS="1911" WIDTH="50"/>
						<String ID="P99_ST00290" HPOS="2023" VPOS="1883" WIDTH="90" HEIGHT="28" CONTENT="une" WC="1.00" CC="000"/>
						<SP ID="P99_SP00244" HPOS="2113" VPOS="1911" WIDTH="53"/>
						<String ID="P99_ST00291" HPOS="2166" VPOS="1867" WIDTH="99" HEIGHT="44" CONTENT="bête" WC="0.99" CC="0500"/>
						<SP ID="P99_SP00245" HPOS="2265" VPOS="1911" WIDTH="51"/>
						<String ID="P99_ST00292" HPOS="2316" VPOS="1866" WIDTH="24" HEIGHT="45" CONTENT="à" WC="0.24" CC="7"/>
						<SP ID="P99_SP00246" HPOS="2340" VPOS="1911" WIDTH="50"/>
						<String ID="P99_ST00293" HPOS="2390" VPOS="1867" WIDTH="102" HEIGHT="45" CONTENT="Bon" WC="0.98" CC="400"/>
						<SP ID="P99_SP00247" HPOS="2492" VPOS="1912" WIDTH="53"/>
						<String ID="P99_ST00294" HPOS="2545" VPOS="1867" WIDTH="140" HEIGHT="59" CONTENT="Dieu," WC="0.98" CC="24004"/>
					</TextLine>
					<TextLine ID="P99_TL00047" HPOS="1484" VPOS="1934" WIDTH="1203" HEIGHT="61">
						<String ID="P99_ST00295" HPOS="1484" VPOS="1934" WIDTH="110" HEIGHT="61" CONTENT="qu'il" WC="0.99" CC="00330"/>
						<SP ID="P99_SP00248" HPOS="1594" VPOS="1995" WIDTH="27"/>
						<String ID="P99_ST00296" HPOS="1621" VPOS="1934" WIDTH="142" HEIGHT="45" CONTENT="fallait" WC="1.00" CC="0001030"/>
						<SP ID="P99_SP00249" HPOS="1763" VPOS="1995" WIDTH="25"/>
						<String ID="P99_ST00297" HPOS="1788" VPOS="1935" WIDTH="291" HEIGHT="46" CONTENT="absolument" WC="1.00" CC="0000000000"/>
						<SP ID="P99_SP00250" HPOS="2079" VPOS="1995" WIDTH="28"/>
						<String ID="P99_ST00298" HPOS="2107" VPOS="1937" WIDTH="195" HEIGHT="58" CONTENT="imposer" WC="1.00" CC="0002000"/>
						<SP ID="P99_SP00251" HPOS="2302" VPOS="1995" WIDTH="26"/>
						<String ID="P99_ST00299" HPOS="2328" VPOS="1936" WIDTH="22" HEIGHT="44" CONTENT="à" WC="1.00" CC="9"/>
						<SP ID="P99_SP00252" HPOS="2350" VPOS="1995" WIDTH="26"/>
						<String ID="P99_ST00300" HPOS="2376" VPOS="1953" WIDTH="46" HEIGHT="28" CONTENT="sa" WC="1.00" CC="00"/>
						<SP ID="P99_SP00253" HPOS="2422" VPOS="1995" WIDTH="38"/>
						<String ID="P99_ST00301" HPOS="2460" VPOS="1936" WIDTH="227" HEIGHT="47" CONTENT="clientèle." WC="0.99" CC="0370007304"/>
					</TextLine>
					<TextLine ID="P99_TL00048" HPOS="1484" VPOS="2003" WIDTH="1205" HEIGHT="62">
						<String ID="P99_ST00302" HPOS="1484" VPOS="2003" WIDTH="117" HEIGHT="45" CONTENT="Bien" WC="0.98" CC="6100"/>
						<SP ID="P99_SP00254" HPOS="1601" VPOS="2048" WIDTH="41"/>
						<String ID="P99_ST00303" HPOS="1642" VPOS="2021" WIDTH="88" HEIGHT="44" CONTENT="que" WC="1.00" CC="000"/>
						<SP ID="P99_SP00255" HPOS="1730" VPOS="2065" WIDTH="42"/>
						<String ID="P99_ST00304" HPOS="1772" VPOS="2004" WIDTH="212" HEIGHT="45" CONTENT="l'Avenir" WC="1.00" CC="03001020"/>
						<SP ID="P99_SP00256" HPOS="1984" VPOS="2065" WIDTH="39"/>
						<String ID="P99_ST00305" HPOS="2023" VPOS="2005" WIDTH="148" HEIGHT="44" CONTENT="devait" WC="1.00" CC="000030"/>
						<SP ID="P99_SP00257" HPOS="2171" VPOS="2065" WIDTH="38"/>
						<String ID="P99_ST00306" HPOS="2209" VPOS="2005" WIDTH="62" HEIGHT="45" CONTENT="lui" WC="0.98" CC="400"/>
						<SP ID="P99_SP00258" HPOS="2271" VPOS="2065" WIDTH="38"/>
						<String ID="P99_ST00307" HPOS="2309" VPOS="2006" WIDTH="175" HEIGHT="45" CONTENT="donner" WC="1.00" CC="000000"/>
						<SP ID="P99_SP00259" HPOS="2484" VPOS="2065" WIDTH="26"/>
						<String ID="P99_ST00308" HPOS="2510" VPOS="2006" WIDTH="154" HEIGHT="45" CONTENT="absolu" SUBS_TYPE="HypPart1" SUBS_CONTENT="absolument" WC="1.00" CC="000000"/>
						<HYP HPOS="2664" VPOS="2006" WIDTH="25" CONTENT="-"/>
					</TextLine>
					<TextLine ID="P99_TL00049" HPOS="1484" VPOS="2073" WIDTH="1205" HEIGHT="60">
						<String ID="P99_ST00309" HPOS="1484" VPOS="2086" WIDTH="130" HEIGHT="32" CONTENT="ment" SUBS_TYPE="HypPart2" SUBS_CONTENT="absolument" WC="1.00" CC="0000"/>
						<SP ID="P99_SP00260" HPOS="1614" VPOS="2118" WIDTH="40"/>
						<String ID="P99_ST00310" HPOS="1654" VPOS="2075" WIDTH="164" HEIGHT="58" CONTENT="raison," WC="1.00" CC="0010004"/>
						<SP ID="P99_SP00261" HPOS="1818" VPOS="2133" WIDTH="43"/>
						<String ID="P99_ST00311" HPOS="1861" VPOS="2073" WIDTH="40" HEIGHT="45" CONTENT="le" WC="1.00" CC="00"/>
						<SP ID="P99_SP00262" HPOS="1901" VPOS="2133" WIDTH="40"/>
						<String ID="P99_ST00312" HPOS="1941" VPOS="2075" WIDTH="227" HEIGHT="44" CONTENT="directeur" WC="1.00" CC="022000000"/>
						<SP ID="P99_SP00263" HPOS="2168" VPOS="2133" WIDTH="39"/>
						<String ID="P99_ST00313" HPOS="2207" VPOS="2086" WIDTH="77" HEIGHT="33" CONTENT="eut" WC="1.00" CC="000"/>
						<SP ID="P99_SP00264" HPOS="2284" VPOS="2133" WIDTH="38"/>
						<String ID="P99_ST00314" HPOS="2322" VPOS="2075" WIDTH="41" HEIGHT="45" CONTENT="la" WC="0.84" CC="30"/>
						<SP ID="P99_SP00265" HPOS="2363" VPOS="2133" WIDTH="39"/>
						<String ID="P99_ST00315" HPOS="2402" VPOS="2075" WIDTH="192" HEIGHT="45" CONTENT="douleur" WC="1.00" CC="0000000"/>
						<SP ID="P99_SP00266" HPOS="2594" VPOS="2133" WIDTH="41"/>
						<String ID="P99_ST00316" HPOS="2635" VPOS="2076" WIDTH="54" HEIGHT="44" CONTENT="de" WC="1.00" CC="00"/>
					</TextLine>
					<TextLine ID="P99_TL00050" HPOS="1484" VPOS="2143" WIDTH="1203" HEIGHT="61">
						<String ID="P99_ST00317" HPOS="1484" VPOS="2154" WIDTH="228" HEIGHT="34" CONTENT="constater" WC="0.99" CC="800030005"/>
						<SP ID="P99_SP00267" HPOS="1712" VPOS="2188" WIDTH="26"/>
						<String ID="P99_ST00318" HPOS="1738" VPOS="2160" WIDTH="89" HEIGHT="44" CONTENT="que" WC="0.99" CC="002"/>
						<SP ID="P99_SP00268" HPOS="1827" VPOS="2204" WIDTH="21"/>
						<String ID="P99_ST00319" HPOS="1848" VPOS="2143" WIDTH="173" HEIGHT="61" CONTENT="malgré" WC="0.99" CC="000007"/>
						<SP ID="P99_SP00269" HPOS="2021" VPOS="2204" WIDTH="21"/>
						<String ID="P99_ST00320" HPOS="2042" VPOS="2143" WIDTH="41" HEIGHT="45" CONTENT="la" WC="1.00" CC="00"/>
						<SP ID="P99_SP00270" HPOS="2083" VPOS="2204" WIDTH="22"/>
						<String ID="P99_ST00321" HPOS="2105" VPOS="2143" WIDTH="223" HEIGHT="46" CONTENT="Destinée" WC="0.99" CC="00007060"/>
						<SP ID="P99_SP00271" HPOS="2328" VPOS="2204" WIDTH="21"/>
						<String ID="P99_ST00322" HPOS="2349" VPOS="2144" WIDTH="62" HEIGHT="45" CONTENT="lui" WC="0.97" CC="206"/>
						<SP ID="P99_SP00272" HPOS="2411" VPOS="2204" WIDTH="19"/>
						<String ID="P99_ST00323" HPOS="2430" VPOS="2156" WIDTH="44" HEIGHT="33" CONTENT="et" WC="1.00" CC="00"/>
						<SP ID="P99_SP00273" HPOS="2474" VPOS="2204" WIDTH="23"/>
						<String ID="P99_ST00324" HPOS="2497" VPOS="2145" WIDTH="190" HEIGHT="58" CONTENT="Caruso," WC="0.94" CC="0000004"/>
					</TextLine>
					<TextLine ID="P99_TL00051" HPOS="1484" VPOS="2211" WIDTH="1206" HEIGHT="63">
						<String ID="P99_ST00325" HPOS="1484" VPOS="2211" WIDTH="40" HEIGHT="45" CONTENT="le" WC="0.92" CC="10"/>
						<SP ID="P99_SP00274" HPOS="1524" VPOS="2256" WIDTH="28"/>
						<String ID="P99_ST00326" HPOS="1552" VPOS="2211" WIDTH="162" HEIGHT="46" CONTENT="Public" WC="0.99" CC="600030"/>
						<SP ID="P99_SP00275" HPOS="1714" VPOS="2257" WIDTH="41"/>
						<String ID="P99_ST00327" HPOS="1755" VPOS="2230" WIDTH="57" HEIGHT="27" CONTENT="ne" WC="0.99" CC="00"/>
						<SP ID="P99_SP00276" HPOS="1812" VPOS="2257" WIDTH="42"/>
						<String ID="P99_ST00328" HPOS="1854" VPOS="2213" WIDTH="173" HEIGHT="45" CONTENT="voulait" WC="1.00" CC="0000030"/>
						<SP ID="P99_SP00277" HPOS="2027" VPOS="2258" WIDTH="37"/>
						<String ID="P99_ST00329" HPOS="2064" VPOS="2214" WIDTH="97" HEIGHT="44" CONTENT="rien" WC="0.99" CC="0500"/>
						<SP ID="P99_SP00278" HPOS="2161" VPOS="2258" WIDTH="38"/>
						<String ID="P99_ST00330" HPOS="2199" VPOS="2214" WIDTH="144" HEIGHT="44" CONTENT="savoir" WC="1.00" CC="000050"/>
						<SP ID="P99_SP00279" HPOS="2343" VPOS="2258" WIDTH="39"/>
						<String ID="P99_ST00331" HPOS="2382" VPOS="2225" WIDTH="44" HEIGHT="33" CONTENT="et" WC="1.00" CC="00"/>
						<SP ID="P99_SP00280" HPOS="2426" VPOS="2258" WIDTH="27"/>
						<String ID="P99_ST00332" HPOS="2453" VPOS="2213" WIDTH="39" HEIGHT="45" CONTENT="le" WC="1.00" CC="00"/>
						<SP ID="P99_SP00281" HPOS="2492" VPOS="2258" WIDTH="28"/>
						<String ID="P99_ST00333" HPOS="2520" VPOS="2231" WIDTH="170" HEIGHT="43" CONTENT="prouva" WC="1.00" CC="005000"/>
					</TextLine>
					<TextLine ID="P99_TL00052" HPOS="1484" VPOS="2281" WIDTH="1204" HEIGHT="62">
						<String ID="P99_ST00334" HPOS="1484" VPOS="2282" WIDTH="120" HEIGHT="58" CONTENT="bien," WC="0.99" CC="04004"/>
						<SP ID="P99_SP00282" HPOS="1604" VPOS="2340" WIDTH="30"/>
						<String ID="P99_ST00335" HPOS="1634" VPOS="2282" WIDTH="154" HEIGHT="60" CONTENT="quand" WC="1.00" CC="00000"/>
						<SP ID="P99_SP00283" HPOS="1788" VPOS="2342" WIDTH="28"/>
						<String ID="P99_ST00336" HPOS="1816" VPOS="2299" WIDTH="56" HEIGHT="27" CONTENT="en" WC="1.00" CC="00"/>
						<SP ID="P99_SP00284" HPOS="1872" VPOS="2342" WIDTH="35"/>
						<String ID="P99_ST00337" HPOS="1907" VPOS="2281" WIDTH="144" HEIGHT="62" CONTENT="1897," WC="0.42" CC="56654"/>
						<SP ID="P99_SP00285" HPOS="2051" VPOS="2343" WIDTH="28"/>
						<String ID="P99_ST00338" HPOS="2079" VPOS="2282" WIDTH="24" HEIGHT="45" CONTENT="à" WC="0.40" CC="5"/>
						<SP ID="P99_SP00286" HPOS="2103" VPOS="2343" WIDTH="26"/>
						<String ID="P99_ST00339" HPOS="2129" VPOS="2300" WIDTH="91" HEIGHT="27" CONTENT="une" WC="1.00" CC="001"/>
						<SP ID="P99_SP00287" HPOS="2220" VPOS="2343" WIDTH="27"/>
						<String ID="P99_ST00340" HPOS="2247" VPOS="2283" WIDTH="359" HEIGHT="60" CONTENT="représentation" WC="1.00" CC="02006000008507"/>
						<SP ID="P99_SP00288" HPOS="2606" VPOS="2343" WIDTH="28"/>
						<String ID="P99_ST00341" HPOS="2634" VPOS="2285" WIDTH="54" HEIGHT="43" CONTENT="de" WC="0.61" CC="70"/>
					</TextLine>
					<TextLine ID="P99_TL00053" HPOS="1484" VPOS="2350" WIDTH="1206" HEIGHT="49">
						<String ID="P99_ST00342" HPOS="1484" VPOS="2350" WIDTH="30" HEIGHT="45" CONTENT="u" STYLE="superscript" WC="0.09" CC="9" STYLEREFS="TXT_2"/>
						<String ID="P99_ST00343" HPOS="1514" VPOS="2350" WIDTH="60" HEIGHT="45" CONTENT="la" WC="0.09" CC="04" STYLEREFS="TXT_2"/>
						<SP ID="P99_SP00289" HPOS="1574" VPOS="2395" WIDTH="32"/>
						<String ID="P99_ST00344" HPOS="1606" VPOS="2350" WIDTH="79" HEIGHT="48" CONTENT="Vie" WC="0.98" CC="600" STYLEREFS="TXT_2"/>
						<SP ID="P99_SP00290" HPOS="1685" VPOS="2398" WIDTH="25"/>
						<String ID="P99_ST00345" HPOS="1710" VPOS="2352" WIDTH="49" HEIGHT="43" CONTENT="de" WC="1.00" CC="00" STYLEREFS="TXT_2"/>
						<SP ID="P99_SP00291" HPOS="1759" VPOS="2398" WIDTH="26"/>
						<String ID="P99_ST00346" HPOS="1785" VPOS="2350" WIDTH="179" HEIGHT="45" CONTENT="Bohême" WC="0.98" CC="052610" STYLEREFS="TXT_2"/>
						<SP ID="P99_SP00292" HPOS="1964" VPOS="2398" WIDTH="22"/>
						<String ID="P99_ST00347" HPOS="1986" VPOS="2351" WIDTH="27" HEIGHT="17" CONTENT='"' WC="0.40" CC="5"/>
						<SP ID="P99_SP00293" HPOS="2013" VPOS="2398" WIDTH="43"/>
						<String ID="P99_ST00348" HPOS="2056" VPOS="2352" WIDTH="26" HEIGHT="44" CONTENT="il" WC="1.00" CC="00"/>
						<SP ID="P99_SP00294" HPOS="2082" VPOS="2398" WIDTH="41"/>
						<String ID="P99_ST00349" HPOS="2123" VPOS="2352" WIDTH="248" HEIGHT="45" CONTENT="bombarda" WC="1.00" CC="00030000"/>
						<SP ID="P99_SP00295" HPOS="2371" VPOS="2398" WIDTH="39"/>
						<String ID="P99_ST00350" HPOS="2410" VPOS="2352" WIDTH="175" HEIGHT="47" CONTENT="Caruso" WC="1.00" CC="000000"/>
						<SP ID="P99_SP00296" HPOS="2585" VPOS="2399" WIDTH="30"/>
						<String ID="P99_ST00351" HPOS="2615" VPOS="2353" WIDTH="75" HEIGHT="46" CONTENT="des" WC="1.00" CC="000"/>
					</TextLine>
					<TextLine ID="P99_TL00054" HPOS="1484" VPOS="2420" WIDTH="1206" HEIGHT="63">
						<String ID="P99_ST00352" HPOS="1484" VPOS="2420" WIDTH="99" HEIGHT="59" CONTENT="plus" WC="0.99" CC="0500"/>
						<SP ID="P99_SP00297" HPOS="1583" VPOS="2479" WIDTH="39"/>
						<String ID="P99_ST00353" HPOS="1622" VPOS="2420" WIDTH="137" HEIGHT="46" CONTENT="belles" WC="1.00" CC="005000"/>
						<SP ID="P99_SP00298" HPOS="1759" VPOS="2479" WIDTH="38"/>
						<String ID="P99_ST00354" HPOS="1797" VPOS="2433" WIDTH="210" HEIGHT="46" CONTENT="tomates," WC="0.99" CC="03005004"/>
						<SP ID="P99_SP00299" HPOS="2007" VPOS="2479" WIDTH="30"/>
						<String ID="P99_ST00355" HPOS="2037" VPOS="2421" WIDTH="369" HEIGHT="62" CONTENT="religieusement" WC="1.00" CC="10000200000000"/>
						<SP ID="P99_SP00300" HPOS="2406" VPOS="2483" WIDTH="45"/>
						<String ID="P99_ST00356" HPOS="2451" VPOS="2422" WIDTH="239" HEIGHT="46" CONTENT="ramassées" WC="1.00" CC="000000700"/>
					</TextLine>
					<TextLine ID="P99_TL00055" HPOS="1484" VPOS="2489" WIDTH="1205" HEIGHT="63">
						<String ID="P99_ST00357" HPOS="1484" VPOS="2507" WIDTH="76" HEIGHT="41" CONTENT="par" WC="1.00" CC="000"/>
						<SP ID="P99_SP00301" HPOS="1560" VPOS="2548" WIDTH="27"/>
						<String ID="P99_ST00358" HPOS="1587" VPOS="2489" WIDTH="40" HEIGHT="45" CONTENT="le" WC="0.93" CC="01"/>
						<SP ID="P99_SP00302" HPOS="1627" VPOS="2548" WIDTH="29"/>
						<String ID="P99_ST00359" HPOS="1656" VPOS="2489" WIDTH="218" HEIGHT="63" CONTENT="régisseur" WC="1.00" CC="070600000"/>
						<SP ID="P99_SP00303" HPOS="1874" VPOS="2552" WIDTH="27"/>
						<String ID="P99_ST00360" HPOS="1901" VPOS="2491" WIDTH="77" HEIGHT="59" CONTENT="qui" WC="0.99" CC="002"/>
						<SP ID="P99_SP00304" HPOS="1978" VPOS="2552" WIDTH="29"/>
						<String ID="P99_ST00361" HPOS="2007" VPOS="2489" WIDTH="62" HEIGHT="47" CONTENT="les" WC="1.00" CC="000"/>
						<SP ID="P99_SP00305" HPOS="2069" VPOS="2552" WIDTH="38"/>
						<String ID="P99_ST00362" HPOS="2107" VPOS="2508" WIDTH="167" HEIGHT="44" CONTENT="rangea" WC="0.99" CC="180010"/>
						<SP ID="P99_SP00306" HPOS="2274" VPOS="2552" WIDTH="38"/>
						<String ID="P99_ST00363" HPOS="2312" VPOS="2503" WIDTH="44" HEIGHT="32" CONTENT="et" WC="1.00" CC="00"/>
						<SP ID="P99_SP00307" HPOS="2356" VPOS="2552" WIDTH="39"/>
						<String ID="P99_ST00364" HPOS="2395" VPOS="2491" WIDTH="61" HEIGHT="45" CONTENT="les" WC="0.99" CC="300"/>
						<SP ID="P99_SP00308" HPOS="2456" VPOS="2552" WIDTH="27"/>
						<String ID="P99_ST00365" HPOS="2483" VPOS="2492" WIDTH="206" HEIGHT="44" CONTENT="revendit" WC="0.99" CC="00008040"/>
					</TextLine>
					<TextLine ID="P99_TL00056" HPOS="1484" VPOS="2558" WIDTH="1206" HEIGHT="63">
						<String ID="P99_ST00366" HPOS="1484" VPOS="2559" WIDTH="23" HEIGHT="45" CONTENT="à" WC="1.00" CC="0"/>
						<SP ID="P99_SP00309" HPOS="1507" VPOS="2604" WIDTH="36"/>
						<String ID="P99_ST00367" HPOS="1543" VPOS="2558" WIDTH="42" HEIGHT="46" CONTENT="la" WC="1.00" CC="00"/>
						<SP ID="P99_SP00310" HPOS="1585" VPOS="2604" WIDTH="36"/>
						<String ID="P99_ST00368" HPOS="1621" VPOS="2561" WIDTH="151" HEIGHT="57" CONTENT="sortie," WC="0.99" CC="0000504"/>
						<SP ID="P99_SP00311" HPOS="1772" VPOS="2618" WIDTH="47"/>
						<String ID="P99_ST00369" HPOS="1819" VPOS="2560" WIDTH="53" HEIGHT="44" CONTENT="de" WC="0.96" CC="00"/>
						<SP ID="P99_SP00312" HPOS="1872" VPOS="2618" WIDTH="42"/>
						<String ID="P99_ST00370" HPOS="1914" VPOS="2559" WIDTH="105" HEIGHT="45" CONTENT="telle" WC="0.99" CC="30301"/>
						<SP ID="P99_SP00313" HPOS="2019" VPOS="2618" WIDTH="39"/>
						<String ID="P99_ST00371" HPOS="2058" VPOS="2573" WIDTH="117" HEIGHT="32" CONTENT="sorte" WC="0.99" CC="00050"/>
						<SP ID="P99_SP00314" HPOS="2175" VPOS="2618" WIDTH="42"/>
						<String ID="P99_ST00372" HPOS="2217" VPOS="2578" WIDTH="88" HEIGHT="43" CONTENT="que" WC="0.99" CC="010"/>
						<SP ID="P99_SP00315" HPOS="2305" VPOS="2621" WIDTH="42"/>
						<String ID="P99_ST00373" HPOS="2347" VPOS="2578" WIDTH="51" HEIGHT="28" CONTENT="ce" WC="1.00" CC="00"/>
						<SP ID="P99_SP00316" HPOS="2398" VPOS="2621" WIDTH="39"/>
						<String ID="P99_ST00374" HPOS="2437" VPOS="2562" WIDTH="153" HEIGHT="44" CONTENT="furent" WC="1.00" CC="050000"/>
						<SP ID="P99_SP00317" HPOS="2590" VPOS="2621" WIDTH="37"/>
						<String ID="P99_ST00375" HPOS="2627" VPOS="2561" WIDTH="63" HEIGHT="45" CONTENT="les" WC="1.00" CC="000"/>
					</TextLine>
					<TextLine ID="P99_TL00057" HPOS="1484" VPOS="2628" WIDTH="1204" HEIGHT="61">
						<String ID="P99_ST00376" HPOS="1484" VPOS="2628" WIDTH="188" HEIGHT="60" CONTENT="mêmes," WC="0.99" CC="050104"/>
						<SP ID="P99_SP00318" HPOS="1672" VPOS="2688" WIDTH="39"/>
						<String ID="P99_ST00377" HPOS="1711" VPOS="2646" WIDTH="60" HEIGHT="27" CONTENT="011" WC="0.47" CC="078"/>
						<SP ID="P99_SP00319" HPOS="1771" VPOS="2688" WIDTH="41"/>
						<String ID="P99_ST00378" HPOS="1812" VPOS="2641" WIDTH="107" HEIGHT="47" CONTENT="peut" WC="1.00" CC="0000"/>
						<SP ID="P99_SP00320" HPOS="1919" VPOS="2688" WIDTH="38"/>
						<String ID="P99_ST00379" HPOS="1957" VPOS="2628" WIDTH="40" HEIGHT="46" CONTENT="le" WC="1.00" CC="00"/>
						<SP ID="P99_SP00321" HPOS="1997" VPOS="2688" WIDTH="40"/>
						<String ID="P99_ST00380" HPOS="2037" VPOS="2629" WIDTH="92" HEIGHT="45" CONTENT="dire" WC="0.99" CC="0401"/>
						<SP ID="P99_SP00322" HPOS="2129" VPOS="2688" WIDTH="39"/>
						<String ID="P99_ST00381" HPOS="2168" VPOS="2630" WIDTH="201" HEIGHT="45" CONTENT="fournies" WC="1.00" CC="00000200"/>
						<SP ID="P99_SP00323" HPOS="2369" VPOS="2688" WIDTH="37"/>
						<String ID="P99_ST00382" HPOS="2406" VPOS="2647" WIDTH="77" HEIGHT="42" CONTENT="par" WC="1.00" CC="000"/>
						<SP ID="P99_SP00324" HPOS="2483" VPOS="2689" WIDTH="26"/>
						<String ID="P99_ST00383" HPOS="2509" VPOS="2630" WIDTH="154" HEIGHT="45" CONTENT="l'admi" SUBS_TYPE="HypPart1" SUBS_CONTENT="l'administration," WC="0.99" CC="040004"/>
						<HYP HPOS="2663" VPOS="2630" WIDTH="25" CONTENT="-"/>
					</TextLine>
					<TextLine ID="P99_TL00058" HPOS="1484" VPOS="2698" WIDTH="1204" HEIGHT="60">
						<String ID="P99_ST00384" HPOS="1484" VPOS="2699" WIDTH="254" HEIGHT="57" CONTENT="nistration," SUBS_TYPE="HypPart2" SUBS_CONTENT="l'administration," WC="1.00" CC="05000040004"/>
						<SP ID="P99_SP00325" HPOS="1738" VPOS="2756" WIDTH="30"/>
						<String ID="P99_ST00385" HPOS="1768" VPOS="2700" WIDTH="76" HEIGHT="58" CONTENT="qui" WC="0.99" CC="001"/>
						<SP ID="P99_SP00326" HPOS="1844" VPOS="2758" WIDTH="27"/>
						<String ID="P99_ST00386" HPOS="1871" VPOS="2700" WIDTH="291" HEIGHT="43" CONTENT="resservirent" WC="1.00" CC="000000040000"/>
						<SP ID="P99_SP00327" HPOS="2162" VPOS="2758" WIDTH="27"/>
						<String ID="P99_ST00387" HPOS="2189" VPOS="2699" WIDTH="38" HEIGHT="44" CONTENT="le" WC="0.65" CC="60"/>
						<SP ID="P99_SP00328" HPOS="2227" VPOS="2758" WIDTH="24"/>
						<String ID="P99_ST00388" HPOS="2251" VPOS="2698" WIDTH="277" HEIGHT="47" CONTENT="lendemain." WC="1.00" CC="6000000004"/>
						<SP ID="P99_SP00329" HPOS="2528" VPOS="2758" WIDTH="32"/>
						<String ID="P99_ST00389" HPOS="2560" VPOS="2699" WIDTH="96" HEIGHT="46" CONTENT="Con" SUBS_TYPE="HypPart1" SUBS_CONTENT="Confiant" WC="0.99" CC="000"/>
						<HYP HPOS="2656" VPOS="2699" WIDTH="32" CONTENT="-"/>
					</TextLine>
					<TextLine ID="P99_TL00059" HPOS="1484" VPOS="2766" WIDTH="1204" HEIGHT="61">
						<String ID="P99_ST00390" HPOS="1484" VPOS="2766" WIDTH="112" HEIGHT="46" CONTENT="fiant" SUBS_TYPE="HypPart2" SUBS_CONTENT="Confiant" WC="0.99" CC="44000"/>
						<SP ID="P99_SP00330" HPOS="1596" VPOS="2812" WIDTH="38"/>
						<String ID="P99_ST00391" HPOS="1634" VPOS="2785" WIDTH="57" HEIGHT="27" CONTENT="en" WC="1.00" CC="00"/>
						<SP ID="P99_SP00331" HPOS="1691" VPOS="2812" WIDTH="39"/>
						<String ID="P99_ST00392" HPOS="1730" VPOS="2767" WIDTH="62" HEIGHT="45" CONTENT="lui" WC="1.00" CC="000"/>
						<SP ID="P99_SP00332" HPOS="1792" VPOS="2812" WIDTH="40"/>
						<String ID="P99_ST00393" HPOS="1832" VPOS="2778" WIDTH="45" HEIGHT="34" CONTENT="et" WC="1.00" CC="00"/>
						<SP ID="P99_SP00333" HPOS="1877" VPOS="2812" WIDTH="39"/>
						<String ID="P99_ST00394" HPOS="1916" VPOS="2785" WIDTH="57" HEIGHT="28" CONTENT="en" WC="1.00" CC="00"/>
						<SP ID="P99_SP00334" HPOS="1973" VPOS="2813" WIDTH="38"/>
						<String ID="P99_ST00395" HPOS="2011" VPOS="2785" WIDTH="80" HEIGHT="28" CONTENT="son" WC="1.00" CC="000"/>
						<SP ID="P99_SP00335" HPOS="2091" VPOS="2813" WIDTH="40"/>
						<String ID="P99_ST00396" HPOS="2131" VPOS="2768" WIDTH="169" HEIGHT="59" CONTENT="Etoile," WC="0.99" CC="2005004"/>
						<SP ID="P99_SP00336" HPOS="2300" VPOS="2827" WIDTH="42"/>
						<String ID="P99_ST00397" HPOS="2342" VPOS="2768" WIDTH="174" HEIGHT="46" CONTENT="Caruso" WC="0.85" CC="080000"/>
						<SP ID="P99_SP00337" HPOS="2516" VPOS="2827" WIDTH="38"/>
						<String ID="P99_ST00398" HPOS="2554" VPOS="2786" WIDTH="59" HEIGHT="28" CONTENT="ne" WC="1.00" CC="00"/>
						<SP ID="P99_SP00338" HPOS="2613" VPOS="2827" WIDTH="30"/>
						<String ID="P99_ST00399" HPOS="2643" VPOS="2786" WIDTH="45" HEIGHT="28" CONTENT="se" WC="1.00" CC="00"/>
					</TextLine>
					<TextLine ID="P99_TL00060" HPOS="1484" VPOS="2836" WIDTH="1204" HEIGHT="62">
						<String ID="P99_ST00400" HPOS="1484" VPOS="2836" WIDTH="282" HEIGHT="62" CONTENT="découragea" WC="1.00" CC="0700000000"/>
						<SP ID="P99_SP00339" HPOS="1766" VPOS="2898" WIDTH="44"/>
						<String ID="P99_ST00401" HPOS="1810" VPOS="2855" WIDTH="74" HEIGHT="41" CONTENT="pas" WC="1.00" CC="000"/>
						<SP ID="P99_SP00340" HPOS="1884" VPOS="2898" WIDTH="44"/>
						<String ID="P99_ST00402" HPOS="1928" VPOS="2854" WIDTH="113" HEIGHT="42" CONTENT="pour" WC="1.00" CC="0000"/>
						<SP ID="P99_SP00341" HPOS="2041" VPOS="2898" WIDTH="49"/>
						<String ID="P99_ST00403" HPOS="2090" VPOS="2838" WIDTH="32" HEIGHT="44" CONTENT="si" WC="0.77" CC="04"/>
						<SP ID="P99_SP00342" HPOS="2122" VPOS="2898" WIDTH="54"/>
						<String ID="P99_ST00404" HPOS="2176" VPOS="2855" WIDTH="102" HEIGHT="42" CONTENT="peu." WC="0.99" CC="0104"/>
						<SP ID="P99_SP00343" HPOS="2278" VPOS="2898" WIDTH="48"/>
						<String ID="P99_ST00405" HPOS="2326" VPOS="2837" WIDTH="54" HEIGHT="47" CONTENT="Se" WC="1.00" CC="00"/>
						<SP ID="P99_SP00344" HPOS="2380" VPOS="2898" WIDTH="44"/>
						<String ID="P99_ST00406" HPOS="2424" VPOS="2839" WIDTH="264" HEIGHT="58" CONTENT="produisant" WC="1.00" CC="0000000000"/>
					</TextLine>
					<TextLine ID="P99_TL00061" HPOS="1484" VPOS="2905" WIDTH="1202" HEIGHT="64">
						<String ID="P99_ST00407" HPOS="1484" VPOS="2922" WIDTH="164" HEIGHT="28" CONTENT="encore" WC="1.00" CC="002000"/>
						<SP ID="P99_SP00345" HPOS="1648" VPOS="2950" WIDTH="45"/>
						<String ID="P99_ST00408" HPOS="1693" VPOS="2923" WIDTH="55" HEIGHT="27" CONTENT="en" WC="1.00" CC="00"/>
						<SP ID="P99_SP00346" HPOS="1748" VPOS="2950" WIDTH="52"/>
						<String ID="P99_ST00409" HPOS="1800" VPOS="2905" WIDTH="145" HEIGHT="59" CONTENT="Italie," WC="0.98" CC="3064504"/>
						<SP ID="P99_SP00347" HPOS="1945" VPOS="2964" WIDTH="53"/>
						<String ID="P99_ST00410" HPOS="1998" VPOS="2907" WIDTH="111" HEIGHT="45" CONTENT="mais" WC="1.00" CC="0000"/>
						<SP ID="P99_SP00348" HPOS="2109" VPOS="2964" WIDTH="59"/>
						<String ID="P99_ST00411" HPOS="2168" VPOS="2924" WIDTH="100" HEIGHT="28" CONTENT="sans" WC="1.00" CC="0000"/>
						<SP ID="P99_SP00349" HPOS="2268" VPOS="2964" WIDTH="54"/>
						<String ID="P99_ST00412" HPOS="2322" VPOS="2907" WIDTH="282" HEIGHT="62" CONTENT="prodigalité," WC="1.00" CC="000000054074"/>
						<SP ID="P99_SP00350" HPOS="2604" VPOS="2969" WIDTH="53"/>
						<String ID="P99_ST00413" HPOS="2657" VPOS="2907" WIDTH="29" HEIGHT="45" CONTENT="il" WC="0.52" CC="53"/>
					</TextLine>
					<TextLine ID="P99_TL00062" HPOS="1484" VPOS="2975" WIDTH="1202" HEIGHT="47">
						<String ID="P99_ST00414" HPOS="1484" VPOS="2975" WIDTH="204" HEIGHT="45" CONTENT="travailla" WC="1.00" CC="000004000"/>
						<SP ID="P99_SP00351" HPOS="1688" VPOS="3020" WIDTH="37"/>
						<String ID="P99_ST00415" HPOS="1725" VPOS="2975" WIDTH="301" HEIGHT="46" CONTENT="férocement." WC="1.00" CC="07000000004"/>
						<SP ID="P99_SP00352" HPOS="2026" VPOS="3021" WIDTH="42"/>
						<String ID="P99_ST00416" HPOS="2068" VPOS="2975" WIDTH="127" HEIGHT="46" CONTENT="C'est" WC="0.98" CC="04404"/>
						<SP ID="P99_SP00353" HPOS="2195" VPOS="3021" WIDTH="32"/>
						<String ID="P99_ST00417" HPOS="2227" VPOS="2976" WIDTH="24" HEIGHT="45" CONTENT="à" WC="1.00" CC="0"/>
						<SP ID="P99_SP00354" HPOS="2251" VPOS="3021" WIDTH="37"/>
						<String ID="P99_ST00418" HPOS="2288" VPOS="2994" WIDTH="52" HEIGHT="27" CONTENT="ce" WC="0.88" CC="11"/>
						<SP ID="P99_SP00355" HPOS="2340" VPOS="3021" WIDTH="38"/>
						<String ID="P99_ST00419" HPOS="2378" VPOS="2988" WIDTH="212" HEIGHT="34" CONTENT="moment" WC="1.00" CC="000000"/>
						<SP ID="P99_SP00356" HPOS="2590" VPOS="3022" WIDTH="37"/>
						<String ID="P99_ST00420" HPOS="2627" VPOS="2978" WIDTH="59" HEIGHT="44" CONTENT="où" WC="0.70" CC="05"/>
					</TextLine>
					<TextLine ID="P99_TL00063" HPOS="1484" VPOS="3044" WIDTH="1203" HEIGHT="62">
						<String ID="P99_ST00421" HPOS="1484" VPOS="3044" WIDTH="212" HEIGHT="60" CONTENT="paraît-il," WC="1.00" CC="0010004004"/>
						<SP ID="P99_SP00357" HPOS="1696" VPOS="3104" WIDTH="29"/>
						<String ID="P99_ST00422" HPOS="1725" VPOS="3061" WIDTH="113" HEIGHT="42" CONTENT="pour" WC="0.99" CC="0004"/>
						<SP ID="P99_SP00358" HPOS="1838" VPOS="3104" WIDTH="27"/>
						<String ID="P99_ST00423" HPOS="1865" VPOS="3044" WIDTH="270" HEIGHT="61" CONTENT="développer" WC="0.99" CC="0704000014"/>
						<SP ID="P99_SP00359" HPOS="2135" VPOS="3105" WIDTH="30"/>
						<String ID="P99_ST00424" HPOS="2165" VPOS="3062" WIDTH="82" HEIGHT="28" CONTENT="son" WC="1.00" CC="000"/>
						<SP ID="P99_SP00360" HPOS="2247" VPOS="3105" WIDTH="38"/>
						<String ID="P99_ST00425" HPOS="2285" VPOS="3045" WIDTH="185" HEIGHT="46" CONTENT="volume" WC="1.00" CC="004000"/>
						<SP ID="P99_SP00361" HPOS="2470" VPOS="3105" WIDTH="35"/>
						<String ID="P99_ST00426" HPOS="2505" VPOS="3046" WIDTH="152" HEIGHT="60" CONTENT="pulmo" SUBS_TYPE="HypPart1" SUBS_CONTENT="pulmonaire," WC="0.99" CC="00400"/>
						<HYP HPOS="2657" VPOS="3046" WIDTH="30" CONTENT="-"/>
					</TextLine>
					<TextLine ID="P99_TL00064" HPOS="1484" VPOS="3113" WIDTH="1202" HEIGHT="64">
						<String ID="P99_ST00427" HPOS="1484" VPOS="3114" WIDTH="139" HEIGHT="58" CONTENT="naire," SUBS_TYPE="HypPart2" SUBS_CONTENT="pulmonaire," WC="0.99" CC="003004"/>
						<SP ID="P99_SP00362" HPOS="1623" VPOS="3172" WIDTH="30"/>
						<String ID="P99_ST00428" HPOS="1653" VPOS="3113" WIDTH="29" HEIGHT="44" CONTENT="il" WC="0.56" CC="44"/>
						<SP ID="P99_SP00363" HPOS="1682" VPOS="3172" WIDTH="28"/>
						<String ID="P99_ST00429" HPOS="1710" VPOS="3131" WIDTH="44" HEIGHT="27" CONTENT="se" WC="1.00" CC="00"/>
						<SP ID="P99_SP00364" HPOS="1754" VPOS="3172" WIDTH="26"/>
						<String ID="P99_ST00430" HPOS="1780" VPOS="3114" WIDTH="80" HEIGHT="45" CONTENT="fait" WC="1.00" CC="0020"/>
						<SP ID="P99_SP00365" HPOS="1860" VPOS="3172" WIDTH="26"/>
						<String ID="P99_ST00431" HPOS="1886" VPOS="3131" WIDTH="244" HEIGHT="42" CONTENT="promener" WC="1.00" CC="00001000"/>
						<SP ID="P99_SP00366" HPOS="2130" VPOS="3173" WIDTH="27"/>
						<String ID="P99_ST00432" HPOS="2157" VPOS="3133" WIDTH="56" HEIGHT="26" CONTENT="en" WC="0.49" CC="36"/>
						<SP ID="P99_SP00367" HPOS="2213" VPOS="3173" WIDTH="40"/>
						<String ID="P99_ST00433" HPOS="2253" VPOS="3115" WIDTH="212" HEIGHT="60" CONTENT="gondole," WC="1.00" CC="00000004"/>
						<SP ID="P99_SP00368" HPOS="2465" VPOS="3175" WIDTH="40"/>
						<String ID="P99_ST00434" HPOS="2505" VPOS="3115" WIDTH="181" HEIGHT="62" CONTENT="allongé" WC="0.99" CC="0024006"/>
					</TextLine>
					<TextLine ID="P99_TL00065" HPOS="1484" VPOS="3182" WIDTH="1200" HEIGHT="62">
						<String ID="P99_ST00435" HPOS="1484" VPOS="3199" WIDTH="72" HEIGHT="28" CONTENT="sur" WC="1.00" CC="000"/>
						<SP ID="P99_SP00369" HPOS="1556" VPOS="3227" WIDTH="44"/>
						<String ID="P99_ST00436" HPOS="1600" VPOS="3182" WIDTH="41" HEIGHT="45" CONTENT="le" WC="0.99" CC="00"/>
						<SP ID="P99_SP00370" HPOS="1641" VPOS="3227" WIDTH="45"/>
						<String ID="P99_ST00437" HPOS="1686" VPOS="3183" WIDTH="92" HEIGHT="58" CONTENT="dos," WC="0.99" CC="0004"/>
						<SP ID="P99_SP00371" HPOS="1778" VPOS="3241" WIDTH="46"/>
						<String ID="P99_ST00438" HPOS="1824" VPOS="3196" WIDTH="195" HEIGHT="32" CONTENT="ouvrant" WC="1.00" CC="0003000"/>
						<SP ID="P99_SP00372" HPOS="2019" VPOS="3241" WIDTH="43"/>
						<String ID="P99_ST00439" HPOS="2062" VPOS="3201" WIDTH="92" HEIGHT="28" CONTENT="une" WC="0.99" CC="003"/>
						<SP ID="P99_SP00373" HPOS="2154" VPOS="3241" WIDTH="51"/>
						<String ID="P99_ST00440" HPOS="2205" VPOS="3185" WIDTH="177" HEIGHT="44" CONTENT="bouche" WC="1.00" CC="000000"/>
						<SP ID="P99_SP00374" HPOS="2382" VPOS="3241" WIDTH="51"/>
						<String ID="P99_ST00441" HPOS="2433" VPOS="3185" WIDTH="54" HEIGHT="44" CONTENT="de" WC="1.00" CC="00"/>
						<SP ID="P99_SP00375" HPOS="2487" VPOS="3241" WIDTH="50"/>
						<String ID="P99_ST00442" HPOS="2537" VPOS="3202" WIDTH="147" HEIGHT="42" CONTENT="carpe," WC="1.00" CC="000004"/>
					</TextLine>
					<TextLine ID="P99_TL00066" HPOS="1484" VPOS="3253" WIDTH="1202" HEIGHT="61">
						<String ID="P99_ST00443" HPOS="1484" VPOS="3253" WIDTH="219" HEIGHT="58" CONTENT="respirant" WC="0.99" CC="320050005"/>
						<SP ID="P99_SP00376" HPOS="1703" VPOS="3311" WIDTH="26"/>
						<String ID="P99_ST00444" HPOS="1729" VPOS="3269" WIDTH="108" HEIGHT="27" CONTENT="avec" WC="1.00" CC="0000"/>
						<SP ID="P99_SP00377" HPOS="1837" VPOS="3311" WIDTH="27"/>
						<String ID="P99_ST00445" HPOS="1864" VPOS="3253" WIDTH="184" HEIGHT="61" CONTENT="rythme" WC="1.00" CC="000200"/>
						<SP ID="P99_SP00378" HPOS="2048" VPOS="3314" WIDTH="26"/>
						<String ID="P99_ST00446" HPOS="2074" VPOS="3263" WIDTH="45" HEIGHT="33" CONTENT="et" WC="0.96" CC="00"/>
						<SP ID="P99_SP00379" HPOS="2119" VPOS="3314" WIDTH="27"/>
						<String ID="P99_ST00447" HPOS="2146" VPOS="3254" WIDTH="293" HEIGHT="59" CONTENT="profondeur," WC="1.00" CC="00000000004"/>
						<SP ID="P99_SP00380" HPOS="2439" VPOS="3314" WIDTH="120"/>
						<String ID="P99_ST00448" HPOS="2559" VPOS="3254" WIDTH="127" HEIGHT="46" CONTENT="selon" WC="1.00" CC="00000"/>
					</TextLine>
					<TextLine ID="P99_TL00067" HPOS="1484" VPOS="3320" WIDTH="1204" HEIGHT="59">
						<String ID="P99_ST00449" HPOS="1484" VPOS="3320" WIDTH="61" HEIGHT="46" CONTENT="les" WC="1.00" CC="000"/>
						<SP ID="P99_SP00381" HPOS="1545" VPOS="3366" WIDTH="26"/>
						<String ID="P99_ST00450" HPOS="1571" VPOS="3338" WIDTH="100" HEIGHT="41" CONTENT="uns," WC="0.99" CC="0004"/>
						<SP ID="P99_SP00382" HPOS="1671" VPOS="3379" WIDTH="121"/>
						<String ID="P99_ST00451" HPOS="1792" VPOS="3320" WIDTH="97" HEIGHT="46" CONTENT="l'air" WC="0.99" CC="04030"/>
						<SP ID="P99_SP00383" HPOS="1889" VPOS="3379" WIDTH="27"/>
						<String ID="P99_ST00452" HPOS="1916" VPOS="3322" WIDTH="244" HEIGHT="44" CONTENT="embaumé" WC="1.00" CC="2000006"/>
						<SP ID="P99_SP00384" HPOS="2160" VPOS="3379" WIDTH="117"/>
						<String ID="P99_ST00453" HPOS="2277" VPOS="3323" WIDTH="126" HEIGHT="45" CONTENT="selon" WC="0.98" CC="02307"/>
						<SP ID="P99_SP00385" HPOS="2403" VPOS="3379" WIDTH="38"/>
						<String ID="P99_ST00454" HPOS="2441" VPOS="3323" WIDTH="62" HEIGHT="46" CONTENT="les" WC="1.00" CC="000"/>
						<SP ID="P99_SP00386" HPOS="2503" VPOS="3379" WIDTH="35"/>
						<String ID="P99_ST00455" HPOS="2538" VPOS="3335" WIDTH="150" HEIGHT="34" CONTENT="autres" WC="1.00" CC="000030"/>
					</TextLine>
					<TextLine ID="P99_TL00068" HPOS="1576" VPOS="3389" WIDTH="1110" HEIGHT="62">
						<String ID="P99_ST00456" HPOS="1576" VPOS="3389" WIDTH="97" HEIGHT="45" CONTENT="l'air" WC="0.99" CC="04050"/>
						<SP ID="P99_SP00387" HPOS="1673" VPOS="3434" WIDTH="27"/>
						<String ID="P99_ST00457" HPOS="1700" VPOS="3390" WIDTH="201" HEIGHT="59" CONTENT="empesté" WC="0.99" CC="0000054"/>
						<SP ID="P99_SP00388" HPOS="1901" VPOS="3449" WIDTH="28"/>
						<String ID="P99_ST00458" HPOS="1929" VPOS="3391" WIDTH="75" HEIGHT="44" CONTENT="des" WC="1.00" CC="000"/>
						<SP ID="P99_SP00389" HPOS="2004" VPOS="3449" WIDTH="26"/>
						<String ID="P99_ST00459" HPOS="2030" VPOS="3408" WIDTH="178" HEIGHT="28" CONTENT="canaux" WC="1.00" CC="000000"/>
						<SP ID="P99_SP00390" HPOS="2208" VPOS="3449" WIDTH="27"/>
						<String ID="P99_ST00460" HPOS="2235" VPOS="3392" WIDTH="241" HEIGHT="59" CONTENT="vénitiens," WC="0.99" CC="0704050004"/>
						<SP ID="P99_SP00391" HPOS="2476" VPOS="3451" WIDTH="31"/>
						<String ID="P99_ST00461" HPOS="2507" VPOS="3392" WIDTH="157" HEIGHT="46" CONTENT="indiffé" SUBS_TYPE="HypPart1" SUBS_CONTENT="indifférent" WC="0.99" CC="4002007"/>
						<HYP HPOS="2664" VPOS="3392" WIDTH="22" CONTENT="-"/>
					</TextLine>
					<TextLine ID="P99_TL00069" HPOS="1484" VPOS="3459" WIDTH="1202" HEIGHT="62">
						<String ID="P99_ST00462" HPOS="1484" VPOS="3469" WIDTH="103" HEIGHT="34" CONTENT="rent" SUBS_TYPE="HypPart2" SUBS_CONTENT="indifférent" WC="0.99" CC="4000"/>
						<SP ID="P99_SP00392" HPOS="1587" VPOS="3503" WIDTH="29"/>
						<String ID="P99_ST00463" HPOS="1616" VPOS="3476" WIDTH="89" HEIGHT="27" CONTENT="aux" WC="0.97" CC="700"/>
						<SP ID="P99_SP00393" HPOS="1705" VPOS="3503" WIDTH="37"/>
						<String ID="P99_ST00464" HPOS="1742" VPOS="3472" WIDTH="149" HEIGHT="32" CONTENT="autres" WC="1.00" CC="000013"/>
						<SP ID="P99_SP00394" HPOS="1891" VPOS="3504" WIDTH="38"/>
						<String ID="P99_ST00465" HPOS="1929" VPOS="3459" WIDTH="232" HEIGHT="62" CONTENT="gondoles," WC="1.00" CC="000000004"/>
						<SP ID="P99_SP00395" HPOS="2161" VPOS="3521" WIDTH="40"/>
						<String ID="P99_ST00466" HPOS="2201" VPOS="3462" WIDTH="146" HEIGHT="44" CONTENT="riches" WC="1.00" CC="030000"/>
						<SP ID="P99_SP00396" HPOS="2347" VPOS="3521" WIDTH="39"/>
						<String ID="P99_ST00467" HPOS="2386" VPOS="3460" WIDTH="300" HEIGHT="47" CONTENT="d'amoureux" WC="1.00" CC="0400000000"/>
					</TextLine>
					<TextLine ID="P99_TL00070" HPOS="1484" VPOS="3528" WIDTH="1202" HEIGHT="64">
						<String ID="P99_ST00468" HPOS="1484" VPOS="3540" WIDTH="44" HEIGHT="32" CONTENT="et" WC="0.73" CC="05"/>
						<SP ID="P99_SP00397" HPOS="1528" VPOS="3572" WIDTH="28"/>
						<String ID="P99_ST00469" HPOS="1556" VPOS="3528" WIDTH="53" HEIGHT="44" CONTENT="de" WC="1.00" CC="00"/>
						<SP ID="P99_SP00398" HPOS="1609" VPOS="3572" WIDTH="26"/>
						<String ID="P99_ST00470" HPOS="1635" VPOS="3540" WIDTH="217" HEIGHT="34" CONTENT="serenata." WC="0.92" CC="010100004"/>
						<SP ID="P99_SP00399" HPOS="1852" VPOS="3574" WIDTH="25"/>
						<String ID="P99_ST00471" HPOS="1877" VPOS="3528" WIDTH="214" HEIGHT="46" CONTENT="Patience" WC="1.00" CC="40051000"/>
						<SP ID="P99_SP00400" HPOS="2091" VPOS="3574" WIDTH="21"/>
						<String ID="P99_ST00472" HPOS="2112" VPOS="3528" WIDTH="8" HEIGHT="46" CONTENT="!" WC="0.75" CC="2"/>
						<SP ID="P99_SP00401" HPOS="2120" VPOS="3574" WIDTH="30"/>
						<String ID="P99_ST00473" HPOS="2150" VPOS="3530" WIDTH="62" HEIGHT="45" CONTENT="les" WC="1.00" CC="100"/>
						<SP ID="P99_SP00402" HPOS="2212" VPOS="3575" WIDTH="21"/>
						<String ID="P99_ST00474" HPOS="2233" VPOS="3531" WIDTH="161" HEIGHT="44" CONTENT="heures" WC="1.00" CC="000020"/>
						<SP ID="P99_SP00403" HPOS="2394" VPOS="3575" WIDTH="21"/>
						<String ID="P99_ST00475" HPOS="2415" VPOS="3531" WIDTH="54" HEIGHT="44" CONTENT="de" WC="0.95" CC="00"/>
						<SP ID="P99_SP00404" HPOS="2469" VPOS="3575" WIDTH="20"/>
						<String ID="P99_ST00476" HPOS="2489" VPOS="3531" WIDTH="197" HEIGHT="61" CONTENT="gondole" WC="1.00" CC="0000041"/>
					</TextLine>
					<TextLine ID="P99_TL00071" HPOS="1484" VPOS="3597" WIDTH="1199" HEIGHT="63">
						<String ID="P99_ST00477" HPOS="1484" VPOS="3597" WIDTH="210" HEIGHT="45" CONTENT="devaient" WC="1.00" CC="00063000"/>
						<SP ID="P99_SP00405" HPOS="1694" VPOS="3642" WIDTH="22"/>
						<String ID="P99_ST00478" HPOS="1716" VPOS="3597" WIDTH="177" HEIGHT="46" CONTENT="bientôt" WC="0.99" CC="0300045"/>
						<SP ID="P99_SP00406" HPOS="1893" VPOS="3643" WIDTH="21"/>
						<String ID="P99_ST00479" HPOS="1914" VPOS="3611" WIDTH="245" HEIGHT="46" CONTENT="rapporter." WC="1.00" CC="0000000404"/>
						<SP ID="P99_SP00407" HPOS="2159" VPOS="3657" WIDTH="24"/>
						<String ID="P99_ST00480" HPOS="2183" VPOS="3600" WIDTH="112" HEIGHT="43" CONTENT="Non" WC="1.00" CC="000"/>
						<SP ID="P99_SP00408" HPOS="2295" VPOS="3657" WIDTH="23"/>
						<String ID="P99_ST00481" HPOS="2318" VPOS="3617" WIDTH="74" HEIGHT="41" CONTENT="pas" WC="1.00" CC="000"/>
						<SP ID="P99_SP00409" HPOS="2392" VPOS="3658" WIDTH="21"/>
						<String ID="P99_ST00482" HPOS="2413" VPOS="3617" WIDTH="57" HEIGHT="27" CONTENT="en" WC="1.00" CC="00"/>
						<SP ID="P99_SP00410" HPOS="2470" VPOS="3658" WIDTH="23"/>
						<String ID="P99_ST00483" HPOS="2493" VPOS="3600" WIDTH="190" HEIGHT="60" CONTENT="France," WC="1.00" CC="2000004"/>
					</TextLine>
					<TextLine ID="P99_TL00072" HPOS="1484" VPOS="3665" WIDTH="1202" HEIGHT="63">
						<String ID="P99_ST00484" HPOS="1484" VPOS="3667" WIDTH="59" HEIGHT="44" CONTENT="où" WC="0.68" CC="06"/>
						<SP ID="P99_SP00411" HPOS="1543" VPOS="3711" WIDTH="42"/>
						<String ID="P99_ST00485" HPOS="1585" VPOS="3665" WIDTH="62" HEIGHT="45" CONTENT="les" WC="1.00" CC="000"/>
						<SP ID="P99_SP00412" HPOS="1647" VPOS="3711" WIDTH="40"/>
						<String ID="P99_ST00486" HPOS="1687" VPOS="3665" WIDTH="281" HEIGHT="61" CONTENT="réputations" WC="1.00" CC="37005000000"/>
						<SP ID="P99_SP00413" HPOS="1968" VPOS="3726" WIDTH="41"/>
						<String ID="P99_ST00487" HPOS="2009" VPOS="3669" WIDTH="186" HEIGHT="59" CONTENT="exigent" WC="1.00" CC="0000300"/>
						<SP ID="P99_SP00414" HPOS="2195" VPOS="3728" WIDTH="37"/>
						<String ID="P99_ST00488" HPOS="2232" VPOS="3679" WIDTH="101" HEIGHT="34" CONTENT="tout" WC="0.99" CC="0500"/>
						<SP ID="P99_SP00415" HPOS="2333" VPOS="3728" WIDTH="39"/>
						<String ID="P99_ST00489" HPOS="2372" VPOS="3669" WIDTH="53" HEIGHT="43" CONTENT="de" WC="0.89" CC="02"/>
						<SP ID="P99_SP00416" HPOS="2425" VPOS="3728" WIDTH="28"/>
						<String ID="P99_ST00490" HPOS="2453" VPOS="3670" WIDTH="152" HEIGHT="43" CONTENT="même" WC="0.99" CC="0004"/>
						<SP ID="P99_SP00417" HPOS="2605" VPOS="3728" WIDTH="27"/>
						<String ID="P99_ST00491" HPOS="2632" VPOS="3670" WIDTH="54" HEIGHT="44" CONTENT="de" WC="0.85" CC="02"/>
					</TextLine>
					<TextLine ID="P99_TL00073" HPOS="1484" VPOS="3735" WIDTH="1204" HEIGHT="62">
						<String ID="P99_ST00492" HPOS="1484" VPOS="3735" WIDTH="176" HEIGHT="45" CONTENT="sérieux" WC="1.00" CC="0502000"/>
						<SP ID="P99_SP00418" HPOS="1660" VPOS="3780" WIDTH="45"/>
						<String ID="P99_ST00493" HPOS="1705" VPOS="3735" WIDTH="207" HEIGHT="62" CONTENT="pédigris," WC="0.71" CC="087500004"/>
						<SP ID="P99_SP00419" HPOS="1912" VPOS="3797" WIDTH="46"/>
						<String ID="P99_ST00494" HPOS="1958" VPOS="3738" WIDTH="112" HEIGHT="44" CONTENT="mais" WC="0.99" CC="0030"/>
						<SP ID="P99_SP00420" HPOS="2070" VPOS="3797" WIDTH="37"/>
						<String ID="P99_ST00495" HPOS="2107" VPOS="3754" WIDTH="57" HEIGHT="27" CONTENT="en" WC="1.00" CC="00"/>
						<SP ID="P99_SP00421" HPOS="2164" VPOS="3797" WIDTH="45"/>
						<String ID="P99_ST00496" HPOS="2209" VPOS="3738" WIDTH="268" HEIGHT="59" CONTENT="Amérique," WC="1.00" CC="006000004"/>
						<SP ID="P99_SP00422" HPOS="2477" VPOS="3797" WIDTH="45"/>
						<String ID="P99_ST00497" HPOS="2522" VPOS="3739" WIDTH="60" HEIGHT="45" CONTENT="où" WC="0.71" CC="50"/>
						<SP ID="P99_SP00423" HPOS="2582" VPOS="3797" WIDTH="44"/>
						<String ID="P99_ST00498" HPOS="2626" VPOS="3738" WIDTH="62" HEIGHT="46" CONTENT="les" WC="1.00" CC="000"/>
					</TextLine>
				</TextBlock>
				<ComposedBlock ID="P99_CB00001" HPOS="182" VPOS="712" WIDTH="1294" HEIGHT="288" STYLEREFS="TXT_3 PAR_LEFT" TYPE="Illustration">
					<GraphicalElement ID="P99_CB00001_SUB" HPOS="182" VPOS="712" WIDTH="1294" HEIGHT="288"/>
				</ComposedBlock>
				<ComposedBlock ID="P99_CB00002" HPOS="185" VPOS="2282" WIDTH="1205" HEIGHT="1239" STYLEREFS="TXT_3 PAR_LEFT" TYPE="Illustration">
					<GraphicalElement ID="P99_CB00002_SUB" HPOS="185" VPOS="2282" WIDTH="1205" HEIGHT="1239"/>
				</ComposedBlock>
			</PrintSpace>
		</Page>
	</Layout>
</alto>
