2964 4221
794 361 863 59 L'ACTUALITE
1738 365 653 60 MUSICALE

478 421 0 0 210

423 489 262 47 ARLON.
802 489 69 44 Un
890 505 182 28 concours
1089 486 185 45 mnsical.
1370 487 155 61 Habay-

352 558 250 59 la-Neuve,
649 576 51 27 ce
735 558 80 62 joli
844 559 103 43 coin
987 558 53 43 de
1072 556 285 60 villégiature
1396 556 134 43 arden-

353 628 137 58 naise,
530 629 218 59 organise,
789 644 113 42 pour
933 626 40 44 le
1015 638 22 46 5
1068 626 112 60 Juin
1219 625 235 59 prochain,
1493 642 63 26 un

353 696 172 45 festival
552 714 108 27 avec
689 713 221 28 concours
932 695 53 45 de
1008 694 146 45 défilé.
1185 694 110 44 Une
1322 694 234 59 vingtaine

354 766 52 43 de
433 766 190 45 sociétés
643 779 81 31 ont
751 766 98 60 déjà
875 764 176 62 envoyé
1079 764 96 43 leur
1201 763 231 44 adhésion.

423 834 68 45 La
536 835 166 44 société
747 834 284 60 d'agrément
1082 835 28 21 a
1140 832 69 45 La
1252 832 223 44 Wallone
1510 831 44 59 '',

353 902 213 59 d'Arlon,
594 906 118 42 avait
738 904 80 44 fait
843 903 145 59 appel,
1022 919 113 42 pour
1161 918 80 27 son
1270 914 187 31 concert
1496 901 60 44 du

359 971 56 45 16
463 973 131 43 Avril
640 973 193 58 dernier,
884 973 24 43 à
958 973 119 43 deux
1120 970 202 45 brillants
1382 971 174 44 artistes

352 1041 182 60 liégeois
562 1058 8 28 :
614 1042 137 44 MM.
782 1041 111 45 Paul
922 1041 259 59 Scheepers,
1211 1040 131 43 ténor
1371 1039 103 45 Solo
1501 1041 53 43 de

352 1109 41 45 la
420 1110 160 61 Royale
617 1110 134 59 Legia
755 1147 11 22 ,
807 1123 44 31 et
879 1110 177 47 Gérard
1089 1109 276 57 Delhasche,
1396 1108 127 45 Chan-

352 1189 101 34 teur
505 1178 230 62 Comique
785 1180 190 43 Wallon
1029 1180 58 43 du
1138 1178 209 44 Théâtre
1410 1179 53 42 de
1514 1178 42 44 la

353 1248 319 59 Renaissance,
700 1249 267 44 surnommé
1008 1248 39 43 le
1088 1247 210 44 Dranem
1326 1247 225 60 Liégeois.

353 1315 123 46 Leur
502 1318 155 44 succès
682 1335 25 26 a
734 1317 69 44 été
831 1318 87 44 très
944 1317 156 61 grand.

421 1386 46 43 A
494 1398 120 32 cette
641 1386 157 58 soirée,
827 1404 59 26 on
913 1404 24 26 a
964 1387 203 43 entendu
1185 1385 261 61 également
1463 1402 91 27 une

347 1454 139 61 jeune
518 1457 152 43 artiste
689 1455 212 59 d'Arlon,
919 1456 113 44 aussi
1052 1455 203 44 modeste
1272 1453 257 61 qu'extraor-

352 1523 303 45 dinairement
682 1524 143 45 douée
846 1542 7 27 :
885 1525 57 44 M
947 1521 41 25 lle
1013 1524 97 45 Léa
1148 1523 284 61 Waldbillig,
1460 1524 71 44 vio-

352 1590 177 61 loniste,
565 1608 15 29 i
591 1596 15 18 r
632 1594 97 58 prix
775 1594 59 43 du
868 1594 348 44 Conservatoire
1244 1594 54 43 de
1327 1593 156 60 Liège.

423 1660 101 45 Elle
550 1679 24 27 a
594 1662 107 61 joué
739 1680 107 28 avec
890 1680 62 27 un
991 1675 67 32 art
1087 1663 158 58 parfait
1272 1662 282 45 l'admirable

354 1729 210 45 Fantasia
569 1767 11 21 ,
609 1731 54 44 de
692 1732 318 59 Vieuxtemps.

423 1799 58 45 M
486 1795 40 25 lle
547 1799 224 60 Spierttel,
801 1802 248 58 professeur
1076 1801 24 44 à
1126 1800 177 45 l'Ecole
1331 1801 53 43 de
1413 1802 113 43 musi-

352 1884 89 44 que
468 1867 212 61 d'Arlon,
703 1872 204 59 organise
934 1888 113 41 pour
1073 1870 39 44 le
1144 1882 22 46 5
1193 1870 102 61 juin
1317 1871 234 59 prochain,

351 1954 63 27 un
454 1950 186 32 concert
684 1938 111 45 dont
841 1938 145 62 Grieg
1029 1951 45 33 et
1118 1939 214 63 Debussy
1375 1951 179 33 surtout

352 2005 151 45 feront
529 2006 62 45 les
616 2008 117 45 frais.

423 2075 113 45 Cela
562 2088 179 46 promet
778 2094 90 27 une
907 2077 296 46 intéressante
1240 2078 140 45 soirée
1420 2077 129 46 d'art.

660 2293 593 112 Étranger

422 2476 396 54 AMERIQUE.
952 2479 314 63 L'Amérique
1305 2495 65 33 est
1409 2501 56 27 en
1502 2501 50 27 ce

354 2556 208 33 moment
580 2563 55 27 en
658 2548 122 57 proie
801 2547 24 44 à
847 2565 88 27 une
963 2550 109 44 crise
1095 2550 196 60 d'opéra.
1316 2551 89 46 Les
1432 2554 119 44 deux

354 2613 154 59 opéras
535 2614 53 44 de
611 2615 124 44 New
747 2616 134 44 York
900 2629 45 32 et
966 2618 116 45 celui
1103 2619 52 45 de
1180 2620 172 45 Boston
1370 2623 179 60 jouent,

353 2699 56 27 en
437 2682 161 46 dehors
625 2684 52 44 de
696 2684 117 46 leurs
830 2685 125 47 villes
981 2690 269 57 respectives
1277 2690 109 45 dans
1403 2703 149 34 toutes

352 2749 62 46 les
456 2751 125 46 villes
621 2753 59 44 où
725 2752 50 46 ils
813 2766 199 47 peuvent
1049 2758 175 58 espérer
1262 2777 64 26 un
1362 2760 154 59 public
1540 2779 8 28 :

352 2819 327 60 Philadelphie,
728 2822 220 63 Chicago,
995 2824 247 65 Pittsburg,
1289 2828 61 46 St.
1394 2829 155 60 Louis,

353 2888 285 60 Cincinnati,
667 2892 330 62 Washington,
1027 2894 265 48 Baltimore.

421 2956 74 46 En
537 2959 240 45 attendant
817 2961 189 60 qu'elles
1040 2963 256 61 s'unissent,
1336 2966 63 46 les
1434 2968 119 44 deux

350 3025 134 45 houses
510 3027 52 44 de
592 3028 123 44 New
741 3030 134 44 York
900 3048 43 28 se
972 3032 280 47 dédoublent
1274 3053 179 28 encore.
1483 3036 67 46 Le

350 3095 324 59 métropolitan
709 3099 106 61 joue
859 3100 380 47 simultanément
1281 3103 170 61 l'opéra
1494 3124 57 26 au

350 3164 324 59 metropolitan
724 3179 44 31 et
818 3167 168 60 l'opéra
1048 3173 212 60 comique
1319 3192 58 26 au
1427 3175 124 44 New

350 3232 225 59 Theatre,
604 3252 63 26 un
695 3238 158 58 exquis
880 3255 210 29 nouveau
1112 3241 174 46 théâtre
1315 3243 52 44 de
1396 3244 124 44 comé-

350 3300 69 44 die
442 3302 59 44 où
527 3302 12 44 1
562 3320 59 27 on
644 3304 149 45 donne
813 3306 118 45 deux
953 3309 380 58 représentations
1352 3311 200 62 lyriques

350 3387 76 41 par
466 3373 199 43 semaine
711 3385 44 32 et
800 3393 62 26 un
904 3389 187 33 concert
1130 3381 338 60 symphonique
1510 3381 40 45 le

350 3438 280 47 Dimanche.

420 3509 360 61 Hammerstein,
809 3512 150 46 l'actif
980 3514 162 61 Oscar,
1183 3518 80 43 fait
1299 3521 250 43 construire

348 3593 90 28 une
465 3577 105 45 salle
599 3579 52 43 de
691 3581 173 45 théâtre
902 3600 74 28 sur
1014 3584 40 44 le
1094 3587 84 42 toit
1218 3587 52 43 de
1298 3604 80 28 son
1407 3588 108 45 Man-

348 3645 159 45 hattan
534 3664 135 42 opéra
696 3650 138 44 house
862 3662 57 47 et,
950 3653 108 46 dans
1084 3654 221 60 quelques
1330 3658 222 44 semaines

348 3713 178 62 lorsque
567 3732 44 28 sa
653 3728 158 49 troupe
858 3719 421 65 d'opéra-comique
1319 3737 44 32 et
1396 3726 128 58 d'opé-

1637 498 115 33 rette
1778 505 96 28 sera
1900 506 197 28 revenue
2125 491 60 43 du
2214 491 187 47 Canada
2438 494 59 44 où
2535 494 84 44 elle
2659 506 64 33 est
2749 495 84 45 allé

1637 557 220 43 chercher
1894 575 64 26 un
1984 559 156 45 succès
2173 577 87 42 que
2291 562 123 44 New
2445 564 133 43 York
2612 563 62 45 lui
2710 564 97 44 refu-

1636 626 83 42 sait
1762 625 257 60 l'intrépide
2072 645 215 44 manager
2335 641 175 34 tentera
2553 632 24 44 à
2622 649 211 28 nouveau

1636 693 228 59 l'épreuve
1893 707 44 31 et
1959 696 159 61 jouera
2156 696 41 45 la
2235 697 232 47 Mascotte
2506 718 73 27 sur
2610 701 39 44 le
2677 703 84 42 toit
2789 713 44 33 et

1637 763 310 45 Tannhaûser
1974 781 57 27 en
2059 765 191 46 dessous.

1707 831 66 44 Ce
1816 832 296 46 Tannhaûser
2140 835 165 44 chanté
2326 854 56 26 en
2410 838 189 56 français
2624 840 118 43 avait
2768 857 64 26 un

1636 917 87 42 peu
1751 901 203 60 inquiété
1981 901 61 46 les
2069 903 123 44 New
2219 904 196 46 Yorkais
2438 927 9 34 ;
2489 924 73 26 car
2587 909 33 43 si
2649 910 182 42 ceux-ci

1634 981 242 47 acceptent
1944 971 74 44 des
2092 971 226 63 Butterfly
2394 992 55 26 en
2511 976 183 60 anglais,
2759 977 74 44 des

1636 1038 204 61 Mignon
1862 1056 59 28 ou
1942 1039 141 46 Faust
2109 1058 56 26 en
2187 1041 178 59 Italien,
2395 1043 74 45 des
2497 1044 200 45 Carmen
2724 1063 107 26 avec

1635 1107 74 45 des
1737 1109 182 44 chœurs
1946 1126 57 27 en
2031 1108 179 60 Italien,
2240 1121 44 33 et
2323 1111 74 44 des
2424 1112 254 45 Trovatare
2721 1131 109 28 avec

1635 1176 74 44 des
1735 1176 111 45 râles
1872 1195 57 26 en
1958 1178 250 45 Allemand
2232 1201 9 33 ;
2283 1179 50 44 ils
2372 1180 276 45 deviennent
2682 1193 101 33 tout
2809 1183 23 44 à

1634 1262 117 42 coup
1802 1248 262 43 minutieux
2118 1248 24 44 à
2203 1248 213 45 l'endroit
2466 1249 52 44 de
2568 1249 97 46 leur
2714 1251 116 44 idole

1634 1314 230 59 populaire
1912 1315 203 45 Richard
2159 1317 209 61 Wagner
2413 1329 44 32 et
2500 1336 56 26 ne
2598 1319 234 59 prévoient

1634 1401 75 41 pas
1735 1401 87 42 que
1851 1385 310 44 Tannhaûser
2182 1388 143 56 puisse
2347 1403 44 27 se
2413 1387 250 59 Franciser,
2686 1389 145 44 fût-ce

1634 1451 39 45 le
1702 1453 310 45 Tannhaûser
2040 1455 53 43 de
2132 1454 41 45 la
2210 1456 176 44 version
2415 1456 51 43 de
2507 1455 135 46 Paris.
2671 1456 37 44 Il
2736 1458 96 44 faut

1634 1523 285 43 reconnaître
1960 1522 227 46 d'ailleurs
2213 1524 105 59 qu'à
2357 1524 41 44 la
2436 1526 220 57 première
2684 1537 147 34 toutes

1634 1607 71 28 ces
1749 1591 290 58 préventions
2076 1604 82 33 ont
2198 1593 178 60 disparu
2415 1593 165 44 devant
2617 1611 90 27 une
2747 1596 86 43 très

1634 1660 150 44 bonne
1812 1661 346 59 interprétation
2186 1662 112 45 dont
2337 1662 197 45 Renaud
2560 1663 70 44 fut
2664 1662 167 46 l'étoile

1632 1746 108 27 avec
1761 1745 45 28 sa
1827 1729 255 46 Romance.
2104 1731 110 45 Ceci
2238 1742 64 34 est
2322 1749 90 26 une
2434 1731 211 45 nouvelle
2666 1749 165 42 preuve

1634 1797 52 44 de
1713 1797 238 46 l'extrême
1980 1800 150 44 bonne
2158 1799 185 45 volonté
2375 1801 61 43 du
2474 1800 153 59 public
2667 1801 136 44 améri-

1632 1868 101 42 cain
1763 1884 7 28 :
1800 1867 66 44 s'il
1893 1885 25 27 a
1944 1868 75 44 des
2045 1869 205 61 préjugés
2278 1869 27 44 il
2332 1870 83 44 sait
2435 1869 62 45 les
2518 1869 174 46 oublier
2718 1887 113 42 pour

1630 1952 44 28 se
1703 1936 159 44 rendre
1891 1937 23 43 à
1940 1936 268 46 l'évidence.

1701 2004 69 46 Le
1796 2005 152 45 même
1979 2006 283 45 Manhattan
2283 2024 210 28 annonce
2516 2024 112 42 pour
2656 2007 176 45 bientôt

1632 2072 202 60 Elektra,
1864 2076 98 57 puis
1990 2076 272 58 Aphrodite,
2293 2076 185 45 Monna
2505 2077 182 44 Vanna.
2720 2076 112 46 Cela

1632 2143 93 44 fera
1763 2160 90 27 une
1891 2144 223 45 diversion
2155 2145 24 44 à
2221 2144 281 45 l'avalanche
2539 2144 201 60 d'opéras
2779 2145 52 44 de

1633 2211 238 46 Massenet
1898 2212 129 62 joués
2054 2213 156 59 depuis
2253 2213 39 44 le
2335 2214 140 44 début
2516 2214 52 44 de
2610 2213 42 45 la
2687 2215 144 44 saison

1633 2281 110 44 dans
1768 2280 62 46 les
1859 2295 25 31 2
1925 2282 155 59 opéras
2107 2299 8 28 :
2158 2283 200 58 Manon,
2387 2284 239 57 Werther,
2666 2283 163 58 Thaïs,

1633 2349 163 60 Sapho,
1827 2350 275 59 Hérodiade,
2133 2350 250 60 Griselidis,
2412 2351 39 45 le
2478 2351 237 62 Jongleur.

1702 2418 141 45 Enfin
1882 2418 42 46 la
1962 2419 150 46 Presse
2138 2420 166 45 s'étant
2330 2438 63 27 un
2420 2438 89 41 peu
2549 2420 204 60 inquiété
2780 2420 52 44 de

1632 2498 119 34 cette
1804 2488 430 60 Massenepidémie,
2286 2507 60 26 on
2397 2491 175 42 revient
2621 2489 24 44 à
2694 2490 139 44 Faust

1630 2574 110 27 avec
1768 2556 205 60 Garden,
2004 2558 202 45 Carmen
2235 2575 109 28 avec
2372 2558 240 59 Cavalieri,
2643 2558 188 59 Orphée

1630 2643 109 27 avec
1766 2625 59 46 M
1830 2629 50 18 me
1907 2627 193 58 Homer,
2130 2629 97 57 puis
2262 2626 93 45 l'on
2387 2627 244 59 reprendra
2659 2627 171 45 Hansel

1631 2706 45 33 et
1727 2693 178 61 Gretel,
1935 2695 41 45 la
2003 2696 196 44 Fiancée
2228 2696 198 45 Vendue
2464 2707 45 33 et
2546 2695 62 46 les
2659 2696 174 46 Contes

1631 2763 324 47 d'Hoffmann.

1704 2833 157 44 Avant
1888 2833 105 45 d'en
2019 2833 104 45 finir
2150 2852 109 27 avec
2299 2834 61 46 les
2400 2834 156 59 opéras
2587 2835 44 61 je
2667 2836 117 43 tiens
2810 2834 23 45 à

1632 2901 194 60 signaler
1852 2902 62 45 les
1940 2903 379 59 représentations
2346 2904 52 43 de
2426 2903 41 45 la
2493 2902 91 46 fille
2613 2904 53 43 de
2694 2904 137 44 Mme

1633 2971 162 60 Angot
1844 2989 108 27 avec
2002 2971 54 46 E.
2106 2972 219 45 Clément
2357 2994 10 35 ;
2416 2984 43 33 et
2516 2990 91 27 une
2670 2973 161 58 reprise

1631 3038 112 45 d'un
1764 3040 99 44 vieil
1882 3040 135 59 opéra
2038 3043 211 58 comique
2268 3041 228 45 allemand
2515 3041 52 44 de
2589 3040 241 62 Lortzing,

1632 3107 120 46 Czar
1779 3120 45 32 et
1851 3109 306 60 Charpentier
2191 3111 77 59 qui
2309 3128 108 26 avec
2445 3111 222 43 Werther
2706 3109 102 61 (Clé-

1631 3188 144 47 ment,
1805 3177 173 59 Farrar,
2011 3178 162 61 Gilles)
2225 3178 112 46 Don
2377 3179 217 60 Pasquale
2650 3179 182 59 (Bonci)

1629 3246 203 44 forment
1857 3247 40 44 le
1925 3247 219 60 principal
2172 3248 60 44 du
2269 3248 244 59 répertoire
2549 3247 53 45 de
2630 3265 50 27 ce
2710 3248 120 44 New

1630 3314 208 45 Théâtre
1867 3316 97 61 déjà
1991 3317 102 44 cité.

1702 3384 72 43 Ne
1803 3401 167 46 croyez
1995 3403 87 42 que
2111 3396 116 33 cette
2250 3385 246 44 avalanche
2519 3385 53 44 de
2599 3386 207 58 représen-

1631 3454 167 43 tations
1823 3452 198 62 lyriques
2044 3476 9 34 ;
2082 3454 109 62 (j'en
2219 3455 36 43 ai
2285 3454 183 59 compté
2497 3453 26 45 6
2553 3471 57 27 en
2638 3452 26 46 6
2689 3455 143 61 jours)

1629 3522 85 43 soit
1754 3521 40 44 le
1835 3522 94 45 seul
1972 3523 200 44 élément
2212 3522 188 45 musical
2437 3523 52 43 de
2530 3523 123 44 New
2681 3523 148 45 York.

1631 3589 88 45 Les
1770 3603 207 33 concerts
2025 3593 359 61 symphoniques
2433 3603 82 32 ont
2564 3593 112 43 aussi
2733 3591 98 45 leur

1630 3659 212 45 clientèle
1869 3661 187 44 assidue.

1699 3727 88 45 Les
1815 3728 119 45 deux
1961 3728 270 60 principales
2257 3730 328 59 organisations
2612 3731 76 58 qui
2728 3746 75 42 rap-
