2964 4221
797 401 861 76 L'ACTUALITÉ
1740 420 651 56 MUSICALE

363 443 118 36 222

359 559 45 33 et
430 546 111 46 c'est
567 547 103 43 bien
708 563 80 28 son
824 545 132 57 droit,
993 543 75 46 M.
1105 541 360 47 d'Estournelles
1505 541 54 45 de

360 616 230 45 Constant
625 616 75 58 qui
744 631 58 27 ne
840 629 136 43 pense
1020 628 76 43 pas
1138 612 110 44 ainsi
1290 611 135 61 garde
1468 627 91 27 une

358 701 148 44 grosse
533 683 187 44 molaire
746 700 88 26 aux
866 697 110 45 gens
1002 680 61 44 du
1097 679 169 45 monde
1306 690 44 32 et
1382 689 178 34 surtout

357 770 90 27 aux
497 752 176 45 Dames
707 752 75 58 qui
823 750 228 59 préfèrent
1088 748 167 61 figurer
1292 747 25 45 à
1365 747 194 59 quelque

358 820 231 47 Générale
616 837 59 27 ou
709 820 25 43 à
772 818 194 59 quelque
1004 818 252 58 vernissage
1287 815 150 60 plutôt
1471 833 88 42 que

357 889 54 44 de
456 890 189 43 chanter
685 887 98 44 leur
824 888 141 57 partie
1019 886 108 43 dans
1171 884 62 45 les
1282 885 183 43 chœurs
1506 884 53 44 de

355 957 339 44 l'Association.
736 954 128 46 C'est
901 971 103 42 que,
1031 952 248 45 semblable
1313 952 25 45 à
1369 964 101 32 tous
1494 969 66 28 ses

356 1025 227 45 confrères
625 1023 63 45 les
726 1023 177 59 apôtres
937 1039 56 28 en
1032 1022 96 44 froc
1167 1039 59 26 ou
1264 1038 57 27 en
1357 1021 203 61 jaquette

356 1094 74 44 M.
472 1091 359 46 d'Estournelles
870 1091 53 44 de
964 1090 228 45 Constant
1226 1107 110 27 avec
1360 1106 82 28 son
1470 1090 89 44 bon

355 1178 143 41 cœur,
537 1178 110 27 avec
684 1177 45 27 sa
757 1161 150 43 bonne
934 1159 101 45 âme
1063 1158 312 61 impitoyable,
1405 1169 65 33 est
1495 1175 64 27 un

355 1230 54 44 de
437 1246 71 28 ces
529 1229 205 59 despotes
760 1244 113 43 pour
899 1227 40 44 le
967 1227 117 44 Bien
1112 1228 74 58 qui
1214 1227 131 44 ferait
1371 1244 188 42 presque

353 1300 143 43 aimer
521 1297 41 45 le
600 1296 92 45 mal
730 1296 67 45 s'il
837 1295 161 45 n'était
1030 1295 97 62 déjà
1165 1295 119 45 aimé
1322 1312 113 42 pour
1473 1295 65 45 lui-

353 1367 152 44 même
531 1363 8 47 !
570 1365 67 45 Ce
670 1364 104 45 Mal
812 1366 33 43 si
883 1364 248 45 nécessaire
1166 1364 24 44 à
1215 1364 109 44 faire
1351 1364 140 44 valoir
1518 1364 41 45 le

353 1436 120 56 bien,
502 1451 86 43 que
626 1433 188 61 l'Eglise
854 1432 263 45 elle-même
1155 1432 77 46 n'a
1266 1449 75 42 pas
1367 1433 142 44 hésité
1536 1434 24 43 à

351 1502 286 62 l'employer,
660 1502 151 60 quand
842 1501 84 44 elle
953 1519 25 27 a
1004 1502 101 44 créé
1130 1518 81 28 son
1240 1501 183 58 Diable,
1447 1519 113 42 pour

351 1571 110 45 n'en
487 1572 108 44 faire
623 1588 86 42 que
736 1572 156 43 mieux
919 1571 159 43 adorer
1103 1587 81 28 son
1212 1569 141 47 Dieu'.

421 1641 42 45 Si
503 1640 74 44 M.
616 1638 360 46 d'Estournelles
1014 1639 53 44 de
1105 1639 229 45 Constant
1371 1638 76 45 n'a
1484 1656 76 42 pas

350 1710 82 44 fait
457 1709 40 43 le
526 1709 258 44 maximum
819 1708 232 59 escompté
1089 1725 182 27 comme
1311 1707 247 59 Socialiste,

351 1777 29 45 il
431 1796 25 26 a
505 1777 54 45 de
609 1778 104 59 quoi
754 1794 44 28 se
844 1777 205 44 consoler
1086 1794 109 27 avec
1237 1794 67 28 ses
1352 1777 208 45 résultats

351 1847 256 59 artistiques
641 1846 113 44 dont
785 1845 28 45 il
851 1857 108 47 peut
993 1846 94 44 être
1122 1846 206 44 heureux
1374 1857 44 33 et
1461 1844 95 47 fier.

353 1915 89 45 Les
469 1915 160 45 débuts
656 1914 202 45 difficiles
882 1926 103 33 sont
1011 1914 109 45 loin.

423 1984 73 45 M.
539 1982 360 46 d'Estournelles
939 1984 53 43 de
1021 1983 230 45 Constant
1278 1996 43 31 et
1347 1999 81 28 son
1457 1983 75 59 pré-

352 2054 134 43 cieux
512 2051 257 46 lieutenant
795 2051 181 61 général
998 2051 75 46 M.
1099 2053 147 43 Henri
1270 2052 285 58 RADIGUER,

353 2132 82 34 ont
461 2121 156 59 depuis
643 2121 260 61 longtemps
938 2121 23 43 à
998 2120 98 44 leur
1134 2121 262 59 disposition
1435 2132 120 33 cette

351 2189 313 61 remarquable
692 2189 225 61 phalange
950 2188 431 46 d'instrumentistes
1419 2201 45 33 et
1502 2189 53 44 de

351 2260 216 44 choristes
685 2258 100 60 plus
811 2257 109 45 d'un
951 2258 165 44 millier
1148 2257 317 45 d'exécutants

351 2328 25 44 à
401 2328 76 59 qui
504 2344 115 28 nous
645 2327 169 45 devons
840 2326 61 45 les
939 2326 354 59 irréprochables
1329 2328 228 44 auditions

352 2396 76 45 des
456 2396 206 45 Œuvres
689 2396 53 43 de
774 2396 285 57 Beethoven,
1079 2395 447 62 Bourgault-Ducou-

353 2465 124 61 dray,
506 2465 126 45 Saint
660 2465 151 45 Saëns.

422 2535 45 43 A
505 2534 152 44 même
696 2532 319 60 d'interpréter
1052 2532 42 45 la
1134 2533 168 60 grande
1348 2533 206 59 musique

351 2601 216 61 classique
607 2613 44 33 et
687 2602 236 58 moderne,
964 2612 119 34 cette
1122 2602 286 44 Association
1443 2599 110 46 offre

351 2688 65 27 un
443 2683 128 32 autre
598 2670 180 45 intérêt.
808 2670 103 45 Elle
939 2681 65 33 est
1037 2670 24 44 à
1099 2669 42 45 la
1179 2670 262 59 disposition
1481 2669 75 45 des

353 2740 327 59 compositeurs
707 2756 112 42 pour
846 2739 98 44 leur
971 2739 175 44 fournir
1179 2739 110 44 dans
1325 2738 63 45 les
1427 2739 96 45 Con-

352 2819 116 34 certs
517 2807 221 60 l'appoint
787 2808 247 44 nécessaire
1084 2807 24 45 à
1156 2824 93 28 une
1310 2806 244 46 exécution

353 2876 250 45 matérielle
657 2877 295 44 insuffisante.
1016 2876 132 44 Ainsi
1200 2876 84 44 elle
1341 2876 139 44 incite
1532 2875 24 45 à

355 2946 139 44 écrire
522 2945 75 45 des
624 2946 237 57 partitions
887 2961 108 28 avec
1023 2946 196 57 chœurs,
1247 2956 72 33 cet
1349 2955 69 33 art
1455 2956 99 47 trop

353 3013 264 46 facilement
647 3013 195 61 négligé.

424 3082 42 46 Si
489 3081 40 45 la
550 3083 69 43 vie
642 3082 267 57 extérieure,
938 3080 287 45 l'exhibition
1254 3098 56 27 en
1331 3080 224 45 solennité

355 3151 54 43 de
454 3161 118 34 cette
612 3167 174 41 œuvre,
828 3150 207 59 présente
1079 3149 193 61 quelque
1315 3151 134 43 chose
1501 3149 54 44 de

354 3219 105 57 fort,
487 3236 59 26 on
574 3230 109 47 peut
708 3219 152 43 même
887 3219 93 43 dire
1006 3235 100 28 sans
1132 3219 204 44 craindre
1357 3217 173 61 l'exagé-

355 3288 147 44 ration
543 3303 59 27 ou
642 3286 40 45 le
722 3286 205 58 ridicule,
971 3287 52 44 de
1065 3287 250 60 grandiose,
1356 3287 105 58 quoi
1501 3285 53 45 de

356 3356 98 58 plus
480 3356 292 59 pittoresque,
792 3354 183 58 cordial,
1002 3356 318 61 sympathique
1348 3367 44 31 et
1418 3354 108 44 méri-

355 3426 113 42 toire
509 3440 86 43 que
635 3440 45 28 sa
717 3425 69 43 vie
825 3422 196 45 intime?
1063 3423 130 45 Celle
1229 3423 53 44 de
1333 3434 100 33 tous
1482 3439 73 27 ces

357 3494 154 43 braves
550 3508 110 44 gens
703 3493 91 58 qui,
834 3508 100 27 sans
974 3492 143 58 espoir
1167 3492 53 43 de
1263 3490 197 45 réclame
1505 3492 47 42 ni

356 3562 136 58 esprit
518 3560 54 44 de
598 3561 283 58 cabotinage,
909 3560 220 43 viennent
1165 3560 126 58 après
1327 3558 41 45 le
1406 3575 146 45 gagne

355 3631 104 58 pain
485 3639 193 34 souvent
704 3628 196 59 pénible,
927 3628 176 44 étudier
1129 3627 63 44 les
1218 3627 196 45 Maîtres
1438 3626 13 45 ?
1484 3626 69 45 La

355 3698 127 60 place
532 3713 115 28 nous
695 3713 198 43 manque
943 3713 112 41 pour
1104 3713 145 42 passer
1310 3712 55 27 en
1415 3712 137 27 revue

355 3777 149 34 toutes
547 3765 62 45 les
646 3766 196 43 sections
885 3765 53 43 de
976 3765 139 43 chant
1152 3781 59 27 ou
1249 3763 300 46 d'harmonie.

1638 541 124 46 Elles
1787 553 103 34 sont
1917 553 99 47 trop
2135 543 33 44 si
2195 541 94 46 l'on
2317 555 107 47 peut
2451 543 92 44 dire
2573 541 6 46 !
2712 543 125 45 Mais

1639 610 28 44 il
1713 623 65 32 est
1821 627 63 27 un
1927 611 131 44 cadre
2098 611 111 43 dont
2246 610 287 62 l'originalité
2573 612 160 44 mérite
2773 629 61 27 un

1639 680 113 58 petit
1778 679 181 44 tableau
1983 696 9 28 :
2023 679 108 44 c'est
2157 679 115 44 celui
2301 680 58 44 où
2385 680 199 44 travaille
2616 679 28 45 Y
2650 680 163 44 Associa-

1640 747 84 44 tion
1750 749 67 42 des
1842 747 160 45 anciens
2031 747 210 44 musiciens
2265 749 47 42 de
2339 748 191 45 /'armée.

1708 816 133 44 Nous
1880 834 28 43 y
1959 817 114 43 voici
2119 816 109 44 dans
2276 816 62 44 les
2387 834 127 27 caves
2563 817 60 44 du
2673 816 164 47 Grand

1639 884 156 45 Palais.
1849 886 131 43 Avec
2028 901 65 28 ses
2141 886 239 57 soupiraux
2432 896 44 32 et
2526 901 78 28 son
2651 885 185 59 plafond

1639 952 153 58 voûté,
1818 954 33 43 si
1881 971 50 26 ce
1958 952 223 45 n'étaient
2206 953 62 44 les
2302 953 233 58 ampoules
2572 954 265 59 électriques

1640 1038 56 27 en
1738 1021 98 59 plus
1859 1043 11 35 ;
1912 1039 57 26 ne
2008 1039 43 28 se
2091 1022 263 44 croirait-on
2393 1038 76 42 pas
2495 1021 108 45 dans
2628 1021 62 44 les
2716 1033 97 33 cata-

1640 1091 185 44 combes
1869 1090 75 45 des
1981 1091 227 44 chrétiens
2244 1107 89 27 aux
2371 1102 146 46 temps
2555 1090 52 43 de
2639 1090 160 44 Néron
2823 1089 13 45 ?

1639 1159 125 45 Mais
1790 1157 278 46 l'assemblée
2096 1158 75 45 n'a
2197 1175 75 43 pas
2300 1159 60 43 du
2385 1169 101 33 tout
2511 1175 63 26 un
2602 1170 149 46 aspect
2782 1159 54 43 de

1639 1227 286 60 persécution
1952 1225 7 46 !
2002 1227 101 45 Elle
2143 1229 203 57 exprime
2384 1244 57 27 au
2473 1228 221 43 contraire
2721 1226 94 44 l'en-

1639 1298 113 42 train
1783 1307 45 33 et
1854 1296 42 44 la
1922 1297 151 43 bonne
2101 1297 211 43 humeur.

1707 1365 167 50 Voyez
1898 1364 42 45 la
1966 1366 125 42 mine
2119 1363 247 61 paternelle
2395 1364 53 44 de
2487 1364 73 44 M.
2592 1364 246 46 Casadesus

1644 1448 17 29 lerI
1672 1436 33 19 er
1731 1434 110 44 chef
1861 1433 275 45 d'orchestre
2175 1434 74 59 qui
2288 1450 45 27 se
2371 1449 153 42 repose
2564 1449 56 28 en
2658 1434 179 43 fumant

1637 1518 45 28 sa
1709 1503 117 58 pipe,
1854 1502 147 45 tandis
2027 1519 85 42 que
2152 1502 74 45 M.
2256 1501 156 45 Morel
2532 1500 108 46 dans
2665 1501 40 44 le
2733 1500 104 47 civil

1639 1571 261 44 contrôleur
1943 1572 25 43 à
2010 1570 42 45 la
2094 1571 83 45 Cie
2223 1571 59 44 du
2322 1569 105 47 Gaz
2568 1570 188 45 conduit
2795 1569 41 44 la

1638 1639 258 61 Pathétique
1899 1677 11 21 ,
1961 1639 125 59 après
2135 1656 57 28 en
2235 1640 138 56 avoir,
2418 1655 108 28 avec
2575 1656 89 27 une
2709 1650 128 32 toute

1638 1709 246 58 paternelle
1934 1709 194 44 autorité
2177 1708 129 60 exigé
2355 1707 216 59 l'attaque
2621 1707 119 60 large
2794 1718 43 32 et

1637 1778 282 59 vigoureuse.
1951 1778 133 44 Voici
2126 1777 40 44 le
2208 1778 195 58 premier
2430 1793 92 41 cor,
2561 1775 191 45 licencié
2779 1792 57 27 en

1638 1845 282 60 philosophie
1944 1867 10 35 ;
1994 1845 40 45 le
2063 1845 103 46 Solo
2193 1846 170 44 Basson
2391 1846 74 58 qui
2495 1862 55 26 en
2588 1862 45 27 sa
2670 1843 168 61 qualité

1639 1914 248 45 d'ébéniste
1905 1914 182 59 possède
2106 1914 357 45 naturellement
2479 1930 63 27 un
2561 1914 277 43 instrument

1639 1984 52 43 de
1730 1983 121 45 luxe.
1893 1984 210 44 Pendant
2124 1983 61 44 les
2223 1999 142 42 repos,
2405 1981 109 60 qu'il
2542 1982 40 43 le
2611 1983 145 56 berce,
2797 1980 39 44 le

1636 2069 207 41 carresse,
1894 2051 41 45 le
1980 2053 131 43 traite
2157 2069 181 27 comme
2390 2068 91 27 une
2531 2050 183 57 mariée,
2765 2061 73 33 cet

1636 2123 278 42 instrument
1943 2118 7 47 !
1994 2121 130 44 Avec
2166 2121 75 43 des
2282 2119 178 61 regards
2500 2119 218 44 attendris
2757 2119 75 59 qui

1635 2191 334 43 certainement
1996 2189 185 44 doivent
2209 2189 106 43 faire
2345 2189 104 43 bien
2487 2189 130 43 envie
2656 2187 23 44 à
2717 2198 119 33 cette

1636 2275 165 42 pauvre
1847 2275 145 44 grosse
2038 2260 133 42 caisse
2222 2274 122 28 assez
2391 2268 193 33 souvent
2628 2255 208 45 délaissée

1637 2328 122 43 faute
1788 2326 110 45 d'un
1926 2326 196 45 titulaire
2149 2325 132 45 fidèle
2309 2337 44 32 et
2379 2326 74 58 qui
2487 2325 207 44 voudrait
2733 2325 103 43 bien

1633 2395 266 62 régulariser
1943 2413 89 26 une
2082 2396 216 44 situation
2354 2393 165 60 qu'elle
2573 2406 158 31 trouve
2783 2392 53 45 de

1635 2465 148 44 moins
1825 2481 56 27 en
1926 2465 148 44 moins
2123 2463 359 44 intéressante...
2538 2462 61 45 Et
2649 2479 50 27 ce
2745 2462 89 43 bon

1633 2534 136 43 vieux
1811 2533 52 44 de
1914 2534 205 43 soixante
2169 2544 44 32 et
2263 2549 117 26 onze
2429 2548 94 41 ans,
2569 2532 162 60 joueur
2782 2530 54 44 de

1635 2601 286 59 Saxophone.
1960 2601 131 45 Dans
2129 2618 46 28 sa
2201 2601 144 59 poche
2388 2599 27 45 il
2455 2599 76 45 n'a
2569 2616 76 43 pas
2681 2616 88 42 que
2797 2598 41 45 la

1634 2671 329 60 photographie
1992 2671 54 43 de
2074 2687 48 27 ce
2151 2669 179 45 tableau
2356 2669 60 43 où
2438 2667 30 45 il
2488 2669 69 43 fut
2578 2667 260 59 représenté

1634 2755 57 27 en
1717 2739 136 45 Vieux
1875 2739 225 43 mélomane
2103 2774 11 22 ,
2138 2738 28 44 il
2194 2737 181 60 possède
2404 2753 164 29 encore
2589 2754 45 27 sa
2661 2737 151 60 biogra-

1633 2808 103 59 phie
1766 2807 112 44 dont
1905 2807 29 43 il
1962 2819 64 33 est
2053 2806 195 45 l'auteur
2275 2818 44 32 et
2347 2823 85 42 que
2459 2806 116 44 voici
2601 2822 8 28 :

1868 2893 57 27 en
1974 2874 124 61 1838
2145 2875 40 44 le
2232 2889 60 46 23
2335 2875 128 60 Juin,
2505 2875 150 43 bonne
2693 2872 144 60 santé,

1686 2945 160 60 jamais
1889 2944 192 58 malade,
2122 2945 47 42 ni
2212 2942 234 59 infirmité,
2488 2942 88 45 très
2613 2942 223 58 résistant,

1691 3012 224 45 caractère
1960 3014 86 59 gai,
2088 3012 88 45 très
2216 3012 282 59 philosophe,
2540 3010 88 45 très
2666 3011 171 59 grande

1690 3080 236 45 mémoire.
1966 3081 142 44 Elève
2148 3098 57 27 au
2243 3080 346 45 conservatoire.
2623 3079 214 45 Choriste

1691 3149 24 44 à
1754 3148 195 60 l'Opéra
1987 3160 44 33 et
2068 3167 58 26 au
2166 3148 219 62 Lyrique.
2426 3147 158 46 Soliste
2624 3147 159 45 enfant
2813 3149 25 45 à

1691 3217 61 45 St.
1799 3217 247 58 Eustache,
2092 3217 42 45 la
2176 3216 206 58 Trinité,
2427 3216 62 46 St.
2535 3217 207 44 Vincent
2782 3217 52 44 de

1691 3285 110 45 Paul
1829 3297 44 33 et
1898 3285 43 45 la
1977 3285 266 45 Madeleine
2282 3283 275 62 (1851-56).
2598 3285 236 44 Musicien

1787 3353 60 45 66
1853 3357 50 18 me
1944 3354 53 44 de
2033 3354 121 60 ligne
2192 3353 168 61 (1857)
2399 3353 122 59 passé
2559 3352 103 45 àla
2700 3353 136 61 garde

1688 3422 278 59 municipale
1988 3423 53 43 de
2068 3422 121 45 Paris
2209 3421 184 60 (1868),
2421 3421 152 45 rentré
2603 3421 108 44 dans
2737 3439 95 28 mes

1687 3491 149 60 foyers
1862 3490 182 61 (1874).
2075 3490 153 45 Marié
2267 3491 155 58 depuis
2453 3490 103 44 Mai
2592 3489 142 61 1874,
2757 3490 77 62 j'ai

1682 3559 106 62 joué
1815 3558 41 44 la
1893 3560 125 57 flûte,
2057 3558 62 45 les
2155 3560 298 57 saxophones,
2493 3558 39 44 le
2573 3559 174 57 basson,
2790 3572 44 31 et

1687 3640 158 31 contre
1861 3626 975 62 basson,lestimbales(àl'OpéraComique)

1687 3706 44 33 et
1758 3695 40 44 la
1838 3712 145 43 grosse
2029 3697 133 43 caisse
2204 3695 110 45 dans
2340 3709 101 31 tous
2467 3695 62 45 les
2556 3695 196 45 théâtres
2779 3697 52 44 de

1686 3765 221 57 musique.
1969 3763 89 61 J'ai
2122 3763 170 62 voyagé
2355 3781 113 42 pour
2528 3763 42 46 la
2624 3765 208 59 musique
