2964 4221
548 290 857 75 L'ACTUALITÉ
1485 308 656 57 MUSICALE

107 431 59 45 M
171 430 39 26 lle
247 431 205 46 Blanche
492 432 128 46 Selva
658 433 214 45 exécuter
910 450 63 28 un
1014 450 290 45 programme

106 500 263 60 historique.
399 501 59 45 M
461 500 40 25 lle
528 501 128 47 Selva
682 502 172 45 excelle
882 503 110 44 dans
1027 502 63 45 les
1126 518 179 29 œuvres

106 569 256 58 modernes,
390 569 250 47 l'intensité
667 582 44 34 et
738 570 40 46 la
804 572 190 59 vigueur
1020 572 54 44 de
1112 588 80 28 son
1225 570 79 62 jeu

106 648 183 47 portent
315 639 112 44 haut
454 650 44 34 et
525 638 108 47 loin.

1093 709 44 60 J.
1178 708 54 45 B.

174 842 263 47 ROUEN.
465 873 68 5 —
568 844 88 46 Les
700 858 209 33 concerts
952 846 52 44 de
1046 845 42 46 la
1128 845 175 46 Société

103 910 75 45 des
223 913 195 44 Artistes
464 913 265 45 Rouennais
772 932 25 26 a
846 914 207 59 présenté
1090 914 212 63 jusqu'au

103 980 111 44 bout
240 997 63 28 un
331 981 90 44 réel
450 982 180 58 intérêt,
658 1000 108 27 avec
792 1000 80 27 son
904 995 187 33 concert
1118 984 53 43 de
1198 1001 70 27 mu-

101 1049 126 59 sique
254 1049 54 45 de
333 1051 233 58 chambre,
589 1064 44 31 et
658 1063 179 33 surtout
862 1068 109 28 avec
991 1051 42 45 la
1106 1051 164 45 Damoi-

99 1116 105 45 selle
232 1117 118 45 Elue
443 1119 75 45 M.
548 1120 180 44 Marcel
756 1119 177 60 Dupré,
974 1122 194 56 premier
1204 1122 99 57 prix

100 1185 60 44 du
188 1186 364 60 Conservatoire,
596 1187 104 45 s'est
743 1188 80 45 fait
860 1188 195 44 admirer
1093 1189 110 44 dans
1229 1190 75 44 des

98 1271 180 29 œuvres
304 1256 54 44 de
385 1256 143 57 Bach,
557 1256 54 44 de
640 1256 195 59 Franck,
865 1256 251 45 d'Albeniz
1131 1270 45 31 et
1194 1258 109 44 dans

100 1322 41 45 la
161 1324 107 61 jolie
304 1324 125 45 Suite
470 1326 384 60 bourguignonne
881 1326 53 43 de
961 1326 342 45 Vierne.-Très

100 1392 89 43 bon
216 1393 153 44 succès
394 1394 113 43 aussi
528 1410 111 42 pour
663 1394 56 44 M
724 1399 50 19 me
787 1393 132 45 René
938 1393 161 60 Doire,
1113 1395 189 60 pianiste

101 1460 209 45 brillante
337 1472 44 33 et
402 1461 207 45 délicate.
862 1461 50 46 P.
931 1462 56 46 L.
1013 1457 217 51 ROBERT.

167 1597 334 47 POITIERS.
531 1626 67 6 —
623 1599 45 43 A
712 1599 196 61 signaler
952 1599 39 45 le
1030 1602 79 60 jeu
1142 1601 74 45 sûr
1256 1612 46 33 et

98 1666 258 61 intelligent
382 1667 54 44 de
455 1667 75 45 M.
554 1668 219 58 Bernard,
796 1669 206 58 pianiste,
1022 1680 44 33 et
1088 1668 39 45 le
1147 1670 155 44 succès

97 1735 53 45 de
178 1735 58 45 M
240 1740 51 20 me
311 1735 110 45 Paul
450 1735 140 63 Diey.

166 1873 290 47 VESOUL.
483 1902 69 6 —
577 1874 69 46 Le
691 1874 60 47 28
795 1877 89 43 mai
926 1893 25 27 a
994 1894 56 27 eu
1091 1877 91 44 lieu
1207 1894 91 28 une

96 1942 88 46 très
211 1943 294 45 intéressante
533 1944 205 44 audition
766 1944 76 45 des
868 1944 145 46 élèves
1039 1945 56 45 de
1121 1945 177 46 l'Ecole

96 2013 54 43 de
194 2013 206 59 musique
446 2012 228 59 Lanzoni,
719 2030 108 28 avec
872 2031 63 27 un
978 2014 56 45 de
1077 2032 74 28 ces
1194 2032 78 42 pro-

94 2098 227 43 grammes
370 2098 61 27 un
483 2098 87 42 peu
613 2081 226 62 mélangé,
891 2100 184 28 comme
1128 2101 60 27 on
1239 2101 56 27 en

94 2161 245 33 rencontre
367 2167 164 27 encore
558 2162 100 33 tant
701 2168 56 26 en
786 2153 230 58 province,
1062 2154 113 43 mais
1218 2154 76 59 qui

94 2218 233 61 témoigne
355 2218 112 45 d'un
494 2219 214 45 véritable
736 2231 44 33 et
805 2220 173 45 sincère
1010 2220 132 45 effort
1168 2223 106 44 artis-

93 2288 139 58 tique.

407 2505 577 108 Belgique

164 2691 248 48 OUBLIS
463 2692 96 46 ET
609 2693 380 48 OMISSIONS.
1161 2696 132 46 Nous

92 2778 140 30 avons
281 2761 166 58 oublié,
498 2762 110 45 dans
656 2762 40 44 le
745 2764 355 58 compte-rendu
1147 2766 56 44 de
1251 2765 42 45 la

94 2846 27 31 2
125 2838 17 20 e
175 2830 161 45 séance
355 2830 56 45 de
434 2829 42 45 la
498 2832 174 44 section
701 2830 127 63 belge
858 2832 56 44 de
941 2832 41 45 la
999 2832 41 45 S.
1068 2832 37 46 I.
1134 2833 75 46 M.
1237 2834 54 44 de

92 2901 112 44 citer
241 2898 41 45 le
320 2916 110 27 nom
466 2899 58 44 de
564 2898 74 47 M,
668 2900 106 45 Van
802 2900 159 46 Bever.
990 2900 99 54 Qui
1130 2902 163 59 prêtait

92 2985 80 28 son
214 2968 212 58 précieux
465 2984 226 29 concours
726 2968 25 45 à
784 2968 256 60 l'audition,
1065 2987 89 42 que
1180 2970 90 45 l'ex-

92 3036 169 47 cellent
285 3037 152 44 artiste
463 3036 164 45 veuille
654 3037 103 44 bien
785 3038 191 58 prendre
1001 3055 46 28 sa
1081 3051 98 46 part
1218 3039 75 45 des

91 3105 292 46 félicitations
406 3122 90 42 que
521 3122 115 28 nous
661 3123 138 28 avons
825 3106 265 58 exprimées.

269 3172 139 47 Omis
447 3173 273 61 également,
748 3173 24 45 à
811 3191 162 42 propos
998 3175 55 44 de
1080 3175 40 44 la
1144 3175 128 46 distri-

94 3243 161 45 bution
283 3241 75 45 des
383 3244 317 57 récompenses
719 3260 89 26 aux
830 3242 146 46 élèves
995 3243 54 45 de
1069 3243 224 46 Pinstitut

94 3310 188 46 musical
305 3310 140 60 dirigé
466 3327 77 42 par
566 3310 73 46 M.
664 3311 62 45 H.
748 3311 256 59 Thiebaut,
1026 3311 56 45 de
1101 3312 192 61 signaler

92 3397 93 28 une
212 3378 260 58 exécution,
498 3391 144 33 certes
668 3379 294 59 mémorable,
991 3381 53 43 de
1070 3380 43 45 la
1138 3380 155 45 Kaiser

94 3446 162 47 marsch
295 3448 56 43 de
376 3447 226 60 Wagner,
629 3464 76 42 par
738 3446 57 45 16
824 3449 147 44 mains
996 3460 44 32 et
1065 3465 92 28 une
1183 3465 82 28 cen-

93 3518 123 44 taine
257 3515 320 45 d'enfantelets
616 3528 44 32 et
694 3517 160 61 jeunes
893 3515 127 60 filles,
1055 3534 109 27 avec
1202 3530 67 32 tra-

93 3585 189 46 duction
297 3583 222 65 française
544 3584 54 44 de
626 3584 73 46 M.
740 3585 106 44 Van
874 3585 86 44 den
988 3585 190 46 Borren.

249 3653 237 59 Toujours
512 3652 24 45 à
562 3669 161 43 propos
749 3653 53 45 de
829 3664 119 33 cette
974 3653 174 59 séance,
1177 3671 115 28 nous

2456 332 29 37 2
2495 331 79 58 47

1383 449 138 28 avons
1581 449 108 40 reçu
1749 449 90 28 une
1889 432 168 61 longue
2105 433 146 60 lettre,
2302 438 153 64 signée
2504 458 75 42 par

1384 500 222 45 Madame
1649 499 172 46 Emma
1863 500 366 64 Lachenmeyer,
2272 504 53 46 de
2370 506 207 50 Genève.

1383 570 148 43 Notre
1580 569 193 44 aimable
1834 571 395 60 correspondante,
2280 575 124 58 après
2464 595 115 29 nous

1382 638 122 44 avoir
1554 637 217 59 reproché
1822 654 60 28 un
1933 640 91 44 avis
2072 640 121 44 hâtif
2234 653 44 32 et
2326 645 251 58 superficiel

1381 705 277 60 s'attaquant
1683 706 24 44 à
1733 724 90 26 une
1850 706 216 46 méthode
2092 708 112 45 dont
2241 727 114 29 nous
2390 713 188 48 n'avons

1382 786 142 33 certes
1550 791 59 42 pu
1637 791 200 28 mesurer
1863 774 61 45 les
1950 775 126 46 effets
2102 777 194 47 lointains
2316 791 44 33 et
2380 781 41 45 la
2440 784 137 45 haute

1381 842 154 60 portée
1662 842 140 63 [nous
1827 842 172 47 l'avons
2036 844 79 59 dit,
2143 845 41 46 la
2222 847 356 53 démonstration

1381 911 108 45 était
1529 911 42 45 la
1615 911 220 60 première
1875 913 105 44 faite
2025 931 56 26 en
2127 915 217 61 Belgique
2385 931 44 33 et
2469 920 109 47 c'est

1381 980 172 58 d'après
1596 979 299 59 l'impression
1938 981 164 61 qu'elle
2145 1000 114 30 nous
2298 987 152 46 donna
2490 1007 87 43 que

1381 1065 116 28 nous
1532 1066 140 28 avons
1705 1066 96 41 cru,
1829 1066 102 28 sous
1956 1050 187 60 réserve,
2172 1056 187 56 pouvoir
2386 1056 190 54 émettre

1380 1134 92 27 une
1510 1117 217 45 réflexion
1766 1118 309 63 défavorable]
2214 1122 221 50 Madame
2486 1118 68 74 ]La-

1381 1187 279 60 chenmeyer
1701 1186 304 61 disons-nous,
2047 1189 147 45 exalte
2237 1190 41 45 la
2323 1193 150 51 valeur
2523 1197 54 44 de

1381 1266 120 33 cette
1522 1255 231 45 méthode.
1777 1255 90 46 Son
1889 1258 334 45 enthousiasme
2241 1277 56 26 ne
2319 1261 157 48 réussit
2503 1282 74 42 pas

1380 1323 25 44 à
1430 1340 116 27 nous
1572 1324 286 45 convaincre.
1952 1324 140 47 Ecole
2121 1326 52 45 de
2212 1328 198 51 volonté,

1477 1376 22 59 Ïi
1511 1376 15 11 0
1585 1393 6 7 .

1496 1392 189 58 umière,
1732 1392 124 45 école
1906 1393 176 46 d'ordre
2124 1397 232 58 supérieur
2513 1402 62 45 les

1381 1472 322 34 mouvements
1740 1461 165 60 qu'elle
1945 1465 212 59 enseigne
2196 1478 250 49 montrent,
2487 1482 66 33 tra-

1381 1529 194 58 duisent,
1622 1530 302 59 développent
1981 1532 23 44 à
2043 1543 171 35 travers
2257 1534 33 44 le
2328 1541 109 56 corps
2476 1550 103 40 tout,

1380 1599 160 57 entier,
1559 1597 136 46 l'âme
1714 1600 253 59 personnelle
1987 1602 53 43 de
2065 1601 154 60 chaque
2244 1606 112 56 petit
2383 1607 157 44 enfant
2562 1630 11 35 ;

1381 1667 272 59 impossible,
1692 1685 108 28 avec
1839 1685 71 28 ces
1954 1684 320 33 mouvements
2317 1673 53 44 de
2415 1677 160 43 cacher

1378 1736 106 59 quoi
1512 1753 88 42 que
1639 1754 50 27 ce
1726 1738 99 57 soit,
1867 1740 113 43 mais
2017 1750 165 33 mettre
2220 1740 61 45 les
2311 1741 173 47 défauts
2518 1762 56 28 en

1378 1803 206 55 lumière,
1613 1804 110 46 c'est
1750 1806 60 44 les
1837 1807 253 45 combattre

1448 1873 356 61 Franchement,
1834 1892 114 28 nous
1973 1875 188 46 n'avons
2192 1894 59 42 pu
2287 1896 288 42 soupçonner

1378 1953 100 33 tout
1522 1941 111 60 cela,
1679 1955 44 32 et
1766 1961 115 27 nous
1924 1944 189 46 n'avons
2155 1948 203 44 constaté
2400 1948 173 60 qu'une

1376 2010 152 58 chose,
1567 2010 24 44 à
1629 2013 144 43 savoir
1816 2029 103 43 que,
1947 2029 77 43 par
2063 2030 64 28 un
2168 2016 407 47 commandement

1378 2080 109 57 bref,
1533 2096 58 28 on
1635 2081 127 59 oblige
1804 2080 63 46 les
1909 2082 179 45 enfants
2126 2082 25 46 à
2193 2100 44 28 se
2278 2084 132 45 livrer
2450 2086 24 45 à
2513 2088 61 44 tel

1376 2161 300 32 mouvement
1750 2151 146 58 appris
1963 2151 230 60 d'avance,
2255 2154 320 58 parfaitement

1373 2215 153 59 défini,
1545 2216 228 47 alternant
1788 2235 109 28 avec
1914 2218 59 46 tel
1991 2231 128 33 autre
2140 2221 257 60 également
2418 2223 153 60 prévu,

1373 2287 42 44 le
1451 2287 154 44 même
1642 2303 114 44 pour
1787 2298 114 36 tous.
1930 2288 128 46 C'est
2085 2288 39 45 le
2152 2289 103 46 côté
2334 2293 104 57 pion
2519 2293 54 46 de

1373 2354 42 46 la
1440 2354 231 46 méthode.
1702 2354 127 47 C'est
1859 2355 41 45 le
1991 2375 290 43 programme
2371 2361 199 59 scolaire,

1373 2424 42 46 la
1434 2425 273 57 contrainte,
1729 2424 41 45 le
1796 2425 114 45 frein
1938 2443 113 42 pour
2077 2427 40 44 le
2145 2427 110 45 libre
2282 2430 203 45 exercice
2512 2430 61 46 du

1373 2508 128 43 corps
1618 2504 45 33 et
1688 2493 55 44 de
1769 2491 181 61 l'esprit.

1442 2559 127 47 C'est
1613 2560 39 44 le
1696 2561 270 61 règlement,
2006 2562 42 45 la
2088 2562 59 46 loi
2188 2580 267 45 commune,
2494 2569 76 58 qui

1373 2630 166 43 devant
1564 2627 292 62 l'exception,
1876 2631 182 45 devient
2079 2649 92 28 non
2193 2632 255 47 seulement
2465 2636 85 43 ridi-

1373 2697 115 60 cule,
1526 2700 112 43 mais
1677 2700 196 45 odieuse.
1914 2700 102 45 Elle
2060 2717 25 28 a
2123 2702 163 59 raison,
2325 2705 244 58 peut-être,

1371 2783 113 42 pour
1522 2783 51 28 ce
1599 2768 76 59 qui
1703 2768 183 61 regarde
1912 2768 63 46 les
1999 2770 230 45 fonctions
2253 2771 245 61 générales,
2527 2786 44 32 et

1369 2836 25 44 à
1431 2852 52 28 ce
1521 2837 120 57 titre,
1676 2836 42 44 la
1759 2838 318 60 gymnastique
2119 2839 240 60 ordinaire,
2395 2842 74 60 qui
2512 2858 59 30 ne

1371 2903 191 58 prétend
1605 2919 75 42 pas
1722 2903 24 46 à
1785 2903 117 60 l'art,
1930 2917 45 32 et
2014 2907 76 58 qui
2117 2923 57 27 ne
2201 2923 44 28 se
2272 2908 197 46 réclame
2495 2927 75 42 pas

1370 2971 55 45 de
1465 2971 41 46 la
1597 2971 219 63 Musique
1902 2990 74 28 me
2015 2975 142 59 paraît
2183 2977 244 47 suffisante.
2452 2978 116 46 Bien

1371 3040 112 60 plus,
1512 3040 76 46 M.
1629 3041 62 45 H.
1735 3041 254 60 Thiebaut,
2016 3044 115 44 dont
2169 3060 115 31 nous
2323 3046 247 47 admirions

1371 3107 42 46 la
1454 3109 281 58 conviction,
1776 3109 41 45 la
1856 3110 192 58 ferveur,
2094 3124 44 33 et
2178 3111 62 46 les
2279 3114 89 45 très
2410 3116 159 45 hautes

1370 3177 258 59 ambitions,
1657 3195 57 27 ne
1740 3195 114 28 nous
1881 3178 184 46 disait-il
2090 3197 92 44 pas,
2254 3199 116 29 nous
2387 3184 182 58 forçons

1370 3244 64 46 les
1458 3244 181 47 fillettes
1658 3246 24 44 à
1707 3244 285 63 s'appliquer.
2014 3247 38 46 Il
2072 3248 98 46 faut
2185 3250 187 59 qu'elles
2387 3253 181 45 suivent

1371 3312 41 44 le
1449 3313 421 47 commandement.
1925 3314 95 46 Peu
2063 3316 25 45 à
2127 3333 103 44 peu,
2278 3335 114 29 nous
2436 3321 109 45 disci-

1371 3380 181 60 plinons
1576 3382 63 45 les
1665 3382 97 59 plus
1783 3384 302 46 distraites—
2105 3398 44 32 et
2166 3403 57 28 ne
2244 3405 115 29 nous
2385 3388 156 60 préten-

1370 3449 113 46 dons
1533 3467 75 43 pas
1643 3450 187 60 qu'elles
1865 3451 366 49 s'abandonnent
2270 3455 25 45 à
2333 3457 98 44 leur
2475 3459 89 43 bon

1370 3516 161 60 plaisir,
1558 3519 150 59 quand
1733 3518 127 47 l'une
1886 3537 44 28 se
1968 3533 182 34 montre
2183 3525 228 59 gracieuse
2438 3524 128 62 (c'est

1369 3586 109 45 dans
1520 3586 41 45 le
1613 3587 227 45 caractère
1883 3589 53 43 de
1980 3589 43 45 la
2058 3590 188 62 femme)
2288 3610 116 28 nous
2450 3610 116 29 nous

1369 3671 279 42 empressons
1696 3655 312 62 d'intervenir,
2050 3659 54 44 de
2147 3661 198 61 corriger
2486 3679 79 43 £^r
