2964 4221
560 347 167 56 L'A
761 347 52 57 C
1039 348 380 58 ALITE
1502 351 657 57 MUSICALE

2479 374 30 38 2
2519 373 76 58 79

107 470 295 59 formalisme,
447 489 183 28 comme
675 491 60 27 on
780 475 147 44 devait
978 474 225 46 d'ailleurs
1246 474 65 63 s'y

106 541 208 44 attendre
341 541 110 45 dans
471 560 91 27 une
583 544 145 44 forme
750 544 261 60 dépourvue
1034 543 277 45 d'intention

106 612 290 58 pittoresque.
442 611 68 45 La
547 614 233 44 virtuosité
820 614 108 45 dans
966 614 40 44 le
1034 613 277 46 formalisme

106 692 65 32 est
216 679 226 46 d'ailleurs
486 682 38 44 le
570 683 142 60 grand
763 683 169 62 danger
977 685 53 42 de
1081 695 99 33 tous
1231 701 80 27 nos

106 751 330 58 compositeurs
456 752 257 59 modernes,
738 771 54 26 en
817 753 277 61 Allemagne
1116 764 191 47 surtout,

106 832 44 32 et
171 821 44 61 je
242 819 171 62 signale
441 833 72 33 cet
540 821 143 45 écueil
711 840 57 26 au
790 824 139 60 jeune
957 823 174 44 maître.

175 889 73 45 En
293 907 177 28 somme
515 890 147 46 l'éveil
690 891 138 46 d'une
875 904 159 33 nature
1072 892 112 44 aussi
1226 893 56 42 im-

105 960 337 59 périeusement
487 961 143 44 douée
675 979 89 43 que
804 961 112 45 celle
955 962 53 44 de
1049 960 259 62 Korngold,

105 1031 287 60 l'apparition
438 1031 217 45 soudaine
700 1031 109 44 d'un
856 1032 159 44 enfant
1064 1031 74 59 qui
1190 1029 120 60 parle

104 1101 357 45 naturellement
502 1101 38 44 le
579 1100 190 61 langage
803 1100 188 46 musical
1020 1100 75 45 des
1120 1099 189 58 adultes,

103 1170 346 46 l'intervention
496 1169 138 45 d'une
674 1171 235 58 puissance
958 1169 250 59 spontanée
1253 1186 57 26 au

105 1240 156 46 milieu
289 1241 54 44 de
371 1252 100 33 tous
498 1257 81 27 nos
606 1252 188 32 travaux
823 1239 172 45 d'école
1036 1251 42 31 et
1119 1238 52 44 de
1200 1255 83 27 con-

101 1312 265 43 servatoires
485 1309 110 46 c'est
623 1311 99 42 bien
754 1327 62 26 un
845 1310 79 43 fait
966 1326 207 26 nouveau
1203 1307 108 44 dans

103 1379 221 46 l'histoire
352 1379 53 44 de
432 1379 42 44 la
502 1381 205 58 musique
735 1379 393 58 contemporaine,
1164 1388 45 33 et
1235 1378 73 58 qui

104 1450 163 44 mérite
294 1449 277 44 l'attention.
604 1448 244 61 Korngold
870 1446 195 47 sera-t-il
1087 1446 224 44 l'homme

103 1521 54 43 de
185 1520 199 57 demain,
413 1518 118 45 celui
559 1536 88 43 que
674 1518 41 43 la
743 1519 208 58 musique
973 1517 209 43 attendra
1204 1515 107 44 dans

101 1591 171 58 quinze
300 1606 59 27 ou
395 1590 129 59 vingt
562 1605 93 27 ans.
704 1586 128 46 C'est
872 1604 49 27 ce
961 1597 90 49 quê
1090 1601 221 43 personne

102 1677 57 26 ne
185 1660 166 43 saurait
380 1659 107 43 dire.
531 1658 125 44 Mais
687 1673 57 28 en
772 1668 101 33 tout
900 1672 72 29 cas
997 1672 63 28 un
1089 1655 220 44 musicien

101 1747 116 27 nous
244 1741 64 33 est
338 1728 69 45 né.
451 1727 187 45 Parions
677 1743 164 27 encore
882 1743 89 26 une
1011 1725 82 43 fois
1131 1740 113 39 pour
1272 1722 39 44 le

100 1799 149 61 génie.

1110 1793 43 61 J.
1183 1792 55 45 E.

152 3067 26 49 *)
214 3070 47 35 O.
297 3070 192 35 Bouwens
521 3082 73 23 van
625 3069 67 36 der
725 3069 149 48 Boijen.
993 3067 13 21 2
1009 3070 12 47 )
1047 3069 182 37 Durand.

93 3123 13 21 3
110 3127 12 46 )
166 3124 175 38 Alleton.
485 3124 12 20 4
502 3126 11 47 )
555 3124 193 38 Hamelle.
895 3123 13 22 5
912 3127 11 46 )
969 3126 162 37 Edition
1175 3135 106 28 mont-

94 3182 230 47 rougienne.
424 3180 13 22 6
441 3185 10 45 )
477 3182 129 49 Justin
631 3182 160 46 Robert,
816 3185 20 34 à
860 3182 158 37 Béziers.

164 3316 43 46 Si
249 3316 63 45 les
352 3318 346 59 transcripteurs
739 3329 82 32 ont
862 3318 165 58 parfois
1058 3318 53 44 de
1150 3320 129 60 singu-

94 3385 131 46 lières
251 3386 243 59 fantaisies,
521 3414 67 5 -
616 3403 114 28 nous
768 3403 28 45 y
823 3387 294 45 reviendrons
1157 3400 99 32 tout
1283 3389 23 44 à

94 3455 176 44 l'heure
305 3484 82 29 —,
428 3455 29 44 il
508 3473 56 26 en
616 3467 65 33 est
731 3457 113 44 aussi
896 3456 53 44 de
997 3457 89 44 fort
1130 3458 140 44 avisés
1292 3480 10 34 ;

96 3542 183 28 comme
305 3524 69 45 M
380 3561 8 8 .
418 3525 167 44 Delune
587 3561 11 21 ,
628 3526 75 59 qui
732 3526 126 43 vient
886 3526 52 44 de
978 3526 178 45 réduire
1193 3544 113 43 pour

96 3596 136 57 piano
274 3592 481 63 l'accompagnement
797 3594 277 46 d'orchestre
1121 3596 54 44 de
1223 3613 82 28 son

97 3664 173 44 POEME
310 3680 112 43 pour
449 3663 271 46 violoncelle
749 3661 29 48 \
812 3664 137 45 Cette
988 3682 155 27 œuvre
1182 3683 93 44 sym-

98 3734 217 60 pathique
344 3744 44 33 et
415 3735 248 43 chantante
700 3733 161 47 mérite
890 3732 141 46 d'être
1067 3734 88 60 lue,
1184 3747 44 32 et
1261 3737 44 60 je

1392 492 56 26 ne
1476 476 114 44 crois
1617 492 74 43 pas
1717 475 167 61 qu'elle
1912 475 135 60 perde
2074 476 23 44 à
2132 494 144 42 passer
2304 496 56 27 au
2388 479 212 45 domaine

1392 544 53 44 de
1486 544 40 44 la
1552 546 210 59 musique
1791 545 54 45 de
1879 546 232 45 chambre.
2143 546 171 52 Quand
2349 548 70 45 M.
2449 548 154 45 Pierre

1393 613 208 45 Renauld
1625 614 185 58 réédite,
1841 631 113 43 pour
1982 614 120 45 deux
2130 614 163 46 Pianos
2330 616 41 45 la
2408 618 193 45 SONATE

1390 699 32 27 A
1463 698 132 29 DEUX
1639 698 258 30 CLAVECINS
1942 684 54 43 de
2041 684 78 45 W.
2154 684 51 46 F.
2251 685 115 44 Bach
2411 684 15 26 2
2431 724 10 21 ,
2488 687 110 45 c'est

1389 769 166 28 encore
1594 753 89 44 fort
1725 753 118 44 bien.
1874 751 67 46 Le
1980 752 157 45 travail
2164 753 53 45 de
2246 754 74 46 M.
2352 756 244 60 Braunfels,

1390 824 301 42 transcrivant
1734 839 112 41 pour
1874 823 136 58 piano
2038 837 131 29 DEUX
2197 821 154 48 PIÈCES
2386 825 214 46 D'ORGUE

1391 891 53 43 de
1471 891 55 64 J.
1536 891 41 45 S.
1606 891 120 44 Bach
1757 888 29 60 \
1816 902 65 34 est
1912 908 64 27 un
2020 909 87 41 peu
2149 892 97 59 plus
2285 896 278 44 contestable
2590 913 7 28 :

1390 960 62 44 les
1478 960 150 59 pièces
1655 959 187 62 d'orgue
1881 972 202 47 peuvent
2109 961 89 44 fort
2236 964 103 43 bien
2365 981 45 28 se
2437 965 78 44 lire
2543 983 57 26 au

1391 1030 133 58 piano
1570 1029 127 45 telles
1723 1028 188 62 qu'elles
1951 1041 104 33 sont
2097 1030 160 47 écrites
2282 1053 12 36 ;
2337 1045 44 33 et
2421 1034 26 44 il
2485 1035 101 45 n'est-

1390 1115 75 42 pas
1491 1099 226 60 question,
1752 1098 209 62 j'espère,
1991 1099 54 46 de
2083 1099 62 46 les
2173 1101 108 45 faire
2319 1120 160 42 passer,
2507 1122 91 27 une

1390 1167 82 45 fois
1514 1167 252 61 arrangées,
1819 1186 57 26 au
1926 1185 289 44 programme
2265 1172 75 44 des
2389 1174 210 58 pianistes

1392 1237 216 44 virtuoses
1632 1258 10 34 ;
1681 1237 50 45 ils
1773 1249 80 32 ont
1894 1249 100 33 tout
2036 1256 50 28 ce
2112 1239 110 60 qu'il
2250 1240 97 46 leur
2373 1242 96 45 faut
2491 1243 109 45 dans

1390 1305 192 45 l'œuvre
1609 1306 53 44 de
1693 1306 141 45 Bach.
1865 1306 124 46 Mais
2027 1308 29 44 il
2083 1326 28 45 y
2137 1327 25 26 a
2201 1309 97 58 plus
2324 1312 189 60 original
2541 1330 57 27 en

1391 1393 50 26 ce
1480 1392 139 43 genre
1645 1393 8 28 :
1698 1376 73 44 M.
1813 1378 48 42 de
1892 1376 172 63 Vagney
2107 1396 25 26 a
2173 1381 29 21 u
2220 1379 228 61 complété
2537 1381 62 45 les

1392 1444 216 45 SONATES
1646 1462 113 42 pour
1787 1445 142 45 Piano
1968 1447 53 44 de
2052 1447 238 46 Beethoven
2318 1446 15 26 3
2356 1472 10 33 ;
2407 1451 131 59 grâce
2577 1452 23 44 à

1391 1531 66 27 ses
1499 1515 120 44 soins
1663 1515 246 58 empressés
1953 1515 105 45 elles
2098 1534 44 27 se
2180 1519 326 45 transforment
2542 1538 56 26 en

1392 1585 123 57 trios,
1559 1601 59 27 ou
1665 1585 103 43 bien
1814 1602 57 26 en
1918 1602 245 29 morceaux
2207 1587 24 45 à
2275 1588 117 45 deux
2445 1592 155 55 pianos

1393 1665 305 33 concertants.
1745 1653 62 46 Et
1851 1672 56 27 ne
1952 1672 165 45 croyez
2167 1674 75 42 pas
2285 1675 88 42 que
2424 1658 75 45 M.
2547 1659 53 45 de

1395 1722 195 62 Vagney
1640 1740 44 27 se
1735 1735 218 34 contente
2004 1725 53 45 de
2107 1726 221 45 morceler
2385 1727 38 44 le
2474 1740 124 33 texte

1394 1792 334 45 beethovenien
1780 1810 113 43 pour
1944 1794 41 45 le
2030 1795 238 45 distribuer
2317 1814 89 27 aux
2456 1798 144 45 divers

1392 1862 301 45 instruments
1717 1879 8 28 :
1771 1863 28 44 il
1836 1863 172 59 préfère
2035 1881 250 43 composer,
2314 1867 52 43 de
2394 1884 80 27 son
2503 1870 95 56 crû,

1392 1931 75 44 des
1508 1933 163 57 parties
1715 1931 507 64 d'accompagnement,
2263 1937 76 58 qui
2382 1937 218 44 viennent

1378 2018 45 28 se
1444 2002 253 61 surajouter
1719 2001 21 45 à
1764 2001 239 63 l'original,
2023 2003 124 46 laissé
2170 2005 431 59 scrupuleusement

1383 2072 159 43 intact.
1586 2070 75 45 M.
1704 2072 52 43 de
1789 2072 197 62 Vagney
2029 2075 206 58 parvient
2277 2075 111 44 ainsi
2433 2075 22 44 à
2495 2093 79 28 ren-

1387 2140 146 45 forcer
1561 2139 293 47 l'Harmonie
1882 2142 235 61 classique,
2147 2144 164 58 parfois
2337 2162 183 41 pauvre,
2543 2164 59 26 ou

1391 2211 120 57 bien,
1541 2210 29 43 il
1597 2210 184 60 remplit
1819 2210 62 46 les
1908 2213 123 44 vides
2058 2212 284 62 mélodiques
2381 2232 75 41 par
2486 2215 93 44 d'in-

1392 2279 237 61 génieuses
1669 2281 329 57 broderies...;
2041 2300 108 27 vous
2187 2282 281 63 n'imaginez
2513 2302 88 42 pas,

1396 2367 74 42 par
1498 2350 226 59 exemple,
1754 2352 209 43 combien
1995 2350 254 46 l'Andante
2279 2353 53 43 de
2371 2352 41 45 la
2439 2354 165 45 Sonate

1398 2418 227 45 Pastorale
1674 2437 146 44 gagne
1871 2420 24 44 à
1945 2421 92 44 être
2101 2439 175 42 pourvu
2328 2422 110 45 d'un
2493 2425 111 57 petit

1397 2489 331 59 contre-point,
1756 2491 76 58 qui
1874 2491 232 58 reproduit
2144 2491 40 45 le
2222 2491 171 59 thème,
2427 2510 177 28 mesure

1397 2575 77 43 par
1516 2575 178 28 mesure
1820 2597 8 7 .
1874 2560 139 60 Mais,
2056 2561 152 44 faut-il
2239 2578 109 28 vous
2388 2561 215 60 l'avouer,

1398 2627 150 59 j'aime
1575 2630 154 42 mieux
1758 2629 62 45 les
1844 2642 180 33 sonates
2062 2630 52 44 de
2156 2630 283 59 Beethoven,
2480 2632 126 45 telles

1397 2715 88 43 que
1512 2697 243 45 lui-même
1781 2698 62 45 les
1869 2717 23 26 a
1919 2700 172 45 écrites.

1467 2766 69 45 La
1585 2768 194 45 SONATE
1830 2784 126 29 POUR
2006 2784 176 29 VIOLON
2234 2784 59 29 ET
2343 2786 164 43 PIANO,
2551 2771 53 45 de

1399 2836 236 45 Guillermo
1665 2837 133 44 Uribe
1883 2856 189 42 presque
2100 2838 217 61 classique
2342 2838 259 62 d'écriture,

1395 2918 63 32 est
1486 2905 110 46 d'un
1638 2908 109 42 bout
1785 2907 24 44 à
1846 2907 162 45 l'autre
2034 2925 91 27 une
2151 2926 158 27 œuvre
2335 2909 188 45 franche
2559 2925 44 29 et

1387 2977 137 43 saine.
1556 2975 74 45 De
1659 2977 152 43 même
1846 2976 62 46 les
1935 2977 160 45 TROIS
2123 2975 153 47 PIÈCES
2303 2977 215 46 D'ORGUE
2546 2980 52 43 de

1385 3044 214 45 Maurice
1625 3044 209 46 Reuchsel
1854 3044 17 25 4
1875 3084 10 21 ,
1919 3064 109 27 avec
2060 3046 96 45 leur
2192 3047 160 44 Finale
2389 3048 138 45 d'une
2565 3051 33 44 si

1386 3114 164 61 allègre
1603 3114 202 45 envolée.
1859 3116 75 45 M.
1989 3116 125 63 Jules
2165 3117 167 61 Dorsay
2337 3154 11 21 ,
2399 3136 109 27 avec
2558 3119 40 44 le

1387 3184 238 50 BOUQUET
1676 3199 60 29 DE
1787 3183 233 61 L'AIMÉE,
2085 3187 134 57 piano
2282 3198 43 32 et
2382 3189 139 43 chant
2565 3186 15 25 6
2584 3225 12 22 ,

1387 3253 73 45 M.
1483 3252 144 45 Marc
1644 3254 176 43 Delmas
1837 3272 108 26 avec
1968 3272 90 27 une
2082 3254 179 46 IDYLLE
2283 3255 314 47 D'AUTOMNE

1385 3333 44 33 et
1457 3340 61 26 un
1549 3323 279 44 NOCTURNE
1850 3323 299 59 MARITIME,
2172 3326 135 58 piano
2335 3340 44 30 et
2406 3328 140 43 chant
2568 3324 14 26 5
2586 3364 11 21 ,

1385 3391 225 45 n'évitent
1656 3409 75 42 pas
1775 3392 205 62 toujours
2024 3393 62 45 les
2133 3394 261 61 longueurs,
2441 3398 45 42 ni
2538 3397 62 44 les

1385 3460 348 59 complications
1784 3462 199 60 inutiles,
2035 3464 111 43 mais
2196 3476 82 31 ont
2340 3464 40 44 le
2437 3465 161 46 mérite

1386 3529 272 61 d'échapper
1709 3531 24 44 à
1778 3543 126 33 toute
1951 3531 236 62 vulgarité.
2235 3533 74 45 M.
2355 3534 140 59 Szulc,
2541 3554 57 26 au

1385 3600 242 58 contraire,
1690 3617 107 28 avec
1858 3618 46 27 sa
1966 3601 276 45 Pantomine
2293 3604 114 44 UNE
2460 3605 139 44 NUIT

1386 3667 286 61 D'ISPAHAN,
1704 3669 174 45 réduite
1906 3688 113 42 pour
2048 3672 135 58 piano
2211 3668 14 26 x
2229 3708 11 22 ,
2271 3671 251 62 n'échappe
2553 3676 43 42 ni

1385 3755 89 27 aux
1516 3755 112 28 unes
1670 3740 44 42 ni
1756 3756 89 27 aux
1886 3752 166 33 autres.
2084 3740 119 45 Rien
2233 3742 52 43 de
2328 3742 99 58 plus
2467 3743 129 45 banal

119 2639 620 88 L'Edition

134 2788 609 92 Musicale
