2964 4221
565 334 858 77 L'ACTUALITÉ
1504 351 651 58 MUSICALE

125 491 113 37 repus
261 478 66 49 qui
348 478 207 46 regardent
581 475 100 38 leurs
714 479 132 50 appâts
868 478 94 36 d'un
986 478 56 36 air
1062 477 255 47 dédaigneux.

125 534 72 35 Les
219 532 254 37 malheureux
503 533 187 51 pêcheurs
721 534 210 51 dépensent
961 547 47 24 en
1030 546 174 23 amorces
1235 536 85 47 p'us

126 587 114 51 qu'ils
262 602 47 23 ne
336 588 189 37 récoltent
555 603 47 22 en
636 590 185 50 poissons,
855 590 144 49 quand,
1032 598 87 28 tout
1151 591 20 34 à
1206 602 111 37 coup,

125 658 105 38 passe
252 658 53 23 un
326 645 170 51 pêcheur
518 659 49 22 au
599 644 80 38 filet
713 647 70 47 (çà,
817 647 90 35 c'est
938 645 156 37 l'artiste
1128 646 99 46 coté)
1253 644 67 49 qui

124 700 92 37 rafle
238 710 86 26 tout
345 701 95 36 d'un
461 700 81 38 seul
565 715 113 38 coup.

183 759 52 34 Le
256 755 69 38 fait
347 757 67 49 qui
436 757 159 37 domine
616 767 87 27 tout
725 755 79 39 cela
826 759 90 35 c'est
934 771 73 35 que
1030 774 7 19 :
1060 757 169 36 L'OFFRE
1253 766 67 26 EST

125 814 253 35 SUPÉRIEURE
400 826 24 23 A
447 825 49 24 LA
519 825 213 25 DEMANDE.

180 870 44 47 Je
260 882 163 37 propose
459 883 53 22 un
554 883 142 36 moyen
737 867 145 38 radical
906 887 7 18 :
955 868 141 41 Quand
1133 881 54 22 un
1227 880 93 38 pays

124 926 160 49 produit
304 924 86 51 plus
411 925 47 36 de
480 924 209 38 betteraves
721 923 97 51 qu'il
848 926 89 35 n'en
969 933 92 41 peut
1093 924 152 44 vendre,
1268 922 52 37 les

123 981 202 46 indigènes
346 981 113 36 n'ont
482 983 89 47 qu'à
602 981 167 37 cultiver
800 988 108 28 autre
942 981 95 35 chose
1043 1010 6 6 .
1086 980 168 48 Puisque
1285 977 35 38 la

124 1037 179 49 musique
325 1037 154 36 devient
511 1051 53 22 un
641 1037 173 36 mauvais
847 1036 136 36 métier
1070 1045 36 27 et
1137 1034 96 50 qu'il
1254 1049 25 35 y
1300 1049 20 22 a

124 1101 87 40 trop
233 1093 46 36 de
301 1093 219 45 musiciens,
555 1107 74 35 que
660 1091 50 38 les
743 1093 207 35 musiciens
981 1105 73 36 peu
1085 1091 236 37 convaincus

127 1150 67 46 (Et
214 1147 28 38 il
262 1162 26 37 y
310 1162 46 23 en
379 1162 20 23 a
422 1149 64 36 des
508 1150 180 50 tripotées
711 1147 23 52 !)
767 1162 36 23 se
835 1156 162 28 mettent
1034 1150 20 33 à
1086 1146 92 37 faire
1213 1155 107 28 autre

122 1205 126 45 chose,
273 1218 63 31 ou,
360 1205 53 36 du
436 1206 140 44 moins,
600 1206 122 48 qu'on
746 1218 46 23 ne
814 1203 94 37 fasse
930 1202 86 52 plus
1047 1203 216 51 apprendre
1285 1201 36 38 la

124 1261 177 49 musique
333 1263 20 34 à
384 1270 139 26 autant
553 1261 46 35 de
626 1261 134 47 jeunes
790 1273 106 34 gens,
919 1274 48 22 en
999 1260 48 35 les
1067 1260 175 35 leurrant
1260 1272 63 23 sur

122 1317 49 36 les
193 1317 164 47 bénéfices
366 1315 224 47 fallacieux
611 1315 109 51 qu'ils
733 1324 170 41 peuvent
931 1329 42 23 en
1004 1315 179 37 atte?idre.
1216 1315 35 35 Si
1281 1328 40 22 ce

123 1371 143 38 conseil
289 1373 92 36 était
402 1373 110 45 suivi,
537 1371 217 50 l'équilibre
776 1386 35 22 se
834 1369 214 39 rétablirait
1070 1371 90 36 d'ici
1187 1385 46 33 30
1254 1384 67 23 ans

121 1442 49 24 au
192 1428 97 51 plus.

180 1483 34 38 Il
233 1499 26 35 y
281 1498 46 23 en
344 1484 133 37 -aurait
508 1483 95 48 long
633 1486 21 34 à
685 1484 80 36 dire
788 1484 98 36 aussi
908 1497 65 22 sur
994 1481 33 38 le
1102 1496 111 23 cours
1234 1495 66 34 gra-

121 1541 86 45 tuit,
285 1550 37 26 et
343 1540 295 48 Venseignement
658 1539 138 49 stupide
816 1547 136 29 autant
972 1553 49 36 qu
1037 1538 210 38 outrancier
1272 1538 48 36 du

120 1596 127 37 métier
285 1595 157 37 musical
466 1615 11 18 :
517 1595 156 48 solfège,
715 1597 131 50 piano,
889 1594 146 47 violon,
1079 1593 239 46 mandoline,

120 1653 141 51 piston,
286 1662 113 27 etc....
424 1651 64 51 qui
519 1665 43 23 ne
592 1653 196 48 développe
821 1652 202 36 nullement
1053 1652 34 35 le
1115 1651 85 49 goût
1222 1650 98 37 vrai

120 1710 43 35 de
184 1710 110 45 Vart,
318 1708 94 37 mais
431 1707 154 48 facilite
615 1707 236 47 Vexécution,
884 1721 42 23 en
945 1707 170 47 famille,
1140 1708 42 35 de
1213 1715 107 28 toutes

119 1766 48 36 les
188 1766 160 35 ordures.
368 1763 10 21 1

177 1822 105 36 Pour
304 1820 101 46 finir,
429 1820 310 52 permettez-moi
762 1820 45 36 de
829 1833 96 23 vous
959 1820 94 36 citer
1086 1833 54 22 un
1171 1818 70 37 fait
1272 1819 47 36 de

120 1886 137 28 nature
278 1879 20 35 à
320 1890 95 23 vous
436 1876 94 37 faire
552 1877 163 35 toucher
732 1877 53 35 du
803 1876 112 47 doigt
936 1874 158 38 l'action
1118 1874 142 38 néfaste
1282 1884 37 27 et

120 1933 294 50 anti-artistique
430 1933 47 36 de
498 1931 234 48 l'ingérence
750 1933 45 36 de
818 1931 146 51 Vesprit
976 1931 168 51 syndical
1159 1931 159 51 mesquin

120 1990 94 36 dans
235 1987 51 38 les
308 1988 182 37 relations
512 1988 212 37 musicales.

176 2048 109 35 Dans
315 2046 64 36 des
411 2045 158 36 sociétés
602 2043 103 38 telles
750 2058 73 35 que
856 2043 36 38 la
969 2043 206 38 Nationale
1267 2043 51 37 les

121 2106 23 16 44
163 2102 293 50 Compositeurs
528 2100 36 37 la
625 2101 191 49 Musique
835 2100 189 37 Nouvelle
1096 2099 50 37 les
1164 2110 155 26 auteurs

120 2159 125 36 admis
280 2161 21 33 à
336 2156 94 38 faire
465 2157 184 37 entendre
682 2156 101 38 leurs
819 2171 150 22 œuvres
1004 2166 87 27 sont
1126 2166 111 27 tenus
1271 2157 46 35 de

119 2213 153 38 fournir
304 2212 100 38 leurs
434 2214 237 50 interprètes.
711 2215 171 35 Souvent
918 2226 60 24 ces
1014 2222 155 27 auteurs
1205 2214 112 35 n'ont

120 2284 74 37 que
216 2270 46 37 de
284 2272 73 35 très
378 2268 134 38 faibles
534 2283 211 22 ressources
766 2286 9 30 ;
806 2267 59 38 s'il
889 2267 83 38 leur
993 2267 122 38 fallait
1136 2272 156 33 rénumé-

118 2341 60 22 rer
200 2326 51 37 les
272 2326 159 45 artistes,
455 2324 44 37 ils
530 2326 163 36 seraient
724 2324 122 37 forcés
874 2325 46 36 de
951 2338 189 24 renoncer
1161 2327 20 34 à
1203 2323 95 38 l'exé-

120 2384 148 36 cution.
320 2384 166 34 D'autre
525 2391 97 41 part,
675 2395 59 23 ces
783 2382 158 36 sociétés
991 2383 112 34 n'ont
1147 2394 66 38 pas
1254 2381 63 36 des

118 2452 211 24 ressources
350 2437 212 37 suffisantes
583 2451 101 38 pour
705 2451 117 38 payer
843 2436 51 38 les
916 2437 147 37 artistes
1086 2446 47 36 et,
1156 2436 58 37 s'il
1235 2435 82 38 leur

118 2494 124 38 fallait
273 2493 33 38 le
338 2493 106 47 faire,
477 2492 87 38 elles
597 2494 199 36 devraient
828 2493 150 37 donner
1004 2509 14 20 1
1046 2506 50 24 ou
1122 2508 19 22 2
1166 2497 151 33 séances

118 2550 214 39 seulement
367 2564 49 23 au
452 2548 77 39 lieu
561 2551 46 36 de
641 2563 105 35 sou
781 2553 19 33 6
833 2563 69 37 par
933 2552 121 33 année
1145 2549 115 36 Ainsi
1282 2547 36 38 la

163 2608 147 36 Société
333 2604 208 39 Nationale
611 2606 80 49 qui,
715 2614 116 28 avant
861 2603 266 54 l'application
1150 2605 51 36 du
1224 2604 109 47 tarif

117 2663 168 51 syndical
298 2662 161 52 pouvait
480 2662 150 36 donner
651 2675 69 38 par
736 2675 49 22 an
802 2662 99 35 deux
918 2669 151 29 concerts
1086 2661 230 45 d'orchestre,

120 2721 95 36 dans
237 2717 160 51 lesquels
428 2717 50 37 les
510 2718 146 36 artistes
687 2718 142 36 étaient
849 2721 114 47 payés
986 2730 53 22 un
1068 2716 95 36 tarif
1178 2716 120 37 raison-

120 2777 111 36 nable
266 2788 150 31 encore,
454 2775 171 48 quoique
666 2787 66 37 pas
772 2771 185 51 syndical,
1047 2786 42 23 ne
1115 2780 91 42 peut
1235 2773 85 48 plus

120 2830 250 49 aujourd'hui
391 2843 42 23 en
455 2831 137 35 donner
611 2844 46 35 qu
677 2843 48 22 un
745 2829 87 36 seul.

178 2890 84 39 Que
284 2885 33 38 le
386 2886 177 49 syndicat
642 2884 92 37 fasse
757 2885 174 36 financer
966 2883 51 37 les
1039 2885 209 35 directeurs
1270 2885 45 35 de

163 2941 254 39 Music-Hall
491 2942 81 35 rien
595 2942 46 36 de
656 2942 143 43 mieux,
816 2954 58 23 ces
891 2941 199 36 messieurs
1104 2940 212 37 encaissent

120 3001 64 36 des
207 2998 190 38 bénéfices
418 3001 187 42 énormes,
630 3006 36 27 et
687 2995 27 37 il
736 2998 97 34 n'est
855 3010 73 35 que
963 3005 87 41 trop
1083 2996 105 36 doux
1216 3010 99 37 pour

121 3070 74 23 eux
212 3073 9 29 ;
242 3055 96 36 mais
360 3068 86 36 que,
470 3067 68 38 par
572 3067 54 22 ses
648 3053 201 47 exigences
884 3051 26 37 il
943 3053 106 50 prive
1080 3066 75 22 une
1176 3053 139 35 société

122 3111 308 47 d'avant-garde,
469 3111 161 48 n'ayant
663 3123 73 35 que
772 3122 74 37 peu
883 3109 46 35 de
964 3121 221 32 ressources,
1209 3117 37 27 et
1267 3121 47 23 ne

121 3168 141 37 faisant
279 3167 139 48 jamais
439 3180 53 21 un
515 3179 68 23 sou
606 3165 46 36 de
673 3165 104 47 gain,
800 3165 96 35 d'un
933 3179 19 22 2
957 3169 42 15 me
1032 3173 156 27 concert
1221 3164 94 35 dans

121 3224 165 45 l'année,
321 3223 227 36 intéressant
580 3235 49 22 au
665 3221 113 51 point
809 3220 45 37 de
879 3233 69 23 vue
969 3220 63 36 des
1066 3223 246 41 nouveautés,

123 3279 79 39 cela
224 3293 61 22 me
318 3276 143 38 semble
498 3277 33 37 le
563 3276 81 46 fait,
684 3290 80 23 non
806 3276 199 45 d'artistes,
1028 3276 96 35 mais
1157 3274 89 37 bien
1268 3276 47 35 de

122 3333 240 40 mercenaires
394 3333 155 37 enne?nis
583 3334 44 36 de
668 3340 74 29 tout
776 3340 64 28 art
840 3361 9 16 ,
884 3346 47 22 ne
966 3332 160 35 sachant
1146 3345 65 37 pas
1232 3332 84 35 voir

122 3391 86 52 plus
230 3390 80 37 loin
334 3403 73 36 que
439 3388 36 38 la
496 3390 106 50 pièce
630 3389 46 36 de
699 3398 88 27 cent
808 3401 100 31 sous,
932 3396 36 27 et
990 3387 324 45 méconnaissant,

122 3462 49 23 au
194 3447 108 45 fond,
326 3445 83 37 leur
425 3443 183 38 véritable
626 3445 150 44 intérêt,
801 3444 66 48 qui
889 3445 97 34 n'est
1006 3456 65 37 pas
1100 3452 116 27 certes
1238 3455 79 37 que

122 3504 33 37 le
196 3504 98 47 goût
329 3500 163 38 musical
531 3499 87 38 aille
659 3514 46 23 en
748 3500 237 44 diminuant,
1020 3499 53 35 du
1113 3497 70 38 fait
1214 3499 46 36 de
1282 3497 35 38 la

180 3597 10 21 1
213 3596 91 38 Ceci
327 3605 54 27 est
404 3609 50 22 un
479 3609 73 36 peu
576 3608 45 23 en
645 3594 138 37 dehors
812 3593 46 36 de
889 3591 35 37 la
956 3593 189 48 question,
1180 3605 114 38 cepen-

122 3655 95 36 dant
252 3666 99 22 nous
386 3650 33 38 le
454 3650 194 52 publions,
685 3652 89 34 c'est
813 3662 48 23 un
893 3649 113 50 point
1040 3661 64 23 sur
1136 3647 124 50 lequel
1291 3647 25 37 il

122 3710 137 37 faudra
280 3708 161 37 revenir.

2471 368 115 58 225

1398 476 230 51 disparition
1669 473 236 53 progressive
1941 473 63 36 des
2055 473 225 51 entreprises
2311 473 280 37 désintéressées

1399 532 65 49 qui
1487 532 213 51 pouvaient
1721 528 251 38 l'entretenir.

1455 588 90 37 Ceci
1568 595 104 43 peut,
1692 587 37 47 je
1752 586 109 44 crois,
1886 599 97 22 nous
2005 585 77 36 être
2105 597 53 23 un
2180 583 174 52 exemple
2387 585 64 36 des
2472 583 99 38 résul-

1397 653 73 27 tats
1491 644 46 35 de
1601 642 160 37 l'action
1779 642 143 35 directe
1982 654 47 23 en
2048 640 158 37 matière
2220 640 47 37 de
2283 641 308 37 revendications

1397 699 226 49 artistiques,

2272 766 52 35 H.
2359 766 174 36 MULET.

1467 887 59 44 M
1531 889 49 21 me
1623 885 217 45 Ferrauté
1874 902 115 27 nous
2029 884 111 45 écrit
2165 901 91 27 une
2301 884 290 45 intéressante

1399 955 130 44 lettre
1572 956 147 43 visant
1761 966 177 32 surtout
1983 953 61 44 les
2087 970 191 43 agences
2302 969 9 28 :
2415 953 37 44 Il
2479 953 110 58 faut,

1400 1023 190 58 dit-elle,
1619 1040 110 27 vous
1755 1023 107 44 faire
1889 1022 122 44 aider
2051 1039 73 41 par
2157 1021 62 46 les
2260 1021 246 59 présidents
2537 1023 53 43 de

1400 1092 195 46 Sociétés
1621 1103 226 49 groupant
1864 1091 62 44 les
1945 1092 237 44 artistes....
2203 1107 85 42 que
2310 1107 72 27 ces
2405 1090 186 45 sociétés

1399 1161 178 44 réunies
1604 1178 57 26 ne
1698 1161 200 43 forment
1941 1159 171 59 qu'une
2145 1159 122 45 seule
2293 1159 166 45 société
2481 1177 82 26 rem-

1392 1229 179 59 plissant
1599 1230 50 43 les
1662 1228 205 63 fonctions
1891 1227 223 60 d'agences.

1469 1296 115 59 Oui,
1620 1298 110 44 mais
1764 1314 86 43 que
1895 1296 191 44 diraient
2129 1296 63 44 les
2236 1295 254 45 Présidents
2511 1294 78 46 ?....

1400 1366 120 45 Petit
1546 1366 101 45 côté
1674 1366 53 43 de
1753 1366 42 44 la
1820 1366 206 59 question
2054 1366 235 43 dira-t-on.
2330 1363 38 45 Il
2394 1374 197 48 compte,

1399 1434 199 60 lorsqu'il
1625 1434 130 61 s'agit
1781 1435 54 43 de
1862 1434 247 45 fusionner.

1469 1503 74 45 M.
1571 1503 196 44 Weiller
1811 1503 92 59 (des
1943 1515 206 32 concerts
2189 1501 311 59 Lamoureux)
2535 1517 56 27 ne

1399 1583 181 49 partage
1625 1589 74 42 pas
1726 1571 123 45 l'avis
1876 1572 53 43 de
1957 1571 73 45 M.
2069 1569 158 46 Mulet
2253 1587 73 26 sur
2352 1569 62 45 les
2437 1569 129 62 syndi-

1399 1653 105 33 cats.
1533 1640 38 45 Il
1599 1658 113 27 nous
1738 1641 111 44 écrit
1874 1657 9 29 :

1571 1759 63 23 me
1674 1743 144 39 semble
1860 1759 73 35 que
1966 1743 294 48 l'organisation
2290 1743 95 35 d'un
2416 1742 175 50 syndicat

1397 1802 160 37 suffirait
1578 1816 100 37 pour
1705 1801 137 37 établir
1867 1800 34 38 le
1943 1798 174 39 contrôle
2157 1808 36 28 et
2229 1796 266 53 l'application
2528 1798 63 36 des

1397 1860 181 36 amendes
1599 1868 36 27 et
1665 1867 127 28 autres
1823 1858 130 51 peines
1982 1857 144 48 qu'une
2161 1855 249 37 commission
2434 1854 157 36 extraite

1396 1916 46 36 de
1479 1929 42 23 ce
1553 1915 177 50 syndicat
1761 1914 113 36 serait
1916 1914 163 47 chargée
2115 1910 189 41 d'établir,
2354 1909 157 38 Utiliser
2555 1908 36 39 la

1397 1973 128 36 Presse
1557 1985 101 37 pour
1690 1969 36 38 la
1758 1969 251 53 propagande
2042 1968 206 37 nécessaire
2270 1969 20 35 à
2313 1965 36 38 la
2378 1965 212 38 formation

1395 2029 47 36 de
1460 2042 40 23 ce
1517 2028 188 49 syndicat.

1465 2122 73 44 M.
1563 2119 202 47 Schmoll
1783 2119 231 59 préconise
2034 2118 256 61 également
2303 2117 41 44 la
2359 2114 230 47 nécessité,

1395 2190 111 44 d'un
1533 2190 207 61 syndicat
1767 2190 110 43 mais
1904 2188 29 44 il
1961 2187 259 45 l'entrevoit
2251 2187 148 43 moins
2436 2197 129 49 tyran-

1396 2260 135 58 nique
1559 2276 86 41 que
1674 2258 73 44 M.
1775 2257 211 44 Weiller.

1497 2371 54 35 Le
1574 2370 143 35 monde
1753 2368 211 49 artistique,
1995 2365 116 48 dit-il,
2135 2380 170 36 manque
2326 2366 45 36 de
2394 2364 195 46 cohésion,

1395 2427 46 36 de
1458 2424 206 47 solidarité,
1688 2425 47 36 de
1757 2425 207 36 tendances
1985 2421 246 39 fraternelles.
2266 2424 66 43 Or,
2370 2422 163 50 puisque
2555 2418 34 39 1?

1394 2479 272 53 syndicalisme
1701 2490 54 27 est
1790 2483 19 34 à
1838 2479 140 38 l'ordre
2010 2480 52 35 du
2095 2480 102 46 jour,
2321 2491 138 23 encore
2501 2490 86 36 que,

1395 2538 89 37 bien
1506 2546 173 36 souvent,
1703 2535 26 38 il
1743 2535 87 38 aille
1844 2538 21 35 à
1886 2535 213 38 l'encontre
2114 2535 47 36 de
2177 2533 169 37 l'intérêt
2362 2531 156 49 général

1395 2594 195 51 pourquoi
1613 2607 46 23 ne
1682 2593 231 36 créerait-on
1946 2605 65 38 pas
2045 2604 76 23 une
2153 2599 102 28 vaste
2296 2588 292 39 confédération

1395 2658 208 42 groupant,
1641 2658 142 27 autour
1804 2649 96 35 d'un
1934 2648 142 37 comité
2107 2647 188 36 d'artistes
2328 2644 175 46 célèbres,
2537 2643 53 38 les

1395 2705 122 37 forces
1559 2705 217 49 artistiques
1816 2705 46 35 de
1912 2712 87 28 tout
2039 2702 33 37 le
2112 2716 93 37 pays
2229 2707 11 32 ?
2278 2704 53 34 Le
2354 2702 56 35 dit
2446 2701 143 36 comité

1395 2759 322 50 réglementerait,
1747 2761 118 35 d'une
1886 2758 113 49 façon
2022 2757 205 51 équitable,
2251 2756 51 38 les
2329 2766 175 42 rapports
2526 2756 63 36 des

1395 2818 146 37 artistes
1564 2825 106 28 entre
1693 2830 84 31 eux,
1801 2825 36 27 et
1860 2829 97 23 ceux
1978 2815 66 49 qui
2063 2815 162 35 existent
2240 2822 106 28 entre
2368 2812 50 37 les
2441 2813 147 36 artistes

1394 2883 36 27 et
1462 2872 33 37 le
1530 2871 145 53 public.
1714 2874 62 34 On
1812 2870 228 38 élaborerait
2072 2871 108 44 ainsi,
2218 2879 106 27 entre
2357 2878 137 35 autres,
2533 2881 54 23 un

1393 2928 214 48 règlement
1630 2936 238 29 concernant
1889 2926 33 37 le
1998 2926 185 47 gracieux
2205 2939 190 23 concours
2465 2922 101 50 règle-

1393 2994 109 28 ment
1524 2998 85 35 que,
1644 2983 33 37 le
1714 2997 60 23 cas
1809 2983 174 45 échéant,
2021 2980 27 38 il
2081 2980 161 38 suffirait
2277 2981 219 50 d'envoyer,
2540 2993 46 23 en

1392 3042 108 46 guise
1521 3041 46 35 de
1602 3039 112 46 refus,
1753 3053 75 23 aux
1860 3052 92 34 gens
1986 3039 52 35 du
2076 3038 143 36 monde
2253 3038 66 48 qui
2356 3036 231 37 voudraient

1392 3097 136 37 abuser
1549 3097 46 35 de
1616 3095 35 37 la
1672 3095 184 37 situation
1891 3097 122 46 qu'un
2049 3092 166 38 fâcheux
2243 3106 115 34 usage
2381 3107 20 22 a
2422 3092 69 37 fait
2512 3105 75 23 aux

1392 3153 156 37 artistes.

1463 3259 58 44 M
1526 3261 48 26 me
1594 3257 175 60 Delage
1790 3257 119 57 Prat,
1931 3257 40 43 le
1993 3258 266 42 charmante
2272 3267 45 32 et
2334 3255 251 60 distinguée

1394 3326 331 60 compositrice,
1753 3343 25 27 a
1802 3342 91 27 une
1921 3325 96 43 idée
2042 3325 89 43 fort
2171 3323 232 61 originale.
2440 3324 147 58 Après

1394 3412 113 28 nous
1543 3395 122 43 avoir
1692 3394 143 44 avoué
1869 3393 165 59 qu'elle
2118 3392 276 44 n'entrevoit
2434 3393 46 42 ni
2526 3391 61 45 les

1395 3480 190 45 moyens
1629 3462 220 44 d'actions
1889 3462 46 44 ni
1962 3461 62 45 les
2052 3462 204 43 heureux
2292 3459 126 45 effets
2443 3459 142 59 qu'un

1394 3532 207 61 syndicat
1621 3532 199 57 pourrait
1839 3530 125 45 avoir
1985 3530 24 44 à
2029 3546 50 28 ce
2095 3530 114 61 sujet
2283 3528 84 44 elle
2387 3529 197 60 ajoute...

1491 3649 133 41 Qu'un
1648 3648 140 37 Brieux
1811 3661 50 24 ou
1884 3661 52 22 un
1960 3647 180 37 Lavedan
2162 3655 117 28 mette
2310 3659 46 24 en
2387 3648 110 35 scène
2533 3659 53 24 un

1396 3705 45 36 de
1464 3718 94 23 ceux
1581 3704 67 49 qui
1670 3703 85 37 font
1816 3704 160 37 chanter
2037 3702 50 37 les
2109 3703 158 45 artistes,
2303 3704 146 47 qu'une
2483 3716 104 23 cam-
