3513 4452
1668 171 112 54 295

109 329 90 51 alle
226 327 138 53 Welt
391 344 46 33 u.
467 342 34 33 s.
532 322 77 68 w.)
640 339 91 35 von
759 319 201 52 Händel.
1016 319 146 52 Beide
1206 319 183 52 Werke
1432 319 245 62 brachten,

109 410 83 50 mit
221 407 275 70 gewohnter
520 403 262 51 Sicherheit
806 400 95 51 und
927 400 330 51 Gewandtheit
1282 419 89 33 von
1393 403 159 49 Herrn
1572 402 72 50 Mu-

108 488 315 51 sik-Director
439 483 142 52 Stade
611 482 199 67 dirigirt,
840 480 138 50 einen
1008 498 192 50 grossen
1223 480 242 51 Eindruck
1495 482 182 50 hervor.

227 569 94 50 Am
344 567 175 49 vierten
543 567 130 64 Tage
703 562 93 67 gab
820 560 75 50 die
917 560 299 61 Liedertafel,
1247 562 148 50 durch
1425 563 113 49 viele
1568 563 84 49 ehe-

108 649 172 66 malige
302 644 267 69 Mitglieder
589 642 245 57 verstärkt,
865 640 101 50 eine
998 640 203 52 festliche
1224 642 422 50 Abend-Unterhal-

108 736 134 59 tung,
292 727 179 49 welche
509 724 75 50 bei
637 722 92 49 den
769 720 233 51 zahlreich
1042 722 334 50 vorhandenen
1418 722 259 50 köstlichen

108 809 231 49 Stimmen
368 805 93 50 den
489 803 311 51 lebhaftesten
829 802 163 49 Beifall
1023 802 124 50 fand.

227 887 180 51 Gewiss
451 885 87 50 alle
575 880 390 52 kunstliebenden
995 884 140 48 Gäste
1166 882 78 50 des
1275 883 206 49 schönen
1511 883 161 48 Festes

108 965 193 53 werden
329 967 82 48 mit
440 965 107 50 dem
573 968 250 44 wärmsten
839 962 168 50 Danke
1031 981 152 49 gegen
1213 963 73 49 die
1315 963 229 66 geehrten
1576 979 68 32 mu-

108 1047 271 51 sicalischen
420 1043 191 52 Ordner
653 1042 242 49 desselben
932 1043 98 49 und
1072 1043 73 49 die
1188 1040 362 54 Mitwirkenden
1592 1058 89 33 von

106 1127 107 49 dem
231 1124 187 52 reizend
434 1124 258 66 gelegenen
708 1123 117 49 Jena
843 1123 278 66 geschieden
1145 1123 113 57 sein,
1282 1122 166 50 dessen
1464 1120 217 51 wackere

108 1208 186 65 Bürger
324 1203 236 52 abermals
589 1203 100 50 ihre
720 1202 235 51 bekannte
985 1202 303 52 Gastfreiheit
1315 1202 46 49 in
1392 1200 289 51 rühmlicher

109 1286 166 50 Weise
310 1283 216 50 bewährt
560 1282 169 51 haben.

227 1363 291 51 Schliesslich
550 1363 256 50 bemerken
833 1363 88 50 wir
948 1363 139 58 noch,
1129 1362 104 51 dass
1275 1360 95 50 sich
1415 1368 139 42 unter
1583 1359 93 51 den

110 1443 419 52 festbesuchenden
551 1444 241 49 Musikern
815 1442 154 51 neben
993 1442 206 51 anderen
1219 1442 118 49 auch
1355 1442 126 49 Herr
1502 1439 179 50 Musik-

106 1524 221 50 Director
343 1524 212 66 Bergner
578 1541 83 32 aus
678 1522 122 66 Riga
823 1522 96 49 und
941 1523 127 51 Herr
1091 1523 317 65 Ergmann,
1437 1519 244 50 Professor

113 1621 61 33 an
203 1603 84 51 der
315 1602 312 52 Rheinischen
651 1602 334 58 Musikschule,
1016 1618 84 33 aus
1122 1602 125 49 Köln
1270 1599 247 51 befanden.
1548 1599 107 48 Letz-

110 1691 126 43 terer
264 1683 203 51 erfreute
496 1683 135 50 einen
661 1682 300 49 Privatcirkel
1004 1680 148 51 durch
1199 1680 87 50 den
1319 1682 206 65 Vortrag
1556 1678 125 51 eines

110 1781 173 42 neuen,
312 1762 122 51 noch
466 1762 355 67 ungedruckten
853 1761 388 49 Concertstückes
1282 1759 79 48 für
1402 1758 81 51 das
1514 1758 141 49 Piano-

114 1844 135 59 forte,
301 1843 81 51 das
433 1843 124 50 wohl
606 1862 55 31 zu
712 1843 90 48 den
847 1841 457 67 ausgezeichnetsten
1341 1838 216 52 Werken
1586 1838 73 51 die-

109 1938 75 33 ser
212 1923 89 50 Art
330 1923 210 67 gehören
562 1922 172 58 dürfte,
766 1921 176 49 welche
970 1921 47 48 in
1046 1937 201 33 neuerer
1271 1919 102 49 Zeit
1401 1917 276 51 entstanden

1305 2000 81 48 Dr.
1418 2000 57 47 K.
1513 1999 46 48 S.

109 2002 114 51 sind.

542 2265 101 58 Aus
683 2263 270 60 Frankfurt
991 2281 82 42 am
1112 2262 148 59 Main.

231 2407 93 51 Am
355 2406 89 50 28.
468 2406 188 66 August
678 2404 164 51 wurde
866 2403 74 51 bei
964 2403 231 67 gedrängt
1216 2403 166 48 vollem
1407 2404 162 47 Hause
1599 2420 84 31 zur

110 2486 140 50 Feier
296 2503 87 33 von
434 2484 239 51 Göthe's
726 2483 316 66 Geburtstage
1086 2482 83 49 der
1211 2482 163 48 zweite
1418 2481 134 49 Theil
1602 2481 81 49 des

110 2568 164 56 Faust,
305 2566 82 49 mit
407 2564 157 51 Musik
590 2582 89 33 von
703 2566 143 63 Hugo
870 2562 209 58 Pierson,
1102 2562 119 48 nach
1249 2561 301 50 Wollheim's
1573 2577 80 33 vor-

109 2646 264 50 trefflicher
402 2643 539 65 Bühnen-Einrichtung
970 2641 296 67 aufgeführt,
1309 2639 97 51 und
1444 2657 125 32 zwar
1597 2641 84 49 mit

113 2723 301 69 glänzendem
442 2723 212 67 Erfolge,
697 2723 123 50 denn
862 2722 74 49 die
965 2721 258 50 Darsteller
1252 2719 84 50 der
1365 2719 315 68 Hauptrollen

113 2804 96 51 und
239 2804 83 50 der
352 2804 411 66 Ober-Regisseur
791 2803 128 48 Herr
950 2802 209 49 Vollmer
1197 2799 197 52 wurden
1425 2799 255 51 mehrmals

113 2884 247 51 stürmisch
392 2884 210 66 gerufen.

231 2964 199 50 Keinem
458 2962 363 51 theatralischen
851 2959 183 52 Werke
1077 2961 57 48 ist
1172 2959 124 50 wohl
1329 2958 82 50 mit
1439 2976 49 33 so
1517 2958 164 50 vielem

112 3044 284 49 Misstrauen
438 3051 232 58 entgegen
701 3041 204 68 gesehen
945 3039 212 60 worden,
1200 3039 89 50 wie
1333 3038 107 50 dem
1487 3038 196 50 zweiten

117 3123 162 50 Theile
308 3122 82 49 des
419 3123 173 56 Faust;
636 3122 142 48 selbst
815 3119 121 51 nach
975 3119 108 50 dem
1114 3136 191 49 grossen
1337 3118 208 66 Erfolge,
1587 3116 92 50 den

117 3218 48 33 es
194 3202 46 49 in
269 3201 255 66 Hamburg
553 3217 191 50 errang,
786 3199 126 50 blieb
955 3217 109 32 man
1105 3199 48 49 in
1188 3198 207 51 anderen
1426 3198 150 48 Orten
1606 3196 75 52 bei

120 3279 85 51 der
233 3279 243 66 Meinung,
506 3296 47 32 es
584 3279 62 49 sei
678 3276 397 58 unverständlich;
1107 3277 121 49 auch
1252 3277 187 48 wollten
1463 3276 101 49 hier
1586 3273 98 51 und

117 3359 59 50 da
205 3359 74 50 die
307 3361 166 57 Leute,
515 3358 178 50 welche
736 3357 74 49 die
851 3354 155 51 Feder
1049 3356 190 58 führen,
1289 3354 91 50 den
1409 3354 164 66 Erfolg
1601 3353 80 50 des

117 3442 146 48 Faust
291 3439 127 50 nicht
443 3438 301 67 zugestehen,
773 3436 103 49 weil
908 3434 120 51 eben
1056 3436 80 49 sie
1167 3451 48 33 es
1244 3434 127 50 nicht
1399 3451 178 42 waren,
1608 3433 75 51 die

118 3519 82 50 mit
231 3518 151 51 Glück
410 3517 102 51 eine
538 3513 540 69 Bühnen-Einrichtung
1107 3513 220 67 gemacht
1352 3513 177 50 hatten.
1575 3511 108 50 Und

117 3616 96 33 was
242 3598 75 50 die
345 3597 155 51 Musik
529 3597 117 49 dazu
675 3596 192 58 betrifft,
898 3611 49 32 so
978 3602 205 42 nannten
1213 3594 64 49 sie
1307 3611 125 33 zwar
1460 3593 45 50 in
1530 3593 112 50 Ham-

119 3679 122 67 burg
270 3677 155 49 Kritik
456 3676 95 50 und
580 3676 247 49 Publicum
866 3673 213 66 originel,
1117 3674 162 58 schön,
1318 3672 84 49 der
1442 3672 241 66 Dichtung

119 3757 208 67 würdig;
373 3757 135 49 allein
540 3756 191 48 Pierson
760 3754 58 49 ist
846 3753 73 48 ein
948 3752 162 58 Mann,
1153 3751 84 49 der
1275 3751 98 49 sich
1416 3749 160 51 weder
1602 3767 82 32 zur

118 3839 154 51 Partei
296 3838 83 50 der
393 3834 454 58 Zukunftsmusiker,
863 3832 121 49 noch
1003 3831 269 67 überhaupt
1291 3850 54 30 zu
1369 3829 166 69 irgend
1557 3831 128 48 einer

118 3918 156 51 Partei
306 3917 108 49 hält.
443 3916 98 49 Seit
566 3913 193 57 Jahren,
788 3911 195 50 seitdem
1013 3927 50 33 er
1091 3911 124 49 seine
1238 3911 142 48 Stelle
1409 3911 66 48 als
1498 3908 159 50 Profes-

118 4015 77 33 sor
225 3997 83 50 der
336 3996 155 52 Musik
520 4012 59 33 an
616 3993 85 50 der
725 3991 279 52 Universität
1041 4008 57 31 zu
1126 3989 283 68 Edinburgh
1439 3988 218 66 niederge-

119 4078 94 66 legt
241 4077 98 58 hat,
382 4077 97 48 hält
505 4092 52 33 er
585 4072 95 51 sich
712 4090 115 49 ganz
856 4072 101 48 fern
985 4087 106 33 vom
1121 4068 299 52 öffentlichen
1450 4067 208 51 musicali-

118 4157 142 48 schen
289 4156 206 51 Treiben
537 4153 98 51 und
675 4151 277 67 beschäftigt
990 4149 97 51 sich
1115 4166 91 33 nur
1234 4149 84 49 mit
1347 4147 337 67 Composition,

118 4252 166 35 wovon
306 4234 96 51 sein
425 4233 308 70 grossarliges
755 4229 277 54 Oratorium
1431 4227 125 52 seine
1577 4226 84 53 Lie-

1755 319 85 52 der
1868 315 99 52 und
1996 315 175 52 andere
2194 315 338 61 Musikstücke,
2561 332 52 34 so
2645 314 90 52 wie
2765 313 129 53 seine
2926 313 126 52 eben
3082 310 265 52 vollendete

1756 402 134 67 Oper
1919 398 292 51 ehrenvolles
2239 398 226 67 Zeugniss
2495 397 219 68 ablegen.

1872 480 125 50 Dem
2027 478 66 51 sei
2121 496 97 31 nun
2249 478 113 58 also,
2394 478 87 49 wie
2505 478 97 49 ihm
2626 478 155 59 wolle,
2805 475 87 51 der
2911 475 166 51 zweite
3102 474 136 50 Theil
3262 473 82 51 des

1754 562 162 57 Faust,
1947 558 120 51 nach
2098 557 85 50 der
2215 558 421 51 Wollheim'schen
2659 555 569 66 Bühnen-Einrichtung,
3259 554 86 50 mit

1754 640 232 51 Pierson's
2014 639 173 59 Musik,
2216 638 84 51 hat
2328 639 103 50 hier
2457 639 47 50 in
2526 638 261 51 Frankfurt
2815 638 92 51 den
2927 638 112 67 Sieg
3068 637 125 50 über
3214 635 95 52 Vor-

1752 720 173 50 urtheil
1954 718 97 51 und
2080 718 121 51 Neid
2229 718 152 52 davon
2411 725 246 61 getragen,
2702 717 83 52 das
2828 718 58 49 ist
2928 718 130 51 nicht
3100 715 138 52 mehr
3279 733 58 33 zu

1754 800 218 68 läugnen.

1873 880 90 50 Die
1992 879 157 50 Musik
2178 878 165 51 wurde
2372 885 140 44 unter
2532 878 210 67 Leitung
2765 877 80 50 des
2870 878 253 51 wackeren
3149 877 161 68 Capell-

1755 959 211 50 meisters
1995 960 159 47 Herrn
2184 959 159 66 Georg
2375 959 308 48 Goltermann
2714 957 110 50 sehr
2855 964 85 60 gut
2969 958 249 58 executirt,
3248 955 84 52 das

1755 1039 249 50 Publicum
2043 1038 144 49 nahm
2220 1038 131 67 jedes
2380 1038 292 49 Musikstück
2716 1038 85 49 mit
2843 1042 230 63 grösstem
3105 1038 232 48 Interesse

1756 1119 95 60 auf,
1883 1118 212 51 dasselbe
2126 1118 186 49 mochte
2342 1118 94 49 sich
2467 1136 96 31 nun
2593 1118 47 49 in
2671 1117 332 68 andächtigem
3033 1115 302 69 Schweigen,

1755 1199 90 50 wie
1873 1218 37 31 z.
1940 1200 52 49 B.
2024 1198 75 51 bei
2141 1198 90 49 den
2276 1198 315 67 prachtvollen
2618 1198 341 67 Einleitungen
3005 1214 105 33 zum
3156 1197 179 50 vierten

1756 1278 98 51 und
1883 1279 184 48 fünften
2098 1278 133 58 Acte,
2276 1277 114 50 oder
2431 1277 147 50 durch
2622 1279 162 48 lauten
2820 1278 234 67 Applaus,
3091 1277 90 49 wie
3209 1277 123 49 nach

1756 1359 93 50 den
1879 1359 212 50 Chören:
2135 1358 212 66 „Heilige
2621 1358 107 49 dem
2757 1358 329 60 Schlusschor,
3125 1357 108 50 dem
3266 1359 68 47 Te

1756 1440 156 49 Deum
1945 1456 45 33 u.
2020 1454 33 33 s.
2086 1447 83 51 w.,'
2192 1442 206 45 äussern.

1874 1518 160 51 Ueber
2057 1518 99 58 das,
2180 1534 98 33 was
2300 1534 89 32 von
2411 1515 84 51 der
2509 1517 155 49 Musik
2690 1518 250 67 wegblieb,
2965 1519 107 50 weil
3097 1517 85 50 der
3204 1518 101 49 Zeit-

1756 1616 137 31 raum
1924 1599 126 48 eines
2074 1595 425 52 Theater-Abends
2531 1595 75 50 bei
2630 1595 173 51 diesem
2834 1598 205 49 ohnehin
3062 1598 147 49 schon
3232 1598 75 49 lan-

1757 1694 91 50 gen
1877 1679 181 48 Drama
2088 1677 125 49 nicht
2243 1675 345 51 überschritten
2610 1675 191 50 werden
2824 1675 172 63 durfte,
3026 1678 100 66 gibt
3148 1677 85 49 der
3256 1677 76 49 bei

1759 1758 199 49 Schott's
1989 1757 191 50 Söhnen
2210 1757 45 48 in
2283 1755 153 50 Mainz
2467 1755 301 50 erschienene
2787 1757 399 66 Ciavier-Auszug
3209 1757 93 50 Aus-

1756 1837 159 58 kunft;
1959 1837 224 67 übrigens
2212 1837 81 49 hat
2323 1837 83 48 der
2437 1835 354 68 Capellmeister
2822 1838 310 50 Goltermann
3160 1837 174 49 bereits

1759 1917 237 49 öffentlich
2020 1917 191 59 erklärt,
2234 1915 104 51 dass
2361 1933 50 32 er
2441 1914 73 51 die
2544 1915 387 69 vollständige
2960 1917 155 49 Musik
3146 1915 111 51 bald
3287 1917 48 49 in

1759 1997 151 49 einem
1943 1997 227 49 Concerte
2199 1994 258 51 aufführen
2486 1993 176 61 werde,
2705 2012 99 33 was
2846 1995 90 50 den
2973 1997 150 48 vielen
3149 1995 155 50 Vereh-

1759 2093 110 34 rern
1898 2077 83 49 der
2010 2075 353 50 Pierson'schen
2392 2074 157 50 Musik
2583 2074 109 50 sehr
2723 2075 318 51 willkommen
3071 2075 97 50 sein
3199 2075 133 50 wird.

1924 2384 246 54 Tages-
2213 2384 141 43 und
2399 2384 897 54 Unterhaltungs-Blatt.

1837 2500 129 36 Ueber
1990 2498 70 37 das
2090 2497 664 37 märkisch-westfälische
2784 2497 308 48 Sängerfest
3119 2510 50 25 zu
3193 2499 142 36 Unna

1757 2575 62 24 am
1848 2559 61 40 22.
1939 2562 80 35 und
2048 2559 61 40 23.
2141 2562 159 46 August
2328 2562 52 34 ist
2409 2572 74 24 uns
2514 2561 60 35 ein
2596 2561 168 34 Aufsatz
2795 2560 220 48 zugesandt
3043 2561 168 48 worden,
3243 2561 69 36 wel-

1757 2625 91 36 cher
1876 2624 95 36 über
2000 2623 69 36 das
2099 2622 186 36 deutsche
2314 2623 281 47 Sängerwesen
2633 2622 92 36 oder
2751 2622 190 36 vielmehr
2970 2623 366 47 Sänger-Unwesen

1755 2687 165 36 manche
1947 2686 103 37 wohl
2079 2698 49 23 zu
2157 2685 282 47 beherzigende
2466 2684 297 47 Bemerkungen
2793 2685 163 36 enthält.
2986 2684 53 35 Es
3070 2684 124 36 heisst
3223 2684 112 37 darin

1756 2754 114 33 unter
1894 2749 213 36 Anderem:
2150 2749 131 43 ~Dass
2314 2748 59 35 die
2403 2747 163 36 Vereine
2594 2747 299 36 verschiedener
2921 2748 94 35 Orte
3045 2747 193 36 zuweilen
3267 2759 45 24 zu-

1757 2811 366 44 sammenkommen,
2152 2811 52 34 ist
2233 2810 198 35 durchaus
2459 2810 263 48 nothwendig.
2792 2810 53 35 Es
2883 2811 53 34 ist
2973 2809 102 36 auch
3106 2821 71 36 gar
3203 2808 131 38 nichts

1761 2875 176 47 dagegen
1966 2884 50 24 zu
2046 2884 130 36 sagen,
2217 2883 27 24 w
2245 2884 6 9 r
2257 2883 72 24 enn
2368 2872 57 35 sie
2453 2873 84 34 eine
2567 2870 133 38 solche
2729 2871 354 36 Zusammenkunft
3111 2873 115 34 unter
3253 2870 84 37 sich

1757 2936 156 37 festlich
1940 2934 186 50 begehen.
2167 2933 194 37 Verkehrt
2389 2933 91 36 aber
2509 2935 52 33 ist
2589 2945 41 23 es
2660 2933 97 37 eben
2785 2946 43 24 so
2855 2935 155 47 gewiss,
3039 2945 112 25 wenn
3180 2935 56 35 sie
3265 2933 72 37 den

1757 2999 167 47 übrigen
1952 2999 150 34 Leuten
2132 2995 248 48 dergleichen
2410 2994 101 37 ohne
2540 2995 191 36 Weiteres
2761 2996 59 35 als
2851 2997 61 34 ein
2942 2996 215 35 Musikfest
3186 2996 129 35 ankün-

1759 3061 128 47 digen.
1915 3060 113 35 Denn
2056 3058 108 35 nicht
2192 3058 61 35 die
2281 3058 209 47 Personen,
2522 3057 163 36 sondern
2716 3057 59 36 die
2805 3058 241 46 Leistungen
3076 3057 126 47 geben
3231 3059 107 35 einer

1757 3122 353 36 Zusammenkunft
2140 3120 103 36 dem
2272 3119 264 36 Publicum
2564 3119 298 47 gegenüber
2892 3119 73 36 den
2988 3119 218 37 Charakter
3227 3121 104 35 eines

1757 3185 150 36 Festes.
1954 3184 91 34 Wer
2075 3182 60 35 die
2164 3181 295 47 Ankündigung
2488 3180 72 45 las,
2607 3184 149 32 musste
2784 3180 185 48 glauben,
3014 3181 90 36 dass
3134 3183 40 34 in
3203 3182 128 48 Unna,

1756 3246 208 37 besonders
1994 3244 62 37 bei
2084 3243 253 48 Gelegenheit
2366 3243 66 35 des
2462 3241 456 48 Fest-Concertes,
2962 3243 69 36 das
3060 3244 178 37 Höchste
3266 3257 44 35 ge-

1756 3309 130 36 leistet
1914 3307 157 36 werden
2102 3305 110 49 solle,
2253 3305 137 35 dessen
2431 3305 62 35 die
2524 3305 148 47 Sänger
2700 3306 240 36 Westfalens
2984 3318 70 24 zur
3097 3307 86 35 Zeit
3224 3307 112 47 fähig

1758 3372 114 36 seien.
1902 3371 149 34 Darum
2080 3370 51 34 ist
2161 3368 101 35 auch
2293 3368 61 35 ein
2382 3366 343 37 Berichterstatter
2753 3369 40 34 in
2822 3367 67 36 der
2904 3367 240 36 Kölnischen
3166 3368 169 47 Zeitung

1757 3434 70 35 mit
1856 3432 145 35 diesem
2031 3431 341 46 Sängerfeste
2415 3433 176 44 strenger
2632 3431 60 33 ins
2723 3429 156 36 Gericht
2920 3440 216 36 gegangen,
3182 3429 59 36 als
3273 3429 62 36 die

1757 3493 298 37 Mitwirkenden
2085 3495 180 33 erwartet
2294 3504 49 22 zu
2371 3491 127 36 haben
2528 3492 192 35 scheinen.
2777 3490 44 36 In
2865 3490 66 35 der
2961 3490 104 35 That
3093 3502 81 24 war
3203 3502 40 24 es
3273 3491 61 37 bis

1753 3559 98 46 jetzt
1879 3556 84 36 hier
1992 3568 50 23 zu
2065 3554 135 36 Lande
2229 3554 148 46 üblich,
2406 3554 91 35 dass
2527 3553 83 36 sich
2640 3553 60 35 die
2729 3551 132 36 Kritik
2892 3551 66 36 der
2986 3552 184 37 Eeclame
3200 3559 112 30 unter-

1759 3619 169 45 ordnete,
1957 3618 80 35 und
2068 3617 91 36 dass
2189 3617 197 35 hinterher
2416 3617 109 43 alles,
2556 3627 80 23 was
2668 3614 59 36 bei
2756 3615 125 35 einem
2910 3625 42 24 so
2980 3619 221 41 genannten
3220 3615 117 37 Feste

1758 3681 234 49 geschehen,
2022 3681 40 34 in
2092 3680 86 35 dem
2208 3678 335 48 posaunenhaften
2572 3676 95 36 Stile
2693 3675 238 48 geschildert
2972 3676 148 47 wurde,
3165 3678 40 34 in
3243 3679 71 35 wel-

1759 3744 112 35 chem
1898 3754 78 25 von
2005 3742 67 37 der
2100 3739 294 50 beglückenden
2422 3739 276 36 Anwesenheit
2740 3737 121 36 hoher
2889 3737 83 36 und
3001 3738 187 37 höchster
3215 3739 96 38 Herr-

1759 3805 176 37 schaften
1964 3803 156 49 geredet
2147 3814 49 24 zu
2225 3815 27 21 w
2253 3814 5 8 T
2263 3801 114 36 erden
2403 3801 132 47 pflegt.
2565 3801 125 34 Einen
2720 3800 165 36 Gewinn
2914 3799 70 36 hat
3013 3800 62 36 die
3106 3802 134 36 Kunst
3270 3802 44 36 da-

1760 3880 77 24 von
1872 3868 103 36 noch
2020 3868 61 34 nie
2119 3864 163 49 gehabt;
2331 3864 188 35 vielmehr
2566 3862 225 37 verdanken
2838 3862 62 36 die
2928 3862 322 38 Musik-Vereine
3274 3876 61 23 am

1760 3929 149 37 Eheine
1937 3928 80 37 und
2047 3928 113 35 deren
2188 3926 114 35 Feste
2331 3925 82 35 ihre
2438 3925 100 35 hohe
2561 3924 251 48 Vollendung
2841 3925 228 36 wesentlich
3100 3925 65 36 der
3182 3926 150 45 Presse,

1761 3992 62 37 die
1865 3992 87 38 dort
1995 3989 298 46 unbarmherzig
2327 3988 89 46 jede
2451 3988 379 47 Mangelhaftigkeit
2876 3989 82 35 und
3001 3987 209 39 besonders
3244 3985 88 47 jede

1760 4054 321 48 Nachlässigkeit
2108 4055 102 45 rügt,
2252 4051 147 36 welche
2437 4063 72 24 vor
2545 4053 125 36 einem
2714 4052 370 48 eingeladenen
3125 4049 207 37 Publicum

1761 4120 175 38 vorfällt.
1992 4118 127 37 Dahin
2161 4129 108 24 muss
2315 4128 41 25 es
2395 4114 103 37 auch
2526 4115 64 37 bei
2618 4128 75 24 uns
2723 4117 191 36 kommen.
2970 4115 104 34 Dass
3102 4110 141 48 gerade
3272 4110 61 37 die

1761 4181 290 39 westfälischen
2079 4179 364 46 Local-Virtuosen,
2474 4177 62 37 die
2566 4190 40 25 es
2635 4191 80 24 nun
2745 4177 141 37 einmal
2912 4174 179 48 gewohnt
3120 4172 99 45 sind,
3245 4171 89 48 jede

1763 4243 220 50 Stümperei
2008 4243 54 36 im
2089 4241 192 38 nächsten
2309 4240 249 38 Localblatte
2601 4240 61 36 als
2704 4240 83 36 eine
2834 4234 260 40 unsterbliche
3139 4234 196 49 Leistung
