3125 4401
190 221 389 74 SELWYN
630 221 61 74 &
752 221 393 76 BLOUNT.
1234 221 201 74 LTD.

378 358 252 46 DING
678 358 272 46 DONG
1000 358 237 46 BELL

467 426 77 58 By
579 428 195 45 Walter
810 426 63 45 de
912 427 47 44 la
996 428 158 44 Mare.

191 494 152 38 Crown
374 496 91 37 Bvo.
647 493 214 55 (Postage,
893 493 90 55 3d.)
1260 502 58 38 ss.
1353 498 82 38 net.

341 567 87 39 odd
458 567 170 40 lovable
669 568 114 39 little
831 567 126 48 book,
1005 567 192 52 stamped
1244 566 106 40 with
1383 568 54 37 its

187 626 186 40 author's
405 628 176 49 original
615 628 289 50 imagination,
937 627 84 38 and
1052 627 119 38 filled
1218 626 107 39 with
1369 626 68 39 his

315 687 203 51 haunting
551 699 121 26 sense
704 687 49 38 of
781 687 172 39 wonder
983 687 83 38 and
1098 687 155 52 beauty

605 746 87 40 The
726 747 137 53 Daily
894 748 142 37 News,

207 821 283 45 LIONEL
527 821 309 45 SMYTHE
837 858 6 14 f
885 822 65 46 R.
992 822 90 50 A.,
1125 821 64 46 R.
1243 821 72 45 W.
1356 820 53 45 S,

515 888 103 45 Bis
654 888 117 57 Life
806 888 101 45 and
950 889 164 45 Work.

190 968 74 58 By
278 970 135 44 Rosa
427 970 461 46 M.Whitelawand
899 971 84 45 W.
999 971 54 43 L.
1072 969 205 57 Wyllie,
1295 969 60 47 R.
1369 969 65 47 A.

187 1051 142 51 Demy
358 1052 90 38 Bvo.
483 1052 140 38 Cloth.
687 1049 213 56 (Postage,
933 1054 58 37 8d
1007 1049 15 56 )
1234 1061 90 37 13s.
1354 1056 83 35 net.

198 1110 118 40 With
347 1124 236 26 numerous
614 1113 327 50 reproductions
973 1112 109 38 from
1124 1110 68 41 his
1227 1113 211 50 pictures.

188 1187 43 36 A
262 1183 243 55 Biography
525 1186 49 38 of
592 1199 81 26 one
694 1186 49 37 of
760 1185 72 39 the
854 1190 112 34 most
988 1185 313 51 distinguished
1322 1186 117 51 pain-

188 1251 82 31 ters
303 1246 48 36 of
378 1244 67 39 his
478 1246 94 52 day.
628 1245 106 39 This
765 1245 89 39 first
884 1251 178 46 attempt
1100 1251 42 33 to
1190 1246 129 37 relate
1367 1244 70 40 the

263 1310 115 47 story
409 1305 49 38 of
484 1304 69 39 his
585 1306 74 37 life
692 1305 192 38 abounds
916 1305 106 39 with
1053 1305 109 51 good
1195 1306 161 37 stories.

186 1406 199 54 TWO
452 1406 291 54 BOOKS
815 1407 621 53 ILLUSTRATED

188 1499 33 33 o
325 1482 112 50 BY
478 1482 64 52 C.
585 1482 292 52 LOVAT
918 1481 376 53 FRASER.
1403 1499 33 35 o

429 1602 152 47 THE
611 1604 182 45 LIAR
816 1620 17 31 :
872 1606 52 43 A
974 1603 220 56 Comedy.

189 1684 77 56 By
303 1684 153 46 Carlo
492 1683 247 48 Goldoni.
820 1684 300 47 Translated
1162 1686 58 57 by
1274 1686 163 44 Grace

190 1752 161 44 Lovat
373 1753 197 46 Fraser.
598 1753 127 44 With
744 1753 336 46 illustrations
1106 1754 60 56 by
1190 1753 62 47 C.
1276 1754 161 43 Lovat

190 1819 195 55 Fraser,
410 1819 100 44 and
523 1834 65 31 an
1036 1820 342 45 Introduction
1393 1821 58 56 by
1035 1819 212 47 Gordon
1260 1819 170 57 Craig.

188 1885 133 52 Fcafi.
353 1891 82 44 4to.
640 1885 14 56 (
661 1886 178 52 Postage
842 1915 10 18 ,
884 1886 89 55 s<i.)
1158 1896 61 42 7s.
1251 1888 68 40 6d.
1354 1891 81 36 net.

432 1975 149 46 THE
614 1976 199 46 LUTE
851 1976 99 46 OF
975 1976 219 49 LOVE.

368 2044 127 44 With
546 2058 89 30 one
687 2042 227 47 hundred
960 2044 312 45 decorations

512 2111 58 56 by
607 2111 61 46 C.
712 2112 160 43 Lovat
909 2112 199 46 Fraser.

186 2175 139 54 Fcap.
358 2177 91 38 lh<o.
652 2176 213 54 (Postage,
898 2176 87 56 2d.)
1157 2189 58 35 js.
1252 2180 66 42 6d.
1352 2185 80 34 net.

237 2251 153 39 Bound
420 2252 45 37 in
498 2252 148 51 quaint
678 2263 145 27 covers
853 2252 50 39 of
929 2252 75 39 red
1035 2252 82 38 and
1159 2252 170 53 yellow,
1366 2252 70 39 the

188 2312 111 38 little
331 2310 230 54 anthology
594 2312 48 39 of
669 2312 75 38 old
774 2326 119 25 verse
926 2313 35 38 is
990 2312 89 52 just
1111 2312 71 39 the
1216 2312 120 51 thing
1375 2313 64 38 for

271 2371 139 38 lovers
440 2371 49 40 of
517 2373 55 36 all
605 2384 98 37 ages
890 2374 102 37 Pall
1026 2374 121 37 Mall
1177 2374 182 37 Gazette.

190 2476 201 52 TWO
441 2476 302 52 BOOKS
792 2476 647 52 ILLUSTRATED

189 2568 33 34 o
327 2552 126 50 BY
508 2550 266 66 JOHN
834 2551 458 52 AUSTEN.
1406 2569 33 34 o

201 2664 145 46 THE
352 2665 113 44 AD
482 2665 392 47 VENTURES
892 2663 409 59 OFHARLEQ
1313 2665 138 46 UIN

524 2731 77 58 By
639 2731 210 46 Francis
888 2731 225 58 Bickley.

254 2813 120 40 With
404 2816 273 39 decorations
709 2816 47 36 in
788 2815 152 38 colour
973 2816 52 51 by
1048 2813 129 54 John
1209 2815 179 40 Austen.

190 2874 140 52 Demy
362 2876 90 38 Bvo.
637 2872 216 56 (Postage,
889 2873 85 54 6d.)
1163 2884 60 41 7s.
1258 2876 66 36 6d.
1357 2880 84 33 net.

188 2949 103 40 Also
325 2961 57 26 an
413 2950 163 37 edition
609 2951 49 36 de
691 2951 103 37 luxe
825 2951 59 51 of
907 2958 79 39 230
1018 2951 151 50 copies,
1203 2950 155 51 signed
1392 2951 50 51 by

189 3008 70 40 the
291 3011 141 39 artist.
647 3008 14 56 (
669 3011 199 51 Postage.
903 3008 86 54 6d.)
1239 3019 85 37 13s.
1359 3015 82 33 net.

581 3091 483 46 PERFECTION

190 3159 80 58 By
308 3161 104 57 E<;a
449 3159 63 46 de
550 3159 240 46 Oueiroz.
865 3159 297 45 Translated
1188 3158 138 57 from
1368 3160 78 45 the

348 3228 314 56 Portuguese
699 3228 58 55 by
795 3227 214 45 Charles
1047 3227 251 45 Marriott.

379 3308 119 41 With
532 3311 268 37 decorations
834 3310 55 51 by
912 3308 128 53 John
1072 3309 182 40 Austen.

195 3368 143 54 Royal
367 3371 87 37 Bvo.
489 3370 181 41 Boards.
752 3366 214 56 {Postage,
1000 3366 88 56 4d.)
1169 3377 56 42 7s.
1260 3370 68 37 6d.
1361 3374 83 34 net.

191 3431 98 36 Also
324 3443 56 24 an
413 3431 163 36 edition
608 3431 50 36 de
691 3430 102 37 luxe
823 3430 59 51 of
905 3439 83 37 230
1019 3430 152 50 copies,
1204 3430 155 51 signed
1392 3431 54 52 by

191 3490 70 38 the
292 3491 141 41 artist.
663 3487 215 55 (Postage,
909 3488 90 54 41I.)
1245 3499 84 37 13s.
1362 3495 70 33 net

191 3571 76 40 All
303 3571 118 39 these
454 3570 137 39 books
630 3584 75 25 can
755 3570 52 38 be
854 3570 205 39 obtained
1105 3572 109 37 from
1261 3586 23 23 a
1331 3571 116 40 book

191 3632 126 39 seller
348 3646 46 25 or
426 3631 134 38 direct
592 3631 107 38 from
734 3630 71 39 the
839 3630 227 41 Publisher
1101 3644 56 26 ou
1198 3632 159 51 receipt
1402 3633 49 37 of

400 3690 72 40 the
504 3688 232 54 published
767 3692 116 50 price
917 3692 94 50 plus
1043 3697 187 45 postage.

191 3796 629 39 ILLUSTRATED
884 3797 171 37 AND
1119 3796 326 40 SPRING

190 3869 26 28 o
254 3856 246 39 LISTS
565 3856 103 38 ON
733 3856 612 39 APPLICATION
1371 3885 9 9 .
1419 3869 27 28 o

191 3960 365 57 LONDON:
602 3960 66 57 21
729 3961 218 55 YORK
1002 3960 443 59 BUILDINGS.

451 4035 364 57 ADELPHI.
881 4038 102 56 W.
1023 4038 66 56 C.
1129 4036 53 58 2.

501 4161 150 15 IIIHIMIIIWWII
670 4162 56 13 1111

2209 156 44 44 n
2655 156 163 41 ~=

1997 289 448 56 MESSRS.

1721 410 520 79 HOWELL
2294 420 66 67 &
2412 410 300 79 TATE

1644 557 189 42 HAVE
1868 556 343 43 PLEASURE
2244 556 69 43 IN
2347 556 452 43 ANNOUNCING

1641 645 278 42 THAT
1980 645 273 42 THEY
2314 645 193 42 ARE
2589 645 210 42 NOW

1651 748 143 43 THE
1811 747 303 44 LONDON
2134 748 460 43 REPRESENTA
2609 748 199 42 TIVES

2034 852 158 43 FOR
2244 852 169 42 THE

1645 970 1151 90 WOODCUTS

2163 1121 121 54 OF

1762 1244 150 60 MR.
1966 1243 385 61 GORDON
2406 1244 277 60 CRAIG

2200 1390 43 44 o

1684 1506 150 53 THE
1871 1506 112 55 ST.
2022 1506 358 55 GEORGE'S
2418 1506 331 55 GALLERY

1642 1637 25 40 3
1678 1637 23 28 2
1711 1625 19 21 a
1774 1622 296 44 GEORGE
2107 1622 295 52 STREET,
2446 1622 356 43 HANOVER

2048 1710 340 54 SQUARE

1909 1816 370 53 LONDON
2318 1817 99 52 W.
2477 1835 49 35 x.

1701 1934 480 36 TELEPHONE.
2233 1934 324 33 MAYFAIR
2599 1935 143 40 2852.

1594 2272 414 81 FOYLE'S
2081 2274 290 79 BOOK
2447 2272 401 79 OFFERS.

1597 2420 359 46 EUROPEAN
1982 2419 336 43 THEORIES
2340 2418 87 43 OF
2447 2418 140 43 THE
2611 2419 240 42 DRAMA

1596 2503 27 29 o
1735 2489 83 53 By
1872 2485 387 45 BARRETT
2297 2485 78 42 H.
2432 2484 279 44 CLARK.
2826 2498 28 29 o

1596 2565 59 31 An
1682 2561 222 40 Anthology
1930 2559 43 34 of
1996 2559 198 33 Dramatic
2220 2559 157 40 Theory
2408 2557 77 33 and
2523 2558 194 33 Criticism
2756 2559 96 33 from

1596 2607 190 34 Aristotle
1810 2611 40 28 to
1880 2607 65 31 the
1980 2606 161 32 Present
2178 2605 98 39 Day,
2315 2604 38 32 in
2394 2615 22 20 a
2455 2603 119 32 series
2608 2603 44 33 of
2685 2604 169 33 selected

1596 2656 134 32 Texts,
1758 2651 93 33 with
1878 2653 238 36 Comments,
2147 2649 251 41 Biographies
2422 2648 77 32 and
2533 2648 319 42 Bibliographies.

1596 2700 33 32 A
1654 2697 217 35 Collection
1897 2696 43 32 of
1959 2695 66 33 the
2050 2700 98 27 most
2172 2695 222 40 significant
2429 2693 171 32 theories
2634 2694 84 32 that
2754 2695 98 32 have

1596 2742 221 34 influenced
1840 2742 65 33 the
1931 2740 133 33 drama
2088 2739 44 33 of
2151 2749 70 23 our
2246 2749 86 23 own
2358 2738 247 34 civilization.
2653 2738 92 35 Will
2779 2740 77 32 fur-

1595 2788 89 34 nish
1709 2787 65 33 the
1798 2786 137 33 reader
1958 2786 92 33 with
2076 2794 49 23 an
2150 2784 88 33 idea
2260 2784 44 33 of
2323 2784 65 33 the
2412 2784 172 40 changes
2610 2782 37 32 in
2666 2784 189 33 dramatic

1598 2834 209 39 technique
1830 2841 43 23 as
1888 2832 91 40 they
1994 2840 103 23 were
2112 2829 204 41 gradually
2332 2828 229 34 introduced
2578 2828 97 32 from
2692 2834 162 36 country

1599 2884 40 28 to
1664 2883 162 33 country
1851 2876 77 32 and
1963 2880 160 35 century
2163 2880 39 27 to
2242 2878 173 36 century.
2466 2874 105 33 Over
2610 2883 70 30 500
2718 2884 132 30 pages.

1698 2921 209 35 Published
1930 2925 39 29 at
1994 2920 156 34 Dollars
2172 2930 83 30 3.50
2281 2921 110 40 (155.)
2419 2918 199 41 Bankrupt
2632 2919 124 33 stock.

1691 2967 169 35 Offered,
1898 2976 98 30 new,
2034 2966 59 32 for
2130 2965 57 43 5/9
2230 2970 87 36 post
2358 2964 90 39 free,
2474 2973 51 23 on
2560 2963 203 42 approval.

1812 3029 34 40 P
1872 3027 166 44 LAY
2102 3024 542 45 PICTORIAL.

1599 3103 74 34 We
1697 3100 92 34 hold
1813 3112 23 22 a
1860 3100 106 41 large
1990 3098 79 34 and
2098 3099 136 33 varied
2272 3098 112 34 stock
2420 3097 42 33 of
2495 3097 78 33 this
2607 3097 247 33 well-known

1601 3146 223 42 periodical,
1850 3156 116 30 every
1990 3154 98 32 copy
2112 3144 109 33 clean
2246 3144 77 32 and
2347 3144 38 31 in
2409 3143 103 41 good
2534 3142 209 33 condition.
2782 3144 73 32 We

1601 3193 114 33 offer:
1744 3193 85 33 One
1853 3193 103 31 issue
1980 3191 47 31 6d
2069 3194 89 36 post
2181 3190 93 32 free.
2325 3189 95 32 Five
2452 3187 122 34 issues
2613 3188 54 41 (in
2707 3187 149 33 leather

1980 3235 191 41 binding),
2198 3235 56 43 2/6
2279 3238 87 37 post
2390 3234 91 32 free.

1601 3299 126 33 Issues
1751 3299 83 31 Ito
1861 3306 43 22 20
1927 3306 69 23 are
2019 3297 67 30 not
2110 3294 180 33 included
2311 3293 40 32 in
2391 3292 75 33 this
2505 3294 112 41 offer.
2666 3292 114 33 Price
2815 3291 52 40 of

2006 3341 104 32 these
2133 3349 49 23 on
2206 3339 244 40 application.

1730 3401 91 44 ON
1854 3401 141 43 THE
2027 3401 137 42 ART
2194 3400 87 41 OF
2314 3397 424 44 REHEARSAL.

1605 3464 56 39 By
1702 3461 171 34 Bernard
1912 3462 127 32 Shaw,
2091 3459 188 33 Included
2318 3459 39 32 in
2396 3459 66 32 the
2502 3459 89 31 Arts
2630 3459 152 39 League
2820 3456 44 34 of

1796 3506 159 35 Service
1978 3504 168 41 Annual,
2175 3515 160 31 1921-22.
2387 3504 45 43 1/-
2458 3508 87 36 post
2570 3502 92 34 free.

1773 3568 140 42 THE
1945 3567 155 43 WAY
2132 3566 85 42 OF
2248 3564 137 43 THE
2417 3563 260 44 WORLD.

1604 3630 56 39 By
1683 3628 102 34 Wm.
1813 3628 205 40 Congreve
2079 3626 33 31 A
2137 3624 203 41 Complete
2374 3622 162 42 Reprint
2575 3622 45 33 of
2652 3622 67 33 the
2760 3622 101 32 First

1690 3673 157 33 Edition
1874 3674 120 39 (1700)
2018 3670 93 35 Stiff
2132 3671 122 39 Paper
2278 3671 149 31 Covets
2452 3670 65 41 1/6.
2565 3667 116 34 Cloth
2707 3668 70 42 2/6.

2092 3716 182 41 (Postage
2292 3713 74 45 3d).

1785 3779 81 31 For
1888 3786 76 31 any
1987 3775 52 40 of
2055 3776 63 32 the
2140 3775 119 32 above
2282 3773 168 33 mention
2476 3772 104 42 offer
2603 3781 78 31 232.

1604 3845 113 25 THAT
1735 3846 104 24 BOOK
1856 3845 82 24 YOU
1956 3843 123 26 WANT
2093 3835 7 32 !
2126 3833 171 34 FOYLE'S
2316 3840 82 26 CAN
2414 3840 152 26 SUPPLY
2580 3840 54 24 IT.
2669 3840 193 24 IMMENSE

1605 3891 147 32 STOCK,
1796 3889 281 27 SECONDHAND
2116 3888 85 24 AND
2243 3887 108 24 NEW.
2411 3884 274 26 CATALOGUES
2725 3885 134 23 FREE:

1770 3935 195 25 MENTION
1989 3932 325 33 REQUIREMENTS
2340 3930 84 25 AND
2448 3930 238 25 INTERESTS.

1669 4002 271 44 FOYLE'S
1975 3998 439 45 BOOKLOVERS
2451 3996 348 44 PARADISE.

1610 4075 193 41 121-125
1821 4060 215 56 Charing
2055 4061 147 42 Cross
2224 4059 152 49 Road,
2400 4057 222 53 London,
2639 4057 77 44 W.
2739 4056 55 43 C.
2818 4070 41 29 2.
