3098 4353
230 85 79 44 136

222 174 129 43 dozen
383 174 207 52 important
621 171 126 52 things
783 169 117 42 about
932 167 67 43 life
1031 167 77 42 and

222 233 117 42 about
372 242 56 31 art
473 230 129 43 which
649 229 92 53 they
781 228 101 42 have
918 226 118 42 failed
1068 237 41 31 to

221 289 241 56 apprehend,
496 288 78 43 and
606 287 141 49 which,
782 287 117 42 when
940 284 168 43 realized

221 350 52 54 by
319 350 119 47 them,
482 347 80 44 will
607 346 92 54 help
746 345 144 53 greatly
938 343 170 43 towards

220 409 176 52 bringing
427 407 65 42 the
539 405 110 44 work
695 404 41 43 of
767 405 66 42 the
864 404 173 43 Theatre
1068 404 40 40 in

221 468 76 42 line
329 467 95 43 with
455 466 66 42 the
552 465 111 42 other
694 475 87 31 arts.

280 527 40 42 In
351 526 117 48 short,
502 524 65 42 the
603 523 105 42 book
749 524 31 40 is
826 539 23 24 a
895 520 212 44 revelation

220 585 42 43 of
292 586 92 42 how
415 583 150 43 limited
611 585 31 40 is
687 582 65 42 the
794 580 241 53 intelligence
1066 578 42 43 of

220 645 65 42 the
317 655 106 30 actor
469 642 79 42 and
595 652 151 36 actress,
795 639 207 55 especially
1041 639 66 41 the

219 715 158 37 actress;
412 702 78 42 and
523 701 59 42 for
602 701 75 42 this
708 716 136 25 reason
874 698 15 42 I
920 696 188 56 naturally

220 762 138 42 dislike
389 762 65 42 the
485 760 105 42 book
611 759 202 53 intensely,
837 756 79 43 and
948 757 97 42 wish
1066 767 40 30 to

221 839 156 36 express
423 819 140 54 clearly
611 818 81 43 that
738 818 14 42 I
798 815 179 44 consider
1018 817 27 40 it
1084 833 24 23 a

221 880 94 42 false
346 880 157 53 portrait
536 877 42 43 of
623 877 74 42 this
743 874 240 45 remarkable
1014 873 93 55 lady

219 939 92 44 who
342 940 31 41 is
403 938 69 43 but
504 936 115 56 lately
652 935 117 44 dead.

217 1064 252 44 BRITISH
543 1061 232 44 DRAMA
861 1060 248 43 LEAGUE

217 1124 203 43 PLAYS
463 1122 222 44 Published
720 1122 53 51 by
800 1121 119 41 Basil
950 1119 130 50 Black-

218 1184 102 43 well.
384 1183 171 50 Oxford.
619 1181 77 51 3/6
730 1180 110 43 each.

219 1293 130 97 OF
381 1293 66 43 the
478 1293 75 41 first
587 1291 102 54 eight
722 1291 172 42 volumes
926 1289 41 43 of
990 1289 116 55 Plays

344 1351 207 56 published
599 1351 52 54 by
698 1350 68 42 Mr
811 1349 212 43 Blackwell
1065 1349 41 41 of

217 1411 159 43 Oxford
410 1411 59 42 for
492 1411 64 42 the
579 1409 141 44 British
753 1409 148 43 Drama
933 1409 170 52 League,

215 1472 14 42 I
260 1471 110 42 think
401 1470 65 42 the
497 1470 84 42 best
611 1481 81 31 two
723 1485 76 32 are,
845 1468 79 42 Mr.
957 1467 72 43 W.
1070 1468 33 53 J.

214 1529 188 44 Turner's
421 1538 23 14 44
463 1528 228 54 Popomack
753 1526 78 43 and
850 1526 99 43 Miss
971 1526 133 42 Gwen

215 1589 135 54 John's
384 1597 24 14 44
426 1588 90 42 The
549 1588 140 41 Prince

274 1649 99 41 Miss
420 1648 102 53 John
563 1646 95 42 does
704 1645 51 42 all
800 1662 43 24 so
889 1644 139 54 nicely,
1062 1663 41 23 so

215 1707 205 54 delicately
436 1725 9 25 :
478 1706 68 42 she
577 1707 30 40 is
629 1704 160 54 original
819 1703 68 42 but
920 1715 66 30 not
1018 1715 63 30 out-

213 1766 199 54 rageously
451 1765 172 53 original,
657 1763 79 43 and
767 1762 30 44 if
828 1763 114 42 much
974 1764 40 41 in
1035 1763 68 41 her

214 1826 90 53 play
336 1826 31 41 is
400 1825 186 42 dramatic
628 1823 77 42 and
747 1822 211 48 theatrical,
992 1822 50 42 all
1073 1823 30 40 is

214 1883 293 54 distinguished.
569 1883 151 42 Where
766 1881 126 53 things
939 1881 79 42 halt
1065 1892 37 30 at

212 1943 63 49 all,
308 1945 28 40 it
367 1945 30 40 is
429 1942 58 43 for
518 1942 65 42 the
614 1942 148 41 theatre
793 1940 81 43 folk
919 1951 41 31 to
1006 1940 97 54 busy

213 2002 118 42 about
365 2001 79 43 and
477 2018 66 25 use
565 2001 98 42 their
694 2002 101 41 wits.
857 2000 13 41 I
903 1999 102 54 hope
1037 1999 66 42 the

212 2061 120 53 gifted
365 2060 196 43 authoress
583 2062 30 40 is
635 2060 185 54 planning
850 2076 107 24 more
979 2058 122 54 plays.

271 2121 71 41 On
374 2138 98 36 page
506 2120 66 48 51,
597 2138 84 35 says
713 2119 99 42 Miss
842 2118 101 53 John
965 2120 40 39 in
1034 2117 68 42 her

215 2188 23 15 44
260 2179 282 43 Emendations
634 2196 62 25 we
727 2196 66 24 are
824 2189 40 30 to
886 2176 128 43 delete
1036 2176 65 42 the

211 2256 153 25 comma
396 2237 96 43 after
523 2238 65 41 the
630 2237 111 43 word
775 2244 25 16 44
816 2237 101 54 Juno
1036 2236 65 42 No

211 2316 154 24 comma
395 2298 68 42 has
494 2296 140 43 turned
682 2314 53 36 up
776 2313 43 25 so
850 2295 69 49 far,
954 2295 80 48 but,
1073 2295 30 43 if

211 2359 27 40 it
272 2357 112 42 dares
416 2368 52 37 to,
503 2373 61 25 we
596 2356 80 43 will
713 2355 143 43 delete.
918 2356 131 41 There
1071 2357 31 40 is

212 2434 75 24 one
339 2415 97 43 after
487 2416 64 42 the
604 2414 111 43 word
769 2422 25 16 44
817 2415 132 42 Diana
1085 2416 14 42 I

209 2475 164 43 wonder
405 2475 30 42 if
465 2492 62 26 we
559 2492 90 36 may
680 2473 129 44 delete
838 2474 95 42 that.

269 2535 81 42 Mr.
382 2534 70 43 W.
485 2535 35 53 J.
554 2535 154 41 Turner
751 2535 39 40 in
832 2533 59 42 his
923 2541 25 15 44
968 2533 107 54 Popo-

209 2594 112 42 mack
412 2594 91 54 play
549 2593 96 43 does
692 2592 153 54 enough
892 2603 40 31 to
979 2608 121 38 prove

208 2653 81 42 that
321 2653 49 42 he
402 2653 137 42 knows
586 2653 92 42 how
719 2664 41 30 to
798 2653 110 41 write
940 2669 22 24 a
994 2651 103 54 play.

207 2712 105 43 That
338 2714 30 40 is
389 2724 68 30 not
479 2712 145 54 always
645 2729 77 25 one
753 2711 42 42 of
826 2711 65 41 the
913 2728 185 24 concerns

207 2771 42 43 of
281 2771 66 43 the
393 2771 164 42 modern
589 2770 234 55 playwriter,
858 2770 78 42 and
968 2770 15 41 I
1025 2787 73 24 can

207 2832 68 42 but
324 2831 50 41 be
421 2830 160 53 grateful
629 2831 117 41 when
800 2831 14 41 I
866 2847 61 24 am
982 2829 115 42 made

206 2908 131 25 aware
367 2890 43 41 of
441 2890 86 42 this.

265 2951 65 40 To
362 2949 115 54 begin
508 2949 95 43 with
635 2949 49 41 he
707 2948 96 43 does
825 2960 66 31 not
913 2949 183 47 hesitate;

207 3008 48 43 he
287 3009 96 43 does
416 3020 66 30 not
515 3008 168 49 chatter;
717 3008 50 42 he
797 3010 116 40 raises
934 3008 58 42 his
1014 3024 63 24 cur-

205 3070 80 40 tain
317 3067 79 42 and
429 3078 36 31 at
508 3085 98 24 once
651 3085 78 36 you
777 3085 65 24 are
883 3065 212 54 delighted.

206 3128 76 42 His
304 3126 143 56 people
469 3127 79 42 talk
572 3126 78 42 and
681 3144 78 37 you
790 3126 112 43 listen
925 3125 167 54 eagerly.

264 3187 14 42 I
329 3198 141 31 cannot
523 3205 66 35 say
641 3204 41 23 as
733 3186 114 43 much
894 3185 59 42 for
1000 3194 96 33 most

205 3246 90 54 play
298 3247 158 47 writers,
492 3246 104 47 who,
629 3263 100 25 even
761 3245 29 43 if
821 3246 92 53 they
944 3262 74 24 can
1047 3244 49 42 be

205 3306 50 42 all
285 3306 125 52 things
433 3323 52 24 on
507 3305 119 49 earth,
652 3304 78 43 and
752 3316 65 43 yet
839 3304 67 43 fail
926 3316 40 30 to
988 3305 110 53 bring

204 3384 78 36 you
313 3377 40 29 to
401 3365 112 41 listen
561 3364 164 55 eagerly,
760 3365 101 42 have
903 3364 120 42 failed
1056 3365 40 40 in

206 3424 50 43 all
288 3424 129 43 which
450 3436 148 30 counts.

264 3484 162 52 Having
457 3494 62 42 got
551 3500 77 37 you
659 3494 40 31 to
731 3483 91 43 look
854 3483 78 42 and
964 3494 40 31 to
1036 3483 47 42 lis-

203 3556 77 36 ten,
315 3543 69 43 Mr
424 3544 145 41 Turner
602 3560 90 36 goes
722 3561 52 24 on
796 3554 41 31 to
867 3554 41 31 to
940 3544 156 40 interest

203 3620 77 38 you
311 3602 53 54 by
395 3601 51 43 all
477 3613 96 31 sorts
605 3602 41 42 of
684 3601 168 50 devices,
887 3601 78 44 and
1003 3602 93 42 then

203 3680 77 36 you
311 3661 117 54 begin
459 3673 41 30 to
530 3661 109 42 smile
671 3661 79 43 and
783 3679 106 36 grow
926 3661 168 43 excited.

203 3721 124 43 Were
358 3721 50 42 he
440 3732 40 31 to
512 3720 111 54 bring
654 3739 50 24 an
742 3720 183 55 elephant
957 3738 51 24 on
1055 3732 41 30 to

202 3781 66 42 the
299 3792 104 41 stage
436 3798 44 24 or
511 3780 110 42 show
662 3798 77 36 you
786 3798 23 24 a
857 3781 168 52 meeting
1056 3780 41 41 of

204 3840 130 53 angels
365 3841 40 40 in
438 3840 186 41 Paradise
646 3857 78 37 you
745 3839 134 43 would
903 3839 48 42 be
973 3839 91 42 held
1086 3858 10 30 ;

204 3899 79 42 and
316 3899 107 44 what
470 3899 125 42 duller
643 3899 140 48 theme,
828 3899 106 42 what
981 3898 115 43 sillier

204 3958 154 54 lcoking
390 3958 144 42 animal
551 3963 19 38 ?

261 4018 102 42 Add
396 4029 40 31 to
483 4017 51 43 all
581 4017 75 43 this
702 4017 93 49 that,
830 4017 118 42 when
984 4017 50 42 he
1066 4018 30 40 is

203 4078 126 42 comic
358 4078 51 42 he
441 4080 30 40 is
504 4094 91 26 ever
627 4094 126 35 grave,
788 4076 78 43 and
899 4077 117 43 when
1038 4094 40 25 se-

1157 168 101 41 rious
1289 166 144 54 always
1456 183 136 37 merry,
1618 164 79 43 and
1719 182 77 36 you
1817 163 100 43 have
1940 179 105 27 some

1156 225 90 42 idea
1275 225 42 42 of
1347 225 105 42 what
1485 224 13 42 I
1529 242 115 25 mean
1677 224 115 42 when
1823 223 14 42 I
1868 241 67 36 say
1963 223 82 41 that

1155 285 92 41 here
1279 286 31 40 is
1341 300 185 26 someone
1567 284 92 42 who
1705 283 136 42 knows
1881 282 92 42 how
2004 293 40 30 to

1155 345 110 40 write
1296 361 24 24 a
1350 341 104 55 play,
1478 359 81 26 ....a
1580 341 163 43 modern
1764 341 92 54 play
1887 358 157 29 ...,even

1155 401 30 43 if
1214 402 74 42 this
1318 401 51 42 be
1402 413 66 30 not
1499 412 64 44 yet
1609 401 65 42 the
1721 400 90 54 play
1842 400 130 43 which
2013 401 31 41 is

1154 472 41 31 to
1226 477 121 38 prove
1379 461 28 42 it
1437 471 41 32 to
1508 477 91 38 you.

1157 626 878 79 MAGAZINES.

1151 1486 47 50 If
1221 1504 100 34 your
1350 1486 250 52 subscription
1633 1488 74 42 has
1739 1486 159 52 expired
1927 1485 115 43 don't

1151 1547 122 50 delay
1303 1545 68 43 but
1400 1561 126 27 renew
1557 1552 29 36 it
1624 1556 42 34 at
1710 1565 110 25 once.
1893 1544 150 53 Yearly

1151 1604 166 50 $5.00.
1342 1606 172 42 28476
1547 1606 110 43 West
1679 1608 73 42 Bth
1776 1607 57 42 St.
1866 1604 175 44 N.Y.C.

1154 1707 373 98 WHETHER
1554 1712 27 42 it
1599 1711 50 43 be
1665 1730 76 25 one
1753 1713 42 42 of
1807 1712 65 43 the
1894 1712 149 43 charms

1311 1769 117 43 about
1462 1771 65 41 the
1561 1782 76 31 arts
1668 1771 42 43 of
1741 1773 153 52 writing
1935 1788 109 26 verse

1150 1827 79 42 and
1263 1845 114 36 prose
1409 1830 78 42 and
1520 1832 176 52 painting
1726 1834 167 50 pictures
1923 1842 39 30 to
1995 1830 49 42 be

1148 1888 389 53 incomprehensible,
1555 1907 62 24 we
1639 1890 53 42 do
1710 1902 66 31 not
1793 1891 138 47 know;
1956 1907 88 26 ...or

1148 1961 41 31 to
1220 1946 49 42 be
1301 1965 23 23 a
1345 1947 94 43 little
1461 1949 374 53 incomprehensible
1856 1949 188 53 perhaps;

1149 2026 62 25 we
1233 2018 141 31 cannot
1407 2025 89 37 say:
1529 2007 67 43 but
1619 2026 63 25 we
1703 2009 139 42 should
1865 2008 49 42 be
1937 2008 90 41 incli-

1150 2067 77 42 ned
1259 2075 39 32 to
1320 2067 49 41 be
1392 2084 92 36 very
1506 2067 195 53 dogmatic
1723 2068 117 42 about
1863 2069 180 52 printing.

1207 2126 81 43 We
1306 2127 166 52 imagine
1489 2126 80 43 that
1588 2127 80 42 Mr.
1684 2128 119 54 Joyce
1825 2126 133 43 would
1976 2137 66 31 not

1148 2185 50 42 be
1232 2203 92 36 very
1355 2185 164 43 tolerant
1566 2185 97 44 with
1706 2204 23 24 a
1769 2187 144 53 printer
1951 2185 91 44 who

1149 2262 109 24 came
1290 2244 114 53 along
1453 2246 95 42 with
1595 2263 23 23 a
1673 2246 108 42 1924
1819 2246 134 41 notion
2000 2255 41 31 to

1148 2305 101 52 print
1283 2303 79 44 Mr.
1404 2305 128 51 James
1579 2304 153 54 Joyce's
1778 2323 115 24 name
1938 2304 101 48 thus,

1149 2363 429 54 ASEJMCJYOSE.
1600 2363 62 43 It's
1680 2363 129 50 noble,
1830 2381 61 25 we
1909 2373 130 44 grant;

1149 2422 108 41 there
1289 2424 31 39 is
1352 2423 160 52 nothing
1545 2435 36 30 at
1614 2422 50 43 all
1694 2423 205 53 bourgeois
1922 2422 116 41 about

1148 2483 50 47 it;
1231 2483 27 40 it
1291 2481 133 43 would
1457 2484 75 51 trip
1569 2500 53 36 up
1669 2483 65 41 the
1781 2500 89 24 man
1902 2483 39 40 in
1973 2481 66 42 the

1147 2552 114 31 street
1294 2542 98 52 right
1412 2559 136 35 away:
1572 2542 67 42 but
1663 2541 133 43 would
1820 2541 81 43 Mr.
1919 2541 120 53 Joyce

1146 2600 77 43 like
1253 2603 40 46 it,
1327 2618 44 24 or
1402 2600 134 43 would
1567 2601 51 42 he
1649 2600 75 43 like
1746 2603 28 40 it
1796 2599 29 43 if
1846 2617 75 25 one
1950 2617 67 36 pro-

1146 2659 124 54 posed
1302 2671 41 30 to
1374 2662 102 51 print
1508 2660 80 42 him
1619 2660 75 42 this
1726 2677 177 36 way:

1144 3422 77 43 Yet
1254 3422 82 42 that
1376 3424 31 41 is
1442 3422 65 42 the
1554 3422 119 43 mood
1719 3440 106 25 some
1858 3422 81 44 folk
1976 3435 59 43 get

1143 3484 82 41 into
1257 3482 117 43 when
1407 3482 161 53 nothing
1599 3499 109 36 spurs
1745 3482 106 43 them
1900 3494 40 31 to
1987 3484 49 41 be

1143 3541 166 43 sensible
1341 3540 79 42 and
1452 3540 197 55 ordinary.

1203 3600 159 43 Proved
1393 3612 79 36 too,
1508 3600 119 43 ....for
1659 3600 117 43 when
1818 3601 66 42 the
1931 3620 104 24 same

1146 3660 81 42 folk
1259 3660 99 42 have
1391 3671 39 31 to
1461 3660 80 42 talk
1574 3659 144 55 plainly
1753 3660 93 54 they
1877 3679 73 25 can
1983 3661 52 43 do

1143 3721 27 40 it
1193 3719 90 44 well
1305 3719 166 53 enough.
1534 3720 91 42 The
1646 3737 90 36 spur
1759 3720 127 42 which
1904 3739 132 24 causes

1144 3779 104 42 them
1280 3790 40 31 to
1342 3796 110 24 come
1474 3790 40 31 to
1537 3779 107 41 earth
1676 3780 30 40 is
1738 3796 23 24 a
1793 3779 137 54 simple
1960 3798 76 24 one

1144 3838 79 43 and
1247 3838 114 54 sharp
1383 3849 79 38 too,
1497 3837 150 43 Cash...
1672 3838 201 44 Dollars...
1898 3839 137 46 .s.d.

1202 3898 134 43 Never
1367 3897 54 42 do
1452 3897 93 54 they
1576 3914 205 25 announce
1803 3898 80 43 that
1907 3907 24 15 44
1950 3899 66 42 sub-

1144 3959 202 51 scriptions
1378 3974 72 25 can
1483 3956 49 42 be
1579 3956 186 44 renewed
1798 3957 52 55 by
1886 3960 154 52 writing

1146 4028 40 31 to
1217 4016 178 43 Number
1419 4017 86 41 444
1537 4015 116 43 West
1687 4016 83 43 555
1805 4017 129 42 Street
1952 4017 26 14 ,#
2000 4019 40 40 in

1149 4094 77 37 any
1257 4076 68 42 but
1359 4076 65 42 the
1456 4087 99 31 most
1586 4074 122 44 direct
1741 4076 79 43 and
1853 4076 189 44 excellent

2093 180 101 37 way.
2257 164 133 43 Never
2422 164 54 43 do
2507 165 92 56 they
2630 179 68 42 put
2729 170 27 41 it
2780 167 76 44 like
2891 169 87 51 this,

2093 221 59 43 for
2183 223 196 45 instance:

2268 282 84 43 Sub
2472 301 75 24 can
2577 284 50 42 be
2658 287 100 52 scrip

2269 341 86 42 444
2474 343 114 42 West

2268 417 132 27 renew
2481 403 81 41 tion
2594 402 51 42 ed

2269 459 83 43 555
2475 461 128 42 Street

2267 517 53 55 by
2470 521 86 42 writ

2326 578 66 53 ing

2207 636 82 43 TO
2321 637 250 43 NUMBER

2148 694 91 44 The
2271 713 90 35 spur
2393 713 119 26 never
2543 696 85 43 fails
2658 709 41 31 to
2730 699 113 43 wake
2876 700 103 43 them

2088 771 53 36 up
2172 764 37 32 at
2242 754 65 42 the
2339 755 96 53 right
2468 768 185 32 moment.

2088 871 74 96 IN
2194 873 47 41 its
2281 873 115 54 April
2449 874 161 43 number
2668 876 86 43 The
2803 877 179 51 Sackbut

2152 931 93 48 had,
2277 944 173 41 amongst
2498 934 111 42 other
2655 936 103 51 good
2790 936 134 52 things,
2957 955 24 24 a

2089 1007 93 37 very
2214 990 115 56 lively
2361 991 129 43 article
2522 1011 51 24 on
2639 994 153 43 Rossini
2814 997 38 40 in
2874 995 80 42 Lon-

2087 1049 81 42 don
2191 1049 10 12 '
2234 1050 54 53 by
2336 1051 202 55 Giuseppe
2585 1053 228 48 Radiciotti,
2846 1054 134 43 whose

2087 1108 191 44 historical
2294 1110 143 42 studies
2454 1128 51 24 on
2528 1112 65 42 the
2611 1112 172 43 Theatre
2801 1115 78 42 and
2896 1132 54 24 mu-

2087 1170 55 39 sic
2163 1187 64 24 are
2248 1168 147 55 always
2416 1173 251 51 entertaining
2689 1172 76 42 and
2788 1173 190 42 valuable.

2217 1228 165 42 Current
2415 1229 175 50 Opinion
2641 1231 121 51 (New
2792 1232 125 55 York)
2952 1234 30 40 is

2088 1303 48 24 an
2167 1289 180 52 ordinary
2380 1287 185 56 Monthly
2597 1289 209 54 Magazine
2828 1291 151 54 packed

2090 1345 67 43 full
2188 1346 42 42 of
2259 1346 247 44 information
2552 1348 127 43 culled
2721 1349 98 43 from
2865 1368 116 37 every

2088 1405 110 42 other
2227 1407 149 53 journal
2408 1407 77 42 and
2518 1409 196 51 magazine
2746 1409 42 42 of
2809 1408 66 43 the
2897 1427 56 24 mo-

2089 1475 104 32 ment
2215 1482 10 31 ;
2258 1467 27 41 it
2317 1483 121 25 seems
2470 1477 39 31 to
2555 1469 154 41 contain
2740 1468 126 42 rather
2912 1468 70 43 less

2088 1541 52 25 on
2173 1524 64 42 the
2272 1525 171 43 Theatre
2490 1526 92 42 than
2613 1528 27 40 it
2671 1545 98 24 once
2799 1528 81 46 did,
2912 1528 70 42 but

2089 1585 30 40 is
2148 1601 103 24 none
2297 1584 65 43 the
2413 1584 70 42 less
2533 1585 66 43 the
2650 1597 98 31 most
2797 1587 184 43 readable

2089 1642 175 55 monthly
2308 1643 239 55 publication
2592 1663 62 24 we
2684 1645 118 43 know
2832 1646 54 42 of.
2950 1647 32 42 It

2089 1702 204 43 resembles
2343 1701 65 44 the
2470 1703 164 43 Review
2695 1705 51 50 of
2800 1705 182 43 Reviews

2089 1761 211 55 (London)
2333 1761 143 48 which,
2508 1764 123 42 under
2676 1764 66 42 the
2772 1764 210 54 editorship

2090 1820 42 42 of
2163 1820 69 43 Mr
2261 1821 212 42 Wickham
2505 1823 122 42 Steed
2657 1840 122 26 seems
2811 1834 38 32 to
2881 1823 101 44 have

2093 1879 112 43 taken
2237 1898 51 24 on
2319 1899 22 23 a
2373 1898 87 25 new
2492 1881 101 43 lease
2624 1882 42 42 of
2695 1882 78 44 life.

2154 1939 90 43 Ord
2272 1941 73 42 och
2378 1940 103 42 Bild
2523 1941 266 56 (Stockholm)
2838 1943 145 54 always

2091 1997 148 55 pleases
2269 2016 43 25 us
2343 1999 155 54 greatly,
2522 2001 59 41 for
2610 2002 45 40 its
2686 2001 186 43 excellent
2893 2004 71 40 arti-

2090 2056 77 44 cles
2197 2076 52 24 on
2279 2058 66 43 the
2376 2058 181 44 Swedish
2588 2060 119 53 Stage
2737 2060 78 42 and
2838 2061 58 42 for
2916 2061 66 42 the

2089 2133 90 37 way
2209 2119 28 40 it
2267 2119 30 40 is
2334 2118 165 54 printed.
2563 2120 71 41 An
2666 2120 180 54 ordinary
2880 2121 76 54 pub-

2089 2175 167 49 lication,
2289 2178 27 41 it
2348 2188 63 42 yet
2460 2177 106 44 takes
2613 2196 86 25 care
2745 2190 40 31 to
2827 2190 56 32 set
2929 2197 53 36 up

2088 2237 45 40 its
2166 2253 115 37 pages
2301 2236 94 43 with
2417 2254 107 25 some
2544 2237 107 54 style.
2688 2237 29 43 It
2740 2240 29 40 is
2789 2238 73 43 still
2883 2239 75 53 pub-

2090 2295 121 42 lished
2251 2295 53 54 by
2334 2295 241 43 Wahlstrom
2616 2297 77 42 and
2733 2298 248 42 Widsstrand

2087 2355 39 41 in
2157 2354 242 49 Stockholm,
2438 2356 77 41 and
2547 2358 45 39 its
2632 2356 240 43 illustrations
2917 2375 65 24 are

2086 2414 149 53 always
2255 2413 244 56 refreshingly
2515 2415 196 45 Swedish.
2738 2416 242 48 Soderhelm,

2085 2472 176 44 Paasche
2291 2473 78 42 and
2390 2474 171 43 Behrens
2581 2493 64 24 are
2667 2474 71 43 still
2759 2477 45 42 its
2824 2476 156 42 editors.

2146 2531 108 43 Most
2299 2533 241 52 magnificent
2592 2534 42 43 of
2679 2533 49 44 all
2773 2535 209 42 illustrated

2085 2590 174 55 monthly
2289 2595 214 49 magazines
2532 2593 145 43 known
2707 2604 40 32 to
2778 2612 43 25 us
2841 2596 30 40 is
2899 2595 83 42 The

2085 2651 298 42 Architectural
2414 2653 164 42 Review
2584 2686 9 9 .
2656 2653 50 42 Its
2738 2655 77 40 size
2846 2655 30 41 is
2916 2654 66 43 the

2084 2711 77 41 size
2192 2709 42 43 of
2279 2711 64 42 the
2397 2712 197 44 architect.
2658 2713 126 43 What
2832 2712 150 44 fellows

2086 2769 92 53 they
2207 2787 77 31 are,
2319 2781 39 31 to
2391 2771 50 41 be
2482 2789 97 30 sure,
2612 2771 107 44 these
2765 2772 215 43 architects.

2084 2829 72 42 All
2190 2828 42 43 of
2263 2829 105 42 them
2415 2829 100 44 have
2547 2849 22 23 a
2601 2849 107 25 sense
2739 2831 41 43 of
2818 2849 134 37 power
2970 2850 9 29 ;

2084 2905 101 25 none
2230 2888 42 42 of
2317 2888 106 43 them
2467 2908 121 25 seems
2635 2890 192 44 bothered
2874 2891 54 54 by
2958 2909 23 24 a

2084 2947 197 43 foot-rule.
2343 2948 90 43 Ask
2463 2950 105 41 them
2599 2961 41 31 to
2670 2950 110 44 build
2813 2969 23 24 a
2866 2968 90 37 pyra-

2085 3006 80 43 mid
2197 3024 43 25 or
2270 3006 132 54 design
2434 3027 22 23 a
2488 3026 240 38 programme
2759 3027 43 25 or
2832 3012 96 41 issue
2958 3028 22 24 a

2082 3066 162 53 journal,
2290 3068 78 43 and
2430 3069 213 53 something
2705 3069 124 43 better
2888 3069 93 43 than

2082 3143 154 37 anyone
2257 3126 76 42 else
2354 3144 73 25 can
2448 3145 90 25 ever
2568 3130 186 41 conceive
2783 3131 30 40 is
2844 3128 136 43 bound

2084 3196 40 31 to
2164 3203 124 25 come.
2350 3185 122 43 Their
2521 3189 121 41 vision
2688 3190 30 41 is
2768 3188 144 54 always
2957 3207 23 24 a

2084 3245 102 52 large
2236 3262 88 25 one.
2387 3245 101 43 And
2536 3265 42 24 so
2627 3247 72 43 this
2744 3248 164 42 Review
2939 3248 42 42 of

2084 3304 115 43 theirs
2228 3306 30 40 is
2289 3323 23 24 a
2343 3304 99 55 huge
2474 3323 74 25 one
2567 3324 9 30 ;
2611 3307 45 42 its
2688 3306 121 55 plates
2839 3307 141 54 spread

2083 3363 228 43 themselves
2341 3365 150 41 around
2522 3366 162 42 without
2707 3368 87 41 stint
2813 3385 9 30 ;
2853 3368 47 40 its
2919 3384 40 24 ar-

2082 3423 106 43 ticles
2218 3441 64 25 are
2305 3424 135 54 boldly
2461 3426 214 42 conceived
2698 3426 78 42 and
2799 3427 152 42 written
2970 3444 9 30 ;

2084 3483 65 42 the
2181 3494 93 43 type
2306 3484 64 42 the
2402 3483 98 50 best,
2533 3484 64 42 the
2630 3486 161 52 margins
2822 3485 156 54 superb.

2083 3542 126 42 Wren
2225 3542 122 44 looms
2363 3543 140 55 largely
2514 3544 161 52 through
2688 3546 45 40 its
2743 3545 234 46 numbers,...

2084 3601 78 43 and
2194 3602 64 42 the
2291 3603 175 52 Queen's
2508 3603 126 43 Dolls'
2656 3604 140 42 House
2836 3606 38 40 in
2916 3604 65 43 the

2084 3660 143 44 March
2258 3662 161 43 number
2450 3661 143 43 looked
2626 3681 22 24 a
2681 3662 66 43 full
2768 3663 106 43 sized
2910 3681 47 36 pa-

2084 3721 82 42 lace
2188 3735 9 38 ;
2232 3739 51 24 no
2315 3722 81 42 hint
2419 3721 42 42 of
2483 3723 27 40 it
2532 3723 115 53 being
2678 3722 91 55 only
2790 3741 23 24 a
2836 3722 143 43 model.

2144 3780 76 42 For
2251 3798 43 25 us
2324 3782 65 42 the
2421 3782 222 43 Architects
2674 3782 104 49 then,
2811 3782 59 43 for
2889 3782 92 54 they

2084 3840 101 43 have
2219 3840 108 43 those
2357 3859 82 23 rare
2474 3841 134 53 things,
2641 3860 23 23 a
2695 3859 109 25 sense
2834 3841 43 42 of
2906 3860 50 35 po-

2084 3917 92 29 wer,
2209 3901 148 47 vision;
2406 3901 77 41 and
2529 3901 73 43 still
2632 3901 106 42 walk
2786 3901 95 43 with
2914 3901 66 42 the

2084 3959 116 42 stride
2232 3959 144 43 known
2407 3962 38 40 in
2476 3960 66 43 the
2587 3960 95 55 days
2712 3960 118 43 when
2876 3960 105 54 Inigo

2087 4019 129 54 Jones,
2249 4020 124 42 Wren
2409 4019 79 43 and
2534 4020 79 43 and
2658 4019 219 55 Vanburgh
2910 4038 47 36 pa-

2091 4078 138 45 trolled
2260 4078 66 43 old
2359 4078 198 55 England.
