3127 4387
901 2655 159 31 FROM
1081 2656 32 30 A
1145 2656 182 30 PLATE
1353 2655 309 31 ENGRAVED
1689 2655 77 30 BY
1785 2655 44 31 F.
1863 2654 333 32 COLLIGNON.

439 2714 267 32 SHOWING
734 2713 171 33 FESTA
938 2714 177 32 GIVEN
1134 2714 67 31 IN
1227 2714 110 31 THE
1361 2714 192 32 PIAZZA
1581 2714 240 35 NAVONA,
1849 2713 153 32 ROMA
2035 2713 80 31 ON
2134 2713 305 32 FEBRUARY
2457 2722 53 29 25,
2540 2714 101 37 1634.

282 2790 146 37 Evelyn
452 2798 80 22 saw
557 2789 61 31 the
645 2789 147 31 Piazza
817 2798 42 22 as
884 2788 31 31 it
941 2787 32 32 is
997 2789 130 30 shown
1152 2789 92 31 here
1286 2787 44 39 if
1345 2798 55 21 we
1425 2790 92 29 omit
1542 2789 62 31 the
1630 2790 216 37 temporary
1879 2788 150 31 Teatro.
2080 2788 44 31 In
2152 2787 75 32 this
2259 2789 136 30 Teatro
2420 2797 56 22 we
2502 2797 57 22 see
2584 2786 23 41 a
2630 2786 23 41 “
2676 2786 184 41 Barriera
2884 2786 23 41 ”

193 2833 115 40 being
326 2833 229 40 performed
577 2844 48 21 on
650 2844 23 20 a
697 2835 101 30 scale
823 2834 148 39 worthy
994 2832 52 40 of
1062 2843 22 21 a
1106 2836 117 37 great
1248 2831 87 42 city.
1387 2834 76 31 The
1490 2835 174 29 inventer
1689 2833 52 38 of
1757 2833 62 31 the
1851 2834 139 30 Teatro
2015 2833 80 30 and
2118 2833 61 31 the
2204 2833 66 38 big
2293 2833 83 38 ship
2403 2843 86 21 seen
2515 2833 40 30 in
2580 2833 63 30 the
2667 2832 109 39 right
2801 2831 105 31 hand

191 2889 141 22 corner
355 2888 79 23 was
459 2881 216 30 Francesco
706 2879 126 32 Guitti
855 2878 51 39 of
922 2880 172 29 Ferrara
1120 2879 84 30 who
1229 2880 79 30 also
1336 2878 184 31 invented
1536 2888 100 22 some
1661 2877 52 39 of
1729 2878 62 31 the
1815 2888 129 26 songs.
2001 2877 90 32 This
2114 2887 102 22 same
2246 2878 128 32 Guitti
2396 2878 181 31 invented
2602 2876 76 39 for
2713 2877 60 30 the
2813 2876 84 41 Carnival

190 2876 49 34 in
263 2876 172 34 Ferrara
459 2876 147 34 (1638)
630 2876 25 34 a
679 2876 123 34 stage
826 2876 98 34 with
948 2876 49 34 an
1021 2876 270 34 interesting
1315 2876 270 34 arrangement
1609 2876 49 34 op
1682 2876 123 34 steps
1829 2876 172 34 leading
2025 2876 98 34 down
2148 2876 49 34 to
2221 2876 74 34 the
2319 2876 123 34 floor
2466 2876 49 34 of
2540 2876 73 34 the
2638 2876 269 34 auditorium.

611 2970 71 32 See
706 2970 280 31 Hammitzsch.
1006 2967 68 41 pg.
1097 2967 45 41 35
1165 2967 68 41 for
1256 2967 273 41 reproduction
1555 2968 51 39 of
1622 2971 137 37 copper
1775 2970 107 37 plate
1907 2967 178 40 showing
2109 2969 62 30 the
2196 2970 288 37 arrangement.

804 3060 544 32 EXPLANATION
1400 3060 83 32 OF
1531 3060 144 31 THE
1723 3059 246 33 ABOVE
2021 3059 256 31 PLATE:

190 3142 41 24 A.
257 3141 25 24 &
308 3143 35 23 B.
371 3143 92 24 TWO
491 3142 247 25 ENTRANCES
765 3143 52 24 OF
842 3142 182 24 TEATRO.
1117 3142 41 24 H.
1185 3142 135 25 TROOP
1346 3144 53 23 OF
1425 3143 244 24 EGYPTIANS.
2039 3142 37 30 Q.
2110 3140 157 25 PALACE
2292 3142 52 23 OF
2370 3141 83 23 THE
2481 3140 148 24 PRINCE
2655 3140 52 23 OF
2737 3139 136 26 MASSA

191 3195 35 24 C.
255 3195 195 24 POSITION
475 3196 52 23 OF
552 3196 84 22 THE
662 3194 320 25 MANTENITORE.
1117 3195 25 22 I.
1171 3194 134 25 TROOP
1331 3196 52 23 OF
1408 3184 419 36 SCYTHIANS.
1869 3184 84 36 R.
1995 3184 334 36 MARCHESE
2356 3185 251 25 MALATESTA
2642 3184 169 25 MASTER
2849 3185 52 25 OF

191 3248 39 22 D.
258 3248 135 23 TROOP
419 3248 53 23 OF
498 3247 108 25 FOUR
633 3248 176 24 CAPTIVE
835 3247 140 25 KINGS.
1115 3247 35 23 L.
1179 3246 158 25 PALACE
1362 3248 53 23 OF
1441 3248 113 24 DUKE
1573 3248 111 25 GIOV.
1704 3247 98 24 ANT.
1822 3247 151 25 ORSINI.
2130 3231 84 23 THE
2241 3231 666 42 FIELDS.

190 3231 388 39 THE
707 3231 1036 39 VASCELLO
1872 3231 259 39 OR
2260 3231 647 39 BOAT.

190 3299 38 25 E.
256 3300 135 24 TROOP
416 3300 54 24 OF
498 3299 181 25 ROMANS.
1116 3299 46 22 M.
1190 3300 81 23 BOX
1296 3300 54 24 OF
1375 3300 84 23 THE
1483 3300 159 32 JUDGES
2039 3321 26 23 T
2108 3321 80 23 BOX
2215 3321 53 23 OF
2293 3321 85 23 DON
2405 3320 207 26 PROSPERO
2641 3319 196 25 COLONNA

191 3352 37 24 F.
255 3352 135 23 TROOP
416 3353 52 23 OF
494 3352 271 25 PROVENZALI.
1115 3352 40 22 N.
1183 3352 79 23 BOX
1282 3353 52 22 OF
1353 3353 194 24 PRINCESS
1573 3353 25 22 D
1632 3351 114 24 ANNA
1765 3351 238 45 COLONNA.
2033 3351 30 45 V
2093 3351 178 45 CHURCH
2298 3367 52 23 OF
2376 3365 78 26 SAN
2478 3365 164 31 JACOMO
2662 3366 134 22 DELLE
2814 3351 93 45 SPAG.

190 3351 234 23 TROOP
471 3351 94 23 OF
612 3351 281 23 ROMANS
940 3351 234 23 DETTA
1221 3351 94 23 LA
1362 3351 187 23 PER-
1596 3351 93 23 O.
1736 3351 140 23 BOX
1923 3351 94 23 OF
2064 3351 140 23 THE
2251 3351 328 23 LADIES.
2626 3351 281 23 GNUOLI

280 3455 168 25 TINACE.
1115 3457 31 23 P.
1177 3455 158 25 PALACE
1362 3458 52 22 OF
1439 3458 85 22 THE
1549 3457 174 23 MILLINI.
2039 3457 38 23 X.
2107 3455 207 25 CARDINAL
2341 3447 259 33 BARBERINI'S
2627 3454 161 25 DWARF.

195 3868 113 31 THE
335 3867 147 32 MASK

195 3921 280 31 1924

2712 3910 109 33 Plate
2848 3921 53 22 12.
