3126 4447
222 77 80 44 122

216 194 102 50 ger.
398 167 99 58 But
553 190 84 33 we
695 166 122 59 hear
874 180 85 45 too
1018 165 199 58 seldom
1272 166 128 59 from
1463 190 117 50 you.

211 241 229 75 Though
479 265 84 33 we
601 242 123 56 hear
762 241 126 57 from
934 240 190 73 people
1181 241 75 57 far
1306 241 104 57 and
1461 265 123 33 near

211 320 104 57 that
353 317 129 57 does
521 331 88 42 not
634 340 150 33 mean
816 316 106 56 that
948 340 84 33 we
1059 317 121 56 hear
1206 316 125 57 from
1357 316 223 75 enough.

325 391 299 65 Moreover,
666 415 84 33 we
789 406 88 41 not
912 391 121 72 only
1071 406 138 41 want
1236 406 52 42 to
1315 391 152 57 hear:
1498 414 85 34 we

210 481 138 46 want
385 481 52 42 to
477 489 88 33 see
605 465 164 73 things
808 465 154 57 done.

323 541 155 72 They
491 564 83 33 are
596 555 88 42 not
703 541 156 72 being
879 540 140 57 done
1039 564 57 33 so
1110 540 74 57 far
1197 564 54 33 as
1267 564 83 34 we
1364 564 97 31 can
1476 562 104 36 see.

323 616 112 58 We
469 639 107 40 see,
605 614 70 56 let
700 637 56 35 us
785 639 104 48 say,
931 614 140 58 X....
1110 614 187 59 beaten
1336 613 159 59 down
1536 628 48 44 at

211 692 269 74 Bergamo.
531 688 183 73 Why?
745 688 177 73 Solely
948 688 244 66 because,
1222 688 156 57 while
1406 688 175 57 united

209 781 52 42 to
289 791 55 32 us
384 764 67 59 all
491 763 71 72 by
600 763 66 57 all
704 763 85 57 the
828 767 96 53 ties
949 787 85 33 we
1062 766 160 54 artists
1250 763 329 66 understand,

207 842 141 57 there
386 842 44 54 is
469 863 66 33 no
576 837 237 73 practical
856 838 191 72 clearly
1084 837 209 58 defined
1331 841 158 69 unity.

376 913 184 63 What,
602 936 64 33 an
704 913 274 72 organized
1019 914 169 70 unity;
1230 917 42 53 is
1311 913 105 57 that
1440 912 140 59 what

206 1013 102 49 you
348 1012 220 48 propose
588 993 24 49 ?

384 1060 294 74 Assuredly

381 1138 101 56 But
520 1136 138 58 what
696 1136 159 56 about
896 1139 11 19 '
936 1135 122 57 sack
1095 1135 86 57 the
1221 1138 293 72 organizers
1541 1135 32 67 ',

205 1228 114 57 stop
346 1214 293 71 organizing
666 1225 170 44 create
920 1213 52 54 in
997 1210 233 59 Volume
1256 1213 36 56 9
1319 1210 54 59 of
1454 1210 121 59 The

206 1286 159 59 Mask

319 1361 92 57 On
452 1360 172 58 which
662 1360 71 57 let
771 1383 57 34 us
868 1359 131 57 have
1039 1384 31 32 a
1109 1357 163 59 word.

318 1436 129 59 First
485 1436 54 57 of
576 1435 66 58 all
682 1435 170 57 didn't
888 1459 100 48 you
1028 1435 104 57 find
1235 1434 120 57 sack
1381 1435 85 56 the
1494 1459 54 31 or-

204 1514 227 73 ganizers
538 1509 138 74 good
714 1510 126 57 fun?
880 1503 224 64 Mustn't
1162 1531 83 35 we
1306 1509 134 72 keep
1493 1509 85 55 the

206 1589 88 55 fun
322 1589 156 72 going
503 1585 238 72 anyhow.
783 1585 113 57 We
921 1585 212 75 thought
1171 1585 87 56 the
1286 1587 293 71 suggestion

202 1666 54 53 in
360 1661 120 57 The
532 1653 159 64 Mask
790 1675 52 41 to
901 1658 120 59 sack
1080 1658 84 58 the
1212 1661 190 71 people
1458 1660 121 56 who

204 1736 121 58 sack
364 1760 58 33 us
463 1738 142 69 quite
643 1737 52 55 in
734 1735 144 71 style.
1037 1733 125 57 No?

315 1810 134 57 And
469 1834 55 31 as
544 1810 77 57 for
647 1811 237 72 stopping
924 1811 309 71 organizing,
1265 1807 71 74 by
1360 1806 106 58 that
1491 1831 85 34 we

206 1884 165 73 surely
409 1883 120 59 took
633 1883 120 57 The
795 1883 158 57 Mask
1054 1898 52 41 to
1145 1883 68 57 be
1273 1881 303 76 addressing

202 1961 87 57 the
328 1963 371 69 incompetents
738 1959 121 56 who
898 1982 87 33 are
1034 1958 193 73 always
1284 1959 292 74 organizing

201 2034 127 57 little
369 2036 236 55 societies
733 2048 224 42 amateur
996 2034 295 70 companies
1419 2032 156 57 Little

205 2109 255 57 Theatres
612 2108 124 57 little
774 2109 221 70 journals
1035 2108 102 56 and
1179 2108 85 56 the
1303 2122 117 42 rest.

315 2185 141 56 That
496 2184 119 70 they
653 2184 186 56 should
878 2199 113 56 stop
1030 2183 68 56 all
1137 2183 105 56 that
1280 2183 105 56 and
1413 2197 85 58 get
1523 2198 51 41 to

200 2259 86 57 the
325 2258 215 58 difficult
576 2259 109 56 task
724 2258 52 57 of
816 2260 346 72 pronouncing
1214 2257 196 57 vowels
1462 2281 84 33 cor-

198 2334 181 72 rectly,
447 2334 103 57 and
615 2333 234 75 drawing
913 2332 206 74 straight
1184 2332 146 66 lines,
1397 2332 177 57 would

200 2433 150 33 mean
389 2409 76 57 for
503 2409 137 56 them
667 2408 86 57 the
793 2422 198 43 nearest
1043 2406 227 73 possible
1329 2406 142 74 thing
1521 2422 52 42 to

201 2486 226 70 creating
469 2484 286 72 something
908 2483 262 72 someday.

314 2559 99 57 But
513 2559 121 56 The
675 2558 158 58 Mask
938 2556 127 59 does
1091 2573 87 40 not
1204 2556 212 57 address
1443 2556 133 57 itself

198 2649 53 41 to
291 2634 85 56 the
417 2658 137 33 same
592 2649 122 57 type
753 2633 54 55 of
845 2657 118 33 man
1002 2631 66 57 all
1108 2633 89 57 the
1237 2635 140 53 time.
1448 2633 41 55 It
1532 2634 43 54 is

200 2709 132 75 right
383 2732 83 33 we
521 2732 224 49 suppose
789 2710 52 53 in
888 2706 259 76 believing
1185 2706 107 59 that
1329 2730 101 50 you
1468 2706 107 59 will

200 2784 155 57 know
393 2782 155 59 when
586 2782 101 58 and
728 2782 177 58 where
943 2805 101 50 you
1084 2806 85 34 are
1208 2781 302 59 addressed.

311 2857 87 59 As
438 2881 101 46 you
578 2881 87 33 are
704 2857 142 57 here.
912 2857 123 57 You
1086 2857 87 56 the
1232 2860 178 62 artists,
1471 2856 104 57 and

201 2956 136 35 none
378 2933 166 58 others
585 2947 100 59 yet.

314 3008 132 56 And
487 3024 51 42 to
576 3033 100 48 you
713 3022 132 42 most
883 3006 262 74 assuredly
1184 3006 103 57 and
1325 3022 131 41 most
1494 3031 54 33 se-

198 3082 190 74 riously
424 3107 84 34 we
548 3097 205 60 suggest
779 3082 107 57 that
911 3083 145 70 plans
1084 3082 76 56 for
1185 3106 31 32 a
1255 3091 215 61 genuine
1496 3106 52 32 or-

200 3160 285 72 ganization
543 3158 69 57 be
671 3157 255 72 prepared
985 3156 215 57 without
1263 3180 100 48 any
1420 3157 156 72 delay

198 3232 281 69 whatever,
520 3233 101 57 and
662 3228 216 62 without
915 3257 99 47 any
1052 3232 161 57 haste.

311 3309 96 56 An
446 3311 344 73 organization
830 3323 50 41 to
920 3303 141 61 what
1101 3307 145 57 end?

314 3384 131 56 First
480 3384 69 68 of
578 3384 83 56 all
695 3398 52 41 to
786 3386 140 54 unite
964 3407 59 32 us
1062 3382 84 57 all.

313 3458 268 72 Secondly
620 3473 52 42 to
713 3458 145 75 bring
899 3482 58 32 us
997 3457 66 57 all
1106 3455 251 77 together.

313 3534 223 73 Thirdly
573 3548 51 42 to
663 3533 158 57 chose
860 3557 92 33 our
991 3532 220 58 leaders.

311 3608 260 72 Fourthly,
614 3623 52 42 to
703 3607 179 58 follow
920 3608 161 56 these.

310 3683 135 57 And
483 3683 96 57 this
619 3683 105 57 will
766 3683 146 73 bring
952 3706 57 34 us
1048 3682 86 57 the
1162 3704 120 35 new
1307 3680 229 59 Theatre
1548 3689 25 50 ?

311 3758 295 72 Assuredly
643 3773 103 42 not.

311 3834 100 56 But
449 3836 39 54 it
526 3831 108 60 will
675 3833 147 73 bring
861 3857 59 33 us
1217 3833 53 56 it.

314 3908 58 73 J
413 3909 113 58 We
585 3930 87 36 are
729 3908 69 57 all
837 3932 31 33 a
907 3922 198 58 strange
1146 3929 162 51 group
1347 3905 53 58 of
1449 3929 93 34 con-

197 3998 131 58 trary
366 3999 220 51 natures,
625 3986 236 70 opinions
901 3983 103 57 and
1047 3981 129 76 gifts.

309 4057 179 59 These
527 4051 157 65 could
713 4057 68 59 be
808 4057 166 58 better
1001 4055 278 60 combined
1307 4055 121 58 than
1453 4055 122 75 they

196 4158 86 32 are
322 4159 138 31 now.

1740 166 177 57 There
1976 189 87 33 are
2120 165 86 57 the
2277 165 256 58 so-called
2600 166 230 59 Idealists
2882 167 121 59 who

1628 256 140 42 want
1871 241 85 57 the
1998 241 267 74 Kingdom
2304 241 53 57 of
2396 241 227 57 Heaven
2643 256 51 44 at
2719 266 32 32 a
2778 242 142 58 blow

1630 339 56 33 so
1725 316 119 71 they
1882 339 87 32 are
2008 315 276 57 described
2412 315 70 72 by
2517 315 87 57 the
2630 316 138 75 good
2797 317 203 57 Barker.

1740 390 156 57 Then
1954 390 142 56 there
2153 392 43 54 is
2253 390 216 71 Appia;
2529 390 142 57 there
2730 393 41 54 is
2834 391 141 57 Stani-

1628 463 221 74 slawsky
1888 463 101 56 and
2030 465 76 55 his
2147 487 280 49 company;
2469 463 142 57 there
2646 468 42 54 is
2714 466 289 57 Reinhardt

1630 540 101 55 and
1769 538 78 57 his
1888 561 189 50 group;
2121 538 231 56 Gessner
2389 537 103 58 and
2533 538 105 66 his;
2680 562 124 49 your
2830 541 128 56 Ame-

1628 617 140 52 rican
1825 637 207 51 groups,
2092 612 86 57 the
2239 613 184 66 Guild,
2491 612 209 74 Equity,
2759 614 104 58 and
2914 616 86 56 the

1628 688 193 57 others:
1862 687 86 57 the
1990 686 173 58 Italian
2191 710 205 49 groups,
2426 687 100 71 (for
2552 688 87 57 the
2665 703 225 42 moment
2916 714 84 33 we

1628 787 87 33 are
1753 778 88 41 not
1879 762 264 73 including
2182 763 334 72 playwriters,
2557 777 89 43 not
2683 778 88 42 out
2810 764 54 57 of
2901 788 100 49 any

1626 837 286 72 disrespect
1937 837 93 57 but
2055 835 76 58 for
2169 835 243 73 practical
2449 835 251 72 reasons).
2755 837 156 58 Then
2949 842 51 52 in

1626 914 189 56 Russia
1852 912 86 57 the
1976 912 266 72 Kamerny
2280 935 284 49 company:
2614 912 122 57 then
2796 913 204 57 Isadora

1623 987 243 66 Duncan,
1895 985 193 59 Yvette
2116 985 258 66 Guilbert,
2402 1011 91 33 our
2519 1001 105 43 two
2651 1001 138 61 great
2818 987 180 64 ladies,

1625 1107 78 13 ....
1730 1062 86 57 the
1880 1062 121 72 only
2064 1075 104 42 two
2234 1075 139 60 great
2436 1060 163 59 ladies
2657 1062 99 57 still
2808 1064 52 55 in
2914 1063 86 56 the

1621 1134 140 60 field.

1696 1210 137 71 (We
1871 1210 132 57 have
2044 1210 137 56 been
2220 1209 130 57 slow
2387 1234 57 32 or
2481 1233 83 34 we
2605 1209 177 58 would
2822 1210 179 74 dearly

1620 1285 132 58 have
1792 1285 155 57 loved
1974 1308 84 33 we
2084 1284 155 57 could
2280 1308 89 48 say
2407 1284 163 58 three.
2648 1286 205 56 Cannot
2897 1309 102 50 you

1621 1360 89 57 aid
1749 1383 56 33 us
1846 1360 105 56 that
1989 1383 67 32 no
2096 1382 138 33 more
2274 1361 120 54 time
2436 1359 67 56 be
2544 1359 170 71 lost!).

1720 1435 156 57 Then
1908 1434 141 57 there
2074 1435 42 55 is
2136 1434 87 56 the
2251 1432 284 59 admirable
2557 1436 221 70 Copeau
2798 1434 103 57 and
2921 1434 77 57 his

1627 1531 175 51 group.
1870 1509 134 57 And
2031 1509 168 55 others
2227 1533 85 31 are
2337 1523 52 41 to
2417 1509 67 57 be
2511 1503 159 64 found
2695 1511 54 55 in
2775 1510 223 57 Paris....

1623 1599 89 42 not
1771 1583 338 58 Frenchmen.
2187 1582 134 57 And
2379 1586 52 53 in
2491 1583 344 58 Switzerland
2895 1583 101 58 and

1626 1660 264 72 Germany
1927 1674 88 42 not
2053 1683 30 31 a
2121 1657 135 66 few;
2299 1660 52 54 in
2393 1657 235 59 Holland
2666 1672 86 45 too
2775 1684 12 40 ;
2817 1658 103 58 and
2947 1662 52 54 in

1625 1733 200 57 Ireland
1863 1732 54 57 of
1956 1756 194 33 course.

1736 1808 149 56 Who
1924 1807 178 57 knows
2142 1830 115 49 may
2298 1806 70 57 be
2406 1808 52 56 in
2497 1806 88 58 old
2627 1806 266 58 Scotland.

1735 1882 80 57 Of
1855 1881 241 75 England
2136 1905 86 33 we
2260 1881 105 57 will
2404 1896 88 42 not
2530 1882 175 72 speak,
2736 1896 185 58 except
2947 1896 52 42 to

1621 1981 150 33 name
1835 1958 192 56 Barker
2086 1956 103 57 and
2255 1956 147 66 Poel,
2468 1959 51 54 in
2583 1959 243 72 passing;
2893 1957 102 56 and

1620 2032 120 73 they
1780 2057 83 33 are
1903 2048 87 41 not
2030 2048 51 41 at
2119 2031 160 58 work.
2361 2032 41 57 If
2440 2056 119 33 men
2599 2033 53 56 of
2690 2034 141 70 spirit
2869 2034 130 55 exist

1620 2109 52 55 in
1710 2108 86 56 the
1837 2108 142 56 work
2018 2107 173 57 which
2229 2107 87 57 the
2342 2121 103 43 rest
2470 2107 53 56 of
2549 2131 57 32 us
2632 2107 132 57 have
2789 2107 210 72 already

1620 2182 196 72 proved
1844 2207 85 33 we
1956 2206 88 33 are
2070 2180 229 59 devoted
2327 2196 69 50 to,
2426 2206 84 33 we
2544 2206 88 33 see
2652 2206 135 33 none
2808 2184 52 55 in
2888 2182 72 57 En-

1620 2257 235 75 gland....
1898 2258 111 56 We
2048 2257 124 55 hear
2210 2281 150 33 none.
2390 2257 113 58 We
2530 2281 89 34 see
2641 2257 101 57 and
2764 2257 123 57 hear
2912 2271 87 41 too

1620 2332 153 57 much
1814 2332 174 57 denial
2027 2332 163 57 there.

1622 2488 74 125 IS
1735 2483 106 56 that
1879 2495 85 44 too
2004 2481 152 73 sharp
2169 2488 25 49 ?

1780 2556 157 57 Some
1978 2555 104 72 day
2120 2579 84 33 we
2232 2579 115 47 may
2374 2555 88 57 tell
2487 2579 99 47 you
2614 2556 86 56 the
2728 2572 135 57 story
2890 2556 52 57 of
2967 2582 31 29 a

1620 2634 115 56 visit
1775 2631 123 73 paid
1938 2631 70 73 by
2048 2654 99 33 one
2186 2631 55 56 of
2277 2655 59 32 us
2389 2645 52 42 to
2501 2631 223 57 London
2782 2631 102 57 and
2945 2633 53 55 of

1621 2721 162 45 actors
1823 2706 197 73 spoken
2059 2706 141 57 with.

1735 2780 240 76 England
2016 2804 96 33 can
2152 2779 103 57 and
2295 2804 117 49 may
2439 2804 98 49 any
2563 2780 102 73 day
2690 2794 217 43 reassert
2933 2781 62 56 its

1622 2859 235 71 capacity
1914 2871 51 42 to
2025 2880 89 33 see
2173 2856 103 56 and
2336 2855 240 73 speak....
2619 2871 51 42 to
2709 2857 125 56 hear
2890 2856 102 56 and

1623 2931 238 74 speak....
1902 2946 52 42 to
1993 2945 88 42 not
2120 2931 154 56 avoid
2316 2931 66 57 all
2421 2930 154 58 tasks.
2653 2931 83 57 At
2793 2946 205 57 present

1621 3031 119 33 men
1767 3031 84 33 we
1876 3006 213 75 thought
2114 3006 119 56 able
2255 3020 50 42 to
2327 3030 208 47 express
2563 3006 301 72 something,
2893 3006 103 56 and

1620 3106 139 33 more
1797 3081 121 57 able
1956 3096 52 41 to
2048 3095 212 56 attempt
2300 3081 212 57 difficult
2552 3081 184 75 things,
2765 3082 67 56 all
2862 3081 134 57 shirk

1621 3157 143 57 these
1804 3157 104 56 and
1947 3156 221 57 become
2208 3156 269 56 humdrum
2515 3156 104 56 and
2671 3180 88 33 are
2817 3156 178 57 forced

1620 3248 52 41 to
1712 3255 156 52 agree
1908 3231 126 58 with
2073 3231 85 56 the
2199 3231 291 57 moderates
2528 3231 122 57 who
2688 3231 132 57 wish
2877 3231 121 72 only

1621 3322 51 42 to
1711 3306 107 72 pull
1857 3306 140 57 them
2035 3304 122 59 well
2185 3304 175 68 down,
2390 3320 87 41 net
2496 3306 155 66 them,
2680 3306 103 55 and
2811 3306 188 57 render

1620 3383 138 56 them
1796 3381 212 58 useless.

1731 3457 122 57 The
1893 3454 114 59 Old
2048 3455 110 58 Vic
2178 3462 80 51 ?...
2291 3453 135 67 well,
2467 3478 83 33 we
2592 3454 146 57 don't
2773 3454 225 74 respond

1618 3546 54 42 to
1710 3532 85 57 the
1835 3530 116 58 Old
1978 3530 111 58 Vic
2116 3529 76 59 for
2218 3553 84 33 we
2329 3529 133 57 have
2488 3553 156 35 never
2670 3529 161 59 heard
2871 3530 127 58 from

1618 3631 66 33 an
1724 3605 114 59 Old
1879 3605 208 59 Vic-ite
2126 3629 57 33 or
2222 3629 125 33 seen
2385 3628 117 36 one.
2582 3605 170 59 Were
2798 3629 85 35 we
2945 3621 54 41 to

1620 3706 90 33 see
1767 3682 131 55 their
1952 3680 145 57 work
2157 3679 264 58 doubtless
2481 3704 85 33 we
2624 3679 155 58 could
2846 3679 152 58 value

1620 3760 54 55 it.
1753 3754 207 60 Would
1999 3755 87 57 the
2126 3754 115 57 Old
2283 3755 110 57 Vic
2432 3754 101 74 ally
2558 3755 136 57 itself
2718 3770 53 42 to
2797 3779 201 50 anyone

1620 3856 57 33 or
1714 3831 241 75 anything
1994 3831 76 58 for
2110 3830 85 57 the
2236 3830 120 57 sake
2397 3830 53 57 of
2487 3831 88 56 the
2615 3833 176 56 Cause
2818 3856 86 33 we
2929 3831 69 58 all

1620 3908 132 57 have
1792 3922 51 41 at
1881 3908 142 57 heart
2173 3932 32 30 a
2246 3905 142 58 New
2427 3906 262 57 Theatre?

1731 3980 135 58 And
1907 4004 120 34 now
2068 3980 93 57 lest
2214 4004 84 33 we
2360 3994 86 43 too
2505 3981 160 73 easily
2722 3979 278 75 poohpooh

1620 4057 96 58 this
1755 4080 141 33 same
1937 4055 117 58 Old
2092 4056 130 65 Vic,
2262 4055 141 57 what
2441 4055 52 57 of
2531 4056 87 56 the
2658 4050 213 63 others?

1734 4131 79 59 Of
1851 4155 100 49 you
1990 4131 119 67 first,
2149 4131 122 57 then
2302 4131 53 57 of
2382 4130 203 73 Appia,
2614 4130 53 58 of
2695 4130 221 67 Isadora,
2947 4129 53 58 of
