3126 4447
2799 105 71 44 131

119 968 671 77 GIUSEPPA
872 968 598 78 CORTESI.

121 1147 67 97 IF
219 1166 62 25 we
310 1166 67 25 are
407 1148 119 43 asked
546 1160 41 30 to
608 1166 112 25 name
738 1147 65 43 the
817 1159 105 42 great
943 1148 210 55 European
1173 1149 160 43 dancers
1353 1149 42 43 of
1410 1150 65 42 the

183 1219 97 43 past,
311 1208 185 54 although
526 1225 117 26 never
673 1209 141 52 having
844 1225 90 25 seen
962 1208 105 42 them
1098 1208 137 49 dance,
1268 1226 62 26 we
1364 1227 112 25 come

119 1278 66 31 out
217 1278 65 43 pat
314 1268 95 42 with
445 1267 137 54 Fanny
611 1267 136 43 Ellsler
776 1284 43 25 or
850 1267 59 42 La
940 1267 205 49 Guimard,
1178 1268 58 42 La
1268 1268 209 43 Barbarina

117 1344 44 25 or
191 1327 192 53 Taglioni.
445 1326 138 43 Allow
612 1344 62 25 me
705 1338 40 31 to
776 1344 111 24 come
917 1337 68 32 out
1005 1344 41 25 as
1066 1337 66 44 pat
1163 1327 95 43 with
1290 1328 58 42 La
1379 1329 74 41 Cor-

118 1387 82 47 tesi,
231 1397 68 31 not
329 1386 141 53 having
499 1403 91 26 seen
621 1386 68 43 her
718 1385 135 44 either.

208 1446 82 41 She
321 1462 81 26 was
447 1445 98 43 born
591 1448 200 40 sometime
822 1445 119 42 about
990 1445 64 43 the
1100 1463 92 36 year
1244 1446 123 48 1780,
1400 1445 79 43 and

120 1504 240 44 Bernardino
391 1504 251 43 Mezzanotte
672 1504 137 55 speaks
838 1504 42 42 of
910 1504 68 43 her
1017 1522 113 25 name
1161 1523 41 24 as
1231 1504 176 43 destined
1438 1516 40 31 to

118 1563 50 42 be
199 1563 168 43 eternal:
398 1575 65 42 yet
493 1564 29 41 it
552 1564 30 42 is
614 1564 120 54 today
764 1563 191 54 forgotten
986 1564 54 54 by
1061 1563 49 43 all
1141 1564 68 42 but
1240 1582 24 24 a
1284 1581 83 25 rare
1388 1563 89 49 few,

117 1623 92 48 and,
245 1624 59 55 (so
335 1622 59 43 far
423 1641 41 24 as
494 1640 64 36 my
588 1623 132 42 search
752 1623 42 42 of
823 1634 81 31 two
934 1623 79 42 and
1058 1641 24 24 a
1122 1622 80 43 half
1232 1640 109 38 years
1372 1625 109 53 goes)

118 1681 68 43 has
217 1693 67 32 not
315 1682 101 43 been
446 1681 120 44 heard
596 1682 42 43 of
668 1693 67 32 out
765 1682 43 43 of
839 1681 109 55 Italy.

209 1741 77 43 But
317 1740 108 44 listen
459 1752 38 32 to
529 1742 268 42 Mezzanotte:

473 1859 15 43 I
522 1860 167 42 SERTI
722 1859 195 45 NOBILI

474 1919 123 42 CHE
628 1919 117 43 SON
778 1918 118 55 QUI'
915 1918 206 43 APPESI

475 1978 55 43 IL
557 1979 179 43 NOME
767 1978 305 43 ETERNINO

478 2037 201 44 DELLA
709 2038 275 48 CORTESI;

118 2155 79 43 and
228 2155 73 43 this
331 2156 50 43 he
412 2159 118 51 prints
560 2175 42 24 as
633 2157 14 42 I
680 2157 101 42 have
812 2156 103 43 done
945 2157 40 42 in
1019 2156 141 54 capital
1190 2156 128 43 letters
1357 2158 40 41 in
1428 2156 58 43 his

117 2215 485 44 ANACREONTICA
649 2218 115 42 made
809 2227 42 32 to
898 2215 68 44 her
1006 2217 39 41 in
1084 2215 109 43 1804
1225 2217 78 43 and
1334 2216 152 54 printed

117 2274 81 42 that
228 2292 93 37 year
350 2278 40 40 in
421 2276 182 53 Perugia,
638 2293 51 25 on
735 2276 83 42 that
863 2274 381 45 well-remembered
1287 2275 198 43 summer's

117 2333 78 54 day
225 2334 116 43 when
372 2335 68 42 she
471 2353 110 25 came
611 2347 41 31 to
683 2335 125 44 dance
850 2345 39 31 at
934 2334 67 42 the
1047 2334 148 43 Teatro
1241 2335 140 42 Civico
1421 2335 65 42 del

117 2393 177 43 Verzaro
331 2396 39 41 in
391 2394 82 44 that
500 2396 78 52 city
642 2412 73 24 con
737 2394 186 54 applauso
944 2394 213 42 universale
1221 2412 42 24 as
1293 2394 192 43 PRIMA

119 2452 344 45 BALLERINA
493 2453 337 44 ASSOLUTA.

208 2512 117 43 Then
356 2514 28 41 it
416 2531 79 25 was
527 2513 82 43 that
640 2513 66 43 the
742 2523 102 44 great
879 2511 151 43 Oldani
1066 2530 81 25 was
1188 2512 198 54 prevailed
1434 2531 52 24 on

122 2582 40 31 to
193 2589 166 37 engrave
391 2573 65 42 the
487 2572 219 43 celebrated
729 2573 157 52 portrait
908 2571 132 43 which
1062 2573 30 41 is
1112 2572 246 54 reproduced
1380 2572 104 48 here,

120 2631 121 54 {page
280 2633 112 54 129)
418 2632 129 43 which
569 2631 287 56 reproduction,
879 2631 91 49 alas,
995 2629 143 56 merely
1160 2633 103 52 gives
1284 2631 67 43 her
1367 2631 116 49 head,

119 2690 68 42 but
217 2692 40 41 in
287 2709 52 25 no
360 2708 89 37 way
480 2691 129 44 shows
638 2709 43 25 us
712 2691 82 43 that
830 2690 146 43 Divine
1023 2691 111 53 Pepa
1180 2690 93 44 who
1319 2692 167 54 inspired

120 2748 254 45 Mezzanotte
404 2762 41 31 to
477 2768 76 37 pen
593 2751 59 43 his
684 2751 325 43 Anacreontica:

536 2869 144 54 Vegeti
711 2868 24 44 I*
754 2868 134 45 Edera

593 2930 143 41 Cresca
765 2928 27 43 il
823 2927 160 55 virgulto

534 2988 193 43 Bambino
759 2987 222 44 abbraccilo

595 3048 61 42 Lo
687 3049 138 53 stringa
854 3046 149 44 adulto.

533 3151 142 54 Venga
706 3151 61 44 col
798 3150 243 43 TEVERE

595 3211 29 43 II
655 3210 359 44 TRASIMENO

537 3269 175 44 Fecondi
743 3269 188 44 TArbore

595 3329 235 44 D'Arcadia
859 3331 39 41 in
929 3347 94 25 seno

534 3433 31 43 II
597 3433 132 43 Nome
760 3431 152 44 celebre

595 3494 57 42 Su
684 3503 133 43 questa
849 3492 103 43 Riva

536 3552 55 43 Di
620 3552 196 43 PEPPA
846 3550 167 44 amabile

597 3611 88 45 Mai
715 3629 152 37 sempre
899 3612 149 42 viva—

206 3731 91 44 The
318 3749 113 25 name
461 3730 43 44 of
536 3730 29 44 II
588 3730 252 44 Mezzanotte
861 3730 31 42 is
913 3729 136 43 almost
1082 3748 41 24 as
1153 3729 145 43 eternal
1329 3747 42 25 as
1402 3729 84 43 that

120 3791 42 44 of
194 3791 59 43 La
284 3792 163 48 Cortesi,
481 3802 66 43 yet
578 3791 49 42 he
658 3802 68 31 too
756 3791 135 42 awaits
922 3788 58 44 his
1001 3789 252 54 Biographer.
1296 3789 71 42 He
1387 3800 99 31 must

119 3863 67 31 not
228 3851 51 43 be
318 3850 252 44 confounded
610 3850 96 42 with
752 3850 59 43 A.
860 3849 252 43 Mezzanotte
1154 3848 66 44 the
1266 3849 138 42 author
1444 3849 43 42 of

254 3910 271 55 Disposizione
556 3909 102 42 della
689 3910 127 42 Croce
904 3919 94 38 etc.,
1032 3908 165 54 Perugia
1235 3909 123 42 1818.

206 3971 92 41 The
327 3969 188 45 evidence
546 3969 43 42 of
619 3969 61 42 La
719 3967 184 44 Cortesi's
946 3970 185 41 immense
1162 3984 153 37 powers
1346 3978 41 31 to
1418 3985 46 24 en-

118 4030 116 43 chant
265 4030 66 42 the
362 4029 135 43 Italian
543 4030 132 41 nation
720 4028 79 43 will
844 4028 51 42 be
941 4029 113 53 given
1085 4038 41 32 to
1202 4027 91 43 The

117 4091 154 42 readers
300 4091 39 41 in
370 4089 79 43 due
494 4089 112 42 time:
900 4087 41 42 of
971 4086 259 55 Terpsichore
1251 4085 25 17 99
1308 4086 69 43 she
1406 4103 81 26 was

116 4148 140 50 called,
287 4166 100 26 even
418 4166 41 25 as
505 4148 60 43 La
595 4148 207 49 Guimard,
833 4146 180 53 Taglioni
1043 4145 79 44 and
1164 4146 59 43 La
1254 4146 232 49 Barbarina;

1519 195 59 43 for
1608 195 67 43 her
1705 195 66 44 the
1800 213 70 26 sun
1901 212 121 33 arose,
2053 196 66 43 the
2150 195 105 46 birds
2281 213 105 36 sang,
2410 196 39 47 in
2479 195 66 44 the
2575 194 148 46 middle
2752 195 43 44 of
2815 195 66 44 the

1519 254 122 53 night.
1717 254 16 43 I
1769 254 138 44 should
1954 254 48 43 be
2048 255 115 43 much
2208 254 190 55 surprised
2443 254 29 43 if
2517 273 99 25 even
2662 254 66 44 the
2773 265 107 43 great

1521 313 110 43 Mile.
1665 312 173 56 Virginie
1872 314 72 57 (a),
1976 332 23 24 a
2030 331 113 25 name
2164 314 137 54 hardly
2320 314 70 43 less
2411 315 147 42 celebre
2561 348 11 15 ,
2599 314 51 43 be
2669 314 150 54 proved
2841 326 40 31 to

1519 373 101 43 have
1650 390 92 25 won
1773 390 106 25 more
1909 374 139 48 hearts,
2079 373 139 54 gained
2263 385 145 42 greater
2451 373 197 55 applause,
2679 390 44 26 or
2769 373 113 43 made

1521 449 104 25 more
1656 449 157 37 money.

1609 491 202 54 Giuseppa
1842 491 150 42 Cortesi
2022 509 122 25 seems
2164 502 39 32 to
2224 490 101 45 have
2342 491 99 43 been
2459 491 163 44 married
2643 503 40 31 to
2701 491 181 44 Antonio

1521 550 149 42 Cortesi
1699 568 107 24 some
1837 552 91 40 time
1958 550 120 44 about
2108 550 67 43 the
2203 568 92 36 year
2333 551 126 44 1802.

2185 624 261 43 GIOVANNI
2478 623 404 44 MEZZOGIORNO.

1534 1628 160 43 THE
1759 1628 229 44 POET
2050 1629 93 43 IN
2215 1629 160 43 THE
2446 1628 439 46 THEATRE.

1529 1793 107 43 Dear
1667 1793 74 48 Sir,

1533 1904 125 96 Isee
1689 1904 95 49 that,
1817 1905 39 41 in
1885 1903 92 44 The
2009 1902 131 51 Mask,
2172 1921 79 37 you
2281 1902 143 45 discuss
2444 1904 66 43 the
2531 1904 112 55 place
2672 1905 42 42 of
2744 1923 23 25 a
2797 1916 93 44 poet

1597 1966 38 40 in
1667 1982 23 24 a
1719 1963 162 44 theatre.

1621 2083 42 43 In
1694 2083 74 43 this
1799 2093 172 44 country,
2005 2093 111 44 poets
2145 2081 102 44 have
2288 2083 66 43 the
2397 2100 176 38 supreme
2604 2083 210 56 precedent
2846 2083 41 43 of

1531 2142 280 56 Shakespeare,
1844 2142 92 43 who
1968 2141 139 45 settled
2138 2142 74 42 this
2241 2144 109 52 point
2383 2142 53 54 by
2466 2143 137 53 calling
2632 2161 107 25 some
2760 2142 43 44 of
2822 2144 68 42 the

1531 2203 110 42 other
1672 2204 134 46 artists,
1839 2203 93 42 who
1964 2200 162 45 worked
2156 2203 39 40 in
2227 2202 64 42 the
2326 2201 147 44 theatre
2518 2203 97 42 with
2658 2202 93 50 him,
2832 2203 58 43 his

1533 2261 148 45 fellows

1620 2381 45 42 A
1696 2391 93 43 poet
1819 2379 138 43 should
1989 2379 50 43 be
2113 2380 65 42 the
2423 2379 43 43 of
2510 2380 67 43 the
2621 2380 110 44 other
2766 2383 124 42 artists

1531 2440 172 53 working
1736 2440 41 42 in
1808 2438 65 44 the
1905 2439 160 44 theatre.
2128 2439 69 42 He
2227 2440 77 43 and
2336 2438 67 43 the
2432 2440 112 42 other
2584 2442 121 41 artists
2749 2441 140 43 should

1531 2500 51 42 be
1613 2499 172 54 working
1816 2499 173 54 together
2024 2510 40 31 to
2100 2500 85 51 give
2232 2509 41 31 to
2317 2498 98 42 each
2460 2499 111 43 other
2615 2499 67 43 the
2728 2512 161 42 greatest

1531 2559 165 54 possible
1741 2560 278 53 opportunities
2059 2557 60 43 for
2171 2558 65 42 the
2286 2560 167 41 exercise
2497 2559 43 41 of
2579 2558 98 43 their
2723 2576 166 38 powers.

1529 2619 227 43 Whenever
1785 2619 75 42 this
1890 2617 176 55 happens
2095 2618 39 41 in
2165 2634 77 37 any
2284 2617 147 42 theatre
2465 2618 215 54 something
2710 2618 119 43 noble
2860 2622 31 40 is

1531 2678 204 43 achieved.

1620 2798 68 43 No
1717 2795 151 46 worker
1897 2798 40 41 in
1968 2796 66 43 the
2063 2796 150 43 theatre
2258 2813 73 25 can
2371 2795 56 44 do
2467 2796 163 44 without
2662 2797 65 44 the
2758 2809 56 32 art
2849 2798 42 43 of

1531 2857 57 44 his
1618 2857 134 44 fellow
1782 2855 181 50 workers,
1995 2856 98 43 each
2132 2854 140 45 should
2319 2855 109 54 bring
2464 2856 50 43 all
2543 2857 82 42 that
2657 2857 51 43 he
2738 2876 72 25 can
2850 2869 40 32 to

1531 2918 66 42 the
1627 2934 184 26 common
1841 2915 120 50 stock,
1994 2915 130 45 which
2155 2915 163 54 thereby
2349 2914 182 44 becomes
2561 2934 249 26 uncommon.

1691 3058 92 43 Hill
1818 3059 110 43 Crest
1928 3091 10 16 ,

1532 3118 153 44 Boar's
1717 3118 108 44 Hill.
1891 3116 178 51 Oxford.

2472 2996 131 44 Yours
2632 2998 197 55 sincerely,

2414 3055 136 55 JOHN
2584 3056 307 46 MASEFIELD.

1621 3300 49 40 (a)
1698 3300 43 31 In
1769 3306 83 32 1773
1879 3295 108 35 Mile.
2016 3294 177 41 Virginie
2216 3293 112 33 made
2351 3304 93 22 over
2467 3289 132 47 60,000
2629 3296 116 34 livres
2768 3298 38 32 in
2831 3300 60 31 six

1532 3345 155 32 months
1711 3344 38 31 in
1773 3343 66 34 the
1863 3342 77 40 city
1957 3341 43 33 of
2015 3342 140 39 Lyons,
2174 3349 89 31 says
2278 3338 65 33 the
2368 3340 195 33 Historian
2588 3340 44 33 of
2652 3342 107 35 Mile.
2794 3344 73 32 Rau-

1532 3394 123 28 court.
