3063 4446
2786 90 80 44 113

76 163 94 65 left
216 188 62 38 us
322 163 59 63 of
425 163 95 65 the
567 164 214 67 Teatro
835 167 239 66 Farnese
1121 173 55 61 in
1222 172 223 75 Parma,

77 252 111 65 and
233 253 93 62 the
373 253 212 64 Teatro
632 254 57 65 di
735 258 174 62 Corte
955 262 53 60 in
1055 259 258 65 Mantua.

188 342 137 72 Still,
362 360 54 45 at
442 345 256 64 Vicenza
729 346 72 63 he
830 346 140 65 halts
1002 365 57 46 to
1083 350 90 63 tell
1196 376 61 37 us
1282 350 169 64 about

76 431 94 63 the
202 431 211 65 Teatro
437 433 302 83 Olympico
773 435 195 81 (Plate
1006 438 14 63 1
1042 437 40 64 6
1103 438 116 82 figs.
1246 440 15 63 1
1290 441 158 80 &2).

79 522 106 64 But
235 522 153 64 what
434 522 71 64 he
550 525 117 63 tells
714 553 60 37 us
820 530 62 70 is,
918 527 131 74 alas,
1086 548 94 45 not
1211 535 149 77 quite
1392 559 59 37 as

77 628 162 47 exact
283 639 58 36 as
388 614 171 62 usual.
616 614 101 65 He
761 618 41 61 is
851 616 151 64 there
1040 645 91 46 on,
1164 647 63 35 or
1257 620 191 74 about,

77 700 287 83 Tuesday,
418 703 205 64 March
658 705 166 64 27th.
1142 727 130 45 next
1304 737 109 37 mor-

145 793 143 79 ning,
324 817 91 39 we
446 794 193 64 visited
672 794 92 64 the
796 795 230 75 theatre,
1077 826 58 35 as
1183 799 164 81 being
1394 802 57 63 of

153 880 117 64 that
302 880 131 65 kind
479 883 94 65 the
603 902 140 47 most
774 887 210 80 perfect
1015 915 132 39 now
1177 891 269 81 standing,

152 969 111 65 and
310 972 134 63 built
493 973 74 81 by
621 974 274 75 Palladio,
945 980 54 60 in
1061 997 163 47 exact
1271 985 148 59 imita-

153 1063 112 60 tion
311 1062 58 64 of
414 1061 94 63 the
555 1067 214 61 ancient
816 1065 271 76 Romans,
1122 1068 111 65 and
1280 1096 136 55 capa-

153 1150 91 64 ble
275 1152 58 62 of
363 1156 309 80 containing
706 1155 197 72 5,000
934 1175 322 64 spectators.
1321 1161 132 64 The

152 1268 183 46 scene,
385 1242 185 65 which
616 1246 43 61 is
706 1245 70 65 all
823 1246 58 64 of
926 1264 172 60 stone,
1150 1268 303 63 represents

153 1357 70 37 an
269 1333 244 80 imperial
561 1336 130 79 city,
740 1335 94 64 the
895 1338 163 63 order
1106 1340 343 74 Corinthian,

155 1420 302 66 decorated
504 1424 135 64 with
686 1442 218 48 statues.
999 1429 159 64 Over
1190 1430 92 64 the
1313 1430 102 64 Sce-

152 1513 153 60 nario
372 1514 43 61 is
484 1513 292 75 inscribed,
863 1515 205 65 Virtuti
1277 1519 176 65 Genio

160 1599 344 79 Olympior:
551 1603 320 65 Academia
928 1607 302 66 Theatrum
1279 1609 105 65 hoc
1417 1637 36 36 a

143 1691 391 77 fundamentis
588 1703 170 55 erexit
809 1696 251 65 Paladio
1121 1700 332 64 Architect:

166 1781 194 65 1584.
472 1783 131 65 The
691 1811 161 37 scene
941 1786 240 67 declines
1262 1790 192 65 eleven

153 1870 108 63 feet
434 1872 93 65 the
573 1875 179 76 soffito
799 1877 226 80 painted
1070 1879 138 64 with
1239 1879 211 66 clouds.

301 1961 103 64 this
449 1962 155 65 there
649 1966 138 79 joins
835 1993 35 37 a
914 1970 253 79 spacious
1214 1969 110 65 hall
1371 1971 84 64 for

153 2050 207 65 solemn
430 2053 137 82 days
616 2072 57 45 to
743 2054 194 66 ballott
1004 2062 75 71 in,
1129 2059 110 65 and
1286 2088 35 36 a
1366 2088 57 37 se-

155 2140 146 65 cond
348 2143 82 63 for
477 2144 93 64 the
617 2144 343 66 Academics

193 2230 216 83 Evelyn
470 2261 109 35 errs
647 2234 173 65 about
867 2237 104 62 this
1040 2238 211 65 theatre
1321 2239 133 65 built

81 2319 75 82 by
206 2321 255 64 Palladio
509 2323 258 74 because,
816 2326 209 81 though
1072 2330 72 62 he
1188 2332 44 61 is
1279 2333 177 78 giving

80 2437 151 39 more
275 2416 130 60 time
452 2431 56 46 to
556 2415 135 81 Italy
738 2415 132 64 than
917 2418 214 82 Coryat
1177 2446 158 54 gave,
1384 2422 72 62 he

79 2505 41 58 is
169 2519 92 47 not
307 2506 182 79 giving
519 2507 150 79 quite
698 2507 216 80 enough
947 2511 148 71 time,
1129 2537 98 36 nor
1256 2515 200 77 paying

79 2595 149 77 quite
296 2594 216 81 enough
581 2600 263 61 attention
914 2615 56 46 to
1040 2600 273 65 Vicenza.
1397 2601 58 65 In

79 2683 121 72 this,
251 2683 71 63 he
367 2686 43 61 is
460 2702 287 48 courteous
794 2704 57 46 to
898 2716 106 45 me,
1054 2690 82 64 for
1168 2691 40 63 if
1237 2691 71 64 he
1340 2691 114 65 had

79 2771 166 65 made
291 2799 71 37 no
407 2775 272 74 mistakes,
725 2775 132 69 how
907 2779 163 64 could
1120 2780 20 64 I
1187 2780 160 68 show
1378 2783 76 63 off

77 2888 93 56 my
217 2890 159 54 scrap
421 2865 59 63 of
524 2864 235 66 wisdom
785 2874 26 57 ?

190 2952 99 63 He
350 2972 155 46 notes
574 2957 136 65 with
786 2962 268 76 precision
1114 2959 132 65 little
1314 2961 137 64 facts

79 3041 171 66 about
298 3043 94 64 the
439 3045 186 64 basset
656 3047 239 83 playing,
947 3050 83 63 for
1063 3050 70 63 he
1164 3051 99 63 has
1295 3055 158 77 given

77 3135 129 61 time
250 3150 58 47 to
354 3137 39 61 it
423 3161 12 46 ;
485 3136 110 63 and
641 3136 73 65 he
758 3141 43 60 is
848 3158 211 45 correct
1105 3141 171 65 about
1309 3142 144 65 Miss

77 3222 219 65 Rencia
341 3224 229 82 (except
614 3226 84 65 for
745 3229 96 63 the
885 3257 128 54 way
1061 3230 72 65 he
1163 3231 160 83 spells
1355 3232 96 65 her

75 3312 190 82 name)
298 3314 83 63 for
413 3315 71 64 he
514 3315 113 65 had
674 3318 135 82 paid
852 3319 95 63 her
974 3325 263 60 attention
1265 3351 14 44 ;
1329 3321 119 75 but,

75 3404 57 62 of
178 3404 94 63 the
334 3405 214 65 Teatro
595 3408 323 82 Olympico,
976 3410 72 65 he
1093 3415 43 61 is
1182 3415 268 63 incorrect

75 3497 52 59 in
174 3497 188 80 saying
421 3495 120 65 that
585 3499 41 61 it
672 3502 43 59 is
838 3527 70 37 an
978 3520 161 45 exact
1185 3506 265 62 imitation

73 3583 58 64 of
179 3584 93 64 the
317 3591 215 59 ancient
580 3588 250 65 Romans
975 3592 112 63 and
1119 3592 118 66 that
1272 3598 38 60 it
1345 3622 105 37 can

75 3678 216 61 contain
440 3677 195 74 5,000
706 3697 300 65 spectators
1150 3685 112 63 and
1332 3686 118 65 that

73 3765 92 64 the
211 3793 165 38 scene
421 3771 44 61 is
588 3768 70 65 all
705 3771 58 63 of
810 3789 156 47 stone

194 3855 45 65 It
284 3860 43 61 is
376 3884 70 37 an
491 3861 266 62 imitation
802 3862 59 64 of
913 3862 244 83 nothing,
1208 3865 110 65 and
1366 3866 54 64 al-

72 3945 210 83 though
329 3947 94 65 the
470 3949 183 65 works
700 3951 58 64 of
806 3953 261 66 Vitruvio
1112 3955 144 65 have
1303 3955 145 66 been

191 4096 94 55 (yy)
327 4095 83 44 Ihe
440 4108 56 31 sta
499 4115 22 36 g
522 4115 24 25 e
576 4097 123 56 slope,
733 4099 66 43 the
830 4103 258 53 perspective,
1120 4104 68 42 the
1219 4104 156 52 Soffitto
1407 4125 43 24 or

70 4154 153 55 ceiling,
256 4173 75 26 can
364 4156 50 44 be
444 4175 92 27 seen
567 4160 39 42 in
638 4158 115 45 Plate
793 4162 63 48 16,
890 4161 63 53 fig.
993 4163 33 43 1.

1498 174 125 65 well
1670 174 218 66 studied
1935 176 75 82 by
2060 178 271 76 Palladio,
2391 181 94 64 the
2533 181 188 67 Italian
2766 184 101 64 has

1497 264 166 65 made
1708 267 81 62 his
1837 267 210 65 theatre
2091 270 240 73 indoors,
2380 299 153 37 more
2578 273 132 65 than
2754 275 115 63 half

1498 353 58 64 of
1615 357 40 61 it
1717 356 136 65 with
1914 358 170 64 wood
2146 360 111 63 and
2320 376 208 59 stucco,
2593 364 109 63 and
2765 364 99 63 has

1498 445 284 66 somehow
1829 473 62 37 or
1935 447 156 64 other
2138 450 272 81 managed
2457 468 57 47 to
2577 452 165 65 avoid
2796 452 70 65 all

1498 534 93 62 the
1637 535 274 64 essentials
1961 538 110 63 and
2117 557 141 45 most
2302 540 59 64 of
2392 540 92 64 the
2517 540 193 66 details
2742 543 59 64 of
2833 571 34 36 a

1497 623 149 82 good
1702 625 224 65 Roman
1984 628 227 64 theatre.
2307 630 131 64 The
2470 632 302 81 gradinata,
2808 659 61 39 or

1497 713 150 81 flight
1694 714 57 64 of
1797 732 146 65 steps
1989 743 72 37 on
2107 718 185 66 which
2324 719 93 64 the
2447 738 301 62 spectators
2781 727 84 68 sit,

1497 806 43 60 is
1587 803 162 65 taken
1811 806 138 64 from
1996 808 175 64 Serlio
2240 809 111 65 and
2420 811 182 64 others
2649 812 57 63 of
2752 813 117 64 that

1497 894 149 73 time,
1696 893 131 66 who
1884 898 411 79 experimented
2342 902 53 60 in
2441 899 211 65 theatre
2723 902 111 64 buil-

1498 981 149 84 ding.
1743 985 131 63 The
1942 986 127 65 idea
2138 987 58 64 of
2241 1005 251 65 separate
2560 991 177 65 chairs
2784 992 83 64 for

1498 1073 141 64 each
1708 1089 293 66 spectator,
2052 1076 112 65 and
2232 1077 275 66 boxed-in
2554 1081 184 81 places
2785 1082 84 64 for

1498 1189 198 55 groups
1743 1164 59 63 of
1862 1165 120 63 four
2028 1183 57 47 to
2132 1167 164 80 eight,
2348 1169 113 65 had
2528 1188 96 47 not
2671 1199 160 37 occur-

1501 1251 96 65 red
1666 1270 58 47 to
1771 1280 216 55 anyone
2015 1284 13 45 ;
2079 1255 110 65 and
2258 1260 54 61 in
2359 1259 122 74 this,
2530 1263 105 77 just
2682 1289 61 36 so
2789 1263 82 63 far

1498 1343 111 64 and
1641 1371 71 36 no
1743 1344 221 76 further,
2001 1349 42 60 is
2076 1347 253 64 Palladio
2375 1349 242 66 Roman.
2716 1352 155 64 That

1498 1433 73 63 he
1600 1461 122 37 uses
1765 1434 211 75 arches,
2010 1437 181 80 pillars
2230 1437 112 64 and
2372 1456 202 49 statues
2606 1458 57 47 to
2696 1442 174 65 adorn

1498 1523 83 64 his
1628 1523 326 66 auditorium
2000 1526 111 64 and
2158 1545 170 64 stage,
2376 1532 44 61 is
2451 1557 72 37 no
2555 1559 152 36 more
2739 1532 84 63 Ro-

1498 1640 127 37 man
1693 1615 133 63 than
1901 1616 188 65 Italian
2150 1645 62 36 or
2282 1618 207 66 Greek.
2598 1622 181 65 What
2850 1622 21 64 I

1500 1703 189 65 would
1759 1708 146 61 insist
1952 1734 72 35 on
2069 1710 44 61 is
2161 1707 116 64 that
2324 1710 254 63 Palladio
2627 1711 99 65 did
2772 1729 97 47 not

1500 1809 81 47 set
1628 1810 95 47 out
1769 1811 58 47 to
1874 1795 154 65 build
2075 1823 36 37 a
2156 1796 226 66 Roman
2428 1799 231 75 theatre,
2709 1801 99 65 but
2839 1830 35 35 a

1501 1881 289 68 Palladian
1821 1885 229 65 theatre.
2123 1886 302 66 Doubtless
2456 1889 72 65 he
2560 1890 170 81 spoke
2763 1891 111 64 and

1501 1990 175 49 wrote
1745 1976 166 63 much
1956 1976 58 64 of
2060 1976 277 75 Vitruvio,
2401 1979 99 65 but
2552 1980 83 64 his
2690 1982 185 66 whole

1501 2067 108 61 aim
1677 2092 117 38 was
1841 2083 57 46 to
1945 2084 182 47 create
2188 2068 198 74 afresh,
2437 2097 60 37 as
2565 2070 202 84 freshly
2815 2100 59 36 as

1501 2181 119 38 was
1665 2154 237 82 possible
1949 2157 84 63 for
2086 2157 112 65 him
2226 2185 14 45 ;
2288 2159 113 64 and
2460 2159 72 64 he
2578 2187 118 38 was
2757 2189 86 36 sur-

1502 2243 250 65 rounded
1820 2246 77 81 by
1945 2274 35 35 a
2025 2247 148 83 large
2243 2275 172 56 group
2462 2250 57 63 of
2588 2251 245 65 academi-

1503 2337 148 61 cians
1698 2335 287 83 obviously
2031 2336 264 67 obsessed
2356 2340 76 81 by
2478 2338 94 66 the
2632 2346 243 60 ancients

1502 2423 111 65 and
1661 2425 137 65 their
1845 2427 123 74 fine,
2018 2427 100 65 but
2165 2455 139 38 even
2351 2431 148 73 then,
2549 2430 162 84 dusty
2744 2460 129 54 way

1503 2515 58 62 of
1606 2514 168 82 doing
1822 2516 193 81 things,
2052 2517 281 65 doubtless
2380 2520 251 80 forgetful
2678 2523 56 62 of
2782 2523 92 63 the

1502 2605 245 80 pleasant
1794 2623 140 47 trees
1966 2608 110 63 and
2108 2608 220 75 brooks,
2363 2610 57 65 of
2452 2610 277 74 Vicenza,
2765 2613 110 63 and

1501 2694 331 83 obsequious
1879 2714 58 46 to
2005 2699 94 62 the
2145 2700 217 82 pushful
2419 2705 213 79 princes
2678 2703 59 63 of
2782 2704 93 62 the

1500 2812 130 55 year
1667 2785 186 66 1560.
1901 2787 79 64 So
2027 2788 94 63 the
2166 2788 232 84 pedants
2445 2818 59 37 as
2550 2792 154 63 usual
2734 2791 141 66 have

1498 2874 191 65 ruined
1736 2876 228 64 another
2009 2878 150 80 good
2206 2879 167 84 thing.
2438 2882 90 63 As
2560 2882 84 63 for
2679 2881 195 73 5,000

1498 2992 224 54 persons
1770 2966 161 84 being
1975 2968 127 65 able
2132 2986 59 47 to
2244 2975 65 59 sit
2362 2971 112 63 and
2504 2971 159 65 stand
2695 2989 58 47 to
2785 3000 90 37 see

1501 3056 93 63 the
1663 3056 152 83 play,
1865 3085 91 38 we
2024 3086 104 37 can
2174 3060 159 81 place
2378 3061 94 65 the
2540 3062 228 65 number
2815 3081 56 46 at

1501 3146 287 73 3,000....
1837 3147 112 65 and
2020 3177 88 38 we
2163 3150 134 65 shall
2367 3151 102 65 still
2516 3152 73 64 be
2659 3180 73 36 on
2777 3154 96 63 the

1497 3235 118 65 side
1660 3238 57 62 of
1764 3236 155 66 those
1966 3239 132 66 who
2145 3259 150 48 want
2343 3259 57 46 to
2431 3269 170 55 prove
2631 3245 40 61 it
2702 3272 33 35 a
2768 3244 80 63 lar-

1497 3353 94 53 ger
1636 3326 210 65 theatre
1915 3329 133 65 than
2095 3334 40 61 it
2180 3334 21 62 i
2201 3334 105 62 5....
2373 3333 263 82 certainly
2702 3334 172 81 larger

1496 3418 133 63 than
1675 3420 41 61 it
1761 3419 173 65 looks.

1610 3507 132 65 The
1790 3536 164 55 space
2000 3513 41 61 it
2098 3516 259 78 occupies
2404 3516 42 61 is
2492 3516 151 78 quite
2702 3514 171 74 small,

1497 3597 111 65 and
1655 3598 92 65 the
1797 3627 128 55 way
1972 3605 53 61 in
2072 3602 187 66 which
2305 3605 94 63 the
2460 3605 265 66 architect
2773 3606 101 63 has

1498 3688 138 65 used
1681 3716 165 56 every
1893 3692 126 64 inch
2066 3692 58 64 of
2170 3695 81 63 his
2300 3721 169 56 space
2513 3699 46 61 is
2607 3724 132 56 very
2786 3725 58 36 re-

1496 3779 305 67 markable.

1610 3869 132 65 The
1812 3898 165 37 scene
2046 3875 43 61 is
2158 3874 327 84 principally
2556 3875 59 65 of
2682 3876 192 74 wood,

1496 3960 155 64 brick
1699 3961 111 65 and
1857 3981 224 48 stucco:
2131 3992 132 55 very
2295 3967 132 63 little
2458 3986 154 45 stone
2643 3972 44 61 is
2718 3970 153 63 used.

1498 4052 101 62 On
1667 4052 96 63 the
1808 4069 172 65 stage,
2032 4082 90 38 we
2191 4055 111 65 find
2351 4074 154 46 stone
2558 4085 76 56 up
2679 4076 59 47 to
2784 4059 93 65 the

1500 4141 138 66 level
1709 4143 59 64 of
1812 4170 98 37 our
1981 4144 114 82 hip,
2147 4144 99 66 but
2316 4147 104 63 this
2484 4148 129 82 only
2673 4152 55 61 in
2784 4149 93 65 the
