<?xml version="1.0" encoding="UTF-8"?>
<alto xmlns:xsi="http://www.w3.org/2001/XMLSchema-instance" xmlns="http://www.loc.gov/standards/alto/ns-v2#" xsi:schemaLocation="http://www.loc.gov/standards/alto/ns-v2# http://www.loc.gov/standards/alto/alto-v2.0.xsd" xmlns:xlink="http://www.w3.org/1999/xlink">
	<Description>
		<MeasurementUnit>mm10</MeasurementUnit>
		<sourceImageInformation>
			<fileName>//fileserver7/IN2-2/Princeton/bmtnabj/1908/11/15_01/00000607.tif</fileName>
		</sourceImageInformation>
		<OCRProcessing ID="OCRPROCESSING_1">
			<preProcessingStep>
				<processingSoftware>
					<softwareCreator>CCS Content Conversion Specialists GmbH, Germany</softwareCreator>
					<softwareName>CCS docWorks</softwareName>
					<softwareVersion>6.7-1.20</softwareVersion>
				</processingSoftware>
			</preProcessingStep>
			<ocrProcessingStep>
				<processingSoftware>
					<softwareCreator>ABBYY (BIT Software), Russia</softwareCreator>
					<softwareName>FineReader</softwareName>
					<softwareVersion>10.0</softwareVersion>
				</processingSoftware>
			</ocrProcessingStep>
		</OCRProcessing>
	</Description>
	<Styles>
		<TextStyle ID="TXT_0" FONTSIZE="14" FONTFAMILY="Times New Roman" FONTSTYLE="bold"/>
		<TextStyle ID="TXT_1" FONTSIZE="17" FONTFAMILY="Times New Roman" FONTSTYLE="bold"/>
		<TextStyle ID="TXT_2" FONTSIZE="38" FONTFAMILY="Times New Roman" FONTSTYLE="bold"/>
		<TextStyle ID="TXT_3" FONTSIZE="20" FONTFAMILY="Times New Roman"/>
		<TextStyle ID="TXT_4" FONTSIZE="15" FONTFAMILY="Times New Roman" FONTSTYLE="italics"/>
		<TextStyle ID="TXT_5" FONTSIZE="18" FONTFAMILY="Times New Roman" FONTSTYLE="bold"/>
		<TextStyle ID="TXT_6" FONTSIZE="14" FONTFAMILY="Times New Roman"/>
		<TextStyle ID="TXT_7" FONTSIZE="14" FONTFAMILY="Times New Roman" FONTSTYLE="italics"/>
		<TextStyle ID="TXT_8" FONTSIZE="11" FONTFAMILY="Times New Roman" FONTSTYLE="bold"/>
		<TextStyle ID="TXT_9" FONTSIZE="16" FONTFAMILY="Times New Roman" FONTSTYLE="bold"/>
		<ParagraphStyle ID="PAR_LEFT" ALIGN="Left"/>
		<ParagraphStyle ID="PAR_CENTER" ALIGN="Center"/>
		<ParagraphStyle ID="PAR_BLOCK" ALIGN="Block"/>
		<ParagraphStyle ID="PAR_RIGHT" ALIGN="Right"/>
	</Styles>
	<Layout>
		<Page ID="P1" PHYSICAL_IMG_NR="1" HEIGHT="3970" WIDTH="2321" PC="0.930">
			<TopMargin ID="P1_TM00001" HPOS="0" VPOS="0" WIDTH="2321" HEIGHT="237"/>
			<LeftMargin ID="P1_LM00001" HPOS="0" VPOS="237" WIDTH="139" HEIGHT="3462"/>
			<RightMargin ID="P1_RM00001" HPOS="2170" VPOS="237" WIDTH="151" HEIGHT="3462"/>
			<BottomMargin ID="P1_BM00001" HPOS="0" VPOS="3699" WIDTH="2321" HEIGHT="271"/>
			<PrintSpace ID="P1_PS00001" HPOS="139" VPOS="237" WIDTH="2031" HEIGHT="3462">
				<TextBlock ID="P1_TB00001" HPOS="229" VPOS="237" WIDTH="1797" HEIGHT="352" STYLEREFS="TXT_0 PAR_LEFT">
					<TextLine ID="P1_TL00001" HPOS="1100" VPOS="238" WIDTH="94" HEIGHT="44">
						<String ID="P1_ST00001" HPOS="1100" VPOS="238" WIDTH="94" HEIGHT="44" CONTENT="LA" WC="0.57" CC="61" STYLEREFS="TXT_1"/>
					</TextLine>
					<TextLine ID="P1_TL00002" HPOS="272" VPOS="372" WIDTH="1754" HEIGHT="101">
						<String ID="P1_ST00002" HPOS="272" VPOS="379" WIDTH="638" HEIGHT="94" CONTENT="REVUE" WC="0.96" CC="49905" STYLEREFS="TXT_2"/>
						<SP ID="P1_SP00001" HPOS="910" VPOS="473" WIDTH="142"/>
						<String ID="P1_ST00003" HPOS="1052" VPOS="372" WIDTH="974" HEIGHT="101" CONTENT="MUSICALE" WC="0.98" CC="20527434" STYLEREFS="TXT_2"/>
					</TextLine>
					<TextLine ID="P1_TL00003" HPOS="341" VPOS="540" WIDTH="1612" HEIGHT="49">
						<String ID="P1_ST00004" HPOS="341" VPOS="541" WIDTH="204" HEIGHT="48" CONTENT="(Honorée" WC="0.99" CC="06050042"/>
						<SP ID="P1_SP00002" HPOS="545" VPOS="589" WIDTH="24"/>
						<String ID="P1_ST00005" HPOS="569" VPOS="543" WIDTH="119" HEIGHT="36" CONTENT="d'une" WC="0.98" CC="02561"/>
						<SP ID="P1_SP00003" HPOS="688" VPOS="589" WIDTH="24"/>
						<String ID="P1_ST00006" HPOS="712" VPOS="543" WIDTH="284" HEIGHT="45" CONTENT="souscription" WC="0.99" CC="645045065406"/>
						<SP ID="P1_SP00004" HPOS="996" VPOS="589" WIDTH="22"/>
						<String ID="P1_ST00007" HPOS="1018" VPOS="543" WIDTH="54" HEIGHT="36" CONTENT="du" WC="0.65" CC="07"/>
						<SP ID="P1_SP00005" HPOS="1072" VPOS="589" WIDTH="23"/>
						<String ID="P1_ST00008" HPOS="1095" VPOS="543" WIDTH="219" HEIGHT="36" CONTENT="Ministère" WC="0.99" CC="545005400"/>
						<SP ID="P1_SP00006" HPOS="1314" VPOS="589" WIDTH="24"/>
						<String ID="P1_ST00009" HPOS="1338" VPOS="543" WIDTH="47" HEIGHT="36" CONTENT="de" WC="0.70" CC="05"/>
						<SP ID="P1_SP00007" HPOS="1385" VPOS="589" WIDTH="23"/>
						<String ID="P1_ST00010" HPOS="1408" VPOS="542" WIDTH="293" HEIGHT="37" CONTENT="l'lnstruction" WC="0.99" CC="4050007500230"/>
						<SP ID="P1_SP00008" HPOS="1701" VPOS="589" WIDTH="22"/>
						<String ID="P1_ST00011" HPOS="1723" VPOS="540" WIDTH="230" HEIGHT="47" CONTENT="publique.)" WC="0.98" CC="5623237446"/>
					</TextLine>
				</TextBlock>
				<TextBlock ID="P1_TB00002" HPOS="447" VPOS="1102" WIDTH="1401" HEIGHT="75" STYLEREFS="TXT_3 PAR_CENTER">
					<TextLine ID="P1_TL00004" HPOS="448" VPOS="1103" WIDTH="1400" HEIGHT="74">
						<String ID="P1_ST00012" HPOS="448" VPOS="1120" WIDTH="285" HEIGHT="55" CONTENT="COURS" WC="0.98" CC="00460"/>
						<SP ID="P1_SP00009" HPOS="733" VPOS="1175" WIDTH="49"/>
						<String ID="P1_ST00013" HPOS="782" VPOS="1118" WIDTH="113" HEIGHT="59" CONTENT="DU" WC="0.56" CC="43"/>
						<SP ID="P1_SP00010" HPOS="895" VPOS="1177" WIDTH="57"/>
						<String ID="P1_ST00014" HPOS="952" VPOS="1103" WIDTH="367" HEIGHT="74" CONTENT="COLLÈGE" WC="0.99" CC="0001305"/>
						<SP ID="P1_SP00011" HPOS="1319" VPOS="1177" WIDTH="51"/>
						<String ID="P1_ST00015" HPOS="1370" VPOS="1118" WIDTH="99" HEIGHT="57" CONTENT="DE" WC="0.72" CC="40"/>
						<SP ID="P1_SP00012" HPOS="1469" VPOS="1177" WIDTH="59"/>
						<String ID="P1_ST00016" HPOS="1528" VPOS="1116" WIDTH="320" HEIGHT="59" CONTENT="FRANCE" WC="0.98" CC="055403"/>
					</TextLine>
				</TextBlock>
				<TextBlock ID="P1_TB00003" HPOS="624" VPOS="1393" WIDTH="1038" HEIGHT="195" STYLEREFS="TXT_4 PAR_LEFT">
					<Shape>
						<Polygon POINTS="624,1393 1487,1393 1487,1497 1662,1497 1662,1588 624,1588"/>
					</Shape>
					<TextLine ID="P1_TL00005" HPOS="624" VPOS="1394" WIDTH="852" HEIGHT="53">
						<String ID="P1_ST00017" HPOS="624" VPOS="1395" WIDTH="256" HEIGHT="43" CONTENT="Histoire" WC="0.99" CC="00040072" STYLEREFS="TXT_5"/>
						<SP ID="P1_SP00013" HPOS="880" VPOS="1438" WIDTH="24"/>
						<String ID="P1_ST00018" HPOS="904" VPOS="1394" WIDTH="77" HEIGHT="43" CONTENT="du" WC="0.79" CC="40" STYLEREFS="TXT_5"/>
						<SP ID="P1_SP00014" HPOS="981" VPOS="1438" WIDTH="15"/>
						<String ID="P1_ST00019" HPOS="996" VPOS="1395" WIDTH="230" HEIGHT="43" CONTENT="théâtre" WC="0.99" CC="0602060" STYLEREFS="TXT_5"/>
						<SP ID="P1_SP00015" HPOS="1226" VPOS="1438" WIDTH="21"/>
						<String ID="P1_ST00020" HPOS="1247" VPOS="1394" WIDTH="229" HEIGHT="53" CONTENT="lyrique" WC="0.99" CC="0030440" STYLEREFS="TXT_5"/>
					</TextLine>
					<TextLine ID="P1_TL00006" HPOS="706" VPOS="1530" WIDTH="893" HEIGHT="58">
						<String ID="P1_ST00021" HPOS="706" VPOS="1534" WIDTH="60" HEIGHT="40" CONTENT="Le" WC="0.65" CC="42"/>
						<SP ID="P1_SP00016" HPOS="766" VPOS="1574" WIDTH="41"/>
						<String ID="P1_ST00022" HPOS="807" VPOS="1534" WIDTH="146" HEIGHT="40" CONTENT="drame" WC="0.98" CC="01555"/>
						<SP ID="P1_SP00017" HPOS="953" VPOS="1574" WIDTH="23"/>
						<String ID="P1_ST00023" HPOS="976" VPOS="1532" WIDTH="162" HEIGHT="56" CONTENT="lyrique" WC="1.00" CC="0000080"/>
						<SP ID="P1_SP00018" HPOS="1138" VPOS="1588" WIDTH="18"/>
						<String ID="P1_ST00024" HPOS="1156" VPOS="1532" WIDTH="95" HEIGHT="41" CONTENT="chez" WC="0.98" CC="4003"/>
						<SP ID="P1_SP00019" HPOS="1251" VPOS="1588" WIDTH="33"/>
						<String ID="P1_ST00025" HPOS="1284" VPOS="1532" WIDTH="57" HEIGHT="41" CONTENT="les" WC="0.99" CC="030"/>
						<SP ID="P1_SP00020" HPOS="1341" VPOS="1588" WIDTH="29"/>
						<String ID="P1_ST00026" HPOS="1370" VPOS="1530" WIDTH="229" HEIGHT="42" CONTENT="Romains." WC="0.99" CC="00060490"/>
					</TextLine>
				</TextBlock>
				<TextBlock ID="P1_TB00004" HPOS="139" VPOS="1641" WIDTH="2031" HEIGHT="1994" STYLEREFS="TXT_6 PAR_BLOCK">
					<TextLine ID="P1_TL00007" HPOS="199" VPOS="1642" WIDTH="1965" HEIGHT="59">
						<String ID="P1_ST00027" HPOS="199" VPOS="1648" WIDTH="142" HEIGHT="53" CONTENT="Après" WC="0.97" CC="04670"/>
						<SP ID="P1_SP00021" HPOS="341" VPOS="1701" WIDTH="24"/>
						<String ID="P1_ST00028" HPOS="365" VPOS="1648" WIDTH="63" HEIGHT="41" CONTENT="les" WC="0.98" CC="500"/>
						<SP ID="P1_SP00022" HPOS="428" VPOS="1701" WIDTH="24"/>
						<String ID="P1_ST00029" HPOS="452" VPOS="1646" WIDTH="138" HEIGHT="43" CONTENT="Grecs" WC="1.00" CC="03000"/>
						<SP ID="P1_SP00023" HPOS="590" VPOS="1701" WIDTH="23"/>
						<String ID="P1_ST00030" HPOS="613" VPOS="1647" WIDTH="54" HEIGHT="41" CONTENT="de" WC="0.88" CC="20"/>
						<SP ID="P1_SP00024" HPOS="667" VPOS="1701" WIDTH="39"/>
						<String ID="P1_ST00031" HPOS="706" VPOS="1646" WIDTH="266" HEIGHT="54" CONTENT="l'antiquité," WC="0.99" CC="330544020666"/>
						<SP ID="P1_SP00025" HPOS="972" VPOS="1701" WIDTH="104"/>
						<String ID="P1_ST00032" HPOS="1076" VPOS="1651" WIDTH="133" HEIGHT="47" CONTENT="après" WC="0.99" CC="00070"/>
						<SP ID="P1_SP00026" HPOS="1209" VPOS="1701" WIDTH="23"/>
						<String ID="P1_ST00033" HPOS="1232" VPOS="1644" WIDTH="209" HEIGHT="54" CONTENT="Eschyle," WC="0.99" CC="00066404"/>
						<SP ID="P1_SP00027" HPOS="1441" VPOS="1701" WIDTH="27"/>
						<String ID="P1_ST00034" HPOS="1468" VPOS="1642" WIDTH="241" HEIGHT="54" CONTENT="Sophocle," WC="1.00" CC="000000503"/>
						<SP ID="P1_SP00028" HPOS="1709" VPOS="1701" WIDTH="26"/>
						<String ID="P1_ST00035" HPOS="1735" VPOS="1642" WIDTH="232" HEIGHT="53" CONTENT="Euripide," WC="1.00" CC="000303104"/>
						<SP ID="P1_SP00029" HPOS="1967" VPOS="1701" WIDTH="26"/>
						<String ID="P1_ST00036" HPOS="1993" VPOS="1642" WIDTH="147" HEIGHT="40" CONTENT="Aristo" SUBS_TYPE="HypPart1" SUBS_CONTENT="Aristophane," WC="0.99" CC="005009"/>
						<HYP HPOS="2140" VPOS="1642" WIDTH="24" CONTENT="-"/>
					</TextLine>
					<TextLine ID="P1_TL00008" HPOS="145" VPOS="1709" WIDTH="2023" HEIGHT="62">
						<String ID="P1_ST00037" HPOS="145" VPOS="1719" WIDTH="163" HEIGHT="52" CONTENT="phane," SUBS_TYPE="HypPart2" SUBS_CONTENT="Aristophane," WC="0.99" CC="050500"/>
						<SP ID="P1_SP00030" HPOS="308" VPOS="1771" WIDTH="98"/>
						<String ID="P1_ST00038" HPOS="406" VPOS="1717" WIDTH="29" HEIGHT="40" CONTENT="il" WC="0.78" CC="21"/>
						<SP ID="P1_SP00031" HPOS="435" VPOS="1771" WIDTH="24"/>
						<String ID="P1_ST00039" HPOS="459" VPOS="1717" WIDTH="309" HEIGHT="41" CONTENT="conviendrait" WC="1.00" CC="000520000010"/>
						<SP ID="P1_SP00032" HPOS="768" VPOS="1771" WIDTH="26"/>
						<String ID="P1_ST00040" HPOS="794" VPOS="1719" WIDTH="218" HEIGHT="49" CONTENT="peut-être" WC="0.99" CC="003145000"/>
						<SP ID="P1_SP00033" HPOS="1012" VPOS="1771" WIDTH="20"/>
						<String ID="P1_ST00041" HPOS="1032" VPOS="1715" WIDTH="54" HEIGHT="40" CONTENT="de" WC="1.00" CC="00"/>
						<SP ID="P1_SP00034" HPOS="1086" VPOS="1771" WIDTH="24"/>
						<String ID="P1_ST00042" HPOS="1110" VPOS="1714" WIDTH="200" HEIGHT="40" CONTENT="franchir" WC="1.00" CC="00071000"/>
						<SP ID="P1_SP00035" HPOS="1310" VPOS="1771" WIDTH="25"/>
						<String ID="P1_ST00043" HPOS="1335" VPOS="1714" WIDTH="223" HEIGHT="52" CONTENT="plusieurs" WC="1.00" CC="002000300"/>
						<SP ID="P1_SP00036" HPOS="1558" VPOS="1771" WIDTH="25"/>
						<String ID="P1_ST00044" HPOS="1583" VPOS="1712" WIDTH="156" HEIGHT="42" CONTENT="siècles" WC="0.99" CC="6000400"/>
						<SP ID="P1_SP00037" HPOS="1739" VPOS="1771" WIDTH="23"/>
						<String ID="P1_ST00045" HPOS="1762" VPOS="1721" WIDTH="40" HEIGHT="32" CONTENT="et" WC="0.72" CC="05"/>
						<SP ID="P1_SP00038" HPOS="1802" VPOS="1771" WIDTH="38"/>
						<String ID="P1_ST00046" HPOS="1840" VPOS="1709" WIDTH="213" HEIGHT="43" CONTENT="d'arriver" WC="1.00" CC="040000000"/>
						<SP ID="P1_SP00039" HPOS="2053" VPOS="1771" WIDTH="21"/>
						<String ID="P1_ST00047" HPOS="2074" VPOS="1721" WIDTH="94" HEIGHT="32" CONTENT="tout" WC="0.98" CC="5005"/>
					</TextLine>
					<TextLine ID="P1_TL00009" HPOS="143" VPOS="1780" WIDTH="2024" HEIGHT="58">
						<String ID="P1_ST00048" HPOS="143" VPOS="1787" WIDTH="54" HEIGHT="40" CONTENT="de" WC="1.00" CC="00"/>
						<SP ID="P1_SP00040" HPOS="197" VPOS="1827" WIDTH="24"/>
						<String ID="P1_ST00049" HPOS="221" VPOS="1788" WIDTH="114" HEIGHT="39" CONTENT="suite" WC="0.99" CC="00350"/>
						<SP ID="P1_SP00041" HPOS="335" VPOS="1827" WIDTH="24"/>
						<String ID="P1_ST00050" HPOS="359" VPOS="1801" WIDTH="82" HEIGHT="26" CONTENT="aux" WC="1.00" CC="000"/>
						<SP ID="P1_SP00042" HPOS="441" VPOS="1827" WIDTH="26"/>
						<String ID="P1_ST00051" HPOS="467" VPOS="1790" WIDTH="217" HEIGHT="48" CONTENT="mystères" WC="0.99" CC="06140200"/>
						<SP ID="P1_SP00043" HPOS="684" VPOS="1838" WIDTH="23"/>
						<String ID="P1_ST00052" HPOS="707" VPOS="1785" WIDTH="59" HEIGHT="40" CONTENT="du" WC="1.00" CC="00"/>
						<SP ID="P1_SP00044" HPOS="766" VPOS="1838" WIDTH="22"/>
						<String ID="P1_ST00053" HPOS="788" VPOS="1797" WIDTH="159" HEIGHT="40" CONTENT="moyen" WC="0.99" CC="03007"/>
						<SP ID="P1_SP00045" HPOS="947" VPOS="1838" WIDTH="31"/>
						<String ID="P1_ST00054" HPOS="978" VPOS="1787" WIDTH="98" HEIGHT="47" CONTENT="âge," WC="0.98" CC="0704"/>
						<SP ID="P1_SP00046" HPOS="1076" VPOS="1838" WIDTH="27"/>
						<String ID="P1_ST00055" HPOS="1103" VPOS="1790" WIDTH="72" HEIGHT="41" CONTENT="où," WC="0.96" CC="181"/>
						<SP ID="P1_SP00047" HPOS="1175" VPOS="1838" WIDTH="36"/>
						<String ID="P1_ST00056" HPOS="1211" VPOS="1796" WIDTH="114" HEIGHT="39" CONTENT="pour" WC="0.98" CC="0340"/>
						<SP ID="P1_SP00048" HPOS="1325" VPOS="1838" WIDTH="29"/>
						<String ID="P1_ST00057" HPOS="1354" VPOS="1782" WIDTH="40" HEIGHT="41" CONTENT="la" WC="0.82" CC="30"/>
						<SP ID="P1_SP00049" HPOS="1394" VPOS="1838" WIDTH="36"/>
						<String ID="P1_ST00058" HPOS="1430" VPOS="1783" WIDTH="220" HEIGHT="52" CONTENT="première" WC="0.99" CC="09002005"/>
						<SP ID="P1_SP00050" HPOS="1650" VPOS="1838" WIDTH="22"/>
						<String ID="P1_ST00059" HPOS="1672" VPOS="1780" WIDTH="101" HEIGHT="50" CONTENT="fois," WC="0.99" CC="20204"/>
						<SP ID="P1_SP00051" HPOS="1773" VPOS="1838" WIDTH="29"/>
						<String ID="P1_ST00060" HPOS="1802" VPOS="1781" WIDTH="63" HEIGHT="40" CONTENT="les" WC="1.00" CC="000"/>
						<SP ID="P1_SP00052" HPOS="1865" VPOS="1838" WIDTH="24"/>
						<String ID="P1_ST00061" HPOS="1889" VPOS="1790" WIDTH="136" HEIGHT="32" CONTENT="textes" WC="0.99" CC="305300"/>
						<SP ID="P1_SP00053" HPOS="2025" VPOS="1838" WIDTH="32"/>
						<String ID="P1_ST00062" HPOS="2057" VPOS="1781" WIDTH="92" HEIGHT="40" CONTENT="litté" SUBS_TYPE="HypPart1" SUBS_CONTENT="littéraires" WC="0.99" CC="20007"/>
						<HYP HPOS="2149" VPOS="1781" WIDTH="18" CONTENT="-"/>
					</TextLine>
					<TextLine ID="P1_TL00010" HPOS="143" VPOS="1849" WIDTH="2025" HEIGHT="58">
						<String ID="P1_ST00063" HPOS="143" VPOS="1858" WIDTH="139" HEIGHT="38" CONTENT="raires" SUBS_TYPE="HypPart2" SUBS_CONTENT="littéraires" WC="1.00" CC="020300"/>
						<SP ID="P1_SP00054" HPOS="282" VPOS="1896" WIDTH="21"/>
						<String ID="P1_ST00064" HPOS="303" VPOS="1865" WIDTH="102" HEIGHT="32" CONTENT="sont" WC="0.96" CC="2870"/>
						<SP ID="P1_SP00055" HPOS="405" VPOS="1897" WIDTH="25"/>
						<String ID="P1_ST00065" HPOS="430" VPOS="1858" WIDTH="327" HEIGHT="49" CONTENT="accompagnés" WC="0.99" CC="10030009370"/>
						<SP ID="P1_SP00056" HPOS="757" VPOS="1907" WIDTH="34"/>
						<String ID="P1_ST00066" HPOS="791" VPOS="1853" WIDTH="55" HEIGHT="40" CONTENT="de" WC="1.00" CC="00"/>
						<SP ID="P1_SP00057" HPOS="846" VPOS="1907" WIDTH="21"/>
						<String ID="P1_ST00067" HPOS="867" VPOS="1853" WIDTH="216" HEIGHT="40" CONTENT="mélodies" WC="1.00" CC="00600000"/>
						<SP ID="P1_SP00058" HPOS="1083" VPOS="1907" WIDTH="36"/>
						<String ID="P1_ST00068" HPOS="1119" VPOS="1856" WIDTH="169" HEIGHT="37" CONTENT="notées." WC="1.00" CC="0000003"/>
						<SP ID="P1_SP00059" HPOS="1288" VPOS="1907" WIDTH="24"/>
						<String ID="P1_ST00069" HPOS="1312" VPOS="1851" WIDTH="50" HEIGHT="55" CONTENT="Je" WC="1.00" CC="00"/>
						<SP ID="P1_SP00060" HPOS="1362" VPOS="1907" WIDTH="19"/>
						<String ID="P1_ST00070" HPOS="1381" VPOS="1851" WIDTH="112" HEIGHT="41" CONTENT="dirai" WC="0.99" CC="01002"/>
						<SP ID="P1_SP00061" HPOS="1493" VPOS="1907" WIDTH="23"/>
						<String ID="P1_ST00071" HPOS="1516" VPOS="1851" WIDTH="248" HEIGHT="53" CONTENT="cependant" WC="1.00" CC="000000004"/>
						<SP ID="P1_SP00062" HPOS="1764" VPOS="1907" WIDTH="34"/>
						<String ID="P1_ST00072" HPOS="1798" VPOS="1849" WIDTH="218" HEIGHT="54" CONTENT="quelques" WC="0.99" CC="06010400"/>
						<SP ID="P1_SP00063" HPOS="2016" VPOS="1907" WIDTH="36"/>
						<String ID="P1_ST00073" HPOS="2052" VPOS="1859" WIDTH="116" HEIGHT="32" CONTENT="mots" WC="0.99" CC="0060"/>
					</TextLine>
					<TextLine ID="P1_TL00011" HPOS="141" VPOS="1919" WIDTH="2027" HEIGHT="56">
						<String ID="P1_ST00074" HPOS="141" VPOS="1925" WIDTH="79" HEIGHT="40" CONTENT="des" WC="1.00" CC="000"/>
						<SP ID="P1_SP00064" HPOS="220" VPOS="1965" WIDTH="25"/>
						<String ID="P1_ST00075" HPOS="245" VPOS="1924" WIDTH="238" HEIGHT="47" CONTENT="Romains," WC="0.99" CC="30000504"/>
						<SP ID="P1_SP00065" HPOS="483" VPOS="1971" WIDTH="23"/>
						<String ID="P1_ST00076" HPOS="506" VPOS="1922" WIDTH="103" HEIGHT="42" CONTENT="bien" WC="1.00" CC="0200"/>
						<SP ID="P1_SP00066" HPOS="609" VPOS="1971" WIDTH="23"/>
						<String ID="P1_ST00077" HPOS="632" VPOS="1921" WIDTH="105" HEIGHT="54" CONTENT="qu'il" WC="0.99" CC="06000"/>
						<SP ID="P1_SP00067" HPOS="737" VPOS="1975" WIDTH="18"/>
						<String ID="P1_ST00078" HPOS="755" VPOS="1921" WIDTH="171" HEIGHT="42" CONTENT="semble" WC="1.00" CC="030000"/>
						<SP ID="P1_SP00068" HPOS="926" VPOS="1975" WIDTH="23"/>
						<String ID="P1_ST00079" HPOS="949" VPOS="1921" WIDTH="242" HEIGHT="53" CONTENT="paradoxal" WC="1.00" CC="000002003"/>
						<SP ID="P1_SP00069" HPOS="1191" VPOS="1975" WIDTH="17"/>
						<String ID="P1_ST00080" HPOS="1208" VPOS="1921" WIDTH="54" HEIGHT="40" CONTENT="de" WC="1.00" CC="00"/>
						<SP ID="P1_SP00070" HPOS="1262" VPOS="1975" WIDTH="22"/>
						<String ID="P1_ST00081" HPOS="1284" VPOS="1920" WIDTH="95" HEIGHT="41" CONTENT="leur" WC="1.00" CC="0000"/>
						<SP ID="P1_SP00071" HPOS="1379" VPOS="1975" WIDTH="17"/>
						<String ID="P1_ST00082" HPOS="1396" VPOS="1921" WIDTH="174" HEIGHT="40" CONTENT="donner" WC="0.98" CC="006607"/>
						<SP ID="P1_SP00072" HPOS="1570" VPOS="1975" WIDTH="21"/>
						<String ID="P1_ST00083" HPOS="1591" VPOS="1933" WIDTH="85" HEIGHT="28" CONTENT="une" WC="1.00" CC="000"/>
						<SP ID="P1_SP00073" HPOS="1676" VPOS="1975" WIDTH="17"/>
						<String ID="P1_ST00084" HPOS="1693" VPOS="1919" WIDTH="125" HEIGHT="53" CONTENT="place" WC="1.00" CC="00000"/>
						<SP ID="P1_SP00074" HPOS="1818" VPOS="1975" WIDTH="16"/>
						<String ID="P1_ST00085" HPOS="1834" VPOS="1919" WIDTH="112" HEIGHT="40" CONTENT="dans" WC="1.00" CC="0000"/>
						<SP ID="P1_SP00075" HPOS="1946" VPOS="1975" WIDTH="24"/>
						<String ID="P1_ST00086" HPOS="1970" VPOS="1932" WIDTH="86" HEIGHT="27" CONTENT="une" WC="0.97" CC="304"/>
						<SP ID="P1_SP00076" HPOS="2056" VPOS="1975" WIDTH="23"/>
						<String ID="P1_ST00087" HPOS="2079" VPOS="1919" WIDTH="67" HEIGHT="40" CONTENT="his" SUBS_TYPE="HypPart1" SUBS_CONTENT="histoire" WC="1.00" CC="020"/>
						<HYP HPOS="2146" VPOS="1919" WIDTH="22" CONTENT="-"/>
					</TextLine>
					<TextLine ID="P1_TL00012" HPOS="144" VPOS="1993" WIDTH="608" HEIGHT="53">
						<String ID="P1_ST00088" HPOS="144" VPOS="1995" WIDTH="109" HEIGHT="40" CONTENT="toire" SUBS_TYPE="HypPart2" SUBS_CONTENT="histoire" WC="0.98" CC="50600"/>
						<SP ID="P1_SP00077" HPOS="253" VPOS="2035" WIDTH="24"/>
						<String ID="P1_ST00089" HPOS="277" VPOS="1994" WIDTH="58" HEIGHT="40" CONTENT="du" WC="0.72" CC="05"/>
						<SP ID="P1_SP00078" HPOS="335" VPOS="2035" WIDTH="26"/>
						<String ID="P1_ST00090" HPOS="361" VPOS="1994" WIDTH="171" HEIGHT="40" CONTENT="théâtre" WC="1.00" CC="0000050"/>
						<SP ID="P1_SP00079" HPOS="532" VPOS="2035" WIDTH="30"/>
						<String ID="P1_ST00091" HPOS="562" VPOS="1993" WIDTH="190" HEIGHT="53" CONTENT="lyrique." WC="1.00" CC="30020004"/>
					</TextLine>
					<TextLine ID="P1_TL00013" HPOS="199" VPOS="2056" WIDTH="1969" HEIGHT="57">
						<String ID="P1_ST00092" HPOS="199" VPOS="2060" WIDTH="141" HEIGHT="43" CONTENT="D'une" WC="0.98" CC="44060"/>
						<SP ID="P1_SP00080" HPOS="340" VPOS="2103" WIDTH="23"/>
						<String ID="P1_ST00093" HPOS="363" VPOS="2062" WIDTH="130" HEIGHT="51" CONTENT="façon" WC="1.00" CC="00100"/>
						<SP ID="P1_SP00081" HPOS="493" VPOS="2113" WIDTH="35"/>
						<String ID="P1_ST00094" HPOS="528" VPOS="2062" WIDTH="226" HEIGHT="51" CONTENT="générale," WC="1.00" CC="000000304"/>
						<SP ID="P1_SP00082" HPOS="754" VPOS="2113" WIDTH="43"/>
						<String ID="P1_ST00095" HPOS="797" VPOS="2061" WIDTH="63" HEIGHT="41" CONTENT="les" WC="1.00" CC="100"/>
						<SP ID="P1_SP00083" HPOS="860" VPOS="2113" WIDTH="40"/>
						<String ID="P1_ST00096" HPOS="900" VPOS="2060" WIDTH="220" HEIGHT="42" CONTENT="Romains" WC="0.99" CC="1209500"/>
						<SP ID="P1_SP00084" HPOS="1120" VPOS="2113" WIDTH="43"/>
						<String ID="P1_ST00097" HPOS="1163" VPOS="2067" WIDTH="76" HEIGHT="33" CONTENT="ont" WC="1.00" CC="000"/>
						<SP ID="P1_SP00085" HPOS="1239" VPOS="2113" WIDTH="37"/>
						<String ID="P1_ST00098" HPOS="1276" VPOS="2060" WIDTH="125" HEIGHT="39" CONTENT="imité" WC="0.99" CC="00006"/>
						<SP ID="P1_SP00086" HPOS="1401" VPOS="2113" WIDTH="38"/>
						<String ID="P1_ST00099" HPOS="1439" VPOS="2067" WIDTH="42" HEIGHT="32" CONTENT="et" WC="0.81" CC="03"/>
						<SP ID="P1_SP00087" HPOS="1481" VPOS="2113" WIDTH="41"/>
						<String ID="P1_ST00100" HPOS="1522" VPOS="2060" WIDTH="209" HEIGHT="40" CONTENT="continué" WC="1.00" CC="00011040"/>
						<SP ID="P1_SP00088" HPOS="1731" VPOS="2113" WIDTH="41"/>
						<String ID="P1_ST00101" HPOS="1772" VPOS="2056" WIDTH="316" HEIGHT="53" CONTENT="gauchement," WC="1.00" CC="00000000724"/>
						<SP ID="P1_SP00089" HPOS="2088" VPOS="2113" WIDTH="25"/>
						<String ID="P1_ST00102" HPOS="2113" VPOS="2070" WIDTH="55" HEIGHT="27" CONTENT="en" WC="0.80" CC="30"/>
					</TextLine>
					<TextLine ID="P1_TL00014" HPOS="140" VPOS="2126" WIDTH="2026" HEIGHT="56">
						<String ID="P1_ST00103" HPOS="140" VPOS="2129" WIDTH="348" HEIGHT="49" CONTENT="l'affaiblissant," WC="1.00" CC="3433303003003000"/>
						<SP ID="P1_SP00090" HPOS="488" VPOS="2178" WIDTH="26"/>
						<String ID="P1_ST00104" HPOS="514" VPOS="2131" WIDTH="98" HEIGHT="40" CONTENT="l'art" WC="0.99" CC="23004"/>
						<SP ID="P1_SP00091" HPOS="612" VPOS="2178" WIDTH="23"/>
						<String ID="P1_ST00105" HPOS="635" VPOS="2131" WIDTH="286" HEIGHT="51" CONTENT="dramatique" WC="0.99" CC="0006403040"/>
						<SP ID="P1_SP00092" HPOS="921" VPOS="2182" WIDTH="23"/>
						<String ID="P1_ST00106" HPOS="944" VPOS="2129" WIDTH="78" HEIGHT="40" CONTENT="des" WC="1.00" CC="000"/>
						<SP ID="P1_SP00093" HPOS="1022" VPOS="2182" WIDTH="42"/>
						<String ID="P1_ST00107" HPOS="1064" VPOS="2126" WIDTH="165" HEIGHT="50" CONTENT="Grecs;" WC="0.99" CC="000007"/>
						<SP ID="P1_SP00094" HPOS="1229" VPOS="2182" WIDTH="42"/>
						<String ID="P1_ST00108" HPOS="1271" VPOS="2129" WIDTH="100" HEIGHT="51" CONTENT="puis" WC="0.99" CC="0030"/>
						<SP ID="P1_SP00095" HPOS="1371" VPOS="2182" WIDTH="23"/>
						<String ID="P1_ST00109" HPOS="1394" VPOS="2127" WIDTH="55" HEIGHT="40" CONTENT="ils" WC="0.99" CC="010"/>
						<SP ID="P1_SP00096" HPOS="1449" VPOS="2182" WIDTH="23"/>
						<String ID="P1_ST00110" HPOS="1472" VPOS="2126" WIDTH="107" HEIGHT="42" CONTENT="l'ont" WC="0.98" CC="03473"/>
						<SP ID="P1_SP00097" HPOS="1579" VPOS="2182" WIDTH="20"/>
						<String ID="P1_ST00111" HPOS="1599" VPOS="2126" WIDTH="94" HEIGHT="50" CONTENT=".fait" WC="0.99" CC="60003"/>
						<SP ID="P1_SP00098" HPOS="1693" VPOS="2182" WIDTH="42"/>
						<String ID="P1_ST00112" HPOS="1735" VPOS="2126" WIDTH="183" HEIGHT="41" CONTENT="évoluer" WC="0.99" CC="0005200"/>
						<SP ID="P1_SP00099" HPOS="1918" VPOS="2182" WIDTH="34"/>
						<String ID="P1_ST00113" HPOS="1952" VPOS="2126" WIDTH="113" HEIGHT="40" CONTENT="dans" WC="0.99" CC="0050"/>
						<SP ID="P1_SP00100" HPOS="2065" VPOS="2182" WIDTH="42"/>
						<String ID="P1_ST00114" HPOS="2107" VPOS="2140" WIDTH="59" HEIGHT="26" CONTENT="un" WC="0.83" CC="30"/>
					</TextLine>
					<TextLine ID="P1_TL00015" HPOS="143" VPOS="2192" WIDTH="2025" HEIGHT="61">
						<String ID="P1_ST00115" HPOS="143" VPOS="2215" WIDTH="103" HEIGHT="27" CONTENT="sens" WC="0.99" CC="5000"/>
						<SP ID="P1_SP00101" HPOS="246" VPOS="2242" WIDTH="25"/>
						<String ID="P1_ST00116" HPOS="271" VPOS="2206" WIDTH="87" HEIGHT="36" CONTENT="très" WC="0.98" CC="0070"/>
						<SP ID="P1_SP00102" HPOS="358" VPOS="2242" WIDTH="41"/>
						<String ID="P1_ST00117" HPOS="399" VPOS="2214" WIDTH="87" HEIGHT="39" CONTENT="peu" WC="0.98" CC="033"/>
						<SP ID="P1_SP00103" HPOS="486" VPOS="2253" WIDTH="33"/>
						<String ID="P1_ST00118" HPOS="519" VPOS="2201" WIDTH="252" HEIGHT="51" CONTENT="artistique," WC="0.99" CC="17610910012"/>
						<SP ID="P1_SP00104" HPOS="771" VPOS="2253" WIDTH="36"/>
						<String ID="P1_ST00119" HPOS="807" VPOS="2197" WIDTH="284" HEIGHT="42" CONTENT="aboutissant" WC="1.00" CC="00005300070"/>
						<SP ID="P1_SP00105" HPOS="1091" VPOS="2253" WIDTH="21"/>
						<String ID="P1_ST00120" HPOS="1112" VPOS="2211" WIDTH="55" HEIGHT="26" CONTENT="au" WC="1.00" CC="00"/>
						<SP ID="P1_SP00106" HPOS="1167" VPOS="2253" WIDTH="40"/>
						<String ID="P1_ST00121" HPOS="1207" VPOS="2197" WIDTH="125" HEIGHT="52" CONTENT="point" WC="0.99" CC="00060"/>
						<SP ID="P1_SP00107" HPOS="1332" VPOS="2253" WIDTH="43"/>
						<String ID="P1_ST00122" HPOS="1375" VPOS="2197" WIDTH="217" HEIGHT="40" CONTENT="terminus" WC="1.00" CC="10000034"/>
						<SP ID="P1_SP00108" HPOS="1592" VPOS="2253" WIDTH="37"/>
						<String ID="P1_ST00123" HPOS="1629" VPOS="2195" WIDTH="132" HEIGHT="41" CONTENT="d'une" WC="0.99" CC="04050"/>
						<SP ID="P1_SP00109" HPOS="1761" VPOS="2253" WIDTH="22"/>
						<String ID="P1_ST00124" HPOS="1783" VPOS="2195" WIDTH="268" HEIGHT="41" CONTENT="décadence." WC="0.99" CC="0606006004"/>
						<SP ID="P1_SP00110" HPOS="2051" VPOS="2253" WIDTH="51"/>
						<String ID="P1_ST00125" HPOS="2102" VPOS="2192" WIDTH="66" HEIGHT="42" CONTENT="En" WC="0.83" CC="30"/>
					</TextLine>
					<TextLine ID="P1_TL00016" HPOS="141" VPOS="2264" WIDTH="2024" HEIGHT="59">
						<String ID="P1_ST00126" HPOS="141" VPOS="2283" WIDTH="267" HEIGHT="40" CONTENT="apparence," WC="1.00" CC="0000000000"/>
						<SP ID="P1_SP00111" HPOS="408" VPOS="2323" WIDTH="23"/>
						<String ID="P1_ST00127" HPOS="431" VPOS="2269" WIDTH="55" HEIGHT="40" CONTENT="ils" WC="0.98" CC="140"/>
						<SP ID="P1_SP00112" HPOS="486" VPOS="2323" WIDTH="22"/>
						<String ID="P1_ST00128" HPOS="508" VPOS="2277" WIDTH="164" HEIGHT="33" CONTENT="restent" WC="0.99" CC="0086001"/>
						<SP ID="P1_SP00113" HPOS="672" VPOS="2323" WIDTH="18"/>
						<String ID="P1_ST00129" HPOS="690" VPOS="2265" WIDTH="186" HEIGHT="44" CONTENT="d'abord" WC="1.00" CC="0020000"/>
						<SP ID="P1_SP00114" HPOS="876" VPOS="2323" WIDTH="28"/>
						<String ID="P1_ST00130" HPOS="904" VPOS="2264" WIDTH="172" HEIGHT="49" CONTENT="fidèles," WC="0.99" CC="33070000"/>
						<SP ID="P1_SP00115" HPOS="1076" VPOS="2323" WIDTH="29"/>
						<String ID="P1_ST00131" HPOS="1105" VPOS="2279" WIDTH="76" HEIGHT="28" CONTENT="sur" WC="0.99" CC="030"/>
						<SP ID="P1_SP00116" HPOS="1181" VPOS="2323" WIDTH="23"/>
						<String ID="P1_ST00132" HPOS="1204" VPOS="2265" WIDTH="63" HEIGHT="40" CONTENT="les" WC="0.98" CC="400"/>
						<SP ID="P1_SP00117" HPOS="1267" VPOS="2323" WIDTH="22"/>
						<String ID="P1_ST00133" HPOS="1289" VPOS="2267" WIDTH="149" HEIGHT="50" CONTENT="points" WC="0.98" CC="004650"/>
						<SP ID="P1_SP00118" HPOS="1438" VPOS="2323" WIDTH="23"/>
						<String ID="P1_ST00134" HPOS="1461" VPOS="2264" WIDTH="250" HEIGHT="48" CONTENT="essentiels," WC="1.00" CC="50000500401"/>
						<SP ID="P1_SP00119" HPOS="1711" VPOS="2323" WIDTH="22"/>
						<String ID="P1_ST00135" HPOS="1733" VPOS="2279" WIDTH="56" HEIGHT="26" CONTENT="au" WC="0.82" CC="03"/>
						<SP ID="P1_SP00120" HPOS="1789" VPOS="2323" WIDTH="21"/>
						<String ID="P1_ST00136" HPOS="1810" VPOS="2268" WIDTH="195" HEIGHT="49" CONTENT="système" WC="1.00" CC="0000000"/>
						<SP ID="P1_SP00121" HPOS="2005" VPOS="2323" WIDTH="23"/>
						<String ID="P1_ST00137" HPOS="2028" VPOS="2276" WIDTH="103" HEIGHT="38" CONTENT="grec" WC="1.00" CC="0000"/>
						<SP ID="P1_SP00122" HPOS="2131" VPOS="2323" WIDTH="26"/>
						<String ID="P1_ST00138" HPOS="2157" VPOS="2276" WIDTH="8" HEIGHT="26" CONTENT=":" WC="0.56" CC="4"/>
					</TextLine>
					<TextLine ID="P1_TL00017" HPOS="141" VPOS="2330" WIDTH="2027" HEIGHT="59">
						<String ID="P1_ST00139" HPOS="141" VPOS="2348" WIDTH="41" HEIGHT="32" CONTENT="et" WC="0.68" CC="06"/>
						<SP ID="P1_SP00123" HPOS="182" VPOS="2380" WIDTH="24"/>
						<String ID="P1_ST00140" HPOS="206" VPOS="2339" WIDTH="40" HEIGHT="40" CONTENT="là" WC="0.95" CC="00"/>
						<SP ID="P1_SP00124" HPOS="246" VPOS="2380" WIDTH="26"/>
						<String ID="P1_ST00141" HPOS="272" VPOS="2345" WIDTH="57" HEIGHT="35" CONTENT="où" WC="0.64" CC="07"/>
						<SP ID="P1_SP00125" HPOS="329" VPOS="2380" WIDTH="23"/>
						<String ID="P1_ST00142" HPOS="352" VPOS="2338" WIDTH="55" HEIGHT="41" CONTENT="ils" WC="0.99" CC="020"/>
						<SP ID="P1_SP00126" HPOS="407" VPOS="2380" WIDTH="25"/>
						<String ID="P1_ST00143" HPOS="432" VPOS="2339" WIDTH="201" HEIGHT="50" CONTENT="agissent" WC="1.00" CC="00000050"/>
						<SP ID="P1_SP00127" HPOS="633" VPOS="2389" WIDTH="23"/>
						<String ID="P1_ST00144" HPOS="656" VPOS="2336" WIDTH="54" HEIGHT="41" CONTENT="de" WC="1.00" CC="00"/>
						<SP ID="P1_SP00128" HPOS="710" VPOS="2389" WIDTH="23"/>
						<String ID="P1_ST00145" HPOS="733" VPOS="2336" WIDTH="130" HEIGHT="50" CONTENT="façon" WC="1.00" CC="00200"/>
						<SP ID="P1_SP00129" HPOS="863" VPOS="2389" WIDTH="25"/>
						<String ID="P1_ST00146" HPOS="888" VPOS="2335" WIDTH="238" HEIGHT="51" CONTENT="originale," WC="1.00" CC="0010300004"/>
						<SP ID="P1_SP00130" HPOS="1126" VPOS="2389" WIDTH="24"/>
						<String ID="P1_ST00147" HPOS="1150" VPOS="2334" WIDTH="142" HEIGHT="41" CONTENT="ilsont" WC="0.83" CC="410004"/>
						<SP ID="P1_SP00131" HPOS="1292" VPOS="2389" WIDTH="20"/>
						<String ID="P1_ST00148" HPOS="1312" VPOS="2333" WIDTH="77" HEIGHT="41" CONTENT="des" WC="1.00" CC="000"/>
						<SP ID="P1_SP00132" HPOS="1389" VPOS="2389" WIDTH="23"/>
						<String ID="P1_ST00149" HPOS="1412" VPOS="2347" WIDTH="165" HEIGHT="37" CONTENT="usages" WC="1.00" CC="300000"/>
						<SP ID="P1_SP00133" HPOS="1577" VPOS="2389" WIDTH="16"/>
						<String ID="P1_ST00150" HPOS="1593" VPOS="2346" WIDTH="123" HEIGHT="28" CONTENT="assez" WC="1.00" CC="00000"/>
						<SP ID="P1_SP00134" HPOS="1716" VPOS="2389" WIDTH="22"/>
						<String ID="P1_ST00151" HPOS="1738" VPOS="2330" WIDTH="254" HEIGHT="43" CONTENT="conformes" WC="1.00" CC="003000002"/>
						<SP ID="P1_SP00135" HPOS="1992" VPOS="2389" WIDTH="24"/>
						<String ID="P1_ST00152" HPOS="2016" VPOS="2335" WIDTH="20" HEIGHT="36" CONTENT="à" WC="0.98" CC="0"/>
						<SP ID="P1_SP00136" HPOS="2036" VPOS="2389" WIDTH="26"/>
						<String ID="P1_ST00153" HPOS="2062" VPOS="2344" WIDTH="106" HEIGHT="27" CONTENT="ceux" WC="0.99" CC="0050"/>
					</TextLine>
					<TextLine ID="P1_TL00018" HPOS="141" VPOS="2401" WIDTH="2027" HEIGHT="60">
						<String ID="P1_ST00154" HPOS="141" VPOS="2409" WIDTH="110" HEIGHT="41" CONTENT="dont" WC="0.98" CC="0061"/>
						<SP ID="P1_SP00137" HPOS="251" VPOS="2450" WIDTH="16"/>
						<String ID="P1_ST00155" HPOS="267" VPOS="2408" WIDTH="72" HEIGHT="53" CONTENT="j'ai" WC="0.98" CC="0304"/>
						<SP ID="P1_SP00138" HPOS="339" VPOS="2461" WIDTH="23"/>
						<String ID="P1_ST00156" HPOS="362" VPOS="2408" WIDTH="152" HEIGHT="40" CONTENT="donné" WC="0.99" CC="00006"/>
						<SP ID="P1_SP00139" HPOS="514" VPOS="2461" WIDTH="17"/>
						<String ID="P1_ST00157" HPOS="531" VPOS="2407" WIDTH="39" HEIGHT="41" CONTENT="le" WC="0.73" CC="50"/>
						<SP ID="P1_SP00140" HPOS="570" VPOS="2461" WIDTH="20"/>
						<String ID="P1_ST00158" HPOS="590" VPOS="2406" WIDTH="151" HEIGHT="41" CONTENT="détail." WC="0.99" CC="0050003"/>
						<SP ID="P1_SP00141" HPOS="741" VPOS="2461" WIDTH="18"/>
						<String ID="P1_ST00159" HPOS="759" VPOS="2405" WIDTH="110" HEIGHT="41" CONTENT="Très" WC="0.98" CC="0070"/>
						<SP ID="P1_SP00142" HPOS="869" VPOS="2461" WIDTH="21"/>
						<String ID="P1_ST00160" HPOS="890" VPOS="2406" WIDTH="112" HEIGHT="39" CONTENT="amis" WC="1.00" CC="0000"/>
						<SP ID="P1_SP00143" HPOS="1002" VPOS="2461" WIDTH="18"/>
						<String ID="P1_ST00161" HPOS="1020" VPOS="2404" WIDTH="77" HEIGHT="40" CONTENT="des" WC="1.00" CC="000"/>
						<SP ID="P1_SP00144" HPOS="1097" VPOS="2461" WIDTH="17"/>
						<String ID="P1_ST00162" HPOS="1114" VPOS="2403" WIDTH="259" HEIGHT="53" CONTENT="spectacles," WC="1.00" CC="00062011014"/>
						<SP ID="P1_SP00145" HPOS="1373" VPOS="2461" WIDTH="15"/>
						<String ID="P1_ST00163" HPOS="1388" VPOS="2416" WIDTH="173" HEIGHT="27" CONTENT="comme" WC="1.00" CC="00000"/>
						<SP ID="P1_SP00146" HPOS="1561" VPOS="2461" WIDTH="19"/>
						<String ID="P1_ST00164" HPOS="1580" VPOS="2401" WIDTH="517" HEIGHT="48" CONTENT="touslesMéridionaux," WC="0.82" CC="5030700060000200304"/>
						<SP ID="P1_SP00147" HPOS="2097" VPOS="2461" WIDTH="16"/>
						<String ID="P1_ST00165" HPOS="2113" VPOS="2401" WIDTH="55" HEIGHT="38" CONTENT="ils" WC="0.98" CC="300"/>
					</TextLine>
					<TextLine ID="P1_TL00019" HPOS="143" VPOS="2470" WIDTH="2026" HEIGHT="58">
						<String ID="P1_ST00166" HPOS="143" VPOS="2491" WIDTH="53" HEIGHT="28" CONTENT="ne" WC="0.67" CC="60"/>
						<SP ID="P1_SP00148" HPOS="196" VPOS="2519" WIDTH="24"/>
						<String ID="P1_ST00167" HPOS="220" VPOS="2478" WIDTH="264" HEIGHT="50" CONTENT="conçoivent" WC="1.00" CC="0000010000"/>
						<SP ID="P1_SP00149" HPOS="484" VPOS="2528" WIDTH="17"/>
						<String ID="P1_ST00168" HPOS="501" VPOS="2489" WIDTH="80" HEIGHT="39" CONTENT="pas" WC="0.97" CC="052"/>
						<SP ID="P1_SP00150" HPOS="581" VPOS="2528" WIDTH="24"/>
						<String ID="P1_ST00169" HPOS="605" VPOS="2476" WIDTH="39" HEIGHT="40" CONTENT="le" WC="1.00" CC="00"/>
						<SP ID="P1_SP00151" HPOS="644" VPOS="2528" WIDTH="21"/>
						<String ID="P1_ST00170" HPOS="665" VPOS="2476" WIDTH="155" HEIGHT="40" CONTENT="drame" WC="1.00" CC="00000"/>
						<SP ID="P1_SP00152" HPOS="820" VPOS="2528" WIDTH="25"/>
						<String ID="P1_ST00171" HPOS="845" VPOS="2487" WIDTH="107" HEIGHT="27" CONTENT="sans" WC="1.00" CC="0001"/>
						<SP ID="P1_SP00153" HPOS="952" VPOS="2528" WIDTH="21"/>
						<String ID="P1_ST00172" HPOS="973" VPOS="2488" WIDTH="59" HEIGHT="26" CONTENT="un" WC="1.00" CC="00"/>
						<SP ID="P1_SP00154" HPOS="1032" VPOS="2528" WIDTH="14"/>
						<String ID="P1_ST00173" HPOS="1046" VPOS="2473" WIDTH="193" HEIGHT="41" CONTENT="élément" WC="1.00" CC="0200004"/>
						<SP ID="P1_SP00155" HPOS="1239" VPOS="2528" WIDTH="18"/>
						<String ID="P1_ST00174" HPOS="1257" VPOS="2472" WIDTH="203" HEIGHT="48" CONTENT="musical," WC="0.99" CC="30300040"/>
						<SP ID="P1_SP00156" HPOS="1460" VPOS="2528" WIDTH="23"/>
						<String ID="P1_ST00175" HPOS="1483" VPOS="2472" WIDTH="102" HEIGHT="52" CONTENT="plus" WC="1.00" CC="0020"/>
						<SP ID="P1_SP00157" HPOS="1585" VPOS="2528" WIDTH="21"/>
						<String ID="P1_ST00176" HPOS="1606" VPOS="2484" WIDTH="56" HEIGHT="28" CONTENT="ou" WC="1.00" CC="00"/>
						<SP ID="P1_SP00158" HPOS="1662" VPOS="2528" WIDTH="17"/>
						<String ID="P1_ST00177" HPOS="1679" VPOS="2472" WIDTH="146" HEIGHT="40" CONTENT="moins" WC="0.99" CC="00050"/>
						<SP ID="P1_SP00159" HPOS="1825" VPOS="2528" WIDTH="21"/>
						<String ID="P1_ST00178" HPOS="1846" VPOS="2472" WIDTH="190" HEIGHT="45" CONTENT="sérieux," WC="1.00" CC="00020102"/>
						<SP ID="P1_SP00160" HPOS="2036" VPOS="2528" WIDTH="19"/>
						<String ID="P1_ST00179" HPOS="2055" VPOS="2470" WIDTH="114" HEIGHT="39" CONTENT="mais" WC="0.98" CC="0720"/>
					</TextLine>
					<TextLine ID="P1_TL00020" HPOS="141" VPOS="2537" WIDTH="2026" HEIGHT="62">
						<String ID="P1_ST00180" HPOS="141" VPOS="2547" WIDTH="203" HEIGHT="52" CONTENT="toujours" WC="1.00" CC="00000001"/>
						<SP ID="P1_SP00161" HPOS="344" VPOS="2599" WIDTH="22"/>
						<String ID="P1_ST00181" HPOS="366" VPOS="2545" WIDTH="105" HEIGHT="42" CONTENT="réel." WC="0.99" CC="60004"/>
						<SP ID="P1_SP00162" HPOS="471" VPOS="2599" WIDTH="26"/>
						<String ID="P1_ST00182" HPOS="497" VPOS="2544" WIDTH="58" HEIGHT="41" CONTENT="Ils" WC="0.98" CC="040"/>
						<SP ID="P1_SP00163" HPOS="555" VPOS="2599" WIDTH="24"/>
						<String ID="P1_ST00183" HPOS="579" VPOS="2545" WIDTH="61" HEIGHT="40" CONTENT="lui" WC="0.98" CC="004"/>
						<SP ID="P1_SP00164" HPOS="640" VPOS="2599" WIDTH="25"/>
						<String ID="P1_ST00184" HPOS="665" VPOS="2552" WIDTH="267" HEIGHT="33" CONTENT="conservent" WC="0.99" CC="0070000164"/>
						<SP ID="P1_SP00165" HPOS="932" VPOS="2599" WIDTH="36"/>
						<String ID="P1_ST00185" HPOS="968" VPOS="2555" WIDTH="82" HEIGHT="27" CONTENT="son" WC="0.99" CC="020"/>
						<SP ID="P1_SP00166" HPOS="1050" VPOS="2599" WIDTH="31"/>
						<String ID="P1_ST00186" HPOS="1081" VPOS="2547" WIDTH="222" HEIGHT="35" CONTENT="caractère" WC="1.00" CC="000014700"/>
						<SP ID="P1_SP00167" HPOS="1303" VPOS="2599" WIDTH="30"/>
						<String ID="P1_ST00187" HPOS="1333" VPOS="2540" WIDTH="136" HEIGHT="42" CONTENT="social" WC="1.00" CC="030000"/>
						<SP ID="P1_SP00168" HPOS="1469" VPOS="2599" WIDTH="24"/>
						<String ID="P1_ST00188" HPOS="1493" VPOS="2554" WIDTH="54" HEIGHT="27" CONTENT="en" WC="1.00" CC="00"/>
						<SP ID="P1_SP00169" HPOS="1547" VPOS="2599" WIDTH="28"/>
						<String ID="P1_ST00189" HPOS="1575" VPOS="2540" WIDTH="229" HEIGHT="41" CONTENT="l'insérant" WC="0.99" CC="4400060005"/>
						<SP ID="P1_SP00170" HPOS="1804" VPOS="2599" WIDTH="34"/>
						<String ID="P1_ST00190" HPOS="1838" VPOS="2540" WIDTH="112" HEIGHT="40" CONTENT="dans" WC="0.99" CC="0400"/>
						<SP ID="P1_SP00171" HPOS="1950" VPOS="2599" WIDTH="24"/>
						<String ID="P1_ST00191" HPOS="1974" VPOS="2539" WIDTH="63" HEIGHT="39" CONTENT="les" WC="1.00" CC="000"/>
						<SP ID="P1_SP00172" HPOS="2037" VPOS="2599" WIDTH="21"/>
						<String ID="P1_ST00192" HPOS="2058" VPOS="2537" WIDTH="109" HEIGHT="41" CONTENT="fêtes" WC="0.98" CC="05501"/>
					</TextLine>
					<TextLine ID="P1_TL00021" HPOS="143" VPOS="2608" WIDTH="2023" HEIGHT="60">
						<String ID="P1_ST00193" HPOS="143" VPOS="2625" WIDTH="41" HEIGHT="32" CONTENT="et" WC="0.71" CC="05"/>
						<SP ID="P1_SP00173" HPOS="184" VPOS="2657" WIDTH="25"/>
						<String ID="P1_ST00194" HPOS="209" VPOS="2616" WIDTH="62" HEIGHT="41" CONTENT="les" WC="0.99" CC="020"/>
						<SP ID="P1_SP00174" HPOS="271" VPOS="2657" WIDTH="37"/>
						<String ID="P1_ST00195" HPOS="308" VPOS="2616" WIDTH="99" HEIGHT="52" CONTENT="jeux" WC="0.99" CC="0040"/>
						<SP ID="P1_SP00175" HPOS="407" VPOS="2668" WIDTH="35"/>
						<String ID="P1_ST00196" HPOS="442" VPOS="2613" WIDTH="132" HEIGHT="52" CONTENT="(ludi)" WC="0.77" CC="702003" STYLEREFS="TXT_7"/>
						<SP ID="P1_SP00176" HPOS="574" VPOS="2668" WIDTH="44"/>
						<String ID="P1_ST00197" HPOS="618" VPOS="2615" WIDTH="77" HEIGHT="52" CONTENT="qui" WC="0.98" CC="006"/>
						<SP ID="P1_SP00177" HPOS="695" VPOS="2668" WIDTH="41"/>
						<String ID="P1_ST00198" HPOS="736" VPOS="2620" WIDTH="353" HEIGHT="45" CONTENT="accompagnent" WC="0.99" CC="702500003063"/>
						<SP ID="P1_SP00178" HPOS="1089" VPOS="2668" WIDTH="42"/>
						<String ID="P1_ST00199" HPOS="1131" VPOS="2624" WIDTH="87" HEIGHT="27" CONTENT="une" WC="0.97" CC="501"/>
						<SP ID="P1_SP00179" HPOS="1218" VPOS="2668" WIDTH="37"/>
						<String ID="P1_ST00200" HPOS="1255" VPOS="2610" WIDTH="220" HEIGHT="40" CONTENT="solennité" WC="0.99" CC="002000057"/>
						<SP ID="P1_SP00180" HPOS="1475" VPOS="2668" WIDTH="20"/>
						<String ID="P1_ST00201" HPOS="1495" VPOS="2610" WIDTH="238" HEIGHT="50" CONTENT="religieuse" WC="0.99" CC="1130050502"/>
						<SP ID="P1_SP00181" HPOS="1733" VPOS="2668" WIDTH="19"/>
						<String ID="P1_ST00202" HPOS="1752" VPOS="2622" WIDTH="10" HEIGHT="36" CONTENT=";" WC="0.74" CC="2"/>
						<SP ID="P1_SP00182" HPOS="1762" VPOS="2668" WIDTH="42"/>
						<String ID="P1_ST00203" HPOS="1804" VPOS="2608" WIDTH="54" HEIGHT="42" CONTENT="ils" WC="1.00" CC="000"/>
						<SP ID="P1_SP00183" HPOS="1858" VPOS="2668" WIDTH="35"/>
						<String ID="P1_ST00204" HPOS="1893" VPOS="2617" WIDTH="75" HEIGHT="33" CONTENT="ont" WC="0.96" CC="053"/>
						<SP ID="P1_SP00184" HPOS="1968" VPOS="2668" WIDTH="24"/>
						<String ID="P1_ST00205" HPOS="1992" VPOS="2620" WIDTH="174" HEIGHT="35" CONTENT="encore," WC="0.99" CC="0033020"/>
					</TextLine>
					<TextLine ID="P1_TL00022" HPOS="143" VPOS="2676" WIDTH="2027" HEIGHT="61">
						<String ID="P1_ST00206" HPOS="143" VPOS="2698" WIDTH="54" HEIGHT="28" CONTENT="en" WC="0.89" CC="20"/>
						<SP ID="P1_SP00185" HPOS="197" VPOS="2726" WIDTH="23"/>
						<String ID="P1_ST00207" HPOS="220" VPOS="2684" WIDTH="151" HEIGHT="41" CONTENT="bonne" WC="0.99" CC="70000"/>
						<SP ID="P1_SP00186" HPOS="371" VPOS="2726" WIDTH="23"/>
						<String ID="P1_ST00208" HPOS="394" VPOS="2683" WIDTH="140" HEIGHT="54" CONTENT="place," WC="0.99" CC="000024"/>
						<SP ID="P1_SP00187" HPOS="534" VPOS="2737" WIDTH="21"/>
						<String ID="P1_ST00209" HPOS="555" VPOS="2683" WIDTH="114" HEIGHT="41" CONTENT="dans" WC="1.00" CC="0000"/>
						<SP ID="P1_SP00188" HPOS="669" VPOS="2737" WIDTH="24"/>
						<String ID="P1_ST00210" HPOS="693" VPOS="2683" WIDTH="95" HEIGHT="40" CONTENT="leur" WC="0.99" CC="0030"/>
						<SP ID="P1_SP00189" HPOS="788" VPOS="2737" WIDTH="20"/>
						<String ID="P1_ST00211" HPOS="808" VPOS="2682" WIDTH="188" HEIGHT="48" CONTENT="théâtre," WC="1.00" CC="10003004"/>
						<SP ID="P1_SP00190" HPOS="996" VPOS="2737" WIDTH="22"/>
						<String ID="P1_ST00212" HPOS="1018" VPOS="2679" WIDTH="181" HEIGHT="51" CONTENT="l'image" WC="1.00" CC="2000201"/>
						<SP ID="P1_SP00191" HPOS="1199" VPOS="2737" WIDTH="23"/>
						<String ID="P1_ST00213" HPOS="1222" VPOS="2679" WIDTH="54" HEIGHT="40" CONTENT="de" WC="1.00" CC="00"/>
						<SP ID="P1_SP00192" HPOS="1276" VPOS="2737" WIDTH="19"/>
						<String ID="P1_ST00214" HPOS="1295" VPOS="2678" WIDTH="242" HEIGHT="53" CONTENT="Dionysos," WC="0.99" CC="040600004"/>
						<SP ID="P1_SP00193" HPOS="1537" VPOS="2737" WIDTH="35"/>
						<String ID="P1_ST00215" HPOS="1572" VPOS="2681" WIDTH="114" HEIGHT="38" CONTENT="mais" WC="0.99" CC="0030"/>
						<SP ID="P1_SP00194" HPOS="1686" VPOS="2737" WIDTH="18"/>
						<String ID="P1_ST00216" HPOS="1704" VPOS="2691" WIDTH="105" HEIGHT="28" CONTENT="sans" WC="1.00" CC="0000"/>
						<SP ID="P1_SP00195" HPOS="1809" VPOS="2737" WIDTH="46"/>
						<String ID="P1_ST00217" HPOS="1855" VPOS="2676" WIDTH="315" HEIGHT="43" CONTENT="subordonner" WC="1.00" CC="05000000000"/>
					</TextLine>
					<TextLine ID="P1_TL00023" HPOS="145" VPOS="2745" WIDTH="2024" HEIGHT="57">
						<String ID="P1_ST00218" HPOS="145" VPOS="2763" WIDTH="122" HEIGHT="33" CONTENT="toute" WC="0.98" CC="43550"/>
						<SP ID="P1_SP00196" HPOS="267" VPOS="2796" WIDTH="45"/>
						<String ID="P1_ST00219" HPOS="312" VPOS="2754" WIDTH="39" HEIGHT="40" CONTENT="la" WC="1.00" CC="00"/>
						<SP ID="P1_SP00197" HPOS="351" VPOS="2796" WIDTH="37"/>
						<String ID="P1_ST00220" HPOS="388" VPOS="2754" WIDTH="251" HEIGHT="40" CONTENT="cérémonie" WC="1.00" CC="000000610"/>
						<SP ID="P1_SP00198" HPOS="639" VPOS="2796" WIDTH="38"/>
						<String ID="P1_ST00221" HPOS="677" VPOS="2756" WIDTH="23" HEIGHT="36" CONTENT="à" WC="0.95" CC="0"/>
						<SP ID="P1_SP00199" HPOS="700" VPOS="2796" WIDTH="44"/>
						<String ID="P1_ST00222" HPOS="744" VPOS="2751" WIDTH="39" HEIGHT="40" CONTENT="la" WC="0.86" CC="20"/>
						<SP ID="P1_SP00200" HPOS="783" VPOS="2796" WIDTH="40"/>
						<String ID="P1_ST00223" HPOS="823" VPOS="2747" WIDTH="302" HEIGHT="55" CONTENT="glorification" WC="1.00" CC="0400122000000"/>
						<SP ID="P1_SP00201" HPOS="1125" VPOS="2802" WIDTH="42"/>
						<String ID="P1_ST00224" HPOS="1167" VPOS="2748" WIDTH="55" HEIGHT="41" CONTENT="de" WC="0.82" CC="03"/>
						<SP ID="P1_SP00202" HPOS="1222" VPOS="2802" WIDTH="55"/>
						<String ID="P1_ST00225" HPOS="1277" VPOS="2761" WIDTH="48" HEIGHT="27" CONTENT="ce" WC="1.00" CC="00"/>
						<SP ID="P1_SP00203" HPOS="1325" VPOS="2802" WIDTH="35"/>
						<String ID="P1_ST00226" HPOS="1360" VPOS="2748" WIDTH="104" HEIGHT="40" CONTENT="dieu" WC="0.98" CC="0305"/>
						<SP ID="P1_SP00204" HPOS="1464" VPOS="2802" WIDTH="43"/>
						<String ID="P1_ST00227" HPOS="1507" VPOS="2749" WIDTH="184" HEIGHT="51" CONTENT="unique." WC="0.99" CC="0330003"/>
						<SP ID="P1_SP00205" HPOS="1691" VPOS="2802" WIDTH="29"/>
						<String ID="P1_ST00228" HPOS="1720" VPOS="2746" WIDTH="120" HEIGHT="42" CONTENT="Leur" WC="1.00" CC="0002"/>
						<SP ID="P1_SP00206" HPOS="1840" VPOS="2802" WIDTH="28"/>
						<String ID="P1_ST00229" HPOS="1868" VPOS="2745" WIDTH="86" HEIGHT="42" CONTENT="fête" WC="0.99" CC="0500"/>
						<SP ID="P1_SP00207" HPOS="1954" VPOS="2802" WIDTH="40"/>
						<String ID="P1_ST00230" HPOS="1994" VPOS="2746" WIDTH="39" HEIGHT="40" CONTENT="la" WC="0.96" CC="00"/>
						<SP ID="P1_SP00208" HPOS="2033" VPOS="2802" WIDTH="35"/>
						<String ID="P1_ST00231" HPOS="2068" VPOS="2745" WIDTH="101" HEIGHT="53" CONTENT="plus" WC="1.00" CC="0000"/>
					</TextLine>
					<TextLine ID="P1_TL00024" HPOS="143" VPOS="2813" WIDTH="2023" HEIGHT="58">
						<String ID="P1_ST00232" HPOS="143" VPOS="2825" WIDTH="217" HEIGHT="39" CONTENT="ancienne" WC="0.98" CC="46440730"/>
						<SP ID="P1_SP00209" HPOS="360" VPOS="2864" WIDTH="21"/>
						<String ID="P1_ST00233" HPOS="381" VPOS="2831" WIDTH="66" HEIGHT="32" CONTENT="est" WC="0.98" CC="004"/>
						<SP ID="P1_SP00210" HPOS="447" VPOS="2864" WIDTH="24"/>
						<String ID="P1_ST00234" HPOS="471" VPOS="2822" WIDTH="40" HEIGHT="40" CONTENT="la" WC="0.97" CC="00"/>
						<SP ID="P1_SP00211" HPOS="511" VPOS="2864" WIDTH="24"/>
						<String ID="P1_ST00235" HPOS="535" VPOS="2820" WIDTH="85" HEIGHT="42" CONTENT="fête" WC="0.99" CC="0020"/>
						<SP ID="P1_SP00212" HPOS="620" VPOS="2864" WIDTH="22"/>
						<String ID="P1_ST00236" HPOS="642" VPOS="2821" WIDTH="54" HEIGHT="41" CONTENT="de" WC="1.00" CC="00"/>
						<SP ID="P1_SP00213" HPOS="696" VPOS="2864" WIDTH="22"/>
						<String ID="P1_ST00237" HPOS="718" VPOS="2819" WIDTH="144" HEIGHT="43" CONTENT="Rome" WC="0.97" CC="3560"/>
						<SP ID="P1_SP00214" HPOS="862" VPOS="2864" WIDTH="16"/>
						<String ID="P1_ST00238" HPOS="878" VPOS="2817" WIDTH="115" HEIGHT="54" CONTENT="(///if" WC="0.96" CC="088877"/>
						<SP ID="P1_SP00215" HPOS="993" VPOS="2871" WIDTH="17"/>
						<String ID="P1_ST00239" HPOS="1010" VPOS="2832" WIDTH="187" HEIGHT="36" CONTENT="romani," WC="0.98" CC="0049604" STYLEREFS="TXT_7"/>
						<SP ID="P1_SP00216" HPOS="1197" VPOS="2871" WIDTH="35"/>
						<String ID="P1_ST00240" HPOS="1232" VPOS="2815" WIDTH="183" HEIGHT="42" CONTENT="maximi" WC="0.76" CC="470020" STYLEREFS="TXT_7"/>
						<SP ID="P1_SP00217" HPOS="1415" VPOS="2871" WIDTH="19"/>
						<String ID="P1_ST00241" HPOS="1434" VPOS="2816" WIDTH="111" HEIGHT="51" CONTENT="ludi)" WC="0.83" CC="07000" STYLEREFS="TXT_7"/>
						<SP ID="P1_SP00218" HPOS="1545" VPOS="2871" WIDTH="20"/>
						<String ID="P1_ST00242" HPOS="1565" VPOS="2831" WIDTH="57" HEIGHT="26" CONTENT="au" WC="0.73" CC="05"/>
						<SP ID="P1_SP00219" HPOS="1622" VPOS="2871" WIDTH="42"/>
						<String ID="P1_ST00243" HPOS="1664" VPOS="2817" WIDTH="114" HEIGHT="40" CONTENT="mois" WC="0.99" CC="0300"/>
						<SP ID="P1_SP00220" HPOS="1778" VPOS="2871" WIDTH="25"/>
						<String ID="P1_ST00244" HPOS="1803" VPOS="2815" WIDTH="55" HEIGHT="41" CONTENT="de" WC="1.00" CC="00"/>
						<SP ID="P1_SP00221" HPOS="1858" VPOS="2871" WIDTH="39"/>
						<String ID="P1_ST00245" HPOS="1897" VPOS="2813" WIDTH="269" HEIGHT="55" CONTENT="septembre," WC="1.00" CC="0000000004"/>
					</TextLine>
					<TextLine ID="P1_TL00025" HPOS="145" VPOS="2884" WIDTH="2025" HEIGHT="61">
						<String ID="P1_ST00246" HPOS="145" VPOS="2897" WIDTH="231" HEIGHT="48" CONTENT="marquée," WC="1.00" CC="00000602"/>
						<SP ID="P1_SP00222" HPOS="376" VPOS="2945" WIDTH="23"/>
						<String ID="P1_ST00247" HPOS="399" VPOS="2891" WIDTH="159" HEIGHT="53" CONTENT="depuis" WC="1.00" CC="000000"/>
						<SP ID="P1_SP00223" HPOS="558" VPOS="2945" WIDTH="23"/>
						<String ID="P1_ST00248" HPOS="581" VPOS="2888" WIDTH="86" HEIGHT="43" CONTENT="l'an" WC="0.97" CC="3306"/>
						<SP ID="P1_SP00224" HPOS="667" VPOS="2945" WIDTH="19"/>
						<String ID="P1_ST00249" HPOS="686" VPOS="2894" WIDTH="77" HEIGHT="46" CONTENT="364" WC="0.62" CC="730"/>
						<SP ID="P1_SP00225" HPOS="763" VPOS="2945" WIDTH="26"/>
						<String ID="P1_ST00250" HPOS="789" VPOS="2896" WIDTH="134" HEIGHT="34" CONTENT="avant" WC="0.99" CC="00005"/>
						<SP ID="P1_SP00226" HPOS="923" VPOS="2945" WIDTH="24"/>
						<String ID="P1_ST00251" HPOS="947" VPOS="2888" WIDTH="103" HEIGHT="40" CONTENT="l'ère" WC="0.99" CC="10800"/>
						<SP ID="P1_SP00227" HPOS="1050" VPOS="2945" WIDTH="23"/>
						<String ID="P1_ST00252" HPOS="1073" VPOS="2886" WIDTH="270" HEIGHT="46" CONTENT="chrétienne," WC="0.99" CC="03060600023"/>
						<SP ID="P1_SP00228" HPOS="1343" VPOS="2945" WIDTH="22"/>
						<String ID="P1_ST00253" HPOS="1365" VPOS="2900" WIDTH="79" HEIGHT="38" CONTENT="par" WC="1.00" CC="000"/>
						<SP ID="P1_SP00229" HPOS="1444" VPOS="2945" WIDTH="18"/>
						<String ID="P1_ST00254" HPOS="1462" VPOS="2885" WIDTH="78" HEIGHT="41" CONTENT="des" WC="1.00" CC="000"/>
						<SP ID="P1_SP00230" HPOS="1540" VPOS="2945" WIDTH="29"/>
						<String ID="P1_ST00255" HPOS="1569" VPOS="2886" WIDTH="380" HEIGHT="52" CONTENT="représentations" WC="1.00" CC="000000302003500"/>
						<SP ID="P1_SP00231" HPOS="1949" VPOS="2945" WIDTH="24"/>
						<String ID="P1_ST00256" HPOS="1973" VPOS="2884" WIDTH="173" HEIGHT="51" CONTENT="réguliè" SUBS_TYPE="HypPart1" SUBS_CONTENT="régulières" WC="0.98" CC="0604307"/>
						<HYP HPOS="2146" VPOS="2884" WIDTH="24" CONTENT="-"/>
					</TextLine>
					<TextLine ID="P1_TL00026" HPOS="146" VPOS="2953" WIDTH="2017" HEIGHT="62">
						<String ID="P1_ST00257" HPOS="146" VPOS="2976" WIDTH="68" HEIGHT="27" CONTENT="res" SUBS_TYPE="HypPart2" SUBS_CONTENT="régulières" WC="1.00" CC="000"/>
						<SP ID="P1_SP00232" HPOS="214" VPOS="3003" WIDTH="22"/>
						<String ID="P1_ST00258" HPOS="236" VPOS="2962" WIDTH="324" HEIGHT="53" CONTENT="(pantomimes" WC="1.00" CC="00035000000"/>
						<SP ID="P1_SP00233" HPOS="560" VPOS="3015" WIDTH="21"/>
						<String ID="P1_ST00259" HPOS="581" VPOS="2964" WIDTH="323" HEIGHT="47" CONTENT="étrusquesjet," WC="0.69" CC="6001092008054"/>
						<SP ID="P1_SP00234" HPOS="904" VPOS="3015" WIDTH="16"/>
						<String ID="P1_ST00260" HPOS="920" VPOS="2958" WIDTH="159" HEIGHT="52" CONTENT="depuis" WC="0.99" CC="000450"/>
						<SP ID="P1_SP00235" HPOS="1079" VPOS="3015" WIDTH="24"/>
						<String ID="P1_ST00261" HPOS="1103" VPOS="2954" WIDTH="87" HEIGHT="42" CONTENT="l'an" WC="0.98" CC="0406"/>
						<SP ID="P1_SP00236" HPOS="1190" VPOS="3015" WIDTH="25"/>
						<String ID="P1_ST00262" HPOS="1215" VPOS="2968" WIDTH="97" HEIGHT="38" CONTENT="240," WC="0.75" CC="0602"/>
						<SP ID="P1_SP00237" HPOS="1312" VPOS="3015" WIDTH="14"/>
						<String ID="P1_ST00263" HPOS="1326" VPOS="2969" WIDTH="80" HEIGHT="38" CONTENT="par" WC="1.00" CC="000"/>
						<SP ID="P1_SP00238" HPOS="1406" VPOS="3015" WIDTH="21"/>
						<String ID="P1_ST00264" HPOS="1427" VPOS="2954" WIDTH="78" HEIGHT="42" CONTENT="des" WC="1.00" CC="000"/>
						<SP ID="P1_SP00239" HPOS="1505" VPOS="3015" WIDTH="14"/>
						<String ID="P1_ST00265" HPOS="1519" VPOS="2954" WIDTH="224" HEIGHT="51" CONTENT="tragédies" WC="1.00" CC="500060000"/>
						<SP ID="P1_SP00240" HPOS="1743" VPOS="3015" WIDTH="23"/>
						<String ID="P1_ST00266" HPOS="1766" VPOS="2963" WIDTH="42" HEIGHT="32" CONTENT="et" WC="1.00" CC="00"/>
						<SP ID="P1_SP00241" HPOS="1808" VPOS="3015" WIDTH="19"/>
						<String ID="P1_ST00267" HPOS="1827" VPOS="2954" WIDTH="78" HEIGHT="40" CONTENT="des" WC="1.00" CC="000"/>
						<SP ID="P1_SP00242" HPOS="1905" VPOS="3015" WIDTH="18"/>
						<String ID="P1_ST00268" HPOS="1923" VPOS="2953" WIDTH="240" HEIGHT="47" CONTENT="comédies," WC="0.99" CC="009000044"/>
					</TextLine>
					<TextLine ID="P1_TL00027" HPOS="218" VPOS="3024" WIDTH="1948" HEIGHT="60">
						<String ID="P1_ST00269" HPOS="218" VPOS="3029" WIDTH="346" HEIGHT="55" CONTENT="probablement" WC="1.00" CC="000000509000"/>
						<SP ID="P1_SP00243" HPOS="564" VPOS="3084" WIDTH="20"/>
						<String ID="P1_ST00270" HPOS="584" VPOS="3043" WIDTH="91" HEIGHT="27" CONTENT="non" WC="1.00" CC="000"/>
						<SP ID="P1_SP00244" HPOS="675" VPOS="3084" WIDTH="25"/>
						<String ID="P1_ST00271" HPOS="700" VPOS="3029" WIDTH="222" HEIGHT="40" CONTENT="soumises" WC="0.99" CC="50601000"/>
						<SP ID="P1_SP00245" HPOS="922" VPOS="3084" WIDTH="37"/>
						<String ID="P1_ST00272" HPOS="959" VPOS="3031" WIDTH="23" HEIGHT="35" CONTENT="à" WC="0.71" CC="2"/>
						<SP ID="P1_SP00246" HPOS="982" VPOS="3084" WIDTH="25"/>
						<String ID="P1_ST00273" HPOS="1007" VPOS="3025" WIDTH="39" HEIGHT="41" CONTENT="la" WC="0.88" CC="20"/>
						<SP ID="P1_SP00247" HPOS="1046" VPOS="3084" WIDTH="39"/>
						<String ID="P1_ST00274" HPOS="1085" VPOS="3024" WIDTH="143" HEIGHT="41" CONTENT="forme" WC="1.00" CC="00000"/>
						<SP ID="P1_SP00248" HPOS="1228" VPOS="3084" WIDTH="39"/>
						<String ID="P1_ST00275" HPOS="1267" VPOS="3024" WIDTH="335" HEIGHT="52" CONTENT="démocratique" WC="1.00" CC="000010040000"/>
						<SP ID="P1_SP00249" HPOS="1602" VPOS="3084" WIDTH="23"/>
						<String ID="P1_ST00276" HPOS="1625" VPOS="3024" WIDTH="59" HEIGHT="40" CONTENT="du" WC="1.00" CC="00"/>
						<SP ID="P1_SP00250" HPOS="1684" VPOS="3084" WIDTH="37"/>
						<String ID="P1_ST00277" HPOS="1721" VPOS="3037" WIDTH="235" HEIGHT="34" CONTENT="concours," WC="1.00" CC="001000104"/>
						<SP ID="P1_SP00251" HPOS="1956" VPOS="3084" WIDTH="38"/>
						<String ID="P1_ST00278" HPOS="1994" VPOS="3036" WIDTH="172" HEIGHT="28" CONTENT="comme" WC="0.99" CC="04000"/>
					</TextLine>
					<TextLine ID="P1_TL00028" HPOS="144" VPOS="3091" WIDTH="2024" HEIGHT="61">
						<String ID="P1_ST00279" HPOS="144" VPOS="3115" WIDTH="56" HEIGHT="27" CONTENT="au" WC="1.00" CC="00"/>
						<SP ID="P1_SP00252" HPOS="200" VPOS="3142" WIDTH="23"/>
						<String ID="P1_ST00280" HPOS="223" VPOS="3109" WIDTH="144" HEIGHT="43" CONTENT="temps" WC="1.00" CC="30000"/>
						<SP ID="P1_SP00253" HPOS="367" VPOS="3152" WIDTH="14"/>
						<String ID="P1_ST00281" HPOS="381" VPOS="3097" WIDTH="252" HEIGHT="54" CONTENT="d'Eschyle." WC="1.00" CC="0303020102"/>
						<SP ID="P1_SP00254" HPOS="633" VPOS="3152" WIDTH="18"/>
						<String ID="P1_ST00282" HPOS="651" VPOS="3097" WIDTH="95" HEIGHT="41" CONTENT="Ala" WC="1.00" CC="000"/>
						<SP ID="P1_SP00255" HPOS="746" VPOS="3152" WIDTH="25"/>
						<String ID="P1_ST00283" HPOS="771" VPOS="3095" WIDTH="61" HEIGHT="42" CONTENT="fin" WC="0.96" CC="227"/>
						<SP ID="P1_SP00256" HPOS="832" VPOS="3152" WIDTH="24"/>
						<String ID="P1_ST00284" HPOS="856" VPOS="3097" WIDTH="59" HEIGHT="40" CONTENT="du" WC="0.69" CC="06"/>
						<SP ID="P1_SP00257" HPOS="915" VPOS="3152" WIDTH="18"/>
						<String ID="P1_ST00285" HPOS="933" VPOS="3091" WIDTH="55" HEIGHT="61" CONTENT="111" WC="0.74" CC="060"/>
						<SP ID="P1_SP00258" HPOS="988" VPOS="3152" WIDTH="18"/>
						<String ID="P1_ST00286" HPOS="1006" VPOS="3091" WIDTH="18" HEIGHT="61" CONTENT="e" STYLE="superscript" WC="1.00" CC="0"/>
						<SP ID="P1_SP00259" HPOS="1024" VPOS="3152" WIDTH="18"/>
						<String ID="P1_ST00287" HPOS="1042" VPOS="3091" WIDTH="128" HEIGHT="61" CONTENT="siècle," WC="0.99" CC="0270003"/>
						<SP ID="P1_SP00260" HPOS="1170" VPOS="3152" WIDTH="19"/>
						<String ID="P1_ST00288" HPOS="1189" VPOS="3093" WIDTH="111" HEIGHT="41" CONTENT="deux" WC="0.98" CC="0070"/>
						<SP ID="P1_SP00261" HPOS="1300" VPOS="3152" WIDTH="22"/>
						<String ID="P1_ST00289" HPOS="1322" VPOS="3106" WIDTH="233" HEIGHT="28" CONTENT="nouveaux" WC="1.00" CC="42000000"/>
						<SP ID="P1_SP00262" HPOS="1555" VPOS="3152" WIDTH="13"/>
						<String ID="P1_ST00290" HPOS="1568" VPOS="3093" WIDTH="139" HEIGHT="40" CONTENT="cultes" WC="0.99" CC="071400"/>
						<SP ID="P1_SP00263" HPOS="1707" VPOS="3152" WIDTH="16"/>
						<String ID="P1_ST00291" HPOS="1723" VPOS="3092" WIDTH="201" HEIGHT="41" CONTENT="donnent" WC="0.99" CC="0064430"/>
						<SP ID="P1_SP00264" HPOS="1924" VPOS="3152" WIDTH="17"/>
						<String ID="P1_ST00292" HPOS="1941" VPOS="3091" WIDTH="87" HEIGHT="41" CONTENT="lieu" WC="0.98" CC="5005"/>
						<SP ID="P1_SP00265" HPOS="2028" VPOS="3152" WIDTH="17"/>
						<String ID="P1_ST00293" HPOS="2045" VPOS="3095" WIDTH="20" HEIGHT="36" CONTENT="à" WC="0.57" CC="4"/>
						<SP ID="P1_SP00266" HPOS="2065" VPOS="3152" WIDTH="25"/>
						<String ID="P1_ST00294" HPOS="2090" VPOS="3091" WIDTH="78" HEIGHT="40" CONTENT="des" WC="0.97" CC="007"/>
					</TextLine>
					<TextLine ID="P1_TL00029" HPOS="147" VPOS="3160" WIDTH="2020" HEIGHT="62">
						<String ID="P1_ST00295" HPOS="147" VPOS="3183" WIDTH="19" HEIGHT="25" CONTENT="«" WC="0.94" CC="0"/>
						<SP ID="P1_SP00267" HPOS="166" VPOS="3208" WIDTH="24"/>
						<String ID="P1_ST00296" HPOS="190" VPOS="3170" WIDTH="98" HEIGHT="52" CONTENT="jeux" WC="0.99" CC="0030"/>
						<SP ID="P1_SP00268" HPOS="288" VPOS="3222" WIDTH="24"/>
						<String ID="P1_ST00297" HPOS="312" VPOS="3182" WIDTH="21" HEIGHT="24" CONTENT="»" WC="0.56" CC="4"/>
						<SP ID="P1_SP00269" HPOS="333" VPOS="3222" WIDTH="29"/>
						<String ID="P1_ST00298" HPOS="362" VPOS="3178" WIDTH="7" HEIGHT="30" CONTENT=":" WC="0.35" CC="6"/>
						<SP ID="P1_SP00270" HPOS="369" VPOS="3222" WIDTH="23"/>
						<String ID="P1_ST00299" HPOS="392" VPOS="3168" WIDTH="113" HEIGHT="41" CONTENT="celui" WC="0.99" CC="00050"/>
						<SP ID="P1_SP00271" HPOS="505" VPOS="3222" WIDTH="23"/>
						<String ID="P1_ST00300" HPOS="528" VPOS="3166" WIDTH="260" HEIGHT="54" CONTENT="d'Apollon," WC="0.99" CC="0400100354"/>
						<SP ID="P1_SP00272" HPOS="788" VPOS="3222" WIDTH="27"/>
						<String ID="P1_ST00301" HPOS="815" VPOS="3165" WIDTH="173" HEIGHT="41" CONTENT="célébré" WC="0.98" CC="0726007"/>
						<SP ID="P1_SP00273" HPOS="988" VPOS="3222" WIDTH="21"/>
						<String ID="P1_ST00302" HPOS="1009" VPOS="3163" WIDTH="160" HEIGHT="53" CONTENT="parles" WC="1.00" CC="000200"/>
						<SP ID="P1_SP00274" HPOS="1169" VPOS="3222" WIDTH="23"/>
						<String ID="P1_ST00303" HPOS="1192" VPOS="3162" WIDTH="95" HEIGHT="41" CONTENT="ludi" WC="0.91" CC="0300" STYLEREFS="TXT_7"/>
						<SP ID="P1_SP00275" HPOS="1287" VPOS="3222" WIDTH="16"/>
						<String ID="P1_ST00304" HPOS="1303" VPOS="3162" WIDTH="264" HEIGHT="55" CONTENT="apollinares" WC="0.77" CC="50300015630" STYLEREFS="TXT_7"/>
						<SP ID="P1_SP00276" HPOS="1567" VPOS="3222" WIDTH="23"/>
						<String ID="P1_ST00305" HPOS="1590" VPOS="3160" WIDTH="175" HEIGHT="55" CONTENT="(juillet)" WC="0.99" CC="405500054"/>
						<SP ID="P1_SP00277" HPOS="1765" VPOS="3222" WIDTH="26"/>
						<String ID="P1_ST00306" HPOS="1791" VPOS="3161" WIDTH="189" HEIGHT="42" CONTENT="annuels" WC="0.99" CC="0074002"/>
						<SP ID="P1_SP00278" HPOS="1980" VPOS="3222" WIDTH="29"/>
						<String ID="P1_ST00307" HPOS="2009" VPOS="3161" WIDTH="158" HEIGHT="52" CONTENT="depuis" WC="0.98" CC="000664"/>
					</TextLine>
					<TextLine ID="P1_TL00030" HPOS="144" VPOS="3229" WIDTH="2024" HEIGHT="57">
						<String ID="P1_ST00308" HPOS="144" VPOS="3241" WIDTH="98" HEIGHT="45" CONTENT="208," WC="0.68" CC="4340"/>
						<SP ID="P1_SP00279" HPOS="242" VPOS="3286" WIDTH="27"/>
						<String ID="P1_ST00309" HPOS="269" VPOS="3246" WIDTH="41" HEIGHT="33" CONTENT="et" WC="0.68" CC="06"/>
						<SP ID="P1_SP00280" HPOS="310" VPOS="3286" WIDTH="15"/>
						<String ID="P1_ST00310" HPOS="325" VPOS="3238" WIDTH="113" HEIGHT="41" CONTENT="celui" WC="0.99" CC="00243"/>
						<SP ID="P1_SP00281" HPOS="438" VPOS="3286" WIDTH="24"/>
						<String ID="P1_ST00311" HPOS="462" VPOS="3237" WIDTH="54" HEIGHT="41" CONTENT="de" WC="1.00" CC="00"/>
						<SP ID="P1_SP00282" HPOS="516" VPOS="3286" WIDTH="24"/>
						<String ID="P1_ST00312" HPOS="540" VPOS="3237" WIDTH="38" HEIGHT="40" CONTENT="la" WC="0.90" CC="10"/>
						<SP ID="P1_SP00283" HPOS="578" VPOS="3286" WIDTH="24"/>
						<String ID="P1_ST00313" HPOS="602" VPOS="3241" WIDTH="158" HEIGHT="36" CONTENT="«mère" WC="0.99" CC="00700"/>
						<SP ID="P1_SP00284" HPOS="760" VPOS="3286" WIDTH="22"/>
						<String ID="P1_ST00314" HPOS="782" VPOS="3235" WIDTH="78" HEIGHT="41" CONTENT="des" WC="0.97" CC="009"/>
						<SP ID="P1_SP00285" HPOS="860" VPOS="3286" WIDTH="21"/>
						<String ID="P1_ST00315" HPOS="881" VPOS="3234" WIDTH="131" HEIGHT="41" CONTENT="dieux" WC="0.99" CC="03060"/>
						<SP ID="P1_SP00286" HPOS="1012" VPOS="3286" WIDTH="23"/>
						<String ID="P1_ST00316" HPOS="1035" VPOS="3245" WIDTH="37" HEIGHT="37" CONTENT="»," WC="0.63" CC="33"/>
						<SP ID="P1_SP00287" HPOS="1072" VPOS="3286" WIDTH="21"/>
						<String ID="P1_ST00317" HPOS="1093" VPOS="3232" WIDTH="63" HEIGHT="40" CONTENT="les" WC="0.99" CC="100"/>
						<SP ID="P1_SP00288" HPOS="1156" VPOS="3286" WIDTH="17"/>
						<String ID="P1_ST00318" HPOS="1173" VPOS="3229" WIDTH="243" HEIGHT="56" CONTENT="Megalesia" WC="0.66" CC="060606406" STYLEREFS="TXT_7"/>
						<SP ID="P1_SP00289" HPOS="1416" VPOS="3286" WIDTH="15"/>
						<String ID="P1_ST00319" HPOS="1431" VPOS="3231" WIDTH="167" HEIGHT="50" CONTENT="(avril)," WC="1.00" CC="00000244"/>
						<SP ID="P1_SP00290" HPOS="1598" VPOS="3286" WIDTH="27"/>
						<String ID="P1_ST00320" HPOS="1625" VPOS="3237" WIDTH="57" HEIGHT="35" CONTENT="où" WC="0.60" CC="07"/>
						<SP ID="P1_SP00291" HPOS="1682" VPOS="3286" WIDTH="26"/>
						<String ID="P1_ST00321" HPOS="1708" VPOS="3230" WIDTH="60" HEIGHT="41" CONTENT="les" WC="0.99" CC="030"/>
						<SP ID="P1_SP00292" HPOS="1768" VPOS="3286" WIDTH="21"/>
						<String ID="P1_ST00322" HPOS="1789" VPOS="3230" WIDTH="379" HEIGHT="53" CONTENT="représentations" WC="1.00" CC="000060060041012"/>
					</TextLine>
					<TextLine ID="P1_TL00031" HPOS="143" VPOS="3298" WIDTH="2025" HEIGHT="62">
						<String ID="P1_ST00323" HPOS="143" VPOS="3308" WIDTH="237" HEIGHT="52" CONTENT="scéniques" WC="0.94" CC="010000300"/>
						<SP ID="P1_SP00293" HPOS="380" VPOS="3360" WIDTH="42"/>
						<String ID="P1_ST00324" HPOS="422" VPOS="3309" WIDTH="314" HEIGHT="50" CONTENT="apparaissent" WC="1.00" CC="000000003003"/>
						<SP ID="P1_SP00294" HPOS="736" VPOS="3360" WIDTH="23"/>
						<String ID="P1_ST00325" HPOS="759" VPOS="3304" WIDTH="78" HEIGHT="41" CONTENT="dès" WC="0.97" CC="070"/>
						<SP ID="P1_SP00295" HPOS="837" VPOS="3360" WIDTH="43"/>
						<String ID="P1_ST00326" HPOS="880" VPOS="3301" WIDTH="87" HEIGHT="43" CONTENT="l'an" WC="0.97" CC="0418"/>
						<SP ID="P1_SP00296" HPOS="967" VPOS="3360" WIDTH="30"/>
						<String ID="P1_ST00327" HPOS="997" VPOS="3313" WIDTH="90" HEIGHT="41" CONTENT="194." WC="0.67" CC="7310"/>
						<SP ID="P1_SP00297" HPOS="1087" VPOS="3360" WIDTH="27"/>
						<String ID="P1_ST00328" HPOS="1114" VPOS="3300" WIDTH="99" HEIGHT="41" CONTENT="Tite" WC="0.59" CC="6043"/>
						<SP ID="P1_SP00298" HPOS="1213" VPOS="3360" WIDTH="33"/>
						<String ID="P1_ST00329" HPOS="1246" VPOS="3298" WIDTH="103" HEIGHT="42" CONTENT="Live" WC="0.75" CC="7002"/>
						<SP ID="P1_SP00299" HPOS="1349" VPOS="3360" WIDTH="27"/>
						<String ID="P1_ST00330" HPOS="1376" VPOS="3298" WIDTH="162" HEIGHT="54" CONTENT="(xxxiv," WC="0.79" CC="3000604"/>
						<SP ID="P1_SP00300" HPOS="1538" VPOS="3360" WIDTH="26"/>
						<String ID="P1_ST00331" HPOS="1564" VPOS="3298" WIDTH="68" HEIGHT="55" CONTENT="54)" WC="0.71" CC="800"/>
						<SP ID="P1_SP00301" HPOS="1632" VPOS="3360" WIDTH="23"/>
						<String ID="P1_ST00332" HPOS="1655" VPOS="3300" WIDTH="148" HEIGHT="41" CONTENT="donne" WC="0.97" CC="06780"/>
						<SP ID="P1_SP00302" HPOS="1803" VPOS="3360" WIDTH="16"/>
						<String ID="P1_ST00333" HPOS="1819" VPOS="3299" WIDTH="64" HEIGHT="41" CONTENT="les" WC="0.97" CC="601"/>
						<SP ID="P1_SP00303" HPOS="1883" VPOS="3360" WIDTH="35"/>
						<String ID="P1_ST00334" HPOS="1918" VPOS="3312" WIDTH="133" HEIGHT="27" CONTENT="noms" WC="1.00" CC="0002"/>
						<SP ID="P1_SP00304" HPOS="2051" VPOS="3360" WIDTH="39"/>
						<String ID="P1_ST00335" HPOS="2090" VPOS="3298" WIDTH="78" HEIGHT="40" CONTENT="des" WC="0.99" CC="003"/>
					</TextLine>
					<TextLine ID="P1_TL00032" HPOS="142" VPOS="3368" WIDTH="2026" HEIGHT="59">
						<String ID="P1_ST00336" HPOS="142" VPOS="3377" WIDTH="140" HEIGHT="40" CONTENT="édiles" WC="0.99" CC="700000"/>
						<SP ID="P1_SP00305" HPOS="282" VPOS="3417" WIDTH="20"/>
						<String ID="P1_ST00337" HPOS="302" VPOS="3376" WIDTH="176" HEIGHT="41" CONTENT="curules" WC="0.83" CC="0205300"/>
						<SP ID="P1_SP00306" HPOS="478" VPOS="3417" WIDTH="25"/>
						<String ID="P1_ST00338" HPOS="503" VPOS="3377" WIDTH="75" HEIGHT="50" CONTENT="qui" WC="0.99" CC="030"/>
						<SP ID="P1_SP00307" HPOS="578" VPOS="3427" WIDTH="16"/>
						<String ID="P1_ST00339" HPOS="594" VPOS="3382" WIDTH="262" HEIGHT="45" CONTENT="promurent" WC="0.99" CC="007020064"/>
						<SP ID="P1_SP00308" HPOS="856" VPOS="3427" WIDTH="22"/>
						<String ID="P1_ST00340" HPOS="878" VPOS="3377" WIDTH="22" HEIGHT="36" CONTENT="à" WC="0.41" CC="5"/>
						<SP ID="P1_SP00309" HPOS="900" VPOS="3427" WIDTH="24"/>
						<String ID="P1_ST00341" HPOS="924" VPOS="3380" WIDTH="113" HEIGHT="33" CONTENT="celte" WC="1.00" CC="00000"/>
						<SP ID="P1_SP00310" HPOS="1037" VPOS="3427" WIDTH="21"/>
						<String ID="P1_ST00342" HPOS="1058" VPOS="3371" WIDTH="173" HEIGHT="49" CONTENT="dignité" WC="1.00" CC="0100200"/>
						<SP ID="P1_SP00311" HPOS="1231" VPOS="3427" WIDTH="14"/>
						<String ID="P1_ST00343" HPOS="1245" VPOS="3370" WIDTH="79" HEIGHT="40" CONTENT="des" WC="1.00" CC="000"/>
						<SP ID="P1_SP00312" HPOS="1324" VPOS="3427" WIDTH="14"/>
						<String ID="P1_ST00344" HPOS="1338" VPOS="3368" WIDTH="110" HEIGHT="42" CONTENT="fêtes" WC="0.99" CC="06000"/>
						<SP ID="P1_SP00313" HPOS="1448" VPOS="3427" WIDTH="17"/>
						<String ID="P1_ST00345" HPOS="1465" VPOS="3369" WIDTH="273" HEIGHT="53" CONTENT="jusqu'alors" WC="0.99" CC="07000403302"/>
						<SP ID="P1_SP00314" HPOS="1738" VPOS="3427" WIDTH="14"/>
						<String ID="P1_ST00346" HPOS="1752" VPOS="3382" WIDTH="106" HEIGHT="26" CONTENT="sans" WC="0.98" CC="0650"/>
						<SP ID="P1_SP00315" HPOS="1858" VPOS="3427" WIDTH="20"/>
						<String ID="P1_ST00347" HPOS="1878" VPOS="3370" WIDTH="158" HEIGHT="38" CONTENT="intérêt" WC="0.99" CC="1007004"/>
						<SP ID="P1_SP00316" HPOS="2036" VPOS="3427" WIDTH="20"/>
						<String ID="P1_ST00348" HPOS="2056" VPOS="3380" WIDTH="112" HEIGHT="40" CONTENT="pour" WC="0.98" CC="0334"/>
					</TextLine>
					<TextLine ID="P1_TL00033" HPOS="145" VPOS="3436" WIDTH="2018" HEIGHT="61">
						<String ID="P1_ST00349" HPOS="145" VPOS="3445" WIDTH="217" HEIGHT="41" CONTENT="l'histoire" WC="1.00" CC="5400100400"/>
						<SP ID="P1_SP00317" HPOS="362" VPOS="3486" WIDTH="15"/>
						<String ID="P1_ST00350" HPOS="377" VPOS="3445" WIDTH="53" HEIGHT="40" CONTENT="de" WC="1.00" CC="00"/>
						<SP ID="P1_SP00318" HPOS="430" VPOS="3486" WIDTH="18"/>
						<String ID="P1_ST00351" HPOS="448" VPOS="3445" WIDTH="113" HEIGHT="43" CONTENT="l'art." WC="0.99" CC="030034"/>
						<SP ID="P1_SP00319" HPOS="561" VPOS="3488" WIDTH="17"/>
						<String ID="P1_ST00352" HPOS="578" VPOS="3443" WIDTH="30" HEIGHT="42" CONTENT="Il" WC="0.70" CC="50"/>
						<SP ID="P1_SP00320" HPOS="608" VPOS="3488" WIDTH="12"/>
						<String ID="P1_ST00353" HPOS="620" VPOS="3458" WIDTH="26" HEIGHT="39" CONTENT="y" WC="1.00" CC="0"/>
						<SP ID="P1_SP00321" HPOS="646" VPOS="3497" WIDTH="15"/>
						<String ID="P1_ST00354" HPOS="661" VPOS="3445" WIDTH="116" HEIGHT="39" CONTENT="avait" WC="1.00" CC="00030"/>
						<SP ID="P1_SP00322" HPOS="777" VPOS="3497" WIDTH="20"/>
						<String ID="P1_ST00355" HPOS="797" VPOS="3443" WIDTH="138" HEIGHT="47" CONTENT="aussi," WC="0.98" CC="050903"/>
						<SP ID="P1_SP00323" HPOS="935" VPOS="3497" WIDTH="12"/>
						<String ID="P1_ST00356" HPOS="947" VPOS="3455" WIDTH="55" HEIGHT="27" CONTENT="en" WC="0.77" CC="04"/>
						<SP ID="P1_SP00324" HPOS="1002" VPOS="3497" WIDTH="22"/>
						<String ID="P1_ST00357" HPOS="1024" VPOS="3438" WIDTH="261" HEIGHT="49" CONTENT="novembre," WC="1.00" CC="020001003"/>
						<SP ID="P1_SP00325" HPOS="1285" VPOS="3497" WIDTH="24"/>
						<String ID="P1_ST00358" HPOS="1309" VPOS="3439" WIDTH="62" HEIGHT="40" CONTENT="les" WC="1.00" CC="000"/>
						<SP ID="P1_SP00326" HPOS="1371" VPOS="3497" WIDTH="20"/>
						<String ID="P1_ST00359" HPOS="1391" VPOS="3438" WIDTH="109" HEIGHT="41" CONTENT="fêtes" WC="0.99" CC="40200"/>
						<SP ID="P1_SP00327" HPOS="1500" VPOS="3497" WIDTH="17"/>
						<String ID="P1_ST00360" HPOS="1517" VPOS="3439" WIDTH="54" HEIGHT="40" CONTENT="de" WC="1.00" CC="00"/>
						<SP ID="P1_SP00328" HPOS="1571" VPOS="3497" WIDTH="20"/>
						<String ID="P1_ST00361" HPOS="1591" VPOS="3439" WIDTH="34" HEIGHT="40" CONTENT="la" WC="0.78" CC="12"/>
						<SP ID="P1_SP00329" HPOS="1625" VPOS="3497" WIDTH="19"/>
						<String ID="P1_ST00362" HPOS="1644" VPOS="3437" WIDTH="148" HEIGHT="53" CONTENT="plèbe," WC="0.99" CC="027000"/>
						<SP ID="P1_SP00330" HPOS="1792" VPOS="3497" WIDTH="16"/>
						<String ID="P1_ST00363" HPOS="1808" VPOS="3438" WIDTH="63" HEIGHT="40" CONTENT="les" WC="1.00" CC="000"/>
						<SP ID="P1_SP00331" HPOS="1871" VPOS="3497" WIDTH="16"/>
						<String ID="P1_ST00364" HPOS="1887" VPOS="3436" WIDTH="276" HEIGHT="54" CONTENT="ludiplebeji." WC="0.67" CC="060310235436" STYLEREFS="TXT_7"/>
					</TextLine>
					<TextLine ID="P1_TL00034" HPOS="146" VPOS="3507" WIDTH="2022" HEIGHT="54">
						<String ID="P1_ST00365" HPOS="146" VPOS="3514" WIDTH="150" HEIGHT="42" CONTENT="Inséré" WC="0.99" CC="000807"/>
						<SP ID="P1_SP00332" HPOS="296" VPOS="3556" WIDTH="20"/>
						<String ID="P1_ST00366" HPOS="316" VPOS="3515" WIDTH="113" HEIGHT="41" CONTENT="dans" WC="0.99" CC="0020"/>
						<SP ID="P1_SP00333" HPOS="429" VPOS="3556" WIDTH="22"/>
						<String ID="P1_ST00367" HPOS="451" VPOS="3514" WIDTH="54" HEIGHT="40" CONTENT="de" WC="1.00" CC="00"/>
						<SP ID="P1_SP00334" HPOS="505" VPOS="3556" WIDTH="21"/>
						<String ID="P1_ST00368" HPOS="526" VPOS="3513" WIDTH="82" HEIGHT="41" CONTENT="tels" WC="0.98" CC="4040"/>
						<SP ID="P1_SP00335" HPOS="608" VPOS="3556" WIDTH="24"/>
						<String ID="P1_ST00369" HPOS="632" VPOS="3512" WIDTH="172" HEIGHT="49" CONTENT="cadres," WC="1.00" CC="0000003"/>
						<SP ID="P1_SP00336" HPOS="804" VPOS="3561" WIDTH="26"/>
						<String ID="P1_ST00370" HPOS="830" VPOS="3512" WIDTH="38" HEIGHT="40" CONTENT="le" WC="0.68" CC="33"/>
						<SP ID="P1_SP00337" HPOS="868" VPOS="3561" WIDTH="20"/>
						<String ID="P1_ST00371" HPOS="888" VPOS="3512" WIDTH="154" HEIGHT="39" CONTENT="drame" WC="1.00" CC="00000"/>
						<SP ID="P1_SP00338" HPOS="1042" VPOS="3561" WIDTH="34"/>
						<String ID="P1_ST00372" HPOS="1076" VPOS="3509" WIDTH="174" HEIGHT="52" CONTENT="lyrique" WC="1.00" CC="0001060"/>
						<SP ID="P1_SP00339" HPOS="1250" VPOS="3561" WIDTH="116"/>
						<String ID="P1_ST00373" HPOS="1366" VPOS="3507" WIDTH="285" HEIGHT="54" CONTENT="appelons-le" WC="1.00" CC="00002073410"/>
						<SP ID="P1_SP00340" HPOS="1651" VPOS="3561" WIDTH="37"/>
						<String ID="P1_ST00374" HPOS="1688" VPOS="3509" WIDTH="113" HEIGHT="38" CONTENT="ainsi" WC="0.98" CC="05506"/>
						<SP ID="P1_SP00341" HPOS="1801" VPOS="3561" WIDTH="31"/>
						<String ID="P1_ST00375" HPOS="1832" VPOS="3520" WIDTH="53" HEIGHT="27" CONTENT="en" WC="1.00" CC="00"/>
						<SP ID="P1_SP00342" HPOS="1885" VPOS="3561" WIDTH="38"/>
						<String ID="P1_ST00376" HPOS="1923" VPOS="3521" WIDTH="27" HEIGHT="38" CONTENT="y" WC="0.19" CC="8"/>
						<SP ID="P1_SP00343" HPOS="1950" VPOS="3561" WIDTH="30"/>
						<String ID="P1_ST00377" HPOS="1980" VPOS="3514" WIDTH="188" HEIGHT="33" CONTENT="mettant" WC="0.99" CC="0046242"/>
					</TextLine>
					<TextLine ID="P1_TL00035" HPOS="145" VPOS="3575" WIDTH="2023" HEIGHT="60">
						<String ID="P1_ST00378" HPOS="145" VPOS="3585" WIDTH="53" HEIGHT="41" CONTENT="de" WC="0.57" CC="80"/>
						<SP ID="P1_SP00344" HPOS="198" VPOS="3626" WIDTH="23"/>
						<String ID="P1_ST00379" HPOS="221" VPOS="3584" WIDTH="40" HEIGHT="41" CONTENT="la" WC="0.76" CC="04"/>
						<SP ID="P1_SP00345" HPOS="261" VPOS="3626" WIDTH="25"/>
						<String ID="P1_ST00380" HPOS="286" VPOS="3584" WIDTH="333" HEIGHT="51" CONTENT="complaisance" WC="1.00" CC="000040120000"/>
						<SP ID="P1_SP00346" HPOS="619" VPOS="3635" WIDTH="83"/>
						<String ID="P1_ST00381" HPOS="702" VPOS="3591" WIDTH="132" HEIGHT="39" CONTENT="reste," WC="0.99" CC="090004"/>
						<SP ID="P1_SP00347" HPOS="834" VPOS="3635" WIDTH="21"/>
						<String ID="P1_ST00382" HPOS="855" VPOS="3594" WIDTH="54" HEIGHT="28" CONTENT="en" WC="1.00" CC="00"/>
						<SP ID="P1_SP00348" HPOS="909" VPOS="3635" WIDTH="16"/>
						<String ID="P1_ST00383" HPOS="925" VPOS="3580" WIDTH="216" HEIGHT="54" CONTENT="principe," WC="1.00" CC="003003003"/>
						<SP ID="P1_SP00349" HPOS="1141" VPOS="3635" WIDTH="23"/>
						<String ID="P1_ST00384" HPOS="1164" VPOS="3591" WIDTH="46" HEIGHT="27" CONTENT="ce" WC="1.00" CC="00"/>
						<SP ID="P1_SP00350" HPOS="1210" VPOS="3635" WIDTH="19"/>
						<String ID="P1_ST00385" HPOS="1229" VPOS="3575" WIDTH="103" HEIGHT="56" CONTENT="qu'il" WC="0.99" CC="00234"/>
						<SP ID="P1_SP00351" HPOS="1332" VPOS="3635" WIDTH="22"/>
						<String ID="P1_ST00386" HPOS="1354" VPOS="3579" WIDTH="106" HEIGHT="40" CONTENT="était" WC="0.99" CC="04005"/>
						<SP ID="P1_SP00352" HPOS="1460" VPOS="3635" WIDTH="23"/>
						<String ID="P1_ST00387" HPOS="1483" VPOS="3582" WIDTH="21" HEIGHT="36" CONTENT="à" WC="0.56" CC="4"/>
						<SP ID="P1_SP00353" HPOS="1504" VPOS="3635" WIDTH="25"/>
						<String ID="P1_ST00388" HPOS="1529" VPOS="3577" WIDTH="39" HEIGHT="40" CONTENT="la" WC="0.77" CC="40"/>
						<SP ID="P1_SP00354" HPOS="1568" VPOS="3635" WIDTH="22"/>
						<String ID="P1_ST00389" HPOS="1590" VPOS="3576" WIDTH="148" HEIGHT="42" CONTENT="bonne" WC="0.99" CC="00230"/>
						<SP ID="P1_SP00355" HPOS="1738" VPOS="3635" WIDTH="24"/>
						<String ID="P1_ST00390" HPOS="1762" VPOS="3580" WIDTH="174" HEIGHT="49" CONTENT="époque" WC="1.00" CC="000060"/>
						<SP ID="P1_SP00356" HPOS="1936" VPOS="3635" WIDTH="20"/>
						<String ID="P1_ST00391" HPOS="1956" VPOS="3588" WIDTH="7" HEIGHT="27" CONTENT=":" WC="0.29" CC="7"/>
						<SP ID="P1_SP00357" HPOS="1963" VPOS="3635" WIDTH="25"/>
						<String ID="P1_ST00392" HPOS="1988" VPOS="3575" WIDTH="39" HEIGHT="41" CONTENT="le" WC="1.00" CC="00"/>
						<SP ID="P1_SP00358" HPOS="2027" VPOS="3635" WIDTH="23"/>
						<String ID="P1_ST00393" HPOS="2050" VPOS="3589" WIDTH="118" HEIGHT="28" CONTENT="com-" WC="0.62" CC="0373"/>
					</TextLine>
				</TextBlock>
				<TextBlock ID="P1_TB00005" HPOS="257" VPOS="3663" WIDTH="121" HEIGHT="36" STYLEREFS="TXT_8 PAR_LEFT">
					<TextLine ID="P1_TL00036" HPOS="257" VPOS="3665" WIDTH="119" HEIGHT="34">
						<String ID="P1_ST00394" HPOS="257" VPOS="3666" WIDTH="42" HEIGHT="31" CONTENT="R." WC="0.61" CC="42"/>
						<SP ID="P1_SP00359" HPOS="299" VPOS="3697" WIDTH="28"/>
						<String ID="P1_ST00395" HPOS="327" VPOS="3665" WIDTH="49" HEIGHT="34" CONTENT="M." WC="0.58" CC="34"/>
					</TextLine>
				</TextBlock>
				<TextBlock ID="P1_TB00006" HPOS="2042" VPOS="3664" WIDTH="13" HEIGHT="27" STYLEREFS="TXT_8 PAR_RIGHT">
					<TextLine ID="P1_TL00037" HPOS="2046" VPOS="3668" WIDTH="9" HEIGHT="21">
						<String ID="P1_ST00396" HPOS="2046" VPOS="3668" WIDTH="9" HEIGHT="21" CONTENT="I" WC="0.38" CC="6"/>
					</TextLine>
				</TextBlock>
				<TextBlock ID="P1_TB00007" HPOS="1497" VPOS="1391" WIDTH="167" HEIGHT="57" STYLEREFS="TXT_4 PAR_RIGHT">
					<TextLine ID="P1_TL00038" HPOS="1498" VPOS="1393" WIDTH="165" HEIGHT="54">
						<String ID="P1_ST00397" HPOS="1498" VPOS="1393" WIDTH="165" HEIGHT="54" CONTENT="(suite)," WC="0.98" CC="60026277"/>
					</TextLine>
				</TextBlock>
				<TextBlock ID="P1_TB00008" HPOS="1032" VPOS="758" WIDTH="306" HEIGHT="39" STYLEREFS="TXT_0 PAR_RIGHT">
					<TextLine ID="P1_TL00039" HPOS="1033" VPOS="759" WIDTH="305" HEIGHT="38">
						<String ID="P1_ST00398" HPOS="1033" VPOS="759" WIDTH="45" HEIGHT="37" CONTENT="15" WC="0.23" CC="86"/>
						<SP ID="P1_SP00360" HPOS="1078" VPOS="796" WIDTH="31"/>
						<String ID="P1_ST00399" HPOS="1109" VPOS="759" WIDTH="229" HEIGHT="38" CONTENT="Novembre" WC="0.99" CC="00500735"/>
					</TextLine>
				</TextBlock>
				<TextBlock ID="P1_TB00009" HPOS="193" VPOS="757" WIDTH="631" HEIGHT="48" STYLEREFS="TXT_9 PAR_LEFT">
					<TextLine ID="P1_TL00040" HPOS="195" VPOS="758" WIDTH="629" HEIGHT="47">
						<String ID="P1_ST00400" HPOS="195" VPOS="760" WIDTH="54" HEIGHT="36" CONTENT="N°" WC="0.27" CC="68"/>
						<SP ID="P1_SP00361" HPOS="249" VPOS="796" WIDTH="27"/>
						<String ID="P1_ST00401" HPOS="276" VPOS="759" WIDTH="64" HEIGHT="37" CONTENT="22" WC="1.00" CC="00"/>
						<SP ID="P1_SP00362" HPOS="340" VPOS="796" WIDTH="29"/>
						<String ID="P1_ST00402" HPOS="369" VPOS="758" WIDTH="260" HEIGHT="47" CONTENT="(huitième" WC="0.99" CC="935000704"/>
						<SP ID="P1_SP00363" HPOS="629" VPOS="805" WIDTH="24"/>
						<String ID="P1_ST00403" HPOS="653" VPOS="760" WIDTH="171" HEIGHT="44" CONTENT="année)" WC="0.97" CC="557403"/>
					</TextLine>
				</TextBlock>
				<TextBlock ID="P1_TB00010" HPOS="2014" VPOS="754" WIDTH="95" HEIGHT="39" STYLEREFS="TXT_0 PAR_RIGHT">
					<TextLine ID="P1_TL00041" HPOS="2015" VPOS="756" WIDTH="94" HEIGHT="37">
						<String ID="P1_ST00404" HPOS="2015" VPOS="756" WIDTH="94" HEIGHT="37" CONTENT="1908" WC="0.41" CC="7554"/>
					</TextLine>
				</TextBlock>
			</PrintSpace>
		</Page>
	</Layout>
</alto>
