2321 3970
769 283 146 28 COURS
950 284 58 26 DU
1044 274 204 35 COLLÈGE
1283 281 56 26 DE
1375 275 171 32 FRANCË

228 331 0 0 592

150 383 94 40 duit
259 387 22 35 à
300 395 57 26 un
374 375 202 52 récitatif,
596 376 63 40 les
677 375 163 41 danses
857 378 22 36 à
898 373 77 41 des
994 372 206 41 marches
1217 369 225 54 rythmées
1456 377 41 32 et
1514 372 22 37 à
1554 380 90 29 une
1665 368 221 52 mimique
1910 369 272 51 expressive.

148 450 87 41 Les
252 449 156 40 Latins
428 446 244 52 emploient
695 445 40 39 la
757 444 120 45 flûte,
905 442 125 40 selon
1051 442 172 49 l'usage
1239 453 105 38 grec
1368 453 9 35 ;
1404 439 63 40 les
1489 436 138 43 Grecs
1648 436 38 41 la
1706 437 199 40 tenaient
1928 437 79 40 des
2024 436 134 43 Orien-

150 528 101 31 taux
276 514 392 48 d'Asie-Mineure,
708 514 74 52 qui
815 515 278 38 eux-mêmes
1131 510 39 40 la
1197 510 197 40 tenaient
1424 505 348 56 probablement
1802 505 79 42 des
1904 505 271 54 Egyptiens.

148 586 97 41 Elle
267 588 144 49 paraît
434 585 124 39 avoir
576 587 68 36 été
666 582 243 41 introduite
931 581 113 40 dans
1067 580 40 40 le
1146 579 154 40 drame
1336 590 130 40 parce
1491 575 162 54 qu'elle
1689 576 164 40 imitait
1890 580 87 36 très
2012 575 104 42 bien
2146 576 38 41 le

148 656 195 49 langage
370 654 207 51 tragique
600 653 54 39 de
677 652 39 39 la
752 650 205 48 douleur,
982 649 63 40 les
1062 649 351 51 gémissements
1439 657 8 28 :
1472 646 178 52 d'après
1674 644 40 41 la
1750 645 192 51 légende
1970 658 211 40 grecque,

148 723 83 41 elle
254 724 145 40 aurait
435 726 68 36 été
532 722 206 39 inventée
758 733 114 39 pour
903 718 261 53 reproduire
1195 717 78 40 des
1297 715 206 51 sanglots
1519 729 10 34 ;
1557 729 56 26 au
1645 713 140 42 début
1822 714 79 41 des
1938 713 246 42 Chevaliers

149 790 363 53 d'Aristophane,
535 805 41 25 v.
602 804 23 37 9
649 798 40 32 et
712 802 63 37 10,
801 789 28 40 il
853 803 26 37 y
903 802 21 26 a
949 801 87 27 une
1053 786 186 53 parodie
1263 787 75 51 qui
1363 783 219 42 concorde
1606 797 108 27 avec
1736 792 112 32 cette
1866 783 114 41 idée.
2008 783 120 42 C'est
2162 789 21 36 à

147 873 132 28 cause
294 860 53 40 de
363 873 47 27 ce
433 864 220 36 caractère
676 856 192 54 plaintif,
886 862 86 34 très
994 854 277 42 convenable
1285 858 22 35 à
1324 867 87 28 une
1425 853 143 41 forme
1586 851 113 42 d'art
1718 854 76 51 qui
1812 853 93 40 doit
1925 866 258 40 provoquer

149 941 21 25 «
195 938 169 31 terreur
392 937 41 32 et
463 929 106 51 pitié
594 940 36 35 »,
662 940 85 39 que
775 926 62 40 les
871 924 219 43 Romains
1125 924 307 52 employaient
1465 922 39 41 la
1530 922 105 41 flûte
1667 922 112 41 dans
1808 922 64 41 les
1899 921 281 43 funérailles.

148 997 188 41 Cicéron
356 997 62 40 dit
441 997 70 49 (de
531 994 192 55 Legibus
729 1028 9 17 ,
766 1009 47 37 11,
837 995 70 49 23)
935 1007 85 39 que
1040 1007 114 39 pour
1177 1001 158 33 mettre
1358 1005 88 28 une
1469 992 141 40 limite
1636 996 21 36 à
1683 991 78 41 des
1784 991 223 53 dépenses
2030 1005 127 28 exces-

149 1067 131 48 sives,
308 1067 39 39 la
373 1066 58 40 loi
452 1065 79 41 des
553 1064 152 41 Douze
728 1063 166 41 Tables
918 1064 119 41 avait
1060 1062 195 41 défendu
1278 1061 136 54 qu'on
1434 1061 231 53 employât
1681 1060 103 54 plus
1808 1060 54 42 de
1885 1060 73 41 dix
1990 1062 191 41 flûtistes

149 1135 112 40 dans
284 1135 63 40 les
367 1135 275 40 cérémonies
660 1132 226 42 funèbres.
913 1131 88 41 Des
1025 1131 113 42 deux
1160 1131 129 41 tubes
1314 1135 21 35 à
1361 1130 310 41 embouchure
1704 1143 243 28 commune
1966 1130 113 41 dans
2099 1131 63 42 les-

149 1204 127 51 quels
300 1203 192 41 soufflait
515 1203 38 40 le
570 1203 165 40 flûtiste
758 1201 192 54 primitif
971 1206 129 48 après
1140 1202 125 39 avoir
1285 1204 132 49 passé
1439 1213 90 28 une
1552 1202 207 39 courroie
1791 1199 55 41 de
1869 1201 95 40 cuir
1988 1198 196 56 (cpopêsi'a,

147 1290 149 34 cjxofjuç,
556 1269 247 56 capistrum)
823 1279 162 32 autour
1015 1270 55 41 de
1094 1284 46 26 sa
1164 1274 86 36 tête
1272 1278 42 32 et
1335 1284 76 26 sur
1431 1283 71 27 ses
1526 1270 142 53 joues,
1693 1269 112 41 celui
1827 1269 54 41 de
1905 1269 145 41 droite
2068 1269 90 54 s'ap-

149 1340 150 53 pelait,
325 1341 125 40 selon
474 1339 191 51 Varron,
695 1353 19 25 «
740 1339 108 41 tibia
871 1338 217 42 incentiva
1109 1352 38 37 »,
1175 1352 46 27 ce
1244 1339 179 41 dernier
1446 1347 93 32 mot
1575 1343 122 37 étant
1737 1337 144 43 formé
1901 1338 55 41 de
1980 1337 47 41 in
2064 1347 42 32 et
2128 1339 55 41 de

147 1415 144 34 cantus
316 1420 8 37 ;
360 1410 28 39 il
411 1410 139 52 jouait
576 1409 115 41 donc
715 1408 39 41 le
784 1408 148 41 thème
966 1408 221 52 principal
1208 1419 8 38 ;
1243 1408 113 41 celui
1393 1408 53 40 de
1475 1408 177 50 gauche
1683 1408 132 51 (tibia
1841 1408 244 41 succentiva
2093 1439 8 16 ,
2128 1408 52 41 de

147 1477 76 41 sub
242 1486 42 33 et
300 1477 55 41 de
374 1483 166 45 cantus)
562 1476 182 42 formait
777 1477 464 53 l'accompagnement
1276 1477 54 40 de
1357 1477 39 40 la
1429 1477 210 40 mélodie.
1667 1475 90 43 Sur
1805 1477 39 40 la
1877 1479 306 40 construction

149 1550 144 37 même
316 1547 53 40 de
393 1546 316 48 l'instrument,
730 1559 114 28 nous
861 1561 55 26 ne
939 1560 165 27 savons
1130 1549 93 38 rien
1241 1545 54 42 de
1315 1547 161 52 précis.
1501 1545 88 42 Les
1610 1546 276 53 hypothèses
1909 1551 273 38 récemment

147 1614 129 41 faites
298 1616 100 51 (par
421 1615 39 40 le
482 1615 264 53 philologue
780 1617 240 39 américain
1056 1614 52 42 A.
1136 1615 217 48 Howard,
1382 1615 114 41 dans
1530 1616 163 41 l'étude
1733 1615 86 41 The
1843 1616 123 41 anlos
1989 1631 49 26 or
2059 1616 121 52 tibia,

150 1683 202 41 Harvard
377 1682 201 50 Studies,
603 1685 122 52 1893)
750 1698 70 27 me
850 1684 222 41 semblent
1096 1684 101 53 plus
1220 1686 290 49 ingénieuses
1535 1698 86 39 que
1646 1685 183 41 solides.
1855 1684 32 42 Il
1911 1685 171 42 semble
2108 1700 48 27 ce-

150 1752 197 53 pendant
372 1766 86 39 que
481 1752 38 41 le
543 1761 92 32 mot
660 1766 20 25 «
702 1753 105 41 flûte
832 1766 19 25 »
872 1755 86 39 soit
982 1753 102 41 bien
1101 1767 163 37 vague,
1291 1763 41 31 et
1356 1758 145 36 même
1526 1753 104 42 bien
1651 1756 248 51 impropre,
1925 1768 116 40 pour
2061 1755 95 41 dési-

147 1834 111 37 gner
277 1830 64 32 cet
364 1823 285 47 instrument,
675 1824 75 50 qui
773 1831 93 32 tout
888 1837 54 26 au
967 1824 147 39 moins
1139 1837 21 25 a
1180 1822 173 41 évolué.
1382 1822 31 42 Il
1439 1825 118 40 avait
1581 1838 88 27 une
1689 1827 201 38 sonorité
1914 1827 75 51 qui
2020 1825 40 41 le
2083 1839 72 39 rap-

148 1890 250 52 procherait
435 1890 145 52 plutôt
602 1890 54 41 de
679 1900 128 32 notre
829 1891 245 41 clarinette.
1102 1890 63 42 Le
1201 1900 93 32 mot
1322 1891 163 54 jSogêoi;,
1511 1893 210 53 employé
1744 1908 81 38 par
1860 1894 65 41 les
1950 1893 140 43 Grecs
2125 1893 59 54 (et

147 1958 107 41 dont
289 1968 126 32 notre
451 1958 213 42 Rabelais
705 1973 21 26 a
771 1959 77 42 fait
897 1959 272 54 bombyciner
1203 1973 55 27 en
1302 1961 177 52 parlant
1522 1962 53 41 de
1611 1962 40 40 la
1693 1961 251 52 Chimère),
1972 1964 210 41 n'éveille

147 2032 137 45 guère
307 2027 128 40 l'idée
454 2026 105 42 d'un
583 2041 80 27 son
687 2029 99 51 pâle
821 2037 41 32 et
894 2043 167 38 pauvre
1093 2042 55 27 en
1172 2029 342 54 harmoniques.
1542 2029 37 42 A
1603 2029 208 56 l'époque
1833 2031 271 52 d'Auguste,
2140 2034 40 40 la

150 2109 19 24 «
188 2096 135 40 flûte»
340 2109 54 28 ne
410 2097 191 40 méritait
615 2099 319 39 certainement
950 2098 99 53 plus
1065 2098 38 41 le
1119 2111 106 28 nom
1239 2112 86 39 que
1340 2112 115 28 nous
1471 2100 61 40 lui
1544 2100 212 42 donnons
1771 2115 9 36 ;
1794 2100 179 54 d'après
1989 2102 193 49 Horace,

147 2177 113 40 pour
282 2163 160 51 l'éclat,
463 2165 84 40 elle
570 2168 118 38 avait
707 2166 79 41 des
805 2166 89 41 clés
919 2180 54 27 en
997 2168 134 40 métal
1156 2176 41 32 et
1220 2167 85 41 elle
1338 2182 19 24 «
1382 2168 216 42 rivalisait
1622 2184 97 26 avec
1742 2170 40 41 la
1810 2177 223 47 trompette
2057 2185 19 25 »
2102 2188 8 26 :

862 2297 43 8 ...
924 2272 196 33 Orichalco
1143 2272 121 34 vincta
1284 2274 175 41 tubasque

656 2320 158 33 iEmula.

209 2435 398 56 Rappelons-nous
626 2453 86 39 que
727 2438 301 45 l'instrument
1048 2445 216 39 construit
1285 2458 82 38 par
1389 2443 182 42 Denner
1594 2458 54 28 en
1676 2457 105 41 1700
1804 2446 65 42 fut
1883 2448 161 52 appelé
2060 2449 109 41 clari

153 2512 107 34 nette
268 2538 8 17 ,
297 2508 58 39 du
380 2516 90 32 mot
493 2508 152 41 italien
667 2509 184 48 clarino,
867 2519 252 44 trompette,
1143 2526 46 26 ce
1210 2514 76 51 qui
1305 2511 224 43 s'accorde
1551 2528 104 27 avec
1673 2515 39 40 le
1728 2525 91 31 mot
1833 2516 236 43 d'Horace.
2089 2518 97 42 Une

152 2575 228 40 évolution
402 2576 223 50 analogue
651 2575 128 54 (dans
800 2578 39 40 le
862 2591 102 28 sens
1001 2578 132 42 d'une
1157 2583 200 39 sonorité
1374 2582 101 52 plus
1495 2584 190 52 grande)
1710 2587 201 50 pourrait
1935 2590 92 39 être
2062 2601 100 28 cons-

153 2647 114 36 tatée
280 2643 112 40 dans
409 2646 191 39 certains
616 2659 163 37 usages
792 2646 54 40 de
863 2647 40 40 la
919 2650 210 50 musique
1147 2650 229 41 moderne.
1391 2650 123 42 Dans
1529 2652 65 40 les
1612 2653 270 50 orchestres,
1897 2655 40 41 la
1955 2657 233 42 clarinette

153 2724 54 28 en
240 2717 58 44 ut,
331 2725 102 27 avec
456 2713 77 41 des
554 2726 106 28 sons
682 2714 148 52 clairs,
853 2730 59 26 un
948 2730 86 39 peu
1054 2717 108 41 durs
1185 2727 42 32 et
1248 2718 149 50 rudes,
1423 2729 67 32 est
1510 2721 251 53 remplacée
1784 2738 81 38 par
1889 2725 39 40 la
1955 2726 232 42 clarinette

154 2792 54 28 en
228 2794 34 25 si
294 2779 42 52 t>,
364 2782 74 51 qui
463 2795 21 26 a
528 2782 76 41 des
644 2796 107 28 sons
791 2784 145 53 pleins
955 2795 42 32 et
1021 2786 101 53 plus
1161 2801 106 37 gras
1293 2801 9 27 :
1328 2790 114 39 ainsi
1464 2790 112 41 dans
1598 2791 64 42 les
1688 2802 264 33 ouvertures
1978 2795 54 41 de
2062 2795 127 41 Titus

153 2847 225 53 (Mozart),
404 2850 112 40 delà
546 2849 163 43 Vestale
715 2883 10 17 ,
751 2853 53 40 de
834 2852 167 51 Cortez,
1042 2855 249 57 à'Olympia
1316 2855 271 56 (Spontini),
1614 2869 88 33 etc.

212 2916 89 42 Sur
322 2920 216 39 certaines
563 2921 236 41 modalités
822 2923 59 40 du
899 2923 154 42 drame
1070 2925 192 53 lyrique,
1288 2927 105 41 chez
1427 2928 63 41 les
1517 2928 239 51 Romains,
1779 2940 41 32 et
1857 2946 76 27 sur
1958 2933 63 41 les
2044 2939 120 49 repré-

158 2987 263 47 sentations,
463 3001 114 28 nous
599 3003 139 28 avons
762 2992 218 53 quelques
1006 2996 389 49 renseignements
1420 2996 303 52 significatifs.
1754 3000 56 41 Ils
1834 3015 56 28 ne
1923 3012 101 33 sont
2062 3018 80 39 pas
2168 3009 21 36 à

159 3053 236 42 l'honneur
418 3056 52 40 de
487 3056 168 53 l'esprit
694 3062 236 51 artistique
950 3071 40 32 et
1011 3064 58 39 du
1103 3069 110 45 goût
1237 3065 78 41 des
1335 3064 175 51 Latins,
1550 3070 150 39 moins
1721 3074 152 48 portés
1889 3085 99 28 vers
2022 3073 166 53 l'opéra

160 3135 84 38 que
268 3136 97 27 vers
389 3124 37 40 le
449 3127 166 50 ciique.
653 3127 70 41 Un
760 3130 112 50 jour,
900 3131 38 39 le
974 3131 152 52 public
1150 3137 155 37 écoute
1328 3148 87 27 une
1433 3137 201 41 comédie
1658 3139 54 40 de
1736 3139 197 42 Térence
1957 3157 8 33 ;
1994 3144 116 39 mais
2132 3156 58 28 on

159 3193 199 50 apprend
379 3192 164 53 qu'une
566 3203 157 45 troupe
746 3198 53 39 de
819 3197 289 44 funambules
1131 3204 120 39 vient
1271 3203 54 40 de
1351 3202 243 45 s'installer
1618 3211 22 36 à
1665 3210 96 39 côté
1784 3209 60 41 du
1863 3210 174 43 théâtre
2055 3223 8 28 :
2090 3226 76 28 aus-

160 3260 120 48 sitôt,
306 3261 61 39 les
388 3262 185 50 gradins
602 3272 100 33 sont
734 3266 308 52 abandonnés,
1065 3278 40 33 et
1130 3270 39 41 le
1203 3276 129 48 poète
1357 3282 115 32 reste
1507 3275 94 41 seul
1634 3290 106 28 avec
1764 3278 64 41 les
1872 3289 176 33 acteurs
2077 3290 43 33 et
2144 3295 47 27 sa

161 3329 137 50 pièce.
324 3329 71 41 On
419 3333 84 39 sait
527 3346 86 38 que
635 3334 113 40 dans
773 3335 39 40 la
838 3338 121 50 pièce
991 3336 260 56 d'Euripide
1275 3354 173 29 comme
1471 3344 112 41 dans
1602 3345 166 54 l'opéra
1795 3348 54 41 de
1872 3347 163 51 Gluck,
2073 3350 95 55 Iphi-

162 3399 129 47 genie
315 3412 45 26 se
385 3401 106 39 îend
516 3405 22 36 à
564 3402 9 39 1
595 3404 129 51 appel
745 3405 54 40 de
823 3418 81 28 son
926 3413 102 46 père
1049 3407 320 52 Agamemnon
1394 3426 104 28 avec
1522 3429 61 26 un
1606 3422 181 46 cortège
1809 3417 55 42 de
1882 3420 156 51 jeunes
2057 3419 130 50 filles,

162 3466 52 39 de
233 3481 19 25 \
432 3471 105 40 dont
562 3472 38 38 la
626 3472 100 51 joue
769 3487 45 27 se
837 3476 148 41 colore
1016 3478 54 40 de
1095 3478 189 52 pudeur,
1310 3480 63 41 dit
1390 3481 40 41 le
1451 3490 129 45 poète
1603 3499 121 36 grec,
1752 3501 56 27 au
1851 3490 211 42 moindre
2098 3498 92 34 mot

163 3532 215 44 blessant.
404 3535 190 55 Ennius,
620 3542 75 51 qui
718 3541 79 41 fait
816 3557 156 38 passer
991 3560 46 26 ce
1061 3549 114 50 sujet
1195 3560 76 28 sur
1291 3548 39 41 la
1354 3556 130 36 scène
1508 3552 154 51 latine,
1682 3563 156 35 trouve
1863 3572 86 38 que
1970 3574 47 26 ce
2037 3560 154 41 chœur

164 3603 52 39 de
239 3605 152 50 jeunes
413 3605 112 42 filles
542 3617 64 32 est
626 3619 95 43 trop
739 3610 114 51 fade,
878 3623 40 30 et
942 3615 28 39 il
987 3615 38 40 le
1048 3617 221 52 remplace
1291 3633 79 37 par
1385 3635 59 26 un
1462 3621 157 43 chœur
1638 3624 54 41 de
1713 3626 173 42 soldats
1903 3630 77 49 qui
1998 3628 97 43 font
2111 3629 77 40 des
