2321 3970
258 330 0 0 602

932 302 123 30 ESSAI
1090 304 86 29 SUR
1211 305 52 28 LA
1298 307 152 26 GAMME

176 402 136 41 verte,
340 395 210 51 quoique,
574 397 35 37 si
634 395 10 40 1
665 408 56 27 on
744 397 232 42 considère
996 398 39 41 le
1053 399 284 52 phénomène
1362 402 266 51 mécanique
1649 414 133 28 cause
1806 402 56 41 de
1884 403 39 40 la
1952 407 246 51 sensation,

175 461 28 39 il
220 476 27 37 y
270 463 58 38 ait
352 461 119 48 bien,
497 462 112 43 dans
634 463 63 41 les
719 465 113 41 deux
856 480 89 35 cas,
961 481 60 26 un
1045 477 184 44 rapport
1251 477 125 33 entre
1394 469 113 41 deux
1531 468 280 54 fréquences.

228 527 226 51 L'auteur,
474 542 261 42 comparant
757 534 63 41 les
845 537 257 40 sensations
1129 538 229 52 produites
1382 552 81 39 par
1487 539 63 41 les
1576 552 109 28 sons
1711 543 22 37 à
1752 540 134 41 celles
1909 557 87 37 que
2018 544 155 45 produi-

173 606 95 31 sent
294 598 61 40 les
374 599 221 52 couleurs,
618 602 205 53 explique
848 604 39 40 la
912 604 240 42 différence
1175 620 144 38 parce
1342 606 79 42 fait
1446 621 85 39 que
1556 609 64 40 les
1643 608 254 43 vibrations
1921 611 277 45 lumineuses

173 665 62 40 les
255 668 145 39 moins
423 669 175 52 rapides
623 680 100 31 sont
743 686 60 26 un
828 673 174 44 million
1020 674 54 40 de
1101 674 221 42 milliards
1342 676 56 41 de
1433 676 87 42 fois
1542 677 100 53 plus
1666 679 181 52 rapides
1869 694 87 39 que
1980 681 134 42 celles
2138 683 54 42 du

171 733 40 40 la
248 736 190 39 normal.
465 736 117 42 Mais
603 738 270 54 qu'importe
897 755 86 39 que
1006 742 40 40 la
1071 742 245 53 fréquence
1345 743 136 42 d'une
1517 755 104 32 note
1658 748 218 40 musicale
1917 752 86 38 soit
2027 752 141 40 incom-

171 802 309 52 parablement
504 806 100 52 plus
640 810 134 49 petite
799 823 85 39 que
908 810 108 40 celle
1039 809 133 44 d'une
1202 813 202 51 couleur,
1430 816 37 39 si
1491 815 84 40 elle
1597 824 66 32 est
1686 829 162 28 encore
1872 831 126 28 assez
2022 821 173 51 grande

172 884 111 38 pour
302 886 55 26 ne
390 887 79 37 pas
503 878 91 37 être
614 889 159 39 perçue
796 891 175 28 comme
995 879 116 52 telle,
1137 889 41 32 et
1201 895 115 39 pour
1337 881 175 43 fournir
1532 898 55 27 au
1611 887 223 40 contraire
1854 901 86 27 une
1966 890 228 41 sensation

171 942 208 39 continue
402 940 15 40 ?

228 1006 67 41 M.
322 1007 230 45 Gandillot
569 1010 143 53 figure
734 1023 112 32 cette
861 1019 315 50 comparaison
1201 1019 54 41 de
1278 1018 264 55 fréquences
1557 1037 79 38 par
1650 1038 60 26 un
1732 1025 182 41 schéma
1939 1027 254 54 graphique

169 1081 86 35 tiès
275 1079 219 50 expiessif
520 1089 41 31 et
601 1087 87 36 très
712 1083 129 52 juste,
881 1099 79 37 par
983 1100 59 26 un
1065 1089 188 39 vernier.
1281 1088 63 41 Ce
1378 1089 180 42 schéma
1595 1091 79 42 fait
1710 1095 298 52 comprendre
2053 1098 134 51 qu'on

167 1146 149 49 puisse
338 1148 253 41 considérer
607 1164 58 26 un
685 1161 181 43 rapport
886 1153 54 41 de
967 1154 265 54 fréquences
1252 1171 175 28 comme
1442 1159 100 52 plus
1560 1161 161 53 simple
1746 1164 138 52 qu'un
1906 1178 21 26 a
1940 1173 112 33 utre.
2075 1164 117 44 Mais

167 1212 201 43 dessinez
409 1229 75 27 sur
506 1216 57 42 du
589 1220 155 50 papier
792 1220 131 42 blanc
947 1237 59 26 un
1028 1227 178 39 vernier
1227 1227 233 42 circulaire
1485 1232 20 37 à
1530 1232 108 38 trois
1679 1232 221 41 divisions
1933 1234 59 40 du
2017 1237 175 39 vernier

166 1294 113 37 pour
319 1283 111 41 deux
474 1285 221 43 divisions
743 1289 59 41 du
839 1290 152 42 limbe.
1034 1291 255 45 Animez-le
1332 1296 104 41 d'un
1478 1310 290 32 mouvement
1824 1303 216 49 giratoire
2076 1305 114 52 juste

167 1363 122 27 assez
333 1354 153 50 rapide
524 1368 113 38 pour
679 1371 85 38 que
799 1359 62 40 les
902 1362 125 41 traits
1050 1376 55 27 ne
1145 1377 45 27 se
1229 1364 283 53 distinguent
1549 1368 102 52 plus
1681 1374 22 36 à
1730 1368 105 43 l'œil
1881 1371 64 42 les
1984 1387 85 27 uns
2112 1374 76 42 des

165 1428 147 32 autres
334 1453 7 7 .
367 1435 112 27 vous
520 1437 149 28 verrez
706 1426 113 41 deux
855 1429 171 41 bandes
1065 1434 254 48 continues,
1359 1435 56 41 de
1453 1451 176 27 nuance
1670 1440 307 50 inégalement
2015 1441 170 52 foncée,

164 1498 266 41 permettant
455 1505 159 28 encore
635 1507 114 39 pour
769 1495 11 40 1
799 1497 74 40 œil
896 1512 86 28 une
1018 1504 316 50 comparaison
1357 1513 123 32 entre
1503 1506 115 41 deux
1652 1523 215 34 nuances,
1909 1509 277 45 c'est-à-dire

162 1566 122 31 entre
307 1559 112 40 deux
441 1560 306 52 phénomènes
768 1564 231 54 subjectifs
1016 1571 206 40 continus
1245 1578 158 36 causés
1427 1589 80 37 par
1524 1575 113 42 deux
1650 1577 311 52 phénomènes
1981 1580 204 54 objectifs

160 1625 300 44 discontinus.
475 1629 33 40 11
525 1644 55 27 en
603 1646 52 25 va
674 1632 54 40 de
752 1637 145 39 même
912 1636 78 41 des
1011 1650 106 28 sons
1140 1642 247 50 musicaux,
1406 1653 41 31 et
1462 1643 40 40 la
1528 1650 360 47 représentation
1908 1650 54 40 de
1980 1649 62 42 M.
2061 1649 93 44 Gan-

160 1693 126 40 dillot
308 1710 79 36 par
410 1697 38 39 le
468 1700 195 47 vernier,
685 1710 96 33 tout
811 1717 55 28 en
889 1705 261 53 expliquant
1175 1709 315 52 parfaitement
1515 1713 63 41 les
1618 1718 251 50 propriétés
1891 1722 293 51 numériques

156 1760 78 41 des
277 1765 256 41 intervalles
556 1770 248 52 musicaux,
848 1773 252 56 n'explique
1125 1777 248 44 nullement
1397 1780 40 41 la
1479 1786 317 50 comparaison
1820 1787 80 40 des
1924 1791 258 40 sensations

159 1834 420 49 correspondantes.

211 1898 125 41 Ainsi
362 1901 113 41 donc
491 1903 38 40 la
545 1906 238 52 simplicité
800 1910 183 42 relative
1002 1913 79 40 des
1103 1925 206 43 rapports
1326 1930 237 40 purement
1580 1925 297 52 numériques
1902 1940 113 28 nous
2035 1933 146 47 paraît

153 1970 94 36 être
268 1983 85 25 une
373 1970 95 41 idée
494 1973 481 56 mathématiquement
990 1982 334 52 inintelligible,
1346 1996 41 32 et
1407 1988 40 41 la
1463 1988 165 44 facilité
1653 1992 185 42 relative
1862 1995 54 40 de
1931 2001 221 49 comparai-

153 2048 80 27 son
258 2037 76 40 des
359 2038 261 54 fréquences
637 2043 282 52 vibratoires,
943 2063 85 27 une
1052 2052 98 40 idée
1169 2067 60 26 un
1253 2068 84 38 peu
1359 2071 163 36 vague,
1549 2068 57 41 et,
1619 2074 55 27 en
1697 2071 93 32 tout
1806 2078 91 34 cas,
1924 2079 91 28 non
2034 2068 118 53 appli-

150 2103 126 41 cable
300 2120 83 26 aux
399 2112 254 39 sensations
665 2115 254 41 musicales:
941 2116 89 43 Dès
1047 2119 106 50 lors,
1175 2121 38 42 le
1227 2125 198 50 postulat
1444 2128 152 52 risque
1614 2128 86 43 fort
1717 2130 138 43 d'être
1872 2133 306 46 difficilement

152 2179 175 46 accepté
344 2189 25 25 a
387 2177 142 52 priori
550 2192 79 38 par
653 2195 57 26 un
734 2186 231 40 musicien.
989 2185 156 54 Est-il,
1171 2205 114 38 pour
1309 2205 170 38 autant,
1507 2201 22 35 à
1556 2211 240 39 repousser
1818 2201 358 47 définitivement

150 2253 104 28 sans
290 2253 126 31 autre
456 2253 218 36 examen?
709 2248 119 51 Non,
865 2267 74 28 car
980 2269 114 29 nous
1120 2272 53 28 ne
1213 2261 296 45 démontrons
1532 2281 81 38 pas
1637 2269 108 52 qu'il
1777 2272 86 40 soit
1886 2271 118 43 faux.
2048 2274 127 44 Nous

148 2322 194 29 sommes
362 2312 113 42 donc
495 2323 128 34 tenus
640 2318 53 40 de
714 2319 233 44 l'attendre
967 2339 84 27 aux
1085 2333 352 49 conséquences.

204 2377 144 43 Avant
367 2381 52 40 de
440 2383 127 51 juger
601 2386 36 40 le
672 2391 202 48 postulat
910 2406 82 38 par
1030 2408 71 28 ses
1137 2404 354 49 conséquences,
1514 2405 28 39 il
1563 2404 114 43 n'est
1718 2414 220 46 peut-être
1963 2427 80 38 pas
2067 2429 106 28 sans

146 2452 156 36 intérêt
325 2450 53 39 de
403 2451 37 39 le
463 2465 232 40 comparer
710 2460 21 37 à
757 2473 59 26 un
840 2462 201 53 principe
1075 2467 559 60 psycho-physiologique
1657 2480 325 50 expérimental
2008 2486 142 40 actuel-

142 2526 164 79 lement
345 2531 54 28 en
415 2520 224 50 honneur,
679 2527 207 53 employé
924 2544 115 38 pour
1062 2533 274 46 déterminer
1359 2539 64 41 les
1446 2542 162 51 degrés
1643 2545 55 41 de
1724 2554 187 45 parenté
1933 2551 78 42 des
2036 2567 125 29 sons,

183 2597 21 26 e
244 2600 213 40 principe,
498 2589 247 56 développé
787 2607 176 33 surtout
999 2615 81 38 par
1113 2603 105 42 Cari
1253 2605 188 56 Stumpf
1472 2609 59 54 (i)
1568 2626 108 29 sous
1717 2615 39 41 le
1797 2631 106 28 nom
1947 2621 55 41 de
2051 2622 84 42 Ton-

139 2652 347 57 versehmelzung
514 2657 170 50 (fusion
705 2662 79 42 des
802 2669 140 49 sons),
969 2681 218 42 remonte,
1211 2688 106 28 avec
1341 2678 195 54 quelque
1559 2682 320 55 changement,
1905 2693 21 36 à
1947 2690 218 54 Aristote,

141 2733 75 37 qui
260 2721 11 39 1
293 2724 173 51 appelle
489 2734 179 64 xpàcrtç.

196 2798 46 42 Sl
265 2801 10 40 1
296 2815 57 28 on
375 2803 78 43 h*
475 2810 214 42 entendre
722 2814 366 47 simultanément
1107 2822 115 42 deux
1246 2838 106 29 sons
1377 2831 75 50 qui
1472 2845 56 28 ne
1552 2832 205 46 diffèrent
1779 2852 86 39 que
1886 2854 81 39 par
1990 2842 39 41 la
2051 2844 87 43 hau-

138 2875 111 41 teui,
300 2874 151 40 oreille
475 2877 183 53 analyse
682 2881 100 52 plus
802 2897 56 28 ou
896 2889 148 40 moins
1073 2889 255 48 facilement
1352 2897 303 54 l'impressiqn
1688 2903 277 48 d'ensemble
1986 2915 180 41 suivant

136 2953 291 90 reconnaîtm
717 2963 59 80 n°
783 2965 51 28 DS
841 2984 8 9 '
874 2952 230 46 Parexem
1110 2974 27 38 P
1143 2960 39 41 Ie
1188 2993 10 16 '
1221 2976 27 38 P
1253 2976 83 28 our
1358 2965 267 49 l'intervalle
1646 2972 55 42 de
1738 2979 211 49 seconde,
1977 2977 186 49 l'oreille

136 3017 226 33 reconnaît
384 3018 202 46 toujours
611 3029 59 40 qu
688 3018 83 42 elle
790 3034 22 27 a
835 3024 197 42 entendu
1053 3027 115 43 deux
1207 3045 108 28 sons
1331 3034 207 45 distincts
1561 3050 9 37 ;
1596 3043 134 49 mais,
1753 3059 114 38 pour
1891 3046 271 49 l'intervalle

135 3154 107 25 sons
266 3089 84 90 àT'
374 3093 18 86 I
431 3094 143 31 amVe
599 3098 106 29 3Un
723 3093 146 38 même
889 3092 296 48 observaleur
1190 3131 9 17 '
1225 3106 124 38 tantô
1356 3113 12 32 l
1467 3109 144 42 croire
1640 3112 108 53 qu'il
1768 3128 23 28 a
1823 3120 198 43 entendu
2044 3122 117 43 deux

314 3145 38 41 la
373 3145 83 43 fois
511 3159 157 46 tantôt,
713 3170 79 38 par
813 3163 201 52 exemple
1034 3179 26 36 4
1084 3164 85 44 fois
1193 3182 76 28 sur
1293 3184 97 38 100,
1415 3174 55 42 de
1493 3179 142 42 croire
1659 3182 107 52 qu'il
1789 3186 101 42 n'en
1914 3201 23 27 a
1961 3192 198 42 entendu

131 3224 59 39 qu
209 3225 58 28 un
291 3215 94 40 seul
413 3226 9 38 ;
447 3217 28 41 il
496 3233 193 31 commet
713 3225 39 41 la
774 3231 146 40 même
942 3244 154 32 erreur
1132 3236 103 52 plus
1267 3239 334 57 fréquemment
1622 3249 107 52 (soit
1776 3266 47 42 19
1846 3254 87 45 fois
1956 3272 79 29 sur
2063 3263 96 46 100)

126 3290 540 109 iTtlêTTon^td
666 3304 121 33 1111116
813 3310 10 36 5
850 3311 55 88 T
910 3313 20 28 C
935 3313 24 29 °
967 3315 44 28 re
1034 3304 102 52 PIUS
1159 3305 30 42 fl
1190 3322 7 6 '
1201 3311 290 51 éqUemment
1512 3315 11 54 :
1531 3319 86 41 soit
1640 3322 23 38 8
1668 3334 25 38 9
1717 3320 60 43 foi
1785 3337 19 28 «
1828 3337 77 30 sur
1927 3329 98 52 ,00)
2048 3344 111 40 pour

331 3351 76 54 (2).
435 3353 71 43 On
529 3367 90 32 voit
642 3361 114 43 donc
779 3377 58 40 qu
858 3366 26 41 il
910 3379 138 33 existe
1088 3388 58 27 un
1189 3380 168 42 certain
1387 3381 203 46 obstacle
1613 3391 22 37 à
1660 3385 233 61 l'analyse,
1914 3405 44 33 et
1978 3412 87 40 que
2085 3410 68 33 cet

165 3501 47 42 (1)
238 3504 81 33 Cari
346 3505 162 44 Stumpf,
875 3511 137 48 Tonpsychologie,
1013 3520 67 46 Leipzig,
1081 3535 45 22 2
1127 3529 119 41 vol.,
1247 3529 210 38 1882-1800.

122 3599 18 33 à
164 3611 69 25 une
252 3611 114 35 autre,
927 3584 201 77 tXnsT
1508 3586 152 46 StUmpf
1661 3614 8 10 '
1719 3604 15 21 S
1762 3595 141 36 V3rient
1928 3598 20 33 d
1954 3598 7 10 '
1969 3610 70 24 Une
2058 3604 94 34 SéHe
