2321 3970
774 283 147 29 COURS
959 286 58 27 DU
1053 279 204 34 COLLÈGE
1292 287 56 25 DE
1383 286 171 27 FRANCE

2090 280 73 38 593

146 379 329 51 plaisanteries.
499 376 68 42 Au
600 376 78 42 VII
683 382 15 18 e
721 377 107 41 livre
865 379 54 40 de
942 393 70 27 ses
1035 378 214 42 Histoires
1255 411 10 20 ,
1303 378 231 42 Tite-Live
1564 390 114 29 nous
1715 383 178 34 raconte
1926 370 132 56 qu'en
2083 369 84 42 l'an

148 452 72 46 361
242 456 132 32 avant
388 446 151 55 J.-C.,
562 446 77 42 des
662 460 19 24 «
713 448 98 52 jeux
847 450 251 51 scéniques,
1117 449 173 51 grande
1311 453 251 36 nouveauté
1591 460 185 40 pourun
1807 444 161 54 peuple
1990 442 54 40 de
2075 441 69 40 sol-

147 516 100 41 dats
282 531 37 33 »,
344 515 147 42 furent
515 517 207 40 institués
762 529 112 39 pour
917 519 177 50 apaiser
1113 518 63 41 les
1217 519 145 47 dieux,
1390 522 21 35 à
1435 518 39 39 la
1513 517 143 41 colère
1704 514 210 54 desquels
1950 526 58 28 on
2048 511 102 41 attri-

146 584 125 42 buait
302 599 87 27 une
426 585 221 52 épidémie
673 585 345 42 soudainement
1042 587 242 41 déchaînée
1304 602 8 33 ;
1338 595 41 33 et
1399 587 29 40 il
1454 587 161 52 ajoute,
1637 600 60 27 un
1724 598 85 39 peu
1846 583 101 53 plus
1978 582 94 40 loin
2095 590 7 29 :
2131 580 39 39 le

150 660 127 47 poète
299 652 156 43 Livius
479 653 284 42 Andronicus
780 655 157 52 jouait,
962 656 126 40 selon
1113 656 185 51 l'usage,
1321 669 69 27 ses
1413 669 187 39 propres
1614 656 145 52 pièces
1775 667 9 35 ;
1804 654 115 39 mais
1943 665 56 28 on
2020 649 150 45 l'avait

148 724 37 39 si
210 731 189 33 souvent
423 722 270 42 redemandé
717 736 76 28 sur
816 724 38 40 la
879 729 146 47 scène,
1040 723 107 55 qu'il
1184 726 104 40 était
1305 725 172 41 devenu
1517 724 176 53 aphone
1716 738 8 33 ;
1750 722 29 41 il
1808 721 144 42 obtint
1986 720 118 41 alors
2127 719 40 40 la

149 794 271 50 permission
466 792 54 40 de
544 805 46 28 se
613 790 109 43 faire
747 794 182 40 assister
972 808 81 38 par
1085 809 59 26 un
1167 794 159 40 esclave
1366 796 90 50 qui,
1493 794 124 52 placé
1655 792 162 40 devant
1857 791 38 40 le
1927 791 157 52 joueur
2116 788 53 40 de

148 862 123 48 flûte,
307 860 235 54 s'acquitta
561 862 59 40 du
635 860 211 42 canticum
864 876 114 39 pour
998 863 39 40 la
1057 865 140 50 partie
1215 863 213 40 musicale
1444 877 9 34 ;
1477 861 423 53 personnellement,
1921 859 28 40 il
1964 872 47 26 se
2029 858 138 40 borna

151 934 21 36 à
207 929 110 41 faire
338 930 63 40 les
425 938 165 43 gestes,
701 944 47 27 ce
773 932 92 51 qui,
886 945 114 39 pour
1022 931 62 42 les
1110 931 235 49 Romains,
1371 935 143 48 paraît
1538 933 124 38 avoir
1684 934 67 36 été
1782 927 238 43 l'essentiel
2037 926 6 38 !

205 997 72 42 On
313 999 62 41 dit
397 998 169 53 parfois
591 1015 6 25 :
630 1013 19 25 «
674 999 63 41 Le
760 1000 151 52 public
933 999 328 54 d'aujourd'hui
1284 998 111 43 n'est
1419 1013 79 40 pas
1522 1001 243 47 musicien;
1792 1002 21 36 à
1837 995 197 55 l'Opéra,
2060 997 30 40 il
2104 1006 67 32 est

150 1076 175 33 surtout
368 1068 197 41 sensible
589 1083 83 27 aux
694 1069 175 52 décors,
896 1074 21 35 à
942 1067 141 43 l'éclat
1126 1071 78 39 des
1242 1078 242 39 costumes,
1511 1073 22 36 à
1566 1069 38 40 la
1628 1069 112 40 mise
1778 1081 54 26 en
1853 1071 130 36 scène
2018 1074 40 33 et
2082 1070 22 35 à
2128 1066 40 40 la

148 1150 165 39 pompe
336 1137 59 41 du
426 1138 233 52 spectacle.
686 1150 20 25 »
743 1137 31 41 Il
807 1153 27 37 y
858 1152 22 27 a
906 1142 222 49 peut-être
1148 1138 194 53 quelque
1364 1138 134 40 chose
1536 1138 166 39 devrai
1726 1136 111 40 dans
1858 1149 46 26 ce
1940 1136 230 51 jugement

150 1210 151 36 sévère
322 1221 9 34 ;
358 1208 114 39 mais
494 1220 87 39 que
602 1205 251 42 faudrait-il
877 1208 93 40 dire
992 1207 76 41 des
1094 1209 180 39 anciens
1304 1206 219 42 Romains
1548 1211 16 34 ?
1585 1206 50 54 Je
1653 1206 149 40 citerai
1823 1217 113 40 pour
1959 1205 212 39 terminer

150 1289 88 27 une
254 1275 127 41 lettre
406 1274 262 42 charmante
686 1284 40 33 et
747 1275 173 41 célèbre
945 1277 52 40 de
1014 1275 205 51 Cicéron,
1239 1277 183 39 homme
1443 1276 53 40 de
1518 1275 109 51 goût
1650 1282 41 32 et
1708 1274 460 50 deculturegrecque,

151 1347 260 50 appréciant
435 1358 71 27 ses
547 1348 383 49 contemporains.
958 1345 64 40 De
1047 1345 161 51 Rome,
1232 1345 28 40 il
1284 1347 107 38 écit
1428 1345 119 49 (vers
1570 1344 88 40 l'an
1685 1356 41 39 55
1757 1351 134 33 avant
1916 1342 102 40 l'ère
2043 1342 98 40 chré-

150 1415 169 46 tienne)
359 1418 21 36 à
416 1427 83 28 son
520 1415 89 39 ami
633 1413 66 41 M.
728 1413 172 42 Marius
926 1415 118 40 alors
1067 1418 20 36 à
1108 1415 39 39 la
1180 1427 266 39 campagne.
1472 1413 31 40 Il
1531 1413 61 40 lui
1615 1420 179 33 raconte
1818 1409 134 55 qu'on
1977 1412 121 39 vient
2118 1411 53 39 de

150 1483 198 40 célébrer
381 1483 78 40 des
493 1481 93 42 ludi
592 1516 9 17 ,
640 1484 115 39 mais
780 1483 107 52 qu'il
930 1497 19 26 a
978 1483 102 40 bien
1101 1482 79 42 fait
1209 1484 54 39 de
1303 1496 54 27 ne
1380 1496 80 38 pas
1493 1495 47 27 se
1564 1481 222 50 déranger
1808 1493 113 40 pour
1950 1480 63 39 les
2035 1481 97 38 voir
2160 1490 8 29 :

152 1565 174 28 comme
369 1552 28 40 il
417 1560 105 32 vaut
562 1553 152 39 mieux
739 1561 140 31 rester
915 1566 55 26 au
995 1552 154 40 milieu
1188 1551 79 41 des
1303 1551 133 40 livres
1469 1551 54 39 de
1560 1563 81 27 son
1684 1549 195 47 cabinet,
1922 1549 113 40 dans
2084 1561 88 28 une

152 1622 104 40 villa
281 1620 104 42 d'où
418 1634 58 28 on
500 1635 21 26 a
555 1634 87 28 vue
683 1634 77 27 sur
785 1621 38 39 la
851 1620 111 42 forêt
983 1620 6 39 !
1018 1634 19 24 «
1061 1619 87 41 Les
1171 1621 97 51 jeux
1307 1621 176 39 avaient
1519 1632 87 27 une
1637 1618 172 51 grande
1832 1631 179 38 pompe,
2055 1618 114 39 mais

152 1688 212 44 n'étaient
395 1695 137 46 guère
557 1689 102 42 faits
683 1704 114 38 pour
829 1690 78 40 des
928 1690 207 40 hommes
1169 1690 82 40 tels
1273 1702 85 39 que
1380 1701 112 27 vous
1528 1697 41 31 et
1592 1688 90 39 moi
1706 1689 8 37 1
1740 1700 19 24 »
1779 1686 123 40 Dans
1923 1701 59 25 un
2018 1686 155 40 drame

152 1761 177 52 lyrique
351 1761 125 39 imité
499 1759 78 40 des
595 1757 138 43 Grecs
758 1768 41 31 et
822 1758 177 41 intitulé
1044 1756 303 55 Clytemnestre
1354 1789 8 17 ,
1401 1758 39 39 le
1482 1770 20 24 «
1547 1756 99 40 clou
1670 1769 19 24 »
1733 1770 21 26 a
1783 1759 66 37 été
1889 1753 284 54 l'apparition

152 1829 106 41 d'un
311 1834 86 35 très
425 1828 144 51 grand
594 1827 190 41 nombre
807 1827 54 40 de
890 1827 164 40 mulets
1076 1827 16 48 (
1110 1826 186 40 sexcenti
1324 1824 106 41 midi
1449 1824 11 53 )
1494 1834 178 43 portant
1707 1825 38 39 le
1794 1824 127 40 butin
1974 1821 171 55 qu'Aga-

151 1911 215 28 memnon
400 1899 220 39 ramenait
643 1897 53 40 de
726 1895 133 42 Troie
878 1907 8 38 ;
914 1896 111 40 dans
1065 1896 39 39 le
1138 1894 161 41 Cheval
1331 1896 50 37 de
1410 1893 125 40 Troie
1542 1926 10 15 ,
1578 1894 62 40 les
1681 1902 274 44 spectateurs
1991 1900 76 33 ont
2106 1897 69 36 été

149 1967 280 41 émerveillés
468 1967 54 39 de
553 1967 97 39 voir
673 1965 77 40 des
774 1965 187 40 milliers
985 1965 53 40 de
1072 1965 171 40 soldats
1285 1968 145 36 armés
1470 1964 132 39 sortir
1625 1963 78 40 des
1739 1963 136 40 flancs
1898 1962 59 40 du
1997 1961 173 40 cheval.

152 2050 19 24 «
192 2036 50 55 Je
265 2049 54 28 11e
352 2037 113 39 crois
498 2048 97 40 pas,
620 2036 209 39 continue
853 2033 207 48 Cicéron,
1087 2047 86 39 que
1194 2046 113 28 vous
1331 2034 193 51 puissiez
1564 2040 216 42 regretter
1821 2031 39 40 le
1896 2039 114 32 reste
2043 2031 53 40 de
2131 2030 40 40 la

149 2105 84 42 fête
252 2116 7 28 :
285 2106 64 40 les
386 2105 204 48 athlètes,
618 2118 113 38 pour
762 2103 197 52 lesquels
1003 2102 199 52 Pompée
1239 2099 460 44 lui-mêmeVonfesse
1724 2098 105 55 qu'il
1850 2114 21 26 a
1907 2099 140 52 perdu
2093 2112 81 28 son

150 2175 137 48 huile,
313 2175 101 52 puis
451 2173 112 40 deux
595 2173 183 40 chasses
803 2173 76 52 qui
904 2180 76 33 ont
1017 2172 110 40 duré
1149 2173 102 50 cinq
1275 2172 122 51 jours
1427 2179 40 32 et
1490 2170 109 41 dont
1636 2178 95 32 tout
1754 2170 38 40 le
1836 2168 163 42 monde
2027 2182 21 26 a
2067 2168 101 40 loué

155 2244 40 40 la
240 2241 340 52 magnificence.
606 2240 62 41 Le
693 2241 181 40 dernier
889 2241 99 52 jour
1012 2255 22 26 a
1058 2245 68 35 été
1147 2243 212 37 consacré
1383 2253 83 27 aux
1490 2238 316 52 éléphants...»

225 2311 62 42 Le
313 2311 218 54 spectacle
548 2312 222 39 vraiment
788 2311 192 47 romain,
1002 2323 47 27 ce
1072 2308 111 41 n'est
1207 2322 79 39 pas
1311 2308 38 40 le
1373 2308 154 40 drame
1565 2307 198 52 lyrique:
1786 2306 104 41 c'est
1914 2306 38 40 le
1997 2311 179 45 cortège

150 2383 55 40 de
222 2379 224 54 triomphe
462 2394 105 27 avec
581 2379 63 41 les
664 2379 129 41 chars
812 2379 184 52 remplis
1017 2379 54 39 de
1085 2377 128 41 butin
1237 2386 40 32 et
1296 2377 61 41 les
1376 2375 158 54 captifs
1549 2376 240 40 enchaînés
1809 2387 8 36 ;
1834 2374 104 41 c'est
1954 2375 38 40 la
2015 2374 158 41 chasse

150 2464 57 29 ou
228 2451 40 40 la
293 2449 267 42 naumachie
583 2448 113 41 dans
717 2448 38 40 le
776 2450 151 50 cirque
952 2461 9 35 ;
987 2445 104 43 c'est
1115 2447 37 40 la
1188 2454 115 33 mort
1326 2445 77 41 des
1427 2445 226 40 criminels
1677 2458 56 27 ou
1754 2445 77 40 des
1848 2443 197 41 esclaves
2069 2457 106 27 sous

151 2521 39 40 la
212 2519 130 52 griffe
366 2528 41 32 et
425 2520 38 39 la
489 2519 104 40 dent
616 2518 78 40 des
712 2516 153 42 fauves
884 2520 183 37 amenés
1086 2514 232 54 d'Afrique
1335 2528 57 27 ou
1409 2513 151 41 d'Asie
1584 2525 6 37 ;
1605 2527 48 27 ce
1670 2522 101 32 sont
1789 2522 174 32 surtout
1985 2513 164 41 lescom-

150 2589 101 42 bats
268 2589 54 40 de
339 2588 294 51 gladiateurs.
661 2585 86 42 Ces
764 2586 200 41 derniers
990 2586 176 40 avaient
1188 2598 86 27 une
1298 2592 117 33 sorte
1429 2584 53 40 de
1507 2582 159 42 beauté
1686 2582 190 40 barbare
1909 2590 41 32 et
1969 2582 53 40 de
2046 2596 104 36 gran-

150 2659 110 40 deur
283 2667 210 43 sauvage,
520 2657 133 52 quasi
676 2653 451 55 symbolique.Taine
1147 2667 53 27 en
1220 2653 123 52 parle
1366 2652 210 41 dansune
1594 2652 160 52 phrase
1769 2650 249 41 admirable
2039 2664 85 38 que
2138 2652 38 50 je

151 2741 54 27 ne
231 2728 157 39 résiste
409 2739 80 39 pas
514 2739 54 27 au
592 2725 153 52 plaisir
769 2723 54 41 de
846 2725 107 38 citer
975 2733 8 28 :
1011 2735 97 28 «...
1131 2720 252 42 L'enceinte
1420 2721 111 40 dans
1567 2720 194 52 laquelle
1785 2720 63 40 les
1886 2720 289 50 générations

151 2796 228 41 mortelles
420 2803 101 33 sont
560 2797 174 38 entrées
780 2801 102 32 tour
927 2796 21 37 à
989 2800 100 32 tour
1130 2805 112 38 pour
1301 2789 263 47 combattre,
1610 2788 175 41 tomber
1806 2797 41 32 et
1875 2788 109 40 faire
2008 2788 124 52 place
2154 2793 21 35 à

149 2865 212 50 d'autres,
389 2862 244 42 ressemble
660 2866 21 36 à
704 2875 70 27 ces
793 2863 176 51 cirques
993 2862 199 39 romains
1209 2865 73 42 où,
1317 2872 108 28 sous
1448 2873 60 26 un
1537 2858 116 41 voile
1680 2858 54 40 de
1776 2859 108 47 soie,
1926 2859 143 51 parmi
2091 2857 81 42 des

152 2934 197 41 colosses
391 2934 148 46 dorés,
585 2940 124 32 entre
751 2931 77 40 des
865 2929 231 41 murailles
1117 2929 52 40 de
1192 2927 195 51 marbre,
1411 2928 61 39 les
1512 2927 160 52 captifs
1723 2927 53 40 de
1834 2935 93 32 tout
1964 2926 212 41 l'univers

150 3002 230 42 défilaient
404 3002 62 40 les
488 3015 85 27 uns
591 3007 129 47 après
757 3000 62 40 les
858 3008 149 32 autres
1031 3011 112 40 pour
1165 2997 138 41 étaler
1322 3010 106 28 sous
1446 2996 38 40 la
1510 2996 186 41 lumière
1717 3002 219 46 pourprée
1950 2996 39 40 la
2011 3010 135 26 sauva-

152 3074 122 49 gerie
294 3072 54 41 de
393 3071 120 41 leurs
554 3077 355 34 accoutrements
934 3066 231 48 barbares,
1188 3066 80 41 l'or
1290 3074 41 32 et
1351 3066 63 40 les
1435 3066 143 52 perles
1599 3066 53 40 de
1675 3066 117 40 leurs
1816 3075 225 32 costumes
2059 3068 92 38 asia-

154 3144 160 51 tiques,
340 3141 38 40 la
407 3139 125 42 fierté
564 3140 54 40 de
651 3139 118 40 leurs
788 3137 225 42 membres
1037 3149 101 37 nus,
1164 3135 211 40 l'adresse
1398 3143 41 32 et
1462 3132 355 56 l'emportement
1839 3136 54 40 de
1916 3136 118 41 leurs
2053 3151 91 27 mas-

153 3224 164 35 sacres,
360 3219 41 32 et
427 3223 111 40 pour
565 3210 215 39 couvrira
804 3208 40 39 la
869 3206 61 42 fin
954 3206 53 41 de
1041 3206 117 40 leurs
1180 3204 210 41 cadavres
1411 3204 39 41 le
1474 3203 123 41 sable
1618 3205 205 52 impéiial
1864 3210 76 47 qui
1961 3209 118 38 avait
2116 3206 59 41 bu

156 3280 95 41 leur
271 3292 112 37 sang
411 3276 57 54 (1)
495 3290 44 29 ».
571 3276 69 42 En
658 3276 78 42 fait
757 3277 53 40 de
844 3276 184 47 théâtre,
1053 3288 57 27 on
1134 3287 54 28 ne
1220 3279 137 45 goûta
1380 3273 171 42 bientôt
1575 3274 100 52 plus
1704 3287 87 39 que
1813 3274 40 40 la
1879 3277 294 50 pantomime.

156 3348 192 42 Comme
388 3347 305 47 Andronicus,
729 3346 38 41 le
792 3346 156 40 drame
969 3344 174 53 lyrique
1164 3343 150 41 devint
1347 3343 177 53 aphone
1550 3359 9 34 ;
1582 3344 29 40 il
1651 3356 46 28 se
1737 3343 140 41 borna
1905 3348 21 36 à
1963 3344 110 42 faire
2112 3346 63 40 les

153 3428 169 42 gestes.

205 3487 49 54 Je
290 3488 196 39 termine
510 3487 52 38 ici
588 3499 47 27 ce
656 3498 86 39 que
766 3485 70 52 j'ai
858 3498 75 27 cru
966 3484 156 40 devoir
1162 3482 94 41 dire
1279 3483 57 40 du
1361 3483 172 40 théâtre
1555 3482 174 54 lyrique
1750 3482 103 41 chez
1877 3483 63 41 les
1973 3486 200 39 anciens.

203 3628 50 42 (1)
273 3628 146 33 Derniei
430 3638 16 20 s
462 3627 110 31 essais
596 3627 40 30 de
663 3626 145 41 critique
829 3625 138 43 (article
990 3635 62 22 sur
1075 3625 90 32 Paul
1195 3623 44 33 de
1283 3622 280 45 Saint-Victor),
