3490 4427
1724 131 89 52 264

562 288 363 61 Bängertag
956 292 71 45 in
1060 293 280 58 Coburg.

840 405 218 51 Coburg,
1088 405 92 40 den
1215 407 59 39 10.
1302 407 200 50 August
1533 407 111 39 1855.

263 487 82 39 Der
372 498 89 28 vom
491 486 190 49 coburger
708 485 124 47 „Sän
1168 498 61 27 am
1259 486 62 39 29.
1352 486 78 38 und
1460 487 63 39 30.
1552 487 79 39 Juli
1659 487 44 39 da-

185 547 87 41 hier
300 547 266 52 abgehaltene,
607 558 74 27 von
710 546 51 39 28
790 546 369 51 Sänger-Vereinen
1199 547 72 39 mit
1314 547 100 39 circa
1443 548 76 38 900
1548 548 176 51 Sängern

185 609 189 39 besuchte
402 607 133 39 zweite
943 607 66 39 hat
1051 607 85 39 eine
1164 608 40 39 in
1229 609 111 49 jeder
1369 607 183 39 Hinsicht
1578 620 43 26 so
1644 610 62 37 leb-

185 670 106 38 hafte
321 668 202 40 Sensation
552 667 306 52 hervorgerufen
900 668 80 39 und
1018 668 64 38 bot
1110 667 41 39 in
1180 668 292 38 musicalischer
1500 668 226 52 Beziehung

187 743 43 27 so
259 730 117 39 vieles
403 728 340 52 Ausgezeichnete
772 731 82 43 dar,
883 729 87 38 dass
999 728 86 39 eine
1113 730 147 38 nähere
1289 729 280 51 Besprechung
1599 730 126 39 dieses

186 792 173 39 schönen
388 792 131 38 Festes
549 791 106 39 wohl
684 790 99 39 auch
813 792 117 37 Ihren
958 790 146 39 Lesern
1143 790 108 39 nicht
1288 791 324 38 unwillkommen
1642 792 83 38 sein

187 852 140 39 dürfte.

265 913 77 37 Das
370 912 249 50 herzogliche
647 911 186 39 Reithaus
877 911 103 39 hatte
1018 922 91 28 man
1147 923 69 27 zur
1244 912 179 38 blumen-
1455 913 80 38 und
1564 912 138 40 fahnen-

187 973 306 52 geschmückten
535 973 253 50 Sängerhalle
834 971 304 51 umgeschaffen,
1187 972 53 39 im
1269 973 231 38 Hoftheater
1540 986 81 26 war
1662 974 63 39 ein

187 1034 238 51 glänzender
460 1035 169 39 Festball
658 1035 260 46 veranstaltet,
961 1035 79 38 und
1082 1035 70 38 auf
1189 1046 163 28 unserer
1394 1035 330 51 altehrwürdigen

186 1096 122 38 Yeste
336 1096 172 50 Coburg,
547 1107 74 27 von
660 1095 168 39 welcher
855 1107 90 27 man
989 1094 62 40 die
1080 1096 215 37 reizendste
1323 1096 205 38 Fernsicht
1556 1096 170 50 geniesst

186 1157 83 38 und
312 1157 63 38 die
417 1157 42 38 in
500 1156 111 39 ihren
657 1156 176 46 inneren,
870 1168 77 26 neu
989 1155 273 51 hergestellten
1292 1156 342 39 Räumlichkeiten
1678 1169 47 26 zu

188 1217 130 39 einem
347 1217 219 51 derartigen
595 1218 111 38 Feste
735 1230 41 26 so
805 1230 97 37 ganz
930 1216 179 52 geeignet
1146 1216 206 46 erscheint,
1393 1217 142 38 fanden
1564 1218 63 39 die
1655 1229 48 27 un-

188 1283 66 34 ten
298 1282 223 47 genannten
562 1277 509 40 Gesammt-Productionen
1115 1277 68 39 der
1231 1278 297 37 versammelten
1576 1277 150 51 Sänger

188 1340 110 38 Statt.
350 1340 95 38 Dass
474 1338 64 40 bei
576 1340 101 37 allen
705 1339 135 37 diesen
873 1338 298 39 Festlichkeiten
1200 1338 62 38 Se.
1293 1338 150 38 Hoheit
1470 1338 69 38 der
1568 1338 157 51 Herzog

187 1413 76 26 von
294 1399 157 51 Coburg
479 1399 40 39 in
548 1399 148 39 Person
725 1400 210 37 anwesend
964 1411 90 33 war,
1084 1399 87 38 dass
1200 1400 121 37 selbst
1349 1398 87 39 eine
1455 1399 269 50 Composition

187 1462 126 39 dieses
341 1461 339 51 kunstgebildeten
701 1462 164 37 Fürsten
886 1460 221 51 aufgeführt
1136 1460 148 45 wurde,
1314 1460 87 38 dass
1430 1460 63 39 die
1520 1460 203 39 einzelnen

186 1521 340 51 Sänger-Yereine
562 1521 83 38 ihm
684 1533 42 26 so
756 1521 192 38 manchen
978 1520 220 39 herrlichen
1229 1520 105 40 Chor
1362 1525 253 46 vorzutragen
1647 1521 51 38 Ge-

185 1583 197 50 legenheit
411 1583 153 44 fanden,
608 1594 42 26 so
690 1582 75 39 wie
808 1582 62 39 die
913 1582 102 38 hohe
1043 1581 312 51 Anerkennung,
1398 1582 147 38 welche
1589 1582 133 38 diesen

188 1644 220 39 Ovationen
437 1656 49 26 zu
514 1644 114 38 Theil
658 1644 134 38 wurde
900 1644 91 38 alles
1029 1643 83 39 dies
1140 1649 89 44 trug
1256 1643 108 39 nicht
1393 1643 128 50 wenig
1549 1656 68 26 zur
1643 1643 54 39 He-

188 1707 108 50 bung
324 1707 68 37 des
422 1705 159 40 Ganzen
612 1706 81 37 und
722 1718 67 26 zur
820 1705 259 51 allgemeinen
1107 1703 203 51 freudigen
1340 1704 280 50 Begeisterung
1648 1703 76 40 bei.

188 1768 123 39 Unter
339 1768 75 38 den
444 1766 376 50 Einzel-Vorträgen
850 1766 69 38 auf
943 1765 69 39 der
1042 1766 119 39 Veste
1195 1766 80 36 und
1305 1768 129 47 später
1462 1764 39 39 in
1531 1765 70 38 der
1629 1765 72 38 Sän-

188 1829 173 51 gerhalle
390 1827 226 39 zeichneten
651 1827 80 38 sich
771 1827 63 39 die
867 1826 167 39 Vereine
1077 1838 73 27 von
1180 1825 359 52 Hildburghausen,
1584 1826 112 38 Würz-

189 1892 114 48 burg,
343 1889 225 50 Nürnberg,
606 1889 210 49 Erlangen,
862 1888 127 39 Gotha
1019 1887 79 39 und
1125 1886 229 50 Meiningen
1382 1899 97 38 ganz
1510 1887 215 38 besonders

189 1965 80 27 aus.
314 1952 226 38 Anwesend
581 1963 132 26 waren
757 1951 62 39 die
858 1950 228 39 Directoren
1129 1950 79 37 und
1252 1949 279 50 Componisten
1559 1949 166 45 Zöllner,

190 2013 143 45 Grabe,
363 2012 143 45 Brand,
536 2011 50 39 V.
615 2011 161 46 Becker,
808 2011 273 45 Wandersieb,
1108 2010 192 45 Remmel,
1338 2010 169 38 Kiesner
1534 2010 80 37 und
1642 2010 56 37 An-

188 2075 105 39 dere.
347 2074 90 38 Von
480 2073 175 50 hiesigen
682 2072 251 38 Vorständen
975 2072 132 37 hatten
1136 2070 275 39 Stadt-Cantor
1448 2070 153 39 Böhm
1644 2070 80 37 und

189 2136 325 39 Concertmeister
557 2134 175 49 Späth,
779 2133 171 39 welcher
990 2133 159 38 letztere
1190 2143 69 27 vor
1295 2131 145 39 Jahren
1483 2131 120 38 schon
1642 2131 82 39 sich

188 2210 68 26 um
297 2196 63 39 die
404 2196 203 48 Belebung
656 2193 252 51 grossartiger
951 2192 246 50 Sängerfeste
1241 2191 40 38 in
1323 2192 69 37 der
1433 2192 290 38 französischen

188 2257 174 40 Schweiz
393 2256 115 39 einen
535 2254 227 39 verdienten
789 2254 152 38 Namen
971 2253 191 50 gemacht,
1191 2253 63 38 die
1272 2251 167 51 Leitung
1470 2252 148 50 einiger
1648 2252 51 39 Ge-

188 2321 120 47 sänge
336 2317 300 39 übernommen.
684 2315 71 38 Die
785 2314 417 50 Gesammt-Vorträge
1231 2315 213 37 bestanden
1472 2313 40 38 in
1545 2315 32 37 1.
1606 2313 90 39 Cho-

188 2380 75 38 ral
293 2390 85 27 aus
407 2378 88 38 der
524 2377 97 38 Can
635 2381 103 34 täte
779 2376 174 44 „Aller
1220 2387 75 26 von
1320 2375 45 38 E.
1394 2375 52 37 H.
1476 2387 31 26 z.
1534 2375 51 45 S.,
1626 2374 100 38 nach

188 2440 192 39 welchem
401 2439 89 38 dein
514 2438 127 38 hohen
660 2436 279 51 Componisten
969 2436 61 38 ein
1052 2436 250 50 begeistertes
1323 2436 114 38 Hoch
1467 2448 73 26 von
1570 2438 131 36 sämmt-

188 2502 131 39 jichen
361 2500 177 51 Sängern
581 2498 258 51 ausgebracht
879 2498 155 45 wurde;
1086 2497 39 50 2)
1164 2497 366 40 Fest-Motette
1572 2508 75 27 von
1675 2497 50 39 A.

188 2561 160 51 Späth
460 2560 62 38 ein
551 2559 189 51 tüchtiges
773 2558 134 46 Werk,
950 2557 132 51 eigens
1126 2557 61 39 für
1225 2557 125 39 dieses
1380 2558 89 38 Fest
1508 2556 219 51 componirt

188 2624 81 38 und
296 2634 89 28 vom
416 2621 280 51 Componisten
724 2620 170 50 dirigirt;
924 2620 38 45 3)
991 2618 132 40 Chor
1149 2618 74 51 („0
1392 2631 68 26 aus
1490 2618 74 40 Mo
1579 2619 145 38 zart's

188 2684 245 39 Zauberflöte
474 2684 71 38 mit
586 2683 256 49 unterlegtem
884 2681 186 38 anderem
1101 2681 122 38 Texte
1253 2680 48 48 (0
1331 2679 203 40 Eintracht
1563 2683 85 45 etc.)

187 2745 180 40 Mozart's
393 2744 307 50 Zauberklänge,
742 2743 85 38 hier
867 2741 449 50 neunhundertstimmig
1359 2741 201 46 ertönend,
1603 2741 120 39 übten

190 2806 87 38 eine
295 2806 268 38 hinreissende
583 2805 150 38 Gewalt
758 2803 73 38 auf
853 2803 63 38 die
945 2803 267 37 versammelte
1227 2802 144 50 Menge
1448 2815 9 33 ;
1484 2801 37 49 4)
1552 2802 142 39 Schot-

188 2867 193 38 tischer
409 2865 367 40 Barden-Chor
806 2876 75 26 von
913 2863 224 46 Silcher;
1192 2865 37 45 ö)
1259 2865 96 37 Der
1395 2863 143 39 frohe
1583 2864 105 38 Wan-

188 2930 272 37 dersmann
514 2940 74 26 von
642 2925 390 48 Mendelssohn;
1088 2925 38 48 6)
1184 2923 410 40 Liedesfreiheit
1645 2937 76 26 von

187 2990 307 39 Marschner.
554 2989 113 38 Diese
711 2988 221 38 bekannten
974 2986 78 38 und
1082 2986 70 38 mit
1178 2986 126 38 Recht
1331 2984 195 40 beliebten
1556 2984 139 51 Compo-

188 3050 164 39 sitionen
381 3050 164 38 wurden
576 3048 221 50 vorzüglich
826 3048 238 49 ausgeführt.
1105 3047 85 38 Den
1219 3045 159 40 Sehluss
1408 3046 68 38 der
1505 3045 217 39 Gesammt-

187 3111 194 49 Vorträge
411 3109 144 40 bildete
602 3109 35 50 7)
679 3109 69 38 der
790 3108 144 39 schöne
962 3107 230 51 Hymnus
1233 3118 75 26 von
1336 3106 34 38 J.
1400 3105 130 39 Otto.
1585 3106 136 39 Dieser

187 3170 182 50 Hymnus
399 3182 90 34 war,
534 3169 74 39 wie
637 3169 98 39 auch
764 3168 63 38 die
855 3167 95 39 Nrn.
983 3169 32 44 1,
1042 3167 36 45 2,
1104 3169 36 45 3,
1183 3167 91 39 sehr
1302 3166 418 51 zweckentsprechend

187 3231 72 37 mit
287 3231 428 38 Blech-Instrumenten
744 3229 194 51 begleitet.
975 3229 73 38 Die
1076 3228 293 39 Solo-Partieen
1397 3228 105 38 hatte
1529 3228 69 39 der
1625 3228 70 39 Sän-

187 3292 188 50 gerkranz
403 3304 72 26 von
507 3292 237 49 Würzburg,
787 3290 62 38 die
879 3290 197 40 Direction
1102 3290 49 39 V.
1183 3290 150 39 Becker
1361 3302 76 26 von
1477 3290 86 38 dort
1599 3290 92 39 über-

185 3365 200 28 nommen.
443 3353 68 38 Die
538 3352 258 49 Ausführung
838 3360 80 29 war
961 3351 87 40 eine
1084 3350 207 40 treffliche.
1348 3350 72 40 Die
1450 3351 268 50 Composition

185 3413 284 50 anbelangend,
509 3425 42 26 so
580 3412 48 38 ist
656 3412 128 38 dieser
809 3412 183 49 Hymnus
1036 3412 201 50 unstreitig
1276 3411 105 39 eines
1411 3412 69 38 der
1508 3413 188 49 gelungen-

185 3480 85 34 sten
300 3474 148 39 Werke
476 3474 60 38 für
563 3474 325 49 Männergesang,
934 3473 148 38 welche
1121 3485 67 26 aus
1217 3473 69 38 der
1314 3473 252 38 fruchtbaren
1594 3473 125 38 Feder

184 3537 36 38 J.
249 3535 160 40 Otto's
438 3535 200 49 geflossen.
679 3534 57 38 Er
766 3533 196 39 bekundet
993 3532 86 38 eine
1107 3533 375 39 ausserordentliche
1512 3532 182 40 Gewandt-

183 3597 82 39 heit
292 3597 42 38 in
362 3596 71 38 der
464 3594 274 50 Verwendung
766 3595 69 38 der
877 3594 91 45 vier,
1010 3593 114 38 einen
1161 3605 43 26 so
1242 3606 125 38 engen
1397 3594 218 49 Spielraum
1644 3605 74 28 von

183 3658 118 39 kaum
344 3656 97 39 zwei
472 3656 172 39 Octaven
685 3656 208 38 bietenden
922 3654 364 45 Männerstimmen,
1328 3655 47 39 ist
1409 3654 144 51 massig
1582 3655 40 37 in
1650 3655 69 39 der

183 3718 258 45 Modulation,
484 3717 113 38 weiss
640 3717 121 37 durch
790 3717 64 38 die
882 3716 327 39 abwechselnden
1240 3716 110 38 Tact-
1378 3716 81 38 und
1488 3716 228 38 Ton-Arten

183 3779 151 52 Sänger
361 3781 81 37 und
470 3779 178 38 Zuhörer
682 3789 48 26 zu
766 3778 138 38 fesseln
947 3778 81 37 und
1070 3776 176 39 schliesst
1291 3777 68 38 auf
1396 3777 62 38 die
1502 3776 210 51 würdigste

184 3841 135 39 Weise
355 3841 71 39 mit
467 3840 130 40 einem
628 3839 237 49 Fugensatze
905 3839 75 38 voll
1009 3838 111 38 Kraft
1149 3838 80 38 und
1256 3837 178 39 Klarheit
1463 3838 61 38 ab.
1632 3839 84 37 Den

183 3902 158 39 Schluss
367 3902 69 39 der
463 3901 182 50 Gesänge
674 3900 69 38 auf
775 3899 69 38 der
872 3900 117 38 Veste
1018 3899 143 38 bildete
1190 3898 64 39 ein
1282 3898 96 39 Lied
1407 3899 286 49 „Vergissmein-

366 3961 167 40 welches
574 3961 69 38 der
671 3960 192 50 coburger
1245 3958 234 47 anstimmte,
1528 3960 187 38 während

181 4024 244 50 Jungfrauen
452 4024 70 40 der
550 4024 120 46 Stadt,
714 4023 162 45 welche,
921 4023 119 38 schön
1083 4022 266 51 geschmückt,
1390 4022 100 39 auch
1533 4033 51 27 an
1623 4022 89 39 dem

180 4085 204 42 festlichen
411 4087 104 47 Zuge
543 4097 68 27 zur
641 4085 117 40 Veste
788 4083 113 40 Theil
930 4095 234 39 genommen
1191 4084 145 48 hatten,
1364 4083 63 40 die
1456 4083 160 39 Fahnen
1644 4083 70 40 der

1817 265 340 52 Sänger-Vereine
2185 266 71 40 mit
2283 266 184 40 Kränzen
2504 268 80 38 und
2613 268 476 52 Erinnerungs-Bändern
3119 271 157 41 zierten.
3310 295 44 5 —

1816 326 80 39 Am
1923 327 170 38 Abende
2117 328 168 39 wurden
2312 328 64 39 die
2403 329 308 52 Einzelgesänge
2739 331 71 39 der
2826 331 173 40 Vereine
3025 332 55 40 im
3104 332 156 41 Beisein
3288 334 69 39 des

1816 387 276 51 herzoglichen
2121 388 124 40 Hofes
2272 388 39 40 in
2341 389 70 39 der
2437 390 267 50 Sängerhalle,
2745 403 63 28 wo
2848 392 63 40 bis
2950 405 69 27 zur
3046 393 126 40 Nacht
3199 395 64 39 die
3292 408 43 38 ge-

1818 447 250 40 müthlichste
2098 449 220 40 Heiterkeit
2346 451 163 47 waltete,
2537 451 234 50 fortgesetzt.

1897 508 80 40 Der
2004 510 60 38 30.
2093 510 79 38 Juli
2202 522 80 27 war
2310 523 48 27 zu
2384 511 415 52 Sängerfahrten
2842 513 100 39 nach
2971 514 76 40 den
3078 516 274 51 herzoglichen

1818 569 228 40 Schlössern
2076 570 234 52 Callenberg
2350 573 81 38 und
2470 573 183 39 Rosenau
2696 574 212 40 bestimmt-
2962 575 183 41 Beckers
3187 578 171 46 „Frisch,

1818 643 122 39 ganze
2264 635 136 38 wurde
2427 635 89 39 früh
2545 636 23 38 6
2597 635 84 40 Uhr
2722 637 55 38 als
2807 636 218 51 Sängerruf
3047 650 76 27 von
3151 639 88 40 dem
3270 640 59 40 Mu-

1819 692 174 51 sikcorps
2022 693 124 39 durch
2175 693 62 40 die
2266 694 177 40 Strassen
2471 696 71 38 der
2570 696 108 39 Stadt
2706 697 198 49 geblasen.
2958 698 116 40 Auch
3116 700 70 39 auf
3224 700 134 40 diesen

1816 753 297 39 Lust-Partieen
2142 755 135 38 wurde
2305 755 143 39 manch
2476 756 243 40 erhebendes
2736 757 96 39 Lied
2861 759 260 50 angestimmt,
3148 760 91 39 dem
3257 761 76 39 Her-

1818 827 96 39 zoge
1944 816 83 48 (auf
2049 816 200 47 Rosenau)
2291 816 63 39 ein
2383 818 240 50 Festgesang
2651 831 75 26 von
2756 819 49 40 V.
2834 819 151 40 Becker
3024 821 210 50 gewidmet
3278 823 80 38 und

1819 876 218 39 zahlreiche
2077 877 275 40 harmonische
2389 879 231 40 Lebehochs
2664 879 178 53 Coburgs
2890 881 166 40 Fürsten
3099 882 82 39 und
3223 882 136 40 seinen

1819 937 358 51 gastfreundlichen
2205 938 250 40 Bewohnern
2484 941 270 50 ausgebracht.
2808 941 74 41 Die
2912 942 227 50 poetischen
3168 943 168 51 „Sänger-

2022 997 135 39 sieben
2186 1011 48 26 an
2263 999 70 38 der
2350 999 107 48 Zahl,
2487 1001 148 39 welche
2664 1002 64 38 bei
2746 1002 148 40 diesem
2910 1004 113 38 Feste
3052 1004 178 40 vertheilt
3256 1017 78 27 wur-

1820 1059 89 45 den,
1938 1059 85 38 sind
2051 1059 279 49 grossentheils
2358 1060 92 39 sehr
2474 1060 130 52 sinnig
2632 1063 80 37 und
2741 1063 133 39 schön.
2927 1064 78 39 Ein
3041 1065 230 40 demnächst
3300 1079 39 27 er-

1819 1120 257 39 scheinendes
2103 1120 258 41 Fest-Album
2390 1121 70 39 mit
2488 1121 283 52 Abbildungen
2815 1124 99 39 wird
2951 1124 57 40 sie
3045 1126 179 52 bringen.
3278 1129 78 39 Ein

1819 1180 237 51 glänzender
2098 1181 110 39 Ball
2253 1182 199 39 beschloss
2481 1183 68 38 das
2577 1183 62 40 für
2667 1184 159 51 Coburg
2853 1187 83 38 und
2964 1187 107 40 seine
3098 1188 259 53 Sängergäste

1819 1242 316 51 unvergessliche
2164 1243 100 44 Fest,
2293 1244 68 38 das
2389 1243 82 39 sich
2500 1244 125 39 durch
2653 1246 253 40 musterhafte
2933 1248 263 53 Anordnung,
3235 1252 123 40 durch

1820 1303 62 38 die
1911 1308 355 46 ungezwungenste
2294 1304 220 39 Heiterkeit
2557 1307 81 37 und
2676 1307 125 39 durch
2841 1308 69 39 das
2937 1310 236 52 grossartige
3200 1313 134 40 Zusam-

1819 1364 244 39 menwirken
2106 1364 70 39 der
2218 1364 199 40 vereinten
2446 1365 325 52 Gesangeskräfte
2815 1369 70 39 auf
2918 1369 68 40 das
3029 1372 330 42 vorteilhafteste

1819 1424 283 39 auszeichnete.

3231 1475 26 27 it

3227 1472 32 75 #

1988 1619 239 57 Tages-
2258 1623 138 42 und
2427 1622 755 59 Unterhaltungs-Blatt.

1898 1719 172 37 Köln«
2125 1718 169 39 Unserer
2322 1719 108 39 Stadt
2457 1719 113 47 steht,
2610 1720 82 38 und
2733 1721 68 38 das
2839 1722 91 40 sehr
2957 1724 103 47 bald,
3104 1724 64 40 ein
3199 1726 158 41 Verlust

1821 1778 133 47 bevor,
1996 1779 71 39 der
2095 1780 73 38 alle
2196 1780 280 47 literarischen,
2518 1781 310 41 künstlerischen
2866 1785 81 38 und
2975 1787 212 50 geselligen
3217 1789 139 40 Kreise

1822 1839 72 40 tief
1918 1841 179 38 betrübt:
2139 1841 259 40 Roderich
2427 1843 233 40 Benedix
2687 1846 219 38 vertauscht
2934 1847 119 42 Köln,
3094 1862 61 26 wo
3184 1862 42 27 er
3256 1850 81 39 fünf-

1823 1901 98 38 zehn
1949 1902 118 38 Jahre
2095 1903 90 49 lang
2213 1902 40 39 in
2282 1903 75 39 den
2387 1902 208 40 schönsten
2619 1904 296 41 Verhältnissen
2944 1909 128 48 gelebt
3101 1909 65 40 hat
3193 1912 80 38 und
3302 1913 55 37 als

1822 1963 172 45 Dichter,
2036 1963 151 50 Bürger
2215 1965 80 38 und
2323 1964 165 41 Mensch
2525 1965 207 50 allgemein
2770 1967 195 49 geschätzt
3005 1971 80 38 und
3113 1971 145 50 geliebt
3297 1973 59 45 ist,

1822 2022 71 39 mit
1921 2023 280 40 Frankfurt
2229 2037 33 26 a.
2291 2025 53 39 M.
2382 2025 72 39 Die
2483 2025 150 51 dortige
2660 2026 605 46 Actien-Theater-Gesellschaft
3293 2034 65 39 hat

1820 2083 70 39 ihn
1918 2096 87 26 zum
2033 2084 342 40 Intendanten
2403 2087 86 37 des
2520 2087 253 39 Theaters
2802 2090 85 38 der
2909 2090 146 40 Stadt
3079 2092 278 42 Frankfurt

1821 2150 114 34 unter
1962 2147 242 50 glänzenden
2234 2147 285 51 Bedingungen
2548 2149 176 39 berufen.

1898 2255 188 34 Wien.
2135 2252 130 39 Fräul.
2293 2253 173 51 Mayer
2495 2254 65 39 hat
2587 2254 62 39 bei
2678 2255 127 40 ihrem
2835 2256 269 52 fortgesetzten
3134 2258 222 53 Gastspiele

1820 2312 214 39 besonders
2062 2312 100 39 auch
2191 2312 101 40 noch
2321 2315 54 37 als
2405 2315 139 38 Donna
2572 2316 118 38 Anna
2725 2316 55 39 im
2812 2317 85 39 Don
2925 2319 103 38 Juan
3064 2320 205 40 Aufsehen
3297 2333 40 27 er-

1822 2377 96 45 regt.
1961 2373 65 39 Sie
2055 2373 132 51 gastirt
2211 2375 93 50 jetzt
2332 2375 41 39 in
2401 2376 172 39 Pesth.

1898 2479 81 40 Der
2006 2478 205 40 berühmte
2239 2479 428 42 Pianoforte-Virtuose
2708 2483 106 40 Herr
2855 2484 307 41 Alexander
3203 2486 123 52 Drey-

1822 2538 188 39 schock
2053 2542 268 39 veranstaltete
2351 2554 61 27 am
2441 2543 63 39 20.
2532 2544 36 38 d.
2597 2544 90 39 Mts.
2714 2544 42 39 in
2786 2545 149 51 Teplitz
2965 2546 63 39 ein
3057 2547 179 47 Concert,
3263 2549 70 38 wei-

1820 2600 92 39 ches
1940 2613 76 26 von
2043 2601 70 39 der
2142 2602 140 39 Creme
2310 2603 68 38 des
2407 2603 87 40 dort
2530 2605 297 39 versammelten
2855 2607 123 39 Adels
3017 2609 81 37 und
3127 2608 229 41 Publicums

1818 2662 170 39 überaus
2015 2663 195 39 zahlreich
2239 2665 164 39 besucht
2431 2678 92 26 war.

1896 2768 302 51 Meyerbeer
2239 2770 48 40 ist
2327 2770 41 40 in
2408 2770 146 50 Spaa;
2598 2772 62 38 bei
2700 2772 131 39 seiner
2858 2772 177 40 Ankunft
3078 2784 64 28 am
3180 2774 62 39 31.
3271 2774 79 39 Juli

1815 2831 162 39 brachte
2017 2843 92 27 man
2148 2831 81 40 ihm
2259 2832 87 40 eine
2375 2832 216 52 glänzende
2619 2834 288 38 Abendmusik.
2962 2833 63 39 Ob
3054 2845 43 27 er
3127 2834 69 38 der
3222 2834 112 40 Einla-

1816 2892 107 50 dung
1951 2904 48 27 zu
2027 2893 91 39 dem
2147 2893 228 40 Musikfeste
2405 2894 40 39 in
2473 2893 354 51 Birmingham
2869 2895 131 50 folgen
3026 2895 112 47 wird,
3176 2895 48 40 ist
3251 2897 102 39 noch

1815 2951 210 53 ungewiss.

2003 3527 106 33 mie
2140 3525 527 44 ftiederrjieiiiasclie
2695 3528 454 44 Musik-^eltun^

1808 3578 196 36 erscheint
2025 3578 116 44 jeden
2170 3578 181 49 Samstag
2377 3582 42 33 in
2455 3580 241 34 mindestens
2733 3580 126 34 einem
2892 3591 153 35 ganzen
3081 3580 150 46 Bogen;
3281 3579 54 36 all-

1811 3630 213 35 monatlich
2052 3630 95 35 wird
2173 3631 61 34 ihr
2262 3633 63 34 ein
2350 3632 330 36 Literatnr-Blatt
2706 3630 251 48 beigegeben.
3064 3632 79 34 Der
3169 3631 156 36 Abonne-

1810 3682 228 46 mentspreis
2065 3681 157 48 beträgt
2236 3685 64 33 für
2321 3685 70 35 das
2406 3684 197 45 Halbjahr
2632 3687 19 31 2
2670 3683 123 44 Thlr.,
2820 3684 63 35 bei
2907 3683 73 35 den
3007 3684 47 34 K.
3073 3695 149 35 preuss.
3239 3683 113 37 Post-

1811 3735 206 34 Anstalten
2047 3737 18 31 2
2084 3735 105 33 Thlr.
2219 3737 22 33 5
2265 3736 84 46 Sgr.
2376 3739 97 33 Eine
2500 3735 181 36 einzelne
2695 3735 185 35 Nummer
2901 3740 22 31 4
2942 3736 86 47 Sgl*.
3055 3735 298 48 Einrückungs-

1810 3787 210 35 Gebühren
2048 3798 69 34 per
2143 3788 204 36 Petitzeile
2377 3793 19 32 2
2428 3790 85 45 Sgr.

1860 3840 125 33 Briefe
2012 3838 80 35 und
2120 3839 285 49 Zusendungen
2434 3841 97 35 aller
2566 3838 74 37 Art
2667 3839 156 36 werden
2846 3845 115 31 unter
2995 3840 68 35 der
3089 3840 168 37 Adresse
3285 3842 66 36 der

1808 3892 53 36 M.
1888 3890 558 49 DuMont-Schauberg'schen
2474 3892 317 46 Buchhandlung
2826 3894 41 33 in
2894 3893 103 35 Köln
3025 3892 171 36 erbeten.

1923 3978 371 39 Verantwortlicher
2321 3981 299 50 Herausgeber:
2655 3981 105 38 Prof.
2787 3981 44 39 L.
2858 3981 180 40 Bischoff
3060 3981 40 38 in
3128 3982 119 39 Köln.

1875 4031 210 50 Verleger:
2113 4031 54 39 M.
2198 4031 526 51 DuMont-Schauberg'sche
2753 4033 316 50 Buchhandlung
3096 4033 41 39 in
3164 4035 119 39 Köln.

1851 4083 198 40 Drucker:
2076 4083 56 40 M.
2159 4083 427 52 DuMont-Schauberg
2613 4083 41 40 in
2683 4085 118 48 Köln,
2830 4085 251 40 Breitstrasse
3111 4087 48 39 76
3189 4099 37 28 u.
3255 4087 61 40 78.

3393 4184 21 18 %

2280 3151 600 60 luMndigungen.

1860 3283 83 37 Alle
1969 3285 39 34 in
2036 3284 119 35 dieser
2180 3283 311 48 Musik-Zeitung
2526 3285 273 50 besprochenen
2834 3287 81 35 und
2947 3286 292 48 angekündigten
3265 3287 88 37 Mu-

1806 3338 95 34 sical
1905 3339 56 32 ien
1987 3344 66 28 etc.
2081 3336 87 35 sind
2194 3348 45 22 zu
2266 3336 168 35 erhallen
2459 3339 39 34 in
2527 3339 65 35 der
2617 3346 88 28 stets
2728 3340 226 45 vollständig
2986 3342 218 33 assortirten
3232 3341 120 35 Musi-

1807 3390 61 35 cal
1871 3392 81 33 ien-
1957 3390 84 34 llan
2044 3389 111 46 dliing
2189 3389 102 34 nebst
2325 3389 236 39 Leihanstalt
2598 3404 73 22 von
2713 3392 292 35 BERNHARD
3050 3392 217 36 BREUER
3311 3396 40 34 in

1811 3444 139 34 Köln,
1980 3440 243 37 Höchstrasse
2249 3442 67 35 iVr.
2344 3442 63 35 97.
