3490 4427
1764 143 90 51 258

220 283 281 68 Erreichung
534 285 144 51 dieser
694 285 289 49 Theilnahme
1006 282 80 52 der
1112 283 231 50 hörenden
1363 282 242 51 Gemeinde
1627 283 120 65 legte

218 385 50 32 er
297 367 80 49 der
407 369 317 64 dargestellten
766 367 86 49 den
893 367 339 65 gewöhnlichen
1263 365 207 49 kirchlich
1501 366 218 65 gemeinsa-

217 468 104 31 men
354 451 240 48 Ausdruck
628 451 129 65 jener
785 451 42 48 in
861 450 86 49 den
975 450 155 57 Mund,
1175 450 83 49 den
1289 450 329 63 Volksgesang,
1662 449 85 49 den

220 531 179 51 Choral.
510 532 228 68 Strophen
778 532 235 66 allgemein
1044 532 246 49 bekannter
1321 531 174 57 Lieder,
1539 531 43 48 in
1613 531 112 65 allge-

217 615 118 48 mein
380 615 252 48 bekannten
660 615 266 57 Melodieen,
968 615 237 48 schliessen
1251 614 89 49 sich
1384 630 55 32 an
1482 614 265 64 geeigneten

220 697 166 50 Stellen
418 697 78 49 der
526 699 261 64 Erzählung
818 715 77 32 aus
927 699 80 48 der
1037 697 244 49 Gemeinde
1310 697 163 49 heraus
1505 714 70 39 an,
1618 696 129 50 theils

218 780 41 47 in
291 780 325 66 Betrachtung,
645 781 128 49 theils
805 781 57 49 im
884 780 241 50 Ausdruck
1157 780 77 48 des
1265 779 141 49 durch
1437 780 61 48 sie
1530 795 190 49 angereg-

218 870 75 40 ten
339 861 199 51 Gefühls.
592 865 49 47 In
698 864 108 48 Lied
861 864 90 48 und
994 864 163 48 dessen
1211 861 191 50 Melodie
1445 863 114 48 kann
1618 863 131 48 somit

214 943 127 66 jeder
372 945 207 48 Zuhörer
609 946 293 49 einstimmen.
947 946 131 47 Doch
1107 949 123 44 wäre
1262 945 90 48 dies
1385 945 136 48 wider
1553 945 69 48 die
1653 944 62 48 Ab-

218 1026 113 49 sicht
362 1028 77 48 des
468 1028 232 58 Meisters;
744 1044 48 32 er
823 1028 86 48 will
951 1028 79 48 der
1059 1028 257 48 wirklichen
1345 1026 260 66 gegenüber
1636 1026 111 50 auch

220 1109 119 48 seine
385 1110 156 65 eigene
585 1110 404 50 künstlerisch
1035 1110 234 66 gestalten,
1313 1110 91 48 und
1445 1109 210 66 übergibt
1684 1109 65 48 ihr

220 1209 114 31 nun
377 1191 52 50 in
474 1191 100 50 der
602 1194 442 66 Hauptstimme
1084 1193 85 48 den
1194 1193 327 65 Volksgesang,
1552 1193 90 48 sich
1674 1191 50 49 da-

221 1274 141 48 durch
401 1274 128 65 jener
560 1275 117 49 wohl
708 1275 92 50 und
829 1277 293 47 verständlich
1157 1274 265 50 bemerkbar
1464 1293 55 31 zu
1550 1275 199 57 machen,

232 1355 168 56 „damit
607 1357 84 49 wie
720 1357 171 49 Eccard
936 1357 43 49 in
1022 1358 79 48 der
1130 1358 206 48 Vorrede
1375 1357 145 48 seiner
1563 1357 184 49 Choral-

221 1437 362 67 Bearbeitungen
613 1445 113 60 sagt,
780 1439 99 57 „die
923 1440 250 49 christliche
1209 1439 244 50 Gemeinde
1497 1438 89 49 bei
1629 1439 118 50 sich

221 1519 190 50 selbst
434 1522 146 48 nach
606 1522 188 49 ihrer
794 1522 265 49 Andacht
1082 1523 187 66 singend
1291 1522 262 49 imitiren

218 1603 71 48 bei
320 1603 90 48 sich
440 1603 155 58 selbst,
632 1604 229 56 innerlich,
903 1606 147 49 indess
1082 1606 68 49 die
1178 1606 181 64 fingirte
1389 1606 243 48 Gemeinde
1664 1606 85 48 den

220 1686 370 67 Kirchengesang
634 1688 53 48 in
731 1687 482 51 künstlerischer
1244 1687 370 66 Gestaltung
1647 1705 75 33 vor-

222 1772 136 61 trägt.

343 1851 165 48 Diesen
552 1851 244 49 Ansichten
842 1858 223 60 entgegen
1120 1852 121 49 stellt
1283 1852 69 48 die
1398 1852 203 49 Vorrede
1647 1870 102 31 zum

217 1932 169 49 vierten
414 1933 258 66 Jahrgange
702 1933 80 50 der
811 1952 84 31 von
926 1934 80 49 der
1035 1934 439 50 Bach-Gesellschaft
1505 1934 215 68 herausge-

221 2014 203 65 gebenen
457 2016 175 49 Werke
664 2016 103 51 Seb.
799 2017 174 57 Bach's,
1003 2017 170 48 welche
1202 2017 161 50 dessen
1387 2018 332 50 Matthäus-Pas-

217 2097 95 48 sion
353 2097 185 60 enthält,
581 2098 69 49 die
693 2098 234 66 lebendige
955 2098 316 68 Betheiligung
1313 2100 80 48 der
1436 2100 281 49 Kirchen-Ge-

218 2178 176 51 meinde
449 2180 186 49 durch
679 2181 323 66 Mitsingen
1065 2182 102 48 der
1211 2182 257 48 Choräle
1524 2182 63 50 als
1632 2200 109 47 ganz

218 2261 386 66 selbstständiges,
632 2262 176 48 ihnen
832 2270 205 42 zuerst
1067 2281 64 31 an
1147 2263 318 65 gehöriges
1487 2265 259 49 Moment

220 2343 78 49 der
341 2346 244 47 Passionen
626 2345 160 49 Bach's
830 2346 89 57 auf,
975 2346 67 48 ein
1084 2347 661 48 Nichtvorhandensein

213 2425 173 64 jener
415 2425 249 58 idealen,
682 2427 139 48 durch
842 2427 85 48 den
943 2427 223 66 Singchor
1189 2436 281 41 vertretenen
1488 2428 257 50 Gemeinde.

298 2507 112 48 Eine
438 2507 142 48 Reihe
611 2508 434 50 schätzenswerther
1074 2510 230 57 Aufsätze,
1345 2510 169 49 welche
1543 2511 202 52 Rochlitz

217 2606 81 31 zur
326 2590 328 66 Beurtheilung
683 2591 78 50 des
792 2592 57 49 im
868 2591 136 50 Jahre
1030 2590 143 51 1831
1214 2592 319 50 erschienenen
1553 2592 191 50 Ciavier-

216 2676 238 61 Auszuges
485 2672 80 49 der
595 2674 185 49 Passion
809 2674 114 49 nach
952 2674 101 48 dem
1070 2675 289 65 Evangelium
1388 2675 227 49 Johannes
1646 2684 74 40 ent-

216 2756 186 57 worfen,
447 2756 173 50 enthält
659 2757 116 49 auch
818 2756 89 50 den
946 2757 202 49 Versuch
1192 2757 122 49 einer
1355 2759 264 49 Geschichte
1664 2759 80 49 der

217 2837 453 59 Passions-Musiken,
700 2839 266 49 namentlich
985 2839 42 48 in
1045 2839 194 66 Leipzig,
1270 2840 90 49 und
1389 2841 95 47 eine
1503 2840 242 66 Conjectur

218 2920 80 48 der
326 2920 287 66 Entstehung
656 2921 80 48 der
766 2921 273 50 Bach'schen
1068 2922 256 58 Passionen,
1368 2922 42 49 in
1459 2924 194 48 welcher
1683 2924 62 49 als

218 3003 95 54 eine
343 3003 247 49 Vorschrift
617 3004 243 67 Deyling's,
888 3004 438 66 Superintendenten
1356 3023 52 30 zu
1443 3006 193 66 Leipzig,
1666 3024 51 47 ge-

218 3091 113 41 setzt
349 3084 127 58 wird,
515 3085 74 57 „in
607 3085 68 48 die
693 3085 212 50 biblische
923 3086 260 65 Erzählung
1205 3088 78 47 der
1295 3088 447 64 Leidensgeschichte

218 3166 78 49 des
326 3168 150 47 Herrn
507 3168 111 48 auch
650 3168 116 49 wohl
773 3169 222 65 gewählte
1023 3170 144 48 Verse
1196 3169 126 54 alter,
1365 3169 246 49 bekannter
1641 3170 76 48 Kir-

218 3250 250 48 chenlieder
512 3250 337 59 einzullechten,
907 3251 57 50 in
1022 3253 229 48 welche
1291 3253 89 47 die
1425 3253 317 49 Gemeinde

218 3333 102 47 mit
364 3333 371 48 einstimmen
1025 3334 104 50 Wir
1168 3334 156 48 dürfen
1356 3335 118 49 diese
1506 3337 235 47 Annahme

217 3414 63 48 als
311 3411 147 50 blosse
489 3414 244 66 Conjectur
761 3414 284 57 bezeichnen,
1092 3417 99 48 weil
1228 3415 129 66 jeder
1387 3417 181 48 weitere
1596 3418 116 48 Nach-

220 3495 106 50 weis
350 3495 129 65 jener
505 3495 252 51 Vorschrift
787 3497 120 49 fehlt.
938 3498 129 48 Auch
1098 3498 149 49 macht
1269 3499 217 56 Rochlitz,
1516 3499 146 50 indem
1693 3517 48 32 er

216 3579 82 48 auf
321 3578 70 48 die
432 3579 331 65 eingestreuten
794 3579 331 51 Choral-Verse
1167 3582 43 47 in
1255 3582 85 48 den
1373 3582 240 49 Passionen
1650 3583 68 48 ein-

217 3663 122 63 geht,
369 3660 70 49 die
468 3662 303 66 Bemerkung,
827 3701 15 18 „
857 3663 102 48 dass
989 3663 61 48 sie
1083 3663 42 48 in
1157 3663 204 49 Hinsicht
1392 3664 80 48 auf
1495 3665 245 49 Harmonie

217 3761 50 30 so
297 3742 244 50 melodisch
573 3743 217 48 künstlich
828 3744 141 50 durch
1011 3744 84 50 alle
1125 3744 218 50 Stimmen
1388 3745 91 49 und
1524 3747 214 49 zuweilen

218 3825 248 50 sonderbar
510 3825 179 67 geführt
733 3825 109 58 sind,
885 3828 93 48 und
1021 3827 119 49 wohl
1183 3827 113 49 über
1340 3829 80 49 der
1462 3829 279 66 Popularität

220 3909 110 47 auch
362 3908 143 50 seiner
533 3907 113 59 Zeit,
675 3907 83 49 wie
790 3908 128 50 vieles
948 3909 182 49 Andere
1159 3909 43 49 in
1233 3909 150 50 diesen
1411 3911 221 57 Werken,
1664 3928 51 49 ge-

221 3992 184 47 standen
435 3989 144 50 haben
888 3991 52 48 In
974 3992 127 65 jener
1130 3992 98 48 Zeit
1257 3991 109 49 aber
1403 3992 113 49 habe
1553 3993 67 50 die
1652 3994 58 49 Ge-

217 4071 175 52 meinde
421 4073 343 66 durchgehends
794 4090 86 33 nur
910 4073 68 50 die
1002 4074 189 51 Melodie
1223 4076 76 49 des
1318 4077 197 65 Soprans
1544 4078 65 48 all
1636 4078 77 50 uni-

1840 301 104 32 sono
1989 300 247 48 gesungen,
2281 283 115 50 ohne
2441 283 81 50 alle
2565 283 322 69 Einmischung
2930 287 43 50 in
3017 287 70 49 die
3130 287 245 50 Harmonie

1841 366 140 50 selbst
2011 366 69 48 bei
2113 367 85 49 den
2226 366 316 51 Schlussfällen
2568 367 78 50 der
2676 370 165 48 Zeilen.
2883 371 99 56 „Da
3011 371 197 50 konnten
3233 371 45 65 ja
3306 370 69 51 die

1843 449 273 64 Organisten
2146 447 69 50 bei
2245 449 80 49 der
2354 449 150 58 freien,
2537 450 109 48 oder
2676 449 68 49 die
2765 450 287 67 Chorsänger
3080 454 77 48 mit
3184 452 80 50 der
3284 452 60 50 Or-

1843 531 69 66 gel
1944 531 90 48 und
2065 531 86 48 den
2180 532 336 49 Instrumenten
2547 532 69 50 bei
2646 532 80 50 der
2751 535 431 63 vorgeschriebenen
3199 535 150 66 Beglei-

1841 620 113 58 tung
1984 614 148 48 ohne
2161 614 110 48 alle
2296 616 260 64 Störung
2587 615 127 48 ihre
2746 615 246 65 eigenen
3019 617 179 65 Wege
3229 617 145 50 neben

1846 696 79 48 der
1957 696 460 48 feststehenden
2448 697 193 50 Melodie
3025 717 42 31 u.
3101 718 33 30 s.
3167 718 56 30 w.

1964 779 136 48 Diese
2140 779 237 48 Annahme
2436 780 77 48 des
2573 780 355 50 aufmerksamen
2969 783 90 49 und
3105 784 268 63 gewandten

1841 860 221 50 Kritikers
2091 860 111 48 wird
2236 861 198 49 dadurch
2466 861 248 57 erklärlich,
2746 863 100 49 dass
2876 864 87 48 ihm
2993 882 87 31 nur
3109 864 68 48 die
3207 865 140 50 Johan-

1841 944 289 49 nes-Passion
2161 960 186 32 unseres
2365 945 205 48 Meisters
2602 945 179 66 vorlag;
2812 946 66 49 ein
2912 948 237 64 prüfender
3176 948 125 49 Blick
3331 950 44 48 in

1843 1026 69 49 die
1942 1025 439 51 Matthäus-Passion
2412 1026 157 49 würde
2599 1028 74 48 ihn
2704 1029 119 48 eines
2847 1029 212 48 Anderen
3092 1028 173 50 belehrt
3294 1030 50 50 ha-

1843 1109 101 58 ben,
1977 1109 81 48 wie
2090 1109 68 48 ein
2184 1109 296 65 Vergleichen
2512 1110 80 48 der
2620 1110 166 48 damals
2818 1113 114 48 noch
2964 1113 198 48 ziemlich
3191 1113 42 48 in
3261 1114 85 48 Ver-

1843 1189 254 67 gessenheit
2125 1191 233 49 ruhenden
2390 1191 218 50 Cantaten
2639 1193 156 48 Bach's
2838 1194 79 48 mit
2955 1194 159 50 dessen
3144 1195 229 51 Passions-

1843 1274 204 50 Musiken
2076 1274 73 48 ihn
2180 1274 152 48 finden
2362 1274 145 48 lassen
2539 1283 185 47 musste,
2768 1275 102 50 dass
2903 1277 70 49 die
3002 1278 41 47 in
3077 1278 166 58 diesen,
3290 1279 84 50 wie

1841 1358 42 47 in
1909 1357 134 64 jenen
2074 1357 379 64 eingeschalteten
2486 1357 331 49 Choral-Verse
2848 1358 115 49 eben
2993 1377 50 32 so
3073 1359 301 66 integrirende

1843 1439 152 50 Theile
2023 1439 145 48 seiner
2198 1439 311 66 geschaffenen
2540 1440 303 50 Kunstwerke
2884 1444 169 54 wären,
3094 1442 62 48 als
3186 1443 70 48 die
3284 1461 89 33 von

1841 1522 90 49 ihm
1961 1522 42 48 in
2034 1520 150 50 seinen
2212 1522 154 58 Arien,
2394 1522 200 49 Duetten
2626 1523 89 49 und
2738 1523 179 49 Chören
2949 1523 306 51 bearbeiteten
3278 1527 64 49 Me-

1843 1604 174 50 lodieen
2061 1603 248 49 bekannter
2337 1604 351 59 Kirchenlieder,
2733 1606 67 49 die
2846 1607 88 48 ihm
2974 1607 122 49 nicht
3134 1607 127 51 allein
3292 1626 81 32 zur

1843 1687 257 65 Grundlage
2145 1687 145 49 seiner
2320 1687 257 49 Tonstücke
2617 1689 159 49 dienen
2817 1697 217 49 musslen,
3077 1689 197 50 sondern
3302 1692 71 49 die

1843 1787 48 32 er
1920 1769 140 50 selbst
2090 1768 253 67 herbeizog,
2391 1771 164 47 mittels
2586 1771 118 48 ihrer
2733 1788 54 31 an
2817 1772 186 65 analoge
3035 1773 145 47 Texte
3210 1791 56 30 zu
3298 1791 46 30 er-

1840 1853 171 56 innern,
2055 1852 62 48 als
2158 1853 127 47 einen
2325 1852 280 49 besonderen
2638 1853 238 59 Schmuck,
2921 1854 62 49 als
3025 1854 96 49 eine
3153 1854 76 50 das
3257 1857 87 48 Ver-

1840 1936 221 48 ständniss
2104 1934 240 50 fördernde
2399 1951 223 49 genauere
2666 1936 256 64 Erklärung
2978 1937 122 48 einer
3144 1937 228 51 einzelnen

1840 2018 151 56 Stelle,
2036 2017 62 50 als
2144 2017 96 48 eine
2277 2017 316 65 Verstärkung
2635 2018 117 49 ihres
2794 2018 291 51 Eindruckes.
3143 2020 105 49 Man
3292 2020 52 50 be-

1837 2101 173 48 trachte
2039 2100 41 48 in
2112 2098 145 50 dieser
2286 2098 259 68 Beziehung
2575 2100 69 49 die
2674 2100 223 49 bekannte
2926 2101 213 49 Cantale:
3177 2102 192 57 „Gottes

1836 2182 103 65 Zeit,
1962 2183 55 47 ist
2048 2182 69 50 die
2149 2180 235 49 allerbeste
2582 2181 43 48 in
2654 2182 80 50 der
2763 2182 90 48 sich
2878 2183 109 47 zwei
3020 2183 174 49 solcher
3224 2185 143 66 sinnig

1839 2265 401 66 herangezogenen
2269 2262 440 50 Choral-Melodieen
2737 2265 251 48 vorfinden.
3030 2265 229 48 Nachdem
3289 2267 80 47 der

1839 2346 120 48 Chor
2001 2347 44 47 in
2089 2347 84 50 den
2213 2345 186 48 tieferen
2429 2346 217 48 Stimmen
2688 2346 78 48 das
2798 2352 185 60 strenge
3011 2347 160 47 Gesetz
3203 2365 135 48 ausge-

1839 2430 219 66 sprochen
2089 2430 99 48 hat:
2244 2428 91 55 „Es
2366 2427 56 48 ist
2451 2427 80 48 der
2560 2428 86 47 alte
2676 2428 157 50 Bund:
2876 2430 202 54 Mensch,
3121 2430 59 48 du
3223 2440 144 41 musst

2116 2508 90 53 und
2235 2510 80 48 der
2338 2511 175 64 Sopran
2544 2510 90 48 sich
2663 2510 89 49 ihm
2782 2512 79 47 mit
2890 2511 85 48 den
3005 2512 222 49 Worten:
3269 2515 99 54 „Ja,

1839 2594 165 58 komm,
2033 2595 121 48 Herr
2182 2594 125 54 Jesu,
2586 2594 344 64 angeschlossen
2955 2595 90 56 hat,
3086 2599 138 44 tönen
3255 2613 110 48 ganz

1839 2684 278 42 unerwartet
2161 2674 69 49 die
2263 2675 159 48 Flöten
2466 2675 66 48 die
2563 2675 191 48 Melodie
2793 2676 77 48 des
2899 2676 186 48 Liedes:
3137 2677 228 56 „Warum

1836 2759 209 49 betrübst
2084 2759 60 49 du
2182 2757 113 56 dich,
2325 2757 116 49 mein
2711 2757 92 50 und
2843 2762 167 64 später,
3052 2759 111 48 nach
3198 2759 141 50 Ueber-

1836 2842 182 65 gehung
2047 2842 80 49 der
2158 2840 234 65 folgenden
2420 2839 337 49 Choral-Zeilen
2789 2840 139 49 durch
2944 2840 311 69 Nachbildung
3285 2844 79 48 der

1835 2924 193 48 Melodie
2069 2924 78 49 der
2179 2921 166 50 vierten
2390 2921 91 50 und
2521 2921 167 48 fünften
2719 2922 133 58 Zeile,
2884 2940 53 31 an
2968 2922 94 49 ihre
3094 2925 264 50 tröstenden

1836 3006 342 50 Textesworte:
2234 3005 240 56 „Vertrau'
2513 3004 57 48 du
2615 3004 174 49 deinem
2820 3006 145 49 Herre
2997 3006 127 59 Gott,
3168 3008 82 48 der
3278 3008 83 49 alle

1832 3089 132 63 Ding'
1987 3089 244 48 erschaffen
2410 3086 253 57 erinnernd,
2695 3086 158 51 hinein.
2883 3089 51 48 In
2958 3088 226 49 ähnlicher
3207 3091 160 49 Weise

1835 3170 74 48 hat
1940 3171 118 47 Bach
2104 3170 111 50 nach
2260 3169 102 48 dem
2404 3168 107 48 Solo
2556 3169 77 48 des
2676 3168 125 50 Alts:
2859 3171 78 55 „In
2969 3170 142 48 Deine
3141 3171 162 58 Händ',
3340 3190 27 31 o

1831 3254 136 56 Herr,
1999 3253 157 48 befehl'
2185 3251 68 50 ich
2282 3251 173 49 meinen
2719 3251 100 50 dem
2859 3253 386 67 Einzel-Gesange
3285 3255 80 50 der

1831 3335 349 49 Bass-Stimme:
2221 3333 281 58 „Wahrlich,
2532 3334 67 48 ich
2625 3350 105 50 sage
2761 3334 80 58 dir,
2870 3335 136 49 heute
3036 3337 126 47 wirst
3193 3337 58 48 du
3283 3338 80 49 mit

1832 3417 83 49 mir
1945 3418 59 47 im
2034 3417 235 49 Paradiese
2480 3415 86 50 den
2591 3415 189 50 Choral:
2822 3418 80 52 „In
2921 3417 256 49 Fried'und
3199 3419 161 50 Freud'

1831 3499 67 48 ich
1931 3499 107 47 fahr'
2283 3516 85 31 von
2391 3498 87 51 den
2502 3498 183 49 tieferen
2709 3498 258 49 weiblichen
2984 3499 220 50 Stimmen
3233 3502 128 49 allein

1832 3589 312 57 vorgetragen,
2175 3580 271 59 einverleibt,
2475 3580 75 49 ihn
2580 3579 82 50 mit
2692 3579 84 48 den
2812 3580 226 50 Worten:
3080 3583 158 56 „Sanft
3270 3584 91 50 und

1831 3663 128 57 stille,
2004 3663 84 48 wie
2121 3664 109 48 Gott
2259 3664 83 48 mir
2371 3663 253 48 verheissen
2837 3681 85 31 von
2961 3663 101 49 dem
3094 3665 240 50 Einzel-Ge-

1831 3763 137 47 sange
2000 3747 158 64 gelös't
2187 3747 106 53 und,
2325 3745 79 49 mit
2433 3745 122 49 einer
2584 3743 291 51 malerischen
2906 3747 269 64 Begleitung
3205 3765 124 49 umge-

1832 3829 101 55 ben,
1977 3836 134 42 unter
2152 3829 140 49 ihrem
2321 3828 243 50 Ausdruck
2608 3827 256 65 gänzlichen
2894 3828 236 66 Ergehens
3172 3847 55 32 zu
3273 3832 85 49 den

1832 3911 223 49 Worten:
2108 3912 123 54 „Der
2263 3911 98 49 Tod
2391 3911 56 48 ist
2478 3908 82 48 mir
2591 3908 152 50 Schlaf
3040 3928 57 31 zu
3125 3911 129 50 Ende
3281 3931 52 48 ge-

1832 3993 120 48 führt
2015 3993 53 51 W
2069 3994 11 16 T
2084 3993 34 48 ir
2149 3993 156 48 dürfen
2334 3991 201 50 ähnliche
2564 3991 231 67 Beispiele,
2824 3992 85 48 wie
2940 3992 62 49 sie
3034 3992 93 49 sich
3156 3993 42 50 in
3228 4012 103 48 gros-

1832 4093 72 32 ser
1934 4077 161 64 Menge
2125 4076 40 49 in
2185 4076 154 49 Bach's
2363 4074 219 51 Cantaten
2612 4073 247 61 vorfinden,
2889 4074 272 67 übergehen,
3191 4096 75 32 um
3292 4079 68 50 die
