3490 4427
1748 129 88 55 260

217 265 58 50 im
317 265 168 51 Stande
529 266 77 60 sei,
649 266 86 51 den
778 266 300 72 phrygischen
1122 268 190 52 Choral:
1365 270 240 57 „Herzlich
1650 270 102 51 thut

217 348 117 49 mich
714 349 83 50 wie
839 368 50 32 er
928 350 43 51 in
1012 352 81 49 der
1131 352 441 50 Matthäus-Passion
1618 353 135 59 steht,

218 430 219 50 zunächst
466 432 96 49 eine
587 433 207 49 Secunde
824 433 144 51 höher
993 433 65 68 (in
1086 435 80 66 D),
1196 434 117 50 dann
1342 434 98 50 eine
1469 435 144 50 kleine
1637 437 114 49 Terz

218 513 145 49 höher
392 514 59 66 (in
480 513 95 67 Es),
607 514 115 50 dann
753 514 98 51 eine
881 534 159 49 grosse
1068 518 114 48 Terz
1213 517 143 50 höher
1384 517 59 67 (in
1473 518 77 66 E),
1582 519 170 50 sodann

220 613 78 31 um
327 594 97 50 eine
453 595 148 59 Quart
628 597 166 49 erhöht
821 599 61 66 (in
910 599 75 66 F),
1026 599 69 51 die
1125 599 307 51 Oberstimme
1460 600 112 49 nach
1603 602 120 49 Roch-

222 678 71 48 litz
322 679 65 47 all
415 679 203 60 unisono,
649 680 80 49 mit
759 680 80 50 der
867 682 164 49 Kirche
1062 698 345 50 angemessener
1440 683 179 50 Würde
1661 684 90 50 und

226 758 128 48 Buhe
385 776 54 31 zu
470 759 175 68 singen,
689 780 132 33 wenn
863 763 91 50 sich
998 763 69 50 die
1095 763 396 67 Tonbegränzung
1530 766 113 48 nach
1674 766 79 49 der

221 840 134 50 Höhe
396 860 57 30 zu
493 861 87 32 von
618 846 32 48 d
691 843 64 51 bis
796 863 102 32 zum
933 865 31 47 g
1003 846 182 50 erhebt!
1307 846 125 50 Oder
1462 848 170 50 welche
1664 849 58 50 Ge-

222 923 178 48 meinde
423 924 43 50 in
490 924 80 50 der
585 927 129 48 Welt
735 928 156 48 würde
910 928 84 48 den
1016 928 162 48 Choral
1202 929 63 66 (S.
1293 928 101 50 151
1418 928 79 50 der
1511 931 239 66 Partitur):

232 1006 81 55 „In
344 1006 116 49 Dich
487 1007 102 49 hab'
614 1008 70 48 ich
712 1009 211 66 gehoffet,
1178 1012 45 48 in
1262 1011 101 49 dem
1396 1009 215 70 Umfange
1648 1031 102 32 vom

225 1088 386 66 eingestrichenen
639 1093 25 48 6
682 1091 65 49 bis
771 1111 99 30 zum
888 1093 424 68 zweigestrichenen
1388 1094 154 67 singen
1572 1096 178 49 können

226 1172 90 48 und
348 1172 279 49 wollen?—
655 1174 210 65 Möglich,
895 1176 102 49 dass
1027 1176 189 67 Deyling
1246 1176 68 49 die
1345 1176 331 51 Choral-Verse
1705 1178 44 50 in

226 1252 80 48 der
336 1253 183 51 Passion
548 1254 141 50 näher
717 1256 230 49 bestimmt
976 1256 144 51 haben
1156 1275 116 49 mag,
1312 1258 108 50 aber
1448 1260 272 50 wahrschein-

225 1335 135 48 licher
390 1336 56 48 ist
481 1352 64 42 es,
593 1337 101 50 dass
722 1340 121 48 Bach
884 1338 153 59 selbst,
1082 1340 82 49 wie
1208 1341 83 49 wir
1333 1341 73 49 ihn
1450 1341 210 51 heimisch
1704 1343 43 50 in

225 1416 363 53 Choral-Texten
611 1418 92 51 und
725 1421 250 49 Melodieen
1001 1422 190 60 kennen,
1220 1423 42 49 in
1293 1423 165 50 seinem
1490 1425 135 49 Sinne
1653 1426 93 49 und

220 1500 111 48 nach
362 1500 166 50 seinem
551 1502 188 66 eigenen
761 1503 187 50 Gefühle
979 1505 61 49 sie
1070 1505 87 50 den
1187 1506 248 67 passenden
1453 1507 169 51 Stellen
1652 1508 68 51 ein-

220 1581 185 51 verleibt
434 1583 90 49 hat.
580 1583 127 51 Aber
750 1602 112 50 ganz
904 1587 254 66 unmöglich
1199 1589 117 49 kann
1355 1589 80 49 der
1473 1597 151 42 ernste
1653 1591 92 51 und

220 1665 382 67 strenggläubige,
631 1666 137 50 daher
797 1669 70 48 die
896 1672 185 47 äussere
1101 1670 179 51 Würde
1309 1671 93 50 und
1431 1671 85 50 den
1539 1672 206 52 Anstand

222 1746 79 48 des
331 1747 360 51 Gottesdienstes
720 1750 57 48 im
810 1751 132 66 Auge
980 1751 209 50 haltende
1219 1752 237 50 Geistliche
1486 1754 143 49 seiner
1658 1756 59 48 Ge-

221 1830 176 48 meinde
427 1830 99 49 eine
543 1832 328 66 Anstrengung
899 1835 293 66 zugemuthet
1222 1835 160 60 haben,
1412 1837 169 49 welche
1610 1839 140 49 selbst

220 1910 58 49 im
307 1911 122 48 Falle
472 1911 82 50 der
590 1914 290 66 Möglichkeit
921 1916 120 50 ihrer
1079 1917 310 66 Ausführung,
1426 1919 60 64 ja,
1526 1920 59 48 im
1627 1920 123 51 Falle

213 1994 128 66 jeder
383 1994 94 49 hier
519 1995 136 49 kaum
700 1996 259 51 denkbaren
1003 2000 307 66 Vermeidung
1365 2000 122 50 einer
1530 2004 217 66 Störung,

217 2075 386 66 augenscheinlich
634 2095 104 32 zum
768 2079 249 51 mindesten
1049 2080 86 51 den
1178 2081 301 51 immanenten
1506 2084 241 51 Ausdruck

218 2157 79 49 der
329 2159 207 66 Gesänge
565 2160 234 67 paralysirt
829 2161 144 51 haben
1004 2166 185 47 müsste.
1244 2165 107 50 Man
1379 2165 127 50 stelle
1538 2166 90 50 sich
1660 2184 86 32 nur

218 2241 98 49 eine
345 2258 80 32 aus
456 2241 141 50 vielen
627 2244 271 49 Hunderten
936 2244 278 52 bestehende
1243 2248 351 66 Versammlung
1636 2249 111 49 alter

221 2323 92 50 und
335 2323 166 66 junger
529 2326 146 47 Leute
705 2325 209 51 beiderlei
945 2328 318 50 Geschlechtes
1293 2347 94 40 vor,
1430 2331 85 47 wie
1554 2331 63 50 sie
1657 2331 92 50 sich

221 2405 409 65 gemeinschaftlich
659 2406 239 69 abquälen,
942 2409 127 49 einen
1100 2410 180 66 Gesang
1322 2411 43 49 in
1396 2411 124 49 einer
1548 2431 86 31 von
1662 2432 87 32 nur

220 2485 231 67 Wenigen
480 2504 82 32 aus
592 2488 133 49 ihnen
753 2489 315 52 erreichbaren
1098 2491 220 51 Tonhöhe
1347 2493 163 49 heraus
1540 2513 55 31 zu
1627 2494 96 51 brin-

218 2570 186 64 gen!—
414 2570 132 48 Doch
565 2570 168 50 Scherz
762 2570 231 52 beiSeite!
1021 2575 140 49 Hätte
1177 2575 202 50 Rochlitz
1402 2577 70 48 die
1495 2578 251 49 Matthäus-

216 2651 184 49 Passion
430 2668 80 33 vor
540 2651 91 50 sich
663 2654 179 65 gehabt,
875 2672 49 33 so
956 2657 155 48 würde
1142 2674 48 31 er
1219 2658 114 49 auch
1363 2658 85 49 den
1465 2659 284 69 Ausspruch,

227 2734 133 57 „dass
392 2733 145 51 neben
569 2734 103 51 dem
701 2737 93 49 sich
824 2737 58 49 im
907 2737 196 52 Unisono
1126 2738 324 68 bewegenden,
1479 2742 243 50 feststehen-

217 2815 86 50 den
334 2815 476 70 Gemeinde-Gesänge
841 2819 80 50 der
950 2820 228 65 Organist,
1209 2822 68 49 die
1307 2823 315 66 Kunstsänger
1653 2825 93 50 und

216 2899 70 48 die
313 2899 435 51 Instrumentalisten
777 2902 126 49 ihre
932 2902 250 67 eigenen
1208 2905 182 67 Wege
1421 2905 185 67 gehen
1637 2907 84 51 kön-

400 2979 142 50 sicher
571 2983 379 65 zurückgehalten
979 2983 161 51 haben.
1185 2986 169 50 Nimmt
1383 3005 49 30 er
1465 2987 113 51 doch
1610 2988 140 51 selbst

216 3081 70 39 an,
326 3062 69 51 die
425 3063 244 51 Gemeinde
712 3064 115 50 habe
866 3067 69 48 die
962 3067 195 49 Melodie
1200 3068 119 48 ihrer
1350 3069 192 50 Choräle
1586 3071 43 49 in
1671 3088 51 49 ge-

217 3146 220 58 wohnter,
481 3147 455 51 feststehender
965 3149 178 59 Weise,
1185 3151 438 52 selbstverständlich
1653 3154 94 50 also

216 3227 113 49 auch
360 3228 317 60 unverändert,
721 3232 299 67 gesungen*).
1067 3233 106 50 Wie
1213 3252 94 31 nun
1347 3233 122 60 aber,
1516 3252 128 33 wenn
1677 3237 70 48 die

213 3309 192 50 Melodie
448 3309 81 50 der
571 3312 270 65 Begleitung
895 3331 87 32 von
1026 3313 80 50 der
1152 3314 335 51 feststehenden
1533 3317 80 48 der
1657 3318 59 49 Ge-

214 3392 176 48 meinde
433 3391 296 52 abwiche?
787 3396 156 48 Wenn
983 3396 42 48 in
1072 3396 100 49 dem
1215 3398 282 65 wichtigsten
1528 3400 91 48 und
1648 3400 81 49 tief-

214 3474 352 66 ergreifendsten
595 3477 233 48 Momente
858 3477 80 51 der
966 3480 186 48 Passion
1182 3480 113 49 nach
1321 3481 161 49 Christi
1514 3482 208 50 Verschei-

214 3557 91 48 den
331 3574 71 31 am
433 3557 178 50 Kreuze
640 3558 70 50 die
740 3560 158 48 zweite
928 3560 90 49 und
1044 3561 137 49 vierte
1206 3562 118 50 Zeile
1349 3563 77 50 des
1445 3565 187 49 Chorals
1662 3582 87 32 von

214 3638 80 50 der
335 3637 245 51 Gemeinde
623 3641 304 49 unverändert
970 3659 232 48 gesungen
1247 3645 170 57 würde,
1460 3646 85 48 wie
1587 3647 163 50 vorher

213 3721 239 49 viermal
499 3722 251 64 geschehen
794 3722 139 69 (siehe
964 3723 70 50 die
1063 3725 202 49 Partitur
1304 3727 45 50 S.
1383 3726 91 60 51,
1514 3728 49 51 Z.
1600 3727 57 60 7;
1702 3731 45 48 S.

217 3802 90 61 53,
336 3806 49 47 Z.
420 3803 60 60 8;
512 3805 45 48 S.
597 3803 128 60 186,
755 3806 49 49 Z.
842 3806 47 60 1,
919 3807 93 50 und
1042 3808 46 50 S.
1125 3806 132 61 214,
1286 3810 49 48 Z.
1374 3810 75 66 1):

294 4071 31 43 *)
353 4069 114 38 Siehe
498 4067 203 52 Leipziger
729 4069 327 53 Musik-Zeitung,
1084 4072 64 40 33.
1176 4071 216 52 Jahrgang,
1420 4072 38 40 S.
1488 4072 89 41 294.

1845 513 70 51 die
1945 515 329 69 Künstsänger,
2304 519 436 51 Instrumentalisten
2770 522 92 49 und
2898 522 80 52 der
3008 527 216 65 Organist
3255 526 123 59 aber,

1846 597 80 49 der
1956 597 252 52 Vorschrift
2238 600 80 50 der
2348 602 211 59 Partitur,
2589 604 46 49 S.
2669 602 132 58 248,
2832 612 192 57 gemäss,
3071 609 91 50 sich
3193 611 158 49 verneh-

1845 697 103 32 men
1978 679 187 52 Hessen:

1844 1147 110 50 oder
1984 1148 68 49 die
2083 1148 245 52 Gemeinde
2357 1150 41 51 in
2429 1150 82 51 der
2540 1154 186 50 zweiten
2758 1155 120 51 Zeile
2907 1157 77 51 des
3021 1159 189 50 zweiten
3246 1161 105 50 Thei-

1843 1229 63 50 les
1937 1230 83 50 den
2052 1230 335 52 feststehenden
2424 1234 182 67 Gesang
2635 1235 291 54 beibehielte:

1840 1604 80 49 der
1962 1606 326 68 Kunstgesang
2340 1608 108 49 aber
2504 1609 69 51 die
2616 1613 403 64 vorgeschriebene
3062 1615 312 70 Abänderung

1841 1688 144 49 hören
2017 1689 155 51 Hesse:

1844 2178 51 32 so
1925 2160 146 51 dürfte
2103 2161 90 50 sich
2225 2164 114 49 doch
2371 2164 119 51 wohl
2513 2166 211 51 manches
2740 2168 126 53 Glied
2889 2170 81 51 der
2987 2171 258 63 Gemeinde,
3275 2192 74 33 ver-

1843 2244 210 49 wundert
2083 2245 110 48 über
2224 2246 68 50 die
2323 2248 185 66 eigenen
2540 2250 165 67 Wege,
2737 2251 70 50 die
2836 2253 80 49 der
2944 2255 308 52 Kirchenchor
3280 2259 71 48 ein-

1844 2325 270 66 zuschlagen
2145 2328 67 47 lür
2241 2335 82 59 gut
2351 2329 241 58 befunden,
2630 2333 112 48 nach
2773 2334 89 48 ihm
2894 2337 233 59 umsehen,
3167 2356 93 31 was
3292 2340 80 49 der

1844 2408 86 48 alte
1959 2409 121 48 Bach
2112 2409 142 49 sicher
2283 2411 120 50 nicht
2432 2415 279 64 gewünscht,
2743 2415 137 50 daher
2909 2419 112 50 auch
3052 2420 161 66 gewiss
3245 2422 127 50 keine

1843 2490 337 68 Veranlassung
2208 2493 112 49 dazu
2352 2494 204 66 gegeben
2586 2497 146 50 haben
2761 2498 127 51 wird.

1967 2573 156 49 Wenn
2154 2574 101 50 dem
2286 2593 91 32 nun
2408 2577 109 49 aber
2555 2596 51 33 so
2645 2579 70 59 ist,
2761 2598 49 32 so
2855 2582 145 50 dürfte
3045 2584 78 50 das
3151 2585 219 61 Moment,

1843 2672 80 32 aus
1952 2655 216 50 welchem
2199 2658 129 66 (nach
2358 2659 220 69 Rochlitz)
2620 2660 68 51 die
2728 2663 141 49 durch
2898 2665 192 68 Deyling
3129 2668 92 50 und
3251 2671 121 48 Bach

1843 2735 279 66 eingeführte
2150 2739 314 69 Betheiligung
2506 2742 80 49 der
2616 2744 245 51 Gemeinde
2900 2763 56 32 an
2987 2747 86 51 den
3102 2748 244 67 eingefloch-

1841 2825 135 42 tenen
2014 2820 431 69 Choral-Gesängen
2485 2824 42 48 in
2570 2824 87 50 den
2696 2827 438 53 Passions-Musiken
3177 2833 166 66 nachge-

1843 2900 165 50 wiesen
2037 2903 184 51 werden
2246 2904 183 59 könnte,
2460 2905 42 50 in
2532 2905 87 51 den
2649 2907 224 51 Chorälen
2903 2909 79 51 des
3002 2913 198 50 Werkes
3231 2914 141 52 selbst

1840 2983 122 49 nicht
1989 2986 284 50 aufzufinden
2304 2988 108 58 sein,
2443 2988 92 50 und
2565 2988 66 51 bis
2660 2992 79 47 auf
2763 2992 182 51 weitere
2973 2994 165 52 nähere
3166 2997 204 51 Beweise

1841 3082 37 31 v.
1910 3066 310 50 Winterfeld's
2250 3068 322 69 Anschauung,
2613 3072 83 48 wie
2726 3073 61 48 sie
2818 3073 41 50 in
2890 3074 99 51 dem
3021 3077 165 49 dritten
3215 3079 154 50 Theile

1841 3148 144 50 seines
2039 3151 340 64 evangelischen
2417 3152 417 71 Kirchengesanges
2876 3159 257 50 entwickelt
3172 3161 69 59 ist,
3285 3181 56 31 un-

1841 3229 262 66 widerlegte
2133 3232 339 67 Vollgültigkeit
2502 3234 222 52 behalten.

1962 3314 74 47 An
2066 3313 92 50 und
2189 3316 69 48 lür
2287 3316 92 49 sich
2408 3317 56 50 ist
2493 3335 48 33 es
2580 3336 87 33 von
2705 3323 221 65 wenigem
2954 3323 212 68 Belange,
3209 3326 60 51 ob
3299 3328 70 50 die

1841 3394 245 50 Gemeinde
2128 3396 44 49 in
2215 3397 81 50 der
2333 3400 272 50 Bach'schen
2634 3403 382 51 Passions-Musik
3059 3407 70 50 die
3175 3408 193 52 Choräle

1840 3478 81 47 mit
1951 3494 233 49 gesungen
2225 3480 114 50 habe
2380 3482 110 50 oder
2526 3483 136 50 nicht.
2706 3486 93 48 Das
2832 3487 146 50 Werk
3019 3487 57 51 ist
3115 3491 139 51 schon
3285 3494 83 48 seit

1839 3558 169 50 Jahren
2051 3560 141 49 durch
2232 3562 86 50 den
2357 3563 156 50 Druck
2553 3565 257 61 verbreitet,
2855 3568 91 50 und
2982 3570 273 53 Jedermann
3293 3574 77 50 hat

1839 3641 268 67 vollständig
2135 3643 70 50 die
2232 3646 252 66 Befugniss,
2530 3647 90 48 sich
2662 3648 92 49 sein
2793 3650 177 66 eigenes
3000 3654 172 49 Urtheil
3200 3674 59 33 zu
3289 3656 60 50 bil-

1841 3723 101 50 den.
1975 3723 155 51 Wenn
2152 3725 166 66 jedoch
2345 3735 136 42 unter
2511 3728 80 49 der
2615 3728 172 68 Aegide
2817 3732 120 51 eines
2959 3735 188 49 Vereins
3171 3736 169 52 bekann-

1843 3812 69 42 ter
1940 3806 200 49 Musiker
2168 3808 92 50 und
2279 3810 225 49 Verehrer
2526 3811 159 50 Bach's
2715 3812 98 51 eine
2841 3833 117 31 neue
2982 3817 214 66 Ausgabe
3226 3820 144 51 seiner

1845 3888 175 50 Werke
2051 3891 236 58 erscheint,
2332 3909 49 33 so
2426 3892 111 50 wird
2572 3892 104 66 jede
2715 3896 80 50 mit
2836 3897 68 50 ihr
2934 3899 138 49 selbst
3102 3900 267 53 verbreitete

1844 3970 189 49 Ansicht
2061 3971 111 51 über
2201 3974 86 49 den
2316 3975 187 49 Meister
2531 3976 93 51 und
2653 3977 160 51 dessen
2836 3980 178 49 Werke
3044 3985 325 66 maassgebend

1844 4052 68 50 für
1953 4052 76 51 das
2061 4054 169 52 Urtheil
2265 4056 78 51 des
2373 4056 136 51 Laien
2547 4059 93 49 und
2668 4061 358 68 Kunstjüngers;
3071 4065 61 50 sie
3174 4066 57 51 ist
3273 4069 97 49 eine
