2232 3764
815 241 181 38 L'OPÉRA
1026 253 53 26 AU
1112 249 103 28 XVIII
1220 248 14 18 E
1266 244 148 33 SIÈCLE

224 293 0 0 170

190 345 55 31 On
268 357 17 20 a
306 356 59 30 sçu
382 355 135 21 comme
532 347 31 29 la
584 346 26 28 D
617 344 32 20 lle
672 341 220 33 Barbarinne
914 343 53 29 n'a
989 350 62 30 pas
1085 351 47 28 pu
1146 340 164 31 exécuter
1326 339 76 32 hier
1423 350 64 20 son
1510 348 162 22 morceau
1696 338 42 31 de
1757 338 120 38 danse,
1894 348 104 30 parce
2027 348 68 30 que

146 395 207 39 l'orquestre
369 405 17 20 a
409 394 72 31 raté
502 392 88 38 l'air,
613 400 38 22 ce
670 390 106 40 qu'on
801 392 53 29 n'a
871 388 121 40 jamais
1029 400 43 19 vu
1096 387 131 33 arriver
1251 398 5 20 :
1279 398 42 20 on
1361 390 79 28 s'est
1464 389 68 30 très
1559 386 175 32 formalisé
1750 386 42 31 de
1811 389 87 37 cela,
1927 393 33 25 et
1981 387 46 30 M.
2051 386 42 32 de

146 442 132 34 Thuret
304 453 17 20 a
344 440 213 40 apostrophé
576 441 68 31 très
667 438 184 31 durement
873 440 49 28 les
938 437 266 40 simphonistes,
1223 445 69 32 que
1313 438 154 30 Rameau
1488 438 60 38 luy
1572 439 110 27 même
1699 445 17 21 a
1740 436 136 36 excusé,
1900 444 41 22 en
1980 434 115 32 disant

146 500 69 31 que
233 489 133 33 c'estoit
380 492 30 28 la
432 489 94 31 faute
542 487 59 31 des
623 497 77 21 cors
716 485 61 42 qui
795 485 165 32 n'étoient
976 485 99 40 point
1098 484 181 40 d'accord;
1303 484 86 32 mais
1408 484 75 33 l'air
1505 491 105 33 ayant
1629 484 55 32 été
1720 492 241 23 recommence
1995 485 100 37 après

146 538 130 40 l'opéra
298 545 32 24 et
350 546 105 22 encor
477 538 67 29 mal
564 536 155 36 exécuté,
743 535 135 31 chacun
902 541 50 26 est
978 544 159 23 convenu
1171 543 69 33 que
1261 535 82 32 c'est
1383 532 85 42 qu'il
1506 531 104 33 estoit
1636 539 78 33 trop
1751 532 170 40 baroque,
1957 538 138 26 surtout

146 596 90 32 pour
254 588 31 30 la
307 585 107 32 danse
435 592 33 24 et
493 591 76 32 trop
586 585 226 38 entrecoupé.

200 689 116 40 C'est
335 689 38 40 le
394 691 213 38 musicien
621 690 71 50 qui
718 703 21 25 a
763 696 100 41 tort,
884 689 349 46 naturellement,
1258 696 40 31 et
1320 686 86 40 Ton
1429 700 53 26 ne
1502 699 45 27 se
1563 690 112 45 gêne
1697 699 78 38 pas
1797 698 110 38 pour
1923 685 57 39 lui
2002 685 90 39 dire

144 769 80 28 son
245 755 91 42 fait.
360 754 245 48 D'ailleurs,
628 756 29 39 il
677 771 21 24 a
721 756 140 51 plutôt
881 769 84 26 une
992 767 19 28 ((
1032 757 226 38 mauvaise
1280 767 150 39 presse
1447 764 21 28 ))
1487 767 54 26 en
1564 766 45 26 ce
1631 754 113 38 mois
1766 752 52 40 de
1841 751 249 49 décembre;

145 836 55 29 on
221 837 52 26 en
295 824 149 51 jugera
464 837 79 37 par
564 823 182 40 l'extrait
769 825 173 38 suivant
960 820 60 54 (1)
1045 836 8 25 :

186 913 64 32 Les
273 922 18 23 ((
313 915 219 30 Ramoneurs
549 924 15 19 »
588 920 78 24 sont
685 915 80 37 plus
784 912 240 32 incommodés
1038 922 69 30 que
1124 912 122 41 jamais
1268 922 63 29 par
1346 914 48 29 les
1413 910 316 41 aplaudissements
1748 910 119 31 outrés
1885 908 103 42 qu'ils
2005 908 66 31 don-

145 969 84 24 nent
248 964 18 29 à
289 971 53 22 ses
365 964 111 30 talens
492 969 32 24 et
546 961 44 31 ils
611 964 60 38 luy
687 961 76 32 font
786 964 80 38 plus
888 960 41 33 de
945 968 67 25 tort
1035 970 70 32 que
1124 960 41 33 de
1184 960 95 33 bien.
1299 960 24 31 Il
1347 971 18 21 a
1386 967 79 26 tous
1480 962 49 30 les
1552 959 94 41 jours
1665 959 42 32 de
1722 968 185 24 nouveaux
1926 957 167 33 brocards

143 1021 60 21 sur
222 1013 73 38 luy,
317 1018 31 24 et
372 1011 84 31 trois
482 1018 187 32 estampes.

196 1115 63 40 Le
283 1129 35 38 5,
341 1129 56 26 on
413 1128 110 27 nous
541 1115 191 51 apprend
758 1127 83 38 que
863 1114 38 40 la
924 1113 243 40 Barbarina
1188 1128 21 24 a
1233 1112 117 41 enfin
1373 1127 55 37 pu
1443 1113 157 39 danser
1621 1123 8 27 :

184 1206 47 31 La
254 1206 28 29 D
289 1204 33 23 lle
341 1204 221 32 Barbarinne
581 1214 17 21 a
621 1204 81 30 bien
720 1204 107 31 dansé
852 1202 76 32 hier
949 1213 62 21 son
1035 1202 50 32 air
1106 1204 18 29 à
1143 1202 153 39 l'Opéra,
1317 1202 61 40 qui
1402 1202 52 31 n'a
1474 1212 62 29 pas
1559 1202 153 39 manqué
1741 1210 138 22 comme
1903 1203 31 29 la
1970 1200 119 38 veille,

144 1254 153 32 Rameau
314 1255 128 38 l'ayant
461 1251 144 33 rectifié.
636 1252 46 30 Le
706 1251 22 31 S
733 1257 10 11 r
769 1251 41 31 de
831 1251 47 31 La
901 1252 132 29 Bruere
1052 1249 60 33 fait
1128 1250 60 31 des
1210 1250 241 41 changemens
1482 1249 263 32 considérables
1761 1249 87 32 dans
1882 1260 63 21 son
1967 1253 126 37 poème

147 1313 90 30 pour
252 1301 124 33 rendre
395 1304 48 29 les
460 1300 156 31 derniers
638 1307 92 25 actes
746 1301 79 37 plus
842 1298 225 36 intéressans,
1091 1301 97 29 selon
1209 1301 49 28 les
1276 1298 72 32 avis
1365 1298 134 31 donnés
1522 1308 62 30 par
1606 1298 114 32 l'abbé
1736 1298 180 41 Pellegrin
1941 1298 60 40 (2).

195 1399 61 40 Le
277 1403 40 43 6,
337 1398 213 40 l'histoire
568 1399 76 38 des
668 1398 340 38 remaniements
1027 1399 205 38 continue
1253 1401 22 34 à
1299 1410 45 26 se
1359 1397 214 51 répandre
1595 1397 110 39 dans
1728 1397 38 40 le
1788 1396 147 50 public
1955 1411 8 22 :

183 1489 65 32 Les
267 1495 142 25 auteurs
431 1488 42 32 de
492 1488 189 29 Dardanus
704 1486 198 32 travaillent
922 1486 76 41 jour
1013 1493 33 25 et
1068 1486 77 32 nuit
1160 1489 18 28 à
1197 1489 31 29 le
1259 1486 264 33 raccommoder
1538 1496 7 29 ;
1569 1486 42 31 ils
1643 1487 72 32 font
1735 1498 46 19 un
1801 1486 200 41 cinquième
2016 1493 77 25 acte

141 1545 75 24 tout
235 1537 87 31 neuf
331 1543 31 25 et
376 1539 31 29 le
423 1541 205 26 retournent
647 1535 42 31 de
701 1534 101 41 façon
821 1535 104 40 qu'ils
943 1537 141 29 veulent
1102 1541 124 25 mettre
1248 1537 31 29 le
1292 1535 131 31 second
1442 1542 75 25 acte
1537 1545 41 21 au
1597 1547 20 29 4
1621 1540 12 15 e
1639 1559 5 7 .
1663 1535 43 31 Ils
1729 1541 125 26 auront
1878 1535 41 31 de
1936 1537 30 29 la
1989 1535 104 39 peine

141 1588 76 29 àen
238 1585 85 32 faire
343 1596 46 20 un
406 1585 70 30 bon
496 1585 120 38 opéra,
641 1583 86 32 mais
750 1583 22 30 il
795 1592 75 23 sera
893 1590 149 25 soutenu
1059 1594 63 29 par
1137 1584 34 30 M
1176 1583 34 21 lle
1233 1583 231 40 Barbarinne,
1483 1583 61 40 qui
1563 1595 22 29 y
1614 1595 16 20 a
1653 1585 144 30 exécuté
1832 1583 181 40 vendredy
2045 1594 46 19 un

143 1634 52 32 air
211 1633 61 32 fait
289 1635 121 38 exprès
432 1642 91 30 pour
542 1634 65 29 elle
628 1632 62 42 qui
706 1638 51 25 est
776 1642 47 21 un
842 1631 81 33 chef
941 1630 155 34 d'oeuvre
1117 1632 43 32 de
1175 1631 182 37 difficulté,
1374 1639 73 25 tant
1466 1642 92 30 pour
1573 1632 208 33 l'exécution
1817 1632 42 31 de
1881 1633 210 39 l'orquestre

142 1692 68 32 que
228 1693 90 29 pour
335 1684 31 29 le
385 1681 139 32 danser.

190 1785 114 41 Mais
325 1786 61 39 les
409 1797 21 27 ((
450 1785 276 40 Ramoneurs
746 1796 19 26 ))
789 1794 74 30 ont
878 1784 112 40 beau
1007 1784 120 45 faire,
1152 1785 227 38 Dardanus
1386 1815 7 16 ,
1414 1789 141 35 même
1575 1799 101 25 avec
1698 1786 39 38 la
1757 1785 259 46 Barbarina,
2039 1799 54 24 ne

136 1853 76 40 fait
230 1867 78 37 pas
332 1860 172 38 recette,
522 1860 40 31 et
584 1852 28 37 il
626 1851 91 40 faut
740 1859 200 31 remettre
957 1855 21 34 à
1002 1852 38 38 la
1061 1857 141 43 scène,
1247 1864 19 25 «
1288 1865 109 38 pour
1426 1852 39 38 le
1487 1852 206 48 soulager
1719 1862 20 27 »
1763 1849 76 53 (3),
1878 1852 38 38 le
1954 1851 137 40 ballet

137 1919 77 40 des
248 1919 149 38 Talens
427 1917 177 53 lyriques
628 1916 73 53 (4).
721 1917 115 40 Mais
859 1919 61 38 les
942 1919 269 38 adversaires
1233 1919 53 38 de
1300 1918 229 39 Dardanus
1548 1926 99 31 sont
1666 1926 170 31 surtout
1858 1918 62 39 les
1945 1918 122 39 adver-

139 1987 134 38 saires
297 1986 52 38 de
374 1985 214 48 Rameau,
609 1993 39 30 et
671 1998 46 25 ce
734 1985 290 48 changement
1046 1985 52 38 de
1119 1998 294 38 programme,
1434 1987 70 48 qui
1529 1986 189 38 consiste
1733 1989 21 34 à
1778 1983 108 40 faire
1906 1985 186 38 alterner

139 2065 73 26 sur
233 2050 178 41 l'affiche
428 2052 108 38 deux
556 2053 143 49 pièces
724 2049 102 41 d'un
854 2055 142 35 même
1019 2056 166 42 auteur,
1223 2050 68 40 n'a
1327 2065 77 38 pas
1425 2051 37 40 le
1484 2051 87 40 don
1606 2051 52 39 de
1690 2050 217 41 satisfaire
1926 2060 90 30 tout
2051 2051 38 39 le

139 2119 172 39 monde.

179 2208 95 35 Hier,
296 2208 212 31 écrira-t-on
530 2210 31 29 le
585 2218 34 19 11
646 2208 196 35 décembre,
862 2209 30 29 le
909 2208 108 31 ballet
1045 2208 123 29 Talens
1193 2208 145 40 liriques
1352 2218 17 21 a
1389 2212 251 28 extrêmement
1660 2211 76 37 plut
1756 2218 91 30 pour
1856 2210 32 29 la
1902 2208 163 40 musique
2081 2217 7 28 ;

136 2266 41 22 en
195 2263 92 25 sorte
308 2265 68 32 que
408 2256 154 30 Rameau
587 2259 109 27 même
712 2255 111 31 craint
849 2264 69 31 que
939 2258 73 28 cela
1042 2265 42 21 ne
1106 2255 91 32 fasse
1219 2256 46 30 du
1285 2263 68 25 tort
1376 2258 17 29 à
1415 2267 62 20 son
1496 2257 189 29 Dardanus
1691 2281 7 14 ,
1720 2258 128 38 auquel
1867 2265 46 21 on
1929 2255 59 31 fait
2010 2255 81 31 bien

137 2305 60 30 des
218 2307 237 38 changemens
472 2303 85 32 dans
580 2306 31 28 le
633 2307 135 36 poème.
794 2303 55 31 On
865 2304 147 31 observe
1034 2314 69 30 que
1120 2304 92 31 voilà
1232 2314 38 21 ce
1290 2304 169 31 musicien
1477 2315 91 21 venu
1593 2316 41 20 au
1653 2304 101 40 point
1778 2304 41 31 de
1855 2303 145 40 remplir
2033 2306 60 38 luy

137 2355 74 29 seul
238 2354 30 29 le
285 2352 134 31 théâtre
437 2352 128 40 lirique
587 2352 86 31 dans
700 2363 45 19 un
762 2359 87 24 tems
871 2353 167 30 consacré
1070 2352 276 31 ordinairement
1376 2356 17 27 à
1416 2352 136 31 donner
1573 2356 49 27 les
1637 2363 107 31 grans
1766 2354 124 38 opéras
1915 2352 42 31 de
1976 2353 115 39 Lully,

136 2410 69 31 que
221 2400 267 32 véritablement
511 2410 44 20 on
574 2406 50 24 est
649 2410 60 28 pas
729 2409 42 21 en
793 2401 69 29 état
885 2400 201 31 d'exécuter
1104 2411 63 29 par
1183 2403 30 28 la
1234 2401 126 31 disette
1379 2410 151 31 presque
1552 2404 108 28 totale
1679 2402 60 30 des
1755 2402 89 30 bons
1870 2401 108 40 sujets
2006 2401 86 31 dans

137 2451 150 39 laquelle
309 2459 44 20 on
372 2458 16 21 a
402 2448 102 31 laissé
522 2448 136 31 tomber
672 2448 141 39 l'Opéra
826 2450 18 29 à
861 2451 31 28 la
907 2448 103 31 veille
1023 2449 42 30 de
1087 2458 171 30 manquer
1277 2448 58 42 [et]
1357 2448 45 42 (5)
1421 2449 92 32 faute
1533 2449 41 31 de
1595 2449 152 39 pouvoir
1761 2449 145 40 remplir
1924 2452 49 28 les
1988 2451 102 29 rôles.

192 2547 85 39 Les
294 2547 285 48 médisances,
603 2548 72 49 qui
690 2545 202 40 faisaient
910 2560 102 25 sans
1027 2547 131 39 doute
1174 2551 151 47 pâmer
1343 2547 134 39 d'aise
1496 2549 61 38 les
1581 2548 195 39 abonnés
1795 2549 52 38 de
1868 2549 221 48 province,

140 2622 259 44 reprennent
421 2615 167 37 ensuite
607 2613 52 39 de
682 2613 96 51 plus
793 2613 125 39 belle.
938 2613 258 50 Parle-t-on,
1221 2629 78 36 par
1317 2614 210 51 exemple,
1546 2614 52 39 de
1630 2615 39 38 la
1703 2619 205 46 présence
1930 2615 57 38 du
2008 2613 83 41 Roi

141 2695 52 25 au
210 2689 169 30 concert
397 2681 50 38 de
468 2681 38 37 la
525 2679 136 40 Reine
684 2680 57 38 du
765 2693 43 25 12
841 2680 243 47 décembre,
1122 2694 167 26 comme
1324 2681 102 39 d'un
1458 2686 253 34 événement
1733 2681 355 48 extraordinaire,

141 2761 54 25 on
218 2761 52 25 ne
290 2760 240 37 manquera
569 2760 79 37 pas
677 2743 212 54 d'ajouter
927 2761 82 37 que
1042 2745 57 41 Sa
1122 2746 185 52 Majesté
1341 2749 103 37 était
1476 2760 140 27 venue
1655 2759 19 26 ((
1700 2760 111 39 pour
1830 2747 207 39 entendre
2053 2747 38 38 la

138 2813 112 38 belle
267 2814 152 38 chasse
435 2813 57 38 du
514 2813 134 38 ballet
670 2813 52 38 de
748 2812 132 39 Zaïde
889 2843 8 15 y
927 2827 54 26 au
1004 2815 159 38 second
1182 2822 107 41 acte,
1322 2814 143 51 lequel
1484 2827 202 26 morceau
1724 2814 52 39 de
1804 2816 203 48 musique
2028 2822 64 31 est

140 2885 149 33 trouvé
305 2879 102 39 bien
430 2880 239 39 au-dessus
692 2879 52 39 de
765 2887 91 31 tout
876 2893 46 25 ce
939 2879 103 51 qu'il
1063 2895 28 36 y
1122 2895 21 24 a
1167 2882 52 37 de
1241 2880 88 40 bon
1351 2881 111 39 dans
1480 2880 229 39 Dardanus
1731 2891 36 28 ».
1808 2879 54 40 Et
1881 2881 38 38 le
1941 2880 125 39 rédac-

141 2954 94 30 teur
273 2945 51 39 de
352 2945 38 38 la
415 2948 140 36 même
589 2944 146 40 feuille
768 2946 143 49 ajoute
932 2961 6 23 :

185 3034 55 31 On
264 3045 17 20 a
304 3033 49 31 dit
370 3044 43 21 au
435 3034 87 31 caffé
542 3033 43 31 du
610 3034 251 40 Palais-Royal
877 3034 84 40 qu'il
980 3046 22 29 y
1025 3036 94 31 avoit
1141 3046 68 21 une
1228 3039 163 28 nouvelle
1413 3043 155 32 estampe
1587 3038 68 29 très
1671 3036 167 31 historiée
1860 3043 33 24 et
1913 3039 70 28 très
2002 3046 69 21 mor-

141 3083 104 30 dante
266 3089 122 23 contre
410 3084 31 39 1$
461 3081 22 31 S
487 3086 8 15 1
496 3086 5 6 *
522 3082 167 35 Rameau,
710 3085 175 37 analogue
911 3093 41 20 au
968 3083 121 31 someil
1113 3083 44 31 du
1174 3096 20 28 4
1199 3090 13 15 e
1232 3092 74 24 acte
1324 3085 41 30 de
1386 3085 188 29 Dardanus
1580 3109 7 12 ,
1611 3084 85 32 dont
1716 3086 31 28 le
1765 3087 104 36 poète
1884 3085 86 31 étoit
1988 3095 105 29 aussy

183 3233 47 42 (1)
249 3234 145 30 Gazette
419 3232 212 32 manuscrite
647 3232 45 30 du
719 3241 13 33 5
762 3234 196 31 décembre.

183 3283 46 41 (2)
252 3281 87 32 Voir
358 3280 148 33 l'extrait
529 3280 44 31 du
590 3280 155 31 Mercure
766 3281 67 32 cité
854 3285 79 35 plus
957 3285 95 33 haut,
1075 3294 33 28 p.
1142 3284 77 31 168.

183 3330 47 43 (3)
252 3331 107 30 Autre
377 3329 119 32 feuille
518 3329 214 32 manuscrite
747 3329 44 31 du
818 3340 33 20 11
880 3330 196 32 décembre.

183 3379 46 41 (4)
252 3378 64 30 Les
338 3378 97 31 Fêtes
454 3378 138 38 cTHébé,
617 3388 41 20 ou
683 3378 47 30 les
757 3379 123 29 Talens
892 3379 163 41 lyriques,
1076 3381 106 31 ballet
1205 3382 42 30 de
1268 3382 161 31 Gaultier
1447 3383 41 30 de
1510 3381 198 40 Mondorge
1724 3389 32 24 et
1781 3383 167 37 Rameau,
1974 3384 97 38 repré-

141 3429 97 31 senté
261 3438 82 21 avec
365 3439 46 19 un
435 3429 68 30 très
521 3427 52 31 vif
593 3429 132 36 succès,
751 3429 30 29 le
802 3438 37 20 21
868 3428 66 31 mai
964 3438 98 33 1739.

183 3476 47 43 (5)
249 3478 93 32 Dans
362 3475 189 42 l'original,
576 3486 45 21 on
640 3474 39 33 lit
698 3486 72 21 nés.
