2232 3764
217 269 0 0 206

756 241 246 26 SOUVENIRS
1037 232 172 35 INÉDITS
1243 242 54 24 DE
1330 242 160 25 CHOPIN

139 346 107 37 ques
279 337 160 34 années
462 332 241 39 seulement
729 342 8 36 ;
782 331 196 51 toujours
1001 332 27 38 il
1066 332 178 39 désirait
1280 346 85 26 une
1401 332 158 40 femme
1583 336 72 49 qui
1679 340 77 45 pût
1779 336 38 38 le
1839 336 207 39 conduire
2068 346 38 31 et

136 413 88 25 non
240 403 88 35 être
350 398 203 40 conduite
582 398 264 38 elle-même.
886 397 66 40 En
972 399 194 49 général,
1189 399 27 38 il
1252 413 145 36 gagne
1425 404 21 34 à
1469 414 45 25 ce
1547 401 125 39 choix
1696 403 231 39 inattendu
1951 412 153 31 autant

139 479 83 37 que
243 465 151 39 l'autre
413 468 94 35 côté
527 465 105 50 perd
658 475 8 37 ;
692 464 56 39 du
766 466 144 38 moins
940 466 115 39 voilà
1080 465 122 40 l'avis
1237 466 51 39 de
1307 475 97 31 tous
1422 480 103 26 ceux
1549 470 72 48 qui
1639 470 236 38 entendent
1897 470 142 50 parler
2055 471 51 39 de

136 533 103 45 cela,
268 545 54 26 ou
354 533 73 49 qui
462 532 38 38 le
522 533 283 38 connaissent
828 534 418 49 personnellement,
1286 546 56 26 ou
1384 548 79 37 par
1502 534 210 52 l'opinion
1750 536 225 52 publique.
2011 536 95 52 Que

136 598 110 39 Dieu
267 599 92 38 leur
378 598 143 39 donne
555 598 37 39 le
611 597 202 41 bonheur
843 609 39 30 et
903 600 146 40 oublie
1070 602 38 38 le
1141 609 111 31 reste
1272 604 6 36 !
1314 600 54 40 Et
1392 600 149 51 Agnès
1561 602 169 40 Brocka
1749 604 94 51 déjà
1879 618 45 25 se
1942 607 134 37 marie
2095 621 7 32 ;

137 665 337 40 heureusement
498 679 83 38 que
614 666 39 39 la
677 667 275 48 grand'mère
975 682 53 25 ne
1058 670 90 38 voit
1171 682 77 37 pas
1270 677 91 31 tout
1384 682 46 26 ce
1448 672 73 48 qui
1556 683 45 26 se
1620 684 143 37 passe.
1787 670 62 40 Te
1872 672 210 50 rappelles-

137 741 44 31 tu
203 731 196 52 Léopold
426 732 378 52 Krzysztofowicz,
830 734 38 39 le
904 737 152 37 cousin
1077 736 50 38 de
1161 748 102 26 mon
1284 738 109 36 mari
1418 740 14 35 ?
1458 736 31 39 Il
1514 751 21 24 a
1557 741 164 47 épousé
1738 737 237 41 Catherine
2000 738 84 40 lerz-

136 799 275 50 manowska,
450 800 38 39 la
524 802 120 37 nièce
679 799 306 49 d'Ostrowski,
1026 803 230 39 conseiller
1279 804 52 38 de
1354 804 39 38 la
1410 807 285 37 commission
1716 806 56 39 du
1808 806 172 40 Trésor.
2015 805 90 41 Son

137 867 136 46 oncle,
301 866 110 40 Paul
436 866 356 50 lerzmanowski,
825 870 167 38 colonel
1015 883 54 26 ou
1090 870 178 50 général
1295 871 50 38 de
1380 870 244 52 Napoléon,
1653 872 103 51 qu'il
1794 887 21 25 a
1839 875 111 38 suivi
1981 878 21 34 à
2022 873 83 40 l'île

138 933 169 47 d'Elbe,
333 936 137 37 marié
511 939 21 34 à
564 949 85 25 une
690 936 75 38 des
798 936 150 39 dames
972 936 52 39 de
1039 936 256 53 Joséphine,
1328 938 219 47 demeure,
1584 940 206 50 paraît-il,
1817 953 74 26 rue
1928 938 176 48 Lafîtte,

137 1008 45 32 n°
202 1016 65 35 21,
290 1006 20 34 à
342 1001 140 40 Paris.
516 1000 222 42 Autrefois
757 1003 29 39 il
808 1005 149 37 aimait
980 1002 226 53 beaucoup
1232 1018 45 25 sa
1298 1006 120 38 nièce
1436 1014 39 31 et
1493 1007 167 39 voulait
1693 1012 144 35 même
1859 1008 152 40 l'avoir
2034 1023 48 24 au-

136 1073 98 46 près
258 1068 51 39 de
326 1068 75 45 lui,
428 1071 112 37 mais
567 1082 68 27 ses
656 1079 176 41 parents
851 1084 54 24 ne
928 1070 39 38 la
988 1070 59 39 lui
1074 1079 75 30 ont
1166 1084 78 37 pas
1276 1072 170 39 donnée
1465 1082 7 35 ;
1510 1076 290 48 maintenant,
1822 1090 52 25 au
1911 1084 194 31 moment

136 1135 53 39 de
211 1148 45 26 se
275 1137 174 42 marier,
468 1136 81 38 elle
571 1136 59 39 lui
648 1151 21 24 a
687 1138 102 37 écrit
806 1150 52 25 en
878 1137 227 39 adressant
1134 1151 46 25 sa
1205 1138 124 38 lettre
1347 1151 170 27 comme
1538 1141 236 50 ci-dessus,
1796 1150 40 31 et
1858 1151 108 30 cette
1982 1143 124 39 lettre

137 1202 58 39 lui
214 1216 21 24 a
260 1206 66 35 été
348 1207 228 35 retournée
601 1216 102 26 avec
719 1216 45 26 ce
783 1212 91 30 mot
894 1214 6 27 :
922 1204 139 49 refusé
1069 1236 7 6 ,
1103 1202 80 40 Aie
1203 1204 38 38 la
1266 1203 147 48 bonté,
1439 1220 103 25 mon
1563 1207 114 46 cher,
1700 1208 53 39 de
1777 1207 241 41 t'informer
2040 1209 64 40 s'il

136 1268 148 40 habite
301 1282 154 26 encore
488 1278 109 30 cette
629 1283 90 32 rue,
745 1283 45 25 ce
809 1273 142 35 même
975 1274 198 41 numéro,
1199 1283 56 25 ou
1277 1271 177 39 ailleurs
1474 1284 8 35 ;
1507 1282 41 30 et
1582 1273 195 42 fais-moi
1797 1278 145 37 savoir
1958 1275 66 40 s'il
2045 1279 60 37 vit

136 1348 169 26 encore.
333 1334 254 41 Seulement
621 1335 195 40 n'oublie
839 1350 94 37 pas,
957 1349 103 26 mon
1081 1336 115 50 cher,
1219 1337 51 38 de
1294 1336 84 40 t'en
1398 1338 232 51 informer;
1653 1342 28 39 il
1709 1343 241 40 demeurait
1970 1344 39 38 là
2032 1344 49 39 de-

136 1404 97 48 puis
253 1402 75 39 des
345 1403 169 39 siècles.
542 1401 285 41 Grand'mère
863 1417 70 25 me
955 1405 84 37 crie
1065 1418 6 25 :
1107 1414 21 27 ((
1152 1402 101 40 finis
1274 1415 37 36 »,
1331 1419 126 36 parce
1483 1423 96 38 que,
1615 1423 52 26 en
1700 1424 45 25 ce
1777 1420 210 38 moment,
2024 1411 80 40 elle

134 1476 117 38 vient
273 1472 186 42 d'entrer
482 1484 233 42 apportant
740 1476 39 39 le
795 1478 106 49 petit
919 1476 216 50 Frédéric,
1158 1486 39 30 et
1224 1478 38 51 je
1284 1478 94 39 dois
1401 1481 87 36 vite
1507 1486 227 31 retourner
1754 1482 21 35 à
1793 1478 39 39 la
1850 1480 185 37 maison.
2057 1478 48 53 Je

136 1540 256 40 t'embrasse
411 1542 111 39 donc
540 1556 100 26 avec
656 1556 103 26 mon
780 1545 124 43 mari,
924 1552 41 31 et
984 1545 38 50 je
1044 1543 122 40 baise
1187 1544 166 40 chacun
1383 1545 52 39 de
1455 1554 62 31 tes
1550 1547 131 48 petits
1702 1545 160 50 doigts.

189 1608 101 39 Fais
312 1622 80 26 nos
409 1609 305 51 compliments
734 1614 21 35 à
780 1610 182 48 chacun,
985 1619 39 30 et
1048 1615 21 34 à
1089 1609 100 41 Nak
1210 1609 200 54 [waska],
1438 1613 152 50 quand
1613 1620 44 31 tu
1682 1612 39 39 la
1741 1625 165 26 verras.

188 1674 85 40 Les
293 1675 173 40 enfants
486 1676 172 40 baisent
678 1677 62 39 les
760 1679 142 37 mains
924 1678 52 38 de
995 1678 94 38 leur
1123 1679 137 37 oncle.

900 2011 273 43 LETTRE
1209 2012 139 42 XVII

1039 2110 68 41 [Du
1129 2109 124 42 père..]

1286 2231 183 39 Varsovie,
1491 2241 37 22 ce
1552 2242 42 32 30
1615 2230 186 32 décembre
1830 2230 100 41 1841.

183 2339 80 53 J'ai
285 2352 114 36 reçu,
424 2352 103 25 mon
550 2338 101 39 cher
670 2337 215 46 Frédéric,
908 2345 40 31 ta
974 2338 122 38 lettre
1115 2337 58 39 du
1194 2351 23 35 4
1239 2338 289 50 précisément
1563 2337 38 38 le
1637 2337 96 51 jour
1754 2336 53 39 de
1841 2336 38 38 la
1905 2335 195 39 huitaine

131 2406 52 38 de
224 2420 69 24 ma
317 2405 97 46 fête,
437 2418 45 26 ce
520 2406 73 50 qui
629 2405 81 38 m'a
750 2403 76 39 fait
854 2418 59 25 un
951 2403 191 39 sensible
1183 2404 167 50 plaisir,
1373 2412 40 30 et
1451 2405 38 49 je
1526 2412 38 30 te
1597 2404 207 38 remercie
1833 2402 53 39 de
1906 2410 63 31 tes
1992 2401 107 39 bons

132 2473 213 49 souhaits,
367 2486 127 38 parce
515 2485 82 38 que
614 2472 37 51 je
674 2484 52 26 ne
745 2471 131 39 doute
898 2484 79 38 pas
1000 2470 51 40 de
1066 2471 93 39 leur
1175 2472 215 45 sincérité,
1404 2472 283 37 connaissant
1707 2479 74 31 ton
1803 2468 297 41 cœur.Puisse

131 2540 38 38 le
188 2540 78 38 ciel
290 2540 83 38 t'en
394 2544 318 46 récompenser,
738 2538 151 39 veiller
912 2551 73 26 sur
1002 2540 74 44 toi,
1100 2547 39 30 te
1157 2538 155 38 rendre
1335 2538 193 39 heureux
1548 2546 40 31 et
1606 2546 40 30 te
1663 2550 233 26 conserver
1917 2536 182 39 l'estime

130 2607 76 38 des
225 2620 109 36 gens
356 2606 52 40 de
434 2606 100 40 bien
561 2610 5 36 !
591 2606 61 40 Ce
675 2614 99 31 sont
797 2618 80 26 nos
901 2606 199 38 souhaits
1138 2618 89 26 non
1266 2605 242 39 seulement
1541 2619 55 25 au
1636 2604 375 40 renouvellement
2048 2603 51 39 de

129 2674 182 49 l'année,
337 2675 111 38 mais
467 2687 53 25 en
538 2682 92 31 tout
654 2682 154 42 temps.
833 2696 51 3 —
908 2672 59 40 La
991 2673 128 39 veille
1139 2681 39 30 et
1199 2672 38 39 le
1261 2673 96 50 jour
1388 2672 52 39 de
1461 2671 110 41 Noël
1613 2685 113 27 nous
1761 2684 113 26 nous
1908 2683 190 27 sommes

129 2745 174 35 trouvés
327 2743 160 37 réunis.
516 2740 31 40 Il
567 2740 139 40 fallait
728 2742 95 38 voir
845 2740 38 39 la
906 2741 82 50 joie
1008 2740 76 39 des
1115 2738 173 40 enfants
1312 2743 21 35 à
1355 2739 38 39 la
1432 2752 84 26 vue
1538 2740 77 38 des
1638 2743 217 35 étrennes.
1881 2736 216 41 Combien

127 2809 87 39 cela
237 2809 172 39 t'aurait
432 2813 166 39 amusé,
616 2811 33 37 si
674 2817 45 31 tu
736 2811 120 37 avais
877 2812 65 35 été
965 2820 102 26 avec
1084 2820 112 26 nous
1211 2810 6 36 !
1232 2806 124 40 Nous
1377 2822 27 35 y
1422 2820 135 26 avons
1577 2806 99 39 bien
1699 2810 149 47 pensé,
1862 2820 87 31 car,
1964 2806 111 38 crois-

129 2877 102 38 moi,
258 2889 111 25 nous
392 2888 52 26 ne
468 2888 177 26 cessons
667 2875 52 39 de
736 2875 145 51 parler
896 2875 52 38 de
969 2875 73 44 toi,
1069 2882 44 30 tu
1136 2887 45 25 es
1205 2874 199 50 toujours
1424 2888 59 24 un
1523 2873 116 52 objet
1668 2873 53 39 de
1744 2886 80 26 nos
1846 2873 247 39 entretiens.

127 2942 66 39 Tu
217 2956 111 26 nous
350 2956 220 37 marques,
587 2956 101 26 mon
713 2942 89 39 bon
823 2943 101 47 ami,
942 2954 83 38 que
1049 2950 44 30 tu
1117 2954 47 26 as
1187 2945 66 35 été
1267 2945 20 34 à
1306 2942 38 37 la
1369 2942 155 48 soirée,
1549 2942 111 37 mais
1681 2954 84 37 que
1786 2949 43 31 tu
1850 2940 152 39 n'étais
2021 2951 75 39 pas

127 3009 53 39 de
202 3008 146 40 bonne
372 3009 188 39 humeur
584 3025 7 31 ;
618 3011 36 49 je
679 3008 171 40 t'avoue
874 3021 83 38 que
977 3008 88 38 cela
1088 3022 113 25 nous
1223 3022 21 24 a
1269 3009 234 50 inquiétés,
1542 3021 111 26 nous
1677 3020 136 27 avons
1855 3009 137 37 craint
2015 3018 81 38 que

129 3083 44 31 tu
193 3088 52 25 ne
268 3074 141 40 fusses
432 3075 240 50 indisposé,
695 3074 100 39 bien
819 3089 83 36 que
926 3083 43 31 tu
994 3088 110 26 nous
1128 3089 175 26 assures
1328 3089 83 37 que
1436 3084 43 31 tu
1509 3084 39 30 te
1582 3083 147 43 portes
1752 3074 115 40 bien.
1903 3073 148 51 Quant
2074 3076 20 34 à

127 3154 127 33 nous,
275 3154 80 26 nos
392 3139 232 41 infirmités
663 3154 112 26 nous
815 3150 311 39 tourmentent,
1161 3144 111 37 mais
1295 3143 57 39 du
1373 3145 144 37 moins
1540 3142 104 39 elles
1668 3142 333 49 n'augmentent
2020 3151 75 39 pas

126 3207 440 40 considérablement,
590 3216 40 30 et
649 3208 38 38 le
709 3209 153 50 plaisir
895 3208 133 40 d'être
1052 3218 184 30 souvent
1276 3212 146 37 réunis
1446 3210 177 39 charme
1655 3217 125 31 notre
1808 3209 217 39 vieillesse
2058 3213 37 31 et

127 3276 193 38 chacune
336 3276 52 38 de
408 3283 62 31 tes
491 3275 146 39 lettres
654 3275 66 51 n'y
747 3275 228 39 contribue
994 3289 78 37 pas
1086 3290 96 36 peu.
1206 3275 266 41 Enfinmous
1511 3276 191 40 rendons
1741 3279 154 47 grâces
1930 3290 54 24 au
2020 3272 73 40 ciel

126 3342 53 38 de
202 3356 110 26 nous
333 3343 121 39 avoir
474 3342 145 39 donné
640 3343 53 38 de
724 3341 111 40 bons
863 3342 188 40 enfants.
1077 3342 63 41 Ne
1165 3352 39 30 te
1227 3343 123 39 fâche
1369 3357 79 37 pas
1469 3346 33 37 si
1533 3345 37 50 je
1591 3352 38 31 te
1649 3357 129 26 cause
1817 3344 52 38 de
1892 3342 177 40 l'embar-

127 3424 70 25 ras
220 3418 39 31 et
282 3418 39 31 te
338 3409 82 39 fais
443 3410 154 51 perdre
616 3410 58 39 du
698 3418 139 42 temps
860 3423 54 25 en
937 3410 260 40 t'adressant
1221 3411 213 51 quelques
1451 3424 242 38 personnes
1712 3425 9 32 ;
1744 3413 111 37 mais
1875 3411 38 39 le
1936 3422 154 38 moyen

126 3477 52 39 de
199 3491 52 25 ne
282 3490 78 37 pas
384 3477 37 39 le
444 3476 108 40 faire
574 3484 40 32 et
638 3477 52 39 de
714 3477 60 50 s'y
799 3476 165 40 refuser
984 3477 146 50 quand
1149 3491 56 25 on
1235 3491 21 25 a
1294 3486 91 30 tant
1422 3478 54 38 de
1510 3476 224 41 confiance
1772 3491 53 25 en
1861 3479 58 38 toi
1942 3482 15 35 ?
1991 3475 100 40 Cela
