2232 3764
820 229 23 25 L
863 220 141 36 OPÉRA
1037 230 54 27 AU
1124 230 105 26 XVIII
1235 224 15 22 e
1284 221 150 35 SIÈCLE

2120 269 0 0 171

137 325 70 27 très
231 322 68 30 mal
324 319 116 33 traité.
469 320 47 32 Le
538 319 23 33 S
565 324 13 17 r
598 320 96 42 Roy,
713 322 31 30 le
765 322 118 38 poète,
907 320 61 42 qui
992 320 80 34 s'est
1105 320 140 33 adonné
1268 321 127 41 depuis
1421 324 157 40 quelque
1614 329 89 25 tems
1736 332 42 21 au
1814 321 88 34 caffé
1920 321 138 41 Surdis,
2083 331 42 23 ne

133 377 99 24 cesse
250 368 58 43 d'y
334 369 178 33 déclamer
529 369 181 33 vivement
732 377 124 25 contre
875 371 156 31 Rameau
1055 377 34 25 et
1108 379 54 23 ses
1183 371 140 40 opéras,
1341 374 117 38 lequel
1482 372 71 34 s'en
1578 371 113 42 plaint
1714 371 83 33 fort.

191 475 125 51 Puis,
339 479 114 38 voici
475 477 62 40 les
560 478 196 39 derniers
776 477 132 40 échos
940 477 77 40 des
1038 479 394 50 représentations,
1471 492 102 26 avec
1593 479 62 40 les
1679 479 149 40 lettres
1851 479 58 40 du
1937 491 40 40 15
2005 486 41 35 et
2065 478 57 41 du

140 546 45 37 18
209 545 234 40 décembre
461 556 7 25 :

179 635 54 32 On
255 636 81 32 s'est
360 646 130 32 aperçu
514 637 189 32 dimanche
725 646 98 23 assez
845 637 258 31 sensiblement
1125 647 65 30 par
1211 639 31 29 la
1262 643 131 25 recette
1415 646 71 31 que
1513 637 132 39 l'opéra
1668 637 42 31 de
1727 637 194 31 Dardanus
1940 647 156 22 commen-

132 683 72 41 çoit
224 687 18 29 à
267 686 157 38 tomber;
449 696 45 21 on
516 685 138 40 prévoit
677 696 69 31 que
762 689 31 28 le
817 685 23 32 S
845 691 12 15 r
879 687 157 31 Rameau
1054 687 208 30 s'écrassera
1297 688 199 38 luy-même
1517 696 64 29 par
1616 695 54 22 ses
1711 686 124 30 Talens
1866 686 157 41 liriques,
2059 686 61 41 qui

132 733 154 40 plaisent
309 734 82 32 bien
408 737 80 37 plus
506 745 70 30 que
598 735 205 38 Dardanus,
828 735 57 32 On
909 745 17 22 a
946 736 124 31 trouvé
1087 745 70 30 que
1169 736 47 30 M.
1240 734 47 33 Le
1304 736 98 40 Page
1424 734 87 33 étoit
1534 736 85 31 hors
1635 734 107 33 d'état
1762 734 42 33 de
1826 734 152 33 chanter
1996 742 32 25 et
2051 744 69 32 que

130 782 138 34 c'estoit
282 783 173 41 l'exposer
476 785 18 31 à
516 783 98 42 périr
635 794 70 31 que
727 783 43 33 de
790 783 209 43 l'employer
1018 784 222 32 maintenant
1266 783 60 44 (1).

173 887 147 41 L'opéra
344 889 60 32 des
433 890 127 31 Talens
581 890 104 32 attira
701 890 189 41 beaucoup
907 898 32 24 et
958 891 43 31 de
1019 892 70 30 très
1118 891 90 31 beau
1233 889 129 33 monde
1381 899 6 29 ;
1409 892 31 29 le
1462 897 107 34 goust
1588 898 52 24 est
1673 889 126 33 décidé
1837 899 69 32 que
1943 892 31 29 le
1995 889 124 40 public

130 936 91 33 aime
238 938 117 33 mieux
371 941 18 29 à
412 938 144 41 l'Opéra
579 942 50 29 les
647 940 127 32 ballets
798 949 69 31 que
884 942 49 29 les
953 939 181 42 tragédies
1153 947 33 25 et
1207 938 194 33 Dardanus
1431 947 51 24 est
1509 940 119 31 écrasé
1647 950 63 30 par
1745 942 48 28 les
1846 939 125 32 Talens
1978 964 6 12 ,
2021 949 98 32 quoy

130 985 84 42 qu'il
238 987 68 33 soit
332 988 45 31 du
403 992 112 28 même
539 988 176 32 musicien
736 996 33 25 et
793 999 70 31 que
882 999 54 22 ses
957 988 179 42 partisans
1175 988 117 33 disent
1311 999 71 31 que
1420 991 32 30 la
1473 988 165 44 musique
1673 988 42 33 de
1736 989 191 31 Dardanus
1965 995 51 25 est
2039 990 79 38 plus

128 1044 145 25 savante
295 1044 32 25 et
346 1037 120 41 pleine
485 1038 223 34 d'harmonie
725 1037 61 42 (2).

183 1120 273 50 Désormais,
479 1134 57 27 on
556 1120 266 41 abandonne
851 1120 232 40 Dardanus
1108 1124 22 36 à
1158 1133 80 28 son
1263 1129 102 39 sort,
1393 1134 113 39 pour
1543 1120 240 51 s'attaquer
1809 1119 99 52 plus
1931 1119 163 40 directe-

131 1197 119 31 ment
268 1192 21 36 à
311 1188 217 48 Rameau,
555 1194 22 34 à
595 1202 81 28 son
696 1188 232 42 librettiste
947 1188 63 41 La
1033 1188 182 48 Bruère,
1240 1197 41 31 et
1300 1192 143 38 même
1464 1193 21 34 à
1508 1202 77 28 son
1607 1190 174 38 ennemi
1800 1188 39 39 le
1856 1193 127 46 poète
2001 1187 112 52 Roy;

128 1256 63 41 les
212 1257 228 39 nouvelles
465 1262 21 34 à
511 1258 39 38 la
572 1258 120 38 main
715 1270 54 27 ne
792 1257 172 51 parlent
983 1257 99 53 plus
1104 1270 84 39 que
1224 1257 76 41 des
1324 1265 221 44 estampes
1578 1258 236 50 satiriques
1837 1255 108 40 dont
1967 1268 57 27 on
2053 1255 61 40 les

128 1325 220 50 poursuit.
375 1323 127 41 Ainsi
520 1324 38 40 le
581 1338 50 36 24
651 1323 232 41 décembre
903 1340 7 24 :

171 1408 57 32 On
245 1419 17 21 a
283 1409 163 31 annoncé
468 1409 87 32 dans
578 1409 180 40 plusieurs
781 1409 160 32 endroits
965 1418 69 23 une
1052 1409 140 42 grande
1209 1416 160 33 estampe
1392 1411 166 33 nouvelle
1578 1411 69 30 très
1666 1408 169 32 historiée
1853 1415 34 24 et
1914 1409 69 30 très
2018 1418 73 21 mor-

126 1457 107 32 dante
253 1460 18 29 à
292 1458 195 31 l'encontre
506 1459 45 30 du
572 1458 22 31 S
600 1464 11 15 r
633 1460 170 35 Rameau,
824 1461 31 28 le
872 1458 189 37 musicien,
1084 1466 34 24 et
1136 1459 42 31 de
1195 1469 63 21 son
1277 1462 106 36 poète
1398 1459 44 31 de
1474 1458 192 31 Dardanus
1672 1482 7 13 ,
1706 1460 32 29 le
1760 1456 23 33 S
1787 1462 13 15 r
1819 1458 43 30 de
1894 1456 47 33 La
1964 1457 146 31 Bruère.

125 1505 48 32 Le
197 1506 22 31 S
226 1512 11 16 r
256 1507 169 38 Rameau,
444 1514 121 25 a-t-on
588 1507 62 40 dit,
676 1514 51 24 est
743 1508 205 39 représenté
966 1507 104 32 bercé
1087 1518 65 29 par
1171 1508 60 30 des
1255 1515 198 32 ramonats,
1471 1509 88 31 dans
1582 1519 46 19 un
1642 1508 143 30 bransle
1806 1517 42 21 en
1868 1506 88 37 l'air,
1976 1507 136 31 couché

125 1562 77 25 tout
225 1556 43 31 de
287 1566 64 21 son
374 1558 89 39 long
499 1564 32 24 et
554 1556 223 33 enmaillotté
800 1566 82 21 avec
903 1556 61 31 des
983 1557 137 31 bandes
1139 1556 44 31 de
1206 1556 166 41 musique
1400 1558 44 30 où
1468 1564 79 24 sont
1583 1556 188 40 indiquées
1805 1564 54 23 ses
1894 1554 217 41 principales

123 1604 119 40 pièces
261 1604 43 32 de
324 1604 156 33 clavecin
508 1616 5 21 :
536 1616 45 21 on
604 1604 140 42 reforge
768 1613 79 24 tous
870 1614 54 22 ses
959 1606 127 38 opéras
1105 1616 84 20 sous
1215 1606 210 38 l'enclume;
1449 1608 31 29 le
1503 1608 105 37 poète
1626 1606 43 30 de
1702 1604 192 30 Dardanus
1933 1603 61 41 qui
2028 1612 82 23 veut

121 1653 161 41 grimper
308 1665 42 21 au
370 1661 113 25 somet
499 1655 45 31 du
566 1655 187 36 Parnasse,
774 1656 154 38 Apollon
951 1653 117 40 paroit
1089 1663 85 23 avec
1195 1660 100 26 toute
1317 1665 37 21 sa
1377 1665 100 26 cour,
1496 1662 106 33 ayant
1628 1653 175 41 Quinault
1820 1660 33 24 et
1875 1653 105 40 Lully
2003 1655 18 28 à
2056 1662 54 21 ses

127 1703 112 38 côtés,
266 1710 51 25 est
339 1705 165 30 renversé
527 1703 87 32 dans
635 1706 31 29 le
685 1703 172 32 bourbier
875 1713 43 22 en
941 1703 76 37 bas,
1038 1703 83 31 d'un
1141 1714 92 29 coup
1256 1703 42 32 de
1338 1703 81 40 pied
1442 1703 45 32 du
1505 1705 122 30 cheval
1658 1703 153 40 Pégaze.
1832 1702 55 31 On
1905 1712 18 22 a
1944 1702 168 39 rapporté

122 1750 84 33 bien
226 1752 155 33 d'autres
398 1752 100 33 traits
515 1752 167 33 mordans
699 1752 42 33 de
761 1752 183 41 l'estampe
967 1761 43 22 en
1030 1752 181 42 question.

176 1855 63 42 Le
256 1871 46 37 27
328 1871 8 26 :

164 1947 56 31 On
242 1949 175 40 comptoit
440 1949 83 32 bien
544 1949 106 41 qu'on
670 1949 115 32 auroit
809 1949 176 33 distribué
1004 1950 215 37 avant-hier,
1238 1960 42 22 au
1301 1956 143 26 concert
1463 1949 59 31 des
1544 1949 228 36 Thuilleries,
1790 1949 59 31 des
1872 1947 232 40 exemplaires

120 1995 42 32 de
183 1999 32 29 la
233 1997 139 41 grande
391 2006 158 32 estampe
571 2010 61 20 sur
650 1999 169 38 Rameau,
844 1998 62 41 qui
924 2010 17 20 a
958 2000 55 30 été
1036 1999 195 31 demandée
1255 2010 6 20 :
1286 2010 46 20 on
1365 2009 18 21 a
1405 2009 72 30 ouy
1500 1998 74 32 dire
1590 2001 108 38 qu'on
1718 2010 22 29 y
1760 2009 17 21 a
1811 1997 119 42 ajouté
1953 2008 46 19 un
2020 2005 62 30 per-

118 2055 162 32 sonnage
302 2049 70 30 très
395 2047 164 33 mordant
580 2050 18 29 à
617 2050 195 29 l'encontre
833 2048 45 31 du
903 2051 105 37 poète
1030 2050 91 39 Roy,
1146 2048 179 41 l'ennemy
1345 2048 103 31 outré
1467 2048 43 31 de
1544 2049 170 35 Rameau,
1750 2046 61 42 qui
1851 2044 108 33 seroit
1988 2055 66 31 par
2073 2046 32 30 là

120 2096 148 30 consolé
290 2095 61 43 (3).

179 2204 63 40 Le
266 2206 50 36 28
342 2213 8 28 :

160 2295 56 32 On
236 2306 17 22 a
273 2295 139 31 montré
424 2295 89 31 dans
530 2293 180 40 plusieurs
737 2293 160 32 endroits
926 2295 32 31 la
977 2296 164 29 nouvelle
1164 2301 160 32 estampe
1364 2293 27 31 si
1422 2293 171 32 historiée
1636 2300 123 25 contre
1792 2295 155 31 Rameau
1976 2303 33 25 et
2039 2306 62 21 son

116 2349 117 36 poète,
257 2346 44 30 où
325 2347 31 29 le
381 2346 106 38 poète
506 2344 77 40 Roy
602 2350 50 24 est
675 2349 52 26 est
748 2341 73 43 (sic)
845 2352 108 23 encor
983 2345 80 37 plus
1108 2345 68 30 mal
1200 2343 230 32 accommodé
1465 2354 5 20 :
1512 2353 44 21 on
1595 2352 42 22 en
1664 2353 17 21 a
1721 2344 126 31 trouvé
1873 2346 32 30 la
1949 2355 153 31 gravure

116 2394 197 41 pitoyable,
330 2403 138 22 comme
492 2391 60 33 des
571 2399 178 33 estampes
774 2403 82 21 sous
876 2394 49 30 les
948 2392 200 39 charniers;
1167 2403 45 21 on
1235 2403 17 21 a
1275 2392 45 32 rit
1347 2391 46 33 du
1411 2391 81 33 trait
1510 2392 61 40 qui
1593 2392 150 42 regarde
1761 2393 78 40 Roy
1862 2393 59 42 (4).

169 2499 149 51 Enfin,
341 2500 38 40 le
405 2512 51 38 30
480 2498 247 47 décembre,
753 2513 83 25 aux
855 2498 225 40 dernières
1099 2511 138 38 pages
1272 2498 53 40 de
1349 2512 70 26 ces
1458 2507 194 41 gazettes
1690 2501 309 48 manuscrites,
2026 2502 74 50 qui

115 2575 242 44 manquent
379 2580 111 39 pour
513 2566 169 40 l'année
706 2568 214 46 suivante,
941 2580 87 26 une
1049 2566 201 40 dernière
1273 2568 197 37 mention
1489 2580 113 26 nous
1626 2568 156 38 retient
1798 2580 159 26 encore
1979 2583 6 24 :

170 2648 21 26 ((
210 2636 30 38 Il
258 2650 25 36 y
297 2636 116 38 avoit
437 2635 93 39 hier
553 2647 85 26 une
659 2647 122 26 assez
798 2633 115 40 belle
936 2633 237 39 chambrée
1194 2638 22 33 à
1252 2632 178 52 l'Opéra
1448 2634 76 38 des
1550 2634 153 38 Talens
1708 2667 8 16 ,
1740 2636 75 49 qui
1856 2649 22 23 a
1911 2639 67 34 été
2011 2641 86 33 très

114 2704 100 38 bien
248 2707 194 42 exécuté,
480 2710 171 32 surtout
674 2714 112 38 pour
814 2701 63 39 les
899 2702 176 44 danses,
1101 2707 57 32 où
1177 2699 46 39 M
1229 2700 37 22 lle
1287 2699 103 40 Salé
1428 2714 21 25 a
1492 2714 184 38 reparue
1713 2715 103 26 avec
1858 2709 142 31 toutes
2020 2714 70 27 ses

112 2773 156 47 grâces
287 2768 60 53 (5)
370 2777 41 31 et
429 2768 47 39 M
482 2768 50 22 lles
566 2768 246 40 Barbarine
834 2776 41 30 et
909 2766 220 50 Mariette,
1158 2782 80 37 par
1271 2768 261 47 émulation,
1566 2783 25 37 y
1632 2777 76 31 ont
1754 2768 85 40 fort
1870 2770 126 39 attiré
2032 2769 62 40 les

115 2838 402 52 aplaudissements
540 2836 58 38 du
614 2835 151 51 public
790 2846 34 29 )).

168 2904 72 42 On
261 2917 199 27 annonce
479 2916 113 37 pour
615 2904 38 38 la
672 2901 62 40 fin
755 2903 59 39 du
829 2904 114 37 mois
960 2903 53 39 de
1032 2904 168 49 janvier
1219 2903 39 39 la
1299 2904 166 49 reprise
1487 2903 53 39 de
1575 2902 184 51 Pyrame
1778 2909 36 34 et
1854 2902 150 41 Thisbé
2037 2913 56 40 et,

154 3108 46 42 (1)
217 3107 190 33 Nouvelles
431 3107 45 31 du
502 3115 37 34 15
559 3105 203 32 décembre.

155 3158 47 42 (2)
225 3158 191 31 Nouvelles
436 3157 46 31 du
509 3155 39 32 18
568 3154 206 33 décembre.
800 3153 24 31 Il
850 3153 104 42 s'agit
980 3154 88 31 delà
1094 3154 288 39 représentation
1405 3154 42 32 de
1470 3158 31 29 la
1517 3155 117 32 veille.

153 3207 46 45 (3)
219 3207 111 32 Autre
353 3210 103 28 lettre
478 3207 45 30 du
552 3209 113 28 même
688 3205 79 40 jour
790 3215 6 19 :
816 3213 14 20 «
856 3202 55 32 On
930 3203 91 31 vend
1040 3212 69 22 une
1132 3207 164 28 nouvelle
1315 3211 158 32 estampe
1495 3204 153 41 critique
1672 3212 123 24 contre
1814 3207 169 37 Rameau,
2003 3206 87 32 dans

108 3259 32 29 la
162 3256 242 39 composition
428 3257 42 30 de
493 3257 154 39 laquelle
666 3255 188 37 beaucoup
878 3253 43 30 de
942 3262 89 32 gens
1046 3262 36 21 se
1108 3259 165 26 trouvent
1297 3253 171 41 critiqués
1488 3261 33 25 et
1541 3253 207 41 plaisantés.
1775 3267 14 14 »

153 3304 46 43 (4)
225 3306 56 31 On
302 3306 40 31 lit
365 3306 87 30 dans
476 3314 68 22 une
568 3310 100 25 autre
688 3305 102 29 lettre
813 3301 45 31 du
887 3311 43 32 29
952 3313 6 19 :
989 3313 14 17 «
1034 3302 24 30 Il
1084 3301 116 40 paroit
1220 3312 69 22 une
1310 3305 165 29 nouvelle
1503 3310 159 33 estampe
1690 3310 123 25 contre
1835 3304 169 36 Rameau,
2028 3305 62 41 qui

108 3362 50 24 est
182 3357 70 30 très
275 3355 155 41 chargée
452 3354 43 31 de
511 3353 122 32 dessin
656 3360 32 24 et
709 3350 145 32 difficile
873 3353 16 29 à
912 3350 189 32 déchiffrer
1121 3361 92 28 pour
1235 3361 87 22 ceux
1343 3351 61 40 qui
1422 3361 43 21 ne
1494 3359 81 25 sont
1599 3363 62 28 pas
1699 3352 236 32 entièrement
1962 3363 42 21 au
2028 3353 61 32 fait

109 3404 61 31 des
189 3403 226 32 tracasseries
440 3404 45 30 du
506 3405 176 29 Parnasse
702 3400 153 42 lyrique.
875 3400 47 30 Le
949 3403 105 37 poète
1077 3401 78 40 Roy
1181 3403 50 38 s'y
1258 3408 125 24 trouve
1410 3403 68 30 très
1504 3401 82 32 bien
1609 3401 224 39 caractérisé,
1853 3401 87 33 mais
1955 3405 31 29 le
2008 3406 80 36 plus

109 3453 188 32 maltraité.
323 3464 16 19 »

152 3502 47 39 (5)
221 3502 74 31 Elle
320 3502 93 31 avait
438 3500 115 32 refusé
579 3502 42 30 de
640 3501 130 31 danser
788 3502 29 28 le
841 3510 37 31 17
903 3499 200 35 décembre,
1128 3500 135 39 malgré
1280 3499 127 31 l'ordre
1431 3499 122 31 formel
1581 3502 128 38 qu'elle
1729 3510 42 22 en
1795 3501 92 31 avait
1905 3511 94 30 reçu.
