2232 3764
762 245 74 25 LES
872 243 19 25 ((
924 243 160 25 PERSES
1118 240 19 25 ))
1171 242 54 24 DE
1256 234 218 33 TIMOTHÉE

218 281 0 0 174

140 344 117 40 reçut
281 336 60 38 les
362 336 146 48 leçons
532 348 55 26 ou
611 335 61 37 les
715 332 186 40 conseils
922 332 53 37 de
994 329 60 40 M.
1082 330 226 46 Périlhou,
1349 330 52 39 de
1441 329 61 39 M.
1545 329 239 45 Massenet,
1815 330 52 38 de
1884 329 204 47 Brahms,

143 416 21 24 a
185 403 102 37 écrit
309 415 84 26 une
423 402 208 50 partition
667 399 51 37 de
737 398 166 48 grande
936 396 166 47 valeur,
1147 403 55 32 où
1239 396 253 39 l'invention
1515 396 270 49 thématique
1816 403 63 30 est
1926 409 136 25 remar-

143 468 176 51 quable,
353 468 214 38 l'écriture
590 466 129 38 d'une
753 469 84 34 très
868 463 145 40 bonne
1033 472 141 41 tenue,
1210 471 39 32 et
1273 469 55 34 où
1363 463 52 38 de
1442 461 240 40 nombreux
1716 463 86 36 airs
1843 461 249 50 populaires

141 543 97 31 sont
256 535 377 48 ingénieusement
649 531 181 39 utilisés:
854 530 49 53 Je
924 532 145 38 citerai
1114 538 121 32 entre
1261 537 144 31 autres
1432 528 39 38 la
1504 528 194 38 chanson
1720 527 53 38 de
1808 527 182 39 Renaud
2011 539 7 25 :

195 1048 63 40 La
282 1049 174 40 bataille
479 1049 157 39 devant
656 1047 124 40 Arles
809 1047 121 52 (Acte
953 1047 48 51 I),
1027 1049 60 38 les
1132 1047 238 50 fiançailles
1399 1061 54 25 au
1491 1047 108 40 bord
1620 1047 57 39 du
1701 1045 155 41 Rhône
1877 1044 121 54 (Acte
2019 1044 71 52 II),

143 1117 37 38 le
197 1117 180 39 carillon
399 1117 76 38 des
497 1129 130 26 noces
649 1113 123 50 (Acte
788 1115 72 49 V),
889 1115 100 39 bien
1011 1113 189 40 d'autres
1222 1127 154 26 encore
1411 1122 97 31 sont
1530 1114 75 38 des
1623 1118 148 34 scènes
1804 1115 117 37 aussi
1958 1113 134 38 belles

142 1196 78 36 par
242 1182 37 39 le
296 1183 168 50 rythme
481 1195 81 37 que
581 1196 78 37 par
677 1182 38 38 la
740 1181 191 39 couleur.
956 1179 61 39 Le
1050 1185 146 34 succès
1216 1193 21 25 a
1259 1184 66 34 été
1342 1179 138 49 grand
1503 1187 41 30 et
1575 1181 165 36 mérité.
1762 1178 60 39 M.
1845 1178 246 50 Desjoyaux

141 1256 64 31 est
224 1263 58 24 un
305 1250 292 49 compositeur
634 1249 105 38 dont
762 1248 37 38 la
842 1247 295 51 personnalité
1167 1247 242 50 n'apparaît
1451 1250 216 46 peut-être
1698 1259 78 37 pas
1815 1260 119 25 assez
1958 1254 112 31 nette-

143 1324 118 29 ment
284 1329 53 25 au
357 1316 187 49 premier
559 1313 135 40 abord
714 1328 8 32 ;
747 1315 111 37 mais
880 1313 115 45 c'est,
1021 1326 53 26 en
1103 1325 182 35 somme,
1308 1327 59 24 un
1389 1313 212 38 musicien
1623 1313 52 38 de
1703 1313 138 48 grand
1876 1313 149 49 talent,
2046 1320 40 31 et

138 1394 109 26 nous
268 1381 256 39 souhaitons
557 1381 131 50 qu'un
711 1381 95 49 jour
828 1380 27 38 il
877 1392 111 26 nous
1009 1380 83 38 soit
1108 1379 146 39 donné
1273 1379 53 39 de
1348 1379 262 50 l'applaudir
1633 1383 20 34 à
1678 1378 124 40 Paris
1826 1380 117 38 aussi
1962 1381 97 37 vive-

138 1455 116 30 ment
284 1460 84 37 que
402 1460 110 25 nous
534 1447 166 38 l'avons
723 1445 208 51 applaudi
956 1450 21 34 à
1019 1444 237 50 Marseille,
1291 1445 59 39 lui
1373 1453 40 31 et
1436 1458 67 26 ses
1531 1445 231 39 excellents
1794 1447 259 49 interprètes
2072 1455 7 27 :

139 1512 45 40 M
190 1519 39 16 me
234 1520 11 15 s
264 1512 182 52 Dhasty,
472 1513 195 47 Rothier,
698 1512 182 50 Léman,
903 1512 52 40 de
974 1511 115 51 Very
1106 1526 8 33 ;
1138 1511 109 40 MM.
1283 1511 114 49 Ibos,
1420 1511 362 52 Bouclouresque,
1804 1520 117 31 etc...

1728 1588 54 41 H.
1821 1589 50 40 B.

679 1759 108 41 Les
823 1759 36 41 «
859 1759 267 41 Perses»
1159 1760 66 39 de
1258 1759 297 41 Timothée.

198 1856 63 40 De
280 1857 234 51 Memphis,
539 1870 53 25 en
614 1865 178 42 passant
816 1870 77 36 par
911 1855 161 47 Berlin,
1094 1857 138 37 arrive
1252 1870 79 24 aux
1354 1856 325 49 musicologues
1701 1870 58 24 un
1777 1856 198 50 précieux
1998 1854 92 40 œuf

145 1924 52 38 de
227 1924 173 50 Pâques
423 1935 8 35 ;
475 1924 37 49 je
545 1936 109 26 veux
685 1923 138 50 parler
860 1922 55 39 du
948 1920 271 52 magnifique
1253 1935 189 38 papyrus
1477 1922 75 38 des
1587 1921 148 39 Perses
1766 1922 52 38 de
1856 1920 232 40 Timothée

141 1990 230 39 découvert
393 1990 168 38 Tannée
579 1990 195 38 dernière
793 2002 78 37 par
889 1988 38 39 le
956 1988 149 39 consul
1129 1988 242 39 Borchardt
1405 1988 109 39 dans
1536 2002 85 26 une
1644 1988 147 39 tombe
1811 1988 52 38 de
1886 1988 201 50 l'époque

143 2056 287 39 d'Alexandre
449 2056 37 38 le
502 2054 148 41 Grand
678 2060 20 33 à
722 2054 193 40 Abousir
946 2053 248 52 (Bousiris),
1219 2054 148 50 publié
1398 2063 39 30 et
1460 2059 245 35 commenté
1737 2068 78 37 par
1836 2053 60 40 M.
1916 2054 53 39 de
1994 2054 62 40 Wi-

143 2121 553 41 lamowitz-Mœllendorff.
714 2120 62 40 Le
798 2122 240 38 manuscrit
1060 2120 109 39 n'est
1199 2133 78 37 pas
1300 2121 205 50 complet;
1531 2122 28 37 il
1582 2135 51 25 en
1658 2134 191 37 manque
1874 2121 38 38 le
1938 2120 148 47 début,

143 2192 210 47 peut-être
381 2189 37 38 le
447 2190 100 37 tiers
568 2202 55 25 ou
658 2188 38 39 la
721 2189 162 44 moitié,
905 2188 111 37 mais
1039 2200 45 25 ce
1113 2188 74 49 qui
1216 2195 125 39 reste,
1376 2188 181 39 environ
1580 2201 79 26 200
1699 2201 112 33 vers,
1849 2187 113 39 suffit
1983 2200 109 37 pour

143 2256 221 50 apprécier
388 2255 37 38 le
447 2260 212 33 caractère
682 2254 211 49 singulier
927 2253 52 38 de
1002 2261 107 31 cette
1138 2254 305 49 composition,
1481 2267 85 26 une
1597 2254 75 39 des
1705 2254 99 50 plus
1827 2253 193 40 célèbres
2039 2254 52 39 de

143 2322 256 50 l'antiquité.

195 2387 84 40 Les
299 2387 149 38 Perses
487 2395 97 32 sont
613 2401 57 25 un
698 2399 129 26 nome
868 2386 301 50 citharodique
1204 2398 55 26 ou
1283 2386 297 51 citharédique
1601 2385 107 52 (Tun
1728 2394 40 31 et
1790 2386 152 39 l'autre
1966 2400 44 25 se
2028 2387 43 39 di-

143 2454 130 51 sent).
300 2453 220 40 Entendez
543 2468 79 36 par
639 2453 38 39 là
696 2467 57 25 un
776 2453 109 48 solo,
910 2465 85 26 une
1017 2452 161 49 longue
1195 2453 219 45 monodie,
1439 2453 181 38 chantée
1651 2453 341 39 ordinairement
2014 2467 77 37 par

142 2521 182 38 l'auteur
342 2521 236 48 lui-même,
599 2520 359 50 poète-musicien
979 2517 159 40 doublé
1163 2516 102 41 d'un
1285 2520 208 44 virtuose,
1520 2521 73 48 qui
1616 2519 371 51 s'accompagnait
2010 2534 80 25 aux

143 2600 101 26 sons
263 2587 52 38 de
349 2587 39 38 la
412 2587 175 38 cithare.
622 2585 84 40 Les
740 2587 209 49 premiers
978 2597 166 31 nomes,
1183 2597 103 26 ceux
1322 2585 53 38 de
1408 2584 254 51 Terpandre
1702 2594 40 30 et
1763 2587 53 38 de
1853 2599 80 26 son
1956 2587 134 47 école,

141 2655 172 47 étaient,
340 2665 166 28 comme
534 2651 207 52 l'indique
760 2651 92 40 leur
873 2665 117 35 nom,
1012 2649 75 41 des
1119 2652 313 49 compositions
1456 2652 167 48 réglées
1646 2649 11 54 (
1663 2666 146 24 nomos
1815 2682 9 19 ,
1844 2653 73 48 loi,
1938 2652 150 53 règle),

141 2720 103 39 d'un
263 2721 108 50 style
393 2724 160 42 sévère,
575 2717 128 42 d'une
725 2720 258 49 inspiration
1018 2717 245 49 religieuse.
1290 2717 55 39 Ils
1380 2719 158 38 étaient
1566 2719 126 38 écrits
1733 2732 53 25 en
1802 2719 286 48 hexamètres,

143 2787 36 38 le
203 2787 168 50 rythme
390 2787 52 38 de
465 2787 193 50 l'épopée
676 2801 7 32 ;
710 2786 38 39 la
769 2785 200 47 mélodie,
988 2783 237 40 renfermée
1247 2785 108 38 dans
1371 2784 155 39 l'étroit
1546 2797 209 38 parcours
1770 2785 130 39 d'une
1923 2794 163 38 octave,

142 2853 254 40 s'abstenait
411 2854 52 38 de
485 2862 118 31 toute
625 2853 287 38 modulation.
937 2851 123 39 Cette
1091 2849 138 41 forme
1251 2851 52 38 de
1324 2851 111 49 l'art,
1463 2855 126 47 après
1612 2853 121 38 avoir
1756 2852 122 39 fleuri
1898 2853 192 50 pendant

142 2920 98 49 plus
274 2920 51 38 cle
348 2921 109 38 deux
495 2920 165 47 siècles,
698 2917 94 40 finit
818 2932 77 37 par
933 2917 207 51 s'épuiser
1173 2925 40 31 et
1247 2926 126 41 parut
1409 2918 224 39 démodée.
1684 2918 68 40 Un
1793 2921 295 48 compositeur

142 2986 154 45 éolien,
329 2985 188 51 Phrynis
539 2987 53 37 de
625 2985 222 51 Mitylène,
869 2998 74 25 osa
964 2984 38 39 le
1035 2985 186 49 premier
1242 2992 145 42 porter
1421 2984 39 39 la
1483 2986 118 39 main
1634 2998 73 27 sur
1743 2985 158 39 l'arche
1923 2986 138 39 sainte
2078 2999 9 33 ;

141 3051 28 40 il
186 3050 177 41 modifia
386 3052 39 38 le
446 3057 212 34 caractère
671 3050 277 40 traditionnel
965 3051 56 39 du
1041 3063 129 27 nome
1188 3064 53 26 en
1256 3051 294 40 introduisant
1572 3053 109 38 dans
1698 3065 44 26 sa
1759 3060 136 31 trame
1914 3053 151 50 rythmi-

141 3131 84 39 que
240 3133 58 24 un
322 3118 184 39 élément
528 3130 20 26 ((
573 3119 167 50 lyrique
761 3128 20 27 ))
891 3130 45 26 ce
955 3130 82 38 que
1060 3130 109 26 nous
1209 3118 292 50 appellerions
1522 3119 76 38 des
1621 3131 20 26 ((
1661 3131 97 27 vers
1787 3117 133 41 libres
1942 3130 20 27 ))
1980 3126 110 33 —et

141 3185 108 38 dans
272 3198 45 25 sa
350 3185 196 51 mélopée
578 3184 76 39 des
692 3184 294 39 modulations
1025 3185 72 49 qui
1136 3184 58 39 lui
1226 3184 198 40 valurent
1455 3184 38 40 le
1517 3185 223 52 sobriquet
1775 3185 51 40 de
1865 3197 19 26 a
1910 3184 179 41 l'lonien

142 3251 220 51 ondoyant
402 3262 35 28 )).
459 3250 67 40 En
548 3251 117 51 dépit
684 3264 55 26 ou
772 3256 21 34 à
829 3263 129 27 cause
991 3250 53 39 de
1077 3263 68 26 ces
1174 3256 284 42 nouveautés,
1502 3251 189 51 Phrynis
1724 3253 217 50 triompha
1980 3253 108 38 dans

141 3316 192 41 Athènes
357 3332 53 25 au
446 3331 208 26 concours
676 3317 181 40 musical
893 3318 74 38 des
989 3316 319 52 Panathénées,
1343 3331 54 26 en
1432 3322 79 45 446
1535 3327 128 30 avant
1686 3326 124 32 notre
1841 3323 85 35 ère.
1952 3319 136 49 Vingt

139 3397 79 27 ans
233 3384 99 51 plus
356 3384 92 40 tard
469 3385 28 38 il
515 3386 187 38 trouvait
722 3398 52 26 en
799 3380 230 43 Timothée
1051 3384 52 38 de
1121 3383 122 41 Milet
1262 3398 59 26 un
1340 3385 106 39 rival
1470 3384 98 52 plus
1585 3385 140 51 jeune,
1750 3387 74 49 qui
1845 3385 39 39 le
1903 3386 181 51 dépassa

139 3464 53 27 en
216 3451 162 40 audace
399 3460 40 31 et
473 3465 53 26 en
549 3451 147 40 talent.
731 3451 229 40 Timothée
993 3450 157 40 acheva
1188 3451 52 39 de
1261 3450 140 41 briser
1434 3452 61 39 les
1528 3452 150 39 cadres
1710 3453 94 49 déjà
1829 3453 161 49 élargis
2012 3465 78 37 par
