2232 3764
214 383 0 0 196

745 344 244 27 SOUVENIRS
1024 336 172 34 INÉDITS
1229 345 54 25 DE
1316 345 159 26 CHOPIN

138 432 132 55 (Jan),
297 442 129 44 ayant
449 435 42 38 lu
513 434 109 38 dans
639 433 38 38 le
688 431 184 49 Journal
881 432 71 38 des
972 432 154 39 Débats
1145 446 52 26 en
1214 433 99 39 date
1334 434 57 39 du
1416 447 47 35 24
1492 446 83 38 que
1599 442 43 30 tu
1663 433 148 39 devais
1833 433 259 50 improviser

138 501 107 38 dans
285 514 84 25 une
407 502 153 46 soirée,
593 512 75 26 rue
690 499 52 39 de
764 499 39 39 la
828 498 448 51 Chaussée-d'Antin,
1300 507 44 31 n°
1370 514 35 35 3,
1430 508 207 31 accourut
1666 500 100 39 chez
1797 499 295 40 ledrzeïewicz

139 580 112 37 pour
283 567 93 39 leur
412 579 53 26 en
487 565 107 40 faire
631 574 110 43 part.
786 566 68 40 Un
895 566 192 40 heureux
1125 567 159 39 hasard
1321 567 152 39 voulut
1515 580 84 38 que
1640 567 37 51 je
1714 566 85 52 m'y
1839 574 225 32 trouvasse
2083 578 8 35 ;

139 646 112 26 nous
284 638 229 34 courûmes
555 634 185 38 aussitôt
780 633 100 39 chez
915 633 152 40 Louise
1098 642 39 31 et
1159 635 37 51 je
1216 634 66 39 lus
1302 642 63 31 cet
1388 635 147 38 article
1563 635 52 38 de
1643 647 92 26 mes
1766 647 181 38 propres
1967 647 125 37 yeux.

141 698 31 40 Il
195 700 98 38 n'en
321 698 138 40 fallait
480 713 79 38 pas
593 700 247 50 davantage
861 714 112 38 pour
995 715 197 26 rassurer
1213 701 100 40 bien
1336 701 75 39 des
1428 714 256 39 personnes,
1701 703 111 37 mais
1832 701 38 39 le
1889 714 119 26 cœur
2022 701 75 39 des

140 767 110 38 tiens
272 767 147 39 doutai
428 775 13 31 t
456 780 207 26 encore...
676 776 40 31 et
729 768 427 40 malheureusement
1167 769 37 39 le
1219 778 133 30 terme
1373 776 55 33 où
1449 777 40 31 ta
1505 769 123 40 lettre
1644 782 113 26 nous
1772 770 118 37 vient
1910 769 167 39 ordinai-

142 842 165 30 rement
326 836 287 48 commençait
646 839 20 34 à
687 848 152 38 passer
856 849 9 33 ;
907 849 81 26 nos
1017 837 278 50 inquiétudes
1319 837 96 38 n'en
1448 837 258 39 devenaient
1742 849 84 38 que
1848 835 101 51 plus
1982 851 95 26 acca-

140 901 186 39 blantes.
352 900 132 40 Enfin
504 915 110 26 nous
647 903 116 38 voilà
797 915 184 27 revenus
1015 903 52 39 de
1090 917 79 26 nos
1205 906 201 47 craintes,
1433 912 44 31 tu
1511 912 38 31 te
1580 912 147 43 portes
1766 903 117 50 bien,
1907 913 92 31 tout
2036 913 64 31 est

145 968 160 40 oublié.
333 967 117 40 C'est
472 969 234 49 dommage
724 983 83 38 que
829 970 108 39 dans
954 978 40 31 ta
1022 971 123 39 lettre
1163 971 255 51 précédente
1441 980 43 31 tu
1502 985 52 26 ne
1574 985 111 26 nous
1708 974 89 37 aies
1809 985 79 38 pas
1910 972 120 51 parlé
2050 972 51 38 de

145 1044 38 31 ta
208 1035 203 47 maladie,
446 1049 111 26 nous
578 1038 176 38 aurions
775 1037 187 40 attribué
981 1046 97 31 tous
1095 1051 68 26 ces
1185 1037 140 40 bruits
1350 1042 21 35 à
1390 1052 84 26 une
1495 1047 121 31 autre
1638 1039 112 40 date.
1769 1038 112 51 Quel
1902 1039 201 39 bonheur

146 1116 84 38 que
245 1103 39 38 la
301 1102 270 40 Providence
590 1104 90 39 t'ait
697 1103 77 40 fait
797 1113 249 31 rencontrer
1069 1118 68 25 ces
1153 1105 110 39 deux
1280 1119 135 35 anges
1430 1106 221 39 tutélaires
1669 1108 73 49 qui
1760 1107 105 38 t'ont
1888 1107 215 50 prodigué

146 1177 92 31 tant
260 1169 52 38 de
335 1171 119 37 soins
471 1178 39 31 et
533 1172 73 48 qui
629 1169 286 52 s'informent,
934 1176 88 34 àce
1042 1185 83 37 que
1141 1180 44 31 tu
1204 1172 124 47 dis,si
1349 1181 184 30 souvent
1561 1173 52 38 de
1630 1181 39 31 ta
1688 1178 135 34 santé.
1843 1173 48 52 Je
1910 1174 87 38 sais
2020 1187 84 36 que

148 1244 45 31 tu
213 1236 188 39 n'aimes
425 1249 77 39 pas
524 1241 20 34 à
566 1239 132 36 écrire
717 1251 8 33 ;
751 1238 255 50 cependant,
1031 1251 103 26 mon
1162 1239 101 38 cher
1294 1237 162 48 enfant,
1482 1253 58 25 un
1577 1247 91 31 mot
1687 1240 52 38 de
1780 1247 39 31 ta
1858 1241 120 37 main
2011 1240 95 39 leur

148 1305 144 47 serait,
320 1303 37 51 je
377 1305 126 44 crois,
530 1303 101 39 bien
666 1304 220 49 agréable.
916 1304 48 53 Je
985 1307 95 36 vois
1101 1319 80 36 par
1201 1313 39 30 ta
1268 1305 122 39 lettre
1426 1319 83 36 que
1532 1313 44 32 tu
1611 1319 45 26 es
1692 1312 86 33 très
1813 1310 176 47 occupé,
2015 1315 91 31 tant

146 1383 80 38 par
245 1378 63 30 tes
331 1369 146 49 leçons
495 1383 84 37 que
599 1385 80 36 par
698 1371 37 38 la
757 1373 304 48 composition,
1084 1373 111 36 mais
1209 1372 37 50 je
1267 1373 95 38 vois
1385 1376 21 34 à
1431 1380 142 41 regret
1597 1386 83 37 que
1703 1381 43 31 tu
1769 1373 160 51 prends
1952 1387 83 38 peu
2055 1374 52 39 de

149 1449 126 38 repos
294 1451 8 32 ;
329 1449 68 26 ces
419 1436 185 49 longues
625 1438 176 43 soirées,
825 1439 192 49 quoique
1035 1437 367 52 indispensables,
1423 1443 20 34 à
1464 1452 45 26 ce
1522 1453 84 38 que
1625 1448 44 31 tu
1686 1453 112 26 nous
1820 1441 82 48 dis,
1926 1454 52 25 ne
2001 1454 81 37 peu-

146 1510 100 32 vent
266 1515 83 38 que
372 1502 119 40 t'être
513 1502 213 40 nuisibles
750 1512 39 31 et
810 1512 170 31 surtout
1002 1505 110 38 dans
1128 1518 85 25 une
1236 1507 148 38 saison
1404 1512 55 33 où
1482 1506 87 39 l'on
1592 1515 102 42 peut
1717 1521 44 25 se
1785 1507 200 40 refroidir
2002 1507 86 40 faci-

148 1569 173 38 lement.
346 1568 48 53 Je
417 1570 87 37 sais
528 1582 83 37 que
627 1582 69 26 ces
714 1571 192 48 grandes
927 1573 207 37 réunions
1155 1580 39 29 te
1216 1569 92 41 font
1322 1570 108 41 faire
1449 1572 53 39 de
1523 1573 226 40 nouvelles
1772 1576 337 37 connaissances

146 1641 85 33 très
268 1634 269 47 estimables,
575 1638 111 37 mais
709 1637 37 38 la
772 1642 153 34 santé?
963 1636 103 41 Ace
1090 1651 83 38 que
1193 1639 37 50 je
1254 1651 246 39 remarque,
1537 1639 167 40 Dresde
1727 1641 96 40 t'est
1844 1642 169 39 devenu
2051 1656 59 25 un

148 1702 172 39 endroit
344 1707 84 33 très
464 1704 280 45 intéressant,
785 1706 73 49 qui
882 1704 167 39 semble
1081 1705 55 51 t'y
1159 1707 163 38 attirer.
1347 1705 38 39 A
1405 1714 74 31 ton
1500 1710 80 46 âge
1604 1721 55 26 on
1681 1708 109 39 n'est
1812 1722 78 37 pas
1914 1710 196 50 toujours

148 1773 154 35 maître
320 1769 53 39 de
390 1771 80 47 soi,
494 1783 52 25 on
566 1779 102 42 peut
688 1775 214 47 éprouver
922 1772 76 38 des
1017 1773 288 50 impressions
1328 1775 74 48 qui
1425 1787 53 25 ne
1500 1773 219 41 s'effacent
1745 1789 78 37 pas
1845 1775 264 40 facilement.

148 1834 115 40 Mais
287 1837 73 49 qui
384 1844 102 42 peut
510 1836 261 52 t'empêcher
786 1839 39 37 le
846 1840 243 49 printemps
1108 1839 211 50 prochain
1338 1840 53 39 de
1418 1839 108 40 faire
1557 1855 85 25 une
1669 1843 132 50 petite
1824 1848 180 34 tournée
2025 1843 89 38 und

148 1900 166 40 riechen
335 1917 86 24 was
454 1903 54 37 du
542 1902 114 40 nicht
682 1903 208 53 gerochen
914 1904 90 39 hast
1041 1906 62 48 (1)
1126 1910 15 34 ?
1183 1905 31 40 Il
1237 1905 92 41 faut
1368 1907 240 40 seulement
1649 1911 273 37 économiser
1963 1918 150 31 autant

151 1983 83 38 que
256 1969 209 52 possible,
491 1985 71 25 car
583 1972 38 50 je
652 1973 202 49 pourrais
885 1972 101 39 bien
1009 1970 221 54 t'envoyer
1250 1989 59 24 un
1335 1987 278 38 compagnon
1632 1976 53 39 de
1717 1989 171 38 voyage
1924 1981 21 34 à
1965 1976 147 40 Berlin

151 2050 54 26 ou
228 2041 20 34 à
272 2036 179 50 Dresde,
474 2039 111 37 mais
604 2051 46 25 ce
670 2040 129 37 serait
824 2043 21 34 à
869 2048 62 29 tes
953 2039 118 39 frais.
1096 2040 80 53 J'ai
1200 2039 77 40 fait
1295 2049 97 42 part
1414 2041 51 39 de
1486 2055 45 26 ce
1553 2043 138 50 projet
1712 2046 22 35 à
1759 2052 38 30 ta
1823 2044 150 39 tendre
1995 2049 119 34 mère

150 2112 40 30 et
208 2104 192 50 pendant
434 2105 61 37 les
525 2118 210 25 vacances
757 2104 280 53 Barcin[ski],
1063 2119 44 26 sa
1131 2105 160 41 femme
1325 2116 39 31 et
1387 2110 87 37 moi
1507 2123 111 26 nous
1641 2110 136 39 irions
1812 2111 38 38 la
1891 2111 219 39 chercher.

151 2169 96 51 Que
269 2179 229 42 penses-tu
519 2171 52 39 de
593 2172 87 38 cela
696 2176 15 34 ?
735 2171 34 40 G
787 2181 64 30 est
886 2174 196 50 toujours
1105 2188 59 25 un
1194 2173 113 40 beau
1331 2175 183 40 château
1555 2189 53 26 en
1644 2176 223 52 Espagne,
1905 2178 205 40 diras-tu.

151 2236 257 52 N'importe,
433 2251 112 25 nous
567 2238 38 38 le
622 2237 236 41 bâtissons.
894 2239 49 53 Je
966 2242 111 37 crois
1116 2254 83 37 que
1222 2241 65 38 s'il
1310 2250 64 31 est
1404 2243 196 50 possible
1630 2244 53 38 de
1706 2244 38 39 le
1768 2245 191 46 réaliser,
1999 2255 43 29 tu
2063 2258 52 26 ne

154 2316 185 38 pourras
359 2307 87 35 être
469 2305 98 50 plus
590 2307 154 48 soigné
767 2307 127 49 qu'en
918 2316 129 41 ayant
1065 2316 38 30 ta
1127 2314 118 33 mère
1265 2322 102 25 avec
1383 2310 73 39 toi.
1480 2309 123 40 Cette
1632 2313 248 49 séparation
1916 2326 167 26 momen-

155 2375 125 34 tanée
303 2384 68 25 me
405 2371 234 39 deviendra
676 2373 284 51 supportable
982 2387 53 25 en
1072 2387 52 26 en
1147 2376 277 39 considérant
1444 2377 37 38 le
1519 2377 139 40 motif.
1684 2377 113 40 Mais
1836 2379 27 39 il
1883 2378 92 41 faut
1996 2380 53 38 de
2077 2380 38 38 la

159 2442 123 34 santé
305 2446 40 30 et
367 2438 75 38 des
464 2437 144 47 fonds,
630 2448 40 29 et
684 2448 43 30 tu
745 2440 95 38 dois
859 2453 157 37 penser
1039 2444 21 35 à
1084 2441 115 39 l'une
1218 2450 40 31 et
1281 2457 81 24 aux
1385 2452 160 41 autres,
1568 2444 101 39 c'est
1698 2446 38 38 le
1759 2446 91 39 seul
1873 2460 158 38 moyen
2066 2448 51 38 de

160 2505 143 37 revoir
319 2503 167 40 Dresde
508 2513 39 31 et
570 2518 45 26 ce
639 2506 103 50 qu'il
764 2516 103 40 peut
889 2509 122 36 avoir
1032 2508 305 40 d'intéressant
1374 2523 112 37 pour
1507 2512 74 46 toi,
1605 2513 34 37 si
1665 2521 42 30 tu
1731 2511 98 41 n'en
1864 2513 156 40 effaces
2039 2528 78 37 pas

156 2570 309 51 l'impression.
490 2570 60 40 M.
570 2571 262 40 Wodzinski
851 2587 19 24 a
891 2577 65 34 été
971 2575 52 37 ici
1041 2584 128 29 avant
1186 2575 60 38 les
1263 2574 122 50 fêtes,
1404 2577 26 38 il
1455 2585 63 31 est
1536 2588 114 28 venu
1667 2592 111 26 nous
1792 2582 109 47 voir,
1923 2583 111 37 mais
2051 2594 68 27 ses

157 2635 68 40 fils
244 2636 206 40 n'étaient
472 2651 77 38 pas
573 2651 101 27 avec
697 2639 56 39 lui
779 2637 74 53 (2).
879 2638 37 40 A
939 2653 79 26 son
1040 2652 343 40 empressement
1408 2647 20 35 à
1449 2645 239 38 demander
1707 2646 52 39 de
1782 2655 62 30 tes
1875 2649 241 49 nouvelles,

158 2717 112 25 nous
286 2718 135 25 avons
437 2719 56 25 vu
516 2705 98 51 plus
631 2706 93 38 tard
748 2706 103 51 qu'il
872 2708 102 38 était
995 2707 186 40 informé
1200 2710 57 38 du
1281 2709 116 40 bruit
1418 2713 73 48 qui
1518 2714 180 45 courait,
1724 2721 39 31 et
1787 2726 102 26 sous
1929 2719 191 47 prétexte

157 2770 241 40 d'attendre
420 2772 38 38 le
478 2774 191 37 courrier
690 2775 223 49 pourvoir
932 2776 34 36 si
987 2783 111 31 tune
1117 2777 211 49 parlerais
1348 2791 77 37 pas
1448 2777 198 48 d'Antos,
1669 2780 27 38 il
1722 2794 21 24 a
1767 2780 150 40 différé
1937 2782 53 38 de
2010 2782 111 40 deux

158 2839 119 49 jours
300 2851 80 26 son
403 2839 166 51 départ.
593 2839 49 53 Je
675 2842 90 37 suis
787 2839 102 40 bien
912 2843 90 37 aise
1023 2843 289 50 d'apprendre
1336 2858 83 37 que
1455 2853 43 31 tu
1539 2858 45 27 es
1607 2855 173 31 content
1811 2847 201 49 d'Antos,
2039 2862 82 38 que

159 2912 43 31 tu
226 2905 39 38 le
288 2912 173 32 trouves
479 2905 100 39 bien
602 2921 7 32 ;
633 2919 79 26 son
737 2909 279 38 insouciance
1039 2918 40 30 et
1098 2923 44 25 sa
1167 2910 253 40 distraction
1442 2925 83 37 que
1542 2914 38 50 je
1599 2913 59 39 lui
1682 2916 39 36 ai
1743 2928 195 26 connues
1955 2929 68 26 me
2046 2916 58 39 fai-

161 2972 140 37 saient
339 2985 120 37 peur,
494 2973 70 50 j'ai
591 2973 56 39 du
691 2975 152 49 plaisir
878 2979 21 33 à
941 2978 88 36 être
1069 2982 173 33 rassuré
1280 2977 237 42 là-dessus.
1557 2979 185 41 Comme
1778 2990 44 31 tu
1870 2984 111 44 vois,
2020 2996 103 26 mon

205 3103 47 42 (1)
272 3104 40 31 Et
334 3105 152 39 respirer
501 3106 59 30 des
576 3108 157 37 parfums
755 3116 185 23 nouveaux
959 3119 91 28 pour
1071 3110 61 30 toi.

205 3152 46 41 (2)
275 3153 97 31 Pour
393 3153 82 31 bien
498 3155 232 38 comprendre
749 3165 39 21 ce
806 3155 61 41 qui
886 3156 163 40 précède,
1070 3158 22 30 il
1117 3168 42 21 ne
1180 3158 73 33 faut
1275 3170 62 30 pas
1360 3161 140 32 oublier
1515 3172 70 31 que
1601 3170 90 24 cette
1709 3166 101 29 lettre
1829 3163 50 33 fut
1899 3165 107 31 écrite
2025 3168 18 29 à
2066 3166 45 30 l'é-

163 3210 118 31 poque
299 3201 60 40 qui
379 3202 122 39 sépare
520 3205 31 28 le
570 3203 118 40 séjour
703 3203 42 31 de
764 3204 139 39 Chopin
944 3208 17 28 à
992 3206 146 40 Dresde,
1168 3217 42 21 en
1251 3209 101 43 1835,
1387 3217 32 24 et
1448 3221 36 21 sa
1519 3219 187 24 rencontre
1728 3222 83 22 avec
1837 3216 49 28 les
1912 3213 213 32 Wodzinski

162 3260 42 20 en
232 3249 99 43 1836,
350 3252 81 29 c'est
458 3250 116 32 à-dire
589 3262 42 21 au
661 3260 155 24 moment
838 3255 43 29 où
913 3253 139 41 Chopin
1081 3255 83 32 était
1184 3259 68 29 très
1272 3259 134 39 occupé
1425 3259 42 31 de
1494 3260 110 31 Marie
1624 3260 221 34 Wodzinska
1865 3271 31 23 et
1916 3264 139 38 pensait
2074 3264 34 30 sé-

162 3299 212 31 rieusement
394 3301 17 29 à
434 3309 63 21 son
521 3299 164 43 mariage.
708 3300 56 32 On
785 3301 73 31 voit
883 3311 69 31 que
992 3306 30 27 le
1044 3306 83 37 père
1145 3305 41 30 de
1218 3305 139 41 Chopin
1380 3307 83 32 était
1493 3307 278 34 favorablement
1789 3310 149 41 disposé
1961 3323 90 29 pour
2076 3314 48 29 les

163 3347 131 40 projets
320 3347 42 31 de
378 3347 175 35 Frédéric,
580 3355 33 24 et
634 3349 85 40 qu'il
754 3349 142 32 désirait
928 3361 69 30 que
1030 3363 37 20 sa
1090 3354 104 37 mère,
1219 3353 84 33 dont
1329 3355 23 31 il
1383 3359 98 37 parle
1512 3367 136 21 comme
1669 3358 83 31 d'un
1782 3368 16 22 «
1822 3370 227 31 compagnon
2084 3360 41 31 de

162 3405 181 31 voyage»,
366 3406 36 21 se
423 3396 114 32 rendît
560 3407 82 21 avec
660 3398 162 31 Frédéric
836 3401 17 28 à
865 3399 132 30 Dresde
1019 3410 91 28 pour
1130 3403 199 30 s'entendre
1348 3403 277 34 définitivement
1644 3416 84 22 avec
1743 3410 31 28 la
1790 3407 131 33 famille
1937 3409 43 31 de
2003 3408 122 33 Marie.

164 3443 22 30 Il
207 3453 41 21 en
271 3444 50 31 fut
345 3452 167 31 pourtant
532 3453 209 25 autrement.
761 3447 139 40 Chopin
920 3450 67 28 alla
1007 3452 74 27 seul
1101 3452 18 28 à
1138 3450 221 37 Marienbad,
1380 3453 156 39 pendant
1557 3456 77 30 l'été
1653 3455 42 31 de
1717 3455 88 44 1836
1823 3466 7 30 ;
1851 3457 23 31 il
1896 3469 22 29 y
1940 3465 185 24 rencontra

164 3495 48 28 les
236 3492 224 40 Wodzinski,
479 3504 81 21 avec
585 3497 153 38 lesquels
773 3495 22 30 il
818 3505 36 22 se
875 3497 115 31 rendit
1009 3499 18 28 à
1049 3499 143 30 Dresde.
1225 3500 47 30 Le
1291 3502 133 30 lecteur
1442 3502 199 40 apprendra
1666 3506 49 29 les
1738 3505 125 33 détails
1882 3506 42 32 de
1947 3510 31 28 la
2001 3506 124 32 liaison

164 3541 45 31 du
228 3540 113 42 grand
362 3542 120 32 artiste
503 3553 82 22 avec
601 3544 110 31 Marie
733 3554 62 30 par
811 3547 30 28 la
863 3547 133 29 lecture
1018 3546 44 31 du
1086 3546 160 41 chapitre
1267 3549 212 33 renfermant
1496 3554 32 28 la
1552 3554 306 39 correspondance
1878 3555 42 32 de
1940 3559 30 28 la
1999 3555 126 32 famille

163 3589 211 33 Wodzinski
397 3600 81 23 avec
502 3591 152 40 Chopin.
