2232 3764
201 272 0 0 188

944 244 75 25 LES
1052 244 225 25 CONCERTS

125 338 54 39 de
200 337 264 41 Beethoven.
484 337 67 40 Au
575 336 121 44 total,
733 336 40 38 la
808 335 99 51 plus
941 336 226 49 puissante
1202 336 191 38 création
1435 335 340 51 symphonique,
1800 339 21 34 à
1846 348 104 26 mon
1969 346 120 33 sens,

125 406 155 51 depuis
295 405 215 49 Wagner.
539 404 49 53 Je
619 416 54 26 ne
693 402 129 40 cache
843 414 80 39 pas
946 401 179 52 qu'avec
1147 409 99 32 tous
1269 414 68 26 ses
1373 400 186 50 défauts,
1583 403 74 49 qui
1681 409 98 31 sont
1811 405 217 42 énormes,
2050 409 41 31 et

126 473 104 38 dont
253 473 38 37 le
313 471 200 40 moindre
528 478 65 31 est
612 484 58 25 un
687 482 191 38 manque
900 469 52 39 de
974 474 107 44 goût
1093 482 188 38 presque
1299 468 122 48 total,
1441 469 37 51 je
1495 468 184 49 regarde
1697 467 190 41 Richard
1911 466 180 41 Strauss

125 551 170 27 comme
314 538 37 39 le
373 539 188 50 premier
579 538 214 38 musicien
812 537 53 39 de
888 545 124 31 notre
1047 545 156 43 temps,
1226 548 129 39 parce
1377 535 105 51 qu'il
1502 548 53 26 en
1577 544 65 31 est
1663 536 39 38 le
1723 535 100 51 plus
1843 536 164 38 vivant.

1428 602 177 41 ROMAIN
1640 602 230 41 ROLLAND.

250 727 14 39 5
290 715 121 39 avril.
432 713 62 40 Le
515 714 174 39 dernier
705 724 172 31 concert
898 715 53 40 de
974 714 327 41 l'abonnement
1316 727 113 28 nous
1459 728 22 25 a
1516 713 78 40 fait
1627 714 209 39 entendre
1873 714 38 39 la
1935 715 132 48 vigou-

127 795 124 26 reuse
273 790 232 31 ouverture
541 782 53 39 de
636 780 276 41 Gwendoline
920 814 7 15 ,
963 783 53 39 de
1039 781 231 47 Chabrier,
1303 781 139 40 Antar
1448 811 8 18 ,
1491 781 53 40 de
1564 780 464 53 Rimsky-Korsakov,
2053 781 38 39 la

126 847 259 55 Symphonie
400 863 49 24 en
478 855 43 33 ut
541 849 53 39 de
609 848 184 51 Mozart,
815 858 40 31 et
874 850 62 39 les
957 849 273 54 Impressions
1251 849 162 40 d'ltalie
1420 880 9 17 ,
1453 849 53 39 de
1523 848 307 52 Charpentier.
1853 848 49 54 Je
1922 851 91 37 suis
2036 863 58 24 un

126 917 133 51 impie
282 929 103 26 sans
420 916 145 47 doute,
602 919 112 37 mais
746 922 124 46 après
906 917 11 39 1
936 922 261 35 émouvante
1234 917 181 40 histoire
1448 917 58 39 du
1526 916 295 51 Bellérophon
1860 917 231 50 asiatique,

127 984 105 39 dont
255 984 39 39 la
318 983 258 40 mélancolie
599 988 189 47 reparaît
808 985 197 50 toujours
1027 986 141 49 parmi
1190 985 61 40 les
1274 985 159 39 délices
1455 985 54 38 de
1531 984 40 39 la
1594 997 266 36 vengeance,
1898 983 58 40 du
1979 997 86 38 pou-

126 1052 95 39 voir
239 1059 40 31 et
298 1051 53 39 de
367 1049 186 42 l'amour
574 1055 156 43 même,
768 1065 111 37 pour
915 1053 169 50 expirer
1121 1054 36 37 si
1191 1052 261 39 doucement
1486 1051 109 40 dans
1627 1066 59 25 un
1724 1051 174 39 dernier
1933 1059 158 41 regret,

128 1124 126 45 après
277 1131 69 26 ces
362 1120 167 37 cuivres
548 1117 213 50 vibrants,
781 1131 45 26 ce
846 1119 150 39 tendre
1016 1132 73 26 cor
1111 1119 187 48 anglais,
1318 1131 69 26 ces
1404 1131 157 36 graves
1580 1118 127 46 altos,
1733 1123 127 46 après
1884 1131 69 26 ces
1976 1119 96 38 enla-

128 1193 191 32 cements
342 1185 52 40 de
411 1185 195 52 rythmes
626 1193 41 32 et
689 1198 69 26 ces
778 1185 130 40 luttes
928 1186 52 38 de
1009 1183 213 42 mélodies
1244 1186 256 44 contraires,
1535 1185 37 50 je
1606 1184 85 39 n'ai
1717 1198 58 36 pu
1791 1189 172 44 goûter,
1986 1185 109 38 dans

129 1253 179 39 l'œuvre
329 1252 187 52 paisible
537 1253 53 38 de
611 1251 186 48 Mozart,
822 1252 24 39 1'
868 1263 21 26 «
912 1252 218 39 élévation
1154 1263 20 26 ))
1197 1260 40 30 et
1261 1251 39 38 le
1328 1262 21 27 ((
1374 1251 148 38 cachet
1544 1251 52 38 de
1617 1251 239 49 grandiose
1886 1260 41 31 et
1950 1251 124 39 solen-

129 1319 112 40 nelle
264 1319 180 50 majesté
463 1330 20 25 »
506 1331 84 38 que
612 1319 174 50 prônait
806 1318 38 38 le
867 1330 297 38 programme.
1191 1317 49 53 Je
1260 1319 137 48 quitte
1436 1316 38 39 le
1496 1325 174 31 concert
1706 1329 54 26 en
1797 1330 69 25 me
1900 1317 170 38 maudis-

130 1394 96 31 sant
242 1386 52 39 de
311 1385 134 40 n'être
465 1385 98 50 plus
582 1397 52 26 en
654 1388 86 36 état
761 1385 51 38 de
851 1387 144 46 grâce.
1035 1383 60 40 M.
1122 1383 252 40 Chevillard
1406 1381 130 42 m'eût
1575 1385 111 38 évité
1721 1382 163 41 d'aussi
1916 1383 182 40 cruelles

130 1453 230 48 angoisses
384 1452 53 39 de
461 1453 268 45 conscience,
756 1451 65 39 s'il
839 1456 71 35 eût
926 1455 255 36 commencé
1202 1465 80 37 par
1300 1451 38 39 la
1360 1449 260 54 Symphonie
1647 1450 54 39 de
1719 1449 185 50 Mozart,
1927 1463 170 27 comme

129 1519 56 52 l'y
204 1520 228 39 invitaient
452 1522 22 35 à
504 1519 39 39 la
561 1517 83 41 fois
661 1519 39 38 la
724 1519 286 49 chronologie
1032 1527 40 31 et
1088 1519 39 39 la
1149 1519 194 51 logique.

264 1617 46 26 10
334 1604 121 39 avril.
479 1602 109 54 Jour
606 1603 57 39 du
686 1603 207 39 vendredi
917 1605 114 37 saint
1055 1619 6 23 :
1088 1611 173 32 concert
1284 1602 385 52 supplémentaire.
1696 1602 67 41 Au
1786 1617 283 38 programme
2088 1614 8 28 :

131 1669 90 41 l'Or
244 1671 53 38 du
320 1670 115 39 Rhin
442 1701 10 17 ,
472 1684 111 38 pour
599 1683 112 27 nous
731 1679 195 31 montrer
945 1684 103 26 sans
1067 1671 132 39 doute
1227 1670 39 40 la
1289 1672 147 38 vanité
1464 1670 78 40 des
1575 1671 278 39 distinctions
1877 1672 133 50 qu'on
2036 1680 63 31 est

130 1743 256 35 accoutumé
408 1740 53 37 de
480 1737 109 40 faire
612 1747 119 30 entre
754 1738 40 39 la
812 1740 203 48 musique
1030 1737 183 52 profane
1236 1747 40 31 et
1299 1738 39 38 la
1377 1739 204 49 musique
1616 1737 248 50 religieuse,
1905 1746 120 30 entre
2063 1738 37 38 le

130 1805 189 39 Théâtre
338 1815 41 30 et
399 1806 38 38 le
453 1804 203 50 Concert,
677 1813 120 31 entre
827 1804 305 54 Jésus-Christ
1149 1815 40 30 et
1211 1805 181 41 Wotan.
1416 1804 69 41 Ou
1505 1808 215 48 peut-être
1742 1804 59 39 M.
1844 1804 254 40 Chevillard

131 1872 117 40 est-il
272 1872 278 52 simplement
591 1872 137 39 d'avis
759 1886 85 37 que
875 1872 39 39 la
935 1874 204 49 musique
1161 1872 67 40 n'a
1249 1872 155 51 jamais
1427 1884 168 27 aucune
1617 1868 313 52 signification,
1956 1879 40 31 et
2016 1884 84 38 que

131 1947 118 31 toute
268 1937 304 41 combinaison
585 1938 53 39 de
655 1947 123 31 notes
792 1938 205 51 agréable
1014 1952 55 26 ou
1087 1939 138 39 solide
1244 1947 102 43 peut
1369 1943 21 34 à
1409 1938 180 40 volonté
1604 1939 125 37 venir
1750 1937 159 52 draper
1925 1946 97 31 tous
2037 1938 61 39 les

132 2008 256 37 sentiments
425 2014 40 30 et
500 2013 142 31 toutes
679 2005 61 39 les
780 2006 174 50 paroles
975 2010 16 35 ?
1027 2004 115 41 Sans
1177 2006 201 40 soulever
1428 2004 162 40 d'aussi
1634 2017 157 37 graves
1828 2003 267 52 problèmes,

133 2082 245 42 regrettons
402 2073 241 40 seulement
667 2086 83 38 que
773 2072 38 40 le
829 2073 175 39 dernier
1022 2081 172 31 concert
1213 2074 52 38 de
1288 2074 38 38 la
1349 2074 148 38 saison
1517 2084 54 26 ne
1589 2084 112 26 nous
1721 2072 59 38 ait
1803 2070 123 40 offert
1938 2071 161 51 qu'une

132 2155 148 27 œuvre
304 2142 116 38 aussi
444 2139 195 51 fatiguée
655 2149 39 31 et
713 2140 175 40 vieillie.
911 2138 161 52 Quand
1096 2140 112 40 donc
1229 2138 60 40 M.
1315 2138 253 40 Chevillard
1592 2138 320 49 changera-t-il
1937 2152 58 26 un
2016 2152 82 38 peu

132 2222 79 27 son
235 2210 237 50 répertoire
493 2211 16 36 ?

1769 2204 50 40 L.
1850 2202 51 44 L.

186 2293 237 40 CONCERTS
463 2292 228 41 COLONNE.

836 2305 15 38 5
898 2293 122 38 avril.
1076 2291 140 52 Après
1262 2291 40 40 la
1346 2290 260 55 Symphonie
1656 2291 53 39 de
1758 2290 100 41 Ces.
1912 2292 186 46 Franck,

132 2359 45 40 M
183 2368 47 18 me
266 2360 156 39 Brema
463 2373 110 26 aeu
602 2360 61 39 les
695 2360 224 39 honneurs
952 2360 59 39 du
1052 2372 296 38 programme.
1373 2356 194 41 L'idéale
1590 2358 183 52 Kundry
1795 2359 52 38 de
1879 2358 222 53 Bayreuth

134 2442 21 24 a
180 2427 168 46 chanté,
363 2440 102 26 avec
484 2441 59 25 un
566 2427 109 50 style
694 2427 225 48 excellent,
941 2426 76 39 des
1037 2426 212 39 mélodies
1262 2426 54 39 de
1330 2423 233 48 Schubert,
1589 2425 99 51 plus
1712 2439 85 26 une
1828 2439 206 27 romance
2050 2427 52 38 de

132 2493 67 40 M.
227 2493 212 48 Webber,
463 2507 80 26 son
563 2502 410 43 accompagnateur.
995 2491 63 41 Le
1077 2491 147 53 public
1246 2507 22 24 a
1293 2494 200 50 apprécié
1511 2493 293 39 diversement
1832 2502 65 31 cet
1920 2502 91 31 acte
2050 2494 52 39 de

133 2561 234 50 gratitude.
404 2560 63 40 La
489 2559 108 42 Nuit
629 2561 50 38 de
708 2560 113 40 Noël
826 2592 9 16 ,
857 2561 53 39 de
941 2559 172 47 Pierné,
1139 2568 63 31 est
1224 2559 101 40 bien
1364 2559 181 47 adroite,
1570 2568 95 43 trop
1687 2560 187 39 adroite!

270 2660 45 26 10
338 2646 122 40 avril.
485 2645 87 41 Les
602 2645 242 40 Béatitudes
863 2654 256 43 composent
1138 2644 85 40 fort
1253 2645 337 39 heureusement
1612 2644 39 40 le
1672 2658 282 39 programme
1983 2646 52 39 de
2058 2660 45 26 ce

135 2722 172 32 concert
335 2714 52 38 de
407 2713 207 40 vendredi
638 2714 114 39 saint
786 2722 40 31 et
861 2721 263 38 retrouvent,
1162 2725 100 27 avec
1301 2712 93 40 leur
1430 2714 270 48 intelligente
1731 2714 242 49 exécution,
2011 2713 94 39 leur

134 2781 139 50 grand
301 2786 147 34 succès
471 2781 57 39 du
551 2796 11 24 i
572 2787 30 19 er
621 2789 40 31 et
680 2781 58 39 du
771 2784 21 35 8
816 2794 133 26 mars.

279 2881 45 35 19
347 2867 122 38 avril.
504 2865 121 40 Pour
658 2866 39 39 le
719 2865 172 40 dernier
912 2874 172 31 concert
1107 2865 53 39 de
1182 2865 39 39 la
1245 2867 164 44 saison,
1449 2864 61 40 M.
1536 2864 135 51 Grieg
1703 2874 63 31 est
1796 2879 115 26 venu
1943 2866 164 49 diriger

139 2933 344 51 quelques-unes
506 2933 53 38 de
581 2946 68 26 ses
682 2946 187 33 œuvres,
893 2933 198 51 toujours
1114 2932 61 40 les
1200 2936 190 35 mêmes:
1416 2931 108 39 Peer
1545 2931 127 53 Gynt,
1697 2932 214 51 quelques
1930 2946 143 26 roman-

136 3013 70 26 ces
228 3000 204 38 chantées
466 3013 103 25 avec
597 2999 177 39 charme
814 3014 78 37 par
926 2999 45 39 M
978 3008 42 17 me
1044 2998 301 49 Gulbranson,
1389 2999 39 39 le
1470 2998 207 40 Concerto
1714 3012 113 38 pour
1860 3001 148 49 piano,
2050 3006 54 33 où

136 3065 60 39 M.
223 3065 157 50 Pugno
404 3065 63 40 fut
486 3067 236 50 justement
745 3066 190 39 acclamé
954 3080 7 25 :
987 3080 85 26 une
1095 3067 187 51 poignée
1297 3066 218 39 d'oeuvres
1555 3066 104 39 d'un
1681 3065 175 52 parfum
1889 3067 157 39 délicat
2065 3075 40 31 et

138 3133 249 51 personnel,
411 3134 111 37 mais
538 3132 136 40 tièdes
696 3140 40 32 et
755 3131 128 41 frêles
905 3144 7 27 :
940 3133 213 52 quelques
1166 3142 175 41 gouttes
1367 3134 53 39 de
1444 3134 223 50 musique.
1764 3132 46 40 M
1815 3138 45 21 me
1881 3132 196 41 Gulbran-

139 3213 81 26 son
234 3214 21 25 a
273 3198 396 52 magnifiquement
684 3199 156 40 chanté
853 3200 38 39 la
907 3205 127 34 scène
1047 3199 131 41 finale
1197 3201 58 39 du
1274 3199 249 55 Crépuscule
1537 3200 70 39 des
1622 3199 139 39 Dieux
1773 3215 12 32 ;
1805 3201 38 51 je
1856 3214 53 26 ne
1923 3204 180 37 connais

140 3281 80 38 pas
243 3266 277 52 aujourd'hui
543 3265 52 40 de
613 3266 99 51 plus
733 3267 168 49 grande
923 3269 149 38 artiste
1089 3269 327 48 wagnérienne.

1791 3326 55 41 R.
1885 3328 55 39 R.

268 3411 179 41 SCHOLA
481 3411 263 41 CANTORUM.

781 3435 48 4 —
864 3412 62 40 Le
961 3427 44 24 2i
1045 3414 123 46 avril,
1212 3422 172 31 concert
1407 3413 223 49 moderne,
1666 3419 209 35 consacré
1901 3418 21 36 à
1955 3413 46 40 M
2036 3413 66 40 Cl.

140 3477 217 53 Debussy,
379 3492 103 27 avec
504 3479 39 39 le
562 3492 213 27 concours
794 3479 52 40 de
866 3479 197 49 l'auteur,
1100 3481 53 39 de
1186 3479 46 40 M
1237 3478 39 28 lle
1294 3480 223 41 Lucienne
1540 3479 172 52 Bréval,
1739 3481 53 40 de
1826 3481 63 41 M.
1916 3481 186 43 Ricardo
