3482 4366
1737 141 98 48 138

214 289 263 47 tenmacher
509 288 89 44 Sax
640 287 141 44 nichts
825 302 50 30 zu
920 284 111 46 thun
1074 283 147 47 haben
1263 283 87 46 und
1393 283 140 47 lieber
1562 299 54 30 an
1649 283 83 46 (Jen

217 365 227 47 Marechal
478 363 54 46 de
562 363 118 47 Saxe
711 362 212 47 erinnern
957 359 103 61 will)
1094 360 87 45 und
1214 358 68 47 die
1317 359 304 64 Composilion
1656 358 77 46 mit

216 443 142 46 Recht
388 440 84 46 den
513 442 204 59 grössten
750 440 126 46 Theil
923 438 77 46 des
1032 437 252 63 Applauses
1331 437 75 45 für
1441 437 90 47 sich
1564 437 41 44 in
1638 437 61 44 An-

212 519 164 64 spruch
407 519 209 46 nehmen.

329 595 128 46 Doch
487 609 82 32 zur
598 593 159 47 Sache.
818 593 82 46 Die
932 589 340 63 Generalprobe
1305 590 121 46 hatte
1454 590 154 46 sieben
1641 589 88 47 und

211 673 96 46 eine
339 672 133 45 halbe
498 669 171 48 Stunde
699 669 238 62 gedauert,
969 668 68 45 die
1069 674 117 38 erste
1213 665 289 64 Vorstellung
1528 666 88 63 (am
1643 664 86 49 28.

211 748 143 65 April)
395 766 81 29 von
518 748 167 63 präcise
859 746 94 47 Uhr
985 745 64 46 bis
1084 744 19 47 IJ/41
1124 741 11 26 J
1143 748 44 61 /4
1223 743 92 47 Uhr
1345 744 171 46 Nachts
1637 744 92 47 also

211 826 113 47 doch
371 842 100 30 nur
509 825 127 46 sechs
674 823 227 48 Stunden!
956 823 48 47 In
1046 821 183 46 dieser
1275 820 204 46 Hinsicht
1507 819 98 48 sind
1637 821 91 46 also

212 904 189 51 Robert,
433 904 68 44 die
529 903 291 61 Hugenotten
853 899 86 47 und
966 900 79 45 der
1072 898 198 62 Prophet
1298 896 298 54 übertroffen,
1620 898 80 45 wie-

213 980 116 46 wohl
359 981 61 44 sie
451 979 83 47 alle
566 978 93 47 drei
702 976 113 47 auch
858 976 137 46 schon
1042 975 120 46 recht
1196 974 145 63 artige
1371 975 270 62 Ansprüche
1672 990 55 31 an

211 1055 68 48 die
311 1055 189 47 Gehirn-
534 1054 89 46 und
655 1053 330 47 Nervenstärke
1016 1050 80 47 der
1124 1050 263 47 Zuschauer
1417 1050 206 48 machen.

327 1134 89 44 Das
444 1130 141 56 Buch,
614 1130 183 47 obwohl
829 1147 83 30 von
938 1129 173 54 Scribe,
1143 1126 158 48 wurde
1332 1129 137 45 schon
1501 1127 113 47 nach
1647 1129 81 45 der

211 1210 342 62 Generalprobe
593 1209 237 58 allgemein
872 1206 276 47 verurtbeilt.
1207 1206 68 47 Da
1305 1205 112 48 aber
1446 1206 68 46 ein
1548 1206 180 46 Bericht

214 1287 113 46 über
357 1286 77 47 das
465 1286 127 46 letzte
621 1285 145 47 Werk
799 1285 119 46 eines
946 1300 48 31 so
1025 1299 184 47 grossen
1235 1284 202 45 Meisters
1461 1282 101 47 dem
1588 1284 140 45 Leser

212 1380 47 31 so
291 1365 77 46 viel
404 1362 284 47 Handhaben
724 1361 82 47 wie
837 1361 194 64 möglich
1063 1378 50 29 zu
1143 1360 346 63 selbsteigenem
1522 1361 205 47 Urtheile

209 1459 51 29 zu
292 1440 145 61 geben
470 1439 278 63 verpflichtet
790 1439 69 53 ist,
900 1455 48 31 so
993 1440 142 46 lassen
1182 1437 83 46 wir
1307 1437 69 47 die
1414 1439 195 63 Analyse
1652 1437 76 47 des

213 1517 189 49 Stückes
434 1517 95 46 hier
560 1517 162 63 folgen.

326 1595 194 47 Erster
565 1595 113 46 Act.
736 1592 107 50 Wir
879 1591 95 48 sind
1014 1609 52 29 zu
1097 1591 237 55 Lissabon,
1376 1592 42 46 in
1451 1591 85 48 den
1568 1592 160 47 letzten

208 1671 170 48 Jahren
423 1672 76 46 des
539 1671 290 47 fünfzehnten
859 1668 351 55 Jahrhunderts,
1252 1668 58 47 im
1341 1668 269 49 Rathssaale
1652 1668 77 49 des

212 1748 170 63 Königs
412 1746 263 63 (Emanuel)
708 1764 82 30 von
821 1747 233 62 Portugal.
1111 1747 150 54 Infes,
1305 1745 70 48 die
1412 1746 199 48 Tochter
1651 1746 77 47 des

212 1826 100 46 Don
345 1825 161 63 Diego,
552 1823 361 65 benachrichtigt
956 1840 81 30 uns
1080 1823 42 47 in
1166 1823 143 47 ihrem
1354 1825 377 63 Zwiegespräche

211 1902 78 47 mit
318 1903 122 46 einer
481 1902 291 55 Vertrauten,
814 1901 100 48 dass
959 1901 177 48 Vasco
1181 1900 59 48 de
1285 1901 169 48 Gama
1497 1902 83 47 seit
1620 1902 109 47 zwei

209 1980 169 47 Jahren
412 1981 78 46 mit
522 1981 106 46 Diaz
660 1978 243 49 abwesend
939 1980 69 54 ist,
1053 1996 73 29 um
1159 1978 151 49 Ruhm
1343 1978 89 49 und
1467 1980 118 47 hohe
1614 1980 92 48 Stel-

211 2057 106 62 lung
348 2057 141 47 durch
519 2057 304 62 Entdeckung
854 2072 140 32 neuer
1023 2057 179 47 Länder
1242 2074 49 29 zu
1332 2057 256 64 gewinnen,
1630 2057 101 47 dass

209 2135 62 47 sie
317 2135 73 45 ihn
429 2135 108 47 liebt
578 2135 87 45 und
698 2135 89 47 ihm
821 2135 150 47 Treue
1012 2133 248 47 bewahren
1304 2133 110 49 wird
1447 2135 282 62 (Romanze).

211 2212 175 60 Diego
416 2210 144 64 (Bass)
593 2212 223 47 erscheint
847 2211 77 47 mit
956 2212 116 46 Don
1103 2210 182 49 Pedro
1315 2211 163 65 (Bass),
1502 2212 103 48 dem

208 2288 80 49 auf
315 2288 153 47 Befehl
499 2288 77 49 des
609 2290 170 63 Königs
809 2288 97 47 ihre
938 2288 135 47 Hand
1106 2290 179 47 reichen
1315 2290 96 48 soll.
1464 2291 102 47 Ihre
1600 2291 97 47 Wei-

208 2382 178 46 gerung
424 2367 110 44 wird
574 2366 141 47 durch
757 2367 69 46 die
857 2366 245 47 Nachricht
1133 2382 81 32 von
1248 2366 145 48 Diaz's
1425 2367 89 47 und
1549 2367 182 48 Vasco's

212 2444 264 63 Untergang
505 2444 272 47 erschüttert
805 2443 307 61 (Terzettino).

322 2521 186 63 Sitzung
532 2522 76 47 des
635 2522 147 47 hohen
805 2522 187 55 Rathes,
1018 2521 158 48 dessen
1200 2522 235 48 Präsident
1459 2523 103 47 Don
1582 2522 147 49 Pedro

208 2597 75 54 ist;
316 2606 131 39 unter
476 2599 86 47 den
595 2598 285 64 Mitgliedern
912 2599 80 47 der
1021 2599 35 47 G
1074 2599 377 66 ross-Inquisi
1468 2608 85 40 tor
1583 2599 145 65 (Bass)

208 2673 86 47 und
326 2676 136 47 zwölf
487 2677 221 47 Bischöfe.
753 2676 189 62 (Gebet:
986 2677 408 66 Gross-Inquisitor
1437 2678 89 47 und
1574 2677 155 65 Chor.)

211 2753 91 45 Aus
334 2753 123 47 Diaz'
487 2753 325 47 Schiffbruche
853 2753 75 47 hat
967 2754 91 47 sich
1103 2771 85 30 nur
1221 2756 82 45 Ein
1334 2756 139 47 Mann
1519 2762 210 56 gerettet.

218 2828 89 55 „Er
661 2832 61 46 Es
753 2832 52 46 ist
838 2832 145 47 Vasco
1007 2831 54 48 de
1086 2832 144 48 Gama
1262 2832 205 65 (Tenor).
1500 2833 62 47 Er
1592 2833 109 48 über-

209 2905 141 47 reicht
391 2908 100 47 Don
537 2908 146 48 Pedro
726 2909 99 47 eine
870 2909 290 47 Denkschrift
1218 2908 89 48 und
1357 2909 131 49 bittet
1539 2927 74 31 um
1658 2912 70 47 ein

208 2983 156 53 Schiff,
409 3002 75 30 um
523 2985 70 49 die
632 2987 179 48 Länder
846 2987 163 65 jenseit
1049 2988 81 47 der
1171 2988 148 65 Spitze
1360 3006 84 30 von
1486 2989 152 47 Africa
1676 3007 51 31 zu

207 3060 265 50 entdecken.
503 3063 115 47 Dass
645 3064 62 47 sie
736 3064 229 56 existiren,
998 3064 268 65 bestätigten
1296 3065 92 49 ihm
1418 3067 110 47 zwei
1561 3067 140 47 mauri-

207 3138 105 47 sche
343 3138 111 48 oder
482 3140 198 49 indische
703 3142 210 56 Sclaven;
945 3144 69 47 die
1037 3144 297 47 Nationalität
1365 3144 141 48 bleibt
1533 3144 116 48 eben
1680 3161 49 33 so

209 3217 84 45 wie
322 3215 71 49 die
423 3218 292 65 Geographie
744 3219 70 48 die
843 3237 140 47 ganze
1012 3222 128 64 Oper
1180 3222 224 48 hindurch
1445 3223 258 48 unentschie-

209 3293 103 54 den,
343 3294 55 47 da
428 3293 81 49 der
542 3295 187 49 Dichter
757 3313 82 31 von
870 3297 81 48 der
975 3299 199 47 Freiheit
1200 3299 147 48 seiner
1371 3300 243 49 Phantasie
1643 3299 88 50 den

213 3372 227 48 weitesten
475 3373 244 49 Gebrauch
752 3375 163 49 macht.
961 3377 144 48 Vasco
1136 3378 78 47 hat
1244 3377 130 49 beide
1403 3378 211 65 gekauft:
1658 3396 71 30 wo

212 3448 87 47 und
330 3450 79 46 mit
438 3452 218 48 welchem
688 3453 142 48 Gelde
859 3453 80 48 der
966 3454 376 65 Schiffbrüchige
1371 3455 79 50 das
1491 3455 132 66 fertig
1653 3473 51 47 ge-

214 3526 176 56 bracht,
431 3544 94 32 wer
565 3529 110 48 wird
716 3530 175 49 danach
932 3532 180 64 fragen!
1166 3533 142 56 Kurz,
1350 3534 62 47 sie
1450 3534 168 64 spielen
1660 3534 72 48 die

213 3603 299 63 Hauptrollen
542 3612 58 41 im
632 3608 182 48 Stücke.
873 3609 60 47 Es
961 3609 98 48 sind
1092 3609 185 50 Selika
1307 3609 90 65 (die
1427 3610 304 66 Africanerin)

211 3679 88 47 und
331 3681 274 58 Nelusko,
644 3684 130 50 beide
858 3687 83 47 wie
973 3688 81 47 wir
1083 3687 144 48 durch
1260 3689 146 47 kleine
1436 3690 197 63 Apartes
1662 3706 47 31 er-

208 3755 159 51 fahren
486 3775 80 32 aus
595 3760 261 51 demselben
889 3764 171 55 Lande,
1102 3765 126 49 einer
1257 3767 311 64 glückseligen
1597 3768 135 58 Insel,

208 3835 135 48 allwo
372 3838 193 48 Selika
608 3840 196 64 Königin
835 3840 212 67 (Sopran)
1088 3844 90 47 und
1216 3845 256 49 Nelusko
1508 3844 225 65 (Bariton)

207 3911 68 49 ein
307 3914 250 65 mächtiger
588 3916 150 47 Vasall
769 3916 237 51 derselben
1039 3937 109 31 war.
1204 3920 174 50 Jedoch
1418 3923 140 47 kennt
1586 3921 149 50 Vasco

208 3989 126 48 ihren
378 3993 214 48 Irüheren
623 3995 141 47 Stand
810 3995 137 56 nicht,
992 3996 88 49 und
1124 4014 78 32 vor
1244 3999 88 48 den
1364 4000 119 48 Rath
1526 4000 210 64 geführt,

208 4066 151 50 hüllen
398 4070 63 48 sie
503 4071 90 49 sich
632 4073 42 48 in
713 4074 160 48 stolzes
915 4075 286 65 Schweigen.
1251 4078 200 62 (Vorher
1492 4079 243 57 Quartett:

1835 254 3 21 '
1965 254 2 21 '
1984 258 12 17 v

1837 280 165 55 Vasco,
2033 282 135 45 Alvar
2198 279 211 65 [Tenor],
2442 280 162 61 Diego,
2639 283 98 44 Don
2773 278 182 68 Pedro.)
3006 282 105 45 Wir
3143 283 209 47 erfahren

1832 376 102 35 nur,
1977 358 100 47 dass
2108 359 96 46 ihre
2236 358 334 47 Gesichtsfarbe
2611 358 143 47 braun
3029 358 53 46 ist
3126 359 88 46 und
3256 359 100 47 dass

1828 435 64 47 sie
1924 435 198 46 Brahma
2154 434 232 47 verehren.

1950 514 92 45 Der
2074 512 116 47 hohe
2232 512 116 47 Rath
2389 510 210 62 überlegt
2631 510 182 47 Vasco's
2842 513 203 59 Antrag:
3083 509 80 48 der
3195 510 159 49 Gross-

1830 589 241 65 Inquisitor
2113 589 168 46 erklärt
2328 589 75 46 ihn
2466 589 76 44 für
2916 588 97 47 weil
3068 589 142 46 nichts
3267 604 83 32 von

1821 664 137 63 jenen
1991 664 210 48 Ländern
2245 665 41 46 in
2333 664 80 47 der
2451 664 192 62 heiligen
2674 664 167 46 Schrift
2879 664 132 47 steht.
3060 664 294 62 (Ensemble:

1831 743 146 47 Pedro
2011 759 41 31 u.
2082 758 32 32 s.
2146 757 55 31 w.
2243 741 88 47 und
2376 743 71 45 die
2485 741 118 47 alten
2636 741 146 47 Räthe
2825 741 82 46 auf
2938 740 80 47 der
3059 741 147 54 einen,
3252 743 102 45 Don

1828 821 139 46 Alvar
2009 819 89 47 und
2141 819 71 47 die
2246 819 228 63 jüngeren
2514 819 80 47 auf
2639 818 80 47 der
2749 818 201 47 anderen
2980 816 154 65 Seite.)
3192 819 163 54 Vasco,

1828 895 169 47 wieder
2028 896 302 63 vorgelassen,
2372 896 258 52 vernimmt,
2673 895 102 47 dass
2804 895 93 47 sein
2930 895 177 64 Antrag
3138 896 62 46 als
3242 913 81 37 „un-

2055 973 250 47 verworfen
2352 974 76 47 sei.
2486 973 63 45 Er
2593 973 147 47 wehrt
2784 973 90 47 sich
2925 974 156 62 zornig
3128 973 227 64 dagegen,

1826 1059 138 38 nennt
1994 1050 85 47 den
2112 1050 293 47 Gerichtshof
2430 1049 121 48 blind
2584 1049 89 47 und
2705 1050 223 53 neidisch;
2960 1065 104 32 man
3095 1049 136 48 droht
3261 1050 91 47 ihm

1828 1127 78 47 mit
1936 1126 296 62 Bestrafung;
2270 1143 50 30 er
2349 1125 267 53 erwiedert:

2156 1202 118 51 Oui!
2444 1220 108 33 vom
2715 1220 110 33 avez
2989 1201 170 61 raison,
2823 1219 95 33 mes
2945 1201 286 56 bourreaux!

2180 1281 115 47 Vous
2465 1279 81 66 qui
2672 1281 212 48 redontez
3151 1280 45 48 la
3295 1280 74 48 lum

1982 1359 327 63 Enfermez-la
2333 1359 119 48 dans
2480 1359 61 47 les
2568 1357 190 50 cachots.

1828 1437 188 49 Grosses
2055 1436 264 56 Ensemble,
2361 1454 56 30 an
2465 1436 157 47 dessen
2664 1435 211 48 Schlüsse
2918 1434 80 48 der
3039 1434 293 66 Gross-Inqui-

1827 1515 109 47 sitor
1966 1514 85 47 den
2085 1512 249 50 Bannfluch
2367 1514 116 47 über
2514 1512 145 49 Vasco
2690 1512 266 64 ausspricht.

1943 1591 246 48 Zweiter
2235 1594 117 45 Act.
2409 1591 179 47 Vasco
2627 1591 57 46 im
2725 1590 192 47 Kerker.
2977 1588 83 49 Die
3090 1588 265 67 Inquisition

1830 1685 123 33 muss
1995 1670 174 48 damals
2211 1670 115 47 noch
2373 1668 124 49 nicht
2537 1685 48 30 so
2634 1676 156 56 streng
2837 1684 211 47 gewesen
3091 1668 93 46 sein
3225 1666 135 65 (nach

1828 1746 195 65 Scribe),
2053 1747 118 48 denn
2202 1747 197 47 Selika
2428 1747 55 46 ist
2513 1746 70 47 bei
2615 1746 101 47 dem
2751 1746 314 62 Gefangenen,
3098 1745 91 47 und
3220 1745 112 54 nach-

1831 1825 80 47 her
1943 1823 148 50 haben
2122 1823 114 49 noch
2269 1823 109 49 viele
2403 1822 185 50 Andere
2618 1822 139 48 freien
2780 1822 169 47 Zutritt
2977 1840 50 29 zu
3060 1821 108 49 ihm.
3200 1822 48 47 In
3279 1822 82 47 der

1830 1902 128 48 Mitte
2000 1902 119 47 steht
2163 1902 69 47 ein
2279 1901 168 48 breiter
2477 1900 182 56 Pfeiler,
2704 1917 54 31 an
2804 1900 218 48 weichem
3068 1900 100 47 eine
3205 1915 156 48 grosse

1830 1980 265 48 Landkarte
2118 1980 156 64 hängt,
2305 1978 374 50 wahrscheinlich
2711 1995 79 30 zur
2811 1980 312 61 Zerstreuung
3147 1977 77 48 des
3247 1977 84 48 Ver-

1831 2057 218 55 hafteten,
2100 2057 82 48 der
2229 2058 91 47 sich
2364 2058 50 64 ja
2463 2057 79 47 viel
2594 2057 80 47 mit
2716 2055 294 66 Geographie
3053 2056 310 63 beschäftigte.

1828 2136 162 62 Lange
2019 2135 175 48 Schlaf-
2226 2135 90 48 und
2347 2136 324 46 Traumscene.
2729 2133 151 49 Selika
2917 2132 170 65 spricht
3124 2149 84 31 von
3239 2133 124 47 ihrer

1830 2212 141 48 Liebe
2000 2230 51 30 zu
2084 2212 101 48 dem
2211 2211 319 49 Schlafenden.
2559 2211 105 48 Sein
2696 2211 147 47 lauter
2866 2212 173 46 Traum
3065 2211 178 47 verräth
3275 2211 88 56 ihr,

1830 2290 101 48 dass
1969 2306 50 31 er
2060 2290 99 48 eine
2199 2288 202 56 Andere,
2444 2290 117 54 Infes,
2604 2287 134 56 liebt;
2781 2295 113 40 trotz
2933 2287 120 48 ihres
3096 2287 267 47 Schmerzes

1830 2367 203 48 darüber
2055 2367 280 48 entschliesst
2357 2367 62 47 sie
2441 2367 91 47 sich
2559 2366 132 53 doch,
2720 2366 154 48 seinen
2905 2366 257 63 unruhigen
3189 2366 171 48 Traum

1830 2444 143 47 durch
2005 2444 69 49 ein
2098 2443 379 50 Schlummerlied
2502 2461 52 30 zu
2579 2442 207 48 mildern.
2818 2444 79 46 Als
2926 2443 62 47 sie
3017 2442 92 48 sich
3142 2442 115 47 über
3285 2442 76 48 ihn

1827 2522 126 65 neigt
1992 2522 90 48 und
2126 2522 100 48 ihre
2254 2521 174 66 Lippen
2466 2521 117 48 eben
2612 2521 123 47 seine
2763 2522 122 47 Stirn
2918 2519 233 49 berühren
3181 2519 182 56 wollen,

1830 2599 192 49 erblickt
2049 2601 63 47 sie
2141 2601 278 53 Nelusko,
2457 2598 83 50 der
2566 2598 92 48 sich
2692 2598 154 48 herein
2876 2598 234 53 schleicht,
3149 2597 90 48 und
3272 2598 92 55 eilt,

1827 2678 93 48 sich
1952 2678 148 48 hinter
2129 2678 86 48 den
2239 2678 166 47 Pfeiler
2432 2695 52 30 zu
2516 2677 268 65 verbergen.
2811 2677 204 48 Nelusko
3041 2677 88 47 will
3153 2676 88 47 den
3266 2692 73 32 ver-

1831 2757 179 47 hassten
2392 2756 42 47 in
2466 2756 220 47 welchem
2728 2771 49 30 er
2817 2754 114 49 noch
2963 2754 111 47 dazu
3107 2754 130 47 einen
3269 2754 61 47 Ne-

1830 2833 260 48 benbuhler
2119 2833 127 55 ahnt,
2290 2832 116 49 denn
2451 2850 49 30 er
2538 2832 110 48 liebt
2684 2832 171 56 Selika,
2897 2831 259 49 ermorden.
3210 2831 154 48 Selika

1827 2916 142 44 stürzt
1991 2912 93 47 ihm
2108 2918 239 57 entgegen.
2378 2912 199 62 Langes,
2601 2911 129 48 meist
2752 2909 428 49 declamatorisches
3204 2909 159 55 Duett,

1830 2989 148 49 wobei
2010 2989 165 55 Vasco,
2217 2997 114 39 trotz
2362 2988 81 48 der
2480 2988 443 48 leidenschaftlichen
2955 2987 277 49 Ausbrüche
3261 2987 77 47 Bei-

1830 3068 98 55 der,
1966 3067 165 48 immer
2159 3067 136 63 ruhig
2325 3067 88 48 fort
2439 3065 171 49 schläft.
2668 3068 70 46 Da
2768 3065 202 49 Nelusko
3002 3065 155 47 weder
3187 3064 82 48 auf
3294 3064 70 48 die

1830 3145 166 56 Bitten,
2024 3144 117 48 noch
2173 3144 81 47 auf
2278 3143 71 48 die
2377 3143 189 48 Refehle
2594 3143 146 48 seiner
2767 3144 198 61 Königin
2997 3143 104 48 hört
3133 3142 90 48 und
3255 3142 80 47 wie-

1830 3223 81 48 der
1940 3222 82 49 auf
2048 3222 146 48 Vasco
2237 3222 225 54 losstürzt,
2507 3220 147 49 weckt
2691 3220 120 49 diese
2848 3220 143 49 durch
3032 3220 131 49 einen
3208 3219 157 48 Schrei

1830 3300 128 49 ihren
2281 3299 90 48 und
2410 3299 81 48 auf
2523 3299 160 48 dessen
2716 3298 156 49 Befehl
2913 3299 196 47 entfernt
3151 3298 91 47 sich
3274 3298 60 48 Ne-

1831 3378 146 55 lusko,
2008 3377 81 49 der
2118 3378 83 48 auf
2225 3378 165 47 einmal
2422 3377 171 48 wieder
2622 3377 304 48 furchtsamer
2954 3377 158 48 Sclave
3142 3375 129 49 wird.

1948 3457 146 48 Vasco
2136 3455 258 49 betrachtet
2430 3455 73 49 die
2541 3455 278 50 Landkarte.
2875 3455 48 47 In
2963 3455 122 47 seine
3125 3453 241 48 Entwürfe

1830 3534 226 57 versenkt,
2098 3533 157 49 deutet
2292 3549 51 32 er
2383 3533 100 48 eine
2513 3533 232 65 Richtung
2785 3532 114 49 nach
2938 3533 115 47 links
3082 3549 84 38 an;
3213 3530 152 50 Selika

1831 3612 117 49 ruft:
1989 3610 162 57 „Nein,
2180 3610 80 49 das
2291 3610 133 49 führt
2452 3610 102 49 dich
2583 3628 100 31 zum
2717 3609 294 50 Verderben!
3040 3610 131 56 Hier,
3201 3609 165 53 rechts,

1831 3690 108 65 liegt
1966 3690 100 49 eine
2096 3706 157 48 grosse
2283 3689 134 56 Insel,
2447 3689 118 48 mein
2590 3689 268 55 Vaterland,
2886 3704 85 33 von
3002 3688 103 48 dem
3137 3688 118 48 mich
3286 3687 83 48 der

1830 3769 157 47 Sturm
2033 3784 57 31 an
2133 3767 71 48 die
2246 3768 146 47 Küste
2433 3767 314 64 verschlagen,
2795 3783 71 32 wo
2907 3767 61 47 du
3013 3767 117 47 mich
3180 3764 189 66 gekauft

2029 3844 149 48 Vasco
2207 3843 56 49 ist
2291 3844 118 48 über
2436 3844 72 48 die
2552 3844 395 65 geographischen
2979 3843 274 49 Kenntnisse
3281 3841 63 50 sei-

1832 3941 83 31 ner
1938 3923 176 48 Sclavin
2141 3923 227 58 entzückt,
2396 3930 144 42 nennt
2566 3923 64 48 sie
2660 3923 178 65 (Duett)
2869 3924 155 47 seinen
3046 3920 322 65 Schutzengel,

1834 4000 268 66 verspricht,
2129 3999 94 49 sich
2254 4000 72 48 nie
2354 4017 88 33 von
2471 4000 74 48 ihr
2573 4017 53 31 zu
2654 4008 212 49 trennen,
2897 4000 218 48 verheisst
3138 3999 71 48 ihr
3231 3998 138 63 selige

1835 4080 128 63 Tage
1994 4078 91 49 und
2116 4078 204 49 schliesst
2357 4079 63 48 sie
2458 4079 44 48 in
2532 4078 123 49 seine
2687 4080 156 47 Arme.
2900 4079 73 47 Da
3001 4076 143 50 öffnet
3172 4076 93 49 sich
3298 4075 71 48 die
