3144 4241
2690 3811 103 57 65

276 764 590 66 SUPPLEMENT
902 774 422 61 MENSUEL
1361 777 673 67 D'INFORMATION
2063 790 46 57 &
2144 791 107 58 DE
2283 793 504 70 TECHNIQUE

273 929 473 70 TROISIÈME
789 945 293 59 ANNEE
1114 945 490 69 (NOUVELLE
1637 953 279 70 SERIE)
1959 987 21 12 -
2027 958 210 59 1929.
2266 991 22 12 -
2324 962 373 62 NUMERO
2744 968 43 56 5

274 1272 1260 84 URBANISME
1674 1272 280 84 ET
2094 1272 699 84 SPORT

336 1505 63 43 La
433 1506 145 43 Suisse
609 1508 242 44 Romande
882 1511 121 43 vient
1036 1513 51 42 de
1117 1513 100 44 voir
1249 1514 207 49 s'édifier,

258 1582 89 28 aux
369 1569 137 42 bords
529 1571 59 41 du
614 1571 63 42 lac
700 1571 281 48 Léman,une
1004 1574 257 45 réalisation
1285 1578 145 52 impor-

270 1642 136 37 tante,
454 1644 39 29 et
537 1633 60 42 du
640 1633 103 54 plus
786 1636 114 43 haut
942 1637 161 44 intérêt
1147 1639 313 59 urbanistique

268 1705 40 30 et
345 1696 167 52 sportif
550 1696 21 42 à
611 1696 40 42 la
691 1698 102 43 fois*
836 1698 38 43 Il
912 1715 17 26 s
952 1700 91 55 agit
1081 1702 51 42 de
1169 1703 40 42 la
1249 1705 211 43 nouvelle

262 1757 129 54 plage
413 1758 51 41 de
487 1759 431 54 Vevey-Corseaux,
944 1778 149 29 œuvre
1115 1766 51 42 de
1189 1765 270 46 l'architecte

265 1819 55 42 O.
352 1820 233 55 Zolîinger
611 1822 218 57 (Zurich),
860 1825 297 46 L'excellente
1183 1844 129 28 revue
1338 1830 96 44 zuri-

265 1882 147 42 choise
455 1900 22 24 «
509 1884 93 43 Das
632 1885 141 44 Werk
806 1903 22 26 »
861 1888 152 54 publie
1043 1890 52 43 de
1125 1894 332 54 remarquables

264 1944 268 44 documents
564 1948 51 42 de
644 1963 43 27 ce
719 1950 175 47 travail,
929 1952 376 55 aménagements,
1340 1955 94 44 bâti-

265 2020 146 30 ments
439 2021 40 30 et
506 2010 310 44 installations
845 2014 199 44 diverses.
1074 2015 132 45 Nous
1234 2027 224 35 trouvons

264 2086 51 26 en
345 2083 128 31 outre
500 2088 61 27 un
592 2074 149 43 article
768 2075 266 46 intéressant
1062 2094 74 27 sur
1163 2079 295 45 l'urbanisme

265 2145 40 30 et
336 2137 35 41 le
399 2147 141 41 sport,
576 2137 150 43 article
755 2139 60 42 dû
844 2140 22 41 à
898 2140 268 46 l'architecte
1193 2143 60 44 H,
1285 2144 173 45 Robert

266 2211 92 27 von
402 2197 74 42 der
517 2198 155 48 Muhl,
717 2213 40 30 et
797 2202 116 43 dont
953 2218 117 28 nous
1111 2215 246 46 extrayons
1400 2206 60 43 les

263 2274 202 41 passages
493 2262 205 43 suivants
733 2280 9 25 :

339 2338 21 26 «
388 2323 82 43 Les
492 2324 212 44 éléments
726 2328 78 54 qui
831 2328 204 44 forment
1056 2330 40 43 la
1119 2331 158 44 beauté
1300 2333 132 55 appré-

263 2385 139 43 ciable
439 2402 89 28 aux
563 2388 210 44 hommes
807 2391 236 44 modernes
1079 2406 106 31 sont
1218 2394 240 45 différents

262 2448 72 42 des
357 2449 179 43 besoins
557 2451 270 57 esthétiques
851 2455 281 45 d'autrefois.
1159 2457 205 55 L'aspect
1384 2460 74 42 des

261 2511 158 43 détails
443 2526 180 42 compte
647 2515 152 44 moins
821 2532 87 41 que
931 2519 40 42 la
994 2517 188 45 relation
1209 2521 75 43 des
1305 2522 153 43 choses

263 2586 122 31 entre
416 2576 114 43 elles,
567 2577 232 57 L'époque
830 2580 73 43 des
934 2582 209 43 hommes
1174 2584 80 55 qui
1284 2584 149 57 procla-

262 2638 170 43 maient
472 2656 8 25 :
526 2656 21 25 «
586 2641 219 43 Ouvrons
839 2645 57 42 les
927 2660 119 38 yeux
1083 2662 22 26 »
1141 2658 62 31 est
1237 2648 217 55 dépassée,

263 2700 35 42 L
322 2716 59 27 on
413 2702 83 42 sait
526 2719 86 39 que
643 2705 58 42 les
732 2720 118 39 yeux
882 2718 181 32 ouverts
1093 2724 40 27 se
1164 2722 104 31 sont
1299 2710 158 43 arrêtés

265 2769 260 50 longtemps
558 2782 74 27 sur
666 2768 51 42 de
748 2768 105 54 jolis
889 2770 158 44 détails
1080 2771 53 44 de
1164 2773 205 56 portails,
1405 2775 52 41 de

264 2828 210 42 tourelles
509 2841 41 31 et
585 2830 52 42 de
670 2830 187 54 façades.
898 2833 228 57 Quelques
1162 2836 160 43 années
1353 2836 104 57 plus

263 2890 113 43 tard,
416 2891 57 42 les
515 2907 22 26 «
571 2907 119 38 yeux
721 2895 79 54 qui
832 2895 156 43 voient
1025 2912 22 26 »
1082 2899 176 43 avaient
1287 2900 170 54 changé

261 2952 26 42 d
310 2953 193 53 objectif
534 2971 9 26 :
578 2956 52 42 ils
656 2972 40 29 se
723 2957 196 45 fixèrent
945 2975 73 27 sur
1044 2961 57 43 les
1128 2961 179 45 beautés
1335 2965 96 42 tech-

261 3015 159 55 niques
449 3033 85 39 que
566 3018 240 45 révélaient
837 3023 57 42 les
923 3022 157 55 engins
1108 3024 52 43 de
1189 3023 265 46 circulation

260 3093 74 28 sur
363 3081 41 41 la
435 3091 122 35 terre,
591 3098 73 27 sur
695 3083 112 44 l'eau
836 3096 41 31 et
906 3086 112 42 dans
1049 3086 58 44 les
1135 3088 81 42 airs
1249 3103 40 28 »,

340 3158 22 26 «
394 3143 63 42 La
486 3145 247 43 sensibilité
757 3147 185 43 visuelle
967 3150 80 54 qui
1074 3162 64 31 est
1161 3164 295 42 proprement

259 3205 104 42 celle
386 3206 72 42 des
485 3208 169 42 artistes
678 3221 61 31 est
760 3210 247 45 seulement
1027 3213 189 53 portion
1241 3215 73 43 des
1338 3215 94 54 aspi-

265 3269 172 42 rations
479 3271 239 44 humaines
762 3274 78 54 qui
885 3287 105 31 sont
1033 3276 28 42 d
1084 3291 86 28 une
1212 3290 102 40 part
1355 3277 103 56 plus

260 3330 337 46 intellectuelles
627 3346 41 32 et
698 3336 175 43 d'autre
903 3350 103 42 part
1035 3340 117 42 aussi
1182 3340 104 54 plus
1318 3341 109 43 maté-

259 3394 138 43 rielles
429 3411 40 29 »,

340 3473 22 26 «
408 3458 64 44 La
513 3461 270 54 conception
827 3462 217 57 intégrale
1086 3466 73 43 des
1201 3465 255 56 problèmes

259 3519 155 44 s'élève
455 3523 234 43 au-dessus
729 3525 51 43 de
823 3526 298 58 l'esthétique.
1166 3528 290 45 L'économie

258 3583 171 46 sociale,
459 3585 246 56 l'hygiène,,
731 3590 36 41 le
792 3589 131 43 trafic
947 3591 210 53 ajoutent
1185 3592 21 42 à
1234 3593 92 43 leur
1349 3606 106 30 tour

259 3646 73 42 des
370 3662 105 28 vues
517 3650 52 42 de
607 3652 214 52 première
861 3653 296 53 importance.
1201 3655 81 43 Les
1323 3657 111 42 urba

1610 1519 133 42 nistes
1775 1522 259 44 consultent
2065 1525 312 45 actuellement
2410 1540 102 33 tout
2544 1542 160 34 autant
2736 1534 57 42 les

1611 1582 275 56 statistiques
1924 1596 40 31 et
2001 1586 57 42 les
2096 1586 159 44 relevés
2295 1590 50 42 de
2382 1602 124 32 toute
2544 1604 156 34 nature
2737 1609 55 28 au

1611 1645 115 52 sujet
1755 1646 72 42 des
1867 1662 22 26 «
1919 1647 256 54 pulsations
2206 1652 136 42 d'une
2370 1653 101 43 ville
2499 1671 85 39 que
2612 1656 57 44 les
2698 1673 63 27 ma-

1610 1709 125 41 nuels
1773 1709 118 44 d'art
1933 1726 40 27 »♦

1689 1786 21 26 «
1746 1771 176 44 Toutes
1957 1774 57 42 les
2044 1775 394 46 administrations
2469 1781 242 44 soucieuses
2743 1783 51 41 de

1611 1833 11 41 1
1646 1834 152 42 avenir
1835 1835 73 42 des
1943 1837 123 42 villes
2104 1853 60 41 qu
2189 1839 99 43 elles
2324 1840 155 45 voient
2516 1859 53 27 en
2606 1845 99 43 voie
2742 1846 52 41 de

1612 1895 375 56 développement
2044 1912 265 33 consentent
2368 1904 22 42 à
2451 1906 72 41 des
2582 1906 214 44 sacrifices

1608 1958 202 43 énormes
1858 1976 117 38 pour
2024 1962 186 44 réserver
2258 1966 22 41 à
2330 1979 144 42 temps
2522 1969 58 42 les
2626 1985 168 40 espaces

1607 2021 184 54 qu'elles
1826 2023 192 45 désirent
2054 2027 239 43 maintenir
2328 2028 129 44 libres
2491 2031 22 41 à
2550 2031 245 44 l'intérieur

1607 2096 39 30 et
1672 2084 22 42 à
1723 2085 39 41 la
1787 2086 247 54 périphérie
2059 2088 72 43 des
2156 2089 139 49 villes,
2324 2107 117 39 pour
2469 2092 38 44 la
2533 2094 259 45 circulation

1608 2147 73 42 des
1705 2148 222 44 véhicules
1951 2150 136 44 d'une
2110 2166 101 40 part
2236 2166 40 30 et
2300 2169 118 40 pour
2441 2156 37 43 le
2504 2155 291 47 délassement

1609 2209 51 42 de
1688 2210 39 43 la
1754 2212 278 53 population
2060 2215 173 43 d'autre
2263 2229 101 41 part
2395 2234 41 27 ».

1685 2288 22 26 «
1739 2273 60 43 Le
1827 2275 135 53 point
1989 2277 51 42 de
2067 2293 85 27 vue
2180 2279 50 42 de
2258 2280 225 55 l'hygiène
2510 2295 41 31 et
2578 2283 60 43 du
2668 2295 126 43 sport

1614 2350 184 41 marque
1840 2338 371 46 essentiellement
2251 2342 230 45 l'attitude
2519 2346 73 42 des
2631 2345 166 44 édilités

1613 2400 256 48 modernes;
1912 2402 58 42 les
2007 2402 373 56 préoccupations
2418 2422 54 27 au
2512 2408 117 52 sujet
2665 2409 52 44 de
2756 2410 39 41 la

1608 2462 123 42 santé
1768 2474 41 31 et
1847 2464 60 42 du
1945 2464 214 45 bien-être
2197 2467 216 45 viennent
2450 2485 18 27 s
2491 2470 176 53 ajouter
2704 2486 90 28 aux

1609 2525 358 44 considérations
2017 2542 239 40 purement
2307 2531 281 58 esthétiques.
2644 2535 76 43 On
2772 2549 23 27 a

1608 2587 109 42 cessé
1740 2589 52 41 de
1816 2590 189 52 prendre
2032 2592 58 42 les
2114 2592 127 44 villes
2263 2609 118 39 pour
2408 2596 73 43 des
2516 2611 22 27 «
2567 2611 227 30 conserves

1611 2650 118 43 d'art
1771 2667 23 26 »
1835 2664 41 31 et
1913 2655 257 42 commencé
2206 2656 23 42 à
2265 2657 185 44 vouloir
2487 2674 51 28 en
2576 2659 110 44 faire
2722 2662 73 41 des

1620 2729 22 25 «
1688 2714 184 43 réserves
1914 2717 51 42 de
2005 2717 119 43 force
2169 2734 40 29 ».
2253 2719 63 44 La
2359 2721 156 43 beauté
2554 2737 84 41 que
2679 2738 116 29 nous

1610 2776 168 44 disions
1817 2778 86 43 être
1942 2779 51 43 de
2030 2792 157 33 nature
2224 2783 210 44 abstraite
2470 2800 126 39 parce
2633 2801 60 41 qu
2717 2786 78 44 elle

1610 2839 203 44 résultait
1849 2843 51 41 de
1938 2855 209 42 rapports
2183 2855 122 33 entre
2343 2848 57 42 les
2436 2848 207 43 volumes
2679 2850 116 43 bâtis

1608 2914 40 30 et
1683 2903 57 42 les
1777 2920 168 38 espaces
1981 2906 145 47 libres,
2164 2920 62 31 est
2260 2909 117 43 donc
2412 2910 70 42 bel
2517 2923 41 31 et
2594 2912 101 43 bien
2732 2926 61 29 un

1608 2965 190 45 élément
1830 2968 173 47 vivant,
2039 2970 245 44 déterminé
2315 2987 81 40 par
2429 2973 73 44 des
2535 2974 175 44 besoins
2744 2975 52 42 de

1606 3029 68 41 vie
1705 3041 40 31 et
1773 3032 336 52 proportionné
2138 3034 23 42 à
2190 3050 82 27 son
2302 3036 257 54 expression
2597 3053 9 27 :
2640 3039 36 42 le
2705 3050 67 31 tra-

1604 3092 88 42 vail
1721 3093 111 43 dans
1858 3095 38 42 la
1921 3095 105 43 ville
2051 3108 40 31 et
2119 3098 37 42 le
2182 3097 293 45 délassement
2498 3100 112 42 dans
2635 3101 38 43 la
2699 3114 72 30 ver-

1607 3155 109 43 dure
1750 3171 42 29 ».

1685 3234 22 26 «
1738 3219 63 43 La
1830 3219 134 55 façon
1993 3233 41 31 et
2062 3222 57 42 les
2149 3238 188 40 moyens
2364 3240 80 39 par
2473 3225 187 56 lesquels
2687 3237 107 34 cette

1608 3281 275 55 disposition
1920 3284 22 42 à
1983 3285 40 42 la
2059 3284 159 45 beauté
2252 3299 210 32 trouvera
2499 3303 85 29 une
2620 3289 153 44 réalisa-

1608 3345 97 42 tion
1742 3346 224 45 heureuse,
2001 3360 40 31 et
2074 3349 187 43 durable
2293 3349 70 45 s'il
2397 3351 36 43 le
2467 3351 113 48 faut,
2616 3354 82 42 ceci
2733 3364 61 31 est

1607 3408 39 42 la
1675 3408 125 43 tâche
1829 3410 73 42 des
1929 3410 261 54 spécialistes
2218 3414 79 55 qui
2324 3429 51 27 en
2404 3413 256 45 étudieront
2686 3417 87 42 l'ex-

1606 3472 216 52 pression,
1853 3472 122 44 C'est
2003 3490 85 27 une
2119 3474 124 44 tâche
2269 3477 266 43 secondaire.
2567 3478 199 54 L'impor-

1605 3545 124 31 tance
1752 3537 113 41 n'est
1888 3537 116 41 donc
2025 3553 77 38 pas
2125 3538 59 42 du
2206 3538 96 44 côté
2323 3540 72 42 des
2425 3556 21 26 «
2472 3541 172 43 artistes
2669 3558 22 26 »
2715 3542 79 56 qui

1607 3610 281 41 composent,
1924 3602 189 41 attendu
2146 3617 84 40 que
2264 3604 39 41 la
2337 3603 123 43 tâche
2492 3603 210 55 primaire
2733 3615 61 31 est

1606 3675 89 27 aux
1731 3662 251 43 urbanistes
2013 3664 78 54 qui
2124 3664 233 54 disposent
2392 3681 40 27 ».
