3144 4241
321 278 322 57 TEK
729 280 61 54 H
871 280 61 54 N
1014 270 48 64 É

2772 3793 96 56 73

326 413 1881 87 EXPOSITIONS

394 594 406 44 CARLSRUHE.
857 590 402 44 EXPOSITION
1324 605 22 26 «
1403 588 109 44 DIE

327 654 751 47 GEBRAUCHSWOHNUNG
1121 669 39 25 ».
1202 653 76 42 Du
1322 653 56 41 28
1421 665 69 39 sep-

322 721 168 41 tembre
517 735 54 26 au
605 735 56 37 27
694 718 196 43 octobre,
921 732 40 26 se
989 717 103 43 tint,
1123 716 112 42 dans
1264 714 247 43 l'ancienne

324 783 188 47 capitale
538 783 60 40 du
624 779 346 44 Grand-Duché
997 779 50 41 de
1073 778 134 44 Bade,
1238 791 86 28 une
1350 790 163 29 remar-

374 826 14 10 JL

315 844 164 56 quable
501 841 259 56 exposition
785 841 180 44 relative
990 842 21 41 à
1033 841 11 41 1
1068 838 275 44 habitation.
1368 838 116 42 Coïn-

326 908 152 41 cidant
519 921 100 27 avec
659 906 40 41 la
739 906 100 41 date
880 905 288 41 d'ouverture
1208 903 51 42 de
1300 901 190 56 l'exposi-

327 971 113 47 tion,
474 981 73 30 eut
576 969 81 41 lieu
689 967 358 54 l'inauguration
1080 967 51 41 de
1161 966 39 42 la
1232 965 81 42 cité
1342 963 173 45 voisine

317 1033 51 41 de
390 1031 364 43 Dammerstock.
781 1028 306 56 Significative
1110 1045 54 27 au
1188 1029 167 43 double
1380 1026 135 56 point

328 1096 51 41 de
418 1110 84 26 vue
545 1092 314 56 urbanistique
901 1104 39 30 et
984 1090 324 44 architectural,
1354 1091 40 42 la
1435 1088 80 44 cité

337 1173 21 26 «
398 1156 350 44 Dammerstock
788 1171 22 26 »
852 1167 62 30 est
951 1156 182 42 l'œuvre
1171 1155 50 42 de
1257 1152 79 44 dix
1373 1152 119 43 archi-

328 1232 141 32 tectes,
515 1220 146 54 parmi
705 1218 188 55 lesquels
936 1233 115 26 nous
1094 1228 207 32 retenons
1343 1215 173 44 Walter

327 1283 215 53 Gropius,
594 1281 194 43 Haesler,
840 1293 40 30 et
930 1281 27 41 d
981 1291 156 32 autres.
1200 1295 22 26 «
1275 1279 206 43 Dammer-

325 1346 126 42 stock
482 1362 22 25 »
532 1356 234 43 comporte
791 1343 190 43 environ
1009 1343 118 42 deux
1153 1354 119 31 cents
1300 1341 212 44 maisons,

328 1409 116 42 dont
476 1420 143 31 trente
647 1419 104 30 sont
780 1406 203 55 équipées
1012 1417 39 30 et
1080 1405 289 42 entièrement
1398 1404 90 43 amé-

330 1472 167 54 nagées.
536 1472 34 42 I!
607 1470 101 42 faut
743 1469 187 56 signaler
967 1469 115 42 aussi
1118 1467 145 57 qu'un
1298 1468 73 42 des
1404 1466 91 44 inté-

331 1535 83 41 rêts
451 1534 271 54 principaux
761 1548 84 40 que
885 1532 196 54 présente
1116 1532 40 41 la
1195 1529 207 44 nouvelle
1440 1528 80 45 cité

330 1613 89 27 aux
465 1596 268 44 techniciens
775 1607 40 31 et
859 1594 253 44 architectes
1153 1606 61 30 est
1256 1594 40 41 la
1341 1591 175 48 variété,

330 1661 117 41 donc
473 1661 39 42 la
536 1658 331 55 comparaison,
896 1658 50 44 de
972 1657 145 43 divers
1141 1667 128 44 types
1294 1667 201 33 construc-

330 1724 79 42 tifs
438 1724 84 42 très
553 1722 183 45 étudiés.

1730 585 262 43 VIENNE.
2060 600 137 41 1930.
2256 583 132 43 UNE
2444 583 393 45 EXPOSITION

1661 650 83 41 DE
1790 648 486 43 L'HABITATION
2320 663 105 26 aura
2472 647 83 42 lieu
2600 662 51 27 en
2702 646 139 43 même

1661 724 144 41 temps
1828 727 84 38 que
1938 714 34 41 le
1995 710 201 54 Congrès
2220 711 58 40 du
2304 709 270 42 Werkbund
2598 708 241 45 allemand,

1663 774 141 55 lequel
1835 774 97 42 doit
1960 789 39 26 se
2028 773 113 42 tenir
2167 788 51 28 en
2247 772 100 53 juin
2376 771 233 54 prochain.
2642 771 131 42 Selon
2801 771 40 41 la

1662 837 199 42 formule
1891 836 51 42 de
1968 835 102 54 plus
2097 851 50 26 en
2176 835 100 53 plus
2303 834 134 43 usitée
2462 834 22 41 à
2512 848 64 28 ces
2602 833 238 47 occasions,

1665 899 27 42 il
1724 914 26 38 y
1782 914 104 27 aura
1918 914 84 26 une
2030 898 167 41 double
2229 895 340 44 manifestation
2608 912 8 25 :
2651 911 85 27 une
2764 894 81 44 cité

1668 960 299 54 d'expérience
2000 972 39 30 et
2073 976 84 26 une
2190 959 257 53 exposition
2481 959 111 41 dans
2625 958 57 43 les
2713 959 128 41 halls.

1666 1025 61 40 La
1754 1023 77 42 cité
1857 1034 239 42 permettra
2124 1023 21 40 à
2173 1038 60 26 un
2264 1022 163 41 certain
2456 1021 188 42 nombre
2672 1021 51 41 de
2757 1021 66 52 jeu-

1666 1102 74 26 nes
1775 1086 253 42 architectes
2059 1084 162 42 choisis
2255 1085 50 41 de
2340 1095 200 31 montrer
2573 1083 113 42 leurs
2719 1097 101 37 capa-

1666 1149 102 42 cités
1804 1160 40 31 et
1879 1148 115 42 aussi
2030 1150 90 41 leur
2154 1147 290 42 orientation.

1738 1357 425 44 STOCKHOLM.
2233 1371 138 40 1930.
2432 1355 133 44 UNE
2625 1355 188 44 IMPOR-

1669 1421 233 42 TANTE
1935 1420 399 42 EXPOSITION
2365 1431 62 30 est
2458 1417 310 44 actuellement
2798 1433 50 27 en

1664 1484 289 56 préparation
1985 1483 138 42 active
2152 1498 117 38 pour
2300 1482 89 42 l'an
2421 1481 232 55 prochain.
2687 1481 163 42 L'Etat

1668 1548 176 42 suédois
1880 1547 94 41 doit
2011 1562 26 37 y
2073 1545 239 54 participer
2345 1545 111 41 dans
2491 1559 85 27 une
2610 1543 115 54 large
2762 1557 59 27 me-

1665 1626 109 27 sure.
1806 1610 64 42 La
1897 1609 89 43 dite
2014 1608 259 55 exposition
2302 1622 104 28 aura
2434 1622 116 39 pour
2577 1605 124 54 objet
2731 1606 98 54 prin-

1665 1674 113 53 cipal
1825 1672 308 42 l'orientation
2180 1670 208 42 nouvelle
2432 1670 72 42 des
2547 1670 108 41 Arts
2697 1667 130 44 indus-

1670 1736 139 47 triels;
1842 1751 60 27 on
1933 1750 144 27 assure
2106 1750 85 39 que
2218 1742 108 34 cette
2360 1731 340 43 manifestation
2732 1746 119 28 aura,

1673 1815 51 26 en
1772 1809 102 32 tout
1919 1813 81 29 cas,
2049 1797 41 42 la
2133 1796 153 43 valeur
2331 1795 136 42 d'une
2512 1794 134 43 haute
2689 1792 169 55 qualité

1671 1861 302 43 d'exécution.
2014 1860 40 42 A
2093 1871 107 30 cette
2238 1858 203 42 occasion
2482 1856 128 44 aussi,
2652 1871 86 28 une
2775 1855 81 43 cité

1672 1924 302 54 d'expérience
2012 1938 89 27 sera
2141 1922 169 42 édifiée.
