3144 4241
2657 3727 61 52 61

268 924 1954 93 ARCHITECTURE-URBANISME-ART
2294 918 413 88 PUBLIC

268 1117 332 92 ANNÉE
651 1137 213 70 1929
1240 1132 404 72 VOLUME
1704 1131 131 69 VIII
2179 1105 419 93 NUMÉRO
2659 1128 49 69 5

270 1578 131 82 LE
491 1555 568 104 DEUXIÈME
1145 1549 587 109 CONGRÈS
1814 1559 899 90 INTERNATIONAL

271 1715 1504 94 D'ARCHITECTURE
1897 1708 816 92 MODERNE

268 1900 721 58 FRANCFORT-SU
1015 1898 141 55 R-M
1179 1896 165 55 AIN.
1405 1895 106 55 DU
1564 1894 98 54 24
1713 1893 104 54 AU
1877 1891 95 55 26
2028 1886 452 59 OCTOBRE
2533 1886 184 55 1929

269 2161 768 61 COMPTE-RENDU.

267 2291 179 54 Ainsi
472 2313 116 49 que
619 2311 152 31 nous
801 2286 233 54 l'avons
1065 2284 289 61 annoncé,
1395 2304 64 31 ce
1505 2279 296 71 Congrès,
1848 2300 103 48 qui
1993 2289 110 39 tint
2147 2296 92 31 ses
2284 2274 244 52 séances
2572 2268 149 55 dans

265 2377 86 55 les
385 2375 175 57 salles
592 2374 81 56 du
705 2372 479 72 Palmengarten,
1216 2373 35 51 à
1282 2364 690 63 Francfort-sur-Main,
2005 2359 201 56 étudia
2237 2358 51 55 le
2321 2356 304 74 problème
2650 2354 72 55 de

267 2462 428 57 "l'habitation
1155 2481 76 31 on
1275 2452 221 58 entend
1538 2476 110 49 par
1689 2451 56 55 la
1790 2477 8 28 :
1845 2449 50 55 le
1927 2448 295 73 logement
2251 2442 326 58 accessible
2607 2466 116 30 aux

265 2574 250 50 moyens
546 2548 39 56 d
610 2562 300 41 existence
940 2545 86 56 les
1057 2544 135 74 plus
1222 2541 246 56 réduits.
1504 2541 50 53 L
1578 2536 331 58 assemblée
1935 2539 283 51 toutefois
2246 2557 58 30 se
2329 2529 234 57 rendait
2585 2528 136 55 bien

266 2652 237 59 compte
528 2636 182 75 qu'on
729 2660 71 29 ne
820 2646 287 61 pourrait,
1128 2656 71 30 en
1218 2629 294 75 quelques
1533 2649 245 33 séances
1797 2623 72 56 de
1888 2623 355 61 discussion,
2272 2626 182 47 même
2479 2633 242 46 actives,

268 2751 71 31 en
371 2728 231 53 arriver
632 2728 34 51 à
698 2721 288 57 formuler
1016 2719 105 56 des
1154 2717 382 57 conclusions
1568 2714 341 55 définitives
1942 2735 100 30 sur
2086 2733 112 31 une
2243 2721 276 59 question
2563 2727 160 31 aussi

268 2812 309 74 complexe
610 2827 56 39 et
695 2808 260 58 difficile.

271 2902 84 54 Le
387 2900 107 56 but
525 2901 262 72 proposé
820 2900 143 52 était
992 2894 73 56 de
1110 2896 147 52 fixer
1299 2916 148 31 avec
1491 2912 299 51 précision
1834 2886 12 53 1
1875 2900 120 40 état
2038 2882 191 56 actuel
2276 2880 80 55 du
2399 2876 324 76 problème,

266 2996 175 66 grâce
472 3012 118 31 aux
619 2985 355 56 documents
1004 2980 361 58 rassembles
1396 3003 76 30 au
1511 3000 176 32 cours
1731 2973 33 57 d
1794 2998 113 31 une
1952 2986 253 58 enquete
2248 2963 476 65 înteinationale,

267 3075 73 57 de
372 3074 305 57 dénoncer
705 3072 86 56 les
825 3095 243 33 sources
1099 3068 299 56 d'erreurs
1430 3067 328 71 présentes,
1792 3076 71 50 et,
1896 3057 353 76 par-dessus
2279 3069 146 50 tout,
2451 3052 72 56 de
2549 3075 141 49 pour-

269 3187 200 32 suivre
495 3177 166 40 entre
686 3157 478 77 professionnels
1188 3156 86 54 les
1298 3152 357 58 recherches
1680 3175 103 49 qui
1807 3160 448 62 permettraient
2282 3142 71 55 de
2378 3139 347 74 remplacer,

268 3276 72 31 en
383 3253 245 52 matière
672 3248 74 56 de
791 3260 413 44 construction
1248 3241 302 64 moderne,
1596 3239 52 54 le
1694 3250 406 43 tâtonnement
2149 3229 274 73 subjectif
2472 3252 96 48 pai
2620 3225 105 56 des

269 3340 177 55 bases
477 3351 299 42 vraiment
807 3334 428 73 scientifiques.

270 3427 204 64 Aussi,
506 3424 399 56 l'Assemblée
937 3421 81 57 du
1052 3420 279 73 Congrès
1362 3416 72 56 de
1470 3417 321 53 Francfort
1823 3436 71 30 ne
1933 3403 504 63 considere-t-elle
2481 3427 108 49 pas
2636 3425 90 30 ses

268 3530 257 40 travaux
557 3537 226 31 comme
815 3525 300 48 termines,
1147 3530 149 32 mais
1328 3530 33 30 a
1390 3528 110 31 mis
1530 3502 52 56 le
1614 3525 186 31 meme
1834 3514 167 55 sujet,
2037 3519 139 32 sous
2209 3518 112 31 une
2359 3492 188 55 forme
2594 3488 131 73 plus

269 3601 236 72 élargie,
539 3605 35 51 à
603 3598 220 58 l'ordre
854 3597 82 56 du
962 3620 137 48 jour
1129 3594 72 57 de
1236 3618 64 31 sa
1332 3591 327 75 prochaine
1692 3610 246 33 session.
