<?xml version="1.0" encoding="UTF-8"?>
<alto xmlns:xsi="http://www.w3.org/2001/XMLSchema-instance" xmlns="http://www.loc.gov/standards/alto/ns-v2#" xsi:schemaLocation="http://www.loc.gov/standards/alto/ns-v2# http://www.loc.gov/standards/alto/alto-v2.0.xsd" xmlns:xlink="http://www.w3.org/1999/xlink">
	<Description>
		<MeasurementUnit>mm10</MeasurementUnit>
		<sourceImageInformation>
			<fileName>//fileserver7/IN2-2/Princeton/bmtnabj/1905/02/15_01/00000141.tif</fileName>
		</sourceImageInformation>
		<OCRProcessing ID="OCRPROCESSING_1">
			<preProcessingStep>
				<processingSoftware>
					<softwareCreator>CCS Content Conversion Specialists GmbH, Germany</softwareCreator>
					<softwareName>CCS docWorks</softwareName>
					<softwareVersion>6.7-1.20</softwareVersion>
				</processingSoftware>
			</preProcessingStep>
			<ocrProcessingStep>
				<processingSoftware>
					<softwareCreator>ABBYY (BIT Software), Russia</softwareCreator>
					<softwareName>FineReader</softwareName>
					<softwareVersion>10.0</softwareVersion>
				</processingSoftware>
			</ocrProcessingStep>
		</OCRProcessing>
	</Description>
	<Styles>
		<TextStyle ID="TXT_0" FONTSIZE="13" FONTFAMILY="Times New Roman"/>
		<TextStyle ID="TXT_1" FONTSIZE="18" FONTFAMILY="Times New Roman"/>
		<TextStyle ID="TXT_2" FONTSIZE="14" FONTFAMILY="Times New Roman"/>
		<TextStyle ID="TXT_3" FONTSIZE="14" FONTFAMILY="Times New Roman" FONTSTYLE="italics"/>
		<TextStyle ID="TXT_4" FONTSIZE="17" FONTFAMILY="Times New Roman"/>
		<TextStyle ID="TXT_5" FONTSIZE="13" FONTFAMILY="Times New Roman" FONTSTYLE="italics"/>
		<TextStyle ID="TXT_6" FONTSIZE="15" FONTFAMILY="Times New Roman"/>
		<TextStyle ID="TXT_7" FONTSIZE="12" FONTFAMILY="Times New Roman"/>
		<ParagraphStyle ID="PAR_CENTER" ALIGN="Center"/>
		<ParagraphStyle ID="PAR_RIGHT" ALIGN="Right"/>
		<ParagraphStyle ID="PAR_BLOCK" ALIGN="Block"/>
		<ParagraphStyle ID="PAR_LEFT" ALIGN="Left"/>
	</Styles>
	<Layout>
		<Page ID="P21" PHYSICAL_IMG_NR="21" HEIGHT="3698" WIDTH="2265" PRINTED_IMG_NR="125" PC="0.920">
			<TopMargin ID="P21_TM00001" HPOS="0" VPOS="0" WIDTH="2265" HEIGHT="215">
				<TextBlock ID="P21_TB00001" HPOS="1006" VPOS="168" WIDTH="231" HEIGHT="27" STYLEREFS="TXT_0 PAR_CENTER">
					<TextLine ID="P21_TL00001" HPOS="1007" VPOS="168" WIDTH="230" HEIGHT="27">
						<String ID="P21_ST00001" HPOS="1007" VPOS="168" WIDTH="230" HEIGHT="27" CONTENT="CONCERTS" WC="1.00" CC="04040010"/>
						<SP ID="P21_SP00001" HPOS="1237" VPOS="195" WIDTH="0"/>
					</TextLine>
				</TextBlock>
				<TextBlock ID="P21_TB00002" HPOS="2052" VPOS="171" WIDTH="75" HEIGHT="42" STYLEREFS="TXT_1 PAR_RIGHT">
					<TextLine ID="P21_TL00002" HPOS="2052" VPOS="171" WIDTH="75" HEIGHT="42">
						<String ID="P21_ST00002" HPOS="2052" VPOS="171" WIDTH="75" HEIGHT="42" CONTENT="125" WC="1.00" CC="000"/>
					</TextLine>
				</TextBlock>
			</TopMargin>
			<LeftMargin ID="P21_LM00001" HPOS="0" VPOS="215" WIDTH="110" HEIGHT="3311"/>
			<RightMargin ID="P21_RM00001" HPOS="2153" VPOS="215" WIDTH="112" HEIGHT="3311"/>
			<BottomMargin ID="P21_BM00001" HPOS="0" VPOS="3526" WIDTH="2265" HEIGHT="172"/>
			<PrintSpace ID="P21_PS00001" HPOS="110" VPOS="215" WIDTH="2043" HEIGHT="3311">
				<TextBlock ID="P21_TB00003" HPOS="110" VPOS="257" WIDTH="2027" HEIGHT="605" STYLEREFS="TXT_2 PAR_BLOCK">
					<TextLine ID="P21_TL00003" HPOS="110" VPOS="257" WIDTH="2018" HEIGHT="61">
						<String ID="P21_ST00003" HPOS="110" VPOS="257" WIDTH="222" HEIGHT="42" CONTENT="récriture" WC="0.98" CC="960635420"/>
						<SP ID="P21_SP00002" HPOS="332" VPOS="299" WIDTH="17"/>
						<String ID="P21_ST00004" HPOS="349" VPOS="266" WIDTH="66" HEIGHT="32" CONTENT="est" WC="0.98" CC="005"/>
						<SP ID="P21_SP00003" HPOS="415" VPOS="299" WIDTH="21"/>
						<String ID="P21_ST00005" HPOS="436" VPOS="258" WIDTH="183" HEIGHT="41" CONTENT="sobreet" WC="0.94" CC="0000003"/>
						<SP ID="P21_SP00004" HPOS="619" VPOS="299" WIDTH="16"/>
						<String ID="P21_ST00006" HPOS="635" VPOS="268" WIDTH="133" HEIGHT="42" CONTENT="nette," WC="0.99" CC="700004"/>
						<SP ID="P21_SP00005" HPOS="768" VPOS="310" WIDTH="14"/>
						<String ID="P21_ST00007" HPOS="782" VPOS="268" WIDTH="40" HEIGHT="31" CONTENT="et" WC="1.00" CC="00"/>
						<SP ID="P21_SP00006" HPOS="822" VPOS="310" WIDTH="15"/>
						<String ID="P21_ST00008" HPOS="837" VPOS="265" WIDTH="88" HEIGHT="36" CONTENT="très" WC="0.98" CC="2070"/>
						<SP ID="P21_SP00007" HPOS="925" VPOS="310" WIDTH="18"/>
						<String ID="P21_ST00009" HPOS="943" VPOS="274" WIDTH="163" HEIGHT="27" CONTENT="sonore" WC="1.00" CC="004000"/>
						<SP ID="P21_SP00008" HPOS="1106" VPOS="310" WIDTH="22"/>
						<String ID="P21_ST00010" HPOS="1128" VPOS="275" WIDTH="9" HEIGHT="35" CONTENT=";" WC="0.40" CC="5"/>
						<SP ID="P21_SP00009" HPOS="1137" VPOS="310" WIDTH="21"/>
						<String ID="P21_ST00011" HPOS="1158" VPOS="275" WIDTH="56" HEIGHT="26" CONTENT="on" WC="1.00" CC="00"/>
						<SP ID="P21_SP00010" HPOS="1214" VPOS="310" WIDTH="17"/>
						<String ID="P21_ST00012" HPOS="1231" VPOS="270" WIDTH="98" HEIGHT="32" CONTENT="sent" WC="1.00" CC="0000"/>
						<SP ID="P21_SP00011" HPOS="1329" VPOS="310" WIDTH="18"/>
						<String ID="P21_ST00013" HPOS="1347" VPOS="276" WIDTH="85" HEIGHT="37" CONTENT="que" WC="0.98" CC="050"/>
						<SP ID="P21_SP00012" HPOS="1432" VPOS="313" WIDTH="17"/>
						<String ID="P21_ST00014" HPOS="1449" VPOS="261" WIDTH="103" HEIGHT="42" CONTENT="c'est" WC="0.99" CC="04002"/>
						<SP ID="P21_SP00013" HPOS="1552" VPOS="313" WIDTH="21"/>
						<String ID="P21_ST00015" HPOS="1573" VPOS="265" WIDTH="53" HEIGHT="39" CONTENT="de" WC="0.86" CC="20"/>
						<SP ID="P21_SP00014" HPOS="1626" VPOS="313" WIDTH="23"/>
						<String ID="P21_ST00016" HPOS="1649" VPOS="265" WIDTH="39" HEIGHT="40" CONTENT="la" WC="0.81" CC="11"/>
						<SP ID="P21_SP00015" HPOS="1688" VPOS="313" WIDTH="16"/>
						<String ID="P21_ST00017" HPOS="1704" VPOS="268" WIDTH="208" HEIGHT="50" CONTENT="musique" WC="1.00" CC="0001000"/>
						<SP ID="P21_SP00016" HPOS="1912" VPOS="318" WIDTH="22"/>
						<String ID="P21_ST00018" HPOS="1934" VPOS="269" WIDTH="194" HEIGHT="43" CONTENT="vivante," WC="0.99" CC="63230004"/>
					</TextLine>
					<TextLine ID="P21_TL00004" HPOS="112" VPOS="329" WIDTH="2018" HEIGHT="56">
						<String ID="P21_ST00019" HPOS="112" VPOS="329" WIDTH="107" HEIGHT="38" CONTENT="laite" WC="0.98" CC="80400"/>
						<SP ID="P21_SP00017" HPOS="219" VPOS="367" WIDTH="17"/>
						<String ID="P21_ST00020" HPOS="236" VPOS="341" WIDTH="114" HEIGHT="38" CONTENT="pour" WC="0.98" CC="5050"/>
						<SP ID="P21_SP00018" HPOS="350" VPOS="379" WIDTH="22"/>
						<String ID="P21_ST00021" HPOS="372" VPOS="331" WIDTH="92" HEIGHT="37" CONTENT="être" WC="0.98" CC="5600"/>
						<SP ID="P21_SP00019" HPOS="464" VPOS="379" WIDTH="24"/>
						<String ID="P21_ST00022" HPOS="488" VPOS="329" WIDTH="242" HEIGHT="49" CONTENT="entendue," WC="0.99" CC="060083004"/>
						<SP ID="P21_SP00020" HPOS="730" VPOS="379" WIDTH="21"/>
						<String ID="P21_ST00023" HPOS="751" VPOS="337" WIDTH="40" HEIGHT="32" CONTENT="et" WC="1.00" CC="00"/>
						<SP ID="P21_SP00021" HPOS="791" VPOS="379" WIDTH="23"/>
						<String ID="P21_ST00024" HPOS="814" VPOS="342" WIDTH="91" HEIGHT="27" CONTENT="non" WC="0.96" CC="702"/>
						<SP ID="P21_SP00022" HPOS="905" VPOS="379" WIDTH="16"/>
						<String ID="P21_ST00025" HPOS="921" VPOS="329" WIDTH="53" HEIGHT="40" CONTENT="de" WC="1.00" CC="00"/>
						<SP ID="P21_SP00023" HPOS="974" VPOS="379" WIDTH="16"/>
						<String ID="P21_ST00026" HPOS="990" VPOS="330" WIDTH="39" HEIGHT="39" CONTENT="la" WC="0.81" CC="30"/>
						<SP ID="P21_SP00024" HPOS="1029" VPOS="379" WIDTH="18"/>
						<String ID="P21_ST00027" HPOS="1047" VPOS="331" WIDTH="210" HEIGHT="51" CONTENT="musique" WC="1.00" CC="0600000"/>
						<SP ID="P21_SP00025" HPOS="1257" VPOS="382" WIDTH="22"/>
						<String ID="P21_ST00028" HPOS="1279" VPOS="330" WIDTH="214" HEIGHT="41" CONTENT="abstraite" WC="1.00" CC="000000200"/>
						<SP ID="P21_SP00026" HPOS="1493" VPOS="382" WIDTH="17"/>
						<String ID="P21_ST00029" HPOS="1510" VPOS="341" WIDTH="41" HEIGHT="31" CONTENT="et" WC="1.00" CC="00"/>
						<SP ID="P21_SP00027" HPOS="1551" VPOS="382" WIDTH="15"/>
						<String ID="P21_ST00030" HPOS="1566" VPOS="332" WIDTH="224" HEIGHT="53" CONTENT="livresque" WC="1.00" CC="140000000"/>
						<SP ID="P21_SP00028" HPOS="1790" VPOS="385" WIDTH="16"/>
						<String ID="P21_ST00031" HPOS="1806" VPOS="346" WIDTH="8" HEIGHT="36" CONTENT=";" WC="1.00" CC="0"/>
						<SP ID="P21_SP00029" HPOS="1814" VPOS="385" WIDTH="14"/>
						<String ID="P21_ST00032" HPOS="1828" VPOS="335" WIDTH="38" HEIGHT="39" CONTENT="le" WC="0.59" CC="43"/>
						<SP ID="P21_SP00030" HPOS="1866" VPOS="385" WIDTH="13"/>
						<String ID="P21_ST00033" HPOS="1879" VPOS="335" WIDTH="168" HEIGHT="40" CONTENT="scherzo" WC="0.98" CC="5506005" STYLEREFS="TXT_3"/>
						<SP ID="P21_SP00031" HPOS="2047" VPOS="385" WIDTH="18"/>
						<String ID="P21_ST00034" HPOS="2065" VPOS="345" WIDTH="65" HEIGHT="31" CONTENT="est" WC="0.98" CC="005"/>
					</TextLine>
					<TextLine ID="P21_TL00005" HPOS="113" VPOS="395" WIDTH="2018" HEIGHT="57">
						<String ID="P21_ST00035" HPOS="113" VPOS="395" WIDTH="133" HEIGHT="41" CONTENT="d'une" WC="0.99" CC="03060"/>
						<SP ID="P21_SP00032" HPOS="246" VPOS="436" WIDTH="32"/>
						<String ID="P21_ST00036" HPOS="278" VPOS="400" WIDTH="134" HEIGHT="47" CONTENT="grâce" WC="0.99" CC="70000"/>
						<SP ID="P21_SP00033" HPOS="412" VPOS="447" WIDTH="24"/>
						<String ID="P21_ST00037" HPOS="436" VPOS="398" WIDTH="267" HEIGHT="49" CONTENT="ingénieuse" WC="0.99" CC="2097000600"/>
						<SP ID="P21_SP00034" HPOS="703" VPOS="447" WIDTH="22"/>
						<String ID="P21_ST00038" HPOS="725" VPOS="406" WIDTH="41" HEIGHT="32" CONTENT="et" WC="0.71" CC="05"/>
						<SP ID="P21_SP00035" HPOS="766" VPOS="447" WIDTH="24"/>
						<String ID="P21_ST00039" HPOS="790" VPOS="400" WIDTH="198" HEIGHT="51" CONTENT="exquise," WC="1.00" CC="00004104"/>
						<SP ID="P21_SP00036" HPOS="988" VPOS="451" WIDTH="35"/>
						<String ID="P21_ST00040" HPOS="1023" VPOS="407" WIDTH="175" HEIGHT="32" CONTENT="surtout" WC="0.99" CC="0006003"/>
						<SP ID="P21_SP00037" HPOS="1198" VPOS="451" WIDTH="32"/>
						<String ID="P21_ST00041" HPOS="1230" VPOS="400" WIDTH="113" HEIGHT="39" CONTENT="dans" WC="0.98" CC="0640"/>
						<SP ID="P21_SP00038" HPOS="1343" VPOS="451" WIDTH="25"/>
						<String ID="P21_ST00042" HPOS="1368" VPOS="413" WIDTH="47" HEIGHT="26" CONTENT="sa" WC="1.00" CC="00"/>
						<SP ID="P21_SP00039" HPOS="1415" VPOS="451" WIDTH="24"/>
						<String ID="P21_ST00043" HPOS="1439" VPOS="402" WIDTH="142" HEIGHT="50" CONTENT="partie" WC="0.99" CC="400520"/>
						<SP ID="P21_SP00040" HPOS="1581" VPOS="452" WIDTH="33"/>
						<String ID="P21_ST00044" HPOS="1614" VPOS="403" WIDTH="207" HEIGHT="49" CONTENT="centrale," WC="1.00" CC="000040104"/>
						<SP ID="P21_SP00041" HPOS="1821" VPOS="452" WIDTH="34"/>
						<String ID="P21_ST00045" HPOS="1855" VPOS="412" WIDTH="40" HEIGHT="32" CONTENT="et" WC="0.69" CC="06"/>
						<SP ID="P21_SP00042" HPOS="1895" VPOS="452" WIDTH="20"/>
						<String ID="P21_ST00046" HPOS="1915" VPOS="403" WIDTH="216" HEIGHT="41" CONTENT="Ycindante" WC="0.55" CC="815304556" STYLEREFS="TXT_3"/>
					</TextLine>
					<TextLine ID="P21_TL00006" HPOS="112" VPOS="465" WIDTH="2019" HEIGHT="53">
						<String ID="P21_ST00047" HPOS="112" VPOS="473" WIDTH="66" HEIGHT="32" CONTENT="est" WC="1.00" CC="000"/>
						<SP ID="P21_SP00043" HPOS="178" VPOS="505" WIDTH="20"/>
						<String ID="P21_ST00048" HPOS="198" VPOS="465" WIDTH="98" HEIGHT="53" CONTENT="déjà" WC="0.98" CC="0025"/>
						<SP ID="P21_SP00044" HPOS="296" VPOS="518" WIDTH="22"/>
						<String ID="P21_ST00049" HPOS="318" VPOS="465" WIDTH="131" HEIGHT="41" CONTENT="d'une" WC="0.99" CC="00600"/>
						<SP ID="P21_SP00045" HPOS="449" VPOS="518" WIDTH="35"/>
						<String ID="P21_ST00050" HPOS="484" VPOS="480" WIDTH="110" HEIGHT="38" CONTENT="pure" WC="0.99" CC="0400"/>
						<SP ID="P21_SP00046" HPOS="594" VPOS="518" WIDTH="24"/>
						<String ID="P21_ST00051" HPOS="618" VPOS="465" WIDTH="162" HEIGHT="42" CONTENT="beauté" WC="0.99" CC="000008"/>
						<SP ID="P21_SP00047" HPOS="780" VPOS="518" WIDTH="21"/>
						<String ID="P21_ST00052" HPOS="801" VPOS="483" WIDTH="6" HEIGHT="23" CONTENT=":" WC="0.38" CC="6"/>
						<SP ID="P21_SP00048" HPOS="807" VPOS="518" WIDTH="28"/>
						<String ID="P21_ST00053" HPOS="835" VPOS="482" WIDTH="60" HEIGHT="25" CONTENT="un" WC="0.66" CC="06"/>
						<SP ID="P21_SP00049" HPOS="895" VPOS="518" WIDTH="25"/>
						<String ID="P21_ST00054" HPOS="920" VPOS="468" WIDTH="133" HEIGHT="39" CONTENT="chant" WC="0.99" CC="42000"/>
						<SP ID="P21_SP00050" HPOS="1053" VPOS="518" WIDTH="19"/>
						<String ID="P21_ST00055" HPOS="1072" VPOS="468" WIDTH="54" HEIGHT="39" CONTENT="de" WC="1.00" CC="00"/>
						<SP ID="P21_SP00051" HPOS="1126" VPOS="518" WIDTH="22"/>
						<String ID="P21_ST00056" HPOS="1148" VPOS="468" WIDTH="266" HEIGHT="40" CONTENT="violoncelle" WC="1.00" CC="01020000300"/>
						<SP ID="P21_SP00052" HPOS="1414" VPOS="518" WIDTH="21"/>
						<String ID="P21_ST00057" HPOS="1435" VPOS="466" WIDTH="160" HEIGHT="43" CONTENT="s'élève" WC="0.99" CC="0402700"/>
						<SP ID="P21_SP00053" HPOS="1595" VPOS="518" WIDTH="23"/>
						<String ID="P21_ST00058" HPOS="1618" VPOS="471" WIDTH="113" HEIGHT="39" CONTENT="dans" WC="1.00" CC="0000"/>
						<SP ID="P21_SP00054" HPOS="1731" VPOS="518" WIDTH="24"/>
						<String ID="P21_ST00059" HPOS="1755" VPOS="471" WIDTH="39" HEIGHT="40" CONTENT="la" WC="1.00" CC="00"/>
						<SP ID="P21_SP00055" HPOS="1794" VPOS="518" WIDTH="26"/>
						<String ID="P21_ST00060" HPOS="1820" VPOS="472" WIDTH="186" HEIGHT="40" CONTENT="lumière" WC="1.00" CC="0701000"/>
						<SP ID="P21_SP00056" HPOS="2006" VPOS="518" WIDTH="23"/>
						<String ID="P21_ST00061" HPOS="2029" VPOS="472" WIDTH="82" HEIGHT="40" CONTENT="fris" SUBS_TYPE="HypPart1" SUBS_CONTENT="frissonnante" WC="1.00" CC="0020"/>
						<HYP HPOS="2111" VPOS="472" WIDTH="20" CONTENT="-"/>
					</TextLine>
					<TextLine ID="P21_TL00007" HPOS="113" VPOS="534" WIDTH="2018" HEIGHT="57">
						<String ID="P21_ST00062" HPOS="113" VPOS="542" WIDTH="222" HEIGHT="32" CONTENT="sonnante" SUBS_TYPE="HypPart2" SUBS_CONTENT="frissonnante" WC="0.99" CC="00740250"/>
						<SP ID="P21_SP00057" HPOS="335" VPOS="574" WIDTH="24"/>
						<String ID="P21_ST00063" HPOS="359" VPOS="535" WIDTH="78" HEIGHT="39" CONTENT="des" WC="1.00" CC="000"/>
						<SP ID="P21_SP00058" HPOS="437" VPOS="574" WIDTH="25"/>
						<String ID="P21_ST00064" HPOS="462" VPOS="534" WIDTH="278" HEIGHT="51" CONTENT="harmonies," WC="1.00" CC="4000002004"/>
						<SP ID="P21_SP00059" HPOS="740" VPOS="585" WIDTH="23"/>
						<String ID="P21_ST00065" HPOS="763" VPOS="538" WIDTH="102" HEIGHT="50" CONTENT="puis" WC="0.99" CC="0030"/>
						<SP ID="P21_SP00060" HPOS="865" VPOS="588" WIDTH="17"/>
						<String ID="P21_ST00066" HPOS="882" VPOS="536" WIDTH="63" HEIGHT="40" CONTENT="les" WC="0.99" CC="200"/>
						<SP ID="P21_SP00061" HPOS="945" VPOS="588" WIDTH="24"/>
						<String ID="P21_ST00067" HPOS="969" VPOS="538" WIDTH="294" HEIGHT="39" CONTENT="instruments" WC="1.00" CC="04000000720"/>
						<SP ID="P21_SP00062" HPOS="1263" VPOS="588" WIDTH="22"/>
						<String ID="P21_ST00068" HPOS="1285" VPOS="535" WIDTH="258" HEIGHT="53" CONTENT="s'unissent," WC="0.99" CC="00374000364"/>
						<SP ID="P21_SP00063" HPOS="1543" VPOS="588" WIDTH="24"/>
						<String ID="P21_ST00069" HPOS="1567" VPOS="551" WIDTH="54" HEIGHT="27" CONTENT="en" WC="0.81" CC="03"/>
						<SP ID="P21_SP00064" HPOS="1621" VPOS="588" WIDTH="22"/>
						<String ID="P21_ST00070" HPOS="1643" VPOS="553" WIDTH="58" HEIGHT="25" CONTENT="un" WC="0.65" CC="41"/>
						<SP ID="P21_SP00065" HPOS="1701" VPOS="588" WIDTH="23"/>
						<String ID="P21_ST00071" HPOS="1724" VPOS="540" WIDTH="221" HEIGHT="51" CONTENT="expressif" WC="1.00" CC="000000031"/>
						<SP ID="P21_SP00066" HPOS="1945" VPOS="591" WIDTH="14"/>
						<String ID="P21_ST00072" HPOS="1959" VPOS="550" WIDTH="148" HEIGHT="31" CONTENT="contre" SUBS_TYPE="HypPart1" SUBS_CONTENT="contrepoint" WC="1.00" CC="000000"/>
						<HYP HPOS="2107" VPOS="550" WIDTH="24" CONTENT="-"/>
					</TextLine>
					<TextLine ID="P21_TL00008" HPOS="113" VPOS="604" WIDTH="2022" HEIGHT="55">
						<String ID="P21_ST00073" HPOS="113" VPOS="604" WIDTH="126" HEIGHT="50" CONTENT="point" SUBS_TYPE="HypPart2" SUBS_CONTENT="contrepoint" WC="0.99" CC="00004"/>
						<SP ID="P21_SP00067" HPOS="239" VPOS="654" WIDTH="23"/>
						<String ID="P21_ST00074" HPOS="262" VPOS="614" WIDTH="9" HEIGHT="39" CONTENT=";" WC="0.55" CC="4"/>
						<SP ID="P21_SP00068" HPOS="271" VPOS="654" WIDTH="26"/>
						<String ID="P21_ST00075" HPOS="297" VPOS="604" WIDTH="41" HEIGHT="40" CONTENT="la" WC="0.78" CC="40"/>
						<SP ID="P21_SP00069" HPOS="338" VPOS="654" WIDTH="21"/>
						<String ID="P21_ST00076" HPOS="359" VPOS="609" WIDTH="166" HEIGHT="47" CONTENT="pensée" WC="0.99" CC="000080"/>
						<SP ID="P21_SP00070" HPOS="525" VPOS="656" WIDTH="21"/>
						<String ID="P21_ST00077" HPOS="546" VPOS="618" WIDTH="45" HEIGHT="26" CONTENT="se" WC="1.00" CC="00"/>
						<SP ID="P21_SP00071" HPOS="591" VPOS="656" WIDTH="21"/>
						<String ID="P21_ST00078" HPOS="612" VPOS="605" WIDTH="247" HEIGHT="52" CONTENT="développe" WC="1.00" CC="000040000"/>
						<SP ID="P21_SP00072" HPOS="859" VPOS="657" WIDTH="24"/>
						<String ID="P21_ST00079" HPOS="883" VPOS="618" WIDTH="105" HEIGHT="28" CONTENT="avec" WC="1.00" CC="0000"/>
						<SP ID="P21_SP00073" HPOS="988" VPOS="657" WIDTH="23"/>
						<String ID="P21_ST00080" HPOS="1011" VPOS="619" WIDTH="88" HEIGHT="27" CONTENT="une" WC="1.00" CC="000"/>
						<SP ID="P21_SP00074" HPOS="1099" VPOS="657" WIDTH="22"/>
						<String ID="P21_ST00081" HPOS="1121" VPOS="607" WIDTH="232" HEIGHT="49" CONTENT="gracieuse" WC="1.00" CC="000210000"/>
						<SP ID="P21_SP00075" HPOS="1353" VPOS="657" WIDTH="37"/>
						<String ID="P21_ST00082" HPOS="1390" VPOS="608" WIDTH="193" HEIGHT="46" CONTENT="aisance," WC="1.00" CC="01005003"/>
						<SP ID="P21_SP00076" HPOS="1583" VPOS="657" WIDTH="27"/>
						<String ID="P21_ST00083" HPOS="1610" VPOS="616" WIDTH="41" HEIGHT="31" CONTENT="et" WC="0.68" CC="06"/>
						<SP ID="P21_SP00077" HPOS="1651" VPOS="657" WIDTH="23"/>
						<String ID="P21_ST00084" HPOS="1674" VPOS="606" WIDTH="189" HEIGHT="42" CONTENT="l'intérêt" WC="0.99" CC="533500245"/>
						<SP ID="P21_SP00078" HPOS="1863" VPOS="657" WIDTH="23"/>
						<String ID="P21_ST00085" HPOS="1886" VPOS="623" WIDTH="54" HEIGHT="26" CONTENT="ne" WC="1.00" CC="00"/>
						<SP ID="P21_SP00079" HPOS="1940" VPOS="657" WIDTH="21"/>
						<String ID="P21_ST00086" HPOS="1961" VPOS="609" WIDTH="174" HEIGHT="50" CONTENT="languit" WC="0.99" CC="4000726"/>
					</TextLine>
					<TextLine ID="P21_TL00009" HPOS="113" VPOS="673" WIDTH="2022" HEIGHT="53">
						<String ID="P21_ST00087" HPOS="113" VPOS="685" WIDTH="81" HEIGHT="38" CONTENT="pas" WC="1.00" CC="000"/>
						<SP ID="P21_SP00080" HPOS="194" VPOS="723" WIDTH="30"/>
						<String ID="P21_ST00088" HPOS="224" VPOS="686" WIDTH="60" HEIGHT="26" CONTENT="un" WC="0.81" CC="03"/>
						<SP ID="P21_SP00081" HPOS="284" VPOS="723" WIDTH="24"/>
						<String ID="P21_ST00089" HPOS="308" VPOS="674" WIDTH="185" HEIGHT="46" CONTENT="instant," WC="0.98" CC="46260443"/>
						<SP ID="P21_SP00082" HPOS="493" VPOS="723" WIDTH="44"/>
						<String ID="P21_ST00090" HPOS="537" VPOS="688" WIDTH="73" HEIGHT="25" CONTENT="car" WC="1.00" CC="000"/>
						<SP ID="P21_SP00083" HPOS="610" VPOS="723" WIDTH="20"/>
						<String ID="P21_ST00091" HPOS="630" VPOS="682" WIDTH="97" HEIGHT="31" CONTENT="tout" WC="0.99" CC="0005"/>
						<SP ID="P21_SP00084" HPOS="727" VPOS="723" WIDTH="37"/>
						<String ID="P21_ST00092" HPOS="764" VPOS="674" WIDTH="159" HEIGHT="40" CONTENT="chante" WC="0.99" CC="000430"/>
						<SP ID="P21_SP00085" HPOS="923" VPOS="723" WIDTH="37"/>
						<String ID="P21_ST00093" HPOS="960" VPOS="682" WIDTH="40" HEIGHT="32" CONTENT="et" WC="0.68" CC="06"/>
						<SP ID="P21_SP00086" HPOS="1000" VPOS="723" WIDTH="34"/>
						<String ID="P21_ST00094" HPOS="1034" VPOS="683" WIDTH="95" HEIGHT="32" CONTENT="tout" WC="0.97" CC="4065"/>
						<SP ID="P21_SP00087" HPOS="1129" VPOS="723" WIDTH="29"/>
						<String ID="P21_ST00095" HPOS="1158" VPOS="673" WIDTH="125" HEIGHT="42" CONTENT="vibre" WC="1.00" CC="03000"/>
						<SP ID="P21_SP00088" HPOS="1283" VPOS="723" WIDTH="37"/>
						<String ID="P21_ST00096" HPOS="1320" VPOS="673" WIDTH="243" HEIGHT="42" CONTENT="d'émotion" WC="0.99" CC="046006207"/>
						<SP ID="P21_SP00089" HPOS="1563" VPOS="723" WIDTH="20"/>
						<String ID="P21_ST00097" HPOS="1583" VPOS="689" WIDTH="9" HEIGHT="34" CONTENT=";" WC="1.00" CC="0"/>
						<SP ID="P21_SP00090" HPOS="1592" VPOS="723" WIDTH="26"/>
						<String ID="P21_ST00098" HPOS="1618" VPOS="675" WIDTH="39" HEIGHT="51" CONTENT="je" WC="0.90" CC="10"/>
						<SP ID="P21_SP00091" HPOS="1657" VPOS="726" WIDTH="31"/>
						<String ID="P21_ST00099" HPOS="1688" VPOS="675" WIDTH="212" HEIGHT="40" CONTENT="voudrais" WC="1.00" CC="00000020"/>
						<SP ID="P21_SP00092" HPOS="1900" VPOS="726" WIDTH="20"/>
						<String ID="P21_ST00100" HPOS="1920" VPOS="677" WIDTH="215" HEIGHT="40" CONTENT="entendre" WC="0.99" CC="06406000"/>
					</TextLine>
					<TextLine ID="P21_TL00010" HPOS="112" VPOS="741" WIDTH="2023" HEIGHT="54">
						<String ID="P21_ST00101" HPOS="112" VPOS="749" WIDTH="191" HEIGHT="31" CONTENT="souvent" WC="0.99" CC="6000075"/>
						<SP ID="P21_SP00093" HPOS="303" VPOS="780" WIDTH="26"/>
						<String ID="P21_ST00102" HPOS="329" VPOS="750" WIDTH="66" HEIGHT="31" CONTENT="cet" WC="1.00" CC="000"/>
						<SP ID="P21_SP00094" HPOS="395" VPOS="781" WIDTH="23"/>
						<String ID="P21_ST00103" HPOS="418" VPOS="741" WIDTH="202" HEIGHT="40" CONTENT="andante." WC="0.55" CC="47033556" STYLEREFS="TXT_3"/>
						<SP ID="P21_SP00095" HPOS="620" VPOS="781" WIDTH="28"/>
						<String ID="P21_ST00104" HPOS="648" VPOS="741" WIDTH="38" HEIGHT="40" CONTENT="A" WC="1.00" CC="0"/>
						<SP ID="P21_SP00096" HPOS="686" VPOS="781" WIDTH="31"/>
						<String ID="P21_ST00105" HPOS="717" VPOS="756" WIDTH="45" HEIGHT="26" CONTENT="ce" WC="1.00" CC="00"/>
						<SP ID="P21_SP00097" HPOS="762" VPOS="782" WIDTH="24"/>
						<String ID="P21_ST00106" HPOS="786" VPOS="747" WIDTH="146" HEIGHT="36" CONTENT="même" WC="0.98" CC="0700"/>
						<SP ID="P21_SP00098" HPOS="932" VPOS="783" WIDTH="20"/>
						<String ID="P21_ST00107" HPOS="952" VPOS="752" WIDTH="193" HEIGHT="41" CONTENT="concert," WC="1.00" CC="00020004"/>
						<SP ID="P21_SP00099" HPOS="1145" VPOS="793" WIDTH="30"/>
						<String ID="P21_ST00108" HPOS="1175" VPOS="757" WIDTH="17" HEIGHT="37" CONTENT="3" WC="1.00" CC="9"/>
						<SP ID="P21_SP00100" HPOS="1192" VPOS="794" WIDTH="28"/>
						<String ID="P21_ST00109" HPOS="1220" VPOS="745" WIDTH="145" HEIGHT="50" CONTENT="pièces" WC="0.99" CC="028100"/>
						<SP ID="P21_SP00101" HPOS="1365" VPOS="795" WIDTH="23"/>
						<String ID="P21_ST00110" HPOS="1388" VPOS="757" WIDTH="115" HEIGHT="38" CONTENT="pour" WC="0.99" CC="0060"/>
						<SP ID="P21_SP00102" HPOS="1503" VPOS="795" WIDTH="21"/>
						<String ID="P21_ST00111" HPOS="1524" VPOS="743" WIDTH="266" HEIGHT="41" CONTENT="violoncelle" WC="1.00" CC="00000300751"/>
						<SP ID="P21_SP00103" HPOS="1790" VPOS="795" WIDTH="18"/>
						<String ID="P21_ST00112" HPOS="1808" VPOS="752" WIDTH="40" HEIGHT="31" CONTENT="et" WC="0.58" CC="25"/>
						<SP ID="P21_SP00104" HPOS="1848" VPOS="795" WIDTH="25"/>
						<String ID="P21_ST00113" HPOS="1873" VPOS="758" WIDTH="20" HEIGHT="25" CONTENT="2" WC="0.65" CC="3"/>
						<SP ID="P21_SP00105" HPOS="1893" VPOS="795" WIDTH="25"/>
						<String ID="P21_ST00114" HPOS="1918" VPOS="744" WIDTH="217" HEIGHT="40" CONTENT="mélodies" WC="0.99" CC="07200001"/>
					</TextLine>
					<TextLine ID="P21_TL00011" HPOS="115" VPOS="807" WIDTH="2019" HEIGHT="55">
						<String ID="P21_ST00115" HPOS="115" VPOS="808" WIDTH="53" HEIGHT="39" CONTENT="de" WC="1.00" CC="00"/>
						<SP ID="P21_SP00106" HPOS="168" VPOS="847" WIDTH="26"/>
						<String ID="P21_ST00116" HPOS="194" VPOS="807" WIDTH="63" HEIGHT="40" CONTENT="M." WC="0.75" CC="05"/>
						<SP ID="P21_SP00107" HPOS="257" VPOS="847" WIDTH="20"/>
						<String ID="P21_ST00117" HPOS="277" VPOS="809" WIDTH="53" HEIGHT="40" CONTENT="de" WC="1.00" CC="00"/>
						<SP ID="P21_SP00108" HPOS="330" VPOS="849" WIDTH="22"/>
						<String ID="P21_ST00118" HPOS="352" VPOS="807" WIDTH="370" HEIGHT="54" CONTENT="Saint-Quentin," WC="0.99" CC="00306005006374"/>
						<SP ID="P21_SP00109" HPOS="722" VPOS="861" WIDTH="28"/>
						<String ID="P21_ST00119" HPOS="750" VPOS="825" WIDTH="85" HEIGHT="37" CONTENT="que" WC="0.99" CC="010"/>
						<SP ID="P21_SP00110" HPOS="835" VPOS="862" WIDTH="21"/>
						<String ID="P21_ST00120" HPOS="856" VPOS="811" WIDTH="87" HEIGHT="41" CONTENT="l'on" WC="0.98" CC="0304"/>
						<SP ID="P21_SP00111" HPOS="943" VPOS="862" WIDTH="19"/>
						<String ID="P21_ST00121" HPOS="962" VPOS="813" WIDTH="250" HEIGHT="49" CONTENT="applaudit," WC="0.99" CC="0006070031"/>
						<SP ID="P21_SP00112" HPOS="1212" VPOS="862" WIDTH="18"/>
						<String ID="P21_ST00122" HPOS="1230" VPOS="821" WIDTH="40" HEIGHT="32" CONTENT="et" WC="0.68" CC="06"/>
						<SP ID="P21_SP00113" HPOS="1270" VPOS="862" WIDTH="21"/>
						<String ID="P21_ST00123" HPOS="1291" VPOS="826" WIDTH="60" HEIGHT="27" CONTENT="un" WC="0.70" CC="05"/>
						<SP ID="P21_SP00114" HPOS="1351" VPOS="862" WIDTH="16"/>
						<String ID="P21_ST00124" HPOS="1367" VPOS="811" WIDTH="115" HEIGHT="42" CONTENT="beau" WC="1.00" CC="0000"/>
						<SP ID="P21_SP00115" HPOS="1482" VPOS="862" WIDTH="16"/>
						<String ID="P21_ST00125" HPOS="1498" VPOS="811" WIDTH="191" HEIGHT="41" CONTENT="Prélude" WC="0.99" CC="3030803" STYLEREFS="TXT_3"/>
						<SP ID="P21_SP00116" HPOS="1689" VPOS="862" WIDTH="13"/>
						<String ID="P21_ST00126" HPOS="1702" VPOS="812" WIDTH="54" HEIGHT="40" CONTENT="de" WC="1.00" CC="00"/>
						<SP ID="P21_SP00117" HPOS="1756" VPOS="862" WIDTH="18"/>
						<String ID="P21_ST00127" HPOS="1774" VPOS="811" WIDTH="360" HEIGHT="51" CONTENT="Rakhmaninof," WC="0.76" CC="000260537002"/>
					</TextLine>
				</TextBlock>
				<TextBlock ID="P21_TB00004" HPOS="113" VPOS="861" WIDTH="977" HEIGHT="72" STYLEREFS="TXT_2 PAR_LEFT">
					<TextLine ID="P21_TL00012" HPOS="116" VPOS="876" WIDTH="971" HEIGHT="55">
						<String ID="P21_ST00128" HPOS="116" VPOS="882" WIDTH="87" HEIGHT="35" CONTENT="très" WC="0.98" CC="0070"/>
						<SP ID="P21_SP00118" HPOS="203" VPOS="917" WIDTH="24"/>
						<String ID="P21_ST00129" HPOS="227" VPOS="876" WIDTH="105" HEIGHT="41" CONTENT="bien" WC="0.98" CC="0306"/>
						<SP ID="P21_SP00119" HPOS="332" VPOS="917" WIDTH="23"/>
						<String ID="P21_ST00130" HPOS="355" VPOS="879" WIDTH="242" HEIGHT="51" CONTENT="interprété" WC="0.99" CC="3010000667"/>
						<SP ID="P21_SP00120" HPOS="597" VPOS="930" WIDTH="23"/>
						<String ID="P21_ST00131" HPOS="620" VPOS="893" WIDTH="79" HEIGHT="38" CONTENT="par" WC="0.99" CC="020"/>
						<SP ID="P21_SP00121" HPOS="699" VPOS="931" WIDTH="23"/>
						<String ID="P21_ST00132" HPOS="722" VPOS="879" WIDTH="47" HEIGHT="40" CONTENT="M" WC="1.00" CC="0"/>
						<String ID="P21_ST00133" HPOS="774" VPOS="878" WIDTH="39" HEIGHT="24" CONTENT="lle" STYLE="superscript" WC="0.40" CC="674"/>
						<SP ID="P21_SP00122" HPOS="813" VPOS="931" WIDTH="23"/>
						<String ID="P21_ST00134" HPOS="836" VPOS="880" WIDTH="175" HEIGHT="41" CONTENT="Fernet." WC="0.82" CC="5000052"/>
						<SP ID="P21_SP00123" HPOS="1011" VPOS="931" WIDTH="31"/>
						<String ID="P21_ST00135" HPOS="1042" VPOS="905" WIDTH="45" HEIGHT="3" CONTENT="—" WC="0.20" CC="8"/>
					</TextLine>
				</TextBlock>
				<TextBlock ID="P21_TB00005" HPOS="1111" VPOS="876" WIDTH="164" HEIGHT="66" STYLEREFS="TXT_4 PAR_RIGHT">
					<TextLine ID="P21_TL00013" HPOS="1114" VPOS="878" WIDTH="126" HEIGHT="42">
						<String ID="P21_ST00136" HPOS="1114" VPOS="879" WIDTH="52" HEIGHT="41" CONTENT="L." WC="0.72" CC="50"/>
						<SP ID="P21_SP00124" HPOS="1166" VPOS="920" WIDTH="22"/>
						<String ID="P21_ST00137" HPOS="1188" VPOS="878" WIDTH="52" HEIGHT="42" CONTENT="L." WC="0.85" CC="02"/>
					</TextLine>
				</TextBlock>
				<TextBlock ID="P21_TB00006" HPOS="173" VPOS="979" WIDTH="367" HEIGHT="48" STYLEREFS="TXT_0 PAR_LEFT">
					<TextLine ID="P21_TL00014" HPOS="174" VPOS="982" WIDTH="362" HEIGHT="43">
						<String ID="P21_ST00138" HPOS="174" VPOS="982" WIDTH="144" HEIGHT="41" CONTENT="SALLE" WC="0.99" CC="02030"/>
						<SP ID="P21_SP00125" HPOS="318" VPOS="1023" WIDTH="25"/>
						<String ID="P21_ST00139" HPOS="343" VPOS="983" WIDTH="193" HEIGHT="42" CONTENT="PLEYEL." WC="0.90" CC="3100000"/>
						<SP ID="P21_SP00126" HPOS="536" VPOS="1025" WIDTH="0"/>
					</TextLine>
				</TextBlock>
				<TextBlock ID="P21_TB00007" HPOS="559" VPOS="982" WIDTH="1581" HEIGHT="59" STYLEREFS="TXT_0 PAR_RIGHT">
					<TextLine ID="P21_TL00015" HPOS="644" VPOS="985" WIDTH="1494" HEIGHT="55">
						<String ID="P21_ST00140" HPOS="644" VPOS="993" WIDTH="34" HEIGHT="32" CONTENT="1*" WC="1.00" CC="07"/>
						<String ID="P21_ST00141" HPOS="685" VPOS="990" WIDTH="14" HEIGHT="17" CONTENT="v" STYLE="superscript" WC="0.18" CC="8" STYLEREFS="TXT_5"/>
						<SP ID="P21_SP00127" HPOS="699" VPOS="1025" WIDTH="7"/>
						<String ID="P21_ST00142" HPOS="706" VPOS="986" WIDTH="186" HEIGHT="54" CONTENT="février." WC="0.99" CC="00000527" STYLEREFS="TXT_5"/>
						<SP ID="P21_SP00128" HPOS="892" VPOS="1040" WIDTH="129"/>
						<String ID="P21_ST00143" HPOS="1021" VPOS="987" WIDTH="192" HEIGHT="40" CONTENT="Concert" WC="1.00" CC="0000000"/>
						<SP ID="P21_SP00129" HPOS="1213" VPOS="1040" WIDTH="22"/>
						<String ID="P21_ST00144" HPOS="1235" VPOS="988" WIDTH="150" HEIGHT="40" CONTENT="donné" WC="1.00" CC="00000"/>
						<SP ID="P21_SP00130" HPOS="1385" VPOS="1040" WIDTH="20"/>
						<String ID="P21_ST00145" HPOS="1405" VPOS="1001" WIDTH="79" HEIGHT="38" CONTENT="par" WC="1.00" CC="000"/>
						<SP ID="P21_SP00131" HPOS="1484" VPOS="1040" WIDTH="23"/>
						<String ID="P21_ST00146" HPOS="1507" VPOS="986" WIDTH="60" HEIGHT="40" CONTENT="M." WC="0.52" CC="35" STYLEREFS="TXT_5"/>
						<SP ID="P21_SP00132" HPOS="1567" VPOS="1040" WIDTH="30"/>
						<String ID="P21_ST00147" HPOS="1597" VPOS="986" WIDTH="52" HEIGHT="42" CONTENT="R." WC="0.58" CC="44"/>
						<SP ID="P21_SP00133" HPOS="1649" VPOS="1040" WIDTH="27"/>
						<String ID="P21_ST00148" HPOS="1676" VPOS="985" WIDTH="194" HEIGHT="52" CONTENT="Marthe," WC="0.99" CC="0005604"/>
						<SP ID="P21_SP00134" HPOS="1870" VPOS="1040" WIDTH="25"/>
						<String ID="P21_ST00149" HPOS="1895" VPOS="986" WIDTH="243" HEIGHT="41" CONTENT="l'excellent" WC="1.00" CC="50000025015"/>
					</TextLine>
				</TextBlock>
				<TextBlock ID="P21_TB00008" HPOS="114" VPOS="1050" WIDTH="2032" HEIGHT="1029" STYLEREFS="TXT_2 PAR_BLOCK">
					<TextLine ID="P21_TL00016" HPOS="115" VPOS="1052" WIDTH="2023" HEIGHT="52">
						<String ID="P21_ST00150" HPOS="115" VPOS="1052" WIDTH="344" HEIGHT="52" CONTENT="violoncelliste," WC="1.00" CC="030000000210404"/>
						<SP ID="P21_SP00135" HPOS="459" VPOS="1104" WIDTH="28"/>
						<String ID="P21_ST00151" HPOS="487" VPOS="1068" WIDTH="105" HEIGHT="26" CONTENT="avec" WC="0.99" CC="0004"/>
						<SP ID="P21_SP00136" HPOS="592" VPOS="1104" WIDTH="24"/>
						<String ID="P21_ST00152" HPOS="616" VPOS="1054" WIDTH="38" HEIGHT="40" CONTENT="le" WC="0.79" CC="40"/>
						<SP ID="P21_SP00137" HPOS="654" VPOS="1104" WIDTH="40"/>
						<String ID="P21_ST00153" HPOS="694" VPOS="1068" WIDTH="218" HEIGHT="27" CONTENT="concours" WC="0.99" CC="20030600"/>
						<SP ID="P21_SP00138" HPOS="912" VPOS="1104" WIDTH="33"/>
						<String ID="P21_ST00154" HPOS="945" VPOS="1056" WIDTH="54" HEIGHT="39" CONTENT="de" WC="1.00" CC="00"/>
						<SP ID="P21_SP00139" HPOS="999" VPOS="1104" WIDTH="40"/>
						<String ID="P21_ST00155" HPOS="1039" VPOS="1054" WIDTH="44" HEIGHT="41" CONTENT="M" WC="1.00" CC="9"/>
						<String ID="P21_ST00156" HPOS="1089" VPOS="1061" WIDTH="47" HEIGHT="17" CONTENT="me" STYLE="superscript" WC="0.75" CC="12"/>
						<SP ID="P21_SP00140" HPOS="1136" VPOS="1104" WIDTH="35"/>
						<String ID="P21_ST00157" HPOS="1171" VPOS="1055" WIDTH="348" HEIGHT="41" CONTENT="Durand-Texte" WC="1.00" CC="600060100000"/>
						<SP ID="P21_SP00141" HPOS="1519" VPOS="1104" WIDTH="22"/>
						<String ID="P21_ST00158" HPOS="1541" VPOS="1064" WIDTH="42" HEIGHT="32" CONTENT="et" WC="0.74" CC="05"/>
						<SP ID="P21_SP00142" HPOS="1583" VPOS="1104" WIDTH="42"/>
						<String ID="P21_ST00159" HPOS="1625" VPOS="1056" WIDTH="53" HEIGHT="39" CONTENT="de" WC="1.00" CC="00"/>
						<SP ID="P21_SP00143" HPOS="1678" VPOS="1104" WIDTH="34"/>
						<String ID="P21_ST00160" HPOS="1712" VPOS="1054" WIDTH="113" HEIGHT="42" CONTENT="MM." WC="0.98" CC="005"/>
						<SP ID="P21_SP00144" HPOS="1825" VPOS="1104" WIDTH="44"/>
						<String ID="P21_ST00161" HPOS="1869" VPOS="1054" WIDTH="52" HEIGHT="40" CONTENT="A." WC="0.79" CC="04"/>
						<SP ID="P21_SP00145" HPOS="1921" VPOS="1104" WIDTH="24"/>
						<String ID="P21_ST00162" HPOS="1945" VPOS="1054" WIDTH="124" HEIGHT="42" CONTENT="Brun" WC="0.99" CC="0006"/>
						<SP ID="P21_SP00146" HPOS="2069" VPOS="1104" WIDTH="29"/>
						<String ID="P21_ST00163" HPOS="2098" VPOS="1064" WIDTH="40" HEIGHT="31" CONTENT="et" WC="0.65" CC="06"/>
					</TextLine>
					<TextLine ID="P21_TL00017" HPOS="118" VPOS="1120" WIDTH="2018" HEIGHT="58">
						<String ID="P21_ST00164" HPOS="118" VPOS="1120" WIDTH="213" HEIGHT="41" CONTENT="Edouard" WC="1.00" CC="1001200"/>
						<SP ID="P21_SP00147" HPOS="331" VPOS="1161" WIDTH="23"/>
						<String ID="P21_ST00165" HPOS="354" VPOS="1121" WIDTH="217" HEIGHT="42" CONTENT="Bernard." WC="1.00" CC="00060004"/>
						<SP ID="P21_SP00148" HPOS="571" VPOS="1163" WIDTH="28"/>
						<String ID="P21_ST00166" HPOS="599" VPOS="1122" WIDTH="63" HEIGHT="41" CONTENT="La" WC="0.78" CC="40"/>
						<SP ID="P21_SP00149" HPOS="662" VPOS="1163" WIDTH="25"/>
						<String ID="P21_ST00167" HPOS="687" VPOS="1122" WIDTH="122" HEIGHT="41" CONTENT="Suite" WC="0.97" CC="04535" STYLEREFS="TXT_3"/>
						<SP ID="P21_SP00150" HPOS="809" VPOS="1163" WIDTH="35"/>
						<String ID="P21_ST00168" HPOS="844" VPOS="1137" WIDTH="54" HEIGHT="27" CONTENT="en" WC="1.00" CC="00"/>
						<SP ID="P21_SP00151" HPOS="898" VPOS="1164" WIDTH="24"/>
						<String ID="P21_ST00169" HPOS="922" VPOS="1131" WIDTH="43" HEIGHT="33" CONTENT="ut" WC="0.57" CC="61" STYLEREFS="TXT_3"/>
						<SP ID="P21_SP00152" HPOS="965" VPOS="1164" WIDTH="23"/>
						<String ID="P21_ST00170" HPOS="988" VPOS="1126" WIDTH="173" HEIGHT="52" CONTENT="majeur" WC="0.99" CC="001040"/>
						<SP ID="P21_SP00153" HPOS="1161" VPOS="1178" WIDTH="24"/>
						<String ID="P21_ST00171" HPOS="1185" VPOS="1125" WIDTH="54" HEIGHT="39" CONTENT="de" WC="1.00" CC="00"/>
						<SP ID="P21_SP00154" HPOS="1239" VPOS="1178" WIDTH="31"/>
						<String ID="P21_ST00172" HPOS="1270" VPOS="1124" WIDTH="38" HEIGHT="54" CONTENT="J." WC="1.00" CC="00"/>
						<SP ID="P21_SP00155" HPOS="1308" VPOS="1178" WIDTH="31"/>
						<String ID="P21_ST00173" HPOS="1339" VPOS="1123" WIDTH="47" HEIGHT="42" CONTENT="S." WC="0.70" CC="05"/>
						<SP ID="P21_SP00156" HPOS="1386" VPOS="1178" WIDTH="39"/>
						<String ID="P21_ST00174" HPOS="1425" VPOS="1124" WIDTH="138" HEIGHT="48" CONTENT="Bach," WC="1.00" CC="00002"/>
						<SP ID="P21_SP00157" HPOS="1563" VPOS="1178" WIDTH="26"/>
						<String ID="P21_ST00175" HPOS="1589" VPOS="1138" WIDTH="114" HEIGHT="38" CONTENT="pour" WC="1.00" CC="0000"/>
						<SP ID="P21_SP00158" HPOS="1703" VPOS="1178" WIDTH="36"/>
						<String ID="P21_ST00176" HPOS="1739" VPOS="1124" WIDTH="265" HEIGHT="40" CONTENT="violoncelle" WC="1.00" CC="00050000660"/>
						<SP ID="P21_SP00159" HPOS="2004" VPOS="1178" WIDTH="21"/>
						<String ID="P21_ST00177" HPOS="2025" VPOS="1124" WIDTH="111" HEIGHT="47" CONTENT="seul," WC="0.98" CC="00464"/>
					</TextLine>
					<TextLine ID="P21_TL00018" HPOS="120" VPOS="1190" WIDTH="2020" HEIGHT="56">
						<String ID="P21_ST00178" HPOS="120" VPOS="1197" WIDTH="65" HEIGHT="32" CONTENT="est" WC="0.98" CC="005"/>
						<SP ID="P21_SP00160" HPOS="185" VPOS="1229" WIDTH="24"/>
						<String ID="P21_ST00179" HPOS="209" VPOS="1190" WIDTH="272" HEIGHT="52" CONTENT="interprétée" WC="1.00" CC="05400000000"/>
						<SP ID="P21_SP00161" HPOS="481" VPOS="1242" WIDTH="23"/>
						<String ID="P21_ST00180" HPOS="504" VPOS="1205" WIDTH="106" HEIGHT="27" CONTENT="avec" WC="1.00" CC="0000"/>
						<SP ID="P21_SP00162" HPOS="610" VPOS="1242" WIDTH="21"/>
						<String ID="P21_ST00181" HPOS="631" VPOS="1205" WIDTH="87" HEIGHT="27" CONTENT="une" WC="0.97" CC="600"/>
						<SP ID="P21_SP00163" HPOS="718" VPOS="1242" WIDTH="34"/>
						<String ID="P21_ST00182" HPOS="752" VPOS="1194" WIDTH="204" HEIGHT="51" CONTENT="ampleur" WC="0.99" CC="0003060"/>
						<SP ID="P21_SP00164" HPOS="956" VPOS="1245" WIDTH="24"/>
						<String ID="P21_ST00183" HPOS="980" VPOS="1192" WIDTH="281" HEIGHT="54" CONTENT="magnifique" WC="0.99" CC="0605387000"/>
						<SP ID="P21_SP00165" HPOS="1261" VPOS="1246" WIDTH="20"/>
						<String ID="P21_ST00184" HPOS="1281" VPOS="1206" WIDTH="8" HEIGHT="35" CONTENT=";" WC="0.16" CC="8"/>
						<SP ID="P21_SP00166" HPOS="1289" VPOS="1246" WIDTH="47"/>
						<String ID="P21_ST00185" HPOS="1336" VPOS="1202" WIDTH="65" HEIGHT="32" CONTENT="art" WC="1.00" CC="000"/>
						<SP ID="P21_SP00167" HPOS="1401" VPOS="1246" WIDTH="24"/>
						<String ID="P21_ST00186" HPOS="1425" VPOS="1195" WIDTH="275" HEIGHT="51" CONTENT="prestigieux" WC="1.00" CC="00005004000"/>
						<SP ID="P21_SP00168" HPOS="1700" VPOS="1246" WIDTH="24"/>
						<String ID="P21_ST00187" HPOS="1724" VPOS="1207" WIDTH="85" HEIGHT="38" CONTENT="que" WC="1.00" CC="000"/>
						<SP ID="P21_SP00169" HPOS="1809" VPOS="1246" WIDTH="23"/>
						<String ID="P21_ST00188" HPOS="1832" VPOS="1194" WIDTH="113" HEIGHT="40" CONTENT="celui" WC="0.99" CC="10404"/>
						<SP ID="P21_SP00170" HPOS="1945" VPOS="1246" WIDTH="21"/>
						<String ID="P21_ST00189" HPOS="1966" VPOS="1194" WIDTH="75" HEIGHT="51" CONTENT="qui" WC="0.98" CC="004"/>
						<SP ID="P21_SP00171" HPOS="2041" VPOS="1246" WIDTH="21"/>
						<String ID="P21_ST00190" HPOS="2062" VPOS="1192" WIDTH="78" HEIGHT="41" CONTENT="fait" WC="0.99" CC="0310"/>
					</TextLine>
					<TextLine ID="P21_TL00019" HPOS="121" VPOS="1259" WIDTH="2019" HEIGHT="55">
						<String ID="P21_ST00191" HPOS="121" VPOS="1260" WIDTH="136" HEIGHT="38" CONTENT="sortir" WC="1.00" CC="000030"/>
						<SP ID="P21_SP00172" HPOS="257" VPOS="1298" WIDTH="23"/>
						<String ID="P21_ST00192" HPOS="280" VPOS="1259" WIDTH="107" HEIGHT="40" CONTENT="d'un" WC="1.00" CC="0002"/>
						<SP ID="P21_SP00173" HPOS="387" VPOS="1299" WIDTH="34"/>
						<String ID="P21_ST00193" HPOS="421" VPOS="1261" WIDTH="271" HEIGHT="39" CONTENT="instrument" WC="0.99" CC="3004050005"/>
						<SP ID="P21_SP00174" HPOS="692" VPOS="1300" WIDTH="23"/>
						<String ID="P21_ST00194" HPOS="715" VPOS="1263" WIDTH="169" HEIGHT="50" CONTENT="unique" WC="0.99" CC="604040"/>
						<SP ID="P21_SP00175" HPOS="884" VPOS="1313" WIDTH="37"/>
						<String ID="P21_ST00195" HPOS="921" VPOS="1270" WIDTH="121" HEIGHT="31" CONTENT="toute" WC="1.00" CC="00000"/>
						<SP ID="P21_SP00176" HPOS="1042" VPOS="1313" WIDTH="23"/>
						<String ID="P21_ST00196" HPOS="1065" VPOS="1275" WIDTH="87" HEIGHT="26" CONTENT="une" WC="0.98" CC="040"/>
						<SP ID="P21_SP00177" HPOS="1152" VPOS="1313" WIDTH="22"/>
						<String ID="P21_ST00197" HPOS="1174" VPOS="1262" WIDTH="275" HEIGHT="52" CONTENT="polyphonie" WC="1.00" CC="0006000020"/>
						<SP ID="P21_SP00178" HPOS="1449" VPOS="1314" WIDTH="25"/>
						<String ID="P21_ST00198" HPOS="1474" VPOS="1265" WIDTH="5" HEIGHT="36" CONTENT="!" WC="0.47" CC="5"/>
						<SP ID="P21_SP00179" HPOS="1479" VPOS="1314" WIDTH="38"/>
						<String ID="P21_ST00199" HPOS="1517" VPOS="1260" WIDTH="62" HEIGHT="41" CONTENT="Le" WC="0.82" CC="30"/>
						<SP ID="P21_SP00180" HPOS="1579" VPOS="1314" WIDTH="38"/>
						<String ID="P21_ST00200" HPOS="1617" VPOS="1261" WIDTH="101" HEIGHT="40" CONTENT="Trio" WC="0.99" CC="0003" STYLEREFS="TXT_3"/>
						<SP ID="P21_SP00181" HPOS="1718" VPOS="1314" WIDTH="20"/>
						<String ID="P21_ST00201" HPOS="1738" VPOS="1262" WIDTH="54" HEIGHT="39" CONTENT="de" WC="1.00" CC="00"/>
						<SP ID="P21_SP00182" HPOS="1792" VPOS="1314" WIDTH="22"/>
						<String ID="P21_ST00202" HPOS="1814" VPOS="1261" WIDTH="84" HEIGHT="40" CONTENT="Ch." WC="0.98" CC="004"/>
						<SP ID="P21_SP00183" HPOS="1898" VPOS="1314" WIDTH="26"/>
						<String ID="P21_ST00203" HPOS="1924" VPOS="1261" WIDTH="216" HEIGHT="40" CONTENT="Planchet" WC="0.91" CC="03000003"/>
					</TextLine>
					<TextLine ID="P21_TL00020" HPOS="120" VPOS="1328" WIDTH="2019" HEIGHT="42">
						<String ID="P21_ST00204" HPOS="120" VPOS="1335" WIDTH="66" HEIGHT="31" CONTENT="est" WC="1.00" CC="000"/>
						<SP ID="P21_SP00184" HPOS="186" VPOS="1366" WIDTH="35"/>
						<String ID="P21_ST00205" HPOS="221" VPOS="1341" WIDTH="87" HEIGHT="26" CONTENT="une" WC="0.98" CC="040"/>
						<SP ID="P21_SP00185" HPOS="308" VPOS="1367" WIDTH="21"/>
						<String ID="P21_ST00206" HPOS="329" VPOS="1341" WIDTH="154" HEIGHT="27" CONTENT="œuvre" WC="0.99" CC="06000"/>
						<SP ID="P21_SP00186" HPOS="483" VPOS="1368" WIDTH="23"/>
						<String ID="P21_ST00207" HPOS="506" VPOS="1329" WIDTH="313" HEIGHT="40" CONTENT="intéressante." WC="1.00" CC="3540000004303"/>
						<SP ID="P21_SP00187" HPOS="819" VPOS="1369" WIDTH="27"/>
						<String ID="P21_ST00208" HPOS="846" VPOS="1328" WIDTH="112" HEIGHT="40" CONTENT="MM." WC="0.98" CC="004"/>
						<SP ID="P21_SP00188" HPOS="958" VPOS="1369" WIDTH="37"/>
						<String ID="P21_ST00209" HPOS="995" VPOS="1329" WIDTH="124" HEIGHT="40" CONTENT="Brun" WC="0.99" CC="0060"/>
						<SP ID="P21_SP00189" HPOS="1119" VPOS="1369" WIDTH="24"/>
						<String ID="P21_ST00210" HPOS="1143" VPOS="1339" WIDTH="40" HEIGHT="30" CONTENT="et" WC="0.69" CC="06"/>
						<SP ID="P21_SP00190" HPOS="1183" VPOS="1369" WIDTH="23"/>
						<String ID="P21_ST00211" HPOS="1206" VPOS="1330" WIDTH="200" HEIGHT="39" CONTENT="Bernard" WC="1.00" CC="0005000"/>
						<SP ID="P21_SP00191" HPOS="1406" VPOS="1369" WIDTH="21"/>
						<String ID="P21_ST00212" HPOS="1427" VPOS="1330" WIDTH="201" HEIGHT="39" CONTENT="donnent" WC="0.99" CC="0006045"/>
						<SP ID="P21_SP00192" HPOS="1628" VPOS="1369" WIDTH="19"/>
						<String ID="P21_ST00213" HPOS="1647" VPOS="1343" WIDTH="87" HEIGHT="27" CONTENT="une" WC="1.00" CC="000"/>
						<SP ID="P21_SP00193" HPOS="1734" VPOS="1370" WIDTH="23"/>
						<String ID="P21_ST00214" HPOS="1757" VPOS="1332" WIDTH="230" HEIGHT="38" CONTENT="exécution" WC="0.99" CC="000265406"/>
						<SP ID="P21_SP00194" HPOS="1987" VPOS="1370" WIDTH="24"/>
						<String ID="P21_ST00215" HPOS="2011" VPOS="1334" WIDTH="128" HEIGHT="35" CONTENT="émue" WC="0.99" CC="0050"/>
					</TextLine>
					<TextLine ID="P21_TL00021" HPOS="121" VPOS="1395" WIDTH="1033" HEIGHT="41">
						<String ID="P21_ST00216" HPOS="121" VPOS="1403" WIDTH="41" HEIGHT="31" CONTENT="et" WC="1.00" CC="00"/>
						<SP ID="P21_SP00195" HPOS="162" VPOS="1434" WIDTH="25"/>
						<String ID="P21_ST00217" HPOS="187" VPOS="1395" WIDTH="142" HEIGHT="40" CONTENT="solide" WC="0.99" CC="202400"/>
						<SP ID="P21_SP00196" HPOS="329" VPOS="1435" WIDTH="25"/>
						<String ID="P21_ST00218" HPOS="354" VPOS="1399" WIDTH="22" HEIGHT="35" CONTENT="à" WC="0.81" CC="1"/>
						<SP ID="P21_SP00197" HPOS="376" VPOS="1435" WIDTH="20"/>
						<String ID="P21_ST00219" HPOS="396" VPOS="1395" WIDTH="40" HEIGHT="40" CONTENT="la" WC="0.82" CC="30"/>
						<SP ID="P21_SP00198" HPOS="436" VPOS="1435" WIDTH="22"/>
						<String ID="P21_ST00220" HPOS="458" VPOS="1395" WIDTH="87" HEIGHT="40" CONTENT="fois" WC="1.00" CC="0000"/>
						<SP ID="P21_SP00199" HPOS="545" VPOS="1435" WIDTH="19"/>
						<String ID="P21_ST00221" HPOS="564" VPOS="1396" WIDTH="52" HEIGHT="39" CONTENT="de" WC="0.92" CC="01"/>
						<SP ID="P21_SP00200" HPOS="616" VPOS="1435" WIDTH="26"/>
						<String ID="P21_ST00222" HPOS="642" VPOS="1396" WIDTH="39" HEIGHT="39" CONTENT="la" WC="0.86" CC="20"/>
						<SP ID="P21_SP00201" HPOS="681" VPOS="1435" WIDTH="22"/>
						<String ID="P21_ST00223" HPOS="703" VPOS="1395" WIDTH="162" HEIGHT="40" CONTENT="Sonate" WC="0.99" CC="105700" STYLEREFS="TXT_3"/>
						<SP ID="P21_SP00202" HPOS="865" VPOS="1435" WIDTH="27"/>
						<String ID="P21_ST00224" HPOS="892" VPOS="1397" WIDTH="53" HEIGHT="39" CONTENT="de" WC="1.00" CC="00"/>
						<SP ID="P21_SP00203" HPOS="945" VPOS="1436" WIDTH="21"/>
						<String ID="P21_ST00225" HPOS="966" VPOS="1397" WIDTH="188" HEIGHT="39" CONTENT="Franck." WC="0.99" CC="4007014"/>
					</TextLine>
					<TextLine ID="P21_TL00022" HPOS="177" VPOS="1475" WIDTH="1962" HEIGHT="56">
						<String ID="P21_ST00226" HPOS="177" VPOS="1479" WIDTH="24" HEIGHT="36" CONTENT="6" WC="0.86" CC="1"/>
						<SP ID="P21_SP00204" HPOS="201" VPOS="1515" WIDTH="11"/>
						<String ID="P21_ST00227" HPOS="212" VPOS="1475" WIDTH="184" HEIGHT="54" CONTENT="février." WC="1.00" CC="03000006" STYLEREFS="TXT_3"/>
						<SP ID="P21_SP00205" HPOS="396" VPOS="1529" WIDTH="108"/>
						<String ID="P21_ST00228" HPOS="504" VPOS="1475" WIDTH="248" HEIGHT="42" CONTENT="Deuxième" WC="0.99" CC="54000700"/>
						<SP ID="P21_SP00206" HPOS="752" VPOS="1529" WIDTH="21"/>
						<String ID="P21_ST00229" HPOS="773" VPOS="1477" WIDTH="202" HEIGHT="40" CONTENT="audition" WC="0.99" CC="00036402"/>
						<SP ID="P21_SP00207" HPOS="975" VPOS="1529" WIDTH="24"/>
						<String ID="P21_ST00230" HPOS="999" VPOS="1477" WIDTH="54" HEIGHT="40" CONTENT="de" WC="1.00" CC="00"/>
						<SP ID="P21_SP00208" HPOS="1053" VPOS="1529" WIDTH="24"/>
						<String ID="P21_ST00231" HPOS="1077" VPOS="1475" WIDTH="165" HEIGHT="56" CONTENT="YOrfeo" WC="0.72" CC="840400" STYLEREFS="TXT_3"/>
						<SP ID="P21_SP00209" HPOS="1242" VPOS="1531" WIDTH="30"/>
						<String ID="P21_ST00232" HPOS="1272" VPOS="1477" WIDTH="53" HEIGHT="40" CONTENT="de" WC="1.00" CC="00"/>
						<SP ID="P21_SP00210" HPOS="1325" VPOS="1531" WIDTH="23"/>
						<String ID="P21_ST00233" HPOS="1348" VPOS="1476" WIDTH="299" HEIGHT="49" CONTENT="Monteverdi," WC="0.85" CC="00060000054"/>
						<SP ID="P21_SP00211" HPOS="1647" VPOS="1531" WIDTH="23"/>
						<String ID="P21_ST00234" HPOS="1670" VPOS="1482" WIDTH="181" HEIGHT="35" CONTENT="exécuté" WC="0.98" CC="0254438"/>
						<SP ID="P21_SP00212" HPOS="1851" VPOS="1531" WIDTH="19"/>
						<String ID="P21_ST00235" HPOS="1870" VPOS="1477" WIDTH="86" HEIGHT="39" CONTENT="àla" WC="0.93" CC="650"/>
						<SP ID="P21_SP00213" HPOS="1956" VPOS="1531" WIDTH="20"/>
						<String ID="P21_ST00236" HPOS="1976" VPOS="1475" WIDTH="163" HEIGHT="42" CONTENT="Schola" WC="0.92" CC="000040"/>
					</TextLine>
					<TextLine ID="P21_TL00023" HPOS="122" VPOS="1543" WIDTH="2020" HEIGHT="54">
						<String ID="P21_ST00237" HPOS="122" VPOS="1544" WIDTH="38" HEIGHT="39" CONTENT="le" WC="0.75" CC="50"/>
						<SP ID="P21_SP00214" HPOS="160" VPOS="1583" WIDTH="22"/>
						<String ID="P21_ST00238" HPOS="182" VPOS="1558" WIDTH="48" HEIGHT="36" CONTENT="27" WC="1.00" CC="00" STYLEREFS="TXT_0"/>
						<SP ID="P21_SP00215" HPOS="230" VPOS="1594" WIDTH="36"/>
						<String ID="P21_ST00239" HPOS="266" VPOS="1544" WIDTH="171" HEIGHT="51" CONTENT="janvier" WC="1.00" CC="0060000"/>
						<SP ID="P21_SP00216" HPOS="437" VPOS="1595" WIDTH="19"/>
						<String ID="P21_ST00240" HPOS="456" VPOS="1556" WIDTH="8" HEIGHT="38" CONTENT=";" WC="1.00" CC="0"/>
						<SP ID="P21_SP00217" HPOS="464" VPOS="1595" WIDTH="42"/>
						<String ID="P21_ST00241" HPOS="506" VPOS="1554" WIDTH="112" HEIGHT="31" CONTENT="cette" WC="1.00" CC="00000"/>
						<SP ID="P21_SP00218" HPOS="618" VPOS="1595" WIDTH="34"/>
						<String ID="P21_ST00242" HPOS="652" VPOS="1544" WIDTH="103" HEIGHT="49" CONTENT="fois," WC="0.99" CC="10301"/>
						<SP ID="P21_SP00219" HPOS="755" VPOS="1595" WIDTH="28"/>
						<String ID="P21_ST00243" HPOS="783" VPOS="1543" WIDTH="104" HEIGHT="42" CONTENT="c'est" WC="1.00" CC="02000"/>
						<SP ID="P21_SP00220" HPOS="887" VPOS="1595" WIDTH="37"/>
						<String ID="P21_ST00244" HPOS="924" VPOS="1545" WIDTH="62" HEIGHT="40" CONTENT="M." WC="1.00" CC="00"/>
						<SP ID="P21_SP00221" HPOS="986" VPOS="1595" WIDTH="33"/>
						<String ID="P21_ST00245" HPOS="1019" VPOS="1546" WIDTH="54" HEIGHT="39" CONTENT="de" WC="1.00" CC="00"/>
						<SP ID="P21_SP00222" HPOS="1073" VPOS="1595" WIDTH="19"/>
						<String ID="P21_ST00246" HPOS="1092" VPOS="1545" WIDTH="200" HEIGHT="40" CONTENT="Lacerda" WC="0.78" CC="3020009"/>
						<SP ID="P21_SP00223" HPOS="1292" VPOS="1595" WIDTH="26"/>
						<String ID="P21_ST00247" HPOS="1318" VPOS="1548" WIDTH="76" HEIGHT="49" CONTENT="qui" WC="0.96" CC="054"/>
						<SP ID="P21_SP00224" HPOS="1394" VPOS="1597" WIDTH="24"/>
						<String ID="P21_ST00248" HPOS="1418" VPOS="1546" WIDTH="144" HEIGHT="49" CONTENT="dirige" WC="1.00" CC="020300"/>
						<SP ID="P21_SP00225" HPOS="1562" VPOS="1597" WIDTH="33"/>
						<String ID="P21_ST00249" HPOS="1595" VPOS="1545" WIDTH="272" HEIGHT="40" CONTENT="l'orchestre." WC="1.00" CC="040016005003"/>
						<SP ID="P21_SP00226" HPOS="1867" VPOS="1597" WIDTH="26"/>
						<String ID="P21_ST00250" HPOS="1893" VPOS="1544" WIDTH="120" HEIGHT="41" CONTENT="C'est" WC="0.99" CC="04006"/>
						<SP ID="P21_SP00227" HPOS="2013" VPOS="1597" WIDTH="42"/>
						<String ID="P21_ST00251" HPOS="2055" VPOS="1558" WIDTH="87" HEIGHT="27" CONTENT="une" WC="0.99" CC="020"/>
					</TextLine>
					<TextLine ID="P21_TL00024" HPOS="122" VPOS="1612" WIDTH="2017" HEIGHT="54">
						<String ID="P21_ST00252" HPOS="122" VPOS="1612" WIDTH="173" HEIGHT="50" CONTENT="grande" WC="1.00" CC="005000"/>
						<SP ID="P21_SP00228" HPOS="295" VPOS="1662" WIDTH="20"/>
						<String ID="P21_ST00253" HPOS="315" VPOS="1613" WIDTH="87" HEIGHT="52" CONTENT="joie" WC="1.00" CC="0010"/>
						<SP ID="P21_SP00229" HPOS="402" VPOS="1665" WIDTH="23"/>
						<String ID="P21_ST00254" HPOS="425" VPOS="1627" WIDTH="116" HEIGHT="38" CONTENT="pour" WC="1.00" CC="0000"/>
						<SP ID="P21_SP00230" HPOS="541" VPOS="1665" WIDTH="22"/>
						<String ID="P21_ST00255" HPOS="563" VPOS="1627" WIDTH="115" HEIGHT="27" CONTENT="nous" WC="0.99" CC="1020"/>
						<SP ID="P21_SP00231" HPOS="678" VPOS="1665" WIDTH="33"/>
						<String ID="P21_ST00256" HPOS="711" VPOS="1615" WIDTH="53" HEIGHT="39" CONTENT="de" WC="1.00" CC="00"/>
						<SP ID="P21_SP00232" HPOS="764" VPOS="1665" WIDTH="25"/>
						<String ID="P21_ST00257" HPOS="789" VPOS="1623" WIDTH="230" HEIGHT="32" CONTENT="retrouver" WC="1.00" CC="036000000"/>
						<SP ID="P21_SP00233" HPOS="1019" VPOS="1665" WIDTH="32"/>
						<String ID="P21_ST00258" HPOS="1051" VPOS="1623" WIDTH="65" HEIGHT="31" CONTENT="cet" WC="1.00" CC="000"/>
						<SP ID="P21_SP00234" HPOS="1116" VPOS="1665" WIDTH="23"/>
						<String ID="P21_ST00259" HPOS="1139" VPOS="1614" WIDTH="216" HEIGHT="41" CONTENT="excellent" WC="1.00" CC="000030054"/>
						<SP ID="P21_SP00235" HPOS="1355" VPOS="1665" WIDTH="35"/>
						<String ID="P21_ST00260" HPOS="1390" VPOS="1613" WIDTH="113" HEIGHT="51" CONTENT="chef," WC="0.99" CC="00004"/>
						<SP ID="P21_SP00236" HPOS="1503" VPOS="1665" WIDTH="28"/>
						<String ID="P21_ST00261" HPOS="1531" VPOS="1627" WIDTH="87" HEIGHT="39" CONTENT="que" WC="0.97" CC="070"/>
						<SP ID="P21_SP00237" HPOS="1618" VPOS="1666" WIDTH="20"/>
						<String ID="P21_ST00262" HPOS="1638" VPOS="1627" WIDTH="115" HEIGHT="26" CONTENT="nous" WC="0.99" CC="7000"/>
						<SP ID="P21_SP00238" HPOS="1753" VPOS="1666" WIDTH="25"/>
						<String ID="P21_ST00263" HPOS="1778" VPOS="1615" WIDTH="157" HEIGHT="38" CONTENT="avions" WC="1.00" CC="000020"/>
						<SP ID="P21_SP00239" HPOS="1935" VPOS="1666" WIDTH="24"/>
						<String ID="P21_ST00264" HPOS="1959" VPOS="1614" WIDTH="96" HEIGHT="51" CONTENT="déjà" WC="0.99" CC="0006"/>
						<SP ID="P21_SP00240" HPOS="2055" VPOS="1666" WIDTH="26"/>
						<String ID="P21_ST00265" HPOS="2081" VPOS="1627" WIDTH="58" HEIGHT="38" CONTENT="pu" WC="1.00" CC="00"/>
					</TextLine>
					<TextLine ID="P21_TL00025" HPOS="126" VPOS="1681" WIDTH="2017" HEIGHT="54">
						<String ID="P21_ST00266" HPOS="126" VPOS="1682" WIDTH="231" HEIGHT="51" CONTENT="apprécier" WC="1.00" CC="600000300"/>
						<SP ID="P21_SP00241" HPOS="357" VPOS="1733" WIDTH="19"/>
						<String ID="P21_ST00267" HPOS="376" VPOS="1696" WIDTH="55" HEIGHT="26" CONTENT="au" WC="1.00" CC="00"/>
						<SP ID="P21_SP00242" HPOS="431" VPOS="1733" WIDTH="27"/>
						<String ID="P21_ST00268" HPOS="458" VPOS="1682" WIDTH="178" HEIGHT="40" CONTENT="dernier" WC="0.99" CC="0006100"/>
						<SP ID="P21_SP00243" HPOS="636" VPOS="1733" WIDTH="20"/>
						<String ID="P21_ST00269" HPOS="656" VPOS="1691" WIDTH="175" HEIGHT="31" CONTENT="concert" WC="1.00" CC="0000003"/>
						<SP ID="P21_SP00244" HPOS="831" VPOS="1733" WIDTH="17"/>
						<String ID="P21_ST00270" HPOS="848" VPOS="1683" WIDTH="53" HEIGHT="40" CONTENT="de" WC="1.00" CC="00"/>
						<SP ID="P21_SP00245" HPOS="901" VPOS="1733" WIDTH="23"/>
						<String ID="P21_ST00271" HPOS="924" VPOS="1681" WIDTH="62" HEIGHT="41" CONTENT="M." WC="0.83" CC="03"/>
						<SP ID="P21_SP00246" HPOS="986" VPOS="1733" WIDTH="23"/>
						<String ID="P21_ST00272" HPOS="1009" VPOS="1681" WIDTH="90" HEIGHT="41" CONTENT="Nin" WC="0.78" CC="104"/>
						<SP ID="P21_SP00247" HPOS="1099" VPOS="1733" WIDTH="25"/>
						<String ID="P21_ST00273" HPOS="1124" VPOS="1681" WIDTH="10" HEIGHT="54" CONTENT="(" WC="0.19" CC="8"/>
						<String ID="P21_ST00274" HPOS="1144" VPOS="1681" WIDTH="209" HEIGHT="41" CONTENT="Concerto" WC="0.99" CC="00660030" STYLEREFS="TXT_3"/>
						<SP ID="P21_SP00248" HPOS="1353" VPOS="1735" WIDTH="23"/>
						<String ID="P21_ST00275" HPOS="1376" VPOS="1682" WIDTH="54" HEIGHT="40" CONTENT="de" WC="1.00" CC="00"/>
						<SP ID="P21_SP00249" HPOS="1430" VPOS="1735" WIDTH="21"/>
						<String ID="P21_ST00276" HPOS="1451" VPOS="1681" WIDTH="156" HEIGHT="54" CONTENT="Bach)." WC="0.99" CC="000034"/>
						<SP ID="P21_SP00250" HPOS="1607" VPOS="1735" WIDTH="28"/>
						<String ID="P21_ST00277" HPOS="1635" VPOS="1681" WIDTH="127" HEIGHT="41" CONTENT="Cette" WC="1.00" CC="02000"/>
						<SP ID="P21_SP00251" HPOS="1762" VPOS="1735" WIDTH="19"/>
						<String ID="P21_ST00278" HPOS="1781" VPOS="1683" WIDTH="210" HEIGHT="51" CONTENT="musique" WC="0.99" CC="0002060"/>
						<SP ID="P21_SP00252" HPOS="1991" VPOS="1735" WIDTH="24"/>
						<String ID="P21_ST00279" HPOS="2015" VPOS="1682" WIDTH="128" HEIGHT="51" CONTENT="jeune" WC="0.99" CC="00040"/>
					</TextLine>
					<TextLine ID="P21_TL00026" HPOS="125" VPOS="1749" WIDTH="2017" HEIGHT="55">
						<String ID="P21_ST00280" HPOS="125" VPOS="1759" WIDTH="42" HEIGHT="31" CONTENT="et" WC="1.00" CC="00"/>
						<SP ID="P21_SP00253" HPOS="167" VPOS="1790" WIDTH="22"/>
						<String ID="P21_ST00281" HPOS="189" VPOS="1750" WIDTH="169" HEIGHT="40" CONTENT="fraîche" WC="1.00" CC="0004000"/>
						<SP ID="P21_SP00254" HPOS="358" VPOS="1790" WIDTH="23"/>
						<String ID="P21_ST00282" HPOS="381" VPOS="1765" WIDTH="21" HEIGHT="25" CONTENT="a" WC="1.00" CC="0"/>
						<SP ID="P21_SP00255" HPOS="402" VPOS="1790" WIDTH="26"/>
						<String ID="P21_ST00283" HPOS="428" VPOS="1755" WIDTH="68" HEIGHT="36" CONTENT="été" WC="1.00" CC="000"/>
						<SP ID="P21_SP00256" HPOS="496" VPOS="1791" WIDTH="32"/>
						<String ID="P21_ST00284" HPOS="528" VPOS="1752" WIDTH="128" HEIGHT="51" CONTENT="jouée" WC="1.00" CC="10000"/>
						<SP ID="P21_SP00257" HPOS="656" VPOS="1803" WIDTH="37"/>
						<String ID="P21_ST00285" HPOS="693" VPOS="1764" WIDTH="105" HEIGHT="27" CONTENT="avec" WC="0.99" CC="0003"/>
						<SP ID="P21_SP00258" HPOS="798" VPOS="1803" WIDTH="21"/>
						<String ID="P21_ST00286" HPOS="819" VPOS="1752" WIDTH="206" HEIGHT="52" CONTENT="jeunesse" WC="0.99" CC="05060000"/>
						<SP ID="P21_SP00259" HPOS="1025" VPOS="1804" WIDTH="24"/>
						<String ID="P21_ST00287" HPOS="1049" VPOS="1760" WIDTH="40" HEIGHT="31" CONTENT="et" WC="0.70" CC="05"/>
						<SP ID="P21_SP00260" HPOS="1089" VPOS="1804" WIDTH="42"/>
						<String ID="P21_ST00288" HPOS="1131" VPOS="1750" WIDTH="246" HEIGHT="49" CONTENT="fraîcheur;" WC="1.00" CC="0000000709"/>
						<SP ID="P21_SP00261" HPOS="1377" VPOS="1804" WIDTH="27"/>
						<String ID="P21_ST00289" HPOS="1404" VPOS="1760" WIDTH="56" HEIGHT="41" CONTENT="et," WC="0.99" CC="003"/>
						<SP ID="P21_SP00262" HPOS="1460" VPOS="1804" WIDTH="27"/>
						<String ID="P21_ST00290" HPOS="1487" VPOS="1764" WIDTH="54" HEIGHT="27" CONTENT="en" WC="0.73" CC="05"/>
						<SP ID="P21_SP00263" HPOS="1541" VPOS="1804" WIDTH="23"/>
						<String ID="P21_ST00291" HPOS="1564" VPOS="1754" WIDTH="146" HEIGHT="36" CONTENT="même" WC="0.99" CC="0300"/>
						<SP ID="P21_SP00264" HPOS="1710" VPOS="1804" WIDTH="18"/>
						<String ID="P21_ST00292" HPOS="1728" VPOS="1759" WIDTH="161" HEIGHT="43" CONTENT="temps," WC="0.99" CC="300004"/>
						<SP ID="P21_SP00265" HPOS="1889" VPOS="1804" WIDTH="20"/>
						<String ID="P21_ST00293" HPOS="1909" VPOS="1749" WIDTH="233" HEIGHT="53" CONTENT="beaucoup" WC="1.00" CC="00060000"/>
					</TextLine>
					<TextLine ID="P21_TL00027" HPOS="126" VPOS="1817" WIDTH="2019" HEIGHT="55">
						<String ID="P21_ST00294" HPOS="126" VPOS="1818" WIDTH="200" HEIGHT="41" CONTENT="d'accent" WC="0.99" CC="01700076"/>
						<SP ID="P21_SP00266" HPOS="326" VPOS="1859" WIDTH="35"/>
						<String ID="P21_ST00295" HPOS="361" VPOS="1828" WIDTH="41" HEIGHT="32" CONTENT="et" WC="1.00" CC="00"/>
						<SP ID="P21_SP00267" HPOS="402" VPOS="1860" WIDTH="23"/>
						<String ID="P21_ST00296" HPOS="425" VPOS="1820" WIDTH="53" HEIGHT="39" CONTENT="cle" WC="1.00" CC="000"/>
						<SP ID="P21_SP00268" HPOS="478" VPOS="1860" WIDTH="30"/>
						<String ID="P21_ST00297" HPOS="508" VPOS="1822" WIDTH="240" HEIGHT="50" CONTENT="précision." WC="0.99" CC="0076000083"/>
						<SP ID="P21_SP00269" HPOS="748" VPOS="1872" WIDTH="39"/>
						<String ID="P21_ST00298" HPOS="787" VPOS="1819" WIDTH="88" HEIGHT="41" CONTENT="Les" WC="0.99" CC="300"/>
						<SP ID="P21_SP00270" HPOS="875" VPOS="1872" WIDTH="30"/>
						<String ID="P21_ST00299" HPOS="905" VPOS="1822" WIDTH="159" HEIGHT="50" CONTENT="petites" WC="1.00" CC="0001500"/>
						<SP ID="P21_SP00271" HPOS="1064" VPOS="1872" WIDTH="23"/>
						<String ID="P21_ST00300" HPOS="1087" VPOS="1820" WIDTH="130" HEIGHT="40" CONTENT="flûtes" WC="0.99" CC="313500"/>
						<SP ID="P21_SP00272" HPOS="1217" VPOS="1872" WIDTH="25"/>
						<String ID="P21_ST00301" HPOS="1242" VPOS="1829" WIDTH="76" HEIGHT="31" CONTENT="ont" WC="1.00" CC="000"/>
						<SP ID="P21_SP00273" HPOS="1318" VPOS="1872" WIDTH="23"/>
						<String ID="P21_ST00302" HPOS="1341" VPOS="1821" WIDTH="148" HEIGHT="39" CONTENT="mieux" WC="0.99" CC="01040"/>
						<SP ID="P21_SP00274" HPOS="1489" VPOS="1872" WIDTH="24"/>
						<String ID="P21_ST00303" HPOS="1513" VPOS="1822" WIDTH="143" HEIGHT="38" CONTENT="réussi" WC="1.00" CC="000003"/>
						<SP ID="P21_SP00275" HPOS="1656" VPOS="1872" WIDTH="18"/>
						<String ID="P21_ST00304" HPOS="1674" VPOS="1818" WIDTH="101" HEIGHT="54" CONTENT="qu'à" WC="0.99" CC="0002"/>
						<SP ID="P21_SP00276" HPOS="1775" VPOS="1872" WIDTH="19"/>
						<String ID="P21_ST00305" HPOS="1794" VPOS="1819" WIDTH="38" HEIGHT="39" CONTENT="la" WC="0.78" CC="40"/>
						<SP ID="P21_SP00277" HPOS="1832" VPOS="1872" WIDTH="28"/>
						<String ID="P21_ST00306" HPOS="1860" VPOS="1817" WIDTH="165" HEIGHT="42" CONTENT="Schola" WC="0.82" CC="005050"/>
						<SP ID="P21_SP00278" HPOS="2025" VPOS="1872" WIDTH="25"/>
						<String ID="P21_ST00307" HPOS="2050" VPOS="1818" WIDTH="95" HEIGHT="40" CONTENT="leur" WC="1.00" CC="1000"/>
					</TextLine>
					<TextLine ID="P21_TL00028" HPOS="126" VPOS="1886" WIDTH="2018" HEIGHT="52">
						<String ID="P21_ST00308" HPOS="126" VPOS="1886" WIDTH="182" HEIGHT="42" CONTENT="difficile" WC="0.99" CC="030114600"/>
						<SP ID="P21_SP00279" HPOS="308" VPOS="1928" WIDTH="25"/>
						<String ID="P21_ST00309" HPOS="333" VPOS="1893" WIDTH="151" HEIGHT="35" CONTENT="entrée" WC="1.00" CC="050000"/>
						<SP ID="P21_SP00280" HPOS="484" VPOS="1928" WIDTH="38"/>
						<String ID="P21_ST00310" HPOS="522" VPOS="1889" WIDTH="58" HEIGHT="40" CONTENT="du" WC="1.00" CC="00"/>
						<SP ID="P21_SP00281" HPOS="580" VPOS="1929" WIDTH="41"/>
						<String ID="P21_ST00311" HPOS="621" VPOS="1888" WIDTH="33" HEIGHT="40" CONTENT="II" WC="0.66" CC="33"/>
						<String ID="P21_ST00312" HPOS="660" VPOS="1894" WIDTH="15" HEIGHT="16" CONTENT="e" STYLE="superscript" WC="1.00" CC="0"/>
						<SP ID="P21_SP00282" HPOS="675" VPOS="1929" WIDTH="39"/>
						<String ID="P21_ST00313" HPOS="714" VPOS="1897" WIDTH="95" HEIGHT="32" CONTENT="acte" WC="0.99" CC="0060"/>
						<SP ID="P21_SP00283" HPOS="809" VPOS="1929" WIDTH="19"/>
						<String ID="P21_ST00314" HPOS="828" VPOS="1901" WIDTH="9" HEIGHT="37" CONTENT=";" WC="0.92" CC="0"/>
						<SP ID="P21_SP00284" HPOS="837" VPOS="1938" WIDTH="39"/>
						<String ID="P21_ST00315" HPOS="876" VPOS="1897" WIDTH="41" HEIGHT="32" CONTENT="et" WC="0.69" CC="06"/>
						<SP ID="P21_SP00285" HPOS="917" VPOS="1938" WIDTH="24"/>
						<String ID="P21_ST00316" HPOS="941" VPOS="1887" WIDTH="337" HEIGHT="42" CONTENT="l'introduction" WC="1.00" CC="30050000005006"/>
						<SP ID="P21_SP00286" HPOS="1278" VPOS="1938" WIDTH="25"/>
						<String ID="P21_ST00317" HPOS="1303" VPOS="1889" WIDTH="57" HEIGHT="39" CONTENT="du" WC="1.00" CC="00"/>
						<SP ID="P21_SP00287" HPOS="1360" VPOS="1938" WIDTH="41"/>
						<String ID="P21_ST00318" HPOS="1401" VPOS="1888" WIDTH="58" HEIGHT="41" CONTENT="IV" WC="0.51" CC="36"/>
						<String ID="P21_ST00319" HPOS="1463" VPOS="1896" WIDTH="14" HEIGHT="19" CONTENT="e" STYLE="superscript" WC="0.63" CC="3"/>
						<SP ID="P21_SP00288" HPOS="1477" VPOS="1938" WIDTH="24"/>
						<String ID="P21_ST00320" HPOS="1501" VPOS="1896" WIDTH="109" HEIGHT="42" CONTENT="acte," WC="0.99" CC="00404"/>
						<SP ID="P21_SP00289" HPOS="1610" VPOS="1938" WIDTH="35"/>
						<String ID="P21_ST00321" HPOS="1645" VPOS="1902" WIDTH="105" HEIGHT="26" CONTENT="avec" WC="1.00" CC="0000"/>
						<SP ID="P21_SP00290" HPOS="1750" VPOS="1938" WIDTH="24"/>
						<String ID="P21_ST00322" HPOS="1774" VPOS="1901" WIDTH="69" HEIGHT="27" CONTENT="ses" WC="1.00" CC="000"/>
						<SP ID="P21_SP00291" HPOS="1843" VPOS="1938" WIDTH="41"/>
						<String ID="P21_ST00323" HPOS="1884" VPOS="1886" WIDTH="260" HEIGHT="42" CONTENT="trombones" WC="1.00" CC="500000701"/>
					</TextLine>
					<TextLine ID="P21_TL00029" HPOS="127" VPOS="1956" WIDTH="2015" HEIGHT="54">
						<String ID="P21_ST00324" HPOS="127" VPOS="1957" WIDTH="219" HEIGHT="47" CONTENT="sinistres," WC="0.99" CC="0351350004"/>
						<SP ID="P21_SP00292" HPOS="346" VPOS="2004" WIDTH="25"/>
						<String ID="P21_ST00325" HPOS="371" VPOS="1959" WIDTH="76" HEIGHT="50" CONTENT="qui" WC="0.99" CC="002"/>
						<SP ID="P21_SP00293" HPOS="447" VPOS="2009" WIDTH="24"/>
						<String ID="P21_ST00326" HPOS="471" VPOS="1957" WIDTH="94" HEIGHT="40" CONTENT="font" WC="0.99" CC="0021"/>
						<SP ID="P21_SP00294" HPOS="565" VPOS="2009" WIDTH="22"/>
						<String ID="P21_ST00327" HPOS="587" VPOS="1957" WIDTH="97" HEIGHT="53" CONTENT="déjà" WC="1.00" CC="0000"/>
						<SP ID="P21_SP00295" HPOS="684" VPOS="2010" WIDTH="24"/>
						<String ID="P21_ST00328" HPOS="708" VPOS="1971" WIDTH="165" HEIGHT="37" CONTENT="songer" WC="1.00" CC="000000"/>
						<SP ID="P21_SP00296" HPOS="873" VPOS="2010" WIDTH="21"/>
						<String ID="P21_ST00329" HPOS="894" VPOS="1972" WIDTH="54" HEIGHT="25" CONTENT="au" WC="0.68" CC="06"/>
						<SP ID="P21_SP00297" HPOS="948" VPOS="2010" WIDTH="19"/>
						<String ID="P21_ST00330" HPOS="967" VPOS="1957" WIDTH="134" HEIGHT="40" CONTENT="Faust" WC="0.97" CC="06453" STYLEREFS="TXT_3"/>
						<SP ID="P21_SP00298" HPOS="1101" VPOS="2010" WIDTH="21"/>
						<String ID="P21_ST00331" HPOS="1122" VPOS="1958" WIDTH="54" HEIGHT="39" CONTENT="de" WC="1.00" CC="00"/>
						<SP ID="P21_SP00299" HPOS="1176" VPOS="2010" WIDTH="18"/>
						<String ID="P21_ST00332" HPOS="1194" VPOS="1956" WIDTH="281" HEIGHT="52" CONTENT="Schumann," WC="0.81" CC="000000664"/>
						<SP ID="P21_SP00300" HPOS="1475" VPOS="2010" WIDTH="25"/>
						<String ID="P21_ST00333" HPOS="1500" VPOS="1971" WIDTH="20" HEIGHT="26" CONTENT="a" WC="0.94" CC="0"/>
						<SP ID="P21_SP00301" HPOS="1520" VPOS="2010" WIDTH="20"/>
						<String ID="P21_ST00334" HPOS="1540" VPOS="1962" WIDTH="68" HEIGHT="35" CONTENT="été" WC="0.95" CC="750"/>
						<SP ID="P21_SP00302" HPOS="1608" VPOS="2010" WIDTH="15"/>
						<String ID="P21_ST00335" HPOS="1623" VPOS="1958" WIDTH="223" HEIGHT="39" CONTENT="vraiment" WC="0.99" CC="00040057"/>
						<SP ID="P21_SP00303" HPOS="1846" VPOS="2010" WIDTH="17"/>
						<String ID="P21_ST00336" HPOS="1863" VPOS="1957" WIDTH="279" HEIGHT="40" CONTENT="saisissante." WC="1.00" CC="003230150400"/>
					</TextLine>
					<TextLine ID="P21_TL00030" HPOS="123" VPOS="2023" WIDTH="2019" HEIGHT="55">
						<String ID="P21_ST00337" HPOS="123" VPOS="2023" WIDTH="75" HEIGHT="42" CONTENT="On" WC="0.30" CC="85"/>
						<SP ID="P21_SP00304" HPOS="198" VPOS="2065" WIDTH="35"/>
						<String ID="P21_ST00338" HPOS="233" VPOS="2034" WIDTH="104" HEIGHT="43" CONTENT="peut" WC="0.99" CC="0004"/>
						<SP ID="P21_SP00305" HPOS="337" VPOS="2077" WIDTH="36"/>
						<String ID="P21_ST00339" HPOS="373" VPOS="2026" WIDTH="95" HEIGHT="39" CONTENT="dire" WC="1.00" CC="0200"/>
						<SP ID="P21_SP00306" HPOS="468" VPOS="2077" WIDTH="21"/>
						<String ID="P21_ST00340" HPOS="489" VPOS="2039" WIDTH="85" HEIGHT="38" CONTENT="que" WC="1.00" CC="000"/>
						<SP ID="P21_SP00307" HPOS="574" VPOS="2077" WIDTH="23"/>
						<String ID="P21_ST00341" HPOS="597" VPOS="2023" WIDTH="374" HEIGHT="55" CONTENT="l'interprétation" WC="1.00" CC="0036000000400365"/>
						<SP ID="P21_SP00308" HPOS="971" VPOS="2078" WIDTH="26"/>
						<String ID="P21_ST00342" HPOS="997" VPOS="2041" WIDTH="22" HEIGHT="25" CONTENT="a" WC="1.00" CC="0"/>
						<SP ID="P21_SP00309" HPOS="1019" VPOS="2078" WIDTH="38"/>
						<String ID="P21_ST00343" HPOS="1057" VPOS="2030" WIDTH="70" HEIGHT="37" CONTENT="été" WC="0.98" CC="060"/>
						<SP ID="P21_SP00310" HPOS="1127" VPOS="2078" WIDTH="23"/>
						<String ID="P21_ST00344" HPOS="1150" VPOS="2026" WIDTH="136" HEIGHT="51" CONTENT="digne" WC="0.99" CC="03050"/>
						<SP ID="P21_SP00311" HPOS="1286" VPOS="2078" WIDTH="33"/>
						<String ID="P21_ST00345" HPOS="1319" VPOS="2027" WIDTH="53" HEIGHT="39" CONTENT="de" WC="1.00" CC="00"/>
						<SP ID="P21_SP00312" HPOS="1372" VPOS="2078" WIDTH="22"/>
						<String ID="P21_ST00346" HPOS="1394" VPOS="2024" WIDTH="201" HEIGHT="52" CONTENT="l'œuvre," WC="0.99" CC="20006003"/>
						<SP ID="P21_SP00313" HPOS="1595" VPOS="2078" WIDTH="44"/>
						<String ID="P21_ST00347" HPOS="1639" VPOS="2025" WIDTH="195" HEIGHT="52" CONTENT="laquelle" WC="1.00" CC="30000050"/>
						<SP ID="P21_SP00314" HPOS="1834" VPOS="2078" WIDTH="20"/>
						<String ID="P21_ST00348" HPOS="1854" VPOS="2034" WIDTH="65" HEIGHT="31" CONTENT="est" WC="0.97" CC="035"/>
						<SP ID="P21_SP00315" HPOS="1919" VPOS="2078" WIDTH="20"/>
						<String ID="P21_ST00349" HPOS="1939" VPOS="2039" WIDTH="60" HEIGHT="26" CONTENT="un" WC="0.64" CC="07"/>
						<SP ID="P21_SP00316" HPOS="1999" VPOS="2078" WIDTH="23"/>
						<String ID="P21_ST00350" HPOS="2022" VPOS="2023" WIDTH="120" HEIGHT="41" CONTENT="chef-" WC="0.99" CC="00004"/>
					</TextLine>
				</TextBlock>
				<TextBlock ID="P21_TB00009" HPOS="124" VPOS="2091" WIDTH="380" HEIGHT="57" STYLEREFS="TXT_2 PAR_LEFT">
					<TextLine ID="P21_TL00031" HPOS="125" VPOS="2092" WIDTH="296" HEIGHT="54">
						<String ID="P21_ST00351" HPOS="125" VPOS="2092" WIDTH="200" HEIGHT="42" CONTENT="d'œuvre" WC="1.00" CC="0400000"/>
						<SP ID="P21_SP00317" HPOS="325" VPOS="2134" WIDTH="21"/>
						<String ID="P21_ST00352" HPOS="346" VPOS="2092" WIDTH="75" HEIGHT="54" CONTENT="(1)." WC="0.86" CC="0050"/>
						<SP ID="P21_SP00318" HPOS="421" VPOS="2146" WIDTH="0"/>
					</TextLine>
				</TextBlock>
				<TextBlock ID="P21_TB00010" HPOS="516" VPOS="2091" WIDTH="169" HEIGHT="54" STYLEREFS="TXT_6 PAR_LEFT">
					<TextLine ID="P21_TL00032" HPOS="518" VPOS="2093" WIDTH="146" HEIGHT="42">
						<String ID="P21_ST00353" HPOS="518" VPOS="2093" WIDTH="52" HEIGHT="42" CONTENT="A." WC="0.94" CC="01"/>
						<SP ID="P21_SP00319" HPOS="570" VPOS="2135" WIDTH="27"/>
						<String ID="P21_ST00354" HPOS="597" VPOS="2093" WIDTH="67" HEIGHT="42" CONTENT="M." WC="1.00" CC="00"/>
					</TextLine>
				</TextBlock>
				<TextBlock ID="P21_TB00011" HPOS="124" VPOS="2155" WIDTH="2027" HEIGHT="1153" STYLEREFS="TXT_2 PAR_BLOCK">
					<TextLine ID="P21_TL00033" HPOS="185" VPOS="2185" WIDTH="1961" HEIGHT="54">
						<String ID="P21_ST00355" HPOS="185" VPOS="2185" WIDTH="144" HEIGHT="42" CONTENT="SALLE" WC="1.00" CC="00100" STYLEREFS="TXT_0"/>
						<SP ID="P21_SP00320" HPOS="329" VPOS="2227" WIDTH="21"/>
						<String ID="P21_ST00356" HPOS="350" VPOS="2201" WIDTH="82" HEIGHT="26" CONTENT="DES" WC="0.99" CC="100" STYLEREFS="TXT_0"/>
						<SP ID="P21_SP00321" HPOS="432" VPOS="2227" WIDTH="19"/>
						<String ID="P21_ST00357" HPOS="451" VPOS="2185" WIDTH="342" HEIGHT="54" CONTENT="AGRICULTEURS." WC="1.00" CC="0020331202602" STYLEREFS="TXT_0"/>
						<SP ID="P21_SP00322" HPOS="793" VPOS="2239" WIDTH="-451"/>
						<String ID="P21_ST00358" HPOS="342" VPOS="2185" WIDTH="48" HEIGHT="54" CONTENT="4" WC="1.00" CC="0" STYLEREFS="TXT_0"/>
						<SP ID="P21_SP00323" HPOS="793" VPOS="2239" WIDTH="-402"/>
						<String ID="P21_ST00359" HPOS="391" VPOS="2185" WIDTH="743" HEIGHT="54" CONTENT="février." WC="0.99" CC="24000004" STYLEREFS="TXT_3"/>
						<SP ID="P21_SP00324" HPOS="1134" VPOS="2239" WIDTH="105"/>
						<String ID="P21_ST00360" HPOS="1239" VPOS="2187" WIDTH="171" HEIGHT="42" CONTENT="Récital" WC="1.00" CC="3001000"/>
						<SP ID="P21_SP00325" HPOS="1410" VPOS="2239" WIDTH="25"/>
						<String ID="P21_ST00361" HPOS="1435" VPOS="2188" WIDTH="52" HEIGHT="39" CONTENT="de" WC="1.00" CC="00"/>
						<SP ID="P21_SP00326" HPOS="1487" VPOS="2239" WIDTH="20"/>
						<String ID="P21_ST00362" HPOS="1507" VPOS="2187" WIDTH="63" HEIGHT="40" CONTENT="M." WC="0.79" CC="04"/>
						<SP ID="P21_SP00327" HPOS="1570" VPOS="2239" WIDTH="24"/>
						<String ID="P21_ST00363" HPOS="1594" VPOS="2185" WIDTH="298" HEIGHT="54" CONTENT="Sapellnikof." WC="0.87" CC="000032102004"/>
						<SP ID="P21_SP00328" HPOS="1892" VPOS="2239" WIDTH="23"/>
						<String ID="P21_ST00364" HPOS="1915" VPOS="2185" WIDTH="87" HEIGHT="42" CONTENT="Les" WC="1.00" CC="000"/>
						<SP ID="P21_SP00329" HPOS="2002" VPOS="2239" WIDTH="25"/>
						<String ID="P21_ST00365" HPOS="2027" VPOS="2199" WIDTH="90" HEIGHT="27" CONTENT="mor" SUBS_TYPE="HypPart1" SUBS_CONTENT="morceaux" WC="0.99" CC="000"/>
						<HYP HPOS="2117" VPOS="2199" WIDTH="29" CONTENT="-"/>
					</TextLine>
					<TextLine ID="P21_TL00034" HPOS="127" VPOS="2253" WIDTH="2020" HEIGHT="56">
						<String ID="P21_ST00366" HPOS="127" VPOS="2269" WIDTH="137" HEIGHT="27" CONTENT="ceaux" SUBS_TYPE="HypPart2" SUBS_CONTENT="morceaux" WC="1.00" CC="00000"/>
						<SP ID="P21_SP00330" HPOS="264" VPOS="2296" WIDTH="21"/>
						<String ID="P21_ST00367" HPOS="285" VPOS="2257" WIDTH="63" HEIGHT="40" CONTENT="les" WC="0.98" CC="500"/>
						<SP ID="P21_SP00331" HPOS="348" VPOS="2297" WIDTH="18"/>
						<String ID="P21_ST00368" HPOS="366" VPOS="2256" WIDTH="100" HEIGHT="53" CONTENT="plus" WC="0.99" CC="0300"/>
						<SP ID="P21_SP00332" HPOS="466" VPOS="2309" WIDTH="22"/>
						<String ID="P21_ST00369" HPOS="488" VPOS="2258" WIDTH="295" HEIGHT="39" CONTENT="intéressants" WC="1.00" CC="155000000450"/>
						<SP ID="P21_SP00333" HPOS="783" VPOS="2309" WIDTH="21"/>
						<String ID="P21_ST00370" HPOS="804" VPOS="2265" WIDTH="77" HEIGHT="32" CONTENT="ont" WC="0.98" CC="005"/>
						<SP ID="P21_SP00334" HPOS="881" VPOS="2309" WIDTH="24"/>
						<String ID="P21_ST00371" HPOS="905" VPOS="2260" WIDTH="67" HEIGHT="36" CONTENT="été" WC="0.98" CC="050"/>
						<SP ID="P21_SP00335" HPOS="972" VPOS="2309" WIDTH="23"/>
						<String ID="P21_ST00372" HPOS="995" VPOS="2257" WIDTH="40" HEIGHT="39" CONTENT="le" WC="1.00" CC="00"/>
						<SP ID="P21_SP00336" HPOS="1035" VPOS="2309" WIDTH="30"/>
						<String ID="P21_ST00373" HPOS="1065" VPOS="2256" WIDTH="189" HEIGHT="40" CONTENT="Prélude" WC="1.00" CC="0040000" STYLEREFS="TXT_3"/>
						<SP ID="P21_SP00337" HPOS="1254" VPOS="2309" WIDTH="35"/>
						<String ID="P21_ST00374" HPOS="1289" VPOS="2257" WIDTH="54" HEIGHT="39" CONTENT="de" WC="1.00" CC="00"/>
						<SP ID="P21_SP00338" HPOS="1343" VPOS="2309" WIDTH="24"/>
						<String ID="P21_ST00375" HPOS="1367" VPOS="2255" WIDTH="345" HEIGHT="42" CONTENT="Rakhmaninof" WC="0.99" CC="00000000000"/>
						<SP ID="P21_SP00339" HPOS="1712" VPOS="2309" WIDTH="27"/>
						<String ID="P21_ST00376" HPOS="1739" VPOS="2264" WIDTH="41" HEIGHT="32" CONTENT="et" WC="0.69" CC="06"/>
						<SP ID="P21_SP00340" HPOS="1780" VPOS="2309" WIDTH="35"/>
						<String ID="P21_ST00377" HPOS="1815" VPOS="2253" WIDTH="26" HEIGHT="42" CONTENT="Y" WC="1.00" CC="0" STYLEREFS="TXT_3"/>
						<SP ID="P21_SP00341" HPOS="1841" VPOS="2309" WIDTH="7"/>
						<String ID="P21_ST00378" HPOS="1848" VPOS="2253" WIDTH="299" HEIGHT="56" CONTENT="Humoresque" WC="0.84" CC="0410005040" STYLEREFS="TXT_3"/>
					</TextLine>
					<TextLine ID="P21_TL00035" HPOS="128" VPOS="2323" WIDTH="2018" HEIGHT="55">
						<String ID="P21_ST00379" HPOS="128" VPOS="2324" WIDTH="54" HEIGHT="40" CONTENT="de" WC="1.00" CC="00"/>
						<SP ID="P21_SP00342" HPOS="182" VPOS="2364" WIDTH="20"/>
						<String ID="P21_ST00380" HPOS="202" VPOS="2324" WIDTH="335" HEIGHT="54" CONTENT="Tchaïkovsky." WC="0.83" CC="050000000364"/>
						<SP ID="P21_SP00343" HPOS="537" VPOS="2378" WIDTH="23"/>
						<String ID="P21_ST00381" HPOS="560" VPOS="2324" WIDTH="118" HEIGHT="41" CONTENT="Mais" WC="1.00" CC="0020"/>
						<SP ID="P21_SP00344" HPOS="678" VPOS="2378" WIDTH="23"/>
						<String ID="P21_ST00382" HPOS="701" VPOS="2338" WIDTH="85" HEIGHT="39" CONTENT="que" WC="1.00" CC="000"/>
						<SP ID="P21_SP00345" HPOS="786" VPOS="2378" WIDTH="24"/>
						<String ID="P21_ST00383" HPOS="810" VPOS="2325" WIDTH="39" HEIGHT="39" CONTENT="le" WC="0.66" CC="60"/>
						<SP ID="P21_SP00346" HPOS="849" VPOS="2378" WIDTH="23"/>
						<String ID="P21_ST00384" HPOS="872" VPOS="2326" WIDTH="71" HEIGHT="52" CONTENT="jeu" WC="1.00" CC="000"/>
						<SP ID="P21_SP00347" HPOS="943" VPOS="2378" WIDTH="23"/>
						<String ID="P21_ST00385" HPOS="966" VPOS="2325" WIDTH="54" HEIGHT="39" CONTENT="de" WC="1.00" CC="00"/>
						<SP ID="P21_SP00348" HPOS="1020" VPOS="2378" WIDTH="20"/>
						<String ID="P21_ST00386" HPOS="1040" VPOS="2324" WIDTH="62" HEIGHT="40" CONTENT="M." WC="1.00" CC="00"/>
						<SP ID="P21_SP00349" HPOS="1102" VPOS="2378" WIDTH="29"/>
						<String ID="P21_ST00387" HPOS="1131" VPOS="2323" WIDTH="290" HEIGHT="54" CONTENT="Sapellnikof" WC="0.83" CC="00001464100"/>
						<SP ID="P21_SP00350" HPOS="1421" VPOS="2378" WIDTH="18"/>
						<String ID="P21_ST00388" HPOS="1439" VPOS="2333" WIDTH="66" HEIGHT="31" CONTENT="est" WC="0.98" CC="005"/>
						<SP ID="P21_SP00351" HPOS="1505" VPOS="2378" WIDTH="19"/>
						<String ID="P21_ST00389" HPOS="1524" VPOS="2324" WIDTH="115" HEIGHT="40" CONTENT="donc" WC="0.99" CC="0040"/>
						<SP ID="P21_SP00352" HPOS="1639" VPOS="2378" WIDTH="24"/>
						<String ID="P21_ST00390" HPOS="1663" VPOS="2324" WIDTH="113" HEIGHT="40" CONTENT="froid" WC="1.00" CC="00020"/>
						<SP ID="P21_SP00353" HPOS="1776" VPOS="2378" WIDTH="26"/>
						<String ID="P21_ST00391" HPOS="1802" VPOS="2324" WIDTH="7" HEIGHT="39" CONTENT="!" WC="0.73" CC="2"/>
						<SP ID="P21_SP00354" HPOS="1809" VPOS="2378" WIDTH="31"/>
						<String ID="P21_ST00392" HPOS="1840" VPOS="2323" WIDTH="63" HEIGHT="41" CONTENT="Ce" WC="0.56" CC="53"/>
						<SP ID="P21_SP00355" HPOS="1903" VPOS="2378" WIDTH="18"/>
						<String ID="P21_ST00393" HPOS="1921" VPOS="2323" WIDTH="112" HEIGHT="41" CONTENT="n'est" WC="0.99" CC="10002"/>
						<SP ID="P21_SP00356" HPOS="2033" VPOS="2378" WIDTH="34"/>
						<String ID="P21_ST00394" HPOS="2067" VPOS="2337" WIDTH="79" HEIGHT="38" CONTENT="pas" WC="1.00" CC="000"/>
					</TextLine>
					<TextLine ID="P21_TL00036" HPOS="127" VPOS="2391" WIDTH="1482" HEIGHT="55">
						<String ID="P21_ST00395" HPOS="127" VPOS="2406" WIDTH="55" HEIGHT="27" CONTENT="en" WC="0.72" CC="05"/>
						<SP ID="P21_SP00357" HPOS="182" VPOS="2433" WIDTH="34"/>
						<String ID="P21_ST00396" HPOS="216" VPOS="2393" WIDTH="164" HEIGHT="42" CONTENT="Russie" WC="1.00" CC="000000"/>
						<SP ID="P21_SP00358" HPOS="380" VPOS="2435" WIDTH="31"/>
						<String ID="P21_ST00397" HPOS="411" VPOS="2394" WIDTH="107" HEIGHT="52" CONTENT="qu'il" WC="1.00" CC="00030"/>
						<SP ID="P21_SP00359" HPOS="518" VPOS="2446" WIDTH="23"/>
						<String ID="P21_ST00398" HPOS="541" VPOS="2407" WIDTH="116" HEIGHT="27" CONTENT="nous" WC="1.00" CC="1000"/>
						<SP ID="P21_SP00360" HPOS="657" VPOS="2446" WIDTH="30"/>
						<String ID="P21_ST00399" HPOS="687" VPOS="2402" WIDTH="268" HEIGHT="44" CONTENT="transporte," WC="1.00" CC="50040000420"/>
						<SP ID="P21_SP00361" HPOS="955" VPOS="2446" WIDTH="26"/>
						<String ID="P21_ST00400" HPOS="981" VPOS="2391" WIDTH="106" HEIGHT="43" CONTENT="c'est" WC="0.99" CC="04006"/>
						<SP ID="P21_SP00362" HPOS="1087" VPOS="2446" WIDTH="23"/>
						<String ID="P21_ST00401" HPOS="1110" VPOS="2407" WIDTH="52" HEIGHT="27" CONTENT="en" WC="1.00" CC="00"/>
						<SP ID="P21_SP00363" HPOS="1162" VPOS="2446" WIDTH="24"/>
						<String ID="P21_ST00402" HPOS="1186" VPOS="2392" WIDTH="190" HEIGHT="42" CONTENT="Sibérie." WC="1.00" CC="03000003"/>
						<SP ID="P21_SP00364" HPOS="1376" VPOS="2446" WIDTH="110"/>
						<String ID="P21_ST00403" HPOS="1486" VPOS="2392" WIDTH="51" HEIGHT="40" CONTENT="C." WC="0.83" CC="03"/>
						<SP ID="P21_SP00365" HPOS="1537" VPOS="2446" WIDTH="24"/>
						<String ID="P21_ST00404" HPOS="1561" VPOS="2392" WIDTH="48" HEIGHT="40" CONTENT="Z." WC="0.79" CC="04"/>
					</TextLine>
					<TextLine ID="P21_TL00037" HPOS="190" VPOS="2472" WIDTH="1960" HEIGHT="55">
						<String ID="P21_ST00405" HPOS="190" VPOS="2476" WIDTH="19" HEIGHT="38" CONTENT="3" WC="0.28" CC="7"/>
						<SP ID="P21_SP00366" HPOS="209" VPOS="2514" WIDTH="16"/>
						<String ID="P21_ST00406" HPOS="225" VPOS="2474" WIDTH="194" HEIGHT="53" CONTENT="janvier." WC="0.99" CC="40500003" STYLEREFS="TXT_3"/>
						<SP ID="P21_SP00367" HPOS="419" VPOS="2527" WIDTH="109"/>
						<String ID="P21_ST00407" HPOS="528" VPOS="2474" WIDTH="244" HEIGHT="42" CONTENT="Deuxième" WC="0.99" CC="00400700"/>
						<SP ID="P21_SP00368" HPOS="772" VPOS="2527" WIDTH="40"/>
						<String ID="P21_ST00408" HPOS="812" VPOS="2483" WIDTH="176" HEIGHT="32" CONTENT="concert" WC="0.99" CC="0034005"/>
						<SP ID="P21_SP00369" HPOS="988" VPOS="2527" WIDTH="29"/>
						<String ID="P21_ST00409" HPOS="1017" VPOS="2475" WIDTH="251" HEIGHT="52" CONTENT="historique" WC="0.99" CC="6305004000"/>
						<SP ID="P21_SP00370" HPOS="1268" VPOS="2527" WIDTH="40"/>
						<String ID="P21_ST00410" HPOS="1308" VPOS="2475" WIDTH="55" HEIGHT="39" CONTENT="de" WC="1.00" CC="00"/>
						<SP ID="P21_SP00371" HPOS="1363" VPOS="2527" WIDTH="22"/>
						<String ID="P21_ST00411" HPOS="1385" VPOS="2474" WIDTH="43" HEIGHT="40" CONTENT="M" WC="1.00" CC="0"/>
						<String ID="P21_ST00412" HPOS="1435" VPOS="2472" WIDTH="40" HEIGHT="28" CONTENT="lle" STYLE="superscript" WC="0.57" CC="470"/>
						<SP ID="P21_SP00372" HPOS="1475" VPOS="2527" WIDTH="20"/>
						<String ID="P21_ST00413" HPOS="1495" VPOS="2472" WIDTH="149" HEIGHT="43" CONTENT="Selva." WC="0.89" CC="002003"/>
						<SP ID="P21_SP00373" HPOS="1644" VPOS="2527" WIDTH="33"/>
						<String ID="P21_ST00414" HPOS="1677" VPOS="2472" WIDTH="128" HEIGHT="43" CONTENT="Suite" WC="0.98" CC="06040"/>
						<SP ID="P21_SP00374" HPOS="1805" VPOS="2527" WIDTH="42"/>
						<String ID="P21_ST00415" HPOS="1847" VPOS="2474" WIDTH="78" HEIGHT="40" CONTENT="des" WC="0.99" CC="003"/>
						<SP ID="P21_SP00375" HPOS="1925" VPOS="2527" WIDTH="42"/>
						<String ID="P21_ST00416" HPOS="1967" VPOS="2472" WIDTH="183" HEIGHT="40" CONTENT="Sonates" WC="0.98" CC="1070309" STYLEREFS="TXT_3"/>
					</TextLine>
					<TextLine ID="P21_TL00038" HPOS="130" VPOS="2541" WIDTH="2019" HEIGHT="57">
						<String ID="P21_ST00417" HPOS="130" VPOS="2544" WIDTH="207" HEIGHT="54" CONTENT="bibliques" WC="1.00" CC="000000000" STYLEREFS="TXT_3"/>
						<SP ID="P21_SP00376" HPOS="337" VPOS="2598" WIDTH="33"/>
						<String ID="P21_ST00418" HPOS="370" VPOS="2544" WIDTH="53" HEIGHT="40" CONTENT="de" WC="1.00" CC="00"/>
						<SP ID="P21_SP00377" HPOS="423" VPOS="2598" WIDTH="28"/>
						<String ID="P21_ST00419" HPOS="451" VPOS="2543" WIDTH="212" HEIGHT="48" CONTENT="Kuhnau," WC="0.69" CC="4055006"/>
						<SP ID="P21_SP00378" HPOS="663" VPOS="2598" WIDTH="37"/>
						<String ID="P21_ST00420" HPOS="700" VPOS="2545" WIDTH="146" HEIGHT="51" CONTENT="pièces" WC="0.99" CC="060000"/>
						<SP ID="P21_SP00379" HPOS="846" VPOS="2598" WIDTH="36"/>
						<String ID="P21_ST00421" HPOS="882" VPOS="2544" WIDTH="54" HEIGHT="40" CONTENT="de" WC="1.00" CC="00"/>
						<SP ID="P21_SP00380" HPOS="936" VPOS="2598" WIDTH="36"/>
						<String ID="P21_ST00422" HPOS="972" VPOS="2543" WIDTH="246" HEIGHT="53" CONTENT="Couperin," WC="0.92" CC="000000240"/>
						<SP ID="P21_SP00381" HPOS="1218" VPOS="2598" WIDTH="28"/>
						<String ID="P21_ST00423" HPOS="1246" VPOS="2543" WIDTH="221" HEIGHT="51" CONTENT="Rameau," WC="1.00" CC="0000004"/>
						<SP ID="P21_SP00382" HPOS="1467" VPOS="2598" WIDTH="36"/>
						<String ID="P21_ST00424" HPOS="1503" VPOS="2541" WIDTH="205" HEIGHT="51" CONTENT="Scarlati," WC="0.75" CC="040050444"/>
						<SP ID="P21_SP00383" HPOS="1708" VPOS="2598" WIDTH="26"/>
						<String ID="P21_ST00425" HPOS="1734" VPOS="2541" WIDTH="114" HEIGHT="57" CONTENT="J.-S." WC="0.74" CC="04304"/>
						<SP ID="P21_SP00384" HPOS="1848" VPOS="2598" WIDTH="27"/>
						<String ID="P21_ST00426" HPOS="1875" VPOS="2542" WIDTH="137" HEIGHT="49" CONTENT="Bach," WC="1.00" CC="00004"/>
						<SP ID="P21_SP00385" HPOS="2012" VPOS="2598" WIDTH="32"/>
						<String ID="P21_ST00427" HPOS="2044" VPOS="2542" WIDTH="105" HEIGHT="40" CONTENT="d'un" WC="0.98" CC="0306"/>
					</TextLine>
					<TextLine ID="P21_TL00039" HPOS="130" VPOS="2611" WIDTH="1528" HEIGHT="54">
						<String ID="P21_ST00428" HPOS="130" VPOS="2614" WIDTH="160" HEIGHT="39" CONTENT="intérêt" WC="0.98" CC="5456055"/>
						<SP ID="P21_SP00386" HPOS="290" VPOS="2653" WIDTH="21"/>
						<String ID="P21_ST00429" HPOS="311" VPOS="2615" WIDTH="207" HEIGHT="50" CONTENT="puissant" WC="1.00" CC="00300040"/>
						<SP ID="P21_SP00387" HPOS="518" VPOS="2665" WIDTH="23"/>
						<String ID="P21_ST00430" HPOS="541" VPOS="2622" WIDTH="41" HEIGHT="31" CONTENT="et" WC="0.70" CC="05"/>
						<SP ID="P21_SP00388" HPOS="582" VPOS="2665" WIDTH="18"/>
						<String ID="P21_ST00431" HPOS="600" VPOS="2615" WIDTH="137" HEIGHT="38" CONTENT="varié." WC="0.99" CC="000464"/>
						<SP ID="P21_SP00389" HPOS="737" VPOS="2665" WIDTH="28"/>
						<String ID="P21_ST00432" HPOS="765" VPOS="2611" WIDTH="64" HEIGHT="41" CONTENT="La" WC="0.72" CC="50"/>
						<SP ID="P21_SP00390" HPOS="829" VPOS="2665" WIDTH="28"/>
						<String ID="P21_ST00433" HPOS="857" VPOS="2626" WIDTH="17" HEIGHT="38" CONTENT="3" WC="0.30" CC="6" STYLEREFS="TXT_0"/>
						<String ID="P21_ST00434" HPOS="881" VPOS="2618" WIDTH="15" HEIGHT="16" CONTENT="E" STYLE="superscript" WC="0.88" CC="1" STYLEREFS="TXT_0"/>
						<SP ID="P21_SP00391" HPOS="896" VPOS="2665" WIDTH="22"/>
						<String ID="P21_ST00435" HPOS="918" VPOS="2617" WIDTH="159" HEIGHT="36" CONTENT="séance" WC="1.00" CC="000010"/>
						<SP ID="P21_SP00392" HPOS="1077" VPOS="2665" WIDTH="25"/>
						<String ID="P21_ST00436" HPOS="1102" VPOS="2627" WIDTH="107" HEIGHT="26" CONTENT="aura" WC="0.99" CC="0600"/>
						<SP ID="P21_SP00393" HPOS="1209" VPOS="2665" WIDTH="23"/>
						<String ID="P21_ST00437" HPOS="1232" VPOS="2612" WIDTH="88" HEIGHT="41" CONTENT="lieu" WC="0.99" CC="0300"/>
						<SP ID="P21_SP00394" HPOS="1320" VPOS="2665" WIDTH="26"/>
						<String ID="P21_ST00438" HPOS="1346" VPOS="2613" WIDTH="38" HEIGHT="40" CONTENT="le" WC="0.79" CC="40"/>
						<SP ID="P21_SP00395" HPOS="1384" VPOS="2665" WIDTH="25"/>
						<String ID="P21_ST00439" HPOS="1409" VPOS="2615" WIDTH="49" HEIGHT="37" CONTENT="28" WC="0.67" CC="06" STYLEREFS="TXT_0"/>
						<SP ID="P21_SP00396" HPOS="1458" VPOS="2665" WIDTH="26"/>
						<String ID="P21_ST00440" HPOS="1484" VPOS="2611" WIDTH="174" HEIGHT="41" CONTENT="février." WC="1.00" CC="00000004"/>
					</TextLine>
					<TextLine ID="P21_TL00040" HPOS="261" VPOS="2703" WIDTH="1890" HEIGHT="56">
						<String ID="P21_ST00441" HPOS="261" VPOS="2705" WIDTH="39" HEIGHT="41" CONTENT="A" WC="1.00" CC="0"/>
						<SP ID="P21_SP00397" HPOS="300" VPOS="2746" WIDTH="24"/>
						<String ID="P21_ST00442" HPOS="324" VPOS="2716" WIDTH="142" HEIGHT="40" CONTENT="noter," WC="0.99" CC="104004"/>
						<SP ID="P21_SP00398" HPOS="466" VPOS="2756" WIDTH="26"/>
						<String ID="P21_ST00443" HPOS="492" VPOS="2709" WIDTH="144" HEIGHT="50" CONTENT="parmi" WC="1.00" CC="00003"/>
						<SP ID="P21_SP00399" HPOS="636" VPOS="2759" WIDTH="25"/>
						<String ID="P21_ST00444" HPOS="661" VPOS="2707" WIDTH="64" HEIGHT="40" CONTENT="les" WC="0.99" CC="300"/>
						<SP ID="P21_SP00400" HPOS="725" VPOS="2759" WIDTH="25"/>
						<String ID="P21_ST00445" HPOS="750" VPOS="2706" WIDTH="100" HEIGHT="53" CONTENT="plus" WC="0.99" CC="0410"/>
						<SP ID="P21_SP00401" HPOS="850" VPOS="2759" WIDTH="23"/>
						<String ID="P21_ST00446" HPOS="873" VPOS="2706" WIDTH="143" HEIGHT="41" CONTENT="beaux" WC="1.00" CC="00000"/>
						<SP ID="P21_SP00402" HPOS="1016" VPOS="2759" WIDTH="23"/>
						<String ID="P21_ST00447" HPOS="1039" VPOS="2715" WIDTH="202" HEIGHT="32" CONTENT="concerts" WC="1.00" CC="00600030"/>
						<SP ID="P21_SP00403" HPOS="1241" VPOS="2759" WIDTH="19"/>
						<String ID="P21_ST00448" HPOS="1260" VPOS="2707" WIDTH="52" HEIGHT="40" CONTENT="de" WC="1.00" CC="00"/>
						<SP ID="P21_SP00404" HPOS="1312" VPOS="2759" WIDTH="21"/>
						<String ID="P21_ST00449" HPOS="1333" VPOS="2706" WIDTH="40" HEIGHT="40" CONTENT="la" WC="0.71" CC="50"/>
						<SP ID="P21_SP00405" HPOS="1373" VPOS="2759" WIDTH="22"/>
						<String ID="P21_ST00450" HPOS="1395" VPOS="2707" WIDTH="253" HEIGHT="51" CONTENT="quinzaine," WC="0.99" CC="0654005004"/>
						<SP ID="P21_SP00406" HPOS="1648" VPOS="2759" WIDTH="20"/>
						<String ID="P21_ST00451" HPOS="1668" VPOS="2719" WIDTH="108" HEIGHT="26" CONTENT="ceux" WC="0.99" CC="2000"/>
						<SP ID="P21_SP00407" HPOS="1776" VPOS="2759" WIDTH="18"/>
						<String ID="P21_ST00452" HPOS="1794" VPOS="2705" WIDTH="54" HEIGHT="40" CONTENT="de" WC="1.00" CC="00"/>
						<SP ID="P21_SP00408" HPOS="1848" VPOS="2759" WIDTH="24"/>
						<String ID="P21_ST00453" HPOS="1872" VPOS="2716" WIDTH="7" HEIGHT="27" CONTENT=":" WC="0.32" CC="6"/>
						<SP ID="P21_SP00409" HPOS="1879" VPOS="2759" WIDTH="22"/>
						<String ID="P21_ST00454" HPOS="1901" VPOS="2704" WIDTH="65" HEIGHT="40" CONTENT="La" WC="0.94" CC="10" STYLEREFS="TXT_3"/>
						<SP ID="P21_SP00410" HPOS="1966" VPOS="2759" WIDTH="17"/>
						<String ID="P21_ST00455" HPOS="1983" VPOS="2703" WIDTH="168" HEIGHT="41" CONTENT="Société" WC="0.99" CC="2064022" STYLEREFS="TXT_3"/>
					</TextLine>
					<TextLine ID="P21_TL00041" HPOS="134" VPOS="2771" WIDTH="2016" HEIGHT="56">
						<String ID="P21_ST00456" HPOS="134" VPOS="2775" WIDTH="320" HEIGHT="40" CONTENT="d'instruments" WC="0.99" CC="0725600262600" STYLEREFS="TXT_3"/>
						<SP ID="P21_SP00411" HPOS="454" VPOS="2815" WIDTH="49"/>
						<String ID="P21_ST00457" HPOS="503" VPOS="2780" WIDTH="23" HEIGHT="35" CONTENT="à" WC="0.37" CC="6" STYLEREFS="TXT_3"/>
						<SP ID="P21_SP00412" HPOS="526" VPOS="2815" WIDTH="31"/>
						<String ID="P21_ST00458" HPOS="557" VPOS="2782" WIDTH="96" HEIGHT="35" CONTENT="vent" WC="0.99" CC="0230" STYLEREFS="TXT_3"/>
						<SP ID="P21_SP00413" HPOS="653" VPOS="2817" WIDTH="38"/>
						<String ID="P21_ST00459" HPOS="691" VPOS="2776" WIDTH="33" HEIGHT="51" CONTENT="(i" WC="0.63" CC="70"/>
						<String ID="P21_ST00460" HPOS="736" VPOS="2782" WIDTH="29" HEIGHT="16" CONTENT="er" STYLE="superscript" WC="0.45" CC="46"/>
						<SP ID="P21_SP00414" HPOS="765" VPOS="2827" WIDTH="38"/>
						<String ID="P21_ST00461" HPOS="803" VPOS="2774" WIDTH="174" HEIGHT="52" CONTENT="février," WC="1.00" CC="00003004"/>
						<SP ID="P21_SP00415" HPOS="977" VPOS="2827" WIDTH="46"/>
						<String ID="P21_ST00462" HPOS="1023" VPOS="2775" WIDTH="110" HEIGHT="40" CONTENT="salle" WC="0.99" CC="00340"/>
						<SP ID="P21_SP00416" HPOS="1133" VPOS="2827" WIDTH="38"/>
						<String ID="P21_ST00463" HPOS="1171" VPOS="2776" WIDTH="77" HEIGHT="39" CONTENT="des" WC="0.97" CC="007"/>
						<SP ID="P21_SP00417" HPOS="1248" VPOS="2827" WIDTH="37"/>
						<String ID="P21_ST00464" HPOS="1285" VPOS="2772" WIDTH="342" HEIGHT="54" CONTENT="Agriculteurs)," WC="1.00" CC="00000045000054"/>
						<SP ID="P21_SP00418" HPOS="1627" VPOS="2827" WIDTH="43"/>
						<String ID="P21_ST00465" HPOS="1670" VPOS="2787" WIDTH="104" HEIGHT="26" CONTENT="avec" WC="1.00" CC="0000"/>
						<SP ID="P21_SP00419" HPOS="1774" VPOS="2827" WIDTH="39"/>
						<String ID="P21_ST00466" HPOS="1813" VPOS="2772" WIDTH="113" HEIGHT="40" CONTENT="MM." WC="0.99" CC="002"/>
						<SP ID="P21_SP00420" HPOS="1926" VPOS="2827" WIDTH="36"/>
						<String ID="P21_ST00467" HPOS="1962" VPOS="2771" WIDTH="54" HEIGHT="42" CONTENT="G." WC="0.81" CC="03"/>
						<SP ID="P21_SP00421" HPOS="2016" VPOS="2827" WIDTH="30"/>
						<String ID="P21_ST00468" HPOS="2046" VPOS="2772" WIDTH="78" HEIGHT="39" CONTENT="Bar" SUBS_TYPE="HypPart1" SUBS_CONTENT="Barrère," WC="0.87" CC="000"/>
						<HYP HPOS="2124" VPOS="2772" WIDTH="26" CONTENT="-"/>
					</TextLine>
					<TextLine ID="P21_TL00042" HPOS="133" VPOS="2840" WIDTH="2017" HEIGHT="59">
						<String ID="P21_ST00469" HPOS="133" VPOS="2850" WIDTH="113" HEIGHT="45" CONTENT="rère," SUBS_TYPE="HypPart2" SUBS_CONTENT="Barrère," WC="0.77" CC="08003"/>
						<SP ID="P21_SP00422" HPOS="246" VPOS="2895" WIDTH="24"/>
						<String ID="P21_ST00470" HPOS="270" VPOS="2844" WIDTH="50" HEIGHT="40" CONTENT="L." WC="0.69" CC="23"/>
						<SP ID="P21_SP00423" HPOS="320" VPOS="2895" WIDTH="30"/>
						<String ID="P21_ST00471" HPOS="350" VPOS="2845" WIDTH="176" HEIGHT="52" CONTENT="Fleury," WC="0.78" CC="6400004"/>
						<SP ID="P21_SP00424" HPOS="526" VPOS="2897" WIDTH="36"/>
						<String ID="P21_ST00472" HPOS="562" VPOS="2844" WIDTH="38" HEIGHT="55" CONTENT="J." WC="0.68" CC="33"/>
						<SP ID="P21_SP00425" HPOS="600" VPOS="2899" WIDTH="45"/>
						<String ID="P21_ST00473" HPOS="645" VPOS="2843" WIDTH="165" HEIGHT="53" CONTENT="Guyot," WC="0.84" CC="000063"/>
						<SP ID="P21_SP00426" HPOS="810" VPOS="2899" WIDTH="26"/>
						<String ID="P21_ST00474" HPOS="836" VPOS="2843" WIDTH="51" HEIGHT="40" CONTENT="L." WC="0.75" CC="22"/>
						<SP ID="P21_SP00427" HPOS="887" VPOS="2899" WIDTH="28"/>
						<String ID="P21_ST00475" HPOS="915" VPOS="2843" WIDTH="224" HEIGHT="51" CONTENT="Cahuzac," WC="0.82" CC="60200004"/>
						<SP ID="P21_SP00428" HPOS="1139" VPOS="2899" WIDTH="32"/>
						<String ID="P21_ST00476" HPOS="1171" VPOS="2843" WIDTH="51" HEIGHT="40" CONTENT="L." WC="0.68" CC="42"/>
						<SP ID="P21_SP00429" HPOS="1222" VPOS="2899" WIDTH="27"/>
						<String ID="P21_ST00477" HPOS="1249" VPOS="2841" WIDTH="230" HEIGHT="52" CONTENT="Gaudard," WC="0.90" CC="00400003"/>
						<SP ID="P21_SP00430" HPOS="1479" VPOS="2899" WIDTH="24"/>
						<String ID="P21_ST00478" HPOS="1503" VPOS="2841" WIDTH="52" HEIGHT="41" CONTENT="L." WC="0.59" CC="34"/>
						<SP ID="P21_SP00431" HPOS="1555" VPOS="2899" WIDTH="42"/>
						<String ID="P21_ST00479" HPOS="1597" VPOS="2842" WIDTH="226" HEIGHT="51" CONTENT="Leclercq," WC="0.95" CC="000000004"/>
						<SP ID="P21_SP00432" HPOS="1823" VPOS="2899" WIDTH="39"/>
						<String ID="P21_ST00480" HPOS="1862" VPOS="2840" WIDTH="52" HEIGHT="41" CONTENT="E." WC="0.79" CC="04"/>
						<SP ID="P21_SP00433" HPOS="1914" VPOS="2899" WIDTH="36"/>
						<String ID="P21_ST00481" HPOS="1950" VPOS="2840" WIDTH="200" HEIGHT="41" CONTENT="Pénable" WC="0.84" CC="0070030"/>
					</TextLine>
					<TextLine ID="P21_TL00043" HPOS="135" VPOS="2908" WIDTH="2014" HEIGHT="59">
						<String ID="P21_ST00482" HPOS="135" VPOS="2911" WIDTH="88" HEIGHT="50" CONTENT="fils," WC="0.98" CC="22404"/>
						<SP ID="P21_SP00434" HPOS="223" VPOS="2961" WIDTH="19"/>
						<String ID="P21_ST00483" HPOS="242" VPOS="2912" WIDTH="39" HEIGHT="55" CONTENT="J." WC="0.84" CC="03"/>
						<SP ID="P21_SP00435" HPOS="281" VPOS="2967" WIDTH="23"/>
						<String ID="P21_ST00484" HPOS="304" VPOS="2912" WIDTH="277" HEIGHT="53" CONTENT="Capdeville." WC="0.85" CC="00000710203"/>
						<SP ID="P21_SP00436" HPOS="581" VPOS="2967" WIDTH="30"/>
						<String ID="P21_ST00485" HPOS="611" VPOS="2927" WIDTH="19" HEIGHT="25" CONTENT="2" WC="1.00" CC="0" STYLEREFS="TXT_0"/>
						<String ID="P21_ST00486" HPOS="637" VPOS="2918" WIDTH="14" HEIGHT="17" CONTENT="E" STYLE="superscript" WC="0.55" CC="4" STYLEREFS="TXT_0"/>
						<SP ID="P21_SP00437" HPOS="651" VPOS="2967" WIDTH="24"/>
						<String ID="P21_ST00487" HPOS="675" VPOS="2917" WIDTH="174" HEIGHT="44" CONTENT="séance," WC="0.99" CC="4004003"/>
						<SP ID="P21_SP00438" HPOS="849" VPOS="2967" WIDTH="23"/>
						<String ID="P21_ST00488" HPOS="872" VPOS="2912" WIDTH="39" HEIGHT="40" CONTENT="le" WC="0.80" CC="40"/>
						<SP ID="P21_SP00439" HPOS="911" VPOS="2967" WIDTH="28"/>
						<String ID="P21_ST00489" HPOS="939" VPOS="2927" WIDTH="12" HEIGHT="25" CONTENT="i" WC="1.00" CC="0"/>
						<String ID="P21_ST00490" HPOS="961" VPOS="2920" WIDTH="31" HEIGHT="20" CONTENT="er" STYLE="superscript" WC="0.38" CC="75"/>
						<SP ID="P21_SP00440" HPOS="992" VPOS="2967" WIDTH="23"/>
						<String ID="P21_ST00491" HPOS="1015" VPOS="2926" WIDTH="135" HEIGHT="27" CONTENT="mars." WC="1.00" CC="00002"/>
						<SP ID="P21_SP00441" HPOS="1150" VPOS="2967" WIDTH="26"/>
						<String ID="P21_ST00492" HPOS="1176" VPOS="2911" WIDTH="138" HEIGHT="40" CONTENT="—Le" WC="0.91" CC="843"/>
						<SP ID="P21_SP00442" HPOS="1314" VPOS="2967" WIDTH="23"/>
						<String ID="P21_ST00493" HPOS="1337" VPOS="2910" WIDTH="206" HEIGHT="53" CONTENT="Quatuor" WC="0.99" CC="0650600"/>
						<SP ID="P21_SP00443" HPOS="1543" VPOS="2967" WIDTH="24"/>
						<String ID="P21_ST00494" HPOS="1567" VPOS="2910" WIDTH="152" HEIGHT="41" CONTENT="Lefort" WC="0.88" CC="001006"/>
						<SP ID="P21_SP00444" HPOS="1719" VPOS="2967" WIDTH="26"/>
						<String ID="P21_ST00495" HPOS="1745" VPOS="2909" WIDTH="35" HEIGHT="54" CONTENT="(5" WC="0.82" CC="03" STYLEREFS="TXT_0"/>
						<SP ID="P21_SP00445" HPOS="1780" VPOS="2967" WIDTH="24"/>
						<String ID="P21_ST00496" HPOS="1804" VPOS="2909" WIDTH="176" HEIGHT="52" CONTENT="février," WC="0.99" CC="07002004"/>
						<SP ID="P21_SP00446" HPOS="1980" VPOS="2967" WIDTH="21"/>
						<String ID="P21_ST00497" HPOS="2001" VPOS="2908" WIDTH="148" HEIGHT="53" CONTENT="ibid.)," WC="0.83" CC="2000044"/>
					</TextLine>
					<TextLine ID="P21_TL00044" HPOS="136" VPOS="2977" WIDTH="2014" HEIGHT="55">
						<String ID="P21_ST00498" HPOS="136" VPOS="2995" WIDTH="104" HEIGHT="27" CONTENT="avec" WC="0.99" CC="0004"/>
						<SP ID="P21_SP00447" HPOS="240" VPOS="3022" WIDTH="19"/>
						<String ID="P21_ST00499" HPOS="259" VPOS="2980" WIDTH="114" HEIGHT="41" CONTENT="MM." WC="0.98" CC="004"/>
						<SP ID="P21_SP00448" HPOS="373" VPOS="3022" WIDTH="27"/>
						<String ID="P21_ST00500" HPOS="400" VPOS="2980" WIDTH="52" HEIGHT="41" CONTENT="A." WC="0.86" CC="02"/>
						<SP ID="P21_SP00449" HPOS="452" VPOS="3022" WIDTH="21"/>
						<String ID="P21_ST00501" HPOS="473" VPOS="2980" WIDTH="169" HEIGHT="52" CONTENT="Lefort," WC="0.84" CC="0000064"/>
						<SP ID="P21_SP00450" HPOS="642" VPOS="3032" WIDTH="21"/>
						<String ID="P21_ST00502" HPOS="663" VPOS="2980" WIDTH="54" HEIGHT="42" CONTENT="G." WC="0.81" CC="03"/>
						<SP ID="P21_SP00451" HPOS="717" VPOS="3032" WIDTH="23"/>
						<String ID="P21_ST00503" HPOS="740" VPOS="2980" WIDTH="257" HEIGHT="49" CONTENT="Catherine," WC="0.99" CC="3040000604"/>
						<SP ID="P21_SP00452" HPOS="997" VPOS="3032" WIDTH="21"/>
						<String ID="P21_ST00504" HPOS="1018" VPOS="2981" WIDTH="99" HEIGHT="41" CONTENT="Van" WC="1.00" CC="000"/>
						<SP ID="P21_SP00453" HPOS="1117" VPOS="3032" WIDTH="22"/>
						<String ID="P21_ST00505" HPOS="1139" VPOS="2980" WIDTH="326" HEIGHT="51" CONTENT="Wœfelghem," WC="0.94" CC="0000100003"/>
						<SP ID="P21_SP00454" HPOS="1465" VPOS="3032" WIDTH="23"/>
						<String ID="P21_ST00506" HPOS="1488" VPOS="2979" WIDTH="226" HEIGHT="52" CONTENT="Liégeois." WC="1.00" CC="040001304"/>
						<SP ID="P21_SP00455" HPOS="1714" VPOS="3032" WIDTH="95"/>
						<String ID="P21_ST00507" HPOS="1809" VPOS="2979" WIDTH="143" HEIGHT="40" CONTENT="Marie" WC="0.99" CC="00023"/>
						<SP ID="P21_SP00456" HPOS="1952" VPOS="3032" WIDTH="21"/>
						<String ID="P21_ST00508" HPOS="1973" VPOS="2977" WIDTH="177" HEIGHT="42" CONTENT="Oléline" WC="0.82" CC="0403300"/>
					</TextLine>
					<TextLine ID="P21_TL00045" HPOS="134" VPOS="3048" WIDTH="2015" HEIGHT="54">
						<String ID="P21_ST00509" HPOS="134" VPOS="3049" WIDTH="130" HEIGHT="53" CONTENT="(salle" WC="0.98" CC="700550"/>
						<SP ID="P21_SP00457" HPOS="264" VPOS="3102" WIDTH="24"/>
						<String ID="P21_ST00510" HPOS="288" VPOS="3050" WIDTH="168" HEIGHT="52" CONTENT="Pleyel," WC="0.86" CC="2300003"/>
						<SP ID="P21_SP00458" HPOS="456" VPOS="3102" WIDTH="32"/>
						<String ID="P21_ST00511" HPOS="488" VPOS="3065" WIDTH="41" HEIGHT="25" CONTENT="11" WC="0.85" CC="20"/>
						<SP ID="P21_SP00459" HPOS="529" VPOS="3102" WIDTH="29"/>
						<String ID="P21_ST00512" HPOS="558" VPOS="3048" WIDTH="195" HEIGHT="54" CONTENT="février)," WC="1.00" CC="080010002"/>
						<SP ID="P21_SP00460" HPOS="753" VPOS="3102" WIDTH="29"/>
						<String ID="P21_ST00513" HPOS="782" VPOS="3051" WIDTH="114" HEIGHT="50" CONTENT="quia" WC="0.98" CC="0530"/>
						<SP ID="P21_SP00461" HPOS="896" VPOS="3102" WIDTH="25"/>
						<String ID="P21_ST00514" HPOS="921" VPOS="3050" WIDTH="175" HEIGHT="47" CONTENT="chanté," WC="0.99" CC="0045004"/>
						<SP ID="P21_SP00462" HPOS="1096" VPOS="3102" WIDTH="28"/>
						<String ID="P21_ST00515" HPOS="1124" VPOS="3064" WIDTH="102" HEIGHT="26" CONTENT="avec" WC="1.00" CC="0020"/>
						<SP ID="P21_SP00463" HPOS="1226" VPOS="3102" WIDTH="34"/>
						<String ID="P21_ST00516" HPOS="1260" VPOS="3050" WIDTH="59" HEIGHT="40" CONTENT="du" WC="0.76" CC="04"/>
						<SP ID="P21_SP00464" HPOS="1319" VPOS="3102" WIDTH="25"/>
						<String ID="P21_ST00517" HPOS="1344" VPOS="3048" WIDTH="277" HEIGHT="51" CONTENT="Schumann," WC="0.82" CC="000050414"/>
						<SP ID="P21_SP00465" HPOS="1621" VPOS="3102" WIDTH="43"/>
						<String ID="P21_ST00518" HPOS="1664" VPOS="3049" WIDTH="54" HEIGHT="40" CONTENT="de" WC="1.00" CC="00"/>
						<SP ID="P21_SP00466" HPOS="1718" VPOS="3102" WIDTH="32"/>
						<String ID="P21_ST00519" HPOS="1750" VPOS="3054" WIDTH="88" HEIGHT="35" CONTENT="très" WC="0.98" CC="0080"/>
						<SP ID="P21_SP00467" HPOS="1838" VPOS="3102" WIDTH="38"/>
						<String ID="P21_ST00520" HPOS="1876" VPOS="3048" WIDTH="142" HEIGHT="40" CONTENT="beaux" WC="1.00" CC="00020"/>
						<SP ID="P21_SP00468" HPOS="2018" VPOS="3102" WIDTH="44"/>
						<String ID="P21_ST00521" HPOS="2062" VPOS="3048" WIDTH="87" HEIGHT="39" CONTENT="airs" WC="1.00" CC="0000"/>
					</TextLine>
					<TextLine ID="P21_TL00046" HPOS="137" VPOS="3117" WIDTH="2014" HEIGHT="55">
						<String ID="P21_ST00522" HPOS="137" VPOS="3119" WIDTH="259" HEIGHT="53" CONTENT="populaires" WC="1.00" CC="0000301400"/>
						<SP ID="P21_SP00469" HPOS="396" VPOS="3172" WIDTH="23"/>
						<String ID="P21_ST00523" HPOS="419" VPOS="3132" WIDTH="167" HEIGHT="27" CONTENT="russes." WC="1.00" CC="0000003"/>
						<SP ID="P21_SP00470" HPOS="586" VPOS="3172" WIDTH="97"/>
						<String ID="P21_ST00524" HPOS="683" VPOS="3117" WIDTH="62" HEIGHT="41" CONTENT="M." WC="0.85" CC="02"/>
						<SP ID="P21_SP00471" HPOS="745" VPOS="3172" WIDTH="25"/>
						<String ID="P21_ST00525" HPOS="770" VPOS="3117" WIDTH="238" HEIGHT="54" CONTENT="Raymond" WC="0.99" CC="2000060"/>
						<SP ID="P21_SP00472" HPOS="1008" VPOS="3172" WIDTH="21"/>
						<String ID="P21_ST00526" HPOS="1029" VPOS="3118" WIDTH="191" HEIGHT="52" CONTENT="Marthe," WC="1.00" CC="0000004"/>
						<SP ID="P21_SP00473" HPOS="1220" VPOS="3172" WIDTH="36"/>
						<String ID="P21_ST00527" HPOS="1256" VPOS="3117" WIDTH="257" HEIGHT="54" CONTENT="professeur" WC="1.00" CC="0000000400"/>
						<SP ID="P21_SP00474" HPOS="1513" VPOS="3172" WIDTH="19"/>
						<String ID="P21_ST00528" HPOS="1532" VPOS="3118" WIDTH="54" HEIGHT="40" CONTENT="de" WC="1.00" CC="00"/>
						<SP ID="P21_SP00475" HPOS="1586" VPOS="3172" WIDTH="15"/>
						<String ID="P21_ST00529" HPOS="1601" VPOS="3118" WIDTH="280" HEIGHT="50" CONTENT="violoncelle," WC="1.00" CC="020002304702"/>
						<SP ID="P21_SP00476" HPOS="1881" VPOS="3172" WIDTH="25"/>
						<String ID="P21_ST00530" HPOS="1906" VPOS="3118" WIDTH="76" HEIGHT="51" CONTENT="qui" WC="0.98" CC="041"/>
						<SP ID="P21_SP00477" HPOS="1982" VPOS="3172" WIDTH="29"/>
						<String ID="P21_ST00531" HPOS="2011" VPOS="3118" WIDTH="112" HEIGHT="38" CONTENT="main" SUBS_TYPE="HypPart1" SUBS_CONTENT="maintient" WC="0.98" CC="0035"/>
						<HYP HPOS="2123" VPOS="3118" WIDTH="28" CONTENT="-"/>
					</TextLine>
					<TextLine ID="P21_TL00047" HPOS="136" VPOS="3186" WIDTH="1919" HEIGHT="52">
						<String ID="P21_ST00532" HPOS="136" VPOS="3190" WIDTH="109" HEIGHT="38" CONTENT="tient" SUBS_TYPE="HypPart2" SUBS_CONTENT="maintient" WC="0.98" CC="02076"/>
						<SP ID="P21_SP00478" HPOS="245" VPOS="3228" WIDTH="43"/>
						<String ID="P21_ST00533" HPOS="288" VPOS="3201" WIDTH="105" HEIGHT="27" CONTENT="avec" WC="1.00" CC="0000"/>
						<SP ID="P21_SP00479" HPOS="393" VPOS="3228" WIDTH="39"/>
						<String ID="P21_ST00534" HPOS="432" VPOS="3190" WIDTH="189" HEIGHT="39" CONTENT="autorité" WC="0.99" CC="06600056"/>
						<SP ID="P21_SP00480" HPOS="621" VPOS="3229" WIDTH="33"/>
						<String ID="P21_ST00535" HPOS="654" VPOS="3188" WIDTH="63" HEIGHT="40" CONTENT="les" WC="0.99" CC="002"/>
						<SP ID="P21_SP00481" HPOS="717" VPOS="3229" WIDTH="38"/>
						<String ID="P21_ST00536" HPOS="755" VPOS="3187" WIDTH="254" HEIGHT="41" CONTENT="meilleures" WC="1.00" CC="0004000000"/>
						<SP ID="P21_SP00482" HPOS="1009" VPOS="3229" WIDTH="37"/>
						<String ID="P21_ST00537" HPOS="1046" VPOS="3188" WIDTH="236" HEIGHT="40" CONTENT="traditions" WC="1.00" CC="4000053030"/>
						<SP ID="P21_SP00483" HPOS="1282" VPOS="3229" WIDTH="37"/>
						<String ID="P21_ST00538" HPOS="1319" VPOS="3187" WIDTH="54" HEIGHT="40" CONTENT="de" WC="1.00" CC="00"/>
						<SP ID="P21_SP00484" HPOS="1373" VPOS="3229" WIDTH="33"/>
						<String ID="P21_ST00539" HPOS="1406" VPOS="3187" WIDTH="376" HEIGHT="51" CONTENT="l'enseignement" WC="1.00" CC="24000000000006"/>
						<SP ID="P21_SP00485" HPOS="1782" VPOS="3238" WIDTH="36"/>
						<String ID="P21_ST00540" HPOS="1818" VPOS="3186" WIDTH="237" HEIGHT="52" CONTENT="classique." WC="1.00" CC="0000010714"/>
					</TextLine>
					<TextLine ID="P21_TL00048" HPOS="137" VPOS="3255" WIDTH="1127" HEIGHT="53">
						<String ID="P21_ST00541" HPOS="137" VPOS="3257" WIDTH="47" HEIGHT="40" CONTENT="M" WC="1.00" CC="0"/>
						<String ID="P21_ST00542" HPOS="188" VPOS="3261" WIDTH="48" HEIGHT="17" CONTENT="me" STYLE="superscript" WC="0.62" CC="07"/>
						<SP ID="P21_SP00486" HPOS="236" VPOS="3297" WIDTH="21"/>
						<String ID="P21_ST00543" HPOS="257" VPOS="3255" WIDTH="303" HEIGHT="53" CONTENT="Landowska," WC="0.83" CC="0070020204"/>
						<SP ID="P21_SP00487" HPOS="560" VPOS="3308" WIDTH="27"/>
						<String ID="P21_ST00544" HPOS="587" VPOS="3258" WIDTH="192" HEIGHT="50" CONTENT="pianiste" WC="0.99" CC="03044040"/>
						<SP ID="P21_SP00488" HPOS="779" VPOS="3308" WIDTH="24"/>
						<String ID="P21_ST00545" HPOS="803" VPOS="3270" WIDTH="54" HEIGHT="26" CONTENT="au" WC="0.66" CC="06"/>
						<SP ID="P21_SP00489" HPOS="857" VPOS="3308" WIDTH="33"/>
						<String ID="P21_ST00546" HPOS="890" VPOS="3257" WIDTH="70" HEIGHT="51" CONTENT="jeu" WC="1.00" CC="000"/>
						<SP ID="P21_SP00490" HPOS="960" VPOS="3308" WIDTH="20"/>
						<String ID="P21_ST00547" HPOS="980" VPOS="3262" WIDTH="88" HEIGHT="35" CONTENT="très" WC="0.97" CC="4070"/>
						<SP ID="P21_SP00491" HPOS="1068" VPOS="3308" WIDTH="23"/>
						<String ID="P21_ST00548" HPOS="1091" VPOS="3257" WIDTH="173" HEIGHT="40" CONTENT="délicat." WC="0.99" CC="07340052"/>
					</TextLine>
				</TextBlock>
				<TextBlock ID="P21_TB00012" HPOS="137" VPOS="3385" WIDTH="2016" HEIGHT="141" STYLEREFS="TXT_7 PAR_LEFT">
					<TextLine ID="P21_TL00049" HPOS="184" VPOS="3386" WIDTH="1969" HEIGHT="51">
						<String ID="P21_ST00549" HPOS="184" VPOS="3394" WIDTH="47" HEIGHT="43" CONTENT="(1)" WC="0.32" CC="576"/>
						<SP ID="P21_SP00492" HPOS="231" VPOS="3437" WIDTH="24"/>
						<String ID="P21_ST00550" HPOS="255" VPOS="3394" WIDTH="101" HEIGHT="33" CONTENT="Nous" WC="0.98" CC="4060"/>
						<SP ID="P21_SP00493" HPOS="356" VPOS="3437" WIDTH="14"/>
						<String ID="P21_ST00551" HPOS="370" VPOS="3403" WIDTH="156" HEIGHT="23" CONTENT="sommes" WC="0.99" CC="001410"/>
						<SP ID="P21_SP00494" HPOS="526" VPOS="3437" WIDTH="21"/>
						<String ID="P21_ST00552" HPOS="547" VPOS="3394" WIDTH="161" HEIGHT="32" CONTENT="heureux" WC="0.98" CC="5056070"/>
						<SP ID="P21_SP00495" HPOS="708" VPOS="3437" WIDTH="17"/>
						<String ID="P21_ST00553" HPOS="725" VPOS="3391" WIDTH="241" HEIGHT="42" CONTENT="d'apprendre" WC="0.99" CC="00500737071"/>
						<SP ID="P21_SP00496" HPOS="966" VPOS="3437" WIDTH="20"/>
						<String ID="P21_ST00554" HPOS="986" VPOS="3402" WIDTH="70" HEIGHT="32" CONTENT="que" WC="1.00" CC="000"/>
						<SP ID="P21_SP00497" HPOS="1056" VPOS="3437" WIDTH="14"/>
						<String ID="P21_ST00555" HPOS="1070" VPOS="3393" WIDTH="47" HEIGHT="31" CONTENT="M." WC="0.79" CC="04"/>
						<SP ID="P21_SP00498" HPOS="1117" VPOS="3437" WIDTH="19"/>
						<String ID="P21_ST00556" HPOS="1136" VPOS="3391" WIDTH="43" HEIGHT="33" CONTENT="de" WC="1.00" CC="00"/>
						<SP ID="P21_SP00499" HPOS="1179" VPOS="3437" WIDTH="24"/>
						<String ID="P21_ST00557" HPOS="1203" VPOS="3390" WIDTH="172" HEIGHT="41" CONTENT="Lacerda," WC="0.73" CC="35400033"/>
						<SP ID="P21_SP00500" HPOS="1375" VPOS="3437" WIDTH="23"/>
						<String ID="P21_ST00558" HPOS="1398" VPOS="3390" WIDTH="171" HEIGHT="33" CONTENT="réalisant" WC="0.99" CC="700460140"/>
						<SP ID="P21_SP00501" HPOS="1569" VPOS="3437" WIDTH="17"/>
						<String ID="P21_ST00559" HPOS="1586" VPOS="3388" WIDTH="96" HEIGHT="35" CONTENT="enfin" WC="0.96" CC="06577"/>
						<SP ID="P21_SP00502" HPOS="1682" VPOS="3437" WIDTH="14"/>
						<String ID="P21_ST00560" HPOS="1696" VPOS="3400" WIDTH="48" HEIGHT="21" CONTENT="un" WC="0.69" CC="06"/>
						<SP ID="P21_SP00503" HPOS="1744" VPOS="3437" WIDTH="15"/>
						<String ID="P21_ST00561" HPOS="1759" VPOS="3390" WIDTH="116" HEIGHT="41" CONTENT="projet" WC="0.99" CC="004207"/>
						<SP ID="P21_SP00504" HPOS="1875" VPOS="3437" WIDTH="20"/>
						<String ID="P21_ST00562" HPOS="1895" VPOS="3388" WIDTH="114" HEIGHT="33" CONTENT="formé" WC="0.99" CC="04003"/>
						<SP ID="P21_SP00505" HPOS="2009" VPOS="3437" WIDTH="15"/>
						<String ID="P21_ST00563" HPOS="2024" VPOS="3386" WIDTH="129" HEIGHT="42" CONTENT="depuis" WC="0.99" CC="000760"/>
					</TextLine>
					<TextLine ID="P21_TL00050" HPOS="137" VPOS="3436" WIDTH="2016" HEIGHT="51">
						<String ID="P21_ST00564" HPOS="137" VPOS="3448" WIDTH="224" HEIGHT="39" CONTENT="longtemps," WC="0.99" CC="4076000012"/>
						<SP ID="P21_SP00506" HPOS="361" VPOS="3487" WIDTH="27"/>
						<String ID="P21_ST00565" HPOS="388" VPOS="3456" WIDTH="43" HEIGHT="21" CONTENT="va" WC="0.45" CC="64"/>
						<SP ID="P21_SP00507" HPOS="431" VPOS="3487" WIDTH="33"/>
						<String ID="P21_ST00566" HPOS="464" VPOS="3443" WIDTH="126" HEIGHT="34" CONTENT="fonder" WC="0.99" CC="006000"/>
						<SP ID="P21_SP00508" HPOS="590" VPOS="3487" WIDTH="16"/>
						<String ID="P21_ST00567" HPOS="606" VPOS="3454" WIDTH="71" HEIGHT="23" CONTENT="une" WC="0.97" CC="501"/>
						<SP ID="P21_SP00509" HPOS="677" VPOS="3487" WIDTH="24"/>
						<String ID="P21_ST00568" HPOS="701" VPOS="3442" WIDTH="143" HEIGHT="33" CONTENT="Société" WC="1.00" CC="0052000"/>
						<SP ID="P21_SP00510" HPOS="844" VPOS="3487" WIDTH="26"/>
						<String ID="P21_ST00569" HPOS="870" VPOS="3442" WIDTH="223" HEIGHT="34" CONTENT="d'orchestre" WC="1.00" CC="04150000000"/>
						<SP ID="P21_SP00511" HPOS="1093" VPOS="3487" WIDTH="22"/>
						<String ID="P21_ST00570" HPOS="1115" VPOS="3449" WIDTH="32" HEIGHT="26" CONTENT="et" WC="1.00" CC="00"/>
						<SP ID="P21_SP00512" HPOS="1147" VPOS="3487" WIDTH="20"/>
						<String ID="P21_ST00571" HPOS="1167" VPOS="3442" WIDTH="146" HEIGHT="32" CONTENT="choeurs" WC="0.99" CC="0040500"/>
						<SP ID="P21_SP00513" HPOS="1313" VPOS="3487" WIDTH="27"/>
						<String ID="P21_ST00572" HPOS="1340" VPOS="3442" WIDTH="149" HEIGHT="40" CONTENT="appelée" WC="1.00" CC="1000600"/>
						<SP ID="P21_SP00514" HPOS="1489" VPOS="3487" WIDTH="20"/>
						<String ID="P21_ST00573" HPOS="1509" VPOS="3443" WIDTH="18" HEIGHT="30" CONTENT="à" WC="0.76" CC="2"/>
						<SP ID="P21_SP00515" HPOS="1527" VPOS="3487" WIDTH="26"/>
						<String ID="P21_ST00574" HPOS="1553" VPOS="3439" WIDTH="129" HEIGHT="34" CONTENT="rendre" WC="0.99" CC="325000"/>
						<SP ID="P21_SP00516" HPOS="1682" VPOS="3487" WIDTH="21"/>
						<String ID="P21_ST00575" HPOS="1703" VPOS="3442" WIDTH="18" HEIGHT="30" CONTENT="à" WC="0.95" CC="0"/>
						<SP ID="P21_SP00517" HPOS="1721" VPOS="3487" WIDTH="19"/>
						<String ID="P21_ST00576" HPOS="1740" VPOS="3440" WIDTH="77" HEIGHT="32" CONTENT="l'art" WC="0.99" CC="60100"/>
						<SP ID="P21_SP00518" HPOS="1817" VPOS="3487" WIDTH="27"/>
						<String ID="P21_ST00577" HPOS="1844" VPOS="3442" WIDTH="50" HEIGHT="29" CONTENT="les" WC="0.98" CC="600"/>
						<SP ID="P21_SP00519" HPOS="1894" VPOS="3487" WIDTH="19"/>
						<String ID="P21_ST00578" HPOS="1913" VPOS="3441" WIDTH="82" HEIGHT="38" CONTENT="plus" WC="0.99" CC="0310"/>
						<SP ID="P21_SP00520" HPOS="1995" VPOS="3487" WIDTH="22"/>
						<String ID="P21_ST00579" HPOS="2017" VPOS="3436" WIDTH="136" HEIGHT="44" CONTENT="grands" WC="0.99" CC="700500"/>
					</TextLine>
					<TextLine ID="P21_TL00051" HPOS="139" VPOS="3495" WIDTH="168" HEIGHT="31">
						<String ID="P21_ST00580" HPOS="139" VPOS="3495" WIDTH="168" HEIGHT="31" CONTENT="services." WC="1.00" CC="000422002"/>
					</TextLine>
				</TextBlock>
			</PrintSpace>
		</Page>
	</Layout>
</alto>
