3538 4412
1764 127 112 51 330

196 275 188 52 nutzen,
427 285 81 34 aus
553 268 150 50 denen
742 268 74 51 die
855 271 305 67 Darstellung
1202 280 92 42 erst
1325 271 146 49 durch
1515 271 251 67 lebendige

198 347 388 68 Farbengebung
615 348 74 50 ein
720 348 225 51 Gemälde
987 351 187 59 schafft,
1216 351 124 51 diese
1368 351 156 49 Kunst
1553 352 213 50 vermisst

197 445 108 31 man
348 427 67 49 oft
456 427 74 51 bei
576 428 95 50 ihm
716 428 127 50 nicht
885 446 91 33 nur
1023 431 45 49 in
1114 431 84 49 der
1231 431 291 66 Einleitung,
1561 431 202 51 sondern

198 507 118 49 auch
349 508 60 47 im
438 507 151 49 Laufe
619 507 84 49 der
733 508 286 68 Biographie
1048 509 157 59 selbst,
1247 527 51 33 so
1330 511 108 48 weit
1466 509 65 51 sie
1561 509 69 51 bis
1654 511 112 67 jetzt

193 586 209 66 vorliegt.

315 666 109 49 Wir
469 667 154 48 haben
667 666 61 49 im
757 667 277 69 Jahrgange
1071 667 145 52 1858
1255 668 85 50 der
1378 668 350 50 Niederrhei-

195 746 241 48 nischen
485 747 513 69 Musik-Zeitung,
1047 749 82 50 Nr.
1161 748 93 59 25,
1298 766 84 32 aus
1428 749 104 49 dem
1584 749 141 58 „Ham-

196 824 178 66 burger
405 826 212 67 Magazin
659 826 80 49 für
992 845 85 33 von
1113 830 47 48 C.
1195 830 50 48 F.
1273 828 213 59 Cramer,
1515 830 247 64 Jahrgang

202 903 167 59 1783,
399 904 132 50 einen
563 904 133 50 Brief
720 923 82 32 aus
835 908 128 47 Bonn
995 923 101 34 vom
1129 906 89 53 30.
1245 908 126 50 März
1407 906 145 52 1783
1586 908 145 64 (wahr-

195 984 247 50 scheinlich
485 1002 85 33 von
619 987 110 50 Chr.
771 987 55 50 G.
866 987 164 67 Neefe)
1078 988 173 49 wieder
1298 988 305 66 abgedruckt.
1663 991 97 47 Der

193 1063 134 50 Brief
349 1063 253 52 verbreitet
629 1064 94 50 sich
756 1066 118 48 über
908 1064 73 50 die
1010 1066 265 67 damaligen
1307 1068 376 49 Musikzustände
1715 1070 43 47 in

191 1143 155 57 Bonn,
376 1143 121 51 über
526 1144 74 50 die
630 1144 203 68 Capelle,
863 1144 81 51 das
965 1146 207 49 Theater
1198 1146 94 51 und
1316 1148 82 49 mit
1421 1164 186 49 grosser
1630 1148 102 49 Frei-

196 1223 283 68 müthigkeit
522 1226 118 49 auch
686 1224 118 50 über
847 1226 320 51 musicalische
1211 1228 302 50 Dilettanten.
1572 1228 187 66 Thayer

193 1302 84 51 hat
300 1302 171 52 daraus
496 1303 222 51 ebenfalls
741 1304 133 51 einen
892 1307 192 66 Auszug
1109 1307 213 66 gegeben
1348 1306 64 67 (S.
1439 1307 73 51 80
1537 1325 43 32 u.
1603 1325 34 33 s.
1664 1307 94 66 w.),

192 1381 86 50 der
306 1382 116 51 aber
504 1384 83 49 mit
610 1384 273 50 Ausnahme
912 1384 182 60 dessen,
1124 1402 97 35 was
1250 1404 51 31 er
1331 1387 118 48 über
1478 1386 147 51 Neefe
1656 1386 76 49 hin-

191 1462 169 66 zufügt
478 1481 54 32 zu
563 1463 175 66 dürftig
777 1466 286 65 ausgefallen
1103 1466 78 58 ist;
1226 1466 146 51 dieses
1404 1467 91 50 Mal
1529 1471 125 46 wäre
1684 1467 73 48 ein

192 1542 328 66 vollständiger
535 1542 228 51 Abdruck
786 1543 83 50 der
888 1545 383 67 Correspondenz
1292 1562 81 33 aus
1397 1546 235 51 Cramer's
1656 1546 68 49 Ma-

191 1621 132 66 gazin
361 1622 114 50 eher
518 1623 66 50 als
625 1622 74 51 bei
730 1623 205 50 anderen
967 1625 346 60 Documenten,
1355 1625 75 50 die
1461 1644 90 30 nur
1579 1626 175 49 Zahlen

189 1717 45 32 u.
259 1717 35 33 s.
318 1717 57 35 w.
400 1702 257 58 enthalten,
682 1702 316 51 willkommen
1024 1721 235 48 gewesen,
1283 1705 58 50 da
1365 1705 83 50 der
1467 1705 260 67 Correspon-

189 1779 111 50 dent
329 1781 102 49 eine
460 1782 133 50 recht
621 1781 247 68 lebendige
890 1783 314 68 Schilderung
1232 1785 83 49 der
1345 1785 180 49 bonner
1557 1786 170 48 musica-

188 1859 173 50 liscben
395 1861 163 51 Kreise
586 1862 152 50 seiner
766 1862 99 50 Zeit
896 1863 113 66 gibt.
1067 1865 88 48 Die
1200 1863 216 68 wichtige
1457 1865 143 49 Stelle
1640 1865 118 49 über

189 1939 82 50 das
296 1939 146 50 Genie
466 1941 80 49 des
569 1941 182 67 jungen
775 1942 268 51 Beethoven
1073 1943 237 68 übergeht
1332 1945 188 67 Thayer
1550 1961 38 32 a.
1613 1961 41 33 a.
1678 1945 80 57 0.,

189 2018 160 66 bringt
377 2022 64 46 sie
473 2021 114 48 aber
615 2025 155 63 später
799 2019 66 69 (S.
894 2021 156 68 120);
1081 2023 163 60 Neefe,
1269 2023 121 50 denn
1414 2023 105 50 kein
1545 2023 213 50 Anderer

192 2116 99 32 war
322 2100 124 49 wohl
478 2100 232 50 Cramer's
743 2101 398 67 Correspondent,
1185 2103 268 50 bezeichnet
1491 2103 134 50 darin
1668 2103 89 51 den

191 2178 297 68 einjährigen
518 2181 202 49 Knaben
751 2182 84 48 mit
870 2182 221 66 richtiger
1122 2182 303 51 Voraussicht
1454 2183 65 50 als
1550 2185 71 48 ein
1652 2201 69 32 mu-

191 2258 260 50 sicalisches
476 2260 163 57 Genie,
671 2261 176 56 rühmt,
878 2261 104 49 dass
1011 2279 51 31 er
1089 2262 110 50 sehr
1227 2270 85 59 gut
1341 2279 102 34 vom
1470 2263 151 49 Blatte
1645 2265 109 57 lese,

191 2337 166 50 Bach's
382 2338 421 68 wohltemperirtes
828 2340 179 49 Ciavier
1037 2342 142 65 spiele
1204 2359 43 33 u.
1268 2359 33 33 s.
1327 2359 75 40 w.,
1434 2342 94 48 und
1552 2342 208 50 schliesst

189 2417 84 50 mit
301 2417 88 50 den
424 2417 232 51 Worten:
699 2420 191 57 „Dieses
926 2420 149 67 junge
1119 2421 147 49 Genie
1310 2421 236 49 verdiente
1588 2422 141 50 Unter-

188 2501 233 62 stützung,
451 2498 104 49 dass
584 2516 52 32 er
666 2500 148 48 reisen
847 2500 192 58 könnte,
1068 2517 52 32 er
1144 2501 164 49 würde
1331 2502 168 66 gewiss
1524 2502 71 48 ein
1621 2503 109 49 zwei-

189 2585 70 40 ter
292 2577 262 66 Wolfgang
584 2578 242 50 Amadeus
855 2580 180 49 Mozart
1066 2581 208 58 werden,
1317 2599 136 31 wenn
1484 2599 50 31 er
1564 2599 49 31 so
1646 2581 90 51 fort-

189 2656 205 57 schritte,
426 2657 87 48 wie
545 2675 51 32 er
1007 2660 89 49 Die
1114 2661 249 49 Ann'ahme
1387 2661 243 67 Thayer's,
1652 2661 106 51 dass

191 2735 82 50 der
290 2735 148 67 junge
456 2736 203 67 Ludwig
682 2738 126 49 seine
833 2738 294 66 Ernennung
1150 2756 102 32 zum
1274 2740 283 49 Assistenten
1574 2740 184 50 Neefe's

191 2815 66 49 als
300 2816 226 65 Organist
573 2817 349 66 hauptsächlich
972 2818 82 49 der
1104 2818 317 68 Empfehlung
1471 2820 183 49 Neefe's
1701 2839 53 31 zu

193 2893 184 51 danken
410 2895 139 58 habe,
578 2897 210 64 gewinnt
816 2896 212 51 dadurch
1061 2898 118 49 noch
1213 2898 135 50 mehr
1377 2898 289 51 Gewissheit.

313 2973 160 51 Ueber
515 2975 73 49 die
631 2985 121 40 erste
795 2977 137 50 Reise
974 2977 309 51 Beethoven's
1340 2978 118 50 nach
1505 2978 145 51 Wien
1693 2980 61 49 im

191 3053 269 66 Frühjahre
492 3053 143 51 1787
666 3056 78 48 hat
770 3056 187 67 Thayer
984 3057 120 50 auch
1136 3057 134 50 keine
1299 3075 270 48 genaueren
1599 3058 124 50 Nach-

188 3133 181 50 richten
424 3133 240 50 auffinden
723 3135 211 57 können;
990 3137 179 48 sowohl
1221 3136 118 51 über
1387 3137 81 50 das
1520 3155 237 48 genauere

189 3212 183 57 Wann,
422 3213 65 49 als
531 3213 118 50 über
687 3215 80 49 das
804 3215 183 49 Womit
1026 3215 73 50 die
1127 3217 137 48 Reise
1301 3217 219 66 gemacht
1564 3218 191 49 worden

189 3292 82 58 sei,
300 3292 110 66 liegt
441 3295 211 57 Dunkel;
697 3312 89 31 nur
824 3311 51 32 so
917 3296 84 48 viel
1040 3296 57 48 ist
1124 3296 186 66 gewiss,
1353 3296 105 49 dass
1490 3297 265 50 Beethoven

191 3387 165 50 wegen
386 3373 84 49 der
506 3373 355 51 zunehmenden
893 3375 263 49 Krankbeit
1191 3376 152 51 seiner
1373 3378 193 58 Mutter,
1604 3377 74 50 die
1706 3395 52 33 er

192 3450 124 50 dann
349 3453 116 49 auch
499 3452 111 50 kurz
639 3455 118 48 nach
789 3456 152 48 seiner
969 3455 275 50 Rückkunft
1273 3457 166 57 verlor,
1472 3457 54 51 W
1527 3457 11 22 7
1545 3458 71 49 ien
1649 3457 106 50 bald

189 3530 178 50 wieder
421 3532 227 50 verlassen
703 3533 95 50 und
855 3535 44 48 in
958 3536 259 66 Augsburg
1269 3536 94 48 sich
1414 3536 98 49 drei
1561 3537 196 50 Karolin

189 3626 88 34 von
322 3611 149 51 einem
515 3612 288 58 Advocaten,
849 3615 208 48 Namens
1096 3615 234 58 Schaden,
1372 3616 153 49 leihen
1566 3624 193 50 musste,

189 3707 80 32 um
315 3692 117 48 nach
478 3692 160 50 Hause
680 3710 56 30 zu
779 3692 235 51 kommen.
1072 3695 109 49 Sein
1214 3695 131 49 Brief
1368 3711 58 34 an
1456 3695 217 50 Schaden
1703 3696 57 49 ist

191 3768 85 51 der
319 3771 223 58 früheste,
586 3771 85 49 der
711 3771 96 51 sich
849 3789 85 33 von
974 3773 267 51 Beethoven
1284 3775 212 49 erhalten
1537 3776 104 58 hat;
1685 3775 74 50 die

191 3850 250 49 moralisch
474 3850 91 49 und
597 3851 305 49 ökonomisch
943 3852 109 50 sehr
1089 3852 259 66 gedrückte
1376 3853 130 68 Lage
1537 3853 80 51 des
1647 3853 84 69 jun-

189 3945 92 49 gen
320 3930 247 49 Künstlers
611 3931 80 49 hat
732 3931 77 49 ihn
856 3931 165 49 dictirt.
1078 3933 68 49 Er
1189 3932 162 51 wurde
1395 3941 151 42 zuerst
1586 3933 46 51 in
1674 3933 84 51 der

191 4007 278 51 Vossischen
498 4010 201 67 Zeitung
736 4010 147 52 1845
913 4011 365 60 veröffentlicht;
1322 4013 188 68 Thayer
1555 4013 82 51 hat
1678 4015 80 49 ihn

192 4088 85 50 mit
305 4090 150 49 Recht
484 4106 84 33 aus
597 4091 104 49 dem
733 4091 215 67 Original
988 4092 177 50 wieder
1202 4092 271 51 abdrucken
1512 4095 149 49 lassen
1691 4093 67 69 (S.

198 4166 148 67 167),
389 4167 120 51 denn
554 4186 52 33 er
648 4170 56 49 ist
746 4171 124 49 eines
913 4171 84 49 der
1028 4171 289 67 wichtigsten
1348 4173 296 51 Documente
1673 4190 85 34 aus

1868 274 305 49 Beethoven's
2200 277 293 65 Jugendzeit.
2555 278 107 51 Wir
2694 280 170 49 theilen
2903 281 79 51 ihn
3019 299 103 31 zum
3155 283 166 51 Tröste
3353 286 78 48 für

1859 352 148 67 junge
2031 355 316 50 Tonkünstler
2378 358 97 59 mit,
2506 357 72 51 die
2609 358 126 50 nicht
2764 360 87 48 wie
2881 360 294 68 Meyerbeer,
3198 365 203 49 Mendels-

1865 433 116 50 sohn
2013 451 43 32 u.
2089 436 56 48 A.
2177 436 65 49 als
2272 436 182 51 Kinder
2491 438 143 50 schon
2675 440 84 49 auf
2780 441 156 49 Kosen
2968 441 224 67 gebettet,
3236 445 81 48 mit
3348 446 55 48 wi-

1866 512 178 69 drigem
2075 513 266 52 Schicksale
2370 532 53 33 zn
2456 517 216 69 kämpfen
2703 518 171 52 haben.

1995 595 132 55 „Den
2167 595 82 50 15.
2281 597 356 52 Herbstmonat.
2973 602 132 50 Bonn
3146 602 161 51 1787.

2379 715 16 15 „
2411 677 514 66 Hochedelgebohrner

2272 756 269 56 „insonders
2576 760 203 48 werther
2812 761 211 48 Freund!

1993 831 151 56 „Was
2168 832 76 48 Sie
2270 850 85 32 von
2390 837 85 46 mir
2501 836 199 57 denken,
2732 838 122 50 kann
2886 841 68 48 ich
2989 841 137 48 leicht,
3155 842 272 60 schiiessen;

1862 911 103 48 dass
1990 912 75 47 Sie
2088 915 291 62 gegründete
2412 916 226 49 Ursachen
2671 918 171 55 haben,
2873 921 124 48 nicht
3023 921 294 51 vortheilhaft
3342 940 85 33 von

1862 991 88 48 mir
1978 1009 55 30 zu
2064 993 202 60 denken,
2296 995 124 49 kann
2451 995 70 49 ich
2554 996 146 49 Ihnen
2723 998 126 49 nicht
2875 1001 398 65 widersprechen;
3303 1001 119 52 doch

1859 1068 72 50 ich
1965 1070 90 49 will
2086 1071 120 49 mich
2238 1072 127 50 nicht
2402 1073 112 50 eher
2552 1076 372 66 entschuldigen,
2968 1078 69 50 bis
3077 1080 72 49 ich
3180 1080 74 50 die
3291 1099 105 33 Ursa-

1859 1151 117 48 chen
2009 1152 242 66 angezeigt
2280 1153 123 50 habe
2434 1153 224 51 wodurch
2690 1156 71 49 ich
2794 1157 156 50 hoffen
2981 1160 121 58 darf,
3142 1160 103 49 dass
3277 1162 151 50 meine

1858 1231 451 66 entschuldigungen
2331 1250 343 49 angenommen
2693 1236 205 51 werden,
2929 1237 70 50 ich
3024 1255 127 33 muss
3171 1240 145 49 Ihnen
3345 1241 53 50 be-

1857 1308 202 57 kennen,
2089 1311 121 62 dass,
2234 1313 193 49 seitdem
2454 1315 70 49 ich
2549 1331 85 32 von
2660 1317 259 65 Augsburg
2943 1318 185 66 hinweg
3156 1318 94 58 bin,
3277 1322 150 49 meine

1861 1390 202 58 Freude,
2106 1391 91 48 und
2238 1392 81 48 mit
2359 1393 71 49 ihr
2475 1395 152 48 meine
2657 1396 288 51 Gesundheit
2985 1398 183 65 begann
3199 1400 196 49 aufzubo-

1859 1485 107 40 ren;
2004 1467 49 67 je
2083 1471 145 48 näher
2257 1471 71 48 ich
2362 1472 176 48 meiner
2569 1473 267 50 Vaterstadt
2865 1477 126 55 kam,
3028 1477 48 66 je
3108 1480 132 45 mehr
3270 1480 154 48 Briefe

1858 1548 196 49 erhielte
2083 1550 70 48 ich
2186 1567 86 32 von
2305 1552 197 48 meinem
2540 1553 158 59 Vater,
2741 1556 324 63 geschwinder
3093 1575 52 30 zu
3179 1558 147 49 reisen
3359 1561 65 47 als

1858 1630 314 63 gewöhnlich,
2216 1631 59 48 da
2307 1632 151 48 meine
2487 1633 176 49 Mutter
2700 1635 127 48 nicht
2864 1637 43 48 in
2939 1637 246 66 günstigen
3217 1640 174 63 gesund-

1858 1707 398 51 heitsumständen
2290 1727 119 41 war;
2453 1712 69 48 ich
2555 1713 106 47 eilte
2691 1715 96 47 also
2818 1731 50 31 so
2898 1716 107 48 sehr
3033 1716 71 48 ich
3137 1719 287 59 vermochte,

1859 1786 58 49 da
1950 1787 70 48 ich
2051 1787 118 50 doch
2200 1790 143 48 selbst
2373 1792 256 65 unpässlich
2663 1793 188 50 wurde:
2883 1795 81 48 das
2994 1797 251 65 verlangen
3273 1799 152 48 meine

1861 1866 179 49 kranke
2072 1876 175 42 mutter
2282 1871 117 48 noch
2442 1872 168 50 einmal
2651 1875 141 48 sehen
2835 1892 53 31 zu
2928 1875 203 57 können,
3166 1884 141 42 setzte
3338 1879 87 48 alle

1861 1946 288 51 hindernisse
2181 1950 71 48 bei
2286 1951 87 47 mir
2403 1951 205 66 hinweg,
2638 1952 93 48 und
2764 1953 90 49 hall
2887 1956 86 47 mir
3002 1955 73 49 die
3099 1959 210 62 grössten
3336 1957 58 50 Be-

1858 2026 305 51 schwernisse
2193 2028 323 51 überwinden,
2573 2032 71 48 ich
2684 2032 96 50 traf
2812 2033 151 50 meine
2992 2036 178 48 Mutter
3198 2037 118 47 noch
3349 2053 78 38 an,

1861 2106 115 48 aber
2014 2107 45 48 in
2102 2106 89 49 den
2230 2108 264 51 elendesten
2529 2111 618 61 Gesundheitsumständen;
3190 2116 64 48 sie
3297 2116 127 48 hatte

1862 2185 72 48 die
1964 2186 346 49 scbwindsucht
2347 2187 92 50 und
2470 2190 129 48 starb
2643 2191 182 48 endlich
2870 2193 235 64 ungefähr
3149 2210 80 32 vor
3267 2195 157 49 sieben

1862 2263 220 51 Wochen
2113 2267 116 47 nach
2256 2267 143 50 vielen
2427 2268 377 51 überstandenen
2828 2272 268 48 schmerzen
3131 2273 91 47 und
3255 2273 168 50 leiden,

1861 2343 63 49 sie
1955 2361 99 32 war
2096 2346 86 48 mir
2225 2346 102 49 eine
2369 2364 51 31 so
2463 2356 113 57 gute
2614 2350 394 66 liebenswürdige
3046 2360 189 47 mutter,
3274 2355 153 47 meine

1863 2423 129 49 beste
2022 2425 263 57 Freundin;
2329 2427 52 48 o!
2422 2445 97 32 wer
2558 2445 98 32 war
2694 2431 288 63 glücklicher
3019 2432 65 49 als
3122 2432 87 61 ich,
3254 2434 58 48 da
3350 2434 73 48 ich

1859 2505 120 47 noch
2012 2503 88 50 den
2130 2508 159 46 süssen
2320 2507 183 50 Namen
2534 2516 174 41 mutter
2745 2511 312 66 aussprechen
3098 2511 189 56 konnte,
3331 2512 93 49 und

1861 2599 51 33 er
1943 2583 163 49 wurde
2136 2585 188 63 gehört,
2356 2587 91 48 und
2473 2604 121 33 wem
2627 2590 123 48 kann
2780 2590 71 48 ich
2883 2591 78 48 ihn
2986 2590 112 66 jetzt
3126 2592 177 64 sagen?
3335 2592 87 49 den

1858 2670 235 42 stummen
2124 2663 72 50 ihr
2224 2665 244 49 ähnlichen
2494 2666 197 57 bildern,
2722 2668 73 49 die
2821 2670 88 47 mir
2931 2671 153 47 meine
3105 2670 294 67 einbildurigs-

1859 2742 124 50 kraft
2012 2746 416 49 zusammensetzt?
2460 2762 50 32 so
2541 2747 138 65 lange
2708 2748 70 49 ich
2812 2750 99 47 hier
2935 2750 94 57 bin,
3060 2750 124 49 habe
3207 2751 70 48 ich
3303 2752 120 49 noch

1858 2822 184 66 wenige
2073 2827 258 62 vergnügte
2369 2826 199 48 stunden
2608 2844 243 48 genossen,
2891 2830 72 48 die
3006 2846 145 49 ganze
3179 2831 99 48 Zeit
3321 2831 75 48 hin-

1858 2900 149 50 durch
2053 2901 77 49 bin
2173 2903 71 49 ich
2291 2905 83 48 mit
2414 2903 84 51 der
2540 2906 374 67 engbrüstigkeit
2952 2908 207 50 behaftet
3188 2926 234 49 gewesen,

1861 2980 92 49 und
1985 2980 70 49 ich
2089 2997 126 33 muss
2246 2982 237 59 fürchten,
2514 2983 102 50 dass
2646 3002 85 50 gar
2754 2987 101 48 eine
2877 2989 344 48 Schwindsucht
3251 2989 169 49 daraus

1859 3060 257 58 entstehet;
2148 3061 117 49 dazu
2296 3062 181 50 kömmt
2506 3065 117 48 noch
2658 3067 295 54 raelankolie,
2985 3069 175 47 welche
3193 3070 77 47 für
3302 3071 117 46 mich

1858 3140 74 48 ein
1964 3140 87 48 fast
2080 3140 174 49 ebenso
2279 3159 181 48 grosses
2491 3145 108 48 übel
2630 3146 65 47 als
2727 3147 150 47 meine
2907 3147 247 49 krankbeit
3182 3149 142 48 selbst
3353 3150 69 47 ist.

1858 3218 183 51 denken
2074 3220 76 49 Sie
2180 3221 95 49 sich
2304 3222 114 66 jetzt
2456 3223 44 49 in
2531 3225 151 48 meine
2713 3227 121 64 läge,
2881 3227 91 49 und
3002 3229 70 45 ich
3107 3227 123 49 hoffe
3259 3245 135 48 Verge-

1859 3298 133 66 bung
2022 3298 80 50 für
2131 3301 122 49 mein
2284 3302 158 65 langes
2465 3303 358 67 stillschweigen
2850 3324 84 30 von
2959 3307 137 47 ihnen
3122 3325 52 29 zu
3197 3309 226 49 erhalten.

1859 3378 91 49 Die
1980 3380 452 52 ausserordentliche
2455 3386 112 61 güte
2592 3385 93 48 und
2712 3386 316 48 freundschaft
3051 3386 72 48 die
3146 3387 75 47 Sie
3248 3387 175 57 hatten,

1862 3456 88 51 mir
1979 3457 44 50 in
2055 3458 244 68 augsburg
2328 3460 98 50 drei
2456 3462 134 50 Krün
2619 3481 55 31 zu
2704 3463 169 55 leihen,
2905 3481 123 32 muss
3057 3465 71 48 ich
3152 3466 75 48 Sie
3262 3466 161 55 bitten,

1859 3536 121 51 noch
2012 3537 152 67 einige
2192 3540 255 49 Nachsicht
2478 3541 81 49 mit
2591 3543 88 47 mir
2705 3561 55 31 zu
2792 3542 171 59 haben,
2994 3546 149 48 meine
3175 3547 135 47 Reise
3343 3547 80 49 hat

1861 3617 120 50 mich
2014 3617 84 50 viel
2129 3618 230 66 gekostet,
2401 3622 97 47 und
2526 3622 74 48 ich
2630 3624 124 48 habe
2792 3624 97 48 hier
2921 3624 164 50 keinen
3117 3643 142 40 ersaz,
3303 3626 119 50 auch

1859 3696 91 51 den
1980 3697 269 66 geringsten
2277 3716 56 33 zu
2362 3700 185 58 hoffen;
2590 3702 82 49 das
2701 3704 251 49 schicksaal
2992 3705 101 49 hier
3131 3705 43 48 in
3206 3706 130 48 Bonn
3367 3706 56 47 ist

1859 3776 91 49 mir
1978 3777 127 50 nicht
2134 3780 202 66 günstig.

1992 3856 92 57 „sie
2113 3857 190 51 werden
2332 3860 260 59 verzeihen,
2623 3860 104 49 dass
2755 3861 71 50 ich
2856 3864 65 48 sie
2949 3880 51 32 so
3032 3864 136 67 lange
3198 3866 81 47 mit
3311 3866 82 48 mei-

1859 3951 107 33 nem
2012 3936 256 66 geplauder
2310 3938 319 67 aufgehalten,
2672 3941 111 50 alles
2813 3959 99 32 war
2949 3944 164 66 nötbig
3150 3963 53 30 zu
3249 3946 175 47 meiner

1859 4015 408 68 entscbuldigung.

1990 4096 101 57 „ich
2141 4096 115 51 bitte
2303 4098 82 58 sie,
2434 4098 88 49 mir
2572 4100 100 49 ihre
2721 4102 471 68 vererungswürdige
3236 4104 161 49 freund-

1859 4172 150 52 schaft
2051 4176 164 49 weiter
2258 4176 127 51 nicht
2420 4195 54 32 zu
2515 4195 240 51 versagen,
2793 4180 82 49 der
2917 4181 72 48 ich
3034 4182 148 50 nichts
3223 4199 51 33 so
3317 4184 108 49 sehr
