3538 4412
1666 127 102 53 331

118 281 236 56 wünsche,
395 281 65 47 als
502 281 119 48 mich
653 281 132 48 Ihrer
815 277 319 51 Freundschaft
1176 295 89 32 nur
1302 278 44 49 in
1378 285 145 42 etwas
1553 278 91 46 wür-

117 357 77 67 dig
222 376 53 32 zu
307 360 211 49 machen.

249 438 99 57 „ich
381 437 76 52 bin
490 438 81 50 mit
601 440 113 48 aller
743 435 333 67 hochachtung

570 518 100 59 „ihr
700 518 349 65 gehorsamster
1078 515 159 49 diener
1269 515 92 49 und
1393 513 164 51 freund

816 596 83 57 „L.
928 611 40 34 v.
999 596 282 56 Beethoven,

645 676 149 58 „kurf.
825 675 263 49 kölnischer

239 758 116 47 Dass
385 756 73 49 die
486 760 188 44 äussere
705 756 128 65 Lage
865 755 302 48 Beethoven's
1197 753 177 50 damals
1403 752 120 50 noch
1554 751 124 51 nicht

118 836 146 48 durch
298 836 74 49 die
413 835 341 49 Freundschaft
786 833 302 50 Waldstein's
1128 833 90 49 und
1261 833 274 65 Breuning's
1576 832 102 48 eine

117 916 185 48 bessere
333 915 273 66 geworden,
639 915 129 49 weist
797 915 186 66 Thayer
1016 915 81 45 mit
1126 921 143 56 guten
1302 912 223 50 Gründen
1558 911 120 49 nach

118 995 91 49 und
244 995 249 64 berichtigt
521 993 208 50 dadurch
761 993 72 50 die
866 993 231 64 bisherige
1129 992 315 64 Chronologie
1476 991 82 49 der
1586 991 60 48 Le-

117 1075 382 64 bensgescbichte
528 1075 321 55 Beethoven's,
883 1073 175 50 welche
1088 1072 84 51 auf
1196 1072 352 48 irrthümlichen
1580 1073 64 47 An-

117 1153 155 68 gaben
306 1153 263 68 Wegeler's
603 1153 215 50 beruhte.
879 1153 85 49 Die
998 1151 363 51 Bekanntschaft
1392 1152 81 48 mit
1502 1151 176 48 Beiden

115 1242 92 41 trat
236 1242 93 41 erst
357 1238 153 63 später
541 1233 86 50 ein.
669 1235 117 47 Dass
813 1233 174 65 Joseph
1020 1232 167 67 Haydn
1222 1232 71 48 bei
1323 1231 151 49 seiner
1505 1231 137 48 Anwe-

114 1312 181 50 senheit
322 1313 44 49 in
400 1313 131 50 Bonn
560 1312 84 50 auf
667 1311 83 51 der
782 1312 253 50 Rückreise
1067 1327 85 33 von
1177 1310 216 67 England
1424 1310 101 49 eine
1557 1308 91 51 Can-

115 1400 94 42 tate
239 1392 321 59 Beethoven's,
607 1391 74 49 die
710 1391 150 49 dieser
888 1391 95 49 ihm
1013 1391 224 65 vorlegte,
1275 1390 163 66 gelobt
1476 1388 92 50 und
1599 1390 79 48 ihn

114 1490 56 32 zu
211 1472 324 66 fortgesetzten
576 1471 195 49 Studien
813 1478 260 44 ermuntert
1111 1471 140 57 habe,
1290 1470 174 49 erzählt
1492 1470 186 66 Thayer

115 1552 119 50 nach
270 1553 244 64 Wegeier,
560 1551 91 49 und
698 1551 94 49 hält
836 1569 47 31 es
926 1551 118 49 auch
1090 1551 138 63 (nach
1272 1550 106 49 dem
1425 1550 253 64 Vorgange

115 1631 301 62 Schindlers)
465 1631 77 48 für
583 1630 404 55 wahrscheinlich,
1030 1628 104 51 dass
1185 1630 179 49 damals
1403 1628 73 49 die
1518 1628 160 49 zweite

118 1710 91 49 und
236 1711 79 48 für
338 1710 264 50 Beethoven
632 1727 50 32 so
714 1708 358 51 entscheidende
1095 1710 137 49 Reise
1255 1708 118 50 nach
1403 1708 141 50 Wien
1576 1724 77 31 vor-

119 1790 197 50 bereitet
347 1791 190 49 worden
568 1791 78 48 sei.

239 1870 144 49 Einen
415 1871 335 47 interessanten
783 1868 188 49 Bericht
1008 1868 126 49 eines
1176 1866 350 49 musicalischen
1554 1865 100 49 Zeit-

115 1965 226 49 genossen
382 1948 118 50 über
537 1950 72 48 die
650 1948 179 50 bonner
870 1947 188 66 Capelle
1098 1946 94 49 und
1237 1946 306 49 Beethoven's
1575 1945 78 49 Cla-

115 2028 210 66 vierspiel
364 2028 155 50 finden
564 2028 82 49 wir
676 2030 46 48 S.
754 2026 112 52 209
954 2026 128 51 215.
1143 2027 94 48 Der
1270 2026 227 48 Kurfürst
1528 2025 119 49 Maxi-

117 2108 156 49 milian
320 2110 147 47 Franz
512 2125 96 32 war
656 2107 207 66 zugleich
908 2106 329 48 Hochmeister
1293 2105 82 49 der
1424 2103 254 50 deutschen

115 2187 152 50 Ritter
298 2187 93 50 und
422 2188 140 49 nahm
594 2187 61 48 im
684 2187 145 48 Jahre
866 2185 141 50 1791
1044 2186 126 48 seine
1201 2185 188 66 Capelle
1420 2183 92 50 und
1545 2183 133 66 Oper

114 2267 87 48 mit
227 2266 121 51 nach
378 2267 184 48 Schloss
584 2266 226 51 Neuhaus
841 2265 75 49 bei
945 2265 358 66 Mergentheim.
1336 2263 201 50 Dorthin
1568 2262 107 51 kam

118 2347 72 50 ein
222 2346 175 68 Caplan
427 2347 181 50 Junker
637 2362 83 33 aus
750 2345 285 64 Kirchberg,
1073 2345 424 54 Musik-Dilettant,
1537 2343 102 50 Com-

117 2426 151 67 ponist
300 2426 92 49 und
424 2426 241 49 Verfasser
701 2425 343 49 musicalischer
1073 2423 235 58 Aufsätze,
1347 2423 73 49 die
1464 2422 120 50 eben
1625 2439 51 33 so

118 2505 88 49 wie
234 2505 124 49 seine
382 2505 436 50 Clavier-Concerte
849 2521 44 33 u.
922 2520 34 32 s.
990 2520 58 33 w.
1072 2519 244 49 vergessen
1345 2501 118 57 sind,
1495 2519 77 31 um
1603 2500 75 50 die

118 2585 188 67 Capelle
336 2604 52 30 zu
423 2586 164 56 hören,
630 2585 72 49 die
745 2585 132 48 einen
923 2582 328 51 bedeutenden
1281 2582 99 51 Ruf
1417 2582 130 48 hatte
1584 2581 91 49 und

117 2663 80 51 ihn
240 2665 119 48 auch
405 2665 248 48 verdiente.
709 2665 147 48 Unter
885 2662 215 50 Reicha's
1130 2662 201 65 Leitung
1363 2662 227 64 gehörten
1622 2677 52 31 zu

117 2745 73 49 ihr
235 2754 134 39 unter
408 2745 222 49 Anderen
677 2745 147 48 Franz
869 2743 125 58 Ries,
1034 2742 214 50 Andreas
1294 2742 93 48 und
1431 2740 243 52 Bernhard

121 2823 260 65 Romberg,
413 2823 90 50 und
536 2823 233 49 treffliche
801 2823 170 49 Bläser.
1029 2822 132 48 Auch
1194 2822 202 65 Ludwig
1426 2837 83 32 van
1543 2821 106 47 Beet-

121 2903 148 50 hoven
316 2920 98 32 war
456 2903 84 49 seit
580 2902 174 50 seinem
800 2902 302 50 achtzehnten
1133 2901 144 49 Jahre
1322 2902 65 47 als
1425 2900 253 49 Bratschist

121 2981 210 67 Mitglied
363 2981 260 56 derselben,
673 2997 95 32 was
808 2997 50 32 er
889 2981 94 48 vier
1010 2980 144 49 Jahre
1185 2981 108 63 lang
1326 2980 67 48 bis
1420 2996 53 32 zu
1504 2978 171 49 seinem

119 3062 235 66 Abgange
394 3062 115 50 nach
560 3062 141 48 Wien
745 3061 125 48 blieb
916 3060 92 48 und
1051 3060 210 49 dadurch
1305 3061 102 48 eine
1451 3058 227 50 herrliche

122 3141 305 66 Gelegenheit
463 3142 145 57 hatte,
650 3140 74 48 die
762 3138 129 50 beste
921 3138 278 50 Orchester-
1238 3138 92 50 und
1361 3138 315 66 Opernmusik

114 3221 135 67 jener
279 3221 197 49 Periode
507 3221 181 49 kennen
719 3237 52 32 zu
803 3220 160 48 lernen
993 3218 94 49 und
1117 3218 262 68 praktische
1403 3218 246 50 Orchester-

121 3300 236 50 kenntniss
386 3317 53 32 zu
468 3300 242 49 sammeln.
766 3297 157 51 Ueber
951 3297 156 50 seinen
1142 3298 179 49 Besuch
1351 3305 183 42 stattete
1562 3297 86 48 Jun-

122 3381 82 48 ker
242 3381 133 48 einen
409 3380 188 48 Bericht
636 3380 43 48 in
722 3378 220 50 Bossler's
983 3377 376 57 „Musicalischer
1391 3378 256 64 Correspon-

305 3458 167 68 (1791
510 3476 103 33 vom
645 3457 89 52 23.
759 3456 282 66 November)
1072 3457 77 56 ab,
1180 3457 87 48 den
1299 3458 187 64 Thayer
1515 3457 135 62 aufge-

121 3540 180 49 trieben
334 3540 80 48 hat
444 3538 93 50 und
569 3538 228 50 mittheilt.
856 3537 143 48 Darin
1045 3536 139 48 heisst
1220 3554 65 39 es,
1328 3536 228 48 nachdem
1598 3537 80 47 das

122 3620 278 63 Programm
425 3617 84 50 der
531 3617 283 50 Tafelmusik
848 3616 93 48 und
971 3616 79 47 des
1073 3615 375 49 Hof-Concertes
1478 3615 172 64 (Ouver-

121 3705 105 42 türe
253 3715 53 30 zu
338 3698 106 49 Don
467 3698 141 58 Juan,
637 3697 266 48 Sinfonieen
933 3712 85 31 von
1049 3696 195 55 Mozart,
1276 3696 170 66 Pleyel,
1483 3696 163 48 Winne-

121 3777 189 66 berger,
341 3777 481 50 Violoncell-Concert
849 3792 86 33 von
966 3776 50 48 B.
1046 3773 259 65 Romberg,
1350 3776 299 66 Doppel-Con-

121 3865 97 42 cert
249 3874 84 31 von
367 3856 162 49 beiden
565 3856 238 65 Romberg
836 3874 41 30 u.
909 3872 33 32 s.
975 3853 75 65 w.)
1083 3855 287 63 besprochen
1404 3856 216 48 worden:

216 3971 10 11 .
251 3936 159 58 „Noch
443 3937 136 48 hörte
609 3936 69 48 ich
711 3936 132 48 einen
875 3935 82 49 der
996 3938 209 61 grössten
1236 3935 177 64 Spieler
1457 3935 82 48 auf
1572 3936 106 48 dem

123 4015 196 54 Ciavier,
363 4015 86 48 den
496 4015 149 48 lieben
688 4022 142 56 guten
877 4013 315 55 Bethofen,
1238 4030 85 32 von
1366 4015 224 47 welchem
1633 4015 45 48 in

121 4095 82 49 der
231 4096 307 66 speierischen
570 4096 293 47 Blumenlese
902 4111 100 32 vom
1032 4093 144 50 Jahre
1215 4092 145 51 1783
1393 4095 180 48 Sachen
1606 4112 48 30 er-

119 4175 235 58 schienen,
385 4175 72 49 die
488 4191 48 32 er
566 4175 143 49 schon
739 4175 60 48 im
830 4173 153 50 eilften
1012 4173 144 50 Jahre
1186 4181 171 57 gesetzt
1389 4173 93 50 hat.
1539 4175 139 48 Zwar

1780 273 103 49 Liess
1925 290 51 32 er
2017 272 96 48 sich
2156 269 127 51 nicht
2324 271 60 48 im
2423 271 298 49 öffentlichen
2753 269 231 50 Concerte
3021 268 169 59 hören,
3235 268 102 51 weil

1782 351 223 51 vielleicht
2027 351 82 51 das
2131 351 289 49 Instrument
2440 351 156 48 seinen
2620 349 278 51 Wünschen
2921 347 128 51 nicht
3071 347 272 67 entsprach;

1780 447 49 35 es
1867 447 99 33 war
2008 432 72 50 ein
2119 428 293 70 spathischer
2450 429 180 65 Flügel,
2673 428 93 50 und
2810 446 51 32 er
2902 428 57 50 ist
2997 428 45 50 in
3083 428 135 50 Bonn
3262 445 54 48 ge-

1782 513 176 56 wohnt,
2000 529 90 31 nur
2132 509 85 51 auf
2253 509 152 50 einem
2445 508 285 51 Steinischen
2766 526 53 32 zu
2860 508 187 68 spielen.
3105 506 239 59 Indessen,

1780 607 97 35 was
1906 591 89 49 mir
2023 589 249 51 unendlich
2302 589 148 51 lieber
2480 606 116 39 war,
2635 588 133 50 hörte
2805 588 71 50 ich
2915 588 77 50 ihn
3024 587 319 69 phantasiren,

1774 669 67 68 ja,
1881 669 72 50 ich
1987 668 163 51 wurde
2182 686 141 50 sogar
2361 668 143 50 selbst
2540 667 336 67 aufgefordert,
2921 667 95 49 ihm
3057 667 72 49 ein
3160 666 183 52 Thema

1779 769 53 30 zu
1867 749 399 67 Veränderungen
2306 748 308 66 aufzugeben.
2671 748 109 50 Man
2810 747 124 49 kann
2964 746 74 49 die
3068 747 273 51 Virtuosen-

1782 831 171 48 Grösse
2001 830 146 50 dieses
2196 830 169 58 lieben,
2413 827 410 66 leisegestimmten
2874 827 213 61 Mannes,
3133 826 89 49 wie
3269 826 72 49 ich

1780 908 190 66 glaube,
2008 908 151 50 sicher
2200 908 262 50 berechnen
2507 907 118 50 nach
2657 906 105 49 dem
2805 906 198 49 beinahe
3034 904 279 68 unerschöpf-

1780 988 148 50 lichen
1959 988 312 50 Reichthume
2310 988 150 49 seiner
2499 988 158 55 Ideen,
2701 984 117 51 nach
2864 984 82 49 der
2988 1002 116 48 ganz
3147 986 196 63 eigenen

1778 1070 183 49 Manier
1990 1068 80 49 des
2100 1067 271 51 Ausdrucks
2400 1068 149 49 seines
2579 1067 149 66 Spiels
2770 1064 94 50 und
2897 1066 115 48 nach
3045 1064 83 50 der
3160 1066 156 66 Fertig-

1779 1148 109 56 keit,
1920 1148 83 50 mit
2032 1148 201 49 welcher
2262 1165 49 30 er
2338 1148 146 65 spielt.
2516 1147 76 48 Ich
2621 1150 169 44 wüsste
2821 1146 96 48 also
2946 1144 143 58 nicht,
3120 1160 96 34 was
3246 1144 95 50 ihm

1778 1245 80 33 zur
1904 1228 170 50 Grösse
2116 1227 78 50 des
2240 1228 244 47 Künstlers
2527 1226 118 49 noch
2692 1224 150 51 fehlen
2887 1224 148 50 sollte.
3096 1223 79 50 Ich
3221 1223 123 50 habe

1782 1307 256 66 Voglern
2070 1306 83 49 auf
2177 1306 105 49 dem
2315 1304 281 68 Fortepiano
2627 1303 105 68 (von
2762 1304 174 49 seinem
2969 1302 266 67 Orgelspiel
3265 1318 52 33 ur-

1779 1387 139 50 theile
1948 1387 70 50 ich
2050 1387 142 56 nicht,
2224 1387 101 48 weil
2357 1386 70 49 ich
2457 1384 78 50 ihn
2565 1384 74 51 nie
2671 1384 83 50 auf
2777 1384 83 49 der
2890 1383 148 66 Orgel
3068 1381 155 66 hörte)
3262 1398 54 51 ge-

1779 1467 125 55 hört,
1946 1467 66 48 oft
2053 1467 169 65 gehört
2266 1466 91 48 und
2404 1465 208 49 Stunden
2657 1465 105 64 lang
2807 1463 185 66 gehört,
3036 1461 96 50 und
3175 1462 169 49 immer

1779 1547 126 50 seine
1934 1546 451 49 ausserordentliche
2417 1543 257 68 Fertigkeit
2713 1543 293 57 bewundert,
3050 1541 117 51 aber
3208 1542 102 50 Bet-

1782 1627 170 50 hofen
1984 1627 55 47 ist
2067 1642 160 33 ausser
2250 1626 83 48 der
2361 1623 253 66 Fertigkeit
2643 1622 329 69 sprechender,
3003 1621 342 59 bedeutender,

1780 1705 418 57 ausdrucksvoller,
2230 1705 127 55 kurz,
2389 1703 133 50 mehr
2554 1705 77 47 für
2662 1705 81 48 das
2766 1705 149 47 Herz:
2945 1702 95 48 also
3073 1701 73 49 ein
3175 1717 51 33 so
3255 1719 58 48 gu-

1780 1793 69 41 ter
1873 1785 207 64 Adagio-
2113 1785 65 48 als
2202 1783 377 66 Allegrospieler.
2610 1782 153 50 Selbst
2788 1782 72 48 die
2888 1779 320 51 sämmtlichen
3238 1796 78 33 vor-

1782 1865 260 49 trefflichen
2074 1865 179 64 Spieler
2296 1863 149 49 dieser
2475 1862 188 66 Capelle
2708 1861 99 49 sind
2851 1859 124 51 seine
3021 1858 323 51 Bewunderer

1783 1945 93 49 und
1907 1961 116 48 ganz
2052 1943 121 56 Ohr,
2205 1960 135 32 wenn
2371 1960 49 30 er
2446 1942 147 66 spielt.
2624 1942 103 48 Nur
2751 1959 50 31 er
2824 1939 56 51 ist
2902 1939 84 50 der
3010 1938 334 59 Bescheidene,

1782 2025 122 48 ohne
1933 2025 87 47 alle
2051 2023 291 66 Ansprüche.
2394 2021 156 49 Indess
2579 2019 193 68 gestand
2804 2037 51 32 er
2884 2018 138 60 doch,
3052 2017 104 51 dass
3186 2035 52 33 er
3266 2017 81 51 auf

1779 2105 158 48 seinen
1962 2103 185 57 Reisen,
2178 2102 72 50 die
2280 2103 77 49 ihn
2387 2102 94 48 sein
2516 2101 226 48 Kurfürst
2772 2100 196 49 machen
2998 2100 121 55 liess,
3149 2097 74 51 bei
3254 2097 89 51 den

1782 2182 335 50 bekanntesten
2172 2188 141 59 guten
2367 2180 382 66 Clavierspielern
2794 2178 145 50 selten
2983 2177 83 50 das
3106 2176 238 67 gefunden

1780 2262 140 56 habe,
1967 2279 94 31 was
2090 2279 51 31 er
2169 2280 52 30 zu
2254 2268 234 42 erwarten
2527 2261 95 48 sich
2654 2260 262 64 berechtigt
2945 2257 226 67 geglaubt
3200 2256 143 51 hätte.

1778 2341 108 51 Sein
1916 2342 122 65 Spiel
2074 2338 345 51 unterscheidet
2461 2338 94 50 sich
2602 2338 118 50 auch
2765 2355 49 32 so
2857 2337 110 50 sehr
3010 2354 86 33 von
3139 2336 84 49 der
3261 2352 53 50 ge-

1779 2422 292 50 wöhnlichen
2098 2422 102 55 Art,
2230 2420 81 50 das
2338 2420 180 49 Ciavier
2542 2436 55 31 zu
2624 2417 280 57 behandeln,
2936 2416 104 49 dass
3071 2432 47 33 es
3146 2416 194 57 scheint,

1778 2502 65 47 als
1874 2501 122 48 habe
2026 2517 50 31 er
2104 2500 93 48 sieb
2230 2500 131 48 einen
2395 2515 116 48 ganz
2550 2497 194 67 eigenen
2779 2496 127 66 Weg
2937 2494 187 51 bahnen
3157 2494 186 58 wollen,

1779 2599 76 31 um
1887 2599 52 30 zu
1972 2580 103 48 dem
2098 2581 124 47 Ziele
2245 2578 84 50 der
2351 2577 299 66 Vollendung
2678 2595 54 30 zu
2763 2577 239 57 kommen,
3033 2591 57 33 an
3115 2574 226 50 welchem

1779 2676 50 33 er
1852 2660 111 64 jetzt
1992 2660 133 47 steht.
2160 2660 140 48 Hätte
2329 2657 74 50 ich
2434 2656 105 49 dem
2572 2656 288 66 dringenden
2888 2653 246 52 Wunsche
3165 2653 176 50 meines

1782 2740 237 48 Freundes
2065 2738 316 56 Bethofen,
2424 2736 88 49 den
2556 2736 118 49 auch
2727 2736 124 48 Herr
2903 2732 438 67 Winneberger

1779 2822 318 51 unterstützte,
2128 2817 177 66 gefolgt
2328 2816 91 49 und
2446 2820 123 45 wäre
2591 2815 117 49 noch
2741 2813 134 50 einen
2899 2815 102 64 Tag
3029 2812 44 50 in
3099 2812 209 66 Mergent-

1779 2898 122 50 heim
1932 2898 264 65 geblieben,
2243 2897 70 48 ich
2358 2896 188 65 glaube,
2591 2896 123 47 Herr
2754 2893 289 50 Bethofen
3094 2892 127 51 hätte
3250 2891 89 51 mir

1778 2977 209 50 Stunden
2033 2978 107 63 lang
2183 2975 290 66 vorgespielt,
2517 2973 93 50 und
2648 2975 44 47 in
2733 2972 84 50 der
2848 2971 305 51 Gesellschaft
3190 2971 153 49 dieser

1780 3057 166 50 beiden
1986 3074 188 48 grossen
2220 3056 220 47 Künstler
2484 3053 124 50 hätte
2650 3052 96 50 sich
2785 3052 84 50 der
2899 3053 102 65 Tag
3033 3052 78 47 für
3139 3051 121 48 mich
3290 3048 46 51 in

1780 3137 132 48 einen
1947 3137 100 62 Tag
2076 3136 82 48 der
2187 3140 227 43 süssesten
2452 3133 193 51 Wonne

1899 3216 87 48 Die
2015 3216 157 53 Stelle,
2216 3215 43 47 in
2301 3213 203 50 welcher
2534 3212 265 50 Beethoven
2838 3229 54 31 zu
2920 3209 181 51 Junker
3130 3226 88 33 von
3249 3207 90 52 den

1791 3295 195 58 „Reisen
2010 3295 190 64 spricht,
2224 3293 72 50 die
2328 3293 77 49 ihn
2434 3293 97 49 sein
2558 3292 228 48 Kurfürst
2815 3289 196 53 machen
3241 3305 75 34 ver-

1780 3375 188 49 ursacht
2013 3375 72 48 bei
2117 3375 149 48 einem
2309 3372 386 67 gewissenhaften
2727 3371 245 57 Forscher,
3017 3370 88 49 wie
3135 3370 205 67 Thayer,

1782 3453 326 50 bedenkliches
2151 3452 375 66 Kopfschütteln,
2578 3451 102 49 weil
2721 3450 111 67 jene
2876 3451 305 63 Aeusserung
3223 3448 118 50 allen

1780 3535 294 48 Thatsachen
2107 3532 335 67 widerspricht.
2499 3532 55 48 Ei
2593 3547 113 41 nun,
2749 3530 84 49 der
2864 3528 148 69 junge
3044 3530 188 49 Bonner
3260 3527 83 51 hat

1780 3613 106 50 dem
1926 3612 233 50 Fremden
2202 3611 274 67 gegenüber
2517 3610 174 49 seinem
2737 3608 231 68 gnädigen
3007 3608 158 50 Herrn
3208 3606 136 51 mehr

1779 3693 130 49 Ehre
1938 3693 189 65 erzeigt,
2165 3693 65 49 als
2260 3709 50 31 er
2339 3692 43 48 in
2417 3692 155 64 Bezug
2602 3688 84 51 auf
2711 3688 154 51 diesen
2895 3687 157 51 Punkt
3080 3684 259 53 verdiente:

1780 3773 82 49 das
1892 3771 154 51 dürfte
2078 3772 123 50 wohl
2231 3771 73 49 die
2334 3770 250 49 einfachste
2612 3770 196 64 Lösung
2836 3767 80 51 des
2950 3766 211 51 Räthsels
3189 3764 113 51 sein.

1899 3852 129 50 Beim
2060 3851 282 51 Abschlüsse
2370 3850 85 50 der
2483 3850 181 49 bonner
2694 3847 196 52 Periode
2920 3847 133 50 sucht
3078 3847 188 66 Thayer
3296 3844 45 50 in

1780 3932 150 50 einem
1962 3931 291 49 besonderen
2286 3930 207 66 Capitel:
2544 3927 152 60 „Was
2727 3928 80 50 hat
2837 3926 264 49 Beethoven
3132 3926 43 48 in
3208 3926 133 48 Bonn

2145 4011 80 48 das
2263 4011 191 49 Räthsel
2504 4008 120 50 über
2663 4007 74 50 die
2772 4007 195 66 geringe
3011 4003 332 52 Productivität

1780 4090 242 50 desselben
2075 4090 70 48 bei
2197 4088 105 50 dem
2356 4088 185 65 Mangel
2593 4104 56 33 an
2701 4085 353 52 authentischen
3099 4082 241 52 Beweisen

1780 4170 148 49 durch
1961 4170 390 64 Vermuthungen
2381 4186 52 32 zu
2466 4168 140 50 lösen.
2664 4165 264 67 Allerdings
2958 4165 122 49 steht
3110 4162 229 51 bekannt-

3025 4242 72 69 [*]
