2449 4164
1166 351 112 56 379

328 473 96 47 J'ai
451 473 70 58 lu,
554 487 62 33 en
648 487 99 34 une
774 475 283 59 chronique
1091 475 65 45 du
1184 488 88 32 xvi
1278 479 18 24 e
1324 470 152 47 siècle
1512 467 152 62 qu'un
1684 467 153 44 brave
1868 461 304 58 lansquenet

261 547 151 58 ayant
461 545 144 46 frotté
643 559 89 45 par
764 545 91 59 jeu
898 547 46 44 le
996 545 119 47 fond
1147 545 61 46 de
1246 557 93 34 son
1378 553 144 35 verre
1574 539 178 46 contre
1791 535 47 45 la
1886 545 130 46 peau
2060 529 113 48 d'un

264 615 233 47 baudrier
522 615 70 47 vit
619 616 213 46 soudain
863 630 99 33 une
992 615 227 46 étincelle
1250 614 225 46 bleuâtre
1505 609 153 62 jaillir
1684 607 61 45 de
1769 606 49 46 la
1838 602 201 49 friction
2059 615 114 33 vers

264 686 50 47 la
369 686 171 60 pointe
572 687 61 46 de
664 700 58 33 sa
760 687 162 55 dague
968 687 218 59 déposée
1228 684 65 57 là,
1338 696 116 33 nue.
1498 680 39 47 Il
1575 693 61 33 en
1682 680 80 44 eut
1795 676 263 56 beaucoup
2110 672 61 46 de

266 756 199 60 frayeur
498 757 48 46 et
570 759 152 45 conta
748 759 202 57 partout
974 756 46 46 le
1048 755 225 47 miracle.
1307 754 97 45 Ses
1456 750 312 53 camarades,
1807 747 149 56 ayant
1987 756 184 46 aperçu

267 826 263 49 l'étincelle
562 827 358 48 confirmèrent
953 841 92 33 son
1070 827 123 46 dire.
1232 825 131 47 Mais
1388 825 73 45 les
1498 821 191 48 soldats
1722 820 49 45 et
1800 817 72 46 les
1904 814 267 56 seigneurs

269 911 55 33 se
355 897 299 60 moquèrent
690 897 140 47 d'eux
860 898 66 56 et,
957 897 194 58 depuis,
1167 897 47 44 le
1254 895 302 57 lansquenet
1598 893 84 43 eut
1707 889 132 45 beau
1877 886 174 45 frotter
2078 897 93 33 son

271 968 232 47 baudrier
535 982 119 33 avec
682 971 113 43 tous
818 968 74 47 les
922 968 149 46 fonds
1125 967 61 44 de
1223 978 172 35 verres
1433 962 120 61 qu'il
1592 961 285 53 rencontra,
1909 953 262 47 l'étincelle

267 1039 328 60 mystérieuse
626 1052 63 32 ne
715 1052 54 32 se
800 1037 248 59 produisit
1075 1035 183 60 jamais
1284 1035 128 58 plus.
1453 1032 78 47 On
1570 1032 46 44 le
1658 1029 148 47 traita
1846 1025 326 57 d'imposteur

267 1109 51 46 et
347 1109 88 55 lui,
470 1109 84 43 sûr
583 1109 65 43 du
681 1107 226 57 miracle,
935 1105 107 46 finit
1070 1118 88 46 par
1186 1104 207 46 devenir
1424 1102 84 45 fol.

329 1178 67 47 Ce
418 1179 102 44 bon
550 1178 305 58 lansquenet
897 1176 131 46 avait
1061 1175 344 46 évidemment
1440 1170 261 61 provoqué
1731 1169 257 48 l'éclosion
2027 1170 145 46 d'une

263 1248 233 45 étincelle
525 1260 89 47 par
663 1248 47 44 le
756 1245 227 60 principe
1014 1244 166 45 même
1228 1241 253 61 appliqué,
1517 1242 130 45 deux
1686 1239 181 47 siècles
1899 1242 113 58 plus
2040 1239 129 58 tard,

264 1320 126 44 dans
419 1317 47 46 la
497 1317 348 47 construction
908 1316 60 46 de
1000 1315 47 46 la
1076 1315 234 46 machine
1341 1312 275 56 électrique
1661 1312 65 44 où
1771 1324 97 33 une
1915 1324 126 33 roue
2093 1310 54 46 de-

266 1403 142 34 verre
431 1390 240 46 tournant
703 1387 143 47 entre
877 1387 179 60 quatre
1089 1385 288 47 coussinets
1405 1385 60 44 de
1509 1382 107 47 cuir
1655 1382 258 57 engendre
1942 1382 46 46 le
2020 1381 152 47 fluide

262 1462 51 46 et
337 1461 47 46 le
414 1461 85 46 feu
522 1474 127 45 pour
671 1472 98 46 peu
800 1456 151 61 qu'on
982 1456 256 60 approche
1279 1469 98 33 une
1416 1455 170 59 pointe
1614 1453 65 45 du
1703 1452 198 58 plateau
1927 1453 245 46 rotateur.

323 1530 141 48 Nous
488 1542 222 34 sommes
752 1540 186 34 encore
968 1540 61 31 en
1065 1526 182 57 magie,
1301 1523 95 47 tels
1434 1536 95 46 que
1566 1536 57 33 ce
1644 1522 102 47 bon
1783 1522 304 58 lansquenet
2116 1535 53 33 se

261 1603 218 46 trouvait
501 1615 61 33 en
595 1599 293 59 électrique.
921 1596 141 48 Nous
1078 1596 230 47 utilisons
1341 1608 66 33 un
1446 1608 96 46 peu
1574 1594 113 57 plus
1736 1593 61 46 de
1825 1593 195 46 théorie
2051 1606 118 33 sans

262 1673 155 46 doute
441 1686 11 44 ;
484 1672 144 58 mais,
661 1668 391 61 pratiquement,
1087 1682 130 30 nous
1238 1664 205 48 n'avons
1467 1665 154 55 guère
1653 1664 45 46 le
1720 1677 89 44 pas
1834 1676 85 33 sur
1943 1662 92 47 lui.
2068 1662 100 47 Les

263 1742 351 59 phénomènes
639 1738 433 62 hyperphysiques
1096 1749 54 33 se
1175 1735 301 60 produisent
1496 1747 220 47 presque
1746 1733 237 58 toujours
2011 1733 130 59 inopi-

263 1814 225 57 nément,
521 1814 175 46 contre
718 1823 94 32 nos
837 1808 327 58 conjectures
1197 1806 48 46 et
1278 1806 141 46 selon
1458 1806 89 45 des
1589 1804 376 47 circonstances
1997 1804 140 58 juxta-

262 1885 184 59 posées
475 1897 89 45 par
597 1884 89 44 des
715 1881 97 46 lois
842 1879 402 57 indépendantes
1278 1877 61 46 de
1358 1879 146 43 notre
1538 1886 229 36 examen.

324 1954 72 45 Le
421 1952 101 47 bon
553 1951 302 59 lansquenet
884 1947 146 47 eut-il
1061 1961 66 45 pu
1152 1949 109 44 tuer
1292 1960 66 32 un
1404 1959 189 47 pauvre
1632 1945 87 46 fou
1748 1956 123 33 avec
1901 1956 93 35 son
2030 1942 105 49 étin-

259 2025 127 46 celle
413 2025 61 46 de
496 2020 219 49 hasard?
746 2022 104 55 Que
878 2018 71 47 M.
976 2017 141 47 Jules
1148 2020 117 44 Bois
1297 2018 241 56 réponde.

323 2092 148 47 Voilà
494 2092 250 60 pourquoi
769 2102 91 35 son
883 2088 101 46 tort
1009 2088 77 46 est
1105 2088 161 57 grand
1294 2086 183 47 d'avoir
1496 2084 242 61 impliqué
1750 2088 125 45 dans
1894 2100 98 34 une
2012 2087 120 60 hypo-

259 2163 139 47 thèse
424 2163 191 59 injuste
644 2175 67 31 un
743 2161 175 45 savant
939 2170 200 34 comme
1155 2157 71 46 M.
1261 2158 61 45 de
1354 2157 192 47 Guaita.
1571 2156 40 45 Il
1640 2159 119 56 peut
1777 2156 197 48 différer
2004 2157 131 60 d'opi-

257 2234 118 46 nion
400 2247 87 33 sur
515 2233 72 46 les
614 2231 237 53 théories,
868 2228 123 44 mais
1015 2228 169 58 quand
1212 2228 33 44 il
1274 2227 225 59 exprime
1520 2227 74 45 les
1618 2227 328 57 divergences
1962 2228 61 46 de
2037 2239 121 33 vues

254 2304 36 46 il
333 2304 192 46 devrait
572 2303 199 57 garder,
805 2312 63 33 en
896 2311 57 33 ce
983 2298 158 58 point,
1166 2298 268 58 beaucoup
1472 2297 61 45 de
1560 2309 204 35 mesure
1797 2298 49 46 et
1872 2298 61 46 de
1965 2297 187 47 sûreté.

254 2374 99 47 Les
375 2373 160 47 essais
567 2387 86 33 sur
671 2373 73 46 les
771 2370 236 49 Sciences
1038 2366 263 49 Maudites
1321 2369 58 46 de
1412 2366 77 47 M.
1515 2368 61 45 de
1608 2366 183 47 Guaita
1823 2370 114 43 sont
1965 2368 47 45 le
2044 2369 111 57 plus

254 2445 132 47 beau
414 2444 176 47 travail
611 2439 385 62 contemporain
1021 2452 97 45 que
1165 2453 132 33 nous
1321 2438 307 58 possédions
1677 2439 349 46 relativement
2064 2452 95 31 aux

256 2516 184 46 choses
461 2514 242 47 occultes.
733 2512 94 47 Ces
852 2511 157 47 livres
1035 2510 318 58 témoignent
1378 2509 149 47 d'une
1561 2510 192 57 grande
1778 2507 197 61 probité
1997 2509 132 45 scien-

254 2585 172 58 tifique
450 2586 48 46 et
520 2585 144 46 d'une
687 2582 252 49 érudition
962 2582 355 49 merveilleuse
1341 2580 117 46 unie
1487 2592 61 34 en
1576 2592 65 34 un
1665 2581 229 57 puissant
1923 2580 149 57 génie
2093 2580 62 46 de

254 2656 261 61 synthèse.
531 2657 67 46 M.
630 2655 142 47 Jules
799 2655 119 45 Bois
951 2669 147 34 aune
1128 2652 263 47 meilleure
1420 2665 173 33 œuvre
1616 2655 25 42 à
1660 2651 362 58 entreprendre
2058 2662 96 47 que

253 2725 352 48 l'amusement
637 2726 90 44 des
748 2725 226 47 badauds
997 2725 48 45 et
1072 2725 90 45 des
1190 2722 313 47 courtisanes
1531 2723 235 45 contents
1785 2722 59 44 de
1871 2721 98 47 rire
1992 2721 40 44 si
2064 2721 90 45 des

253 2800 234 44 hommes
520 2794 368 60 d'intelligence
920 2797 48 46 et
996 2796 47 45 le
1077 2807 221 45 courage
1331 2807 54 32 se
1426 2792 282 60 querellent
1735 2789 205 63 jusqu'à
1983 2791 144 58 dégai-

253 2882 107 33 ner.
380 2868 132 55 Qu'il
544 2868 174 59 ajoute
748 2880 96 33 aux
887 2867 157 46 Noces
1087 2866 61 45 de
1174 2863 203 47 Sathan
1412 2863 61 47 de
1527 2863 129 47 bons
1697 2863 288 58 opuscules.
2013 2862 141 47 Nous

254 2954 132 32 nous
413 2952 61 33 en
497 2938 296 60 réjouirons
823 2951 151 45 parce
1004 2949 95 46 que
1131 2937 147 45 notre
1329 2948 214 33 cerveau
1573 2938 234 42 trouvera
1839 2933 259 47 sûrement
2129 2935 26 44 à

252 3010 72 63 s'y
348 3009 219 47 nourrir.
602 3007 130 48 Mais
766 3007 121 59 qu'il
906 3007 152 47 laisse
1082 3008 47 44 la
1155 3005 188 62 parade
1371 3007 26 43 à
1439 3004 75 46 M.
1546 3001 240 49 Péladan.

314 3079 61 47 Et
399 3080 130 59 puis,
565 3078 221 47 n'est-ce
807 3092 90 45 pas
938 3078 115 47 bien
1095 3075 391 50 contradictoire
1527 3088 82 33 ces
1635 3074 250 47 violences
1917 3084 237 48 promues

248 3154 29 44 à
305 3150 265 48 l'actualité
596 3163 89 47 par
717 3150 90 46 des
831 3149 232 47 hommes
1089 3149 83 61 qui
1193 3146 242 61 prêchent
1462 3144 208 48 l'amour
1701 3144 291 48 universel?
2013 3145 142 47 Nous

249 3238 132 31 nous
413 3222 250 59 efforçons
690 3221 61 46 de
777 3221 251 59 protester
1063 3221 174 46 contre
1269 3219 48 45 la
1346 3230 197 43 guerre.
1578 3216 143 50 Voilà
1749 3229 116 45 que,
1891 3229 127 45 pour
2065 3215 89 46 des

249 3292 125 59 jeux
398 3292 61 46 de
485 3292 211 56 gazette,
717 3304 130 33 nous
879 3290 286 47 cherchons
1204 3287 370 61 l'égorgement
1602 3285 212 47 mutuel.

311 3361 176 54 Quelle
512 3362 69 45 foi
611 3362 291 45 donnerons
929 3375 130 32 nous
1085 3374 94 31 aux
1204 3357 319 64 pécheurs,si
1550 3371 129 32 nous
1707 3370 131 31 nous
1868 3352 259 58 enorgueil-

249 3431 186 48 lissons
466 3432 61 44 de
572 3431 221 58 pécher?

1666 3495 152 45 PAUL
1849 3493 175 47 ADAM.
