2449 4164
1177 452 115 58 356

270 606 385 78 ponsabilité
699 604 196 60 fatale
946 604 92 60 les
1082 604 292 73 domine;
1423 604 219 76 quand
1689 604 80 60 ils
1803 623 76 42 ne
1914 607 276 60 côtoient

270 712 114 60 pas
410 694 65 59 la
503 694 176 70 folie,
720 692 214 77 quand
967 692 83 60 ils
1083 711 77 41 ne
1209 696 147 54 sont
1390 710 115 59 pas
1550 692 92 60 les
1689 696 496 73 exceptionnels,

271 785 93 58 les
396 783 225 59 affolés
654 783 156 59 dont
840 782 47 57 il
920 782 143 59 s'est
1092 783 109 75 plu
1230 781 408 79 quelquefois
1667 787 37 54 à
1728 788 244 54 scruter
1997 785 161 61 l'obs-

273 891 113 42 cur
419 874 58 58 et
520 874 371 76 dangereux
923 872 413 70 mécanisme,
1374 871 81 60 ils
1508 870 392 77 paraissent,
1950 874 75 59 de
2075 895 118 59 par

269 962 141 59 leur
462 961 418 60 insuffisance
923 960 76 60 de
1045 960 282 71 volonté,
1385 961 297 60 émiettée
1727 964 423 75 quotidienne-

271 1056 176 54 ment
480 1068 122 40 aux
631 1050 369 76 mesquines
1032 1050 337 78 besognes,
1411 1068 123 40 aux
1567 1054 198 56 sottes
1808 1053 375 76 ambitions,

273 1155 125 42 aux
463 1139 258 58 inutiles
781 1139 221 58 efforts
1054 1157 119 58 que
1225 1139 316 60 nécessite
1596 1138 140 59 leur
1802 1142 246 76 milieu,
2107 1147 81 61 ils

270 1227 362 78 paraissent
661 1232 197 54 voués
882 1228 303 60 d'avance
1218 1233 36 53 à
1285 1247 122 41 une
1433 1228 285 60 manière
1761 1229 385 80 d'imperson-

270 1318 194 57 nalité
496 1315 468 79 passionnelle;
1000 1323 37 52 à
1068 1317 172 59 force
1276 1317 75 58 de
1386 1317 181 58 s'être
1596 1319 273 59 asservis
1903 1338 124 42 aux
2060 1324 124 64 lois

270 1407 297 70 sociales,
600 1425 124 39 aux
757 1406 189 58 codes
981 1406 84 57 du
1098 1413 140 50 cant
1284 1407 58 57 et
1385 1406 85 58 du
1503 1407 348 72 snobisme,
1889 1409 92 61 les
2013 1417 171 61 voilà

270 1496 282 58 devenus
584 1493 377 78 incapables
991 1495 190 58 d'une
1211 1495 377 71 résistance,
1628 1496 150 58 d'un
1830 1497 165 76 élan,
2035 1505 148 61 d'un

271 1603 298 59 courage,
605 1585 152 57 d'un
801 1583 447 59 dévouement.
1298 1586 118 57 Les
1444 1585 175 58 riens
1653 1587 191 70 seuls,
1897 1589 91 61 les
2029 1594 124 61 futi-

270 1674 146 58 lités
449 1674 74 58 de
581 1672 385 71 l'existence,
1022 1671 94 60 les
1177 1676 277 71 peuvent
1503 1674 205 76 agiter
1762 1694 83 41 ou
1905 1683 276 77 exalter;

269 1763 292 68 l'amour,
598 1761 82 57 ils
722 1760 59 58 le
816 1760 376 76 pratiquent
1224 1778 115 58 par
1370 1760 311 60 habitude
1713 1765 60 57 et
1803 1783 118 58 par
1954 1785 192 49 conve-

270 1868 227 55 nance,
557 1853 255 54 surtout
854 1867 117 58 par
1030 1849 537 72 désœuvrement,
1614 1868 150 43 avec
1814 1860 265 60 retenue
2123 1869 64 54 et

265 1939 368 70 discrétion,
691 1956 77 40 en
818 1956 198 58 usage
1078 1937 75 59 de
1226 1938 215 59 bonne
1503 1943 402 75 compagnie.
1969 1948 75 60 Et
2103 1953 82 60 ils

261 2028 217 58 vivent
509 2031 330 72 pourtant,
870 2024 189 60 d'une
1082 2025 100 60 vie
1206 2025 252 60 intense
1486 2032 59 54 et
1580 2031 402 76 émouvante,
2021 2038 158 64 dans

265 2117 138 60 leur
431 2114 338 60 humanité
793 2113 498 79 mélancolique,
1314 2133 130 52 car,
1470 2118 244 78 malgré
1740 2123 158 70 tout,
1919 2124 81 61 ils
2033 2137 150 54 sont

260 2207 107 60 des
400 2206 292 58 hommes
726 2208 65 55 et
823 2204 106 58 des
966 2204 268 58 femmes
1268 2222 120 57 que
1419 2204 190 60 visite
1634 2207 57 58 le
1731 2210 290 78 chagrin,
2053 2238 121 58 que

259 2300 209 70 guette
489 2293 63 58 la
576 2291 292 61 douleur.
898 2292 181 57 Voici
1103 2293 322 75 pourquoi
1449 2293 94 59 les
1569 2295 193 59 livres
1795 2297 77 59 de
1901 2302 75 56 M.
2020 2305 155 62 Paul

260 2382 300 68 Hervieu,
598 2398 81 40 au
712 2380 132 58 lieu
878 2380 78 58 de
993 2380 264 76 simples
1284 2381 155 75 jeux
1473 2382 267 60 délicats
1773 2390 62 55 et
1859 2389 310 80 élégants,

259 2486 246 44 comme
537 2469 63 58 la
635 2467 263 77 plupart
932 2467 108 59 des
1082 2485 263 41 romans
1380 2470 107 76 qui
1536 2489 63 41 se
1642 2481 230 68 parent
1905 2480 82 59 du
2019 2484 154 62 titre

260 2558 75 58 de
383 2579 33 34 «
464 2573 263 42 romans
755 2555 348 58 mondains
1150 2578 55 47 »,
1245 2555 375 79 s'imposent
1653 2579 76 41 en
1778 2565 392 70 admirables

261 2663 248 43 œuvres
542 2645 187 71 d'art,
764 2644 78 60 de
886 2644 64 58 la
976 2644 144 77 plus
1152 2644 194 61 haute
1378 2648 378 74 perfection.

340 3005 97 55 Au
462 3017 190 42 cours
688 2998 79 57 de
801 3015 114 42 son
951 3016 216 42 œuvre
1205 3001 145 75 déjà
1379 3006 476 80 considérable,
1898 3017 76 60 M.
2023 3021 155 61 Paul

259 3091 274 61 Hervieu
574 3106 36 41 a
646 3087 169 60 suivi
851 3086 166 60 deux
1059 3093 214 55 routes
1317 3091 369 65 différentes
1736 3102 165 60 mais
1962 3113 179 71 paral-

256 3182 181 61 lèles.
468 3180 189 58 Tenté
691 3194 116 60 par
845 3175 65 58 la
942 3177 334 61 séduction
1326 3181 397 79 dangereuse
1775 3190 75 60 de
1900 3194 242 65 l'Incon-

255 3267 348 70 naissable,
640 3265 47 57 il
743 3264 270 77 explora
1069 3266 157 59 dans
1407 3269 174 62 Yeux
1611 3284 159 51 verts
1800 3289 58 48 et
1888 3281 81 60 les
2009 3288 169 67 Yeux

259 3359 186 71 bleus,
470 3354 340 70 /'Inconnu,
829 3353 35 57 l'
873 3350 353 76 Exorcisée,
1248 3355 89 60 les
1360 3360 261 75 régions
1644 3363 76 59 de
1752 3375 424 70 mystérieuse

256 3447 451 63 inconscience
757 3443 109 77 qui
918 3444 282 60 côtoient
1253 3445 64 60 la
1356 3448 157 61 folie
1552 3468 11 56 ;
1624 3452 47 58 il
1720 3457 364 87 s'appliqua
2141 3482 37 53 à

260 3542 246 58 scruter
541 3537 95 57 les
664 3533 244 60 abîmes
941 3534 405 76 vertigineux
1369 3537 106 61 des
1508 3549 449 64 monomanies
1992 3563 148 60 céré-

257 3628 218 62 brales
505 3626 59 61 et
591 3641 162 43 nous
802 3623 238 61 suscita
1070 3623 78 60 de
1183 3626 264 61 curieux
1494 3628 271 69 frissons
1816 3643 188 74 grâce
2039 3656 36 55 à
2109 3671 69 44 ce
