2449 4164
1166 453 116 57 366

257 624 156 61 vage
445 607 9 56 !
493 608 114 56 Les
642 604 336 60 méchants
1011 604 339 61 devinrent
1382 607 187 72 bons,
1602 605 90 59 les
1725 605 168 60 bons
1936 605 210 78 pleurè-

259 697 141 58 rent
435 693 371 72 d'émotion,
841 693 92 60 les
971 711 357 60 paresseux
1362 694 367 61 s'émurent.

343 805 33 35 «
409 783 93 60 On
557 788 151 71 peut
751 783 151 59 bien
948 785 421 76 comprendre
1425 785 198 72 l'état,
1664 785 158 58 dans
1855 783 213 78 lequel
2129 801 63 42 se

259 878 230 55 trouva
524 875 152 57 Ivan
709 873 494 78 Serguéièvitch
1237 875 441 78 Tourguéneff
1711 875 109 77 qui
1853 873 168 59 avait
2045 889 149 43 avec

261 981 124 42 une
441 962 150 60 telle
642 961 348 79 simplicité
1047 962 185 79 peint
1291 964 91 59 les
1453 964 309 59 tableaux
1820 964 374 77 présentant

258 1052 480 60 l'homme-serf
762 1052 158 59 dans
954 1051 92 60 les
1079 1052 372 61 différentes
1490 1054 346 59 situations
1867 1052 75 59 de
1984 1069 67 43 sa
2091 1051 101 60 vie

262 1160 151 41 sous
446 1141 324 61 l'autorité
803 1141 86 60 du
933 1144 227 58 maître
1222 1145 59 57 et
1326 1144 74 60 de
1435 1143 420 59 l'inexorable
1903 1145 134 57 sort
2083 1140 107 79 qui

263 1230 216 79 pesait
517 1249 108 41 sur
652 1230 113 61 lui.

341 1342 34 37 «
404 1322 435 77 Tourguéneff
858 1323 288 60 recevait
1176 1327 146 54 tous
1345 1342 98 41 ses
1471 1323 259 58 intimes
1759 1324 56 57 et
1839 1320 162 60 amis
2023 1337 137 61 pres-

265 1428 120 59 que
413 1427 150 42 sans
596 1416 133 54 mot
761 1411 160 72 dire,
967 1428 245 42 comme
1250 1414 216 58 écrasé
1496 1430 119 58 par
1655 1412 64 58 la
1759 1409 323 78 grandeur
2115 1409 75 59 de

262 1498 453 61 l'événement:
762 1500 383 73 silencieux,
1181 1500 46 58 il
1258 1501 91 59 les
1390 1501 382 59 embrassait
1822 1502 58 57 et
1926 1498 266 60 donnait

263 1592 38 56 à
331 1588 247 59 chacun
612 1588 188 60 d'eux
832 1607 87 40 un
944 1587 211 60 baiser
1190 1593 37 55 à
1256 1590 65 58 la
1352 1591 210 60 tête...
1613 1610 33 36 »

347 1677 312 77 Toujours
718 1680 361 75 préoccupé
1155 1679 85 58 du
1330 1679 151 58 bien
1538 1679 108 58 des
1730 1693 300 62 paysans,
2091 1675 94 59 dit

266 1767 77 58 M.
380 1765 400 74 Kolbassine,
831 1766 427 75 Tourguéneff
1294 1767 93 59 lui
1434 1766 267 61 écrivait
1734 1784 68 42 ce
1849 1765 110 77 qui
2002 1764 127 58 suit
2163 1783 13 40 :

1444 2169 223 58 Vienne,
1698 2169 129 48 avril
1861 2169 140 49 1858.

426 2438 34 41 «
494 2422 124 55 Mes
653 2418 184 59 chers
869 2416 187 70 amis,

346 2669 34 37 «
408 2650 71 59 Je
510 2646 183 60 viens
724 2645 308 61 d'arriver
1053 2646 106 70 ici,
1199 2649 59 57 et
1283 2646 64 78 je
1383 2653 219 54 trouve
1645 2667 116 42 vos
1815 2649 220 61 lettres
2072 2669 12 41 :
2121 2651 64 78 je

263 2736 308 60 remercie
629 2738 60 57 et
739 2735 64 78 je
866 2735 308 76 réponds.
1222 2736 226 60 N'était
1508 2754 104 41 ma
1665 2738 282 61 maladie
2009 2743 60 57 et
2120 2740 65 59 la

266 2830 161 55 sotte
461 2842 327 61 promesse
816 2824 197 60 d'être
1037 2843 235 59 garçon
1298 2824 361 61 d'honneur
1691 2844 81 42 au
1799 2829 279 78 mariage
2107 2830 76 60 de

265 2916 226 71 Orloff,
520 2914 265 79 j'aurais
818 2914 548 61 immédiatement
1395 2933 198 42 couru
1625 2935 76 42 en
1735 2919 249 73 Russie,
2021 2927 107 69 où,
2148 2926 37 53 à

265 3021 68 43 ce
367 3022 121 60 que
507 3004 62 77 je
596 3003 596 78 vois,maprésence
1213 3007 92 56 est
1322 3004 383 74 nécessaire,
1722 3007 153 58 bien
1895 3007 155 76 qu'il
2081 3026 99 42 me

265 3092 124 60 soit
421 3092 264 60 difficile
719 3091 75 58 de
854 3091 207 58 croire
1095 3096 37 53 à
1161 3095 147 56 tous
1366 3092 90 60 les
1489 3093 211 59 bruits
1738 3095 108 76 qui
1895 3112 99 41 me
2035 3100 147 54 sont

261 3185 343 75 rapportés
637 3198 108 41 sur
770 3180 57 59 le
856 3185 251 72 compte
1150 3180 75 58 de
1258 3199 151 40 mon
1442 3187 181 54 oncle
1669 3181 273 80 (Nicolas
1969 3187 169 57 Tour-

258 3271 278 79 guéneff,
573 3270 321 79 régisseur
925 3270 108 58 des
1070 3269 184 59 biens
1288 3270 75 58 de
1396 3270 473 80 Tourguéneff),
1910 3272 162 59 mais
2121 3272 57 61 le

261 3361 137 61 seul
428 3361 118 59 fait
578 3360 76 60 de
685 3360 65 60 la
779 3358 314 80 publicité
1123 3358 246 60 donnée
1402 3375 80 42 au
1523 3359 184 61 billet
1735 3396 78 7 —
1842 3360 65 79 je
1937 3361 243 61 l'avoue

257 3485 79 8 —
365 3449 396 79 m'inquiète.

341 3562 34 37 «
408 3543 90 58 En
531 3545 141 55 tout
704 3556 128 57 cas,
872 3537 222 61 sachez
1127 3556 119 59 que
1279 3538 64 77 je
1377 3538 165 60 serai
1578 3556 148 43 sans
1758 3539 175 61 faute
1951 3542 144 59 —si
2117 3543 64 77 je

258 3650 79 43 ne
371 3648 216 44 meurs
614 3646 137 61 pas,
793 3664 77 8 —
913 3628 88 57 fin
1043 3625 130 60 mai
1223 3633 37 53 à
1307 3628 456 80 Pétersbourg,
1799 3667 77 7 —
1908 3632 159 71 cela,
2102 3650 80 42 au
