2449 4164
227 392 616 71 INFORMATIONS
892 395 533 76 ARTISTIQUES
1473 397 104 69 DE
1626 397 106 69 LA
1781 397 442 76 QUINZAINE

233 623 68 46 La
337 623 409 59 représentation
800 625 60 45 de
893 623 201 50 Pelïêas
1143 633 47 39 et
1235 626 303 58 Mélisande,
1579 628 59 46 de
1671 628 72 50 M.
1776 627 349 60 Maeterlinck,
2162 631 82 43 ton
2265 655 13 8 -

169 692 146 60 jours
365 692 251 58 ajournée
659 707 89 46 par
772 694 47 47 le
864 694 410 61 Théâtre-d'Art,
1329 700 174 45 n'aura
1558 700 323 48 décidément
1905 713 89 45 pas
2023 698 103 48 lieu
2157 713 120 33 sous

170 766 130 43 cette
333 763 264 47 direction.
638 764 130 47 Mais
807 766 72 47 les
907 767 128 46 amis
1071 768 59 46 de
1161 767 209 47 l'auteur
1400 768 416 48 n'abandonnent
1849 785 89 44 pas
1976 773 132 45 cette
2163 774 85 44 ten-

173 833 145 47 tative
347 846 10 45 ;
391 848 89 45 par
508 835 133 46 leurs
669 837 158 56 soins,
861 837 47 45 la
936 837 141 59 pièce
1106 851 112 33 sera
1242 840 332 56 représentée
1605 854 61 32 au
1696 840 322 58 Vaudeville,
2059 840 151 61 grâce
2251 843 26 44 à

170 903 45 45 la
240 904 380 58 complaisance
648 907 61 45 de
728 908 67 46 M.
835 908 170 57 Carré,
1043 908 84 59 qui
1156 922 28 32 a
1208 908 114 47 bien
1388 910 150 46 voulu
1626 912 109 45 leur
1781 912 138 45 offrir
1947 912 329 61 l'hospitalité

169 973 126 47 dans
321 974 77 47 les
431 976 246 59 premiers
696 978 146 57 jours
874 976 61 46 de
989 980 108 43 mai-
1144 979 97 46 Les
1278 980 279 47 demandes
1604 981 61 46 de
1703 983 170 57 places
1933 983 208 45 doivent
2171 984 104 44 être

170 1044 267 48 adressées
462 1049 27 44 à
511 1046 68 47 M.
611 1047 207 47 Camille
845 1047 263 59 Mauclair,
1123 1049 277 48 boulevard
1424 1053 190 57 Arago,
1638 1055 45 56 5,
1704 1067 65 31 ou
1800 1054 26 44 à
1849 1053 70 47 M.
1937 1051 334 61 Lugné-Poë,

168 1129 92 33 rue
295 1115 322 59 Monthoîon,
649 1117 47 46 9.

227 1248 270 46 Princesse
525 1248 288 60 Byzantine
840 1252 49 44 et
920 1249 45 46 le
997 1251 156 45 Conte
1174 1251 156 58 futur
1334 1288 10 21 ,
1384 1252 129 46 deux
1542 1267 196 33 œuvres
1763 1254 258 47 nouvelles
2058 1256 61 45 de
2143 1254 129 46 Paul

168 1317 175 53 Adam,
375 1318 280 58 paraîtront
687 1319 47 45 la
760 1319 223 47 semaine
1012 1322 273 58 prochaine
1311 1335 9 31 :
1357 1322 45 46 le
1426 1324 220 57 premier
1678 1326 60 44 de
1771 1337 83 33 ces
1887 1338 261 45 ouvrages
2178 1324 26 45 à
2228 1326 45 44 la

167 1385 226 47 librairie
424 1388 366 47 Firmin-Didot
821 1392 48 44 et
897 1390 104 56 Cie,
1040 1389 47 48 le
1115 1392 193 45 second
1345 1392 123 45 chez
1499 1392 178 62 Bailly,
1712 1408 89 33 rue
1834 1395 62 46 de
1927 1394 47 47 la
1998 1395 245 47 Chaussée-

166 1455 223 48 d'Antin.

229 1587 139 48 J.-H.
409 1589 173 59 Rosny
607 1604 361 37 commencera
1000 1594 40 44 la
1075 1592 308 61 publication
1423 1595 62 46 de
1522 1609 90 32 son
1649 1596 243 59 prochain
1932 1608 183 35 roman
2146 1596 123 46 dans

172 1657 52 47 la
249 1658 168 47 Revue
735 1658 133 50 hebdomadaire
869 1698 61 21 ,
931 1662 147 46 dès
1079 1677 58 46 que
1149 1663 45 46 le
1221 1665 228 47 Docteur
1478 1663 190 47 Pascal
1692 1679 30 46 y
1749 1679 112 34 sera
1882 1665 231 47 terminé.

233 1824 72 46 La
334 1826 229 47 causerie
593 1841 84 33 sur
699 1830 228 57 Wagner
956 1831 49 46 et
1034 1829 52 47 la
1137 1830 261 61 Walkyrie
1435 1845 98 46 que
1580 1832 201 59 George
1819 1832 176 49 Vanor
2056 1835 49 46 lit
2130 1836 46 46 le
2212 1835 58 46 12

171 1895 124 44 avril
328 1910 62 30 au
415 1896 213 47 Théâtre
652 1898 387 60 d'Application,
1073 1901 182 46 devant
1294 1915 63 32 un
1392 1903 252 46 auditoire
1674 1903 310 59 intelligent,
2013 1919 28 31 a
2079 1906 188 46 obtenu

172 1977 66 32 un
263 1964 74 46 vif
357 1967 193 46 succès.
583 1966 127 49 MM.
742 1968 249 47 Fournets
1021 1972 48 43 et
1101 1971 263 59 Portejoie
1392 1976 86 43 ont
1509 1972 180 48 chanté
1744 1986 118 34 avec
1901 1975 267 61 beaucoup
2207 1977 60 45 de

172 2036 129 57 style
333 2037 246 59 quelques
603 2038 279 58 fragments
913 2042 60 44 de
998 2041 212 48 l'œuvre
1247 2044 61 44 du
1341 2044 198 45 maître.

229 2203 67 46 La
323 2203 246 46 direction
593 2206 89 45 des
709 2208 315 46 Beaux-Aris
1057 2208 138 47 vient
1230 2210 297 60 d'acquérir,
1561 2225 127 44 pour
1717 2213 45 45 le
1790 2213 170 57 placer
2003 2227 62 33 au
2091 2216 175 44 musée

168 2269 66 47 du
277 2270 377 60 Luxembourg,
682 2278 207 45 l'œuvre
926 2282 60 41 de
1016 2279 200 56 peintre
1251 2281 111 44 Von
1398 2281 166 56 Uhde,
1595 2283 61 45 de
1710 2283 224 57 Munich,
1964 2283 207 47 intitulé
2212 2283 53 46 la

169 2340 145 47 Cène.
348 2340 67 49 Ce
443 2343 200 47 tableau
671 2358 26 33 a
729 2344 155 60 figuré
918 2361 64 33 au
1009 2348 151 48 Salon
1195 2351 61 44 de
1288 2348 121 48 1887
1434 2356 48 41 et
1513 2354 25 42 à
1577 2352 331 59 l'Exposition
1947 2353 319 48 Universelle

165 2413 61 44 de
253 2411 133 50 1889.

224 2544 72 47 Le
325 2545 205 47 tableau
558 2547 59 46 de
653 2550 259 57 Daumier,
944 2551 92 46 Les
1080 2551 209 47 Voleurs
1312 2555 50 43 et
1576 2555 170 60 acquis
1772 2569 90 47 par
1889 2555 151 48 l'Etat
2064 2571 63 32 au
2157 2559 109 58 prix

165 2615 61 45 de
262 2613 169 51 12.100
466 2617 184 54 francs,
678 2621 27 44 à
729 2621 45 44 la
799 2626 150 41 vente
977 2621 579 62 GeotTroy-Dechaume,
1583 2641 111 32 sera
1724 2629 138 56 placé
1891 2641 65 32 au
1981 2629 183 47 Musée
2197 2630 69 46 du

167 2686 355 58 Luxembourg
542 2692 49 42 et
615 2702 103 32 non
744 2704 61 31 au
828 2690 215 61 Louvre,
1068 2707 200 33 comme
1298 2695 36 45 il
1362 2697 82 45 eût
1476 2696 79 49 été
1590 2697 302 58 préférable.

225 2859 72 44 La
330 2856 116 46 ville
474 2857 60 46 de
553 2856 194 47 Boston
777 2859 141 45 vient
944 2861 61 46 de
1033 2862 189 46 confier
1247 2864 27 44 à
1308 2864 169 48 Puvis
1511 2866 60 45 de
1621 2865 297 48 Chavannes
1978 2867 47 47 la
2056 2869 179 48 décora-

167 2928 101 45 tion
302 2928 61 46 de
395 2941 56 33 sa
480 2926 367 61 bibliothèque,
880 2928 209 50 laissant
1110 2946 65 32 au
1207 2933 181 47 maître
1423 2949 91 33 son
1546 2936 194 46 entière
1776 2936 250 50 initiative
2059 2952 129 46 pour
2216 2940 48 47 la

168 2998 298 59 conception
495 2999 49 46 et
577 2999 299 47 l'exécution
912 3002 60 46 de
995 3002 334 61 l'entreprise.

226 3166 226 47 L'Union
484 3168 217 47 centrale
724 3170 90 45 des
828 3168 123 47 Arts
987 3171 270 47 décoratifs
1296 3175 237 56 organise
1558 3190 61 32 au
1656 3177 162 47 Palais
1852 3179 61 45 de
1972 3179 290 47 l'Industrie

165 3250 95 31 une
292 3237 280 58 exposition
605 3240 87 45 des
716 3252 201 34 œuvres
955 3241 60 45 de
1073 3240 85 48 feu
1205 3242 238 50 Claudius
1491 3246 233 60 Popelin,
1760 3247 211 47 l'artiste
1999 3247 263 48 émailleur

160 3304 118 49 bien
309 3320 184 33 connu.

220 3436 173 47 L'Etat
421 3452 26 31 a
476 3439 112 60 déjà
624 3440 181 48 écorné
836 3443 47 45 la
925 3457 194 35 somme
1156 3447 61 47 de
1243 3445 204 50 500.000
1480 3447 167 47 francs
1702 3449 121 58 qu'il
1863 3450 202 46 destiné
2093 3450 26 46 à
2167 3452 90 47 des

163 3507 166 45 achats
353 3507 123 45 dans
492 3509 47 44 la
561 3510 266 46 collection
856 3511 213 61 Spitzer,
1087 3528 88 46 par
1203 3515 354 60 l'acquisition,
1594 3532 62 31 au
1678 3518 106 58 prix
1815 3519 60 46 de
1898 3518 172 47 41.000
2092 3520 165 47 francs

163 3575 115 47 d'un
310 3577 146 46 buste
488 3580 60 43 de
568 3579 154 58 jeune
752 3580 222 59 homme,
1001 3586 189 46 bronze
1216 3586 222 53 vénitien
1462 3589 67 44 du
1556 3601 60 32 xv
1624 3595 18 23 e
1674 3590 171 46 siècle.

1940 3668 141 46 ALLÔ
2103 3668 21 46 !
