2449 4164
1157 469 103 58 343

795 623 228 49 TERRE
1061 621 274 63 SAINTE,
1363 620 269 52 bénévole.

331 727 139 57 Non
517 742 137 60 pas,
714 724 158 60 Dieu
925 723 93 61 les
1075 723 442 65 rafraîchisse!
1565 731 60 62 (Il
1672 729 212 59 désigne
1928 729 75 49 les
2049 728 127 48 trois

251 812 165 52 Héros
444 813 90 47 des
564 812 315 61 piédouches
910 814 359 59 représentant
1311 813 238 50 Lorédan
1589 816 27 45 à
1653 812 160 60 vingt,
1852 813 244 59 quarante
2126 812 50 44 et

252 894 232 49 soixante
525 892 129 63 ans.)
694 886 329 76 Interroge
1066 902 103 42 ces
1222 886 269 78 Images,
1527 886 325 78 tryptique
1898 883 76 58 de
2022 900 151 41 mon

259 980 211 76 passé.
516 976 307 59 Combien
865 974 75 59 de
986 974 149 70 fois,
1182 980 194 57 avant
1425 995 102 42 ces
1574 973 367 62 assaillants
1983 977 60 56 et
2097 972 76 58 de

251 1067 231 68 même,
526 1063 292 60 n'ont-ils
863 1080 138 60 pas,
1043 1080 103 42 ces
1190 1065 389 70 Moi-Même,
1613 1066 214 75 guetté
1857 1062 60 60 le
1949 1062 227 76 parent

252 1155 159 60 dans
447 1154 65 58 la
548 1154 222 58 cloche
813 1151 348 75 annonçait
1203 1152 319 78 l'agonie?
1552 1156 243 57 Durant
1828 1169 150 40 mon
2015 1151 128 58 exis-

251 1249 182 54 tence
474 1242 174 59 aussi
687 1241 239 78 longue
968 1240 194 77 qu'un
1193 1246 276 73 tronçon
1502 1240 511 71 d'immortalité,
2050 1256 122 61 que

249 1333 267 59 souvent
550 1330 110 76 j'ai
700 1330 231 60 chanté
968 1328 65 61 la
1072 1329 125 60 soif
1244 1330 459 80 impitoyable!
1740 1331 50 56 A
1837 1347 152 42 mon
2029 1333 148 56 tour

251 1420 76 60 de
367 1419 383 60 l'entendre!

1038 1546 357 63 L'ÉCUYER.

329 1664 145 57 Mon
524 1660 332 79 Seigneur,
902 1659 83 61 ils
1046 1664 110 56 ont
1212 1678 88 41 un
1353 1660 229 60 miroir
1631 1660 370 60 infiniment
2059 1677 117 61 pur

252 1754 175 57 entre
449 1750 94 60 les
583 1750 211 75 doigts
827 1749 271 61 chacun.

954 1888 224 49 TERRE
1198 1888 265 49 SAINTE.

327 1987 104 58 Vif
469 1987 310 61 emblème
834 1987 74 59 de
962 1987 334 62 l'héritier.
1345 1987 87 59 Ils
1480 1985 362 79 spolieront
1895 1985 65 60 la
2006 1988 165 56 Tour

246 2076 314 61 familiale
602 2077 113 58 dès
754 2093 120 60 que
921 2093 153 42 mon
1114 2076 257 61 haleine
1414 2095 79 40 ne
1518 2076 249 59 violera
1795 2076 142 77 plus
1975 2074 76 60 de
2102 2092 69 42 sa

244 2166 165 59 buée
441 2167 59 60 le
540 2166 231 59 miroir
808 2166 244 77 ingénu
1086 2164 191 79 qu'ils
1307 2164 292 61 tiennent
1631 2170 38 54 à
1709 2164 64 60 la
1803 2164 175 59 main
2012 2163 119 61 cha-

248 2271 145 43 cun.

1673 2325 18 13 /
1943 2326 13 11 c
1962 2325 1 13 •

1027 2380 363 63 L'ÉCUYER.

323 2495 47 59 0
426 2493 58 61 le
538 2492 251 70 miroir,
834 2492 212 79 pétale
1101 2492 86 60 du
1246 2492 459 78 puits-corolle
1761 2500 83 51 où
1900 2491 143 79 gèle
2105 2491 66 61 la

239 2584 212 61 Vérité
500 2600 151 42 sans
698 2582 196 79 linge,
928 2585 35 57 ô
1010 2582 60 61 le
1123 2582 250 71 miroir,
1409 2584 395 76 prostituant
1853 2599 116 42 son
2015 2581 153 60 clair

242 2674 218 75 refuge
488 2676 36 54 à
552 2672 64 59 la
648 2676 170 55 mort
847 2671 168 60 laide
1047 2674 60 58 et
1147 2671 341 79 complice,
1526 2676 34 54 6
1593 2671 58 60 le
1690 2671 228 59 miroir
1951 2670 109 79 qui
2093 2688 78 43 ne

247 2761 251 60 devrait
529 2760 233 61 s'offrir
794 2761 144 78 qu'à
967 2761 65 60 la
1056 2761 217 78 vierge
1314 2764 59 57 et
1397 2763 209 58 rieuse
1646 2759 438 62 merveille!...

957 2902 223 50 TERRE
1208 2901 257 51 SAINTE.

329 3012 240 68 Miroir,
613 3010 332 78 véridique
990 3012 368 77 nénuphar!
1392 3006 278 77 (L'Écuyer
1698 3020 111 49 aide
1848 3022 47 47 le
1937 3020 179 50 Prince
2148 3022 27 44 à

248 3108 127 50 faire
399 3108 250 61 quelques
693 3106 130 64 pas.)
868 3100 120 60 Sur
1028 3118 70 41 ce
1151 3100 100 73 lit,
1298 3100 49 59 il
1399 3122 37 57 y
1481 3121 38 40 a
1574 3102 108 59 des
1723 3103 184 75 vingt
1946 3121 114 39 ans
2114 3102 59 57 et

252 3191 108 59 des
420 3191 185 76 vingt
657 3207 137 56 ans,
834 3189 63 79 je
930 3191 193 58 sortis
1156 3191 86 58 du
1279 3196 223 54 ventre
1543 3191 186 59 d'une
1764 3191 237 59 femme
2045 3193 128 56 très

247 3280 260 72 blonde,
539 3297 107 41 ma
668 3282 202 70 mère;
898 3280 49 58 il
978 3297 98 42 me
1099 3280 240 59 semble
1364 3281 416 76 aujourd'hui
1806 3299 120 59 que
1942 3281 66 76 je
2035 3280 138 59 vais

252 3372 301 74 pénétrer
602 3370 158 59 dans
802 3370 58 59 le
915 3375 218 54 ventre
1168 3370 182 59 d'une
1382 3370 235 59 femme
1650 3374 128 55 très
1825 3371 224 70 brune,
2084 3368 63 60 la-

254 3459 211 76 quelle
516 3460 243 75 partira
802 3459 381 61 m'enfanter
1220 3460 278 58 derrière
1540 3460 293 77 l'opaque
1875 3478 143 39 mur
2068 3457 108 59 des

253 3549 243 58 choses.
531 3550 433 60 Renaissance
999 3568 120 60 que
1151 3550 62 60 la
1245 3554 189 68 mort,
1471 3550 152 71 ami,
1659 3549 194 58 laisse
1879 3554 111 53 ton
2022 3550 120 56 maî-

252 3641 95 54 tre
389 3636 331 60 séculaire.
