2908 4155
338 290 97 67 86

1371 286 74 70 S.
1513 287 66 69 I.
1647 287 117 68 M.

330 437 46 56 si
409 432 219 81 l'opéra
659 432 337 70 lui-même,
1031 432 105 78 qui
1169 430 142 58 était
1345 432 54 56 le
1432 430 232 58 modèle
1698 451 309 49 commun,
2045 428 218 58 n'avait
2298 425 91 58 été
2440 422 373 71 transformé,

332 524 29 57 à
394 525 53 55 la
482 522 195 56 même
711 520 252 80 époque,
1001 540 103 59 par
1136 519 454 57 l'introduction
1627 520 137 56 d'un
1801 517 254 59 élément
2091 536 274 37 nouveau
2401 515 99 79 qui
2550 513 159 58 allait
2757 533 59 36 se

333 610 357 79 développer
723 630 141 36 avec
901 629 114 36 une
1049 605 252 81 rapidité
1336 604 352 81 stupéfiante
1712 629 10 34 :
1762 606 298 59 l'élément
2086 604 463 81 symphonique.
2591 604 85 54 Ce
2710 601 106 79 qui

333 713 83 42 est
451 698 206 78 perdu,
692 696 79 56 du
816 694 129 58 côté
996 695 70 56 de
1113 696 52 55 la
1214 694 369 80 polyphonie
1630 696 222 69 vocale,
1903 715 56 36 se
2007 709 275 42 retrouve
2333 691 78 56 du
2461 689 133 58 côté
2644 689 70 57 de
2764 690 53 55 la

333 785 357 80 symphonie
725 784 465 57 instrumentale.
1232 784 84 56 La
1350 783 220 77 grande
1614 784 296 79 conquête
1959 784 69 56 de
2077 783 354 67 Telemann,
2482 779 70 57 de
2605 780 211 66 Hasse,

334 875 70 56 de
441 874 229 67 Graun,
706 872 70 56 de
803 872 328 76 Jommelli,
1167 869 31 59 à
1230 869 218 80 l'opéra
1482 872 141 57 c'est
1656 873 52 55 le
2530 868 79 56 les
2643 887 140 58 gran-

336 962 96 56 des
459 959 197 59 scènes
682 958 334 57 récitatives
1043 980 140 35 avec
1211 957 298 57 orchestre
1537 958 389 79 dramatique.
1950 954 11 26 1
2000 959 161 56 C'est
2188 978 103 59 par
2326 955 50 58 là
2411 957 176 78 qu'ils
2622 967 196 44 seront

336 1049 96 58 des
466 1047 530 58 révolutionnaires
1030 1067 70 36 au
1138 1044 226 59 théâtre
1399 1046 71 57 de
1504 1048 292 78 musique.
1830 1048 135 56 Une
1999 1046 112 57 fois
2143 1044 339 58 l'orchestre
2524 1042 294 58 introduit

336 1138 139 56 dans
507 1138 53 55 le
595 1136 221 68 drame,
852 1136 40 56 il
926 1156 121 36 sera
1080 1135 211 57 maître
1320 1135 68 57 de
1423 1136 53 56 la
1501 1136 183 77 place.
1716 1137 90 56 En
1842 1136 136 54 vain
2007 1136 349 56 criera-t-on
2392 1147 214 42 autour
2641 1132 179 57 d'eux

337 1225 173 80 qu'ils
544 1225 236 56 ruinent
816 1223 49 56 le
901 1223 148 56 beau
1084 1222 196 57 chant.
1320 1223 156 69 Eux,
1513 1223 104 78 qui
1649 1223 53 56 le
1758 1223 369 56 soutenaient
2176 1237 204 41 contre
2428 1221 249 56 l'ancien
2732 1232 86 43 art

336 1314 521 77 contrapontique,
894 1333 71 35 ne
1000 1312 306 78 craignent
1343 1331 99 59 pas
1476 1311 69 57 de
1579 1312 52 55 le
1665 1309 273 71 sacrifier,
1975 1331 74 36 au
2101 1310 221 68 besoin,
2373 1307 30 57 à
2451 1307 365 59 l'orchestre,

329 1401 330 79 jommelli,
694 1401 44 56 si
775 1414 389 65 respectueux
1199 1399 70 57 de
1306 1397 321 59 Métastase
1661 1420 152 59 pour
1846 1411 132 45 tout
2011 1400 52 55 le
2096 1413 169 54 reste,
2299 1399 80 56 lui
2420 1396 231 57 tiendra
2700 1396 120 56 tête

337 1510 95 37 sur
465 1510 65 36 ce
563 1489 122 56 seul
719 1489 191 77 point,
945 1508 141 35 avec
1122 1508 114 35 une
1272 1486 359 57 obstination
1678 1485 415 58 inébranlable.
2114 1483 15 24 2
2313 1485 48 56 Il
2411 1483 125 58 faut
2585 1485 108 55 lire
2740 1484 81 56 les

339 1575 306 60 doléances
680 1576 96 56 des
810 1576 181 56 vieux
1025 1576 316 56 musiciens
1367 1597 10 34 :

573 1665 99 58 On
706 1664 278 57 n'entend
1016 1665 131 78 plus
1180 1665 52 55 la
1265 1664 161 70 voix,
1462 1662 338 58 l'orchestre
1834 1677 84 43 est
1952 1662 433 58 assourdissant.

518 1752 122 58 Dès
683 1770 182 59 1740,
902 1773 114 36 aux
1057 1749 491 80 représentations
1598 1749 281 81 d'opéras,
1929 1772 74 34 on
2058 1771 69 35 ne
2176 1749 247 80 pouvait
2474 1749 131 79 plus
2655 1770 126 35 com-

341 1841 250 80 prendre
653 1842 80 56 les
795 1841 231 78 paroles
1090 1839 98 58 des
1250 1838 335 70 chanteurs,
1636 1841 43 54 si
1727 1839 116 56 l'on
1894 1860 72 35 ne
2014 1839 215 56 suivait
2295 1858 97 36 sur
2453 1838 53 55 le
2807 1858 11 36 :

341 1931 619 76 l'accompagnement
993 1926 275 57 étouffait
1302 1928 79 56 les
1416 1927 156 56 voix.
1600 1922 16 27 3
1651 1927 76 56 Et
1762 1926 339 57 l'orchestre
2136 1924 374 78 dramatique
2538 1926 287 54 continua

343 2018 70 56 de
447 2039 57 35 se
539 2016 376 79 développer,
951 2037 72 35 au
1058 2036 170 36 cours
1263 2015 76 57 du
1374 2013 190 59 siècle.

358 2105 398 68 instrumental,
776 2105 123 57 dira
935 2102 248 70 Gerber,
2112 2115 80 44 est
2326 2104 233 55 devenue

521 2192 370 58 L'orchestre
926 2191 257 57 déborde
1233 2192 45 56 si
1327 2192 135 56 bien
1513 2192 52 55 le
1614 2189 228 58 théâtre
1876 2211 136 58 que,
2047 2190 70 56 de
2153 2187 114 60 très
2301 2189 196 57 bonne
2544 2189 205 69 heure,
2785 2190 40 56 il

343 2281 361 57 s'affranchit
769 2294 55 42 et
889 2278 247 81 prétend
1199 2279 122 57 être
1385 2280 314 56 lui-même
1757 2276 227 59 théâtre
2040 2293 56 40 et
2153 2278 221 57 drame.
2446 2276 121 59 Dès
2641 2276 182 80 1738,

346 2369 270 70 Scheibe,
653 2370 52 55 le
748 2369 129 79 plus
926 2369 335 76 intelligent
1297 2369 96 57 des
1429 2368 437 76 musicologues
1914 2365 319 57 allemands
2266 2387 142 35 avec
2449 2365 377 70 Mattheson,

342 2457 245 57 écrivait
615 2455 96 57 des
738 2455 780 80 symphonies-ouvertures,
1547 2455 103 78 qui
1678 2454 395 79 exprimaient
2157 2453 48 56 le

344 2545 30 58 à
408 2547 52 54 la
493 2544 173 79 façon
701 2545 98 56 des
833 2558 345 43 ouvertures
1212 2543 68 57 de
1317 2543 343 57 Beethoven
1697 2563 151 59 pour
2215 2562 78 36 ou
2342 2563 154 57 pour
2811 2539 16 26 4

459 2654 9 22 1
501 2658 44 48 Je
579 2669 47 23 ne
659 2669 101 23 veux
791 2655 114 51 point
939 2655 81 36 dire
1050 2652 114 52 qu'ils
1186 2668 47 23 en
1256 2653 130 38 furent
1408 2652 51 39 les
1480 2654 235 36 inventeurs.
1740 2654 45 35 L'
1790 2654 288 48 Accompagnâto
2100 2660 177 29 remonte
2299 2666 77 23 aux
2399 2653 186 51 premiers
2622 2661 126 44 temps
2782 2653 48 38 de

344 2712 146 53 l'opéra
526 2712 184 37 vénitien.
750 2712 120 45 Mais,
906 2713 22 35 à
963 2711 122 52 partir
1113 2711 47 37 de
1188 2711 207 37 Leonardo
1431 2711 117 36 Vinci
1579 2719 37 28 et
1647 2710 47 36 de
1729 2711 132 45 Hasse,
1903 2711 92 47 (aux
2026 2709 182 37 environs
2244 2709 47 37 de
2338 2711 212 47 1725-30),
2584 2723 61 24 ces
2686 2711 146 47 grands

347 2768 258 49 monologues
645 2768 277 50 dramatiques,
967 2768 134 37 récités
1141 2781 91 24 avec
1273 2768 207 44 orchestre,
1518 2780 36 23 se
1590 2764 300 54 développèrent
1926 2766 120 37 d'une
2081 2766 116 48 façon
2235 2765 230 38 inattendue
2501 2775 37 28 et
2571 2766 258 51 magnifique.

457 2832 14 21 2
505 2834 91 35 Non
619 2845 65 38 pas
707 2845 74 36 que
804 2832 212 36 Métastase
1045 2829 60 38 fût
1141 2831 157 36 ennemi
1335 2830 53 36 du
1419 2829 200 38 récitatinjo
1649 2829 243 37 stromentale.
1932 2827 34 38 Il
1996 2829 91 37 était
2124 2841 54 23 un
2211 2837 88 43 trop
2331 2827 141 53 parfait
2502 2830 328 51 poète-musicien

346 2903 101 39 pour
480 2903 47 23 ne
563 2902 67 38 pas
666 2902 47 23 en
746 2888 119 37 sentir
898 2885 120 39 l'effet
1045 2887 259 50 dramatique.
1339 2888 110 35 Dans
1478 2900 76 23 une
1576 2884 110 39 lettre
1709 2888 20 35 à
1752 2887 134 44 Hasse,
1910 2885 53 36 du
1988 2900 49 23 20
2061 2884 161 37 octobre
2251 2898 117 36 1749,
2392 2887 20 35 à
2434 2899 144 38 propos
2606 2886 47 37 de
2685 2885 148 54 l'opéra

346 2946 126 37 Attilio
493 2946 125 48 Regolo
620 2975 8 16 ,
654 2944 26 37 il
703 2954 91 28 note
816 2957 91 24 avec
929 2944 192 51 précision
1153 2942 52 38 les
1236 2943 174 37 endroits
1442 2946 50 33 où
1522 2941 52 38 les
1604 2943 256 36 instruments
1896 2942 160 37 doivent
2089 2942 162 51 peindre
2287 2940 108 39 l'état
2427 2942 161 52 d'esprit
2615 2943 54 37 du
2707 2944 123 46 héros,

346 3015 289 38 accompagner
671 3015 54 23 ses
762 3000 215 46 réflexions,
1014 3000 171 37 traduire
1220 3013 55 24 ses
1311 3000 227 37 hésitations
1574 2999 238 45 intérieures,
1850 2998 196 52 exprimer
2079 3012 80 22 non
2201 2996 216 39 seulement
2451 2997 52 39 les
2537 2998 163 53 paroles,
2736 3001 98 37 mais

346 3058 116 39 l'âme
485 3059 78 50 qui,
587 3072 88 23 sous
696 3057 51 38 les
769 3055 161 54 paroles,
953 3066 84 28 sent
1059 3055 143 53 parfois
1223 3066 87 27 tout
1333 3064 221 29 autrement
1586 3053 141 53 qu'elle
1759 3069 48 23 ne
1840 3053 116 54 parle.
1991 3057 62 35 En
2088 3068 53 23 un
2179 3064 97 36 mot,
2311 3053 27 39 il
2366 3057 207 36 reconnaît
2604 3054 230 41 clairement

347 3114 34 40 le
402 3116 167 52 pouvoir
591 3116 91 49 qu'a
703 3113 224 38 l'orchestre
949 3114 46 37 de
1018 3113 171 37 traduire
1210 3111 36 38 la
1275 3113 171 48 tragédie
1478 3113 218 36 intérieure.
1722 3112 110 37 Mais
1854 3125 42 24 ce
1926 3111 168 52 pouvoir
2129 3111 129 37 même
2291 3109 56 39 lui
2383 3111 181 38 semblait
2594 3113 238 51 inquiétant.

349 3175 54 35 La
435 3172 174 48 tragédie
640 3171 208 37 intérieure
880 3170 195 48 menaçait
1107 3170 46 37 de
1185 3169 191 38 déborder
1418 3182 64 23 sur
1512 3167 161 39 l'action
1699 3186 9 30 ;
1738 3167 36 38 la
1804 3168 128 51 poésie
1968 3168 93 37 était
2096 3182 47 23 en
2184 3168 149 47 danger
2368 3169 121 37 d'être
2529 3173 124 48 noyée
2693 3184 70 38 par
2798 3170 37 39 la

349 3230 179 48 musique
551 3246 10 30 ;
596 3237 37 28 et
668 3229 225 44 Métastase,
922 3227 67 50 qui
1023 3227 102 37 avait
1161 3240 50 22 au
1247 3240 84 23 sens
1364 3226 29 36 si
1423 3225 54 37 fin
1506 3226 47 36 de
1584 3224 218 51 l'équilibre
1839 3225 46 37 de
1915 3233 87 28 tous
2035 3223 52 39 les
2122 3222 186 40 éléments
2340 3226 220 47 théâtraux,
2639 3227 42 37 la
2716 3236 119 29 esatta

341 3285 239 51 proporxione
609 3285 95 36 dello
734 3284 80 37 stile
845 3282 246 38 drammatico
1112 3282 147 50 proprio
1295 3283 219 49 delVOpera
1607 3295 154 25 comme
1792 3281 57 37 dit
1880 3283 186 46 Arteaga,
2090 3281 128 37 devait
2240 3282 101 36 tenir
2362 3280 37 39 la
2421 3285 107 35 main
2552 3285 21 36 à
2595 3297 41 24 ce
2668 3298 75 37 que
2775 3283 61 40 fût

348 3343 242 36 strictement
611 3340 146 38 limitée
777 3341 96 36 dans
895 3341 150 49 chaque
1068 3348 83 29 acte
1173 3338 35 38 la
1230 3348 87 43 part
1338 3339 46 37 de
1406 3338 201 37 recitatwo
1628 3352 61 23 con
1710 3337 184 38 stromenti
1898 3370 7 8 %

463 3397 12 22 3
506 3398 97 37 Voir
624 3400 150 34 Lorenz
798 3395 144 39 Mizler
966 3414 8 19 :
998 3395 180 38 Musical.
1202 3396 96 37 Bibl.
1323 3409 116 34 1740,
1463 3396 172 51 Leipzig,
1658 3404 26 28 t.
1712 3396 53 36 11.
1788 3408 38 39 p.
1856 3409 59 32 13,
2016 3394 75 38 cité
2112 3408 69 39 par
2214 3397 67 36 W.
2305 3394 181 39 Kleefeld
2510 3415 8 19 :
2541 3398 82 36 Das
2642 3399 195 37 Orchester

349 3457 68 36 der
436 3455 191 37 deutschen
649 3456 125 48 Opéra
776 3483 9 17 ,
816 3458 115 45 1898.
1032 3453 95 37 Voir
1145 3453 98 37 aussi
1266 3452 235 38 Mattheson
1526 3470 8 20 :
1555 3451 74 39 Die
1650 3459 138 30 neueste
1812 3452 282 49 Untersuchung
2114 3452 67 36 der
2200 3451 197 51 Singspiele
2399 3482 9 17 ,
2439 3466 117 35 1744,
2582 3454 241 50 Hambourg

463 3516 14 22 4
508 3520 72 35 Les
617 3527 225 28 ouvertures
878 3517 46 37 de
964 3516 161 38 Scheibe
1160 3529 101 38 pour
1291 3516 201 50 Polyeuctes
1522 3514 58 38 ein
1611 3516 201 49 Màrtyrer
1840 3523 38 28 et
1908 3527 101 40 pour
2039 3514 259 38 Mithridates.
2324 3516 143 38 Christ.
2495 3517 140 38 Heinr.
2662 3518 174 46 Schmid,

349 3575 97 37 dans
487 3589 38 23 sa
567 3574 236 49 Chronologie
842 3574 59 36 des
941 3574 191 36 deutschen
1168 3573 177 37 Theaters
1346 3602 9 17 ,
1395 3585 116 36 1755,
1544 3572 173 51 Leipzig,
1751 3585 161 23 nomme
1944 3580 58 28 cet
2036 3572 104 45 essai,
2213 3586 69 23 une
2308 3574 150 47 grande
2489 3575 98 37 chose
2616 3576 222 37 mémorable

351 3633 44 37 de
416 3633 156 36 Vannée.
713 3631 97 37 Voir
833 3628 90 40 Cari
946 3629 221 39 Mennicke
1192 3647 9 20 :
1221 3630 120 37 Hasse
1362 3629 78 37 und
1459 3628 60 38 die
1538 3629 148 37 Briider
1706 3629 134 37 Graun
1863 3629 56 37 als
1939 3628 258 51 Symphoniker
2197 3658 9 17 ,
2235 3633 119 46 1906,
2377 3631 173 51 Leipzig.
