2908 4155
805 290 862 79 L'ACTUALITÉ
1749 313 658 56 MUSICALE

355 335 78 59 54

350 444 86 44 Air
480 439 290 62 d'Iphigénie
821 438 54 43 de
928 434 175 58 Gluck,
1149 435 76 44 des
1273 451 183 28 œuvres
1507 437 53 44 de

350 512 198 57 Franck,
600 508 164 58 Fauré,
818 505 190 46 Puccini
1060 515 44 33 et
1154 521 92 27 une
1291 505 268 45 charmante

350 581 226 47 Sérénade
604 580 54 43 de
687 576 204 46 Richard
910 574 174 46 Strauss
1110 574 77 59 qui
1217 573 62 43 lui
1307 573 71 44 fût
1403 574 153 46 bissée.

908 656 245 45 MAURICE
1195 655 293 45 HACHETTE.

421 773 301 49 RETHEL.
747 799 67 5 —
840 770 70 45 La
937 769 177 46 Société
1159 768 224 45 d'Etudes
1425 769 100 63 Sym-

350 846 271 61 phoniques,
667 840 233 62 organisée
941 856 78 42 par
1063 838 41 44 le
1143 838 86 45 Dr.
1269 837 224 59 Gobinet,
1535 857 25 26 a

349 914 154 47 donné
547 912 41 45 le
639 910 55 45 18
724 910 242 44 décembre
1009 909 194 57 dernier,
1231 924 91 28 une
1360 907 88 45 très
1488 910 46 42 in-

349 985 245 45 téressante
635 980 225 57 audition,
903 977 219 60 précédée
1168 976 141 46 d'une
1359 978 198 44 causerie

346 1071 75 29 sur
448 1051 220 45 l'histoire
696 1049 54 44 de
778 1048 40 45 la
846 1049 225 58 musique.
1110 1048 80 43 Au
1229 1063 292 43 programme
1547 1063 7 28 :

350 1123 155 45 Robin
550 1119 204 57 m'aime,
801 1116 205 46 d'Adam
1051 1117 54 44 de
1157 1116 40 44 la
1243 1114 140 46 Halle
1408 1136 10 35 ;
1465 1133 92 27 une

348 1193 167 46 Sonate
559 1190 54 44 de
656 1187 172 47 Corelli
854 1208 11 35 ;
905 1204 92 26 une
1037 1185 167 46 Sonate
1244 1185 54 44 de
1339 1184 180 45 Leclair
1545 1206 11 35 ;

346 1279 64 28 un
449 1262 64 43 air
541 1260 54 43 de
635 1257 192 45 Télaire
855 1256 53 44 de
950 1256 209 44 Rameau
1187 1267 44 32 et
1258 1254 41 44 le
1327 1254 150 45 Ballet
1504 1255 54 44 de

348 1331 122 46 Paris
496 1342 44 32 et
569 1328 182 45 Hélène
779 1328 54 43 de
861 1325 176 47 Gluck.
1069 1324 99 54 Qui
1195 1325 145 44 aurait
1368 1341 80 27 cru
1469 1342 89 42 que

346 1401 41 45 la
414 1403 153 42 bonne
594 1410 45 32 et
666 1397 40 45 la
734 1396 237 45 meilleure
992 1396 75 44 des
1095 1396 231 59 musiques
1348 1394 185 58 pénétre-

346 1471 84 44 rait
456 1469 111 45 ainsi
592 1467 213 62 jusqu'au
832 1465 109 44 fond
971 1465 77 45 des
1074 1465 259 44 Ardennes.

348 1534 42 36 >i!
541 1519 4 51 •
849 1519 3 51 ■
1021 1519 6 46 ;

415 1607 180 47 NICE.
624 1634 68 5 —
719 1606 345 45 Mentionnons
1108 1604 41 44 le
1189 1604 156 45 succès
1384 1604 173 44 obtenu

345 1697 76 42 par
465 1678 57 44 M
527 1679 51 20 me
607 1677 159 61 Jenny
811 1675 118 58 Piré,
975 1674 41 45 la
1066 1674 191 44 délicate
1307 1674 250 43 cantatrice

346 1750 110 43 dans
496 1747 63 45 les
597 1745 172 46 Adieux
809 1745 105 44 d'un
949 1755 123 49 page,
1102 1744 54 43 de
1192 1744 40 43 la
1260 1743 215 44 Baronne
1503 1743 53 44 de

346 1818 276 57 Kabath,au
644 1826 188 34 concert
854 1815 54 43 de
929 1814 306 44 bienfaisance
1258 1813 54 44 de
1335 1811 221 46 l'Œuvre

345 1888 54 44 de
450 1887 42 44 la
545 1885 153 45 Fleur.
752 1885 136 44 Voici
952 1882 280 46 d'excellent
1293 1881 263 45 féminisme

345 1956 204 46 musical.

414 2095 219 46 LILLE.
685 2122 67 4 —
805 2093 67 44 Le
924 2093 220 58 prochain
1196 2091 173 45 festival
1422 2090 132 45 lillois

342 2183 109 27 aura
496 2165 90 44 lieu
631 2163 40 45 le
720 2161 60 47 26
824 2163 163 43 février
1027 2162 24 44 à
1087 2160 24 46 8
1149 2158 72 67 1/2
1252 2162 43 44 h.
1326 2161 78 44 Au
1451 2178 78 42 pro-

344 2252 208 43 gramme
601 2250 93 28 une
740 2232 286 62 Symphonie
1078 2231 54 44 de
1185 2231 257 57 Chausson,
1489 2248 62 26 un

345 2305 235 45 Concerto
608 2319 114 43 pour
750 2303 108 44 flûte
886 2313 43 33 et
958 2300 255 47 Orchestre
1249 2300 54 44 de
1347 2300 205 58 Mozart,

343 2374 120 44 deux
508 2382 183 51 poëmes
736 2372 54 43 de
832 2371 216 46 Smetana
1087 2382 44 32 et
1173 2370 40 43 la
1254 2368 300 46 Marseillaise

341 2443 256 45 orchestrée
624 2459 77 43 par
729 2441 197 45 Berlioz.

1317 2509 59 44 A.
1408 2508 74 45 M.

414 2649 265 47 ROUEN.
725 2676 68 5 —
837 2648 103 44 Bon
982 2659 190 33 concert
1218 2646 54 44 de
1317 2645 235 46 Lelièvre-

343 2720 232 45 Zaremba
601 2720 59 43 où
700 2735 115 27 nous
849 2733 140 29 avons
1034 2716 205 45 entendu
1278 2716 248 44 successive-

343 2801 130 32 ment
501 2789 41 44 la
568 2789 104 44 voix
700 2800 45 31 et
773 2787 40 44 le
839 2787 151 44 violon
1022 2786 53 44 de
1105 2786 73 44 M.
1218 2785 220 45 Lelièvre.
1481 2785 69 44 La

341 2858 167 46 société
536 2859 54 43 de
618 2858 210 58 peinture
856 2856 221 44 moderne
1106 2855 163 44 mérite
1309 2854 40 45 la
1387 2871 136 28 recon-

340 2929 234 44 naissance
602 2927 60 45 du
740 2927 153 56 jeunes
972 2924 167 62 qu'elle
1167 2925 99 44 aide
1305 2925 24 43 à
1366 2941 45 27 se
1447 2941 78 42 pro-

340 2998 144 57 duire,
514 3009 44 32 et
585 2997 61 44 du
671 2996 153 59 public
856 2994 169 61 qu'elle
1066 2995 207 44 entraine
1300 3010 98 28 vers
1432 2993 116 45 l'art.

1305 3076 75 45 M.
1414 3074 63 47 G.

407 3217 226 45 REIMS.
661 3245 68 4 —
757 3215 69 46 La
902 3217 180 60 Jeanne
1110 3214 145 45 d'Arc
1335 3215 54 44 de
1418 3226 132 33 notre

336 3287 207 61 collègue
571 3287 60 45 A.
662 3285 208 47 Gastoué
896 3285 129 45 vient
1051 3284 143 45 d'être
1222 3284 181 44 donnée
1430 3284 54 44 ici
1527 3283 23 44 à

336 3356 41 45 la
419 3356 185 45 Maison
648 3356 68 44 des
762 3354 191 46 Œuvres
955 3391 11 23 ,
1012 3371 109 28 avec
1165 3371 64 27 un
1275 3353 89 45 très
1406 3353 143 61 grand

333 3426 171 45 succès.

1956 451 586 110 Belgique

2071 1713 80 44 M.
2194 1713 55 45 E.
2297 1713 129 45 Tinel

2024 1795 134 43 Croquis
2182 1803 66 35 par
2279 1795 72 32 Van
2382 1795 84 45 Offel

1709 1894 422 47 BRUXELLES.
2243 1897 131 44 Nous
2392 1915 55 26 ne
2464 1899 203 44 saurions
2688 1900 157 43 mieux

1638 1981 297 28 commencer
1978 1977 72 32 cet
2100 1965 156 44 article
2314 1983 74 28 sur
2433 1966 40 45 la
2525 1969 210 59 musique
2787 1985 57 27 en

1639 2033 223 61 Belgique
1923 2034 203 58 pendant
2189 2034 39 44 le
2290 2035 179 45 dernier
2520 2037 129 57 mois,
2701 2037 142 60 qu'en

1634 2103 193 44 rendant
1863 2117 184 45 compte
2088 2104 54 43 de
2187 2103 41 45 la
2267 2104 160 44 séance
2469 2105 371 62 d'inauguration

1634 2172 54 44 de
1729 2173 39 43 la
1809 2172 182 46 Section
2029 2172 141 60 Belge
2215 2173 53 45 de
2315 2186 130 32 notre
2485 2174 176 45 Société
2688 2175 128 44 Inter-

1634 2241 230 45 nationale
1919 2242 52 44 de
2028 2244 227 59 musique,
2295 2244 110 43 dans
2449 2243 193 60 laquelle
2707 2256 133 33 notre

1634 2311 207 61 collègue
1884 2312 68 45 M.
1996 2328 85 27 van
2128 2312 86 43 den
2253 2312 174 44 Borren
2474 2314 87 57 prit
2606 2313 40 44 la
2688 2313 153 60 parole

1635 2397 113 43 pour
1775 2381 108 44 faire
1904 2399 91 26 une
2017 2381 88 44 très
2126 2381 294 45 intéressante
2441 2383 399 44 communication

1634 2467 73 27 sur
1735 2450 61 44 les
1825 2449 199 59 Origines
2048 2451 54 43 du
2130 2452 150 42 drame
2305 2451 176 43 musical
2512 2463 39 32 et
2591 2451 175 63 VOrfeo
2792 2454 49 42 de

1634 2519 294 45 Monteverde
1933 2557 8 7 .
1985 2519 251 45 Montrant
2277 2519 187 45 d'abord
2514 2536 240 29 comment
2800 2521 41 45 la

1634 2589 278 62 polyphonie
1938 2590 145 42 arriva
2122 2589 24 44 à
2187 2588 40 44 la
2255 2590 216 43 monodie
2497 2591 343 59 accompagnée

1632 2670 44 33 et
1716 2659 24 43 à
1775 2658 115 52 l'âge
1935 2658 53 44 de
2030 2658 41 43 la
2113 2659 121 43 basse
2261 2660 237 50 continue,
2529 2659 74 45 M.
2634 2677 85 26 van
2750 2660 88 44 den

1836 2701 26 18 O
2487 2705 11 12 s

1632 2727 174 45 Borren
1850 2728 115 44 situe
2011 2727 311 44 Monteverde
2363 2728 110 45 dans
2514 2727 235 60 l'histoire,
2794 2741 45 33 et

1630 2814 163 42 expose
1821 2814 51 27 ce
1899 2814 88 42 que
2015 2796 93 44 l'on
2135 2797 83 44 sait
2246 2797 53 44 de
2329 2797 40 44 la
2389 2798 70 43 vie
2487 2797 54 44 de
2568 2809 73 33 cet
2667 2799 169 45 artiste.

1630 2866 37 45 Il
1695 2866 264 45 caractérise
1986 2865 40 44 le
2053 2865 133 61 génie
2215 2867 54 43 de
2297 2866 195 44 l'auteur
2520 2867 60 43 du
2620 2867 187 45 Couron-

1631 2947 191 33 nement
1849 2936 53 43 de
1931 2934 181 60 Poppée
2154 2948 44 32 et
2238 2952 51 28 ce
2335 2937 299 43 romantisme
2676 2938 78 58 qui
2798 2936 40 45 le

1630 3022 158 43 pousse
1815 3021 97 28 vers
1938 3004 62 45 les
2040 3006 253 58 conquêtes
2334 3004 53 44 de
2429 3004 282 59 l'orchestre,
2742 3023 97 28 vers

1630 3074 63 45 les
1731 3075 192 44 audaces
1963 3074 54 43 de
2058 3073 288 45 l'harmonie.
2382 3074 327 59 Monteverde,
2734 3075 104 45 âme

1631 3144 299 60 dramatique,
1960 3144 221 59 inaugure
2217 3143 40 44 le
2297 3143 115 62 style
2446 3144 192 44 comitato
2642 3181 11 21 ,
2683 3143 110 46 c'est
2813 3145 25 44 à

1630 3213 93 44 dire
1775 3212 252 60 passionné.
2074 3212 91 45 Son
2208 3211 164 59 Orfeo,
2414 3213 183 62 analysé
2659 3231 76 42 par
2797 3214 39 44 le

1630 3282 329 58 conférencier,
1996 3298 116 28 nous
2156 3293 182 33 montre
2383 3282 101 61 déjà
2524 3282 40 45 le
2603 3282 232 60 leitmotif,

1629 3364 45 31 et
1717 3351 289 59 l'opposition
2035 3350 110 45 d'un
2182 3351 217 44 véritable
2439 3352 156 45 drame
2638 3369 108 28 avec
2772 3370 64 27 un

1629 3421 184 62 lyrisme
1835 3432 102 33 tout
1957 3420 250 61 élégiaque.

1699 3490 138 45 Cette
1898 3491 414 56 communication,
2365 3491 188 58 parfaite
2615 3508 57 27 en
2735 3503 102 33 tous

1627 3561 163 58 points,
1821 3559 68 45 fut
1914 3560 142 44 suivie
2093 3559 137 44 d'une
2268 3559 207 44 audition
2504 3561 54 43 de
2585 3559 251 61 fragments

1626 3628 198 47 d'Orfeo
1867 3629 24 43 à
1924 3627 195 61 laquelle
2154 3630 173 58 prirent
2378 3641 98 47 part
2521 3629 75 45 M.
2640 3642 44 31 et
2721 3629 59 45 M
2785 3632 50 19 me

1626 3698 211 58 Demest,
1861 3698 155 45 M.M.
2043 3698 157 61 Houy,
2220 3698 343 45 Vanderschrik
2584 3710 45 33 et
2651 3698 176 47 Minet.
