2908 4155
1387 244 75 71 S.
1535 245 68 69 I.
1672 243 116 82 M.

358 275 28 43 I
415 275 92 45 IO

345 399 229 59 maison
602 411 56 43 et
687 395 103 79 qui
816 391 433 80 m'effrayaient
1275 411 251 59 presque
1552 403 132 46 sont
1714 390 82 57 les
1821 385 145 61 filles
1992 386 72 58 de
2097 386 53 56 la
2175 383 200 59 vieille
2409 376 392 84 propriétaire
2820 399 14 47 ;

347 510 115 58 que
496 507 93 37 ces
637 482 145 61 filles
815 496 132 45 sont
982 478 246 60 mariées
1261 493 57 43 et
1352 493 104 43 ont
1491 478 126 80 déjà
1651 478 251 58 d'autres
1934 474 165 71 filles,
2136 487 112 44 etc.
2277 493 10 36 :
2340 466 159 61 voilà
2532 465 302 79 l'énigme.

353 596 28 58 3
388 585 18 19 0
432 576 115 77 J'ai
583 593 137 59 reçu
755 572 158 57 deux
945 571 199 55 lettres
1178 568 71 57 de
1277 588 96 36 ma
1399 565 162 60 mère
1589 588 115 59 que
1722 565 342 79 j'attendais
2090 583 141 37 avec
2259 573 127 45 tant
2414 555 426 80 d'impatience

347 680 57 42 et
456 662 77 58 où
576 658 346 83 j'apprends
966 658 165 79 quels
1178 670 531 64 encouragements
1755 656 81 56 les
1874 654 303 78 journaux
2226 670 95 36 me
2371 647 267 57 donnent
2688 663 153 59 pour

345 752 262 59 l'avenir.
663 770 39 56 4
705 760 19 20 0
776 750 137 57 Une
968 748 172 56 lettre
1194 745 351 78 m'apprend
1597 766 115 36 une
1769 743 178 57 chose
1996 742 103 79 qui
2155 737 277 60 intéresse
2497 755 143 37 mon
2706 729 134 60 côté

348 840 250 82 gauche,
635 854 57 42 et
726 859 116 35 une
891 850 164 43 autre
1091 835 104 78 qui
1230 832 351 59 m'annonce
1615 833 70 58 de
1732 832 267 79 l'argent.
2058 849 28 58 5
2094 831 19 19 0
2147 830 99 57 On
2285 826 278 57 m'assure
2608 842 66 37 ce
2724 822 118 56 soir

349 952 114 58 que
499 929 237 57 demain
772 946 76 36 on
882 924 196 57 donne
1111 925 53 54 la
1194 922 172 57 Flûte
1394 920 346 59 enchantée.
1759 922 70 77 Je
1863 917 291 60 demande
2188 917 104 79 qui
2328 915 141 57 dans
2504 933 116 36 une
2653 907 188 60 soirée

345 1040 32 36 a
410 1039 74 36 eu
518 1018 131 78 plus
682 1011 393 82 d'agréments
1111 1033 114 57 que
1261 1011 122 56 moi
1418 1011 18 57 ?
1492 1010 259 79 Ajoutez
1807 1029 114 58 que
1961 1007 101 79 j'ai
2113 1002 161 84 passé
2325 1004 144 57 trois
2508 1000 211 57 heures
2768 1019 72 35 au

345 1108 181 79 piano
581 1123 141 38 avec
778 1099 332 60 l'étonnant
1164 1099 96 58 M.
1317 1099 202 57 Salieri
1550 1123 13 46 ;
1620 1098 144 80 qu'il
1817 1096 113 57 m'a
1985 1094 106 58 fait
2142 1095 107 56 lire
2299 1091 289 80 plusieurs
2638 1087 69 56 de
2757 1106 85 37 ses

347 1212 287 60 ouvrages
668 1206 56 43 et
759 1189 346 58 entr'autres
1138 1188 98 57 des
1270 1208 217 37 canons
1521 1187 188 78 pleins
1744 1185 69 57 de
1849 1181 156 82 gaîté
2039 1197 58 43 et
2132 1181 260 79 d'esprit,
2429 1178 145 57 dont
2610 1195 152 60 pour
2787 1175 54 56 la

349 1286 238 77 plupart
644 1283 40 55 il
739 1302 32 36 a
825 1277 107 59 fait
983 1278 317 57 lui-même
1350 1277 79 57 les
1477 1275 226 80 paroles
1751 1289 56 42 et
1840 1275 55 55 la
1929 1273 293 77 musique.
2282 1270 159 56 C'est
2476 1288 77 36 un
2592 1265 250 57 homme

350 1371 179 80 qu'on
565 1391 74 36 ne
673 1381 143 67 peut
851 1387 56 38 se
938 1367 173 57 lasser
1144 1363 333 60 d'admirer.
1507 1364 71 77 Je
1611 1385 73 34 ne
1710 1363 107 57 sais
1844 1362 44 57 si
1916 1362 141 56 c'est
2085 1380 174 59 parce
2287 1357 180 80 qu'en
2495 1353 348 81 particulier

352 1461 49 72 je
454 1460 87 57 lui
592 1460 54 55 ai
694 1457 72 57 de
815 1456 249 78 grandes
1115 1454 378 78 obligations,
1543 1453 147 56 mais
1714 1452 104 77 j'ai
1855 1471 113 37 une
2013 1463 155 44 sorte
2202 1447 70 57 de
2306 1443 348 60 vénération
2690 1462 153 60 pour

348 1550 118 70 lui;
504 1569 66 37 ce
606 1547 144 79 qu'il
785 1546 87 56 dit
907 1559 82 43 est
1023 1545 46 57 si
1105 1543 143 70 vrai,
1284 1543 44 56 si
1363 1542 301 80 spirituel;
1702 1538 30 59 à
1766 1560 102 37 son
1904 1540 105 76 âge
2039 1538 40 55 il
2105 1536 216 57 chante
2349 1548 56 42 et
2433 1550 410 61 accompagne

350 1636 118 59 fort
504 1637 157 58 bien.
701 1635 49 57 Il
785 1635 165 56 vient
984 1632 71 57 de
1088 1630 145 58 faire
1284 1653 114 35 une
1454 1628 220 80 grande
1723 1626 253 58 maladie
2025 1622 78 60 où
2151 1626 117 56 l'on
2325 1621 292 79 craignait
2671 1620 71 55 de
2790 1618 53 56 le

352 1725 226 80 perdre.
609 1725 484 56 Heureusement
1121 1719 145 80 qu'il
1293 1739 56 37 se
1375 1731 170 66 porte
1580 1716 156 70 bien,
1765 1730 57 42 et
1857 1735 115 59 que
2006 1733 148 36 nous
2188 1708 276 83 espérons
2498 1708 146 79 qu'il
2680 1708 166 56 vivra

353 1834 212 37 encore
598 1814 298 76 longtems
931 1830 151 59 pour
1114 1809 54 56 le
1201 1808 137 55 bien
1374 1806 71 57 de
1479 1819 131 43 tous
1644 1825 152 37 ceux
1831 1804 103 78 qui
1967 1799 433 82 l'approchent.

533 1903 60 68 je
627 1922 97 35 me
757 1898 338 81 promenais
1129 1910 155 44 cette
1317 1893 367 82 après-dîner
1716 1915 73 35 au
1826 1894 203 55 Prater
2062 1910 141 37 avec
2234 1889 96 57 M.
2363 1886 283 69 Haensel,
2677 1904 127 38 com-

353 1992 282 80 positeur.
674 1989 51 57 Il
758 1989 156 56 salue
950 2007 77 37 un
1064 1985 302 57 monsieur
1401 1983 104 80 qui
1538 1983 231 79 passait.
1803 1982 66 76 Je
1902 1980 87 57 lui
2023 1978 291 58 demande
2349 1997 12 37 :
2418 1976 86 56 Ce
2539 1974 307 57 monsieur

353 2101 117 58 que
504 2098 146 37 vous
683 2097 185 37 venez
918 2074 70 57 de
1036 2076 189 55 saluer
1269 2073 160 57 est-il
1479 2070 292 59 musicien
1796 2072 16 56 ?
1863 2069 49 56 Il
1947 2088 96 37 me
2078 2065 226 82 répond
2328 2086 11 36 :
2385 2065 157 56 C'est
2592 2064 53 56 le
2692 2059 154 60 frère

354 2168 71 57 de
458 2168 353 78 l'empereur
849 2164 9 59 !
877 2163 11 59 !
908 2163 9 59 !

532 2342 99 59 On
667 2342 195 56 donne
896 2340 78 57 ici
1008 2352 136 65 trop
1180 2335 268 81 d'opéras
1479 2333 252 79 français
1764 2347 57 43 et
1860 2352 127 38 sans
2034 2332 55 56 la
2138 2332 216 76 langue
2403 2349 141 36 avec
2592 2327 254 79 laquelle

343 2434 61 77 je
438 2432 117 58 suis
588 2451 72 36 en
694 2430 257 79 dispute,
989 2427 48 71 je
1073 2448 96 35 me
1204 2425 240 58 croirais
1477 2445 71 36 en
1585 2423 242 58 France.
1858 2421 109 77 J'ai
2011 2418 262 59 entendu
2309 2416 128 79 déjà
2483 2417 54 56 la
2588 2416 258 68 Vestale,

347 2521 144 78 Jean
529 2519 70 57 de
636 2519 183 70 Paris,
849 2515 290 80 Joconde,
1177 2512 368 59 Cendrillon.
1583 2512 86 58 La
1704 2511 236 56 Vestale
1975 2509 144 57 n'est
2164 2526 101 60 pas
2297 2505 137 58 bien
2472 2503 223 59 rendue
2730 2525 12 37 :
2780 2525 67 36 ce

354 2611 94 58 bel
481 2628 260 58 ouvrage
775 2620 82 44 est
891 2604 107 58 fait
1042 2624 152 60 pour
1246 2623 115 37 une
1413 2600 221 80 grande
1681 2600 134 57 salle
1864 2611 59 45 et
1970 2596 146 81 perd
2170 2595 313 79 beaucoup
2540 2594 142 57 dans
2729 2614 118 37 une

354 2698 203 80 petite.
612 2697 99 57 On
758 2693 188 81 prend
993 2693 146 57 aussi
1192 2691 55 56 la
1295 2691 238 78 plupart
1589 2688 97 58 des
1735 2698 419 46 mouvements
2201 2698 136 65 trop
2392 2684 141 56 vite.
2587 2683 146 76 Jean
2776 2681 71 57 de

357 2787 162 57 Paris
552 2799 84 44 est
670 2782 511 81 supérieurement
1215 2777 248 59 exécuté
1498 2798 103 59 par
1633 2775 365 69 l'orchestre,
2028 2774 146 57 mais
2207 2770 159 60 voilà
2400 2785 153 44 tout.
2575 2769 273 80 Joconde

355 2896 115 60 que
494 2874 61 79 je
589 2873 113 57 n'ai
738 2892 101 60 pas
872 2869 259 59 entendu
1166 2867 30 58 à
1233 2868 180 69 Paris,
1443 2881 55 43 et
1526 2865 145 58 dont
1704 2865 80 58 les
1808 2864 301 79 journaux
2141 2876 57 43 et
2232 2874 134 45 tout
2399 2860 53 58 le
2485 2859 222 57 monde
2742 2872 105 44 ont

354 2963 88 57 dit
496 2975 127 44 tant
681 2961 69 57 de
808 2959 157 69 bien,
1018 2977 73 37 ne
1147 2957 119 56 m'a
1321 2975 101 59 pas
1468 2951 109 60 fait
1633 2953 199 79 plaisir
1868 2973 10 36 :
1935 2949 300 82 peut-être
2279 2970 73 35 ne
2396 2948 301 80 prend-on
2746 2967 102 60 pas

355 3051 138 58 bien
543 3051 80 56 les
675 3060 417 45 mouvements
1121 3069 14 47 ;
1194 3065 96 37 car
1333 3042 98 58 des
1479 3042 403 58 connaisseurs
1934 3039 189 58 m'ont
2174 3038 312 79 beaucoup
2550 3033 160 83 parlé
2767 3036 80 57 du

354 3155 107 60 4to
513 3137 77 59 du
659 3136 76 60 2d
780 3150 127 44 acte
962 3149 58 43 et
1075 3154 67 37 ce
1199 3146 104 62 4to
1360 3131 116 57 m'a
1539 3151 145 59 paru
1738 3130 365 77 languissant
2137 3151 14 46 ;
2212 3127 42 56 il
2305 3140 85 44 est
2441 3127 125 56 vrai
2624 3145 116 58 que
2786 3123 62 79 je

355 3225 366 60 n'entendais
768 3245 102 60 pas
917 3225 80 56 les
1046 3222 245 79 paroles,
1342 3234 56 43 et
1450 3220 125 57 cela
1624 3216 107 60 fait
1784 3217 330 78 beaucoup.
2170 3216 137 57 Plus
2353 3212 296 81 j'entends
2683 3212 134 59 d'ou-

355 3337 207 57 vrages
614 3315 70 57 de
738 3315 96 57 M.
886 3310 188 60 l'abbé
1111 3311 334 66 Girowetz,
1498 3309 131 78 plus
1670 3307 60 78 je
1782 3306 115 57 suis
1943 3305 363 57 admirateur
2351 3304 72 57 de
2475 3324 103 38 son
2620 3304 181 55 talent
2834 3323 12 36 :

357 3404 266 77 toujours
658 3401 183 70 doux,
876 3400 304 79 gracieux,
1225 3398 174 57 d'une
1445 3395 311 57 harmonie
1791 3391 248 82 parfaite
2075 3417 14 47 ;
2136 3392 349 81 employant
2517 3391 82 57 les
2633 3392 187 55 instru-

357 3506 195 44 ments
599 3490 32 57 à
667 3504 137 43 vent
849 3509 140 37 avec
1035 3508 77 37 un
1149 3499 87 45 art
1270 3481 170 61 infini
1477 3504 11 37 :
1526 3484 98 57 des
1672 3480 157 60 idées
1860 3480 272 60 fraîches.
2178 3481 117 58 Son
2343 3478 206 81 Agnès
2584 3480 160 57 Sorel
2794 3492 57 44 et

357 3602 101 39 son
496 3580 351 80 Augenartz
879 3577 193 58 m'ont
1107 3572 310 62 enchanté.
1468 3573 162 57 Dans
1679 3592 67 38 ce
1791 3570 254 71 dernier,
2090 3570 42 57 il
2175 3591 36 59 y
2258 3591 30 36 a
2334 3589 79 38 un
2457 3569 154 80 petit
2655 3568 85 57 air
2781 3566 70 59 de
