2908 4155
757 243 132 66 LE
962 243 358 69 STYLE
1394 246 638 84 CLASSIQUE

2532 256 38 63 8
2588 276 38 69 7

151 385 76 56 Et
275 385 60 79 je
392 408 72 36 ne
517 389 157 78 parle
727 408 101 59 pas
878 387 100 57 des
1030 388 391 80 descriptions
1469 413 69 36 en
1587 395 296 78 musique,
1921 397 103 76 qui
2058 393 400 61 foisonnaient
2494 398 138 58 dans

148 472 125 58 l'art
301 474 290 57 allemand
622 496 126 35 vers
784 493 182 60 1720,
995 496 239 37 comme
1270 497 75 37 on
1379 479 52 56 le
1466 482 125 56 voit
1626 502 103 59 par
1762 483 79 56 les
1875 483 275 56 railleries
2178 483 70 57 de
2278 484 353 59 Mattheson

148 561 139 58 dans
337 583 58 36 sa
776 562 210 58 Critica
1298 562 247 57 Musica.
1000 564 87 56 Le
1124 582 387 42 mouvement
1545 571 198 56 venait
1792 569 69 59 de
1908 571 232 70 l'ltalie,
2187 569 76 59 où
2301 573 235 57 Vivaldi
2574 590 56 42 et

149 651 308 70 Locatelli,
486 672 131 37 sous
644 651 335 58 l'influence
1002 652 70 57 de
1098 652 239 80 l'opéra,
1365 653 322 62 écrivaient
1715 658 98 59 des
1839 674 308 43 concertos
2173 660 30 57 à
2226 681 401 59 programme,

147 740 102 76 qui
313 760 56 37 se
434 738 377 80 répandirent
876 740 141 57 dans
1079 741 286 80 l'Europe
1418 743 239 60 entière.
1689 742 9 26 1
1756 748 159 70 Puis,
1981 769 65 35 ce
2101 746 93 60 fut
2250 750 52 56 la
2353 752 274 78 musique

144 823 304 82 française,
501 826 91 58 '•'■
592 826 161 58 subtile
790 826 287 58 imitatrice
1106 828 65 56 de
1202 830 59 56 la
1294 842 195 46 nature
1605 830 15 24 3
1670 835 143 57 dont
1861 835 334 58 l'influence
2228 835 92 58 fut
2372 837 221 80 prépon-

144 912 239 60 dérante
419 936 95 36 sur
548 917 51 55 le
633 914 501 81 développement
1162 919 70 56 de
1266 920 53 56 la
2594 921 38 55 T
1732 924 297 78 (peinture
2056 947 71 35 en
2155 928 298 77 musique)
2489 928 140 58 dans

143 1004 131 56 l'art
320 1004 311 57 allemand.
659 1000 16 25 3
829 1005 162 57 Mais
1044 1025 64 37 ce
1167 1027 115 58 que
1327 1008 58 77 je
1442 1010 149 57 tiens
1643 1010 30 57 à
1727 1025 188 56 noter,
1969 1013 138 57 c'est
2160 1034 115 57 que
2317 1015 197 56 même
2549 1016 78 58 les

143 1091 353 59 adversaires
552 1093 71 57 de
674 1094 52 56 la
779 1094 275 79 musique
1112 1117 29 34 a
1195 1115 402 59 programme,
1640 1121 153 35 ceux
1842 1103 105 76 qui
1995 1122 240 37 comme
2273 1103 349 58 Mattheson

144 1180 289 57 raillaient
467 1180 471 79 l'extravagance
989 1182 98 58 des
1136 1183 390 80 descriptions
1582 1187 70 55 de
1705 1187 281 71 batailles,
2041 1189 69 56 de
2164 1190 310 79 tempêtes,
2529 1192 97 58 des

142 1268 350 60 calendriers
551 1272 331 68 musicaux,
918 1268 16 23 4
986 1270 99 59 des
1141 1273 413 77 symbolismes
1605 1274 220 80 puérils
1880 1279 103 75 qui
2042 1277 460 80 représentaient
2554 1302 71 36 en

142 1358 380 78 contrepoint
556 1358 52 56 le
644 1359 259 78 premier
936 1358 271 80 chapitre
1257 1361 70 55 de
1362 1361 80 57 St.
1491 1362 304 70 Mathieu,
1832 1364 205 56 l'arbre
2082 1363 431 83 généalogique
2549 1368 76 57 du

143 1444 281 70 Sauveur,
476 1467 74 36 ou
602 1447 124 79 qui,
779 1469 153 57 pour
980 1450 302 77 exprimer
1315 1451 79 54 les
1430 1450 190 57 douze
1654 1453 233 77 apôtres
1921 1452 78 57 du
2037 1452 224 70 Christ,
2302 1453 323 60 écrivaient

141 1533 190 57 douze
365 1536 238 77 parties,
757 1535 238 58 ceux-là
1047 1536 198 57 même
1295 1536 222 60 étaient
1552 1540 97 56 des
1684 1541 285 77 partisans
2002 1543 80 55 les
2117 1542 129 79 plus
2296 1542 217 59 résolus
2547 1545 78 57 du

143 1620 155 58 droit
334 1622 69 57 de
437 1625 53 54 la
524 1625 277 77 musique
828 1625 452 57 instrumentale
1314 1625 31 57 à
1379 1623 274 82 pénétrer
1679 1643 55 41 et
1762 1626 30 58 à
1820 1629 260 57 traduire
2112 1631 53 55 la
2198 1632 95 55 vie
2329 1631 70 56 de
2432 1632 190 58 l'âme.

637 1726 88 56 On
831 1739 139 65 peut
1144 1737 108 45 très
1404 1724 116 58 bien
1685 1728 338 77 représenter
2399 1738 136 47 alpec
2132 1731 85 58 dit
2249 1733 374 70 Mattheson,

146 1811 58 56 la
350 1813 291 76 grandeur
1037 1814 205 70 d'âme,
1566 1815 48 56 F
1618 1836 210 48 amour,
2199 1817 59 55 la
2394 1814 238 79 jalousie

136 1898 340 60 inclinations
506 1902 74 57 du
613 1923 150 36 cœur
787 1916 116 64 par
934 1903 64 56 de
1030 1903 213 79 simples
1275 1905 223 56 accords
1530 1918 52 43 et
1611 1907 121 56 leur
1778 1905 397 60 enchaînement
2218 1930 129 35 sans
2383 1912 240 76 paroles,

134 2010 62 35 en
243 2003 140 43 sorte
420 2011 100 58 que
567 1992 47 54 F
619 1992 256 57 auditeur
920 1992 211 57 saisisse
1162 2006 52 43 et
1244 2006 310 66 comprenne
1587 1996 57 55 la
1676 1997 239 68 marche,
1966 1997 48 56 le
2060 2018 135 49 sens,
2230 1998 58 56 la
2316 2001 194 76 pensée
2554 2001 73 56 du

143 2076 241 59 discours
685 2081 248 67 musical,
1253 2102 191 36 comme
1694 2079 51 59 si
1849 2082 183 56 cétait
2275 2102 72 36 un
2481 2081 151 58 vérita
2080 2086 32 19 ''
2129 2079 17 26 s

317 2180 102 57 Un
456 2201 111 57 peu
607 2182 129 78 plus
771 2182 147 70 tard,
970 2204 128 35 vers
1144 2184 179 77 1767,
1376 2184 141 57 dans
1552 2205 115 36 une
1701 2186 172 56 lettre
1907 2185 31 57 à
1974 2185 248 80 Philipp
2264 2187 362 60 Emmanuel

139 2266 182 71 Bach,
358 2270 52 56 le
444 2267 177 80 poète
656 2270 405 80 Gerstenberg
1096 2271 69 57 de
1202 2271 412 80 Copenhague
1654 2275 342 77 exprimait,
2048 2295 140 37 avec
2240 2297 113 35 une
2401 2276 221 59 netteté

137 2354 269 78 parfaite,
440 2356 172 59 l'idée
670 2379 114 59 que
842 2360 53 55 la
946 2360 160 56 vraie
1141 2361 278 78 musique
1455 2361 471 69 instrumentale,
1980 2377 57 42 et
2089 2384 71 35 en
2197 2365 344 76 particulier
2575 2368 51 54 la

137 2445 275 79 musique
447 2468 151 57 pour
632 2449 236 69 clavier,
906 2448 196 57 devait
1130 2450 303 78 exprimer
1466 2449 98 57 des
1599 2452 350 55 sentiments
1982 2466 57 41 et
2075 2452 98 57 des
2206 2453 175 72 sujets
2408 2453 214 79 précis;

250 2643 10 21 1
293 2644 94 39 Tels
423 2645 51 39 les
509 2657 136 40 quatre
679 2657 204 29 concertos
915 2650 48 36 de
993 2647 170 48 Vivaldi,
1199 2652 200 34 consacrés
1430 2663 77 23 aux
1543 2659 136 40 quatre
1715 2650 164 46 Saisons,
1913 2665 51 23 ou
2000 2649 50 39 les
2072 2662 202 27 concertos
2295 2653 42 36 la
2362 2652 199 51 Tempesta,
2584 2656 41 36 la

133 2702 105 37 Notte
239 2732 9 16 ,
272 2712 72 28 etc.
370 2704 166 37 Chacun
559 2705 64 37 des
645 2715 204 28 concertos
881 2706 65 37 des
983 2706 151 37 Saisons
1167 2704 148 39 illustre
1346 2720 52 22 un
1431 2720 252 38 programme
1720 2721 75 35 que
1832 2705 54 39 lui
1925 2717 105 29 trace
2065 2722 51 23 un
2150 2718 151 28 sonnet.
2334 2711 45 47 Je
2412 2711 157 37 renvoie
2604 2714 21 35 à

135 2757 183 53 l'analyse
350 2760 53 36 du
440 2761 207 38 charmant
681 2772 185 28 concerto
904 2763 261 45 d'Automne,
1200 2777 68 38 par
1306 2763 63 37 M.
1403 2761 157 39 Arnold
1595 2763 200 49 Schering.
1834 2765 12 47 (
1851 2764 210 38 Geschichte
2091 2766 59 36 des
2181 2766 442 47 Instrumentalkon%erts,

141 2829 115 36 1905,
296 2816 241 54 Breitkopf).
574 2820 65 36 M.
677 2820 190 47 Schering
899 2833 21 24 a
957 2822 155 35 montré
1148 2818 225 39 l'influence
1407 2820 47 37 de
1487 2833 59 24 ces
1584 2834 150 23 oeuvres
1770 2834 64 23 sur
1877 2822 212 51 Graupner
2131 2824 21 35 à
2197 2824 241 45 Darmstadt,
2481 2834 36 27 et
2561 2839 64 23 sur

135 2874 76 48 Jos.
246 2874 217 48 Gregorius
497 2877 181 44 Werner,
713 2877 270 51 prédécesseur
1016 2877 47 37 de
1102 2876 147 52 Haydn
1287 2878 20 36 à
1344 2874 35 40 la
1413 2877 192 37 direction
1639 2877 47 37 de
1720 2875 36 39 la
1790 2876 174 53 chapelle
1997 2879 52 36 du
2082 2879 134 51 prince
2251 2880 221 50 Esterhazy.

247 2972 10 3 -
292 2957 54 36 Le
369 2966 84 27 mot
475 2967 53 27 est
550 2958 47 38 de
620 2956 238 49 Telemann,
884 2972 46 24 en
961 2972 114 33 1742.

249 3014 73 36 Sur
355 3012 52 38 les
443 3014 235 38 théoriciens
713 3014 167 50 français
916 3016 47 37 de
1327 3029 47 23 en
1397 3015 193 50 musique,
1616 3015 82 38 voir
1720 3014 35 39 la
1778 3017 104 37 thèse
1904 3017 47 38 de
1974 3018 64 36 M.
2063 3020 33 47 J.
2122 3016 269 40 Ecorcheville
2415 3036 8 20 :
2446 3019 55 36 De
2522 3020 103 37 Lulli

133 3072 25 34 à
179 3070 181 46 Rameau,
384 3071 244 51 VEsthétique
649 3071 177 38 musicale
847 3074 45 36 de
919 3076 102 47 1690
1046 3076 25 33 à
1099 3086 117 34 1730.

248 3149 13 22 3
292 3153 150 36 Aucun
479 3152 64 38 des
574 3153 184 51 critiques
790 3152 228 48 allemands,
1058 3154 66 51 qui
1155 3152 181 46 relèvent,
1375 3153 72 37 soit
1484 3167 101 38 pour
1616 3152 35 38 la
1683 3152 122 48 louer,
1841 3154 73 37 soit
1947 3168 99 38 pour
2077 3154 35 39 la
2145 3153 159 48 blâmer,
2328 3154 36 40 la
2394 3158 152 50 passion
2579 3158 46 37 de

136 3206 221 39 Telemann
380 3222 101 38 pour
502 3207 52 40 les
574 3210 199 52 peintures
795 3210 216 47 musicales,
1037 3225 47 23 ne
1106 3224 172 37 manque
1299 3211 89 36 d'en
1412 3209 190 39 attribuer
1624 3208 37 40 la
1682 3224 112 24 cause
1818 3214 21 35 à
1856 3210 225 40 l'influence
2098 3211 200 50 française.
2319 3215 50 35 Et
2387 3212 235 48 Telemann,

136 3274 87 28 tout
254 3264 35 38 le
320 3266 181 51 premier,
537 3268 271 50 revendiquait
840 3266 214 40 l'honneur
1075 3268 47 38 de
1144 3268 110 37 s'être
1277 3266 69 38 fait
1368 3281 47 23 en
1439 3268 79 36 ceci
1540 3265 34 39 le
1596 3266 159 54 disciple
1777 3268 47 38 de
1846 3266 35 40 la
1905 3269 160 37 France.

252 3346 7 21 1
282 3346 89 48 Tel,
395 3358 59 27 cet
475 3350 483 38 Instrumental-Kalender
977 3364 47 24 en
1047 3351 123 37 douze
1195 3350 111 45 mois,
1331 3363 69 38 par
1420 3352 78 47 Jos.
1522 3350 219 48 Gregorius
1762 3353 180 35 Werner.
1967 3352 112 37 Tout
2102 3361 53 28 est
2185 3353 145 36 traduit
2361 3366 46 24 en
2430 3354 192 49 musique,

129 3406 158 49 jusqu'à
318 3402 36 39 la
386 3403 197 51 longueur
618 3407 64 37 des
710 3408 109 47 jours
847 3417 37 28 et
917 3408 65 37 des
1018 3408 114 45 nuits,
1157 3407 80 50 qui,
1270 3410 109 34 étant
1400 3420 47 23 en
1479 3405 139 39 février
1648 3407 48 37 de
1724 3422 45 23 10
1803 3417 37 28 et
1875 3408 47 37 de
1965 3424 47 32 14
2046 3409 148 46 heures,
2228 3410 206 51 s'exprime
2462 3424 69 38 par
2559 3410 64 38 des

132 3461 161 52 reprises
329 3462 47 37 de
410 3464 191 37 Menuets
633 3477 47 24 en
713 3479 47 23 10
783 3473 37 28 et
848 3480 46 31 14
917 3478 181 24 mesures.
1209 3464 65 37 M.
1298 3465 52 36 A.
1386 3464 190 47 Schering
1607 3477 37 24 se
1675 3464 192 38 demande
1889 3465 30 36 si
1942 3466 149 50 Haydn
2114 3479 48 24 ne
2183 3467 86 37 s'est
2291 3480 66 38 pas
2378 3480 174 24 souvenu
2575 3468 47 36 de

132 3532 71 24 son
239 3518 270 52 prédécesseur
548 3520 96 38 dans
680 3534 54 24 ses
769 3522 256 51 symphonies
1060 3522 47 36 de
1136 3522 175 48 jeunesse
1336 3538 8 20 :
1377 3522 50 35 Le
1459 3520 83 46 soir,
1580 3522 52 36 Le
1666 3521 120 37 matin
1789 3551 10 16 ,
1832 3530 71 29 etc.

246 3606 13 15 0
290 3600 73 38 Die
392 3602 152 37 Neueste
576 3603 285 49 Untersuchung
889 3604 69 36 der
987 3602 198 51 Singspiele
1186 3632 10 17 ,
1225 3616 117 34 1744.
1444 3602 233 38 Mattheson
1700 3603 76 37 suit
1799 3603 50 39 ici
1872 3601 52 40 les
1947 3604 206 39 traditions
2173 3605 47 37 de
2245 3604 147 39 Keiser.
