2908 4155
691 236 656 74 SOUVENIRS
1420 218 480 89 INÉDITS

2388 257 149 66 lOÇ

55 390 323 80 effroyable
402 414 12 44 ;
452 409 115 36 une
601 383 188 80 figure
823 405 77 35 on
935 402 72 37 ne
1040 396 145 65 peut
1220 382 130 79 plus
1385 381 371 81 désagréable
1780 406 14 47 ;
1830 402 79 36 un
1945 378 242 60 énorme
2222 402 110 36 nez
2363 405 12 45 ;
2427 402 115 37 une

56 478 235 59 bouche
325 472 481 70 immensurable,
859 471 98 57 des
992 491 160 59 yeux
1203 470 133 57 bien
1391 491 202 50 creux,
1645 470 97 58 des
1794 470 167 57 dents
2008 468 228 79 jaunes,
2289 482 57 43 et
2403 490 139 37 avec

56 570 123 56 cela
212 588 79 36 un
341 586 118 59 peu
493 564 70 57 de
611 561 198 69 barbe,
844 557 158 59 voilà
1035 560 54 56 le
1134 558 220 79 potrait
1390 558 70 58 de
1494 574 169 42 notre
1698 558 254 58 aimable
1984 576 351 60 voyageuse.
2385 558 159 56 Pour

56 678 103 37 son
195 651 313 71 caractère,
545 652 137 56 c'est
715 663 167 43 autre
916 646 196 58 chose.
1160 647 161 57 C'est
1357 669 115 35 une
1507 646 318 58 chanteuse
1861 646 71 57 de
1990 646 35 57 6
2030 649 16 19 e
2102 647 192 56 classe.
2350 646 131 56 Elle
2515 668 30 34 a

58 767 71 35 au
165 743 215 59 double
413 755 133 43 tous
579 741 80 55 les
708 734 228 61 défauts
985 736 104 79 qui
1140 749 132 43 sont
1320 735 466 57 ordinairement
1833 735 302 79 l'apanage
2170 734 96 58 des
2302 731 240 60 utilités.

51 834 71 76 Je
169 833 96 57 l'ai
299 826 184 61 défiée
517 828 71 57 de
623 826 123 58 dire
790 845 79 36 un
920 823 209 80 phrase
1179 843 126 37 sans
1345 823 162 77 jurer
1531 844 11 36 :
1595 825 107 55 elle
1752 823 90 57 n'a
1890 842 100 59 pas
2043 820 94 60 osé
2172 837 273 63 accepter
2492 823 53 55 le

59 918 132 61 défi.
230 920 263 78 N'ayant
526 936 102 59 pas
661 914 199 57 même
892 910 174 59 l'idée
1099 911 175 58 d'une
1308 910 206 80 espèce
1562 910 374 60 d'éducation
1963 936 12 45 ;
2029 932 71 35 ne
2149 909 240 60 sachant
2446 931 101 58 pas

59 1009 184 59 écrire
277 1030 103 36 son
416 1027 163 47 nom,
615 1025 72 36 ne
723 1016 264 66 pouvant
1021 1022 101 58 pas
1156 1000 125 58 dire
1316 1016 207 63 quatre
1556 1002 227 78 paroles
1832 1000 70 56 de
1951 1002 151 54 suite
2158 1002 103 76 qui
2314 1013 231 45 eussent

59 1101 53 54 le
146 1117 126 38 sens
306 1113 307 40 commun.
653 1092 164 57 Mais
850 1089 108 57 elle
992 1111 31 35 a
1057 1110 77 36 un
1171 1089 183 56 talent
1390 1091 104 77 qui
1551 1087 238 58 rachète
1838 1102 132 42 tous
2017 1107 84 37 ses
2149 1085 228 59 défauts
2401 1112 12 46 ;
2467 1107 78 37 un

61 1188 183 57 talent
280 1185 211 78 qu'elle
526 1179 241 83 possède
802 1201 70 36 au
919 1178 132 79 plus
1099 1177 147 57 haut
1296 1176 176 80 degré
1499 1177 10 58 !
1562 1199 79 35 un
1691 1178 181 56 talent
1922 1177 104 77 qui
2074 1177 54 56 la
2183 1177 237 56 console
2477 1176 70 56 de

61 1290 195 43 toutes
287 1275 80 56 les
407 1271 212 80 petites
667 1263 456 63 mortifications
1173 1266 215 77 qu'elle
1438 1263 282 82 éprouve,
1772 1265 104 78 qui
1926 1285 151 57 pour
2126 1265 107 55 elle
2283 1279 83 41 est
2418 1265 130 77 plus

61 1362 285 82 précieux
408 1381 117 59 que
579 1359 173 77 vingt
817 1356 164 57 mille
1044 1356 174 56 livres
1282 1355 71 57 de
1401 1367 184 58 rente,
1637 1355 106 77 qui
1790 1353 85 56 lui
1924 1351 195 58 donne
2167 1353 53 56 la
2266 1351 163 58 force
2478 1353 70 58 de

61 1465 313 68 supporter
411 1451 80 56 les
524 1446 298 60 malheurs
847 1445 11 57 !
911 1465 77 36 un
1032 1445 182 56 talent
1264 1440 156 59 enfin
1472 1444 104 77 qui
1627 1440 294 58 renferme
1969 1461 72 36 en
2088 1441 85 56 lui
2228 1455 192 43 toutes
2471 1444 78 54 les

64 1554 190 45 autres
303 1535 293 62 sciences!
649 1535 159 64 Quel
858 1546 83 44 est
992 1531 153 57 donc
1180 1552 66 36 ce
1281 1531 184 57 talent
1488 1533 17 54 ?
1556 1530 166 56 Vous
1754 1550 73 36 ne
1860 1529 53 56 le
1947 1527 248 58 devinez
2229 1549 99 57 pas
2352 1530 17 56 ?
2422 1530 129 56 Elle

64 1630 105 57 sait
219 1625 416 84 parfaitement
686 1624 141 56 tirer
877 1623 80 56 les
1013 1634 201 43 cartes.
1273 1621 174 56 Cette
1500 1618 253 57 aimable
1811 1618 172 55 dame
2035 1630 84 43 est
2170 1637 156 36 sœur
2378 1616 70 57 de
2500 1619 53 56 la

64 1717 261 58 fameuse
361 1715 146 59 Sessi
532 1738 13 47 ;
600 1713 108 71 j'en
742 1709 108 58 fais
883 1710 399 79 compliment
1315 1707 30 58 à
1390 1707 273 58 madame
1714 1707 127 55 leur
1895 1704 179 58 mère.
2123 1703 261 80 J'espère
2437 1727 116 57 que

56 1808 60 78 je
149 1804 145 60 ferai
329 1807 131 77 plus
494 1803 196 79 ample
724 1800 417 58 connaissance
1175 1812 57 43 et
1268 1794 204 61 amitié
1508 1817 141 37 avec
1682 1795 123 58 l'un
1851 1794 98 57 des
1997 1794 156 57 deux
2200 1813 348 60 voyageurs.

60 1897 70 76 Je
186 1916 72 36 ne
315 1894 159 79 parle
531 1912 101 59 pas
687 1891 79 56 du
823 1886 304 61 troisième
1183 1907 174 59 parce
1414 1906 115 58 que
1578 1882 283 81 j'écrirais
1913 1882 97 58 des
2067 1882 203 58 choses
2322 1884 103 78 qui
2482 1903 71 37 ne

66 1997 130 45 sont
232 1983 196 58 même
464 2000 99 61 pas
599 1980 224 57 bonnes
858 1976 30 58 à
922 1976 125 58 dire
1081 1976 71 57 de
1187 1974 254 59 bouche.

245 2160 164 56 Mais
442 2157 140 58 dans
616 2156 195 79 quelle
845 2152 193 59 diable
1072 2152 71 57 de
1178 2152 228 57 maison
1441 2148 200 79 suis-je
1675 2148 154 58 donc
1865 2145 203 61 tombé
2092 2150 18 56 ?
2159 2145 251 81 Chaque
2443 2145 113 58 fois

68 2270 115 58 que
209 2249 216 77 j'entre
460 2267 78 36 ou
572 2265 115 59 que
713 2244 60 78 je
807 2263 119 38 sors
950 2242 60 78 je
1044 2255 315 43 rencontre
1394 2260 114 36 une
1543 2235 271 84 quantité
1869 2236 69 57 de
1987 2235 270 70 femmes,
2310 2249 56 43 et
2422 2236 135 78 puis

68 2339 97 57 des
197 2335 252 60 femmes
483 2349 56 43 et
574 2334 267 77 toujours
874 2331 98 59 des
1004 2329 273 71 femmes,
1307 2344 56 42 et
1397 2329 172 79 point
1604 2325 336 60 d'hommes
1965 2325 10 57 !
2016 2326 157 56 Hier
2206 2345 70 36 en
2312 2338 242 56 sortant,

60 2427 58 77 je
153 2427 86 55 vis
273 2438 166 43 toute
472 2424 53 56 la
558 2419 217 61 société
809 2419 31 58 à
874 2420 155 57 table
1054 2439 11 37 :
1118 2418 157 57 deux
1308 2416 276 59 hommes
1617 2430 57 42 et
1710 2435 114 37 une
1860 2411 269 83 quantité
2180 2413 71 56 de
2284 2410 269 60 femmes.

70 2515 125 63 Qui
230 2513 192 57 diable
456 2526 184 44 est-ce
676 2510 154 58 donc
849 2510 16 56 ?
919 2509 208 56 Est-ce
1162 2528 116 57 que
1314 2527 97 37 ma
1447 2519 170 43 vertu
1651 2504 174 57 serait
1860 2523 71 37 en
1966 2502 221 77 danger
2217 2503 17 54 ?
2289 2500 268 79 Serais-je

70 2603 140 57 dans
244 2623 115 36 une
386 2602 227 56 maison
637 2602 59 56 ?..
727 2601 291 55 Pourtant
1051 2598 53 56 la
1138 2596 304 78 padronne
1476 2593 116 58 m'a
1626 2593 86 56 dit
1740 2592 212 78 qu'elle
1985 2611 32 37 a
2049 2587 133 81 logé
2217 2590 341 78 longtemps

68 2693 54 56 la
158 2703 404 68 gouvernante
596 2688 70 57 de
691 2688 60 79 je
788 2710 71 35 ne
894 2688 107 56 sais
1035 2687 195 77 quelle
1264 2686 293 78 princesse
1582 2707 12 46 ;
1648 2682 212 79 qu'elle
1891 2681 136 77 loge
2062 2700 68 36 en
2167 2698 66 37 ce
2285 2692 273 43 moment

70 2801 80 37 un
186 2800 134 60 gros
353 2777 320 80 négociant
708 2777 71 57 de
816 2773 330 60 Francfort.
1188 2775 162 55 Mais
1385 2772 298 79 pourquoi
1720 2782 126 45 tant
1880 2768 70 57 de
1983 2776 251 48 temmes
2269 2767 186 56 matin
2502 2781 56 42 et

71 2870 116 57 soir
211 2870 17 56 ?
268 2869 259 57 Demain
564 2867 188 56 matin
778 2865 61 77 je
874 2884 158 38 veux
1065 2861 269 58 éclaircir
1368 2874 155 44 cette
1557 2858 220 59 affaire.

240 3045 72 76 Je
346 3045 115 57 suis
496 3057 132 64 trop
663 3041 270 59 heureux
966 3040 8 58 !
1014 3062 96 35 ma
1147 3036 186 60 soirée
1381 3034 435 80 d'aujourd'hui
1865 3051 320 60 compense
2232 3031 80 56 les
2361 3030 201 79 peines

73 3156 115 57 que
212 3134 102 77 j'ai
350 3153 133 37 eues
517 3131 207 79 depuis
759 3152 80 35 un
874 3129 169 58 mois.
1094 3129 259 56 Comme
1404 3147 77 35 un
1532 3123 273 59 bonheur
1852 3143 72 35 ne
1971 3121 166 56 vient
2176 3119 212 77 jamais
2436 3138 126 37 sans

73 3224 228 69 l'autre,
337 3222 41 55 il
422 3220 142 57 était
611 3219 230 58 naturel
887 3239 115 59 que
1040 3218 122 77 j'en
1211 3236 158 36 eusse
1402 3214 312 77 beaucoup
1749 3209 31 58 à
1811 3211 54 56 la
1898 3208 112 58 fois
2058 3222 57 43 et
2154 3208 60 77 je
2262 3227 173 37 serais
2483 3227 79 37 un

73 3313 195 76 ingrat
313 3311 46 57 si
411 3308 163 80 après
607 3308 164 57 avoir
818 3305 148 59 écrit
1015 3326 125 37 mes
1188 3303 298 79 chagrins,
1532 3302 58 77 je
1642 3298 308 60 n'écrivais
1996 3317 100 60 pas
2144 3316 122 36 mes
2317 3295 242 79 plaisirs.

83 3406 51 52 i°
159 3399 112 78 J'ai
305 3396 310 59 rencontré
651 3418 80 35 un
766 3397 302 56 monsieur
1096 3393 70 57 de
1201 3394 52 56 la
1287 3392 194 79 police
1515 3391 105 78 qui
1654 3410 56 36 se
1745 3402 209 43 trouve
1979 3385 328 78 justement
2333 3385 52 55 le
2412 3382 151 58 frere

73 3488 138 57 d'un
262 3486 70 58 de
380 3506 123 38 mes
559 3486 147 57 amis
756 3485 71 57 de
878 3485 245 77 Naples,
1170 3497 58 42 et
1263 3482 105 77 qui
1401 3479 116 58 m'a
1551 3474 191 61 assuré
1778 3496 115 58 que
1928 3495 144 36 mon
2106 3473 202 57 affaire
2344 3472 219 57 n'allait

73 3598 101 59 pas
230 3576 136 57 mal.
427 3581 56 52 2°
508 3573 112 79 J'ai
672 3575 198 77 appris
922 3592 116 60 que
1095 3584 194 44 toutes
1340 3570 79 55 les
1468 3567 200 57 dames
1716 3586 116 59 que
1871 3563 61 79 je
1980 3562 205 80 voyais
2223 3561 140 57 dans
2411 3573 152 44 cette
