2908 4155
1094 247 134 66 LE
1299 247 280 71 MOIS

2431 282 27 42 1
2482 283 34 65 3
2543 285 29 42 1

92 385 181 80 (celui
309 388 70 57 de
424 388 159 77 1906
612 388 98 77 !!),
748 388 104 77 qui
887 389 143 69 seul,
1064 386 31 59 à
1129 409 104 37 son
1269 389 145 72 dire,
1465 397 188 54 aurait
1702 411 434 44 correctement
2187 402 268 77 exprimé
2505 405 80 58 les

87 477 335 57 intervalles
456 477 70 55 de
559 477 53 54 la
645 496 242 57 gamme
921 477 305 57 orientale.
1265 478 103 57 Oh
1395 479 10 57 !
1443 480 419 79 parfaitement
1890 485 277 58 d'accord
2195 487 10 57 !
2244 489 339 60 Seulement

87 563 193 57 tandis
314 585 115 57 que
463 564 52 56 le
553 564 63 56 P.
654 562 272 57 Thibaut
962 563 186 57 divise
1183 567 252 57 l'octave
1470 590 71 35 en
1588 588 71 60 17
1694 573 237 76 parties,
1981 573 106 70 lui,
2140 574 74 58 R.
2266 576 216 70 Yekta,
2531 581 54 56 la

85 652 188 57 divise
308 673 69 35 en
407 671 80 56 24
510 676 12 46 ;
559 651 31 57 à
624 652 123 56 cela
781 649 130 80 près
937 651 11 57 !
987 653 79 55 Et
1101 653 116 56 l'on
1252 656 173 57 serait
1459 657 248 58 d'abord
1743 659 160 59 tenté
1938 661 70 57 de
2044 665 189 54 croire
2268 685 115 57 que
2428 681 157 43 cette

85 739 258 58 division
390 761 69 36 en
515 759 80 55 24
643 753 84 42 est
775 739 52 56 le
863 738 438 80 tempérament
1335 742 130 80 égal
1499 745 306 78 préconisé
1838 770 128 37 vers
2009 750 162 77 1830
2205 774 104 56 par
2345 755 241 57 Michel

89 827 300 57 Meshaka
423 827 69 56 de
530 828 222 55 Damas
785 841 59 42 et
877 826 238 80 adopté,
1143 850 106 57 par
1282 851 114 50 ex.,
1424 854 104 56 par
1565 835 372 58 Hornbostel
1970 839 196 77 lequel
2199 840 199 57 admet
2432 864 154 56 pour

85 916 55 56 la
188 935 239 58 gamme
476 915 351 78 diatonique
874 916 80 56 les
1002 916 338 60 intervalles
1388 941 117 58 que
1555 921 195 59 donne
1791 927 691 59 conventionnellement
2519 952 64 36 ce

85 1002 441 80 tempérament
587 1005 192 56 savoir
846 1004 94 76 (en
1171 1005 349 80 d'octave):
1583 1030 152 59 4+3
1762 1037 40 40 +
1826 1034 268 59 3+4+3
2121 1039 41 40 +
2187 1037 28 57 3
2241 1043 40 38 +
2304 1038 55 55 4.
2421 1020 164 57 Mais

85 1113 103 58 pas
222 1091 79 57 du
337 1105 152 56 tout,
525 1112 96 36 car
654 1093 52 54 le
741 1091 86 57 dit
861 1090 198 58 Yekta
1094 1091 228 60 déclare
1363 1096 236 77 (Revue
1636 1099 298 58 Musicale
1969 1101 78 56 du
2093 1123 17 36 i
2125 1105 16 19 r
2174 1107 145 54 avril
2364 1108 217 76 1907):

154 1181 114 56 Les
302 1181 229 56 oreilles
565 1180 70 56 de
671 1201 104 36 nos
808 1181 321 58 musiciens
1164 1197 130 43 sont
1329 1183 310 61 habituées
1673 1187 29 57 à
1738 1190 161 56 saisir
1952 1209 80 56 24
2079 1193 332 58 intervalles
2445 1195 141 59 dans

88 1289 114 36 une
248 1282 227 56 octave,
512 1283 56 42 et
603 1267 233 80 chaque
870 1269 292 56 musicien
1199 1291 78 37 ou
1311 1270 291 60 chanteur
1636 1274 70 57 de
1740 1275 263 59 l'Orient
2053 1293 82 42 est
2171 1279 134 57 bien
2342 1283 241 78 capable

85 1354 348 60 d'exécuter
482 1377 92 37 ces
624 1358 357 69 intervalles,
1031 1358 114 56 soit
1193 1378 96 37 sur
1336 1380 103 36 son
1476 1362 400 58 instrumento
1926 1367 111 54 soit
2072 1388 141 36 avec
2257 1388 56 37 sa
2362 1373 159 55 voix.

94 1443 601 80 [Consécutivement
725 1447 18 56 ?
780 1446 207 78 chaque
1019 1447 330 57 musicien?
1377 1449 18 56 ?
1445 1448 214 60 hum...
1705 1452 213 77 qu'elle
1952 1468 83 42 est
2069 1456 53 56 la
2157 1456 320 58 différence
2514 1460 71 55 de

87 1532 252 58 latitude
390 1547 164 43 entre
606 1535 499 77 Constantinople
1155 1548 56 42 et
1260 1535 297 58 Tarascon
1583 1537 45 78 ?]
1688 1540 349 77 Cependant
2087 1543 40 55 il
2183 1564 71 35 ne
2303 1543 125 59 faut
2486 1569 100 56 pas

85 1622 192 57 croire
314 1642 114 58 que
464 1644 92 35 ces
591 1623 335 56 intervalles
959 1636 131 43 sont
1127 1637 133 44 tous
1293 1623 151 79 égau

266 1710 172 57 Alors
489 1711 142 78 quoi
663 1712 18 55 ?
734 1711 205 56 Est-ce
990 1711 186 78 qu'un
1227 1733 367 58 personnage
1644 1714 200 57 idoine
1893 1733 174 63 ayant
2114 1720 256 77 quelque
2406 1724 179 77 esprit

87 1799 260 77 critique
381 1813 57 42 et
474 1800 259 77 quelque
766 1797 288 59 habitude
1089 1800 71 56 de
1193 1801 53 56 la
1279 1799 296 81 précision
1622 1801 396 83 scientifique,
2069 1828 72 35 ne
2185 1811 266 75 pourrait
2487 1832 99 57 pas

87 1886 142 56 tirer
263 1899 132 44 tout
429 1888 122 55 cela
586 1908 68 35 au
692 1888 144 55 clair
857 1889 17 54 ?
925 1938 11 7 .

708 2002 146 56 Bien
889 1999 31 59 à
953 2022 147 37 vous

2064 2096 76 57 G.
2192 2097 211 59 ALLIX.

367 2275 137 46 Voici
531 2274 43 47 la
598 2274 191 62 réponse
816 2276 62 46 du
906 2276 59 47 R.
995 2275 52 48 P.
1076 2276 244 48 Thibaut:

269 2421 86 56 Ce
390 2421 169 57 m'est
607 2444 79 34 un
736 2422 222 79 plaisir,
1010 2425 322 56 Monsieur
1379 2426 54 56 le
1484 2426 341 71 Directeur,
1876 2427 71 57 de
1995 2427 291 80 répondre
2338 2430 31 58 à
2417 2448 168 42 votre

89 2509 255 58 aimable
379 2511 317 56 invitation
747 2525 57 43 et
854 2511 71 57 de
959 2512 229 58 donner
1221 2511 30 59 à
1287 2528 167 43 votre
1489 2515 172 57 docte
1697 2516 432 59 collaborateur
2162 2539 92 37 ces
2299 2523 286 76 quelques

90 2610 158 43 mots
304 2595 556 62 d'éclaircissement
918 2599 135 80 qu'à
1104 2600 117 57 bon
1282 2601 155 57 droit
1495 2604 41 54 il
1592 2601 275 73 réclame,
1927 2627 152 57 pour
2138 2606 122 58 être
2328 2606 108 58 tiré
2505 2610 78 55 du

89 2686 287 78 singulier
418 2684 119 58 état
584 2688 70 56 de
704 2686 331 80 perplexité
1086 2689 141 57 dans
1274 2690 198 79 lequel
1519 2690 147 57 l'ont
1716 2691 136 58 bien
1904 2695 679 59 malencontreusement

76 2773 126 79 jeté
239 2775 284 57 certaines
556 2775 408 71 affirmations,
1001 2799 71 36 en
1108 2799 330 59 apparence
1472 2780 508 72 contradictoires,
2018 2782 253 58 relevées
2305 2806 70 34 au
2412 2807 171 36 cours

89 2862 71 57 de
195 2864 157 56 deux
385 2864 230 57 articles
648 2886 116 57 que
789 2864 100 79 j'ai
924 2864 233 81 publiés
1190 2865 32 59 à
1256 2867 98 57 des
1387 2865 263 83 époques
1684 2868 339 60 différentes
2063 2892 96 36 sur
2206 2873 52 55 la
2307 2876 275 76 musique

89 2951 328 57 Orientale.

266 3039 114 58 Les
414 3042 304 76 questions
752 3043 306 79 multiples
1091 3057 59 43 et
1183 3045 344 78 complexes
1576 3047 103 78 qui
1731 3060 103 43 ont
1886 3048 135 55 trait
2067 3046 30 58 à
2145 3047 216 57 l'étude
2412 3050 70 56 de
2530 3051 53 56 la

87 3126 250 57 tonalité
372 3128 284 56 orientale
691 3150 71 36 ne
797 3145 132 42 sont
953 3132 172 78 point
1160 3130 30 58 à
1223 3132 54 56 la
1310 3130 209 72 vérité,
1547 3132 71 57 de
1653 3135 171 56 celles
1851 3155 115 57 que
1992 3135 116 56 l'on
2138 3151 143 62 peut
2310 3135 272 59 résoudre

85 3236 77 36 au
196 3215 140 78 pied
369 3215 127 57 levé
531 3236 74 37 au
638 3238 171 36 cours
845 3219 138 57 d'un
1012 3240 78 36 ou
1118 3219 157 57 deux
1310 3221 231 57 articles
1575 3221 71 56 de
1682 3243 226 48 revues,
1943 3225 150 56 aussi
2120 3224 132 57 bien
2291 3224 291 78 appelé-je

85 3301 338 80 également
451 3305 69 56 de
555 3319 132 43 tous
722 3326 124 37 mes
878 3328 185 35 vœux
1096 3329 141 36 avec
1275 3309 97 57 M.
1411 3309 76 57 G.
1527 3310 188 70 Allix,
1750 3311 54 56 le
1844 3332 365 58 personnage
2244 3313 200 57 idoine
2479 3316 101 77 qui

87 3413 218 58 pourra
328 3390 157 58 enfin
511 3414 146 37 nous
680 3394 226 57 donner
922 3398 258 77 quelque
1193 3396 141 78 jour
1350 3418 79 35 un
1452 3396 94 57 bel
1567 3413 56 42 et
1646 3400 184 56 solide
1854 3420 260 58 ouvrage
2129 3422 95 35 sur
2246 3403 50 54 la
2315 3401 265 59 matière.

88 3480 180 57 Voici
292 3500 153 59 pour
465 3500 66 37 ce
555 3483 102 76 qui
682 3503 95 36 me
800 3503 292 37 concerne
1114 3487 52 53 la
1178 3481 414 80 justification,
1617 3507 77 35 ou
1717 3488 220 77 plutôt,
1961 3489 79 56 les
2061 3487 522 60 éclaircissements

80 3567 328 59 demandés
441 3591 72 35 au
548 3570 147 78 sujet
743 3572 79 55 du
873 3593 117 57 peu
1040 3593 116 59 que
1194 3573 107 77 j'ai
1349 3572 149 58 écrit
1546 3594 96 37 sur
1691 3575 52 58 la
1778 3574 245 59 tonalité
2058 3578 299 57 orientale.
