2908 4155
711 211 867 75 L'ACTUALITÉ
1659 234 660 56 MUSICALE

264 222 40 56 6
311 244 40 54 4

268 348 129 46 laires
437 367 52 28 ce
531 351 198 60 brillant,
767 353 181 45 difficile
988 365 45 32 et
1070 365 137 32 avant
1246 366 102 33 tout
1385 354 90 45 fort

269 419 114 44 beau
421 432 218 34 concerto
677 440 55 26 en
769 423 34 44 si
838 423 151 44 bémol
1017 423 197 57 mineur,
1244 440 56 42 op
1330 421 27 46 6
1386 441 89 42 que

268 486 40 45 le
336 489 221 46 musicien
596 491 397 59 prématurément
1019 491 160 45 enlevé
1209 491 130 45 Félix
1386 510 88 26 von

270 557 123 45 Rath
422 557 331 65 (1866-1905)
781 561 158 45 écrivit
965 577 114 43 pour
1119 560 57 44 M
1181 563 51 19 me
1259 561 187 61 Langen-

269 627 90 44 han
390 628 179 60 Hirzel,
597 631 78 59 qui
710 648 26 27 a
772 631 205 61 toujours
1014 629 174 45 excellé
1228 630 23 44 à
1289 630 40 44 le
1369 631 108 44 faire

268 696 155 47 valoir.

339 765 90 46 Les
467 767 267 60 répétitions
764 769 61 44 du
853 768 347 44 Konzertverein
1228 769 249 60 ménagent

268 852 90 27 aux
397 836 212 46 favorisés
645 838 77 58 qui
750 855 30 44 y
805 849 105 33 sont
942 837 145 45 admis
1128 838 76 43 des
1251 839 227 45 incidents

268 905 78 59 qui
374 921 59 28 ne
458 919 307 45 surprennent
793 907 99 58 plus
918 923 225 43 personne
1171 919 99 32 tant
1298 907 51 45 ils
1374 920 103 32 sont

270 974 104 44 bien
402 974 125 44 selon
555 974 62 46 les
651 976 240 44 traditions
915 976 259 61 artistiques
1201 976 54 45 de
1282 976 41 46 la
1350 977 128 46 Cour

270 1043 54 44 de
352 1043 204 45 Bavière.
586 1043 69 45 Le
694 1045 157 58 prince
886 1044 436 46 Louis-Ferdinand
1360 1048 120 43 aime

268 1111 24 45 à
331 1113 128 43 venir
497 1111 200 47 s'asseoir
734 1131 57 27 au
830 1114 159 45 milieu
1027 1115 55 44 de
1122 1114 265 47 l'orchestre
1426 1117 54 43 de

272 1181 72 45 M.
376 1181 261 45 Ferdinand
665 1182 166 45 Lœwe
859 1195 46 32 et
938 1201 29 45 y
1004 1185 119 43 tenir
1160 1201 46 28 sa
1244 1187 142 58 partie
1425 1186 54 44 de

270 1251 196 58 premier
511 1251 168 46 violon.
722 1251 221 47 D'autres
987 1266 98 47 part
1131 1253 167 63 l'angle
1340 1255 53 44 de
1439 1254 41 45 la

268 1318 167 61 galerie
485 1332 65 32 est
600 1322 360 44 ordinairement
1011 1324 175 58 occupé
1237 1342 78 42 par
1359 1325 119 43 deux

269 1389 263 46 charmants
567 1391 181 45 enfants
772 1408 109 28 avec
916 1392 98 45 leur
1040 1392 283 61 précepteur.
1353 1393 125 46 L'un

268 1475 26 27 a
320 1458 101 45 huit
447 1476 95 42 ans,
584 1458 162 47 l'autre
785 1473 160 49 quatre
985 1473 45 33 et
1069 1462 137 47 demi.
1251 1463 123 45 L'un
1415 1476 65 33 est

271 1526 40 45 le
338 1527 126 46 futur
491 1530 81 57 roi,
602 1528 162 47 l'autre
790 1548 81 27 son
900 1531 116 44 frère
1044 1531 38 44 le
1113 1533 156 58 prince
1296 1533 181 58 Albert,

270 1613 89 44 que
399 1597 97 45 leur
535 1598 104 60 père
675 1599 41 46 S.
751 1601 60 44 A.
842 1600 58 46 R.
930 1600 41 45 le
1010 1601 157 59 prince
1207 1602 273 60 Rupprecht

271 1677 44 32 et
360 1665 97 46 leur
491 1668 140 59 mère,
672 1686 121 28 sœur
832 1670 55 44 de
933 1670 40 44 la
1014 1671 125 44 reine
1185 1672 74 44 des
1299 1672 180 61 Belges,

270 1735 215 47 tiennent
523 1738 24 44 à
584 1739 96 43 voir
720 1739 150 46 initiés
896 1739 76 46 dès
998 1739 96 45 leur
1122 1740 99 60 plus
1249 1743 75 42 bas
1348 1742 82 60 âge
1457 1741 24 44 à

273 1804 285 62 Beethoven,
611 1807 225 46 Schubert
898 1822 45 31 et
998 1809 258 46 Bruckner.
1310 1810 170 46 Parfois

272 1874 168 59 même,
482 1878 32 43 si
560 1876 92 45 l'on
699 1876 104 47 s'est
847 1879 181 60 trompé
1066 1879 188 45 d'heure
1294 1898 60 26 ou
1391 1898 90 42 que

273 1942 75 47 M.
377 1944 166 46 Lœwe
583 1947 303 46 intervertisse
925 1966 80 27 son
1035 1966 308 44 programme,
1371 1949 111 45 c'est

271 2011 106 61 l'op.
433 2015 89 45 108
570 2017 54 43 de
656 2016 118 45 Max
805 2017 152 61 Reger
994 2019 78 60 qui
1113 2020 157 43 tombe
1308 2036 74 28 sur
1421 2019 61 45 les

271 2083 162 57 petites
471 2085 114 45 têtes
623 2086 289 46 charmantes
932 2085 7 47 !
981 2087 135 45 Chez
1142 2106 105 41 eux,
1270 2088 29 44 il
1338 2090 144 44 arrive

271 2168 90 44 que
389 2153 60 45 les
477 2155 134 58 petits
637 2156 179 58 princes
841 2157 279 44 fredonnent
1148 2158 76 44 des
1246 2158 154 45 motifs
1427 2159 55 43 de

273 2219 268 48 Beethoven
588 2225 111 44 dans
739 2225 119 45 leurs
908 2226 137 47 ébats.
1092 2226 61 47 Et
1204 2229 116 44 voici
1368 2245 114 42 pour

272 2289 109 46 faire
410 2292 148 58 plaisir
585 2293 24 45 à
637 2293 74 46 M.
741 2294 143 46 Louis
911 2295 201 60 Dimier,
1140 2298 78 59 qui
1247 2297 237 59 préconise

273 2358 246 48 l'abandon
563 2363 75 44 des
678 2365 234 59 musiques
952 2377 44 33 et
1054 2366 132 45 livres
1235 2366 248 59 enfantins,

272 2427 208 63 lesquels,
508 2449 59 27 on
604 2432 40 44 le
678 2434 98 59 sait,
806 2433 264 47 n'amusent
1105 2436 163 61 jamais
1308 2453 89 43 que
1425 2436 60 45 les

271 2499 193 59 grandes
492 2518 259 43 personnes,
780 2504 148 45 tandis
953 2521 88 44 que
1070 2504 61 45 les
1165 2505 181 45 enfants
1383 2518 102 33 sont

271 2568 33 43 si
348 2569 205 45 heureux
595 2571 140 45 d'être
777 2573 153 45 traités
966 2591 88 27 eux
1083 2592 56 27 en
1167 2575 193 59 grandes
1386 2593 75 41 per-

271 2653 167 30 sonnes
458 2636 7 47 !
1241 2645 83 44 W.
1357 2644 57 45 R.

345 2782 517 51 STRASSBOURG.
1002 2789 80 44 Un
1124 2789 146 45 cercle
1311 2789 145 45 d'ama-

275 2864 123 33 teurs
449 2871 45 27 se
546 2872 205 43 propose,
801 2873 104 28 sous
960 2857 39 44 le
1061 2875 111 27 nom
1225 2859 54 43 de
1336 2859 149 44 Société

274 2922 275 62 dramatique
611 2926 50 43 de
727 2926 273 60 Strassbourg
1064 2927 278 61 d'organiser
1410 2930 75 43 des

275 2991 383 59 représentations
700 2996 77 59 qui
822 2996 330 60 sauvegardent
1209 2997 40 44 la
1306 2998 178 45 culture

275 3059 220 59 française
522 3081 54 26 en
607 3064 180 45 Alsace.

346 3194 294 49 LEIPZIG.
774 3199 68 44 Le
868 3200 325 61 sympathique
1221 3202 193 57 pianiste
1441 3214 44 32 et

275 3266 311 56 compositeur
621 3267 168 46 Ernest
830 3269 54 44 de
926 3268 274 63 Dohnanyi,
1235 3270 250 59 professeur

275 3332 26 44 à
350 3332 178 47 l'Ecole
580 3336 76 46 des
698 3339 179 44 Hautes
921 3337 177 46 Etudes
1143 3339 238 45 musicales
1431 3341 54 44 de

278 3402 172 59 Berlin,
478 3422 26 27 a
530 3407 231 59 remporté
788 3425 62 27 un
892 3407 185 45 brillant
1113 3409 157 44 succès
1299 3426 58 27 au
1385 3410 75 44 der-

274 3472 99 44 nier
394 3487 189 32 concert
605 3476 59 44 du
691 3490 196 47 quatuor
913 3477 199 59 tchèque
1138 3478 78 59 qui
1239 3478 246 60 exécutait,

276 3558 185 29 comme
513 3546 277 59 nouveauté,
841 3563 81 29 son
968 3563 112 43 opus
1132 3563 38 41 1,
1213 3546 224 62 Quintette
1462 3549 23 44 à

276 3612 159 45 cordes
459 3630 108 29 avec
590 3616 135 56 piano
752 3633 55 27 en
831 3628 48 33 ut
898 3616 167 44 mineur
1070 3654 9 7 .
1104 3616 186 45 CEuvre
1317 3635 167 28 encore

1552 357 383 61 schumanienne,
1949 359 221 62 juvénile,
2192 361 111 43 mais
2321 358 139 45 d'une
2482 358 212 45 sincérité
2722 369 46 33 et

1555 425 109 46 d'un
1694 428 178 45 naturel
1901 428 352 60 réconfortants,
2282 428 141 45 d'une
2451 427 116 45 belle
2599 444 164 29 venue»

1735 497 69 45 Le
1854 500 162 43 chœur
2067 498 261 46 d'hommes
2383 498 54 44 de
2495 496 197 61 Leipzig
2740 513 27 27 a

1557 564 177 46 célébré
1747 584 52 28 ce
1813 582 63 45 30
1884 569 193 60 janvier,
2095 568 36 44 le
2148 582 58 44 25
2214 571 15 18 c
2241 567 304 46 anniversaire
2559 565 207 45 d'entrée

1557 651 54 27 en
1663 637 166 60 charge
1886 639 53 43 de
2000 655 80 27 son
2132 639 243 57 directeur,
2430 637 72 45 M.
2557 635 210 47 Gustave

1555 704 362 62 Wohlgemuth.
1962 707 37 44 Il
2034 724 25 27 a
2093 708 207 60 organisé
2336 707 25 45 à
2395 719 121 33 cette
2555 705 209 45 occasion

1557 790 61 27 un
1670 789 186 31 concert
1902 789 219 46 monstre,
2172 776 222 62 auxquels
2444 777 172 60 prirent
2667 786 99 48 part

1557 842 261 47 différentes
1843 846 188 44 sociétés
2056 846 219 59 chorales,
2303 847 54 43 de
2390 858 120 33 sorte
2544 862 90 42 que
2670 843 95 45 l'on

1558 924 80 46 put
1677 914 215 45 exécuter
1929 933 108 26 avec
2076 917 191 43 environ
2304 915 98 58 480
2441 917 247 43 chanteurs
2726 912 42 45 le

1560 981 167 46 Retour
1775 985 56 42 du
1884 984 145 45 Croise
2079 985 54 44 de
2182 985 232 45 Wilhelm
2457 983 173 47 Kienzl
2657 1004 11 35 ;
2726 982 42 45 le

1560 1050 260 46 Liebesmabl
1841 1054 76 43 der
1943 1053 173 60 Apostei
2136 1055 54 43 de
2217 1055 213 60 Wagner
2465 1066 45 32 et
2546 1053 39 45 le
2616 1052 153 44 Chant

1559 1121 65 43 des
1661 1121 169 45 Bardes
1868 1123 53 44 de
1962 1123 201 45 Richard
2194 1123 188 58 Strauss,
2412 1123 130 45 dédié
2573 1121 171 61 précisé-

1560 1203 129 31 ment
1716 1190 24 45 à
1767 1191 74 45 M.
1870 1192 364 61 Wolhgemuth.

1630 1323 299 47 PRAGUE.
2053 1324 140 46 Hélas
2218 1323 7 47 !
2248 1324 69 47 Le
2336 1324 207 46 Narodni
2571 1323 200 45 Divadlo

1558 1391 213 62 (Théâtre
1809 1392 222 47 National
2064 1395 213 60 tchèque)
2319 1395 170 43 entend
2529 1394 242 44 demeurer

1559 1461 133 46 fidèle
1731 1479 90 28 aux
1865 1464 135 43 vieux
2046 1476 264 33 errements.
2365 1464 90 45 Son
2502 1463 268 58 Directeur,,

1560 1531 75 46 M.
1700 1531 207 47 Gustave
1958 1533 238 59 Smoranz,
2247 1551 56 26 en
2355 1551 91 26 une
2509 1532 131 45 lettre
2690 1532 77 60 qui

1560 1601 234 61 témoigne
1813 1601 40 45 la
1872 1602 98 59 plus
1987 1602 229 60 complète
2236 1604 245 59 ignorance
2500 1603 75 43 des
2597 1617 176 29 mœurs

1559 1671 255 60 artistiques
1854 1688 157 42 russes,
2041 1672 54 44 de
2125 1671 39 45 la
2190 1672 69 44 vie
2286 1672 54 44 de
2369 1671 315 60 Moussorgski
2725 1681 45 33 et

1560 1740 153 44 même
1764 1741 54 43 de
1881 1740 40 44 la
1970 1742 214 58 partition
2231 1742 54 43 de
2329 1740 127 45 Boris
2508 1740 261 58 Godounow,

1559 1825 212 29 annonce
1797 1827 89 42 que
1914 1808 190 46 l'œuvre
2124 1827 97 28 sera
2247 1809 285 61 représentée
2559 1826 108 28 avec
2695 1809 79 45 des

1559 1895 239 43 coupures,
1827 1879 111 44 dont
1957 1879 28 44 il
2013 1881 170 43 entend
2205 1879 239 45 demeurer
2465 1879 93 44 seul
2572 1880 107 61 juge
2707 1900 12 35 ;
2742 1878 29 44 il

1561 1948 153 44 donne
1741 1965 113 42 pour
1876 1949 204 59 prétexte
2103 1950 53 42 de
2178 1960 120 34 cette
2317 1949 197 45 décision
2537 1947 233 45 arbitraire

1561 2034 89 44 que
1694 2017 195 62 Rimsky
1931 2017 238 46 Korsakof
2206 2031 44 31 et
2301 2017 61 46 les
2404 2017 266 45 Directions
2715 2017 56 44 de

1561 2086 233 46 Théâtres
1831 2086 166 46 Russes
2035 2101 103 31 sont
2184 2086 231 46 meilleurs
2454 2088 131 60 juges
2625 2087 53 43 de
2718 2103 54 27 ce

1561 2158 76 59 qui
1667 2157 216 44 convient
1910 2157 23 43 à
1960 2156 335 62 Moussorgski,
2333 2174 89 43 que
2449 2156 61 45 les
2536 2155 153 46 fidèles
2716 2156 57 43 de

1563 2226 41 44 la
1630 2226 177 45 version
1835 2225 236 61 originale.
2116 2226 76 45 De
2227 2243 51 28 ce
2313 2226 203 59 train-là,
2558 2242 114 28 nous
2714 2242 57 27 ne

1564 2295 291 59 désespérons
1894 2313 75 41 pas
2008 2296 54 44 de
2091 2297 109 56 voir,
2229 2296 76 44 dès
2338 2310 84 45 191
2442 2311 39 42 1,
2510 2295 40 44 le
2585 2293 190 46 Théâtre

1564 2363 235 46 Allemand
1846 2365 175 44 donner
2070 2382 56 27 au
2180 2364 205 45 Narodni
2434 2364 197 45 Divadlo
2681 2380 90 27 une

1566 2434 129 58 leçon
1743 2435 54 43 de
1841 2434 208 46 slavisme
2095 2434 193 61 intégral
2322 2447 44 32 et
2405 2435 53 43 de
2503 2434 272 44 conscience

1565 2504 254 61 artistique,
1832 2521 57 27 en
1908 2516 232 45 montant,
2155 2504 77 57 lui,
2251 2504 40 44 le
2309 2503 127 45 Boris
2451 2503 321 60 authentique.

1637 2573 75 46 En
1738 2574 243 45 attendant
1999 2573 40 44 le
2068 2573 207 45 Narodni
2302 2573 198 44 Divadlo
2526 2589 44 28 se
2597 2572 176 60 résigne

1567 2643 89 45 très
1672 2643 266 45 facilement
1959 2643 24 44 à
1998 2642 325 45 l'humiliation
2343 2641 235 46 d'aborder
2592 2641 181 44 Elektra

1567 2714 53 44 de
1649 2713 202 45 Richard
1880 2713 173 45 Strauss
2082 2730 109 27 avec
2227 2713 329 44 orchestration
2598 2711 175 43 réduite

1564 2783 25 44 à
1628 2783 405 60 soixante-quinze
2074 2783 315 44 instruments.
2432 2781 61 45 Et
2540 2797 113 28 nous
2695 2781 76 59 qui

1563 2854 158 43 avions
1760 2852 204 61 toujours
1995 2864 112 32 tenu
2135 2851 38 44 le
2203 2850 207 45 Narodni
2438 2850 196 45 Divadlo
2661 2866 115 43 pour

1565 2939 91 27 une
1702 2922 76 45 des
1821 2921 245 60 premières
2113 2921 156 44 scènes
2318 2921 60 44 du
2418 2920 169 44 monde
2612 2917 7 46 !

1635 2991 69 45 Le
1749 2991 378 60 cinquantenaire
2172 2990 60 44 du
2273 2990 308 58 compositeur
2601 2989 171 59 Joseph

1566 3060 280 46 Bohouslaw
1892 3060 197 44 Fœrster
2139 3077 28 35 y
2216 3076 25 27 a
2290 3059 71 44 été
2404 3059 91 44 fêté
2547 3075 77 41 par
2681 3075 94 26 une

1566 3132 180 58 reprise,
1792 3130 111 44 dans
1929 3130 76 44 des
2042 3128 157 45 décors
2236 3146 260 40 nouveaux,
2524 3128 54 44 de
2606 3127 169 59 l'opéra

1565 3201 78 60 qui
1670 3200 120 44 avait
1818 3198 137 45 fondé
1981 3215 46 28 sa
2053 3198 283 57 renommée,
2365 3197 120 46 Eva.

1741 3268 70 46 La
1865 3268 216 45 Umêlecka
2121 3268 158 43 Beseda
2321 3266 175 60 (Société
2522 3266 249 59 artistique)

1566 3339 54 44 de
1648 3338 176 61 Prague
1862 3339 126 43 vient
2015 3338 53 43 de
2097 3336 175 60 publier
2298 3336 40 45 le
2364 3337 169 44 second
2559 3336 136 59 opéra
2720 3336 57 43 de

1567 3409 74 44 M.
1673 3407 141 45 Karel
1847 3408 276 56 Kovarovic,
2146 3423 56 27 en
2230 3406 240 44 réduction
2491 3423 112 41 pour
2639 3405 136 58 piano

1566 3494 109 28 avec
1720 3490 139 32 texte.
1915 3476 79 45 Na
2037 3487 155 34 starem
2243 3475 146 45 bélidlé
2432 3476 13 59 (
2450 3474 42 44 A
2542 3473 236 45 Fancienne

1565 3546 288 45 blanchisserie
1856 3547 29 59 ),
1931 3546 83 44 tiré
2054 3547 60 43 du
2152 3546 186 44 fameux
2377 3561 161 28 roman
2578 3543 198 60 tchèque

1566 3616 40 45 la
1816 3615 71 45 M
1888 3617 67 43 ère
1973 3616 205 58 (Babicka
2183 3616 29 58 ),
2235 3615 54 44 de
2309 3614 187 44 Bozena
2517 3614 244 43 Nêmcova
2764 3649 14 21 >
