2908 4155
1011 247 196 66 LES
1268 247 411 71 LIVRES

2434 277 29 43 1
2487 277 95 67 37

232 391 63 46 Le
340 393 171 45 Cantor
514 430 12 22 ,
569 391 335 63 grand-maître
950 390 62 45 du
1056 390 195 63 Collège
1293 409 59 28 au
1393 410 171 46 moyen
1590 395 82 61 âge
1713 394 161 62 réglait
1914 393 388 63 l'enseignement
2342 395 129 46 vocal
2512 396 79 46 des

92 459 148 48 élèves
265 463 78 60 qui
370 461 276 47 chantèrent
671 460 186 45 d'abord
883 460 24 44 à
933 459 222 46 l'unisson
1275 461 234 61 récitatifs,
1536 465 212 62 hymnes,
1776 481 208 43 psaumes
2103 464 99 60 puis
2239 464 99 60 plus
2375 465 97 45 tard
2512 465 78 46 des

91 532 240 60 cantiques
373 549 60 28 ou
476 531 98 46 Pics
618 529 230 46 Cantiones
888 528 26 45 à
957 529 221 60 plusieurs
1221 531 178 58 parties.
1448 533 90 45 Ces
1576 550 182 29 oeuvres
1797 533 205 46 chorales
2043 533 55 45 de
2138 535 307 58 composition
2489 533 101 61 plus

92 600 293 62 compliquée
413 611 45 35 et
484 601 114 44 dont
624 598 195 46 l'auteur
844 616 26 28 a
896 598 147 46 dressé
1070 597 42 46 la
1137 599 354 48 nomenclature
1517 601 225 47 n'étaient
1768 620 75 43 pas
1869 613 150 35 toutes
2046 602 226 62 d'origine
2296 604 291 59 Scandinave,

91 670 113 45 ainsi
255 669 141 62 qu'en
446 669 294 60 témoignent
789 668 197 45 certains
1035 668 238 46 cantiones
1317 670 61 45 du
1423 669 57 47 16
1484 673 18 20 e
1544 684 45 33 et
1634 672 62 45 du
1742 684 55 49 17
1803 674 17 21 e
1858 672 157 45 siècles
2054 672 79 61 qui
2160 689 45 28 se
2232 684 254 34 ressentent
2512 672 78 46 des

92 740 253 45 influences
389 738 239 45 littéraires
671 749 47 33 et
757 736 242 47 musicales
1042 754 171 29 venues
1252 738 26 45 à
1322 756 74 29 ces
1436 740 199 61 époques
1678 740 328 63 d'Allemagne
2053 742 383 59 principalement
2478 759 110 28 avec

94 808 228 46 Heinrich
350 807 166 46 Albert
542 818 45 34 et
614 805 162 62 Georg
801 807 179 44 Weber
1006 806 55 45 de
1091 806 315 64 Koenigsberg
1430 810 112 45 ainsi
1570 810 192 62 qu'avec
1787 811 154 61 Johan
1970 811 102 45 Rist
2116 822 45 34 et
2203 811 229 45 Heinrich
2466 811 121 61 Pape

92 878 56 45 de
176 878 289 60 Hambourg.
487 876 70 46 Ce
583 876 180 45 dernier
780 876 70 44 fut
867 876 154 45 même
1048 876 191 45 nommé
1266 895 58 27 en
1359 877 126 49 1662
1514 881 226 60 organiste
1768 880 54 45 de
1849 879 171 63 l'église
2046 881 145 61 Jacob
2217 881 55 44 de
2300 880 286 46 Stockholm.

233 947 84 47 On
344 957 211 34 retrouve
581 945 265 45 l'influence
889 945 221 58 française
1150 946 111 45 dans
1300 949 225 45 certaines
1564 950 227 45 chansons
1829 949 209 46 scolaires
2081 950 62 45 du
2183 967 171 46 moyen
2382 950 82 61 âge
2506 950 79 61 qui

91 1016 102 45 font
218 1015 195 46 allusion
439 1032 91 29 aux
557 1032 174 28 mœurs
757 1013 216 47 dissolues
999 1015 76 45 des
1102 1028 222 34 couvents
1349 1029 46 34 et
1419 1029 105 34 sont
1551 1018 178 46 imitées
1754 1019 77 44 des
1855 1019 207 45 cantiones
2088 1020 54 44 de
2170 1018 161 47 l'école
2368 1020 56 44 de
2462 1018 124 47 Paris

91 1085 271 62 fréquentée
386 1096 195 34 souvent
606 1102 58 27 au
697 1098 57 47 13
760 1086 16 20 e
795 1084 135 45 siècle
959 1101 78 42 par
1065 1083 62 46 les
1152 1084 231 47 étudiants
1407 1087 179 46 suédois
1611 1088 127 59 après
1763 1105 66 28 un
1862 1088 148 61 séjour
2049 1088 207 46 d'études
2292 1089 26 44 à
2356 1088 228 62 Cologne.

94 1154 125 46 Mais
244 1154 24 45 à
295 1155 137 59 partir
459 1155 61 44 du
554 1170 57 42 14
616 1157 16 19 e
656 1153 136 47 siècle
818 1152 124 47 Paris
968 1164 66 35 est
1060 1153 185 47 délaissé
1272 1172 113 43 pour
1413 1156 227 61 Cologne,
1669 1156 193 62 Prague,
1889 1156 162 47 Erfurt
2076 1169 46 34 et
2149 1157 212 62 Leipzig.

233 1225 134 44 Ainsi
393 1241 46 28 se
467 1225 186 57 conçoit
678 1241 90 43 que
795 1222 63 47 les
883 1223 228 46 chansons
1136 1223 224 61 scolaires,
1402 1225 228 46 suédoises
1657 1226 54 45 de
1746 1237 121 34 cette
1907 1226 179 61 époque
2125 1227 220 45 n'offrent
2390 1228 98 44 rien
2530 1227 55 46 de

90 1293 329 60 spécialement
444 1294 292 58 Scandinave,
766 1292 98 46 leur
888 1304 229 34 structure
1145 1306 65 33 est
1237 1305 295 34 exactement
1557 1294 44 46 la
1637 1296 155 44 même
1828 1312 91 44 que
1962 1295 114 46 celle
2119 1297 77 45 des
2239 1297 227 45 chansons
2510 1297 77 45 des

91 1374 149 34 autres
266 1380 124 45 pays,
418 1363 105 45 sauf
543 1363 165 60 parfois
734 1380 56 27 en
818 1379 53 28 ce
898 1363 78 59 qui
1003 1379 231 29 concerne
1261 1363 97 45 leur
1386 1364 182 46 refrain.
1598 1363 124 47 Elles
1747 1382 45 28 se
1820 1366 307 58 rapprochent
2152 1383 58 27 au
2238 1366 130 59 point
2406 1366 55 45 de
2497 1383 89 28 vue

93 1432 264 61 mélodique
397 1433 54 44 de
493 1432 41 45 la
577 1434 204 44 chanson
826 1431 234 61 populaire
1103 1431 259 47 allemande
1402 1434 62 43 du
1514 1448 58 43 14
1576 1435 16 19 e
1618 1444 45 34 et
1690 1434 61 44 du
1785 1445 54 47 15
1846 1436 16 19 e
1887 1434 135 45 siècle
2046 1450 9 29 :
2084 1451 191 44 presque
2302 1434 204 62 toujours
2532 1435 55 45 de

92 1519 180 28 mesure
300 1503 187 58 binaire,
515 1513 234 34 rarement
774 1501 25 45 à
826 1502 109 45 trois
962 1514 164 47 temps,
1155 1501 107 46 elles
1288 1513 296 48 comportent
1609 1519 93 28 une
1732 1514 109 33 note
1867 1520 115 42 pour
2008 1504 177 60 chaque
2211 1503 187 63 syllabe.

231 1573 79 44 Au
337 1588 132 29 cours
494 1571 55 46 de
575 1571 120 46 leurs
721 1571 301 60 promenades
1048 1571 55 45 de
1129 1572 193 60 paroisse
1350 1589 58 27 en
1436 1572 193 59 paroisse
1666 1571 24 45 à
1728 1571 245 46 l'occasion
2011 1573 77 44 des
2131 1573 192 61 grandes
2365 1573 129 58 fêtes,
2522 1571 65 47 les

92 1639 248 63 collégiens
365 1642 413 60 accompagnaient
804 1641 165 60 parfois
995 1640 119 46 leurs
1140 1642 163 44 chants
1329 1640 149 60 latins,
1507 1641 54 45 de
1588 1641 175 59 danses,
1789 1657 137 45 usage
1952 1659 89 43 que
2060 1641 75 46 M.
2155 1641 199 45 Norlind
2373 1641 216 61 explique

92 1726 77 44 par
196 1709 210 63 l'origine
449 1720 197 51 païenne
672 1711 55 45 de
754 1728 73 28 ces
852 1710 112 46 fêtes
990 1710 322 46 transformées
1337 1728 78 43 par
1443 1710 190 61 l'Eglise
1659 1728 56 27 en
1743 1711 286 45 cérémonies
2064 1711 274 61 religieuses,
2366 1721 46 35 et
2452 1711 30 44 il
2520 1722 66 34 est

87 1780 166 44 amené
279 1781 111 44 ainsi
417 1780 26 45 à
467 1780 196 61 signaler
689 1780 42 45 la
757 1781 137 45 danse
921 1781 76 45 des
1022 1780 133 60 épées
1180 1791 45 34 et
1252 1780 114 45 celle
1404 1781 76 46 des
1516 1798 196 28 arceaux
1753 1781 55 44 de
1851 1780 229 45 caractère
2124 1781 232 60 comique,
2383 1780 204 46 réservée

89 1848 40 45 la
173 1850 224 59 première
437 1850 24 45 à
506 1850 42 46 la
589 1851 292 60 corporation
926 1850 77 45 des
1045 1850 238 62 forgerons
1323 1862 46 33 et
1413 1850 42 45 la
1496 1850 198 46 seconde
1738 1850 25 45 à
1804 1849 115 47 celle
1961 1851 77 44 des
2075 1849 265 46 tonneliers.
2380 1849 70 47 Le
2486 1866 103 29 sens

88 1919 245 62 mythique
359 1919 55 46 de
440 1937 75 28 ces
540 1920 122 45 deux
689 1920 158 46 danses
872 1921 77 59 qui
976 1937 44 28 se
1048 1919 288 61 complètent
1362 1931 45 34 et
1432 1920 114 45 dont
1573 1919 29 46 il
1629 1920 155 45 donne
1812 1919 121 46 deux
1959 1936 230 46 gravures,
2217 1918 127 46 l'une
2370 1919 55 46 de
2458 1931 125 48 1555

87 1999 46 34 et
171 1988 162 45 l'autre
371 1990 56 44 de
472 1987 144 64 1776,
661 2001 66 34 est
776 1988 43 47 la
861 1989 117 45 lutte
1027 2000 130 34 entre
1202 1989 162 46 l'hiver
1408 2000 46 35 et
1493 1989 108 46 l'été
1644 2007 61 28 ou
1749 1988 115 47 celle
1905 1989 62 46 du
2006 1989 173 46 Comte
2217 1989 54 44 de
2311 1988 102 46 Mai
2453 2001 46 33 et
2526 1989 62 45 du

88 2057 171 47 Comte
288 2058 210 47 d'Hiver.

226 2127 225 46 L'auteur
495 2129 198 44 termine
737 2145 82 28 son
861 2127 136 46 étude
1039 2129 35 44 si
1115 2128 308 45 documentée
1461 2145 58 28 en
1546 2127 241 61 déplorant
1814 2128 42 45 la
1881 2127 259 46 décadence
2168 2128 78 45 des
2268 2127 88 61 piœ
2380 2126 209 46 cantiones

86 2196 134 45 hâtée
265 2215 76 42 par
387 2197 41 45 la
470 2199 190 44 victoire
703 2198 78 45 des
820 2197 158 46 danses
1022 2198 55 44 de
1116 2197 126 46 salon
1288 2209 45 34 et
1371 2199 153 61 ajoute
1566 2215 91 44 que
1703 2197 180 62 lorsque
1921 2215 100 28 vers
2065 2209 221 50 1740-50
2314 2197 43 45 la
2381 2198 205 44 chanson

84 2266 190 46 scolaire
319 2267 198 45 chercha
560 2267 26 45 à
627 2284 46 29 se
716 2267 189 58 relever,
946 2266 156 46 c'était
1145 2278 101 49 trop
1292 2267 114 59 tard,
1453 2268 55 45 de
1552 2284 244 29 nouveaux
1836 2266 139 64 styles
2015 2266 172 47 étaient
2224 2266 96 59 nés,
2360 2266 105 45 l'ère
2511 2266 76 46 des

85 2347 204 35 cantates
316 2335 187 63 d'église
529 2347 45 35 et
601 2337 76 45 des
703 2338 219 44 oratorios
947 2337 120 44 avait
1093 2336 291 46 commencé.

224 2405 64 46 Et
313 2422 53 29 ce
392 2405 118 46 n'est
549 2405 98 60 plus
685 2406 139 61 qu'en
864 2405 243 61 Finlande,
1145 2422 108 46 pays
1291 2405 181 62 éloigné
1510 2406 77 46 des
1623 2406 166 61 grands
1831 2417 216 34 courants
2086 2406 55 44 de
2180 2405 290 58 civilisation,
2497 2422 90 44 que

84 2473 224 62 l'antique
337 2476 203 45 chanson
567 2474 187 47 scolaire
781 2474 142 46 latine
948 2474 105 47 s'est
1079 2475 244 46 conservée
1362 2486 46 34 et
1444 2474 112 46 c'est
1582 2475 55 46 de
1676 2474 43 46 là
1757 2474 141 62 qu'au
1937 2474 112 47 seuil
2087 2475 62 45 du
2189 2477 82 44 20®
2295 2473 137 48 siècle
2471 2491 117 29 nous

85 2544 225 45 viennent
336 2545 62 46 les
424 2545 230 46 dernières
681 2546 147 44 bribes
854 2544 140 46 d'une
1022 2546 210 44 floraison
1259 2544 217 47 autrefois
1500 2546 34 45 si
1562 2546 126 44 riche
1713 2556 46 33 et
1784 2546 35 44 si
1847 2546 272 59 imposante.

1909 2652 250 45 WILLIAM
2199 2652 246 46 MOLARD.

224 2809 66 49 O.
321 2809 64 50 G.
414 2809 122 47 TH.
566 2810 350 48 SONNECK.
1040 2810 202 46 REPORT
1282 2826 65 29 ON
1610 2808 417 48 STAR-SPANGLED
2068 2810 215 45 BANNER
2450 2811 137 45 HAIL

84 2879 276 48 COLUMBIA
930 2880 457 47 YANKEE-DOODLE
1498 2880 353 61 (Washington,
1893 2890 89 50 pet.
2031 2880 104 57 in-4
2140 2882 17 19 0
2194 2897 41 29 v.
2279 2892 94 47 255
2405 2898 42 42 p.
2475 2897 111 28 avec

85 2963 61 49 23
176 2949 252 61 planches).

223 3057 69 46 Le
331 3056 231 62 distingué
602 3056 342 46 bibliothécaire
981 3057 56 45 de
1075 3056 42 46 la
1152 3057 176 45 section
1362 3055 218 46 musicale
1606 3056 56 45 de
1689 3055 42 46 la
1756 3057 172 61 grande
1954 3055 197 65 Library
2177 3057 54 45 of
2251 3056 246 62 Congress,
2525 3075 61 27 ou

83 3126 328 62 Bibliothèque
439 3126 250 46 Nationale
715 3127 77 45 des
817 3126 297 60 Etats-Unis,
1155 3125 25 45 à
1215 3127 334 60 Washington,
1589 3126 120 45 avait
1746 3142 109 42 reçu
1893 3127 187 45 mission
2118 3127 57 45 de
2212 3128 274 44 rechercher
2524 3127 63 45 les

82 3196 199 62 origines
308 3208 45 34 et
378 3196 63 46 les
467 3196 194 46 diverses
687 3197 201 45 versions
914 3197 77 45 des
1016 3207 160 50 quatre
1202 3196 164 45 chants
1390 3196 253 45 nationaux
1670 3212 61 30 ou
1762 3195 255 60 populaires
2057 3196 114 45 dont
2211 3195 65 46 les
2316 3197 127 45 titres
2481 3208 106 34 sont

81 3264 246 47 énumérés
352 3266 72 45 ici.
453 3265 38 46 Il
520 3265 58 45 l'a
604 3266 80 45 fait
709 3283 110 28 avec
845 3283 92 28 une
965 3264 106 46 telle
1098 3264 242 63 diligence,
1369 3282 89 44 que
1483 3282 83 28 son
1593 3276 183 49 rapport
1803 3265 146 44 forme
1981 3276 103 34 tout
2121 3282 65 29 un
2213 3264 203 61 volume,
2445 3265 141 46 d'une

79 3335 272 46 abondance
395 3335 373 46 d'informations
807 3335 395 58 extraordinaires,
1253 3335 76 45 des
1378 3333 101 61 plus
1521 3335 191 44 curieux
1763 3350 186 29 comme
1999 3335 423 60 rapprochements,
2473 3334 113 47 orné

81 3403 232 47 d'ailleurs
339 3405 55 45 de
421 3406 260 44 nombreux
708 3404 246 46 fac-similé
980 3405 77 45 des
1082 3403 172 46 vieilles
1279 3403 211 59 éditions,
1519 3404 55 45 de
1615 3403 214 46 citations
1863 3403 256 59 musicales,
2147 3416 46 34 et
2233 3403 232 61 complété
2509 3421 78 44 par

80 3491 94 29 une
200 3473 122 47 table
348 3475 212 59 copieuse
587 3475 76 45 des
689 3490 134 31 noms
848 3488 48 32 et
921 3474 78 46 des
1023 3475 172 45 choses.
1223 3473 38 46 Il
1288 3473 81 45 fait
1397 3471 40 47 le
1465 3472 99 62 plus
1590 3473 143 61 grand
1760 3473 214 46 honneur
2001 3473 24 46 à
2051 3473 76 47 M.
2157 3473 230 47 Sonneck.

2036 3589 64 46 H.
2129 3603 62 31 DE
2216 3588 230 47 CURZON.
