2908 4155
688 244 132 66 LE
893 241 356 69 STYLE
1325 244 643 84 CLASSIQUE

2469 249 38 68 8
2522 272 46 66 9

78 402 110 37 vcn
224 399 133 41 sont
391 383 126 79 déjà
552 383 73 71 là,
659 407 240 36 comme
922 406 73 36 on
1033 387 70 56 l'a
1138 387 254 73 montré,
1421 385 9 26 1
1477 391 141 58 dans
1651 413 92 36 ces
1778 392 438 81 symphonistes
2244 393 70 58 de
2344 395 181 57 Mann-

80 468 185 73 heim,
302 472 138 57 dans
473 487 93 44 cet
602 472 285 59 étonnant
915 473 237 78 Johann
1192 477 272 70 Stamitz,
1500 480 144 57 dont
1685 482 79 56 les
1798 484 143 56 trios
1975 481 383 71 d'orchestre,
2394 481 176 60 écrits

80 580 113 36 aux
219 561 276 57 environs
529 561 70 57 de
645 580 180 60 iyS°->
862 579 317 63 marquent
1216 587 77 35 un
1328 569 108 76 âge
1472 589 270 38 nouveau
1778 570 141 57 dans
1950 571 55 56 la
2039 573 277 77 musique
2352 573 186 57 instru-

78 649 277 68 mentale,
406 650 99 77 qui
546 670 54 36 se
633 647 108 59 fait
797 651 52 56 le
890 651 203 78 souple
1150 653 301 59 vêtement
1488 656 173 58 d'une
1714 660 131 55 âme
1878 659 259 68 vivante,
2197 660 266 65 toujours
2496 681 70 35 en

78 752 409 54 mouvement,
544 736 536 80 perpétuellement
1138 740 389 80 changeante,
1586 767 141 37 avec
1784 768 83 36 ses
1922 747 383 58 fluctuations
2362 763 57 42 et
2484 768 85 37 ses

77 838 320 44 contrastes
431 827 356 58 inattendus.

249 913 66 76 Je
350 935 70 35 ne
456 914 274 57 voudrais
762 915 125 58 rien
924 915 296 80 exagérer.
1262 921 84 55 Ce
1393 922 145 57 n'est
1578 923 214 78 jamais
1841 923 310 58 l'émotion
2202 940 165 43 toute
2419 947 147 57 pure

76 1022 80 57 qu
180 1022 74 36 on
292 1018 141 63 peut
468 1004 301 78 exprimer
804 1025 69 37 en
928 1021 105 54 art,
1088 1027 66 37 ce
1205 1009 131 58 n'en
1392 1026 81 41 est
1527 1015 223 74 qu'une
1803 1015 196 76 image
2056 1015 129 78 plus
2237 1036 77 36 ou
2373 1016 193 56 moins

75 1089 405 78 approchante
504 1115 13 46 ;
555 1107 56 42 et
646 1093 51 55 le
731 1092 245 79 progrès
1011 1095 174 57 d'une
1220 1097 234 79 langue,
1498 1120 239 37 comme
1785 1102 52 55 la
1895 1103 293 78 musique,
2244 1117 81 42 est
2380 1105 155 56 seule-

75 1194 163 40 ment
274 1178 130 57 d'en
439 1180 334 78 approcher
807 1182 72 56 de
914 1185 128 76 plus
1077 1205 67 36 en
1183 1187 151 76 plus,
1371 1208 126 36 sans
1531 1191 257 75 pouvoir
1820 1211 36 58 y
1892 1190 291 57 atteindre
2231 1191 217 69 jamais.
2508 1194 57 71 Je

76 1286 70 35 ne
180 1267 277 78 prétends
491 1269 154 57 donc
682 1270 167 77 point
1012 1281 87 68 (ce
1136 1274 104 77 qui
1275 1276 171 56 serait
1496 1276 270 78 absurde)
1957 1299 115 57 que
2119 1279 79 57 les
2248 1300 318 37 nouveaux

73 1354 440 80 symphonistes
547 1359 158 56 aient
740 1356 150 60 brisé
924 1360 80 57 les
1037 1361 198 57 cadres
1270 1378 56 40 et
1361 1362 222 58 délivré
1619 1366 51 54 la
1705 1364 211 80 pensée
1950 1365 72 57 de
2076 1368 340 77 l'esclavage
2466 1368 99 57 des

73 1440 217 61 formes
315 1469 12 45 ;
367 1446 66 57 ils
467 1462 104 40 ont
604 1468 70 35 au
712 1449 292 56 contraire
1037 1448 179 59 établi
1253 1451 97 58 des
1384 1450 218 60 formes
1646 1455 302 56 nouvelles
1972 1479 11 45 ;
2037 1470 56 41 et
2142 1456 139 58 c'est
2330 1456 29 56 à
2409 1470 155 44 cette

71 1528 235 82 époque
340 1553 116 58 que
492 1554 56 37 se
583 1549 130 42 sont
748 1534 377 61 décidément
1162 1538 255 80 imposés
1450 1542 80 55 les
1567 1556 165 64 types
1765 1543 312 79 classiques
2126 1543 71 57 de
2245 1545 53 55 la
2349 1545 215 56 Sonate

72 1633 56 42 et
163 1619 72 57 de
270 1623 51 54 la
357 1620 391 82 Symphonie,
785 1625 105 56 tels
925 1627 178 77 qu'on
1141 1629 78 55 les
1253 1629 282 78 explique
1563 1629 382 74 aujourd'hui
1981 1630 140 59 dans
2154 1632 81 57 les
2267 1630 191 60 écoles
2493 1633 70 57 de

72 1708 293 79 musique.
407 1712 163 56 Mais
603 1712 47 57 si
684 1733 94 36 ces
811 1727 169 65 types
1014 1730 103 41 ont
1152 1737 82 57 pu
1291 1717 244 57 devenir
1583 1740 151 56 pour
1785 1740 146 37 nous
1981 1741 76 34 un
2113 1741 112 57 peu
2272 1722 181 56 vieux
2505 1736 58 42 et

71 1796 297 72 surannés,
404 1799 45 56 si
484 1799 52 58 le
570 1802 320 56 sentiment
925 1801 440 72 d'aujourd'hui
1399 1821 145 63 peut
1578 1808 80 78 s'y
1689 1822 239 42 trouver
1953 1806 30 58 à
2009 1808 53 57 la
2096 1810 150 76 gêne
2281 1824 57 41 et
2373 1830 160 58 passa-

73 1883 262 60 blement
371 1884 254 82 étriqué,
661 1888 113 59 s'ils
809 1904 103 43 ont
939 1893 120 75 pris
1084 1891 31 57 à
1141 1893 52 55 la
1219 1893 221 78 longue
1468 1916 77 35 un
1573 1896 85 55 air
1684 1896 71 56 de
1788 1898 361 55 convention
2187 1898 374 78 scolastique,

188 1975 40 56 il
263 1976 125 56 faut
424 1997 207 56 penser
664 1977 277 59 combien
1000 1981 66 56 ils
1115 1984 456 76 apparaissaient
1619 1985 150 56 alors
1820 1984 172 58 libres
2044 1999 56 42 et
2152 1987 254 69 vivants,
2461 2008 102 57 par

68 2065 412 76 comparaison
514 2086 142 36 avec
691 2069 78 54 les
802 2065 221 59 formes
1058 2084 55 40 et
1148 2070 52 56 le
1234 2071 147 79 style
1420 2070 174 60 usités
1639 2072 219 80 jusque
1892 2071 69 59 là.
2001 2075 78 55 Et
2114 2074 318 70 d'ailleurs,
2484 2097 73 35 on

68 2165 142 64 peut
246 2151 125 57 dire
406 2173 117 58 que
560 2175 150 57 pour
744 2156 77 56 les
856 2156 340 59 inventeurs
1232 2158 68 57 de
1336 2180 92 36 ces
1461 2158 220 59 formes
1715 2161 323 69 nouvelles,
2075 2183 76 35 ou
2207 2183 152 58 pour
2408 2184 152 36 ceux

68 2239 101 77 qui
207 2260 71 36 en
313 2238 173 59 firent
520 2243 79 55 les
636 2245 283 76 premiers
953 2246 247 78 emploi,
1249 2248 136 56 elles
1435 2248 350 57 semblaient
1837 2248 312 81 beaucoup
2204 2253 130 76 plus
2386 2251 175 58 libres

68 2348 116 57 que
217 2349 152 57 pour
417 2351 152 35 ceux
627 2333 103 76 qui
783 2334 305 56 suivirent.
1150 2335 153 57 Elles
1356 2335 278 59 n'étaient
1691 2358 101 57 pas
1842 2358 214 37 encore
2113 2339 293 57 devenues
2463 2339 98 59 des

66 2420 219 52 formes
318 2415 318 80 générales,
673 2420 136 56 elles
840 2418 220 60 étaient
1097 2424 127 55 leur
1257 2420 192 60 forme
1484 2423 30 58 à
1549 2446 135 47 eux,
1722 2424 293 59 modelées
2049 2427 234 57 suivant
2324 2428 80 56 les
2452 2429 108 56 lois

66 2503 70 57 de
170 2507 127 54 leur
330 2527 216 59 propre
581 2507 231 79 pensée,
851 2530 96 36 sur
980 2511 52 55 le
1065 2511 241 80 rythme
1342 2512 70 57 de
1446 2516 125 54 leur
1606 2514 370 78 respiration.
2013 2516 66 75 Je
2113 2536 72 37 ne
2220 2517 189 57 crains
2462 2537 98 59 pas

66 2592 71 57 de
171 2593 123 57 dire
330 2616 117 57 que
495 2597 52 55 la
600 2596 374 80 Symphonie
1027 2598 139 59 d'un
1211 2601 54 76 J.
1324 2602 272 69 Stamitz,
1652 2603 194 56 moins
1898 2602 169 69 belle,
2122 2606 194 56 moins
2372 2605 184 69 riche,

66 2683 194 56 moins
294 2683 353 71 abondante,
683 2700 82 42 est
800 2686 311 80 beaucoup
1145 2690 131 77 plus
1310 2690 322 78 spontanée
1668 2713 116 57 que
1817 2692 144 56 celle
1996 2693 141 56 d'un
2187 2693 242 80 Haydn,
2481 2715 75 36 ou

66 2770 197 62 même
297 2770 137 58 d'un
476 2773 263 58 Mozart.
778 2776 130 56 Elle
942 2790 83 43 est
1061 2777 141 56 faite
1237 2798 96 36 sur
1365 2799 57 37 sa
1459 2800 245 37 mesure.
1747 2780 50 56 Il
1831 2779 131 58 crée
1996 2801 85 36 ses
2113 2779 240 71 formes,
2390 2782 40 56 il
2488 2804 71 36 ne

66 2859 77 57 les
180 2857 157 59 subit
373 2881 116 58 pas.

242 2947 78 56 Et
378 2950 163 76 quels
597 2949 149 58 êtres
802 2953 461 77 primesautiers,
1320 2975 115 59 que
1491 2977 94 36 ces
1642 2958 284 77 premiers
1982 2956 442 80 symphonistes
2488 2958 68 57 de

68 3035 365 59 Mannheim
462 3038 9 57 !
511 3038 77 58 Ils
622 3060 71 36 ne
727 3043 310 76 craignent
1072 3063 119 57 pas,
1228 3041 30 59 à
1291 3044 424 79 l'indignation
1752 3047 99 55 des
1886 3047 180 57 vieux
2110 3048 339 68 musiciens,
2500 3063 56 41 et

64 3137 230 43 surtout
331 3124 97 58 des
461 3128 260 76 pontifes
754 3128 79 57 du
870 3129 172 57 Nord
1079 3130 71 56 de
1183 3130 423 80 l'Allemagne,
1634 3133 71 56 de
1740 3133 180 58 briser
1954 3133 208 58 l'unité
2198 3133 354 81 esthétique,

64 3212 70 55 de
170 3212 302 80 mélanger
505 3217 80 56 les
618 3218 193 77 styles,
848 3218 70 56 de
967 3217 144 59 faire
1162 3236 195 40 entrer
1406 3222 141 56 dans
1594 3223 125 56 leur
1769 3243 222 49 œuvre,
2043 3245 239 35 comme
2333 3224 85 56 dit
2475 3245 77 36 un

63 3302 277 77 critique,
819 3303 48 56 le
978 3302 228 72 boiteux,
1503 3307 50 56 le
1666 3308 438 78 non-mélodique,

179 3482 4 60 1
220 3484 97 37 Voir
343 3494 155 28 surtout
534 3484 51 39 les
622 3497 161 28 travaux
820 3488 53 37 du
907 3490 124 47 grand
1069 3489 283 50 musicologue,
1390 3494 21 35 à
1446 3492 66 50 qui
1547 3492 148 38 revient
1728 3492 212 38 l'honneur
1973 3495 150 37 d'avoir
2159 3496 116 36 remis
2311 3509 47 23 en
2393 3494 160 38 lumière

63 3541 161 36 Stamitz
246 3552 35 25 et
303 3555 69 23 son
395 3541 117 45 école,
536 3546 21 35 à
581 3546 123 46 Hugo
728 3545 196 38 Riemann
947 3546 97 38 dans
1065 3560 54 23 ses
1141 3548 168 37 éditions
1342 3548 66 37 des
1439 3547 186 48 Sinfonien
1659 3551 68 35 der
1747 3550 355 52 Pfal'&bayerischen
2133 3553 133 37 Sckule
2268 3582 9 16 ,
2306 3562 35 28 et
2375 3553 94 36 «lans
2500 3565 53 23 ses

60 3596 153 39 articles
235 3616 7 20 :
273 3600 208 37 Beethoven
503 3602 80 35 und
601 3601 60 37 die
692 3601 274 39 Mannheimer
997 3603 89 48 (Die
1106 3604 130 38 Musik
1237 3634 10 16 ,
1281 3606 183 48 1907-8).
