2870 4028
353 280 51 71 L
462 280 63 71 A
612 280 68 73 C
749 282 15 71 I
823 282 63 71 T
945 285 63 73 E
1115 287 63 74 V
1239 290 71 74 O
1371 290 79 74 L.
1496 313 18 53 :
1562 295 63 74 6
1734 297 67 74 N
1864 300 66 74 U
1994 303 106 73 M.
2179 303 28 73 1
2258 305 66 74 O

2363 3672 138 74 99

212 531 120 41 soîus
365 547 8 24 :
398 533 207 48 jonction
632 531 109 43 d'un
766 533 130 43 trafic
920 538 265 48 important,
1211 551 45 33 et
1279 556 77 26 cen-

211 601 66 33 tre
311 590 109 43 d'un
451 590 258 45 hinterland
742 594 146 44 fertile
919 609 45 32 et
993 617 56 25 en
1079 602 104 39 voie
1214 601 59 43 de
1305 602 51 42 dé-

209 652 345 51 veloppement.

278 712 130 45 Ainsi
437 712 64 43 les
530 714 196 44 facteurs
752 717 234 45 essentiels
1014 722 181 50 exigent
1222 739 89 35 que
1340 724 41 40 l'a

207 773 108 43 ville
353 776 238 41 examinée
630 779 88 42 soit
753 794 61 25 un
853 795 169 35 moyen
1063 783 316 52 économique,

211 834 29 42 d
263 837 59 39 où
352 838 227 48 partiront
610 838 63 42 les
704 841 128 43 voies
863 840 193 44 radiales
1092 843 57 44 de
1178 861 170 27 commu-

206 898 239 46 nications,
475 909 45 32 et
546 903 456 49 concentriquement
1029 903 41 43 le
1100 904 252 55 développe-

209 969 127 33 ment
365 957 122 43 futur
518 959 58 43 de
605 960 45 42 la
676 960 121 46 ville.

277 1017 84 43 Les
395 1035 193 35 moyens
623 1021 63 44 de
719 1025 413 43 communications
1166 1042 104 33 sont
1305 1046 51 25 en-

206 1082 114 42 suite
351 1081 238 53 envisagés
618 1101 56 27 en
706 1083 138 44 détail
881 1105 9 24 :
920 1084 203 47 chemins
1153 1089 57 43 de
1240 1089 68 44 fer
1336 1100 45 32 et

208 1151 152 34 routes
400 1159 87 34 que
529 1141 42 44 la
607 1144 110 44 ville
753 1147 220 49 répartira
1012 1148 114 44 dans
1164 1167 84 28 son
1286 1168 71 34 sys-

207 1204 122 40 tème
358 1206 195 43 artériel.
590 1204 63 42 La
684 1223 107 33 gare
823 1207 61 43 du
915 1207 179 45 chemin
1127 1211 57 43 de
1216 1212 69 44 fer
1314 1223 67 33 est

207 1273 291 35 exactement
532 1282 56 25 au
621 1277 157 32 centre
811 1268 59 44 de
906 1270 41 42 la
982 1270 117 51 ville,
1139 1273 241 44 favorable

207 1327 111 40 ainsi
355 1327 26 39 à
419 1343 70 28 ses
523 1330 242 48 exigences
803 1332 337 52 économiques.
1183 1334 62 43 Le
1279 1335 78 43 che-

204 1387 96 43 min
330 1386 58 44 de
416 1387 67 43 fer
510 1400 202 34 traverse
738 1391 43 42 la
811 1390 106 43 ville
944 1411 56 27 en
1026 1394 170 51 déblai,
1225 1413 52 25 ce
1306 1399 74 50 qui

203 1465 31 25 n
256 1458 191 33 entrave
477 1466 56 27 en
562 1453 97 41 rien
692 1452 42 44 le
760 1456 125 40 tracé
919 1453 80 44 des
1030 1458 170 42 artères
1233 1456 123 45 diver-

205 1527 72 27 ses
304 1515 75 45 qui
407 1511 271 51 enjambent
705 1530 84 35 par
816 1514 82 43 des
920 1525 139 42 ponts
1087 1516 44 44 la
1160 1520 105 44 voie
1294 1519 64 43 fer-

202 1573 92 42 rée.

272 1668 65 46 Le
362 1669 200 52 quartier
588 1681 314 45 commerçant
929 1684 79 40 est,
1040 1679 66 46 ici,
1139 1675 25 44 Y
1171 1693 88 29 axe
1284 1681 64 40 mê-

203 1746 75 25 me
318 1729 57 44 de
412 1729 42 44 la
489 1731 120 49 ville,
648 1733 212 52 puisqu'il
899 1735 150 44 forme
1086 1754 56 26 en
1183 1738 196 51 quelque

202 1800 127 33 sorte
368 1808 49 26 sa
461 1793 151 43 raison
654 1794 31 43 d
705 1797 107 42 être.
858 1795 438 54 Conséquemment,
1340 1799 41 46 le

203 1852 133 42 trafic
411 1853 97 43 doit
579 1871 254 37 converger
910 1879 9 24 :
993 1863 129 39 voies
1193 1861 181 47 ferrées,

200 1922 158 34 routes
384 1914 214 44 diverses.
628 1915 87 47 Les
736 1921 275 49 entreprises
1037 1922 345 44 commerciales

203 1992 48 28 se
280 1988 232 39 groupant
537 1979 28 41 à
594 1978 44 43 la
664 1982 208 49 jonction
904 1980 82 43 des
1010 1983 129 41 voies
1169 1982 189 44 trafican-

201 2046 81 35 tes.

271 2134 65 44 Le
363 2143 202 46 quartier
587 2136 238 47 industriel
850 2155 76 28 sur
951 2144 42 43 la
1019 2140 121 52 ligne
1168 2141 161 50 ferrée,
1355 2145 28 39 à

195 2195 13 42 1
227 2195 81 43 Est
335 2197 90 51 (les
444 2208 134 33 vents
599 2198 265 44 dominants
880 2210 174 35 venant
1075 2202 59 44 de
1153 2202 225 53 l'Ouest).

198 2257 254 52 Superficie
489 2259 138 53 plate,
673 2262 292 44 convenable
1002 2281 57 25 au
1094 2263 102 53 plus
1233 2265 147 51 grand

202 2319 409 53 développement,
683 2333 45 34 et
794 2322 173 44 divisée
1030 2325 352 51 régulièrement

200 2397 85 35 par
336 2381 41 42 la
429 2382 190 51 grande,
674 2383 43 43 la
767 2401 233 35 moyenne
1049 2395 46 34 et
1146 2386 42 43 la
1238 2390 143 49 petite

200 2441 234 45 industrie.
485 2443 74 43 Un
603 2444 127 53 large
771 2462 165 36 espace
979 2446 113 44 libre
1135 2450 164 48 sépare
1341 2447 42 44 le

200 2507 201 48 quartier
433 2505 237 46 industriel
710 2507 81 43 des
828 2510 220 49 quartiers
1082 2511 296 42 avoisinants.

201 2564 63 46 Le
296 2577 181 33 secteur
510 2567 59 43 de
602 2570 44 43 la
676 2573 145 48 petite
853 2569 222 46 industrie
1108 2583 68 34 est
1209 2571 173 53 proche

201 2627 60 43 du
288 2632 201 49 quartier
515 2641 330 42 commerçant.

268 2701 87 43 Les
388 2702 224 53 quartiers
647 2703 298 49 résidentiels.
982 2705 85 44 Les
1101 2705 281 45 habitations

199 2763 234 46 ouvrières
451 2777 107 34 sont
574 2766 185 52 placées
782 2767 60 43 de
859 2770 204 41 manière
1084 2770 27 41 à
1129 2779 252 41 permettre

199 2842 90 26 aux
344 2827 286 43 travailleurs
686 2827 278 47 d'atteindre
1021 2829 266 45 facilement
1340 2832 42 44 le

200 2890 200 48 quartier
425 2888 252 51 industriel,
706 2890 88 43 lieu
826 2891 59 44 de
913 2893 97 44 leur
1036 2892 185 52 emploi.
1255 2892 127 44 C'est

200 2948 115 44 dans
346 2950 42 42 la
420 2952 114 42 mise
561 2968 60 26 au
649 2954 134 49 point
815 2952 81 44 des
922 2955 225 49 quartiers
1179 2954 176 44 résiden-

199 3011 114 48 tiels,
353 3012 131 45 selon
520 3013 65 45 les
618 3013 151 52 règles
804 3015 335 53 urbanistiques
1176 3017 64 45 les
1278 3017 103 52 plus

198 3072 219 45 efficaces
451 3091 89 35 que
574 3074 281 47 l'architecte
893 3076 288 47 Kauffmann
1216 3097 28 24 a
1278 3095 77 26 ren-

197 3138 160 40 contré
383 3136 40 44 le
447 3137 106 52 plus
580 3137 312 54 d'objections
919 3140 58 42 de
1007 3141 42 43 la
1075 3151 104 41 part
1206 3139 82 45 des
1315 3140 42 43 di-

192 3213 159 28 verses
378 3201 196 42 sociétés
605 3201 359 50 organisatrices.
997 3201 137 44 Aussi
1162 3219 54 26 ce
1244 3219 107 35 quar-

196 3262 84 40 tier
307 3277 57 28 ne
390 3260 132 51 put-il
553 3264 238 49 présenter
818 3272 101 33 tout
945 3262 198 45 l'intérêt
1170 3263 184 53 qu'espé-

192 3323 89 43 rait
310 3321 280 47 l'urbaniste.

266 3419 85 44 Les
394 3420 251 48 bâtiments
688 3421 177 53 publics
906 3435 108 33 sont
1057 3422 154 51 dictés,
1259 3439 119 35 pour

195 3481 97 43 leur
331 3483 354 51 emplacement,
728 3501 84 35 par
853 3485 42 44 la
934 3486 74 41 vie
1053 3486 320 50 économique,

1452 546 231 44 culturelle
1713 561 42 32 et
1784 552 166 43 sociale
1981 555 56 42 de
2068 555 40 42 la
2137 557 118 45 ville.
2287 560 128 43 Ainsi
2446 561 62 43 les
2536 563 53 41 bâ-

1454 609 183 42 timents
1672 609 199 47 abritant
1910 614 81 42 des
2029 616 228 44 fonctions
2295 622 325 51 économiques

1455 684 55 25 ou
1542 669 382 47 administratives
1954 689 155 31 seront
2135 682 170 40 voisins
2335 681 80 43 des
2443 693 176 32 centres

1456 728 57 41 de
1541 733 171 54 travail,
1744 734 149 43 tandis
1922 753 87 33 que
2034 755 114 26 ceux
2173 743 27 39 à
2227 741 275 46 destination
2529 744 68 43 cul-

1454 792 159 43 turelle
1644 805 155 33 seront
1830 796 195 50 proches
2060 799 80 43 des
2170 804 220 47 quartiers
2424 804 174 43 résiden-

1453 852 98 42 tiels
1573 867 44 31 et
1637 853 61 43 de
1700 874 21 25 s
1741 873 188 34 espaces
1954 858 297 52 d'agrément.

1522 913 83 43 Les
1631 931 186 36 espaces
1842 917 136 45 libres
2005 922 192 50 plantés,
2226 939 143 35 parcs,
2397 934 101 40 etc.,
2529 927 68 44 for-

1453 987 127 32 ment
1617 988 102 38 part
1759 978 57 43 de
1857 979 290 52 l'organisme
2184 985 60 43 de
2284 985 42 42 la
2362 986 120 46 ville.
2527 987 94 43 Des

1452 1047 150 33 vastes
1630 1036 179 46 bandes
1836 1040 57 44 de
1917 1042 196 43 verdure
2140 1044 193 45 radiales
2360 1061 44 31 et
2428 1064 166 27 concen-

1453 1099 178 49 triques,
1676 1105 26 40 à
1744 1102 95 42 leur
1879 1105 289 45 intersection
2208 1106 83 45 des
2331 1112 186 41 terrains
2562 1110 57 42 de

1451 1160 108 49 jeux
1591 1171 44 32 et
1669 1160 299 52 d'agrément.
2004 1164 45 43 A
2082 1164 97 45 cela
2211 1178 105 33 sont
2348 1172 179 48 ajoutés
2557 1186 63 27 un

1453 1221 164 42 terrain
1648 1221 57 45 de
1734 1236 129 37 sport
1891 1242 57 24 au
1978 1226 117 43 nord
2128 1240 45 32 et
2199 1245 61 27 un
2290 1246 55 26 au
2375 1231 82 42 sud
2490 1232 56 43 de
2577 1232 41 42 la

1451 1280 118 45 ville.

1986 1391 95 26 •kick

1451 1464 68 46 III.
1552 1465 85 44 Les
1666 1474 175 40 centres
1869 1468 236 52 agricoles.

1521 1560 35 43 L
1573 1562 244 46 architecte
1852 1564 52 45 R.
1947 1566 285 47 Kauffmann
2264 1569 107 44 s'est
2403 1570 217 51 appliqué

1452 1639 114 26 avec
1597 1641 59 26 un
1687 1627 100 43 soin
1820 1627 318 52 remarquable
2169 1632 28 39 à
2227 1629 170 45 l'étude
2432 1631 80 44 des
2543 1635 51 40 né-

1451 1687 184 41 cessités
1682 1686 31 42 d
1733 1686 137 43 ordre
1910 1689 313 52 sociologique
2269 1695 74 48 qui
2386 1709 203 25 comman-

1453 1745 109 45 dent
1581 1764 89 25 aux
1684 1748 329 45 colonisateurs
2030 1750 107 52 juifs
2238 1755 112 40 ainsi
2373 1769 88 36 que
2479 1754 143 46 l'écrit

1453 1808 42 43 le
1522 1807 42 42 D
1570 1817 13 17 r
1612 1808 159 45 Ruffin
1802 1810 115 43 dans
1943 1828 58 26 un
2030 1811 265 47 substantiel
2326 1830 201 38 ouvrage

1454 1868 29 42 d
1505 1871 144 50 ériger
1673 1871 117 44 leurs
1813 1873 234 43 nouvelles
2068 1879 348 40 communautés
2441 1893 74 27 sur
2541 1877 79 43 des

1452 1929 133 46 bases
1618 1931 181 46 rurales.

1521 1990 88 44 Ces
1644 1993 362 47 considérations
2042 1997 287 49 essentielles,
2368 2000 224 51 approfon-

1456 2052 95 43 dies
1581 2071 83 33 par
1693 2053 277 52 l'urbaniste,
2002 2057 58 43 lui
2091 2068 80 33 ont
2199 2062 167 48 permis
2399 2060 199 43 d'envisa-

1454 2131 79 34 ger
1571 2115 114 42 dans
1720 2126 126 35 toute
1880 2135 84 26 son
2001 2119 208 51 ampleur
2244 2119 41 43 le
2317 2122 241 49 problème
2596 2124 26 40 à

1453 2176 231 43 résoudre.
1720 2177 30 46 11
1784 2196 26 24 a
1839 2182 173 43 ensuite
2040 2184 219 48 comparé
2286 2182 68 43 les
2383 2181 240 44 directives

1455 2241 74 47 qui
1567 2237 320 49 différencient
1922 2242 63 44 les
2019 2251 179 34 centres
2230 2243 221 52 agricoles
2488 2244 108 44 d'Eu-

1454 2316 113 34 rope
1609 2312 45 34 et
1694 2300 313 53 d'Amérique,
2052 2319 117 35 pour
2207 2322 57 27 en
2307 2303 197 53 dégager
2543 2305 80 44 des

1456 2361 318 47 observations
1806 2362 130 45 utiles
1968 2366 26 40 à
2025 2364 43 44 la
2098 2368 203 41 création
2335 2366 80 43 des
2448 2376 176 34 centres

1455 2422 107 52 qu'il
1585 2441 47 28 se
1653 2442 203 34 propose
1877 2425 213 45 d'édifier
2110 2446 56 25 en
2189 2427 234 46 Palestine.
2450 2428 173 43 L'idéal

1455 2484 107 52 qu'il
1587 2503 26 25 a
1637 2504 56 25 en
1719 2503 88 26 vue
1919 2505 118 35 pour
2058 2506 61 26 un
2145 2488 343 48 établissement
2510 2490 92 52 agri-

1453 2547 101 45 cole
1588 2550 265 49 important,
1887 2560 295 41 comportant
2214 2551 81 43 des
2327 2552 177 50 fermes,
2542 2552 80 43 des

1454 2618 178 34 centres
1658 2609 239 53 d'élevage
1925 2622 44 33 et
1998 2610 349 53 d'exploitation
2376 2612 60 43 du
2462 2614 68 43 sol

1454 2673 137 44 serait
1647 2672 42 43 le
1743 2684 110 40 type
1903 2674 384 54 semi-centralisé,
2345 2674 277 44 c'est-à-dire

1455 2731 110 45 d'un
1606 2745 304 40 groupement
1948 2735 222 43 rationnel
2212 2735 81 43 des
2329 2735 291 49 habitations,

1455 2794 180 49 fermes,
1677 2794 174 45 étables
1887 2809 45 34 et
1968 2799 189 43 terrains
2189 2796 238 52 exploités.
2468 2797 62 45 La
2566 2799 36 41 si-

1453 2858 175 42 tuation
1657 2857 108 45 d'un
1792 2858 59 45 tel
1877 2869 155 33 centre
2056 2858 97 45 doit
2180 2861 94 41 être
2298 2862 323 43 sérieusement

1453 2917 182 45 étudiée
1675 2932 141 34 avant
1854 2930 126 36 toute
2017 2919 151 46 chose.
2213 2919 149 50 Enfin,
2404 2920 42 44 la
2484 2929 115 34 struc-

1453 2992 97 32 ture
1596 2981 316 52 sociologique
1967 2982 256 52 (propriété
2272 2982 238 43 collective
2557 2982 63 43 du

1452 3045 178 48 terrain,
1666 3045 231 50 propriété
1927 3044 298 52 particulière,
2257 3044 135 51 etc.).

1520 3116 211 43 Moshaw
1762 3116 157 45 Ovdin
2051 3134 58 25 ou
2143 3120 42 42 le
2218 3118 165 52 village
2419 3118 80 43 des
2533 3127 65 34 tra-

1449 3178 214 44 vailleurs
1787 3189 67 33 est
1883 3196 58 26 un
1972 3191 108 39 type
2111 3179 57 44 de
2193 3181 235 50 propriété
2456 3178 140 44 collec-

1450 3243 106 46 tive,
1594 3255 43 32 et
1668 3251 242 42 comporte
1947 3250 127 36 outre
2110 3240 221 53 l'élevage
2368 3241 59 44 du
2462 3241 153 46 bétail,

1449 3302 335 51 l'exploitation
1825 3302 80 45 des
1944 3302 207 52 produits
2191 3302 218 49 fermiers,
2448 3315 45 32 et
2530 3319 69 26 sur-

1450 3375 99 35 tout
1580 3366 41 43 la
1650 3365 173 43 culture
1856 3363 63 43 du
1947 3365 80 43 sol.
2064 3363 189 54 Chaque
2285 3367 277 50 participant
2593 3382 25 26 a

1447 3425 124 46 droit
1597 3429 26 40 à
1649 3428 190 43 environ
1868 3425 179 49 90,000
2075 3425 26 56 m
2127 3425 26 56 2
2179 3425 52 56 de
2258 3431 177 50 terrain,
2465 3443 128 35 super-

1449 3487 101 45 ficie
1574 3488 61 45 de
1661 3488 43 43 la
1731 3487 146 43 ferme
1901 3500 45 32 et
1974 3488 57 43 de
2061 3486 288 46 l'habitation
2376 3492 238 47 comprise.
