2870 4028
2081 308 314 49 TEK
2478 308 52 48 H
2614 306 54 50 N
2752 306 42 50 E

339 3737 164 71 166

421 494 127 45 Dans
571 494 62 43 les
659 492 131 53 plans
816 494 56 42 de
897 493 40 41 la
962 493 141 50 figure
1127 491 114 54 VIII,
1271 496 58 38 où
1351 496 27 41 il
1402 492 116 42 n'est

356 557 140 49 prévu
528 572 143 25 aucun
701 554 183 49 service,
924 553 40 42 la
995 554 177 41 surface
1200 553 319 42 commerciale

356 618 199 47 occupée
582 633 82 33 par
690 633 87 25 une
805 618 176 40 voiture
1007 632 112 24 avec
1148 614 78 42 des
1255 618 177 40 travées
1463 614 56 40 de

364 677 8 40 1
391 676 22 41 5
470 678 165 41 mètres
687 686 43 33 et
783 693 86 24 une
920 693 158 33 rampe
1127 676 163 50 simple
1341 687 67 31 est
1462 674 56 41 de

363 738 9 40 1
394 738 20 40 7
454 736 24 54 m
502 736 25 54 2
551 736 73 54 50,
663 736 148 42 tandis
844 754 85 33 que
962 754 116 33 pour
1108 753 59 25 un
1199 738 107 49 plan
1339 741 26 38 à
1400 736 119 41 deux

354 814 179 34 rampes
553 814 113 25 avec
690 797 79 44 des
790 800 177 41 travées
990 799 56 41 de
1081 799 9 40 1
1108 797 26 42 8
1158 800 178 47 mètres,
1364 799 41 40 la
1426 813 69 27 sur-

355 858 98 43 face
494 860 317 40 commerciale
852 862 200 46 occupée
1092 877 82 32 par
1214 876 86 26 une
1341 863 177 37 voiture

351 931 66 31 est
443 919 56 43 de
525 919 24 41 2
566 919 9 40 1
612 919 24 44 m
660 919 24 44 2
708 919 73 44 60.

409 980 88 41 Ces
527 983 201 42 surfaces
757 992 104 31 sont
891 1000 61 27 un
982 985 251 51 minimum,
1266 1002 75 24 car
1374 985 27 42 il
1432 1002 29 33 y
1492 1002 26 24 a

351 1043 86 41 lieu
459 1044 56 42 de
535 1046 183 48 prévoir
741 1044 113 41 dans
876 1046 62 41 les
960 1044 131 52 plans
1117 1056 101 31 tous
1239 1045 62 41 les
1322 1047 195 40 services

348 1108 271 39 accessoires
658 1122 8 23 :
701 1103 217 52 escaliers,
955 1107 173 53 lavage,
1164 1106 219 51 contrôle,
1419 1124 95 24 ma-

379 2053 69 31 Fig.
487 2052 104 34 VII.
617 2052 26 34 ―
669 2052 131 34 Rampe
836 2052 129 27 double
1002 2058 87 28 pour
1127 2053 30 26 le
1194 2059 147 27 passage
1377 2054 44 27 de
1458 2053 90 28 deux

881 2088 157 27 voitures

343 2166 137 51 gasin,
517 2162 146 44 W.-C.
697 2168 210 39 vestiaire
944 2164 288 42 distribution
1266 2164 244 49 d'essence,

341 2235 99 43 etc.,
476 2234 82 32 etc.

412 2285 29 41 Il
481 2286 175 43 semble
699 2286 120 43 donc
857 2286 107 44 bien
1005 2304 87 33 que
1134 2287 40 41 la
1215 2286 197 44 solution
1456 2286 57 42 de

341 2364 167 33 garage
547 2365 112 24 avec
694 2347 39 45 le
770 2348 227 50 dispositif
1030 2348 158 51 Humy
1221 2349 291 49 Motorramp

341 2411 85 40 soit
456 2413 115 38 aussi
601 2410 208 50 pratique
842 2427 87 33 que
957 2410 201 50 possible
1188 2424 44 31 et
1262 2427 58 33 qu
1341 2410 85 42 elle
1455 2427 57 25 ne

340 2481 241 40 comporte
614 2489 87 32 que
736 2471 78 41 des
847 2481 262 40 avantages.

694 2605 79 41 Ses
802 2604 347 44 inconvénients

407 2702 130 43 Cette
573 2702 198 43 solution
807 2712 109 42 peut
949 2712 267 40 comporter
1250 2701 262 52 cependant

341 2764 79 47 des
447 2768 358 40 inconvénients.
835 2764 84 44 Par
944 2766 222 49 exemple,
1195 2765 41 40 la
1262 2764 164 51 façade
1452 2763 60 42 du

337 2825 225 42 bâtiment
588 2846 46 24 se
662 2838 213 30 trouvera
903 2829 176 48 coupée
1108 2844 55 25 en
1192 2826 120 41 deux
1339 2843 82 34 par
1449 2825 63 41 les

340 2886 274 46 différences
648 2888 56 42 de
735 2891 164 38 niveau
933 2889 79 41 des
1044 2887 253 52 planchers.
1336 2888 116 42 Mais
1484 2886 26 41 il

337 2966 30 33 y
395 2967 24 24 a
452 2967 60 25 un
543 2949 186 44 remède
766 2971 8 23 :
805 2953 34 38 si
870 2949 92 45 Ton
992 2949 148 52 prend
1172 2948 40 43 la
1243 2952 267 49 précaution

340 3010 211 47 d'établir
576 3012 64 44 les
661 3029 181 33 rampes
865 3010 525 53 perpendiculairement
1419 3015 25 38 à
1470 3010 42 41 la

341 3071 163 52 façade
526 3073 262 51 principale,
816 3086 69 31 cet
908 3076 325 40 inconvénient
1254 3093 58 23 ne
1334 3090 99 24 sera
1456 3088 55 28 en

339 3135 114 42 effet
479 3135 99 51 plus
605 3138 135 48 guère
765 3135 162 42 visible
953 3146 43 33 et
1028 3139 162 50 même,
1225 3135 113 42 dans
1365 3137 41 41 le
1436 3151 76 24 cas

339 3195 109 45 d'un
485 3197 106 50 plan
626 3196 226 51 analogue
887 3200 26 38 à
948 3197 113 42 celui
1099 3196 56 42 de
1191 3197 41 41 la
1270 3196 143 50 figure
1450 3196 62 42 IX

347 3258 216 51 (figurine
587 3257 73 54 6),
694 3276 57 24 on
775 3275 167 34 pourra
965 3258 181 42 réaliser
1171 3275 87 24 une
1282 3260 89 40 très
1391 3256 121 45 belle

340 3320 163 50 façade
543 3320 260 50 principale,
848 3323 173 40 témoin
1061 3320 42 41 la
1145 3320 163 51 façade
1350 3335 128 25 monu-

337 3381 199 44 mentale
576 3382 59 41 du
673 3382 164 45 Statlej
877 3382 194 51 Garage,
1113 3384 25 40 à
1178 3380 328 51 Philadelphie,

336 3449 73 45 qui
436 3459 66 31 est
527 3447 227 40 vraiment
784 3464 58 24 un
869 3445 143 49 palais
1040 3462 115 32 pour
1186 3442 320 43 automobiles.

1660 486 121 43 Tout
1812 489 91 37 ceci
1937 486 116 41 n'est
2086 484 165 50 qu'une
2284 483 207 51 question
2529 480 233 43 d'adresse

1597 548 54 43 de
1682 549 41 41 la
1753 559 103 39 part
1893 546 56 41 de
1980 545 290 46 l'architecte.

1662 619 62 42 La
1767 621 218 40 nécessité
2028 618 58 43 de
2131 616 180 43 décaler
2355 615 62 45 les
2462 619 154 46 étages
2659 632 78 34 aug-

1593 691 164 38 mente,
1799 680 26 41 il
1864 680 98 44 faut
1998 679 40 42 le
2074 682 299 51 reconnaître,
2415 677 65 43 les
2518 677 245 42 difficultés

1592 759 116 34 pour
1743 741 41 41 la
1821 740 297 42 surveillance
2159 754 43 32 et
2239 738 276 43 l'utilisation
2555 738 81 43 des
2674 753 66 26 ser-

1591 807 121 38 vices
1741 805 230 48 généraux
2008 800 243 55 (contrôle,
2287 802 216 47 magasin,
2537 798 222 50 vestiaire,

1591 863 161 51 W.-C.,
1797 863 288 42 distribution
2126 861 245 49 d'essence,
2415 861 187 49 lavage)
2657 877 8 24 :
2707 876 55 24 en

1591 926 126 55 effet,
1745 928 26 38 à
1793 928 150 40 moins
1970 924 57 41 de
2051 939 189 34 garages
2265 922 57 42 de
2352 923 280 41 dimensions
2655 937 80 25 con-

1589 985 264 50 sidérables,
1888 1003 72 25 ces
1991 986 194 40 services
2216 1004 56 24 ne
2303 995 202 40 peuvent
2537 987 93 40 être
2662 983 75 49 pré-

1588 1065 83 28 vus
1703 1046 106 51 qu'à
1840 1050 149 40 raison
2024 1046 137 42 d'une
2192 1048 123 38 unité
2347 1062 85 34 par
2468 1044 120 42 deux
2619 1042 114 42 demi-

1590 1111 165 48 étages,
1790 1126 50 26 ce
1873 1114 73 43 qui
1978 1108 151 49 oblige
2157 1108 41 41 la
2228 1108 155 41 moitié
2416 1105 79 42 des
2523 1121 186 33 usagers
2736 1106 26 38 à

1672 2056 126 32 Rampe
1831 2056 126 33 simple
1989 2063 87 27 pour
2109 2059 30 26 le
2170 2065 147 26 passage
2347 2060 105 27 d'une
2480 2060 99 28 seule
2612 2061 137 27 voiture

1587 2130 126 41 Nous
1738 2130 329 51 reproduisons
2088 2143 119 33 cette
2232 2133 162 49 façade
2418 2137 26 38 à
2468 2133 41 42 la
2535 2133 144 51 figure
2703 2135 56 42 X.

1589 2196 150 46 gravir
1780 2210 57 27 ou
1880 2193 252 44 descendre
2173 2193 175 52 chaque
2393 2194 87 43 fois
2521 2213 60 26 un
2623 2195 113 42 demi-

1589 2257 131 47 étage
1748 2271 117 34 pour
1889 2254 70 51 s'y
1985 2255 176 43 rendre.
2193 2255 136 43 Aussi
2357 2274 59 26 un
2446 2261 165 38 terrain
2639 2260 127 39 carré

1589 2316 114 40 est-il
1738 2316 144 41 utilisé
1917 2316 136 44 d'une
2092 2317 136 51 façon
2264 2317 102 52 plus
2399 2318 216 51 agréable
2650 2335 117 36 pour

1588 2377 63 43 les
1684 2378 158 44 clients
1873 2396 58 22 ou
1959 2378 241 51 employés
2231 2379 114 42 dans
2376 2380 40 42 le
2446 2397 75 25 cas
2551 2381 60 42 de
2642 2380 41 43 la
2715 2382 33 41 fi-

1588 2442 157 46 gurine
1773 2439 23 41 2
1837 2439 101 51 (fig.
1971 2440 87 50 IX)
2096 2458 86 33 que
2212 2441 114 42 dans
2357 2441 113 42 celui
2500 2442 57 42 de
2585 2443 42 41 la
2656 2443 89 49 figu-

1588 2503 93 41 rine
1706 2499 39 45 5.
1771 2501 44 42 A
1837 2519 51 23 ce
1910 2505 151 39 même
2082 2506 131 47 point
2236 2502 57 43 de
2314 2521 100 31 vue,
2446 2504 62 41 les
2530 2504 132 51 plans
2686 2502 82 43 des

1593 2564 215 51 figurines
1839 2565 10 41 1
1886 2574 43 31 et
1955 2565 27 41 6
2014 2566 101 52 (fig.
2142 2566 88 52 IX)
2260 2576 106 35 soint
2386 2567 260 51 également
2668 2567 100 49 plus

1588 2636 302 45 avantageux,
1922 2627 63 41 les
2016 2628 195 43 services
2237 2631 231 48 généraux
2494 2631 127 41 étant
2646 2628 121 43 alors

1587 2687 154 51 placés
1773 2692 24 37 à
1831 2687 164 52 l'étage
2028 2688 40 44 le
2098 2690 103 50 plus
2229 2700 130 32 vaste
2392 2688 60 43 du
2484 2706 181 34 garage.

1657 2761 181 45 L'autre
1878 2766 324 40 inconvénient
2244 2782 87 32 que
2371 2782 116 26 nous
2524 2767 244 47 pourrions

1587 2824 245 50 reprocher
1860 2842 55 23 au
1943 2827 199 47 système
2172 2836 67 32 est
2273 2825 58 42 de
2359 2825 112 44 faire
2501 2834 266 42 emprunter

1587 2903 87 24 aux
1695 2890 201 40 voitures
1919 2895 264 35 montantes
2208 2905 57 23 ou
2291 2886 336 45 descendantes
2651 2886 117 42 dans

1588 2947 63 43 les
1675 2954 167 44 étages,
1871 2950 64 41 les
1956 2947 139 45 allées
2126 2951 57 39 où
2207 2959 105 32 sont
2338 2949 106 51 déjà
2470 2951 191 48 rangées
2685 2947 82 43 des

1586 3013 213 39 voilures.

1656 3071 117 43 Mais
1805 3077 41 41 la
1880 3071 254 45 différence
2168 3073 57 41 de
2256 3071 275 47 rendement
2563 3084 67 30 est
2662 3071 105 42 telle

1588 3151 86 31 que
1694 3133 93 44 l'on
1808 3154 55 23 en
1889 3138 146 39 arrive
2057 3137 25 38 à
2103 3133 203 53 négliger
2325 3145 72 31 cet
2419 3135 346 42 inconvénient:

1586 3196 27 42 il
1644 3207 66 33 est
1739 3201 169 41 certain
1943 3214 87 33 que
2058 3197 112 41 c'est
2202 3197 114 42 dans
2344 3198 41 42 le
2415 3196 108 49 plan
2555 3196 58 42 de
2643 3195 42 41 la
2716 3195 34 41 fi-

1587 3276 108 33 gure
1734 3258 74 49 IX,
1853 3258 191 51 figurine
2089 3258 9 41 1
2150 3261 58 38 où
2249 3259 39 41 le
2326 3260 166 41 terrain
2530 3269 66 31 est
2634 3258 133 39 étroit

1587 3320 107 51 qu'il
1724 3333 66 32 est
1817 3322 41 42 le
1887 3323 149 40 moins
2065 3320 209 44 sensible.

1656 3382 190 51 Chaque
1900 3384 301 49 propriétaire
2255 3399 57 24 ou
2364 3379 242 44 chauffeur
2658 3387 110 42 peut

1585 3448 105 38 avoi
1696 3469 17 24 r
1743 3445 162 41 besoin
1942 3445 56 43 de
2030 3444 241 49 s'occuper
2305 3443 56 42 de
2396 3460 49 25 sa
2477 3441 212 43 machine
2721 3450 45 32 et

336 3614 517 50 SUPPLEMENT
915 3615 112 51 AU
1089 3614 334 52 VOLUME
1492 3612 99 54 VI.
1792 3614 81 50 N°
1910 3612 66 54 10
2033 3612 103 52 DE
2208 3631 31 33 «
2301 3611 101 52 LA
2468 3610 183 52 CITE
2716 3627 48 34 ».
