2870 4028
1977 329 311 51 TEK
2372 329 50 50 H
2506 329 55 48 N
2645 329 42 48 E

283 3741 157 71 174

296 520 64 55 XI
367 524 18 20 e
512 516 403 59 CONGRES
1031 514 667 57 INTERNATIONAL
1824 511 161 56 DES
2108 510 579 57 ARCHITECTES

1132 622 95 55 LA
1311 619 212 56 HAYE
1603 617 236 66 (1927)

293 807 74 41 Au
393 805 81 42 Xl°
501 805 206 47 Congrès
731 801 318 45 international
1080 799 79 43 des
1189 799 262 43 architectes

294 872 73 47 qui
392 871 121 39 vient
539 867 56 41 de
619 881 49 25 se
694 866 211 40 terminer
929 868 26 38 à
980 864 63 41 La
1068 863 143 48 Haye,
1241 861 41 41 la
1309 859 119 51 Belgi-

292 946 87 33 que
412 931 107 40 était
553 927 286 49 représentée
871 941 83 34 par
986 925 65 41 les
1080 924 263 43 architectes
1374 922 50 51 Jo-

290 993 111 49 seph
437 991 271 49 Caluwaers,
747 988 191 50 délégué
974 988 59 42 du
1068 992 381 45 gouvernement;

289 1053 69 52 Jul
365 1070 46 23 es
443 1051 212 45 Ghobert
685 1059 44 32 et
762 1050 207 50 Georges
1000 1047 280 52 Hendrickx,
1317 1046 57 41 de
1407 1046 44 40 la

287 1116 177 41 Société
491 1112 212 45 Centrale
732 1111 362 44 d'Architecture
1124 1112 57 41 de
1211 1108 235 51 Belgique;

287 1175 313 52 Verbrugghe,
635 1174 59 43 de
724 1176 43 42 la
795 1175 179 43 Société
1002 1173 81 42 des
1110 1171 266 43 Urbanistes
1406 1178 42 32 et

287 1239 282 42 Architectes
617 1235 325 46 Modernistes;
993 1235 254 49 Toussaint,
1301 1233 58 41 de
1407 1233 42 40 la

286 1302 177 42 Société
492 1301 79 42 des
598 1300 284 43 Architectes
911 1298 58 42 de
998 1299 155 49 Liège;
1183 1297 104 41 Van
1317 1296 130 51 Dyck

287 1373 44 31 et
355 1362 239 56 Deridder,
626 1364 57 42 de
708 1363 44 41 la
774 1362 177 42 Société
978 1359 176 52 Royale
1185 1359 80 41 des
1289 1357 132 43 Archi-

287 1434 137 33 tectes
451 1425 247 44 d'Anvers.

342 1499 62 42 Le
438 1500 181 41 Comité
652 1507 273 43 permanent
959 1496 81 44 des
1073 1497 204 51 Coingrès
1314 1498 110 39 inter-

286 1564 247 40 nationaux
572 1580 26 25 a
636 1561 71 43 élu
747 1569 131 34 notre
918 1559 316 52 compatriote,
1274 1557 151 44 l'archi-

285 1633 70 32 tec
400 1624 270 48 Caluwaers,
717 1621 233 54 président
993 1623 257 42 d'hotnineur
1294 1620 58 41 de
1396 1636 51 24 ce

286 1688 192 41 Comité.

341 1762 75 42 Un
442 1761 59 42 de
522 1779 85 25 nos
636 1758 242 50 confrères,
908 1763 75 48 qui
1013 1778 26 24 a
1065 1761 153 40 assisté
1242 1776 58 24 au
1327 1757 90 42 Con-

284 1826 111 51 grès,
428 1843 24 24 a
477 1823 104 42 bien
607 1823 139 42 voulu
772 1837 116 28 nous
912 1837 154 36 passer
1089 1820 69 43 les
1177 1828 134 39 ;notes
1340 1837 57 34 qu
1419 1819 25 40 il

283 1906 27 25 a
341 1889 153 49 prises,
532 1903 55 26 au
619 1901 130 27 cours
780 1884 83 42 des
895 1886 198 40 séances.
1128 1884 125 42 Nous
1287 1884 65 41 les
1381 1898 44 24 re-

283 1948 272 50 produisons
595 1946 105 44 telle
741 1945 184 54 quelles,
964 1947 95 42 leur
1097 1948 227 39 caractère
1364 1944 54 41 do-

283 2013 275 40 cumentaire
582 2015 124 38 étant
731 2010 58 43 de
807 2017 164 35 nature
993 2013 28 39 à
1040 2016 248 44 permettre
1314 2012 26 38 à
1363 2024 83 25 nos

284 2074 187 42 lecteurs
510 2074 58 42 de
600 2087 49 26 se
683 2072 112 44 faire
828 2088 90 24 une
952 2071 102 43 idée
1090 2071 91 42 fort
1217 2072 230 50 objective

283 2135 57 41 de
369 2137 214 42 l'activité
615 2135 196 53 déploée
842 2154 55 24 au
927 2135 206 50 Congrès
1164 2152 80 33 par
1274 2133 64 43 les
1369 2133 51 42 dé-

283 2197 150 52 légués
464 2197 169 52 belges.

337 2297 214 42 Lundi
601 2296 77 43 29
729 2300 160 38 août
941 2295 120 42 197
1090 2295 38 41 7.

339 2371 219 43 Matin.
703 2370 210 43 Réunion
952 2371 60 41 du
1049 2369 181 43 Comité
1266 2384 149 34 perma-

282 2443 107 31 nent
423 2435 78 42 des
536 2434 206 49 Congrès
774 2432 329 52 d'architectes,
1135 2449 104 25 sous
1273 2430 41 44 la
1346 2434 74 48 pré-

280 2495 183 42 sidence
501 2496 57 41 de
591 2495 279 43 l'architecte
908 2495 152 42 italien
1098 2495 198 42 Moretti.

337 2559 61 41 Le
438 2557 232 53 président
710 2567 187 39 sortant,
943 2559 62 42 M.
1049 2558 57 42 A.
1152 2557 191 52 Girault,
1387 2555 57 42 de

279 2620 135 57 Paris,
447 2630 67 32 est
541 2619 230 51 remplacé
802 2639 82 33 par
914 2618 531 52 l'ingénieur-architecte

279 2685 171 50 Joseph
488 2685 218 51 Cuypers,
748 2683 58 42 de
845 2683 284 45 Roermond.

336 2745 60 42 Le
440 2749 259 39 secrétariat
741 2763 99 24 sera
884 2745 220 42 transféré
1150 2744 59 42 de
1252 2745 126 42 Paris;
1419 2747 25 39 à

279 2808 241 48 Bruxelles.

347 2884 60 42 M.
460 2883 233 51 Poupine!,
746 2886 249 44 secrétaire,
1051 2893 64 30 est
1163 2900 165 34 promu
1378 2898 43 24 se-

280 2949 186 39 crétaire
492 2947 257 43 honoraire.

336 3008 61 42 Le
440 3010 183 43 Comité
663 3006 202 54 procède
906 3011 26 39 à
972 3008 43 43 la
1054 3009 287 41 nomination
1384 3006 59 42 du

278 3072 117 51 prof.
435 3073 40 42 D
482 3080 13 17 r
532 3072 91 53 Ing.
663 3072 56 42 D.
758 3072 46 42 F.
847 3071 298 48 Slothouwer,
1185 3070 229 44 d'Amster-

280 3134 118 49 dam,
454 3152 180 26 comme
685 3132 235 53 président
972 3135 60 42 du
1083 3133 220 51 Congrès.
1358 3133 84 51 Jan

276 3198 140 50 Wills,
447 3200 251 40 secrétaire.

337 3262 28 42 Il
410 3272 65 32 est
516 3265 171 40 ensuite
727 3259 203 52 procédé
969 3265 26 39 à
1030 3259 312 44 l'installation
1385 3258 59 42 de

280 3324 233 42 nouvelles
548 3326 195 42 sections
776 3322 266 53 nationales,
1079 3323 151 42 tandis
1261 3338 87 36 que
1381 3322 63 41 les

279 3391 193 39 sections
501 3387 78 42 des
608 3405 112 33 pays
748 3396 218 34 centraux
990 3396 106 32 soint
1123 3384 249 45 réadmises
1401 3392 44 32 et

278 3450 288 43 réinstallées.

1581 795 298 53 Après-midi,
1908 802 241 35 ouverture
2176 793 214 44 officielle
2416 813 55 24 au
2495 793 166 44 Ridder-

1524 860 111 42 zaal.
1673 859 56 42 25
1764 876 114 34 pays
1906 875 30 35 y
1962 866 105 34 sont
2097 859 295 49 représentés.

1581 932 63 43 La
1677 934 164 40 séance
1872 940 66 32 est
1971 939 188 33 ouverte
2190 948 82 33 par
2302 930 276 43 l'architecte
2610 933 62 38 ita-

1525 995 87 46 lien
1647 996 200 50 Moretti,
1886 1011 55 26 en
1976 1013 50 24 sa
2060 993 169 51 qualité
2267 992 57 41 de
2359 991 235 54 président
2630 992 63 43 du

1524 1056 178 42 dernier
1732 1058 204 49 Congrès
1975 1054 176 52 (Rome
2189 1055 78 42 191
2291 1055 69 50 1).

1580 1132 151 49 Après
1766 1129 221 54 quelques
2026 1128 182 52 paroles
2248 1129 59 42 de
2345 1127 270 48 bienvenue,
2662 1127 30 42 il

1523 1193 113 42 cède
1673 1195 42 42 la
1749 1193 132 53 place
1921 1211 55 24 au
2011 1190 235 52 président
2281 1191 60 42 du
2378 1190 205 51 Congrès
2619 1209 48 24 ac-

1522 1257 102 54 tuel,
1660 1255 41 42 le
1730 1256 121 49 prof.
1883 1253 302 45 Slothouwer.

1579 1329 188 42 Celui-ci
1796 1329 219 43 remercie
2045 1327 60 43 de
2134 1327 241 43 l'honneur
2406 1331 73 48 qui
2511 1335 67 32 est
2608 1325 82 43 fait

1522 1409 85 26 aux
1632 1391 230 52 Pays-Bas
1881 1407 86 37 par
1989 1391 45 43 la
2056 1393 219 49 présence
2302 1389 60 42 de
2385 1397 98 32 tant
2507 1388 58 40 de
2589 1403 75 37 per-

1520 1453 247 43 sonnalités
1814 1454 269 43 éminentes.
2137 1452 31 43 Il
2219 1453 83 41 fait
2350 1453 205 40 ressortir
2603 1467 90 34 que

1524 1515 113 43 dans
1684 1516 41 42 le
1772 1518 135 49 passé
1953 1514 332 44 l'architecture
2334 1514 81 42 des
2463 1514 227 50 Pays-Bas

1522 1579 107 41 s'est
1668 1580 280 50 apparentée
1989 1582 26 38 à
2056 1576 110 44 celle
2207 1576 57 41 de
2306 1577 42 43 la
2387 1575 183 52 plupart
2610 1574 83 43 des

1522 1659 115 34 pays
1669 1646 74 47 qui
1779 1650 79 32 ont
1891 1644 108 49 joué
2035 1659 58 24 un
2129 1639 96 42 rôle
2258 1648 243 41 marquant
2534 1655 57 26 en
2624 1655 46 26 ar-

1521 1705 253 41 chiterture.

1578 1780 29 41 Il
1643 1780 152 40 insiste
1831 1778 173 40 ensuite
2036 1793 74 27 sur
2136 1793 54 26 ce
2223 1792 87 34 que
2343 1775 347 49 l'architecture,

1519 1844 125 39 mère
1676 1842 57 42 de
1766 1850 101 32 tous
1900 1841 62 40 les
1994 1848 101 39 arts,
2131 1838 223 51 n'occupe
2386 1857 82 34 pas
2502 1837 115 43 dans
2648 1837 45 41 la

1520 1905 169 41 société
1728 1902 191 45 actuelle
1955 1903 42 42 le
2035 1919 112 36 rang
2185 1900 165 54 qu'elle
2387 1917 48 25 se
2474 1900 98 43 doit
2611 1901 82 50 d'y

1520 1982 208 36 occuper.
1771 1966 30 43 Il
1840 1966 159 49 espère
2035 1980 87 35 que
2160 1968 134 48 grâce
2330 1968 26 39 à
2390 1964 44 42 la
2469 1967 192 48 coopéra-

1518 2031 95 39 tion
1666 2026 350 44 internationale
2071 2025 86 42 elle
2209 2023 251 52 reprendra
2509 2027 182 42 bientôt

1518 2110 83 25 son
1630 2090 95 43 rôle
1755 2100 44 31 et
1825 2107 85 24 son
1940 2106 124 36 rang.
2096 2090 31 43 Il
2155 2091 142 40 invite
2326 2088 64 42 les
2417 2091 247 48 congressis-

1519 2164 66 33 tes
1618 2159 24 38 à
1675 2153 191 53 profiter
1897 2154 81 42 des
2010 2154 258 41 excursions
2300 2169 117 35 pour
2445 2168 49 24 se
2524 2150 168 46 rendre

1520 2225 186 42 compte
1747 2214 57 42 de
1842 2213 178 45 l'effort
2056 2214 313 46 architectural
2409 2213 187 50 produit
2633 2229 57 24 en

1520 2277 234 44 Hollande
1787 2295 74 26 ces
1894 2277 230 43 dernières
2155 2278 254 51 vingt-cinq
2445 2278 168 41 années
2646 2283 45 33 et

1519 2341 206 42 souhaite
1753 2357 88 36 que
1866 2342 63 41 les
1956 2341 212 49 critiques
2192 2339 129 52 qu'ils
2348 2342 249 38 émettront
2620 2356 48 23 se-

1518 2413 103 32 ront
1651 2403 270 53 profitables
1950 2422 89 25 aux
2067 2403 266 44 architectes
2359 2401 270 45 hollandais.

1574 2491 42 40 S.
1663 2491 47 42 E.
1760 2491 41 41 le
1842 2491 207 43 Ministre
2090 2488 290 45 Slotemaker
2422 2488 58 43 de
2525 2489 168 43 Bruine

1519 2570 236 34 prononce
1788 2552 282 43 l'allocution
2110 2553 58 42 de
2200 2551 260 42 bienvenue
2496 2561 46 31 et
2577 2549 113 43 rend

1517 2632 60 26 un
1610 2616 249 50 hommage
1892 2620 26 38 à
1951 2615 76 44 feu
2060 2613 280 46 l'architecte
2372 2613 41 43 D
2420 2622 13 16 r
2468 2615 220 51 Cuypers,

1520 2679 40 41 le
1595 2687 305 34 restaurateur
1935 2677 57 43 de
2027 2677 43 44 la
2103 2677 290 49 Ridderzaal,
2435 2679 74 49 qui
2545 2676 68 42 fut
2650 2677 43 41 le

1515 2743 267 50 précurseur
1809 2742 60 43 du
1894 2741 41 43 D
1941 2749 14 17 r
1983 2739 190 52 Berlage
2197 2751 44 31 et
2267 2742 58 42 de
2350 2751 102 31 tous
2475 2757 116 25 ceux
2615 2742 70 49 qui

1517 2803 360 53 s'appliquèrent
1907 2809 26 39 à
1961 2805 123 41 créer
2113 2820 89 26 une
2232 2801 215 43 nouvelle
2476 2801 193 44 architec-

1517 2876 112 36 ture.

1574 2942 30 42 Il
1654 2951 207 34 constate
1910 2958 113 27 avec
2066 2940 155 54 plaisir
2270 2940 135 53 qu'en
2453 2938 239 46 Hollande

1518 3003 337 44 l'indifférence
1886 3005 60 42 du
1977 3003 155 53 public
2157 3020 119 35 pour
2303 3003 334 43 l'architecture
2667 3021 26 24 a

1520 3067 82 42 fait
1625 3067 130 52 place
1781 3071 27 40 à
1832 3067 58 43 de
1914 3067 200 43 l'intérêt
2138 3076 45 32 et
2207 3083 88 36 que
2317 3065 103 45 l'art
2445 3076 45 32 et
2516 3067 42 42 le
2580 3081 85 37 peu-

1517 3129 75 51 ple
1624 3140 81 33 ont
1734 3146 89 28 une
1853 3127 229 45 tendance
2114 3130 218 51 marquée
2360 3132 30 40 à
2419 3145 49 26 se
2498 3146 168 35 rappro-

1518 3194 105 42 cher
1651 3211 117 35 pour
1797 3193 96 42 leur
1919 3192 108 43 bien
2053 3195 283 48 réciproque.

1574 3255 230 43 Prennent
1846 3271 168 29 encore
2056 3255 44 44 la
2142 3255 160 54 parole
2347 3255 63 42 les
2455 3257 211 47 représen-

1518 3328 122 35 tants
1672 3320 57 42 de
1764 3319 269 44 différentes
2065 3321 180 41 nations
2284 3337 9 24 :
2329 3317 231 55 Autriche,
2598 3318 63 42 Da-

1519 3382 202 49 nemark,
1759 3382 220 52 Hongrie,
2013 3380 237 55 Finlande,
2285 3382 137 52 Italie,
2457 3381 228 51 Portugal,

1517 3444 269 56 Roumanie,
1827 3443 164 56 Suède,
2023 3443 455 53 Tchécoslovaquie
2512 3454 44 32 et
2591 3443 102 44 Bel-

278 3618 512 53 SUPPLEMENT
854 3619 110 50 AU
1026 3617 333 53 VOLUME
1427 3615 97 54 VI.
1724 3617 53 49 N
1838 3617 67 54 10
1956 3615 103 52 DE
2129 3634 30 33 «
2222 3615 101 52 LA
2388 3614 182 53 CITE
2632 3632 50 34 ».
