2870 4028
2003 354 314 50 TEK
2399 354 54 50 H
2535 354 56 50 N
2674 354 42 50 E

272 3766 160 73 170

314 535 123 71 LE
536 518 605 88 PROBLÈME
1215 535 139 71 DE
1451 535 125 71 LA
1687 533 1021 74 REGLEMENTATION

309 668 792 72 CIRCULATOIRE
1187 667 297 72 CHEZ
1561 667 310 73 NOUS
1960 667 133 72 ET
2182 667 528 73 AILLEURS

738 799 149 56 (Suite
924 806 42 40 et
1003 803 79 42 Fin
1119 802 56 44 de
1213 802 189 43 l'article
1439 815 111 42 paru
1587 804 117 42 dans
1740 801 40 44 le
1817 808 50 37 n°
1902 803 28 42 8
1964 803 58 43 de
2057 801 213 56 Tekhné)

372 959 157 49 Ayant
559 961 214 38 énuméré
804 958 64 42 les
896 974 194 34 moyens
1118 957 239 50 employés
1386 974 81 34 par

306 1023 106 39 trois
449 1023 301 47 importantes
789 1021 332 49 municipalités
1157 1036 118 34 pour
1310 1023 131 48 conju-

305 1098 70 26 rer
400 1084 40 41 le
470 1084 110 47 péril
613 1081 57 43 de
701 1081 40 42 la
775 1096 23 27 «
829 1083 269 48 congestion
1126 1080 283 44 circulatoire
1439 1096 24 26 »

306 1143 112 41 dans
455 1144 63 43 les
552 1152 175 33 centres
762 1142 195 50 urbains,
998 1158 116 26 nous
1146 1144 321 39 examinerons

305 1204 106 43 d'un
437 1221 89 33 peu
550 1204 100 50 plus
673 1206 105 49 près
802 1203 219 51 quelques
1043 1202 246 44 méthodes
1318 1203 57 42 de
1400 1204 45 40 ré-

301 1265 327 51 glementation
673 1265 60 41 du
777 1265 131 41 trafic
950 1267 242 47 suggérées
1235 1277 46 32 et
1323 1264 120 53 appli-

300 1330 138 47 quées
465 1344 83 33 par
574 1328 63 41 les
663 1329 253 48 ingénieurs
943 1328 279 42 américains.

367 1399 86 42 Les
491 1402 108 41 trois
637 1399 221 45 éléments
898 1403 279 48 principaux,
1221 1398 107 53 qu'il
1368 1399 98 43 faut

290 1463 262 43 considérer
576 1464 115 42 dans
718 1464 43 43 la
785 1464 198 41 solution
1011 1463 80 42 des
1115 1463 265 53 problèmes
1404 1462 61 43 du

301 1523 127 43 trafic
465 1523 172 55 urbain,
677 1534 117 36 sont,
835 1523 183 52 d'après
1053 1523 269 52 l'ingénieur
1357 1523 81 43 Bar-

298 1584 264 48 tholomew,
598 1585 60 42 du
688 1587 173 42 service
896 1585 58 44 de
987 1585 41 43 la
1062 1585 309 51 municipalité
1407 1584 58 41 de

295 1646 285 42 Saint-Louis
618 1664 9 24 :

371 1720 35 42 1.
449 1719 62 42 La
554 1722 267 48 congestion
867 1719 80 42 des
988 1729 176 34 centres
1209 1719 248 48 d'affaires,

296 1782 80 42 des
416 1792 176 32 centres
637 1781 56 42 de
738 1781 377 49 divertissement,
1162 1780 82 43 des
1284 1791 178 32 centres

293 1841 268 51 industriels,
594 1846 59 38 où
680 1843 63 45 les
767 1843 249 45 bâtiments
1042 1846 198 49 groupés
1266 1862 57 26 en
1351 1841 82 44 hau-

292 1916 108 38 teur,
437 1922 75 25 sur
543 1922 86 26 une
660 1904 241 54 superficie
933 1915 104 41 trop
1074 1905 247 49 restreinte,
1356 1920 80 35 pro-

292 1977 202 40 voquent
548 1984 88 24 une
691 1966 263 42 circulation
1010 1966 448 51 disproportionnée,

348 3075 183 46 Appareil
583 3075 184 37 allemand
967 3076 186 46 Appareil
1172 3080 199 34 américain

274 3136 108 38 Deux
413 3137 182 46 appareils
626 3139 20 35 à
683 3142 159 41 signaux
877 3137 188 38 lumineux
1091 3152 96 32 pour
1215 3138 32 38 le
1270 3139 176 37 contrôle

769 3187 50 37 du
849 3188 106 36 trafic

279 3302 89 24 aux
400 3284 172 56 heures,
611 3303 82 34 par
727 3287 225 50 exemple,
989 3290 59 39 où
1081 3286 42 43 la
1159 3287 125 45 foule
1317 3287 133 51 qu'ils

279 3346 199 45 abritent
513 3365 46 26 se
595 3349 176 50 répand
809 3349 115 42 dans
960 3349 63 44 les
1058 3367 101 28 rues
1199 3363 44 32 et
1278 3353 171 39 artères

279 3412 320 42 avoisinantes.
633 3409 61 46 Le
724 3412 198 49 premier
950 3429 83 33 pas
1063 3415 25 38 à
1119 3412 112 42 faire
1262 3411 114 46 dans
1406 3412 42 42 la

279 3471 379 50 réglementation
698 3472 60 42 du
794 3473 131 42 trafic
963 3473 138 44 d'une
1138 3474 310 49 municipalité

1547 972 67 31 est
1646 960 42 42 la
1721 963 266 47 répartition
2018 959 210 46 normale
2264 959 80 45 des
2377 959 203 42 diverses
2608 962 88 39 acti-

1545 1023 117 39 vités
1706 1038 9 24 :
1754 1037 272 37 commerce,
2067 1019 236 51 industrie,
2341 1019 247 52 résidence,
2629 1030 85 33 etc.

1540 1083 124 43 D'où
1702 1084 26 42 F
1735 1088 356 48 aménagement
2128 1084 118 43 dans
2281 1102 51 26 ce
2368 1101 105 26 sens
2510 1084 62 43 du
2608 1084 110 51 plan

1545 1143 197 51 général,
1782 1161 58 24 ou
1874 1146 63 42 les
1971 1143 345 42 modifications
2348 1146 232 49 imposées
2611 1147 28 40 à
2675 1142 42 43 la

1545 1208 214 40 situation
1804 1207 235 46 existante,
2086 1208 89 40 soit
2222 1205 115 43 dans
2382 1209 42 42 le
2467 1208 124 40 tracé
2637 1204 81 45 des

1544 1284 102 25 rues
1688 1282 45 32 et
1773 1269 184 45 artères,
2001 1270 88 42 soit
2131 1266 115 43 dans
2288 1267 43 43 la
2374 1267 243 43 limitation
2659 1283 57 26 en

1543 1328 193 42 hauteur
1764 1328 80 43 des
1876 1328 203 49 édifices,
2109 1339 83 32 etc.

1612 1402 43 42 2.
1697 1402 62 44 Le
1779 1405 199 48 système
1999 1404 179 42 artériel
2202 1403 58 42 de
2279 1403 44 42 la
2342 1403 107 43 ville
2469 1404 247 49 envisagée

1537 1484 57 28 en
1620 1467 141 52 égard
1787 1467 81 42 des
1895 1465 262 44 conditions
2178 1469 237 49 présentes
2438 1476 45 32 et
2505 1466 84 43 des
2607 1482 83 27 con-

1545 1526 169 43 ditions
1747 1529 27 39 à
1808 1528 196 50 prévoir.
2044 1525 66 45 Ce
2144 1530 199 47 système
2376 1526 258 51 comprend
2672 1525 44 42 la

1542 1591 267 48 répartition
1856 1591 209 40 suivante
2121 1606 9 23 :
2180 1587 66 42 les
2291 1599 153 32 routes
2493 1587 223 42 affectées

1540 1650 256 43 seulement
1816 1667 60 26 au
1900 1649 267 44 trafic
2300 1649 45 44 ;
2389 1649 133 44 les
2544 1650 172 42 artères

1541 1711 288 48 essentielles,
1876 1713 203 40 unissant
2120 1712 67 42 les
2225 1721 179 33 centres
2444 1711 272 50 principaux

1543 1773 57 44 de
1641 1774 41 43 la
1717 1773 108 45 ville
1860 1784 47 32 et
1945 1773 82 44 des
2060 1773 230 51 environs,
2331 1784 46 32 et
2413 1773 206 47 formant
2653 1791 60 26 un

1540 1845 101 34 tout
1679 1834 340 52 indépendant;
2063 1835 66 44 les
2169 1852 102 26 rues
2310 1848 46 33 et
2394 1837 173 40 artères
2605 1851 81 27 con-

1540 1907 217 33 tournant
1791 1895 180 52 chaque
2008 1907 158 33 centre
2206 1895 245 53 principal;
2493 1895 189 44 Taména-

1538 1969 187 40 gement
1772 1958 58 42 de
1873 1961 109 42 trois
2027 1961 129 40 voies
2202 1958 242 52 parallèles
2489 1968 223 38 assurant,

1540 2020 114 45 dans
1688 2022 64 42 les
1787 2022 170 43 artères
1991 2020 287 54 principales,
2317 2021 42 42 la
2399 2019 196 47 division
2632 2020 81 42 des

1721 3165 137 36 Cabine
1886 3165 45 36 de
1957 3164 172 37 contrôle
2156 3165 48 36 du
2232 3165 120 36 trafic.
2385 3164 120 37 Berlin

1529 3289 152 41 divers
1711 3288 165 43 modes
1908 3288 56 45 de
1996 3299 253 40 transport;
2281 3289 68 43 les
2377 3304 142 26 zones
2551 3287 58 44 de
2642 3290 43 40 ré-

1528 3353 216 49 partition
1790 3351 60 42 du
1891 3351 131 43 trafic
2063 3369 91 24 aux
2194 3353 299 40 croisements
2533 3352 143 48 impor-

1528 3424 140 37 tants;
1712 3415 63 42 les
1817 3417 203 40 trottoirs
2064 3412 255 52 largement
2362 3412 257 49 suffisants;
2663 3411 41 43 la

1527 3479 293 46 suppression
1863 3476 80 44 des
1985 3479 235 46 impasses,
2267 3475 116 42 dans
2424 3474 63 45 les
2527 3485 178 32 centres

272 3642 517 54 SUPPLEMENT
851 3646 111 51 AU
1024 3646 335 52 VOLUME
1427 3646 99 53 VI.
1728 3649 80 49 N°
1846 3649 64 52 10
1968 3647 102 51 DE
2143 3666 30 32 «
2236 3646 101 52 LA
2403 3647 183 52 CITE
2650 3665 48 34 ».
