2870 4028
608 278 174 72 LA
867 277 380 73 CITE
1355 277 331 73 VOL.
1733 296 15 51 :
1798 277 62 73 6
1971 277 198 73 NU
2234 277 105 73 M.
2419 277 139 73 10

398 3632 137 80 98

310 524 32 41 I.
371 524 83 41 Les
479 523 233 46 banlieues
736 539 61 26 ou
821 522 459 54 faubourgs-jardins.

378 584 29 42 Il
439 584 221 50 s'agissait
694 584 56 44 de
783 584 132 42 doter
946 586 63 42 les
1039 584 128 45 villes
1293 584 151 49 Jérusa-

309 645 102 49 lem,
451 645 124 49 Jaffa
612 657 42 30 et
691 643 141 42 Haïfa
1029 643 439 51 d'agglomérations

306 705 235 42 nouvelles
585 708 221 39 orientées
851 721 101 25 vers
992 706 47 41 la
1081 704 268 52 périphérie,
1394 720 75 26 ces

306 765 129 42 villes
471 769 124 43 étant
631 782 116 34 pour
785 765 40 42 la
861 766 185 51 plupart
1082 777 102 39 trop
1226 764 162 46 denses
1425 774 44 33 et

303 827 174 50 parfois
530 826 261 45 insalubres.
851 825 253 48 D'ailleurs,
1161 828 62 40 les
1279 826 187 44 terrains

306 890 166 39 étaient
501 887 323 44 sensiblement
854 889 148 41 moins
1031 890 196 39 coûteux
1254 890 28 39 à
1313 887 133 42 l'exté-

304 951 115 39 rieur
444 947 79 42 des
545 950 217 48 premiers
785 958 187 34 centres.
999 947 127 43 Dans
1149 948 65 42 les
1234 947 233 43 banlieues

302 1011 243 48 projetées,
602 1008 63 42 les
717 1007 276 43 habitations
1042 1008 160 42 isolées
1251 1019 107 32 sont
1410 1024 57 25 en

302 1069 173 50 grande
499 1072 221 49 majorité.

368 1176 87 45 Les
473 1176 428 52 banlieues-jardins
924 1177 60 44 de
1004 1177 252 44 Jérusalem
1281 1188 105 33 sont
1408 1195 56 26 en

299 1241 129 41 voies
451 1237 361 45 d'achèvement.
836 1237 234 56 Talpioth,
1096 1255 75 25 sur
1190 1239 43 42 la
1254 1249 131 31 route
1406 1238 59 42 de

300 1298 250 48 Bethléem,
581 1310 65 33 est
675 1300 42 42 la
745 1298 100 51 plus
872 1301 280 48 importante
1181 1298 58 44 de
1265 1316 76 26 ces
1367 1301 73 41 réa-

299 1360 201 44 lisations
543 1360 215 50 (environ
795 1359 212 49 990,000
1043 1378 45 24 m
1121 1360 39 51 2).
1199 1360 151 44 Située
1383 1360 54 42 ad-

298 1419 333 48 mirablement,
661 1437 82 26 son
774 1424 164 41 terrain
965 1420 237 45 accidenté
1233 1438 27 25 a
1291 1423 173 40 orienté

299 1481 62 43 les
416 1492 189 32 travaux
664 1481 401 51 d'aménagement
1124 1482 80 42 des
1264 1481 200 44 diverses

295 1544 129 42 voies
453 1541 340 45 résidentielles.
833 1543 63 42 28
929 1560 87 35 p.c.
1056 1543 57 44 de
1148 1543 41 42 la
1223 1543 242 52 superficie

297 1614 104 31 sont
435 1605 202 40 réservés
668 1606 25 39 à
726 1602 41 42 lia
799 1606 155 49 voirie,
989 1620 89 26 aux
1110 1621 186 35 espaces
1329 1604 135 43 libres

297 1680 59 25 ou
379 1665 179 50 plantés
579 1666 116 40 ainsi
719 1664 167 51 qu'aux
910 1668 188 40 terrains
1125 1665 57 44 de
1206 1677 141 40 sport.
1375 1665 58 44 En-

293 1727 131 40 viron
451 1724 95 43 800
572 1725 305 44 lotissements
899 1738 275 39 composent
1197 1726 236 53 l'agglomé-

295 1788 159 45 ration,
477 1789 75 48 qui
572 1786 240 49 renferme,
833 1805 59 26 en
911 1797 140 40 outre,
1073 1805 89 27 une
1180 1804 278 36 synagogue,

293 1863 60 28 un
385 1847 118 49 club,
529 1865 90 26 une
647 1851 176 41 maison
849 1849 307 49 communale,
1183 1866 61 26 un
1272 1849 189 48 théâtre,

292 1925 61 28 un
382 1908 174 42 bureau
586 1908 80 45 des
692 1919 169 41 postes,
894 1920 83 35 etc.

360 2005 115 42 Beth
512 2005 242 46 Hackerem
793 2016 66 33 est
897 2006 416 51 particulièrement
1349 2010 90 41 inté-

291 2076 201 34 ressante
524 2084 58 24 au
611 2070 131 47 point
769 2067 62 43 de
862 2084 88 28 vue
981 2068 323 51 urbanistique.
1341 2068 90 42 Cou-

291 2140 133 33 vrant
458 2145 87 25 une
576 2128 241 50 superficie
850 2127 241 47 d'environ
1124 2129 216 49 277,200
1373 2148 48 25 m
1447 2164 10 14 2,

291 2199 118 33 cette
443 2188 367 51 agglomération
846 2202 68 33 est
950 2193 143 42 située
1130 2208 75 25 sur
1240 2209 61 27 un
1338 2208 91 26 som-

291 2261 93 33 met
409 2250 105 43 bien
541 2253 173 45 accusé,
743 2254 74 48 qui
844 2269 27 24 a
897 2251 119 44 dicté
1040 2268 51 26 sa
1115 2253 346 42 conformation

290 2311 224 51 générale.
551 2311 121 45 Rues
703 2327 47 33 et
781 2312 280 43 habitations
1092 2325 106 33 sont
1234 2317 227 48 groupées

292 2372 57 44 de
380 2374 200 43 manière
611 2376 27 39 à
670 2373 227 44 encercler
927 2374 44 43 la
1001 2373 165 46 colline
1195 2378 27 40 à
1253 2392 48 26 sa
1331 2375 125 48 base,

290 2444 45 33 et
365 2451 50 28 se
447 2434 309 52 rapprochent
785 2453 60 25 au
877 2435 71 44 fur
979 2449 44 33 et
1058 2442 27 40 à
1115 2453 179 26 mesure
1327 2437 132 52 qu'ils

289 2506 209 34 montent
527 2512 102 27 vers
658 2497 41 44 le
726 2507 212 38 sommet,
969 2496 174 44 celui-ci
1173 2501 172 49 occupé
1374 2514 86 36 par

291 2556 80 45 des
398 2557 246 46 bâtiments
672 2558 190 51 publics.
894 2559 110 43 Aux
1030 2559 147 43 flancs
1206 2559 59 45 de
1292 2559 42 43 la
1366 2560 69 43 col-

289 2618 102 48 line,
430 2618 121 43 deux
588 2619 218 46 étendues
845 2620 57 42 de
938 2620 68 43 sol
1042 2620 416 54 particulièrement

289 2679 146 46 fertile
473 2679 209 53 (Wadis)
722 2694 81 33 ont
832 2684 73 40 été
931 2684 235 42 réservées
1195 2686 26 40 à
1251 2682 184 52 l'exploi-

287 2743 144 40 tation
480 2741 210 52 agricole,
741 2752 99 33 tout
887 2761 56 24 en
991 2746 126 40 étant
1162 2748 294 48 incorporées

289 2801 113 44 dans
433 2802 268 46 l'ensemble
734 2804 59 45 de
822 2804 413 52 l'agglomération.
1270 2805 188 44 Celle-ci

285 2863 213 51 possède,
525 2882 56 25 en
605 2874 141 40 outre,
773 2882 71 26 ses
870 2870 189 40 terrains
1082 2867 59 43 de
1163 2877 163 42 sports,
1354 2884 75 35 par-

285 2922 329 47 ticulièrement
657 2925 164 44 choisis
867 2927 115 43 dans
1026 2927 42 42 la
1114 2928 344 43 conformation

288 2985 61 44 du
373 2987 83 45 sol.

355 3047 132 43 Deux
509 3059 150 32 autres
680 3048 443 54 banlieues-jardins,
1155 3055 303 47 importantes

286 3120 45 32 et
355 3109 250 52 agréables,
632 3121 106 33 sont
771 3129 9 25 :
809 3110 282 46 Montefiore
1116 3111 271 46 Settlement
1413 3124 46 32 et

287 3169 291 47 Bait-u-Gan.

353 3267 85 43 Les
480 3268 434 55 Banlieues-jardins
952 3269 212 45 d'Haïfa,
1315 3270 141 44 Haïfa

285 3342 110 38 peut
421 3332 92 41 être
541 3330 219 52 regardée
785 3347 185 28 comme
997 3332 40 44 le
1065 3332 122 43 futur
1211 3342 156 34 centre
1392 3334 43 41 in-

289 3390 181 44 dustriel
504 3406 45 31 et
583 3396 292 42 commercial
912 3394 57 44 de
1004 3394 42 43 la
1084 3393 239 49 Palestine,
1359 3404 73 33 tan-

284 3451 71 42 dis
383 3469 86 34 que
497 3452 249 52 Jérusalem
776 3454 236 48 formerait
1036 3455 154 53 plutôt
1219 3454 119 46 l'axe
1365 3454 69 44 cul-

1541 529 124 42 turel.
1700 527 141 42 Haïfa
1872 529 115 50 jouit
2019 528 137 43 d'une
2185 530 214 40 situation
2429 527 276 52 privilégiée,

1540 591 26 38 à
1590 588 41 41 la
1656 591 92 38 tête
1771 590 58 42 de
1853 588 229 50 multiples
2105 598 153 31 routes
2281 596 195 34 mettant
2499 606 57 24 en
2580 604 93 26 com-

1541 652 280 42 munication
1841 650 243 42 l'intérieur
2106 651 62 41 du
2188 666 117 35 pays
2324 659 46 31 et
2390 651 60 41 les
2472 668 115 33 pays
2608 654 72 38 voi-

1540 713 101 40 sins.
1684 710 133 42 Cette
1851 711 106 42 ville
1995 722 68 31 est
2100 712 40 42 le
2176 713 133 48 point
2346 710 57 44 de
2443 709 165 51 départ
2643 710 65 43 du

1540 770 180 42 chemin
1758 771 57 43 de
1851 771 69 41 fer
1956 770 57 42 de
2051 769 42 43 la
2130 770 125 51 Syrie
2289 770 237 43 Orientale
2562 784 44 32 et
2643 769 64 43 du

1540 830 329 53 Transjordan,
1905 850 56 25 ein
1996 834 151 41 même
2183 842 148 40 temps
2368 848 86 34 que
2490 831 59 44 de
2582 831 42 42 la
2659 831 32 42 li-

1539 910 87 32 gne
1651 904 187 32 menant
1861 911 56 25 en
1942 890 190 52 Egypte.
2164 891 63 42 La
2250 894 104 40 côte
2377 891 332 52 palestinienne

1538 969 68 31 est
1627 953 147 43 droite
1792 952 558 52 presqu*uniformément.
2376 953 44 42 A
2442 951 154 50 Haïfa,
2622 951 86 44 elle

1538 1014 224 42 s'incurve
1792 1031 56 25 en
1879 1031 87 26 une
1995 1012 105 45 baie
2131 1014 221 43 naturelle
2382 1012 325 52 parfaitement

1537 1074 252 51 adaptable
1820 1092 55 25 en
1905 1091 60 26 un
1995 1085 107 41 port
2129 1074 218 50 complet.

1607 1135 84 43 Les
1717 1134 233 45 accidents
1978 1135 61 42 du
2065 1136 68 42 sol
2161 1144 280 42 permettent
2470 1134 57 43 de
2554 1137 129 47 répar-

1538 1200 54 40 tir
1625 1199 221 43 aisément
1880 1196 63 42 les
1977 1196 151 42 divers
2159 1195 166 43 modes
2360 1195 349 50 d'occupations

1538 1257 58 45 de
1621 1259 42 41 la
1688 1261 156 48 région
1880 1275 9 24 :
1916 1260 217 48 quartiers
2158 1256 283 43 résidentiels
2462 1259 28 39 à
2513 1255 190 51 l'Ouest,

1534 1318 279 43 bénéficiant
1856 1318 61 42 du
1956 1318 156 43 climat
2152 1317 379 48 méditerranéen,
2577 1331 105 37 quar-

1537 1384 104 39 tiers
1679 1379 257 42 industriels
1975 1390 45 31 et
2056 1388 336 42 commerçants
2430 1383 26 39 à
2494 1378 112 48 l'est,
2651 1392 56 26 en

1533 1451 186 33 contact
1759 1441 153 50 direct,
1957 1458 83 33 par
2079 1440 82 44 des
2196 1441 177 51 plaines
2413 1440 139 47 unies,
2594 1454 113 26 avec

1536 1501 305 44 l'hinterland.
1877 1501 62 42 Le
1971 1511 134 33 mont
2136 1500 198 48 Carmel,
2370 1518 85 34 par
2486 1518 51 26 sa
2570 1511 114 32 struc-

1535 1575 97 32 ture
1672 1577 44 32 et
1754 1580 83 25 son
1875 1562 169 46 climat,
2088 1562 98 43 doit
2226 1561 189 43 devenir
2452 1578 60 26 un
2552 1570 153 34 centre

1534 1625 234 43 balnéaire
1797 1624 110 43 d'un
1936 1624 146 51 grand
2109 1623 198 42 charme.
2340 1623 64 42 La
2431 1622 179 44 surface
2639 1630 46 33 to-

1534 1686 92 44 tale
1658 1695 218 34 couverte
1905 1703 85 35 par
2021 1685 64 42 les
2117 1684 259 44 résidences
2405 1694 46 34 et
2482 1684 64 43 les
2577 1682 102 43 habi-

1533 1750 169 40 tations
1728 1757 67 33 est
1822 1746 59 43 de
1909 1745 298 49 59,400,000
2234 1763 47 25 m
2305 1781 8 9 2.

1602 1807 178 53 Migdal
1811 1819 66 33 est
1907 1809 141 42 située
2079 1822 75 27 sur
2183 1806 42 43 le
2255 1807 69 43 lac
2357 1805 58 43 de
2444 1803 263 50 Tibériade,

1537 1870 57 43 de
1620 1880 106 41 part
1757 1882 44 31 et
1837 1869 177 44 d'autre
2046 1868 57 42 de
2135 1866 42 43 la
2209 1877 131 33 route
2373 1866 57 42 de
2460 1864 248 44 Tibériade

1534 1934 25 39 à
1590 1931 154 42 Safed.
1780 1929 123 44 D'un
1935 1939 153 33 centre
2117 1927 157 54 public
2304 1938 45 33 et
2378 1934 326 44 commerçant,

1534 1994 63 41 les
1636 1995 128 38 voies
1804 1990 197 44 radiales
2041 1990 265 43 desservent
2347 1999 129 34 toute
2516 1987 168 52 l'agglo-

1533 2055 239 52 mération,
1834 2055 200 50 coupées
2090 2052 353 53 régulièrement
2498 2070 82 35 par
2638 2049 67 44 les

1529 2120 129 38 voies
1690 2119 358 46 concentriques.

1531 2312 51 45 II.
1612 2312 84 45 Les
1723 2318 179 37 centres
1926 2308 200 47 urbains.

1598 2408 63 43 La
1689 2407 132 48 tâche
1850 2408 58 43 de
1935 2407 265 42 l'urbaniste
2227 2416 122 42 peut,
2383 2406 57 42 de
2468 2405 137 51 façon
2631 2405 50 49 gé-

1531 2471 167 48 nérale,
1732 2473 95 40 être
1859 2470 148 42 dictée
2035 2485 85 36 par
2152 2468 120 43 deux
2299 2465 248 45 méthodes
2589 2483 9 25 :
2631 2482 49 25 ac-

1527 2535 168 39 croître
1721 2549 61 26 un
1811 2543 153 31 centre
1991 2533 207 47 existant,
2232 2547 60 25 ou
2314 2531 129 40 créer
2470 2528 58 43 de
2555 2536 150 35 toutes

1528 2596 152 50 pièces
1714 2593 402 51 l'agglomération
2149 2591 116 43 dans
2297 2589 217 43 l'endroit
2546 2588 154 44 choisi.

1531 2654 124 47 C'est
1684 2672 56 27 en
1772 2666 100 35 tout
1895 2671 80 25 cas
2002 2670 59 25 un
2087 2653 163 42 besoin
2280 2652 305 49 économique
2611 2649 93 43 réel

1530 2731 44 32 et
1608 2715 298 53 appréciable
1942 2717 74 50 qui
2053 2715 99 43 doit
2188 2715 197 41 motiver
2420 2713 43 41 la
2501 2712 203 42 création

1532 2779 56 44 de
1615 2779 400 51 l'agglomération
2042 2775 223 45 nouvelle.

1599 2840 62 42 La
1723 2839 109 43 ville
1891 2840 249 41 construite
2204 2834 322 45 actuellement
2590 2834 115 42 dans

1529 2901 180 44 l'Emek
1743 2912 68 34 est
1841 2918 61 25 un
1936 2900 212 50 exemple
2182 2899 208 51 pratique
2426 2896 138 43 d'une
2599 2895 107 43 telle

1529 2966 216 41 création.

1596 3023 61 44 Sa
1681 3027 214 42 situation
1921 3035 68 33 est
2011 3020 309 45 commandée
2343 3036 87 36 par
2451 3036 92 26 une
2570 3021 112 39 inter-

1529 3088 173 42 section
1758 3085 352 52 d'importantes
2160 3084 131 42 voies
2343 3079 360 48 commerciales,

1529 3154 117 39 aussi
1670 3148 106 44 bien
1802 3164 87 35 que
1915 3163 84 35 par
2023 3147 65 42 les
2113 3145 176 52 plaines
2316 3142 171 45 fertiles
2516 3160 57 26 en
2597 3142 107 43 voie

1527 3209 371 53 d'exploitation,
1934 3208 114 48 dont
2077 3206 89 47 elle
2196 3218 68 33 est
2293 3207 44 44 le
2366 3213 167 35 centre.
2570 3202 36 44 L
2624 3202 54 42 ab-

1529 3289 134 28 sence
1696 3270 80 46 des
1806 3270 105 44 faits
1940 3269 192 53 positifs,
2165 3267 284 53 qu'acquiert
2476 3282 90 27 une
2596 3263 109 44 ville

1530 3336 232 53 existante,
1797 3351 26 24 a
1851 3334 130 49 exigé
2010 3331 257 42 forcément
2294 3343 91 29 une
2409 3336 105 44 part
2542 3326 57 44 de
2627 3325 53 43 ha-

1529 3395 105 43 sard
1670 3395 113 42 dans
1816 3395 65 42 les
1914 3394 255 51 prévisions
2198 3390 356 51 urbanistiques;
2589 3389 116 41 mais

1529 3458 63 43 les
1627 3456 120 44 deux
1775 3458 153 50 points
1955 3453 235 45 essentiels
2218 3463 106 33 sont
2351 3461 257 34 nettement
2637 3465 45 26 re-
