3647 4447
1857 80 29 52 2

493 218 193 51 Prinzen
729 237 87 32 von
848 222 231 50 Preussen
1124 222 258 67 gewidmet.
1431 221 273 61 Offenbach,
1749 222 72 51 bei

491 303 107 51 Joh.
628 303 176 51 Andre.
839 306 203 51 Partitur
1074 307 92 50 und
1197 306 224 51 Stimmen
1462 306 19 51 1
1524 307 67 51 Fl.
1634 307 69 50 12
1737 308 83 50 Kr.

493 388 133 66 (Jede
658 388 297 69 Singstimme
989 391 34 49 4
1037 387 11 28 i
1049 385 32 73 /
1082 420 15 29 i
1133 391 99 68 Kr.)

320 539 78 40 Ein
428 538 166 41 frisches
623 539 209 42 Soldaten-
861 543 81 38 und
973 541 206 40 Volkslied
1216 541 41 41 in
1289 543 368 52 marschmässiger,
1689 544 115 41 kräfti-

243 625 70 40 ger
344 612 251 52 Bewegung;
644 625 41 28 es
732 613 48 40 ist
821 614 128 39 Feuer
992 614 82 39 und
1116 614 138 40 Leben
1300 615 126 39 darin.
1482 614 75 41 Die
1589 616 235 53 Begleitung

245 684 195 40 erfordert
468 684 85 41 vier
583 687 244 50 Trompeten
857 686 37 38 in
927 687 65 45 Es,
1035 686 89 40 eine
1153 686 215 52 Trompete
1398 687 40 39 in
1467 689 32 35 B
1529 690 87 44 aho,
1648 689 176 48 Bariton,

242 756 119 40 Tuba
392 757 81 38 und
506 757 98 40 zwei
632 758 224 37 Posaunen.
914 757 53 38 Es
1008 756 48 40 ist
1089 757 146 50 jedoch
1275 769 42 28 so
1348 757 272 53 eingerichtet,
1663 759 90 41 dass
1783 773 40 27 es

245 828 103 40 auch
379 828 105 40 ohne
515 826 234 53 Begleitung
778 840 205 39 gesungen
1015 830 160 38 werden
1205 830 121 40 kann.

378 1040 216 50 Wilhelm
630 1040 204 50 Tschirch
842 1078 11 21 ,
882 1038 172 51 Fürstl.
1078 1039 166 52 Reuss.
1267 1039 405 59 Musik-Director,
1705 1041 87 50 Can-

494 1133 76 41 tor
593 1142 56 32 an
672 1124 82 50 der
770 1124 318 69 Hauptkirehe
1112 1142 57 31 zu
1187 1124 133 59 Gera,
1352 1124 277 68 Zwanzig
1659 1126 131 49 zwei-

495 1209 305 68 stimmige
834 1210 269 65 Gesänge
1134 1226 105 32 zum
1271 1207 272 51 Gebrauche
1575 1209 42 49 in
1649 1209 174 51 oberen

496 1294 334 59 Schulclassen,
886 1294 43 49 in
976 1291 559 69 Vorbereitungsschulen
1581 1312 56 31 zu
1683 1294 133 68 Sing-

493 1379 313 49 Akademieen
836 1397 44 30 u.
914 1395 34 33 s.
981 1395 58 32 w.
1100 1377 90 69 Op.
1238 1378 91 50 24.
1385 1378 322 59 Schweidnitz,
1749 1378 71 51 bei

493 1463 50 49 C.
574 1464 52 51 F.
658 1461 299 68 Weigmann.

324 1614 76 39 Ein
446 1614 93 39 sehr
582 1613 326 42 verdienstliches
939 1615 244 47 Werkchen,
1231 1615 171 40 welches
1445 1616 76 39 den
1568 1615 142 40 Zweck
1754 1615 69 39 des

239 1686 229 40 Verfassers
491 1686 269 40 vollkommen
790 1700 46 26 zu
869 1687 208 40 erreichen
1108 1688 185 52 geeignet
1322 1687 60 40 ist.
1434 1687 139 41 Dieser
1601 1687 143 39 Zweck
1773 1687 50 39 ist

238 1757 175 40 nämlich
442 1770 99 39 ganz
569 1758 257 40 verschieden
861 1771 77 28 von
967 1760 105 48 dem,
1115 1773 80 26 was
1242 1760 64 40 bei
1347 1761 78 39 den
1463 1760 169 41 meisten
1661 1760 138 39 Lieder-

238 1830 278 51 sammlungen
546 1830 63 40 für
628 1830 174 40 Schulen
834 1844 37 27 u.
902 1844 29 28 s.
962 1845 49 27 w.
1041 1833 264 52 beabsichtigt
1333 1832 115 41 wird.
1479 1833 228 41 Gewähren
1736 1833 87 39 ihre

237 1902 193 40 Lieder
459 1915 104 27 zwar
593 1903 77 39 den
701 1903 196 41 Schülern
918 1905 158 40 Genuss
1107 1907 80 38 und
1219 1906 157 40 Freude
1408 1907 80 38 und
1519 1906 151 39 wirken
1700 1905 99 40 wohl-

240 1975 125 52 thätig
395 1976 71 39 auf
490 1975 63 40 die
585 1975 221 53 Gesittung,
851 1989 43 27 so
923 1978 161 40 fördern
1124 1979 57 39 sie
1211 1979 102 39 doch
1343 1980 77 38 den
1451 1978 265 52 eigentlichen
1747 1978 51 40 Ge-

239 2060 109 39 sang,
393 2049 69 39 das
504 2048 192 51 Singen
738 2050 128 38 nach
906 2050 178 45 Noten,
1133 2050 128 40 wobei
1291 2051 68 39 das
1390 2051 305 51 selbstständige
1724 2051 74 40 Auf-

235 2120 151 39 suchen
416 2120 71 39 der
515 2121 211 38 Intervalle
755 2121 259 40 unerlässlich
1044 2121 61 48 ist,
1133 2122 117 41 meist
1267 2136 76 26 nur
1364 2123 143 52 wenig,
1538 2124 49 39 da
1618 2123 56 40 sie
1703 2124 119 39 leicht

235 2192 184 41 fässliche
448 2192 227 40 Melodieen
708 2192 130 40 haben
884 2193 80 39 und
1004 2194 101 39 auch
1145 2194 63 40 die
1239 2195 139 40 zweite
1409 2196 180 44 Stimme,
1631 2196 64 40 die
1738 2196 84 40 sich

234 2264 41 38 in
305 2263 71 40 der
404 2263 125 51 Regel
559 2276 76 26 nur
664 2262 41 40 in
735 2263 154 39 Terzen
919 2263 81 39 und
1032 2264 148 40 Sexten
1209 2265 170 52 bewegt,
1424 2279 69 38 gar
1523 2267 92 38 bald
1646 2267 101 40 eben
1778 2279 44 28 so

234 2347 79 27 nur
340 2335 102 40 nach
473 2335 91 39 dem
598 2335 137 40 Gehör
764 2347 205 40 gesungen
1000 2337 112 45 wird,
1147 2337 74 39 wie
1251 2337 64 40 die
1346 2343 114 34 erste.
1515 2339 192 51 Dagegen
1738 2339 82 51 gibt

237 2420 73 26 uns
340 2408 71 39 der
441 2408 208 39 Verfasser
686 2407 83 40 hier
799 2408 175 52 zwanzig
1007 2408 158 48 Stücke,
1196 2409 109 39 nicht
1335 2409 182 41 einfache
1547 2411 156 47 Lieder,
1734 2424 67 27 son-

236 2480 99 39 dern
366 2479 198 52 Gesänge,
606 2479 40 40 in
686 2481 129 39 denen
858 2481 116 40 beide
1014 2482 197 39 Stimmen
1254 2481 41 40 in
1327 2482 369 53 Gegenbewegung
1739 2484 81 39 und

235 2551 117 40 mehr
379 2551 330 52 selbständiger
737 2552 194 52 Führung
961 2554 185 51 gehalten
1178 2554 101 39 sind.
1337 2554 65 40 Sie
1441 2555 264 51 entsprechen
1749 2556 74 39 alle

235 2624 109 40 nicht
374 2636 77 27 nur
481 2625 92 39 dem
603 2631 228 45 genannten
862 2625 85 40 rein
976 2626 307 40 musicalischen
1312 2627 181 47 Zwecke,
1531 2628 173 40 sondern
1735 2629 87 38 sind

237 2697 101 40 auch
368 2698 55 39 als
454 2697 132 40 kleine
611 2698 530 51 Original-Compositioncn
1173 2698 154 39 hübsch
1358 2699 81 38 und
1470 2701 63 37 für
1562 2699 64 40 die
1647 2700 152 51 Gcsang-

234 2771 159 40 schüler
437 2770 65 40 bei
533 2770 175 40 Weitem
753 2770 280 45 anziehender,
1081 2771 55 39 als
1179 2770 355 52 Trcff-Uebungen
1573 2771 104 39 ohne
1709 2771 114 41 Text.

238 2843 243 39 Interessant
509 2843 84 38 und
625 2842 94 39 sehr
748 2843 200 51 gelungen
988 2843 89 39 sind
1118 2843 100 38 auch
1249 2842 65 39 die
1345 2842 328 51 zweistimmigen
1704 2843 95 40 Bear-

238 2916 215 50 beitungen
484 2915 101 39 nach
617 2916 148 50 Haydn
807 2914 119 49 („Die
957 2915 179 39 Himmel
1409 2916 81 38 und
1521 2916 186 46 „Komm,
1740 2915 63 39 hol-

239 2988 69 38 der
339 2987 115 39 Lenz'
459 2992 9 14 4
471 2987 23 51 ),
536 2987 102 40 nach
670 2988 172 45 Händel,
887 2987 138 40 Graun
1070 2987 81 39 und
1184 2987 286 40 Mendelssohn
1500 2985 134 54 („Wie
1663 2988 159 39 lieblich

240 3059 88 39 sind
360 3059 64 40 die
691 3060 44 37 W
736 3060 7 8 T
750 3060 32 39 ir
821 3059 134 40 haben
983 3060 115 50 lange
1127 3058 93 40 kein
1252 3058 234 41 Wcrkchcn
1514 3058 207 40 ähnlicher
1750 3059 50 39 Be-

241 3131 219 51 stimmung
489 3132 186 50 gesehen,
721 3132 69 38 das
835 3132 77 38 den
954 3130 306 40 musicalischen
1290 3130 121 40 Ernst
1451 3131 70 39 auf
1554 3143 43 27 so
1626 3130 197 41 treffliche

243 3203 144 40 Weise
415 3203 72 39 mit
515 3204 89 39 dem
635 3203 294 52 Angenehmen
959 3202 229 52 vereinigte.

630 3510 206 77 Gesang
875 3510 79 60 für
984 3512 452 59 Männerstimmen.

377 3840 74 54 W.
641 3839 225 57 Tschirch,
933 3838 278 50 Der
1212 3837 79 67 Sängerkampf,
1350 3837 233 68 Dichtung
1628 3854 86 33 von
1769 3837 54 49 E.

494 3923 233 51 Stiller.
786 3920 444 52 Dramatische
1277 3920 146 51 Cant
1439 3939 25 32 a
1479 3929 17 42 t
1510 3939 24 33 e
1580 3921 73 50 für
1698 3921 127 59 Solo,

495 4008 127 51 Chor
663 4007 94 50 und
790 4007 269 50 Orchester.
1112 4007 123 49 Dem
1275 4003 347 52 akademischen
1651 4005 172 50 Musik-

498 4092 196 52 Vereine
726 4094 43 48 in
797 4092 192 54 Breslau
1023 4090 262 69 gewidmet.
1319 4089 90 70 Op.
1439 4087 91 54 37.
1563 4089 168 61 Berlin,
1754 4088 71 51 bei

2178 228 115 50 Bote
2325 227 93 51 und
2448 227 141 52 Bock.
2640 228 88 51 Die
2768 230 204 50 Partitur
3012 231 64 51 als
3106 231 285 70 Manuscript
3421 250 53 49 ge-

2175 311 165 52 druckt
2390 312 162 69 (durch
2606 312 289 52 chemischen
2941 313 268 72 Umdruck).
3267 316 83 51 Mit
3397 316 103 51 dem

2175 397 221 51 Bildnisse
2428 397 79 52 des
2541 396 344 70 Componisten.

2001 547 48 40 Je
2079 549 115 39 mehr
2222 550 75 40 wir
2324 550 77 40 den
2432 550 134 40 Herrn
2597 550 207 40 Verfasser
2846 551 56 39 als
2941 550 117 40 einen
3088 552 151 53 tüchtig
3267 553 230 51 gebildeten

1919 616 180 42 Musiker
2130 621 81 38 und
2241 621 286 52 Componisten
2572 634 76 27 von
2691 621 258 52 gründlicher
2977 622 146 41 Schule
3161 624 155 48 achten,
3360 638 68 26 um
3458 637 43 28 so

1919 689 115 40 mehr
2064 691 87 39 thut
2180 705 40 26 es
2250 705 75 28 uns
2354 694 91 47 leid,
2493 694 88 41 dass
2627 708 42 26 er
2699 696 141 38 Talent
2878 695 82 39 und
2989 695 125 41 Mühe
3154 708 49 27 an
3235 696 64 40 die
3329 697 144 51 Compo-

1920 759 117 40 sition
2086 761 108 41 eines
2232 762 214 42 Gedichtes
2491 767 300 40 verschwendet
2833 766 78 48 hat,
2956 766 91 40 dem
3092 767 74 39 alle
3210 766 291 53 Bedingungen

1920 831 144 48 fehlen,
2093 846 68 27 um
2191 847 70 26 zur
2291 835 232 54 Grundlage
2553 839 109 40 eines
2694 838 304 41 musicalischen
3028 838 289 40 Kunstwerkes
3342 851 48 26 zu
3419 839 62 39 die-

1919 917 91 27 nen.
2053 905 110 39 Nach
2194 907 132 40 einem
2357 908 110 40 Lobe
2506 910 68 38 des
2605 910 205 54 Gesanges
2853 912 54 40 im
2937 911 108 40 Chor
3074 910 150 40 fordert
3253 910 65 40 ein
3347 910 154 40 Herold

1919 990 91 26 zum
2039 977 396 53 Sänger-Wettstreit
2473 981 71 39 auf
2575 982 82 38 und
2688 983 232 48 verkündet,
2965 985 88 40 dass
3083 997 77 26 nur
3187 983 78 40 Ein
3295 982 97 41 Lied
3424 983 76 40 den

1919 1049 112 41 Preis
2061 1049 177 41 erhalten
2278 1051 145 42 könne.
2479 1053 54 40 Es
2577 1054 81 39 tritt
2702 1054 63 39 ein
2805 1055 153 51 Sänger
3001 1056 71 39 auf
3111 1056 83 39 und
3237 1056 157 51 besingt
3436 1055 64 40 die

2302 1124 38 39 in
2384 1125 161 53 einigen
2585 1126 212 52 Strophen,
2839 1140 115 26 wozu
2993 1127 71 41 der
3092 1127 108 41 Chor
3229 1129 78 39 den
3335 1128 162 40 Refrain

1918 1193 144 39 macht.
2119 1194 156 41 Darauf
2307 1197 95 52 folgt
2442 1198 258 39 unmittelbar
2739 1199 64 39 ein
3282 1202 72 39 mit
3382 1201 94 40 Krie-

1918 1265 180 50 gerchor,
2147 1280 50 27 an
2236 1270 171 40 welches
2446 1270 84 40 sich
2573 1272 68 39 das
2683 1272 100 41 Lied
2822 1272 70 39 des
2922 1272 173 51 Sängers
3125 1272 71 39 der
3427 1274 68 39 mit

1917 1336 388 58 Harfenbegleitung
2333 1342 115 47 reiht,
2479 1344 92 39 dem
2601 1344 96 39 aber
2726 1343 64 40 die
2820 1344 162 47 Zecher,
3021 1344 151 39 welche
3211 1345 81 39 den

1917 1409 171 51 preisen,
2119 1411 39 39 in
2188 1412 93 40 Solo
2311 1414 82 39 und
2425 1415 107 39 Chor
2561 1415 83 39 sich
2685 1417 348 50 entgegenstellen.
3089 1416 177 40 Hierauf
3296 1417 203 51 entspinnt

1918 1481 83 40 sich
2031 1481 71 40 der
2131 1482 235 53 eigentliche
2763 1488 71 39 mit
2875 1488 72 40 der
2976 1488 340 51 hochpoetischen
3345 1488 150 40 Phrase

1919 1553 68 39 des
2016 1553 313 56 Liebessängers
2359 1557 252 52 beginnend:

2239 1628 77 47 „W
2322 1641 54 34 as,
2405 1629 63 41 ihr
2497 1630 163 48 Zecher,
2689 1631 86 40 fällt
2803 1631 103 40 euch
2936 1632 96 40 ein?

2243 1700 108 40 Euer
2380 1701 107 39 kann
2516 1703 71 39 der
2618 1703 110 40 Preis
2758 1703 109 40 nicht
2896 1703 107 40 sein!

2237 1773 251 52 Zechersang
2518 1775 66 39 hat
2613 1775 145 40 keinen

1920 1851 72 40 Die
2022 1852 151 41 Zecher
2202 1854 218 42 erwidern:
2451 1856 195 48 „Brüder,
2676 1858 90 40 hört
2793 1857 107 50 ihrs,
2929 1858 76 40 wie
3387 1858 112 40 Aber

2733 1905 2 18 '
3129 1905 4 18 *

1918 1923 50 40 da
1996 1924 229 53 behaupten
2255 1926 64 40 die
2349 1928 191 50 Krieger:

2237 2007 339 50 „Liebesseufzer,
2606 2013 253 52 Zechersang

2237 2080 100 42 Sind
2366 2083 63 39 für
2459 2083 198 40 Niemand
2690 2097 75 27 von
3003 2085 59 53 (!!)

1917 2150 82 40 und
2028 2151 205 52 begehren
2262 2153 77 40 den
2368 2154 111 39 Preis
2510 2155 63 39 für
2601 2156 97 40 sich.
2755 2157 96 39 Man
2892 2157 104 39 lacht
3025 2157 83 39 sich
3140 2157 245 52 gegenseitig
3417 2170 84 31 aus,

1917 2223 64 40 die
2013 2223 144 40 beiden
2187 2225 303 41 sentimentalen
2509 2227 170 40 Solisten
2710 2229 121 38 flöten
2860 2241 77 26 von
2958 2228 287 40 Freundschaft
3274 2229 81 39 und
3377 2228 122 40 Liebe

2316 2267 4 12 *
2480 2267 8 10 4
2624 2272 189 4 ....
3220 2270 5 6 <
3234 2267 9 12 f

1917 2295 265 48 dazwischen,
2222 2297 192 41 während
2444 2300 232 39 Zecherlust
2702 2300 83 39 und
2815 2300 269 52 Kriegerstolz
3114 2299 84 41 sich
3227 2300 273 40 hochfahrend

1917 2368 216 50 geberden,
2177 2368 61 40 bis
2268 2370 70 38 der
2367 2370 154 41 Herold
2552 2371 94 40 Halt
2676 2373 77 38 ruft
2792 2373 82 38 und
2903 2385 69 27 zur
3001 2372 118 39 Ruhe
3149 2371 150 49 mahnt,
3329 2372 90 41 weil

1917 2439 89 47 „die
2035 2441 134 40 Sonne
2199 2441 54 40 im
2283 2442 171 40 Frieden
2484 2443 100 40 auch
2615 2457 70 27 zur
2712 2444 119 40 Ruhe
3018 2444 58 53 (!!)
3132 2445 80 41 Das
3253 2444 134 48 wirkt;
3436 2444 65 42 ein

1917 2511 207 53 religiöser
2154 2512 160 54 Gesang
2344 2517 127 37 ertönt
2500 2528 77 27 von
2614 2517 85 39 fern
2743 2517 344 53 (wahrscheinlich
3118 2530 71 28 aus
3219 2518 93 40 dem
3341 2518 132 40 Neben-

1919 2584 167 41 zimmer
2115 2586 68 40 des
2215 2587 326 54 Concertsaales),
2571 2591 64 39 die
2664 2591 276 40 sämmtlichen
2959 2592 154 52 Sänger
3142 2592 162 40 werden
3335 2591 165 52 gerührt

1919 2657 84 39 und
2032 2658 219 49 sprechen:

2244 2741 164 47 „Stürze
2436 2742 69 40 des
2536 2743 150 39 Hasses
2717 2744 159 40 finstere
2906 2744 245 47 Schranken,

2241 2813 108 40 Leite
2380 2827 88 26 zum
2499 2815 170 40 Frieden
2700 2829 119 27 unsre
2850 2817 235 47 Gedanken,

2242 2885 174 40 Hemme
2446 2886 68 39 des
2545 2887 178 41 Frevlers
2753 2890 325 39 verwundenden
3110 2889 126 51 Spott,

2239 2956 131 40 Lehre
2399 2970 74 26 uns
2504 2958 144 48 lieben,
2678 2959 156 52 gütiger
2864 2959 115 40 Gott!

2240 3027 55 40 Es
2324 3029 167 40 rausche
2521 3042 75 27 nur
2627 3030 94 41 Gott
2750 3032 70 39 der

2000 3107 81 40 Der
2108 3108 164 41 Dichter
2303 3108 80 39 will
2413 3122 74 27 uns
2530 3112 82 37 also
2656 3111 126 40 durch
2826 3112 128 40 dieses
2993 3113 237 40 lächerliche
3259 3114 148 38 Pathos
3451 3127 46 25 zu

1919 3179 70 40 der
2018 3179 227 52 Stimmung
2274 3180 182 53 bringen,
2486 3182 79 39 den
2594 3182 120 51 Spass
2745 3183 62 40 für
2835 3184 121 40 Ernst
2986 3197 47 26 zu
3062 3186 175 39 nehmen
3253 3186 17 38 ?
3328 3186 80 38 Das
3452 3186 49 40 ist

1919 3251 179 40 wirklich
2130 3265 69 39 gar
2228 3266 48 26 zu
2305 3253 90 39 naiv
2504 3255 74 40 fast
2619 3255 104 40 noch
2762 3259 116 48 ärger
2917 3258 55 38 als
3003 3257 71 40 der
3102 3257 172 40 leitende
3306 3256 194 41 Gedanke

1920 3323 69 40 des
2020 3323 174 47 Ganzen,
2238 3325 90 39 dass
2358 3326 71 39 der
2458 3326 341 52 Gegenstand
2829 3328 70 40 des
2929 3328 204 52 Gesanges
3163 3328 118 40 allein
3310 3330 77 38 den
3417 3328 63 40 Sie-

1920 3396 177 52 gespreis
2126 3396 200 52 bedingen
2356 3399 123 39 solle!
2539 3399 125 40 Dabei
2711 3400 48 39 ist
2800 3400 64 39 die
2911 3400 413 52 Detail-Ausführung
3368 3401 132 39 dieses

1922 3467 240 41 Gedankens
2205 3481 43 28 so
2288 3471 228 39 entsetzlich
2554 3471 203 51 prosaisch
2787 3472 82 39 und
2899 3472 192 53 läppisch,
3136 3473 89 39 dass
3255 3485 92 27 man
3377 3472 120 40 kaum

1922 3540 178 52 begreift,
2128 3542 75 40 wie
2233 3542 64 39 ein
2328 3542 231 51 Componist
2601 3556 47 26 zu
2678 3542 148 41 diesem
2859 3545 124 39 Texte
3012 3546 152 51 greifen
3194 3545 160 39 konnte.
3400 3545 97 38 Zum

1920 3613 180 41 Beweise
2130 3626 136 27 ausser
2294 3614 90 39 dem
2414 3614 279 51 Angeführten
2723 3627 77 27 nur
2829 3615 64 40 ein
2922 3628 97 39 paar
3046 3617 162 47 Stellen,
3237 3617 72 40 der
3334 3616 138 50 Ergötz-

1919 3683 162 40 lichkeit
2110 3684 157 40 halber:
2318 3685 84 47 „Ja,
2440 3685 144 39 Einem
2630 3697 75 28 nur
2743 3686 172 51 gebührt
2958 3688 71 40 der
3056 3688 135 46 Preis;
3236 3686 95 39 wie
3374 3686 124 40 aber

1921 3755 24 39 h
1959 3755 73 39 eis
2045 3760 42 34 st
2116 3755 90 40 das
2236 3755 156 41 Lied?
2432 3758 170 51 Beginnt
2631 3759 78 39 den
2738 3758 131 48 Streit,
2900 3760 103 39 doch
3033 3760 105 39 ohne

2241 3828 104 46 „Das
2375 3829 182 40 schönste
2585 3829 98 41 Lied
2715 3831 86 39 hier
2831 3836 272 47 vorzutragen,

2242 3899 149 40 Woll'n
2418 3901 145 40 sonder
2592 3902 129 40 Scheu
2752 3904 82 38 und
2864 3904 149 38 Furcht
3045 3902 71 40 wir
3149 3914 133 40 wagen
3302 3916 8 33 ;

2243 3971 127 39 Drum
2400 3972 125 46 höret,
2554 3972 64 40 die
2647 3972 64 40 ihr
2739 3973 108 41 kamt
2876 3974 152 46 herbei,

2242 4043 73 40 Mit
2343 4044 122 39 voller
2493 4045 188 40 Andacht
2710 4045 71 40 auf
2805 4058 74 27 uns

1923 4114 54 41 Ist
2006 4114 69 40 das
2102 4113 123 48 nicht,
2267 4116 56 39 als
2361 4116 197 40 befänden
2603 4116 71 41 wir
2702 4129 76 27 uns
2818 4116 54 44 im
2905 4116 150 44 Palaste
3085 4120 69 40 des
3179 4118 182 52 Herzogs
3393 4119 78 40 The-
