2250 3855
749 266 143 30 COURS
927 267 58 29 DU
1019 259 197 37 COLLÈGE
1249 268 56 28 DE
1340 268 169 29 FRANCE

2055 268 71 44 175

129 370 99 30 vers
253 372 59 29 un
348 359 116 43 idéal
488 366 86 38 très
592 374 95 40 pur,
721 369 41 33 et
786 362 209 52 préparer
1032 360 40 42 la
1113 362 111 41 mise
1261 374 55 30 en
1352 362 184 42 lumière
1576 361 54 43 de
1665 362 40 42 la
1733 363 280 53 proposition
2036 363 70 43 sui-

128 435 130 34 vante
277 438 8 30 :
312 428 38 42 le
386 428 282 54 plain-chant
703 438 66 34 est
808 429 242 43 au-dessus
1088 430 55 42 de
1174 439 145 34 toutes
1352 431 62 42 les
1438 432 166 41 formes
1635 429 303 57 d'expression
1960 430 53 44 de
2035 430 95 44 l'art

129 496 185 52 profane
338 512 130 39 parce
488 497 106 55 qu'il
619 508 66 33 est
708 513 198 28 connexe
941 503 23 37 à
998 513 86 28 une
1113 499 269 54 disposition
1405 501 143 41 d'âme
1571 503 75 50 qui
1670 510 65 33 est
1773 501 249 41 elle-même
2056 515 48 28 au-

128 565 158 42 dessus
310 567 77 40 des
404 570 262 40 sentiments
691 574 56 35 où
771 569 289 52 l'expression
1079 569 214 42 musicale
1313 571 138 51 prend
1469 569 369 43 habituellement
1858 584 47 27 sa
1927 571 197 40 matière.

127 633 50 55 Je
197 635 126 42 n'irai
346 651 80 38 pas
446 636 173 54 jusqu'à
644 638 93 41 dire
755 636 105 55 qu'il
882 646 64 33 est
970 640 239 50 mystique,
1229 647 41 32 et
1293 637 104 54 qu'il
1422 654 21 26 a
1465 654 86 26 une
1574 649 115 32 sorte
1705 640 54 41 de
1782 640 194 41 richesse
1998 641 109 52 spiri-

129 705 132 40 tuelle
285 705 40 40 là
350 712 57 35 où
431 706 61 41 les
526 705 226 54 profanes,
792 708 241 50 regardant
1068 707 61 40 les
1168 707 158 40 choses
1364 708 59 40 du
1462 709 178 50 dehors,
1680 723 55 27 ne
1775 711 148 39 voient
1965 708 163 54 qu'une

129 782 241 43 apparente
393 780 226 47 pauvreté.
647 775 153 41 Parler
836 776 113 40 ainsi
974 777 133 39 serait
1129 780 302 36 méconnaître
1455 791 45 26 sa
1538 779 231 51 souplesse
1791 788 41 32 et
1865 792 45 27 sa
1944 781 180 38 variété.

128 840 118 42 Mais
268 843 37 51 je
326 843 110 40 dirai
458 858 99 38 que,
585 849 151 47 portée
763 858 98 27 vers
885 844 39 41 le
943 844 130 41 chant
1107 859 79 37 par
1208 844 39 40 la
1266 844 164 41 double
1452 846 218 41 influence
1692 847 58 40 du
1792 848 181 52 lyrisme
1996 847 110 40 tradi-

129 911 167 39 tionnel
338 920 40 32 et
419 912 54 40 de
515 910 224 51 l'instinct,
774 922 40 32 et
849 914 272 45 maintenue,
1154 926 79 38 par
1268 912 39 40 la
1354 922 158 32 nature
1550 918 144 37 même
1731 916 52 39 de
1808 929 45 27 sa
1893 914 77 49 foi,
2013 916 113 39 dans

128 992 86 26 une
245 981 192 39 certaine
461 979 214 42 méfiance
718 985 21 36 à
765 980 167 52 l'égard
969 981 53 41 de
1045 981 39 40 la
1122 981 222 52 musique,
1374 983 92 50 qui,
1501 996 80 38 par
1618 985 190 40 certains
1841 987 134 45 côtés,
2000 992 64 32 est
2088 983 38 40 le

128 1047 98 52 plus
249 1049 176 40 sensuel
458 1049 76 40 des
565 1049 234 52 langages,
826 1049 185 52 l'Eglise
1035 1065 21 25 a
1081 1049 183 41 concilié
1287 1062 70 27 ces
1394 1051 237 40 tendances
1654 1054 241 39 contraires
1915 1061 40 32 et
1980 1052 146 40 résolu

127 1124 110 32 cette
262 1118 242 39 antinomie
525 1131 54 27 en
606 1119 214 52 adoptant
846 1134 59 25 un
929 1128 66 31 art
1031 1125 56 34 où
1111 1119 37 52 je
1171 1119 96 39 vois
1303 1131 87 27 une
1412 1133 150 26 œuvre
1585 1119 246 42 admirable
1850 1120 276 41 d'idéalisme

127 1183 211 43 chrétien.
364 1185 172 41 Encore
572 1201 86 26 une
681 1185 100 50 fois,
804 1201 45 27 ce
870 1189 134 39 serait
1038 1201 84 26 une
1150 1200 150 27 erreur
1323 1186 53 40 de
1414 1188 140 40 croire
1577 1202 84 39 que
1696 1188 39 40 le
1757 1189 278 51 plain-chant
2058 1197 66 32 est

127 1266 84 29 sec,
237 1253 200 49 abstrait,
459 1254 235 53 incapable
715 1256 52 40 de
804 1256 182 40 toucher
1009 1265 39 31 et
1087 1256 54 39 de
1176 1254 183 53 peindre
1388 1265 8 37 ;
1423 1263 94 32 tout
1554 1269 54 27 en
1632 1261 118 36 étant
1773 1257 231 52 dépourvu
2040 1257 79 40 des

126 1321 339 52 complications
482 1324 59 40 du
562 1323 189 52 rythme,
776 1324 29 40 il
823 1322 202 53 n'ignore
1041 1338 95 38 pas,
1161 1335 172 28 comme
1354 1323 36 51 je
1407 1322 70 40 l'ai
1498 1329 172 35 montré
1685 1338 78 37 par
1782 1325 77 39 des
1881 1325 241 51 exemples,

128 1389 62 40 les
210 1392 173 49 images
407 1391 53 40 de
484 1392 10 39 1
513 1392 97 40 idée
631 1401 41 31 et
694 1393 54 39 de
781 1393 38 39 la
846 1394 247 39 sensation.
1143 1391 31 40 Il
1210 1392 88 38 sait
1322 1387 223 55 s'adapter
1576 1401 202 38 souvent,
1802 1392 54 41 de
1884 1391 129 51 façon
2034 1398 87 34 très

127 1458 329 53 remarquable,
482 1474 55 26 au
577 1474 102 27 sens
717 1460 104 40 d'un
861 1469 113 33 texte
1010 1460 213 40 littéraire
1247 1472 9 35 ;
1292 1458 28 39 il
1354 1460 195 50 exprime
1584 1459 290 52 l'allégresse,
1907 1460 39 40 le
1980 1460 141 50 deuil,

125 1527 39 39 la
190 1528 299 51 supplication
513 1542 11 34 ;
558 1529 30 39 il
612 1543 39 33 a,
690 1528 110 40 dans
840 1529 62 40 les
927 1529 153 40 modes
1119 1528 76 52 qui
1232 1526 60 40 lui
1333 1535 99 31 sont
1470 1541 203 39 propres,
1698 1528 77 41 des
1813 1528 306 41 modulations

125 1595 350 53 correspondant
498 1610 81 26 aux
615 1596 322 51 changements
960 1597 54 40 de
1037 1597 40 39 la
1115 1599 162 49 pensée
1302 1608 8 33 ;
1338 1596 111 38 mais
1474 1603 93 33 tout
1588 1609 54 27 en
1674 1604 168 33 restant
1865 1598 230 39 reconnais-

125 1662 259 50 sable,cette
407 1665 139 52 partie
563 1664 447 53 expressive—qu'on
1027 1678 53 27 ne
1105 1663 181 53 pouvait
1301 1676 80 38 pas
1405 1665 252 51 supprimer
1681 1666 173 39 àmoins
1874 1665 78 40 des
1969 1667 128 50 uppri-

125 1745 94 26 rner
253 1741 232 43 purement
521 1741 41 32 et
600 1734 284 51 simplement
922 1742 120 32 toute
1075 1733 209 50 musique
1409 1740 65 31 est
1504 1733 310 48 subordonnée,
1858 1746 104 27 sans
2000 1733 126 40 relief

125 1801 132 40 tirant
277 1799 264 52 l'attention,
563 1801 206 41 dominée
793 1816 78 38 par
889 1816 58 27 un
966 1807 219 35 caractère
1205 1803 100 51 plus
1328 1802 182 51 général
1530 1810 40 31 et
1594 1801 99 52 plus
1716 1803 242 50 important
1983 1813 9 37 ;
2015 1801 106 41 c'est

125 1883 58 26 un
207 1883 84 38 peu
315 1883 172 27 comme
524 1869 40 41 le
586 1870 108 40 clair
720 1869 163 42 obscur
906 1870 77 40 des
1023 1871 209 52 peintres,
1260 1877 55 35 où
1340 1872 62 40 les
1445 1870 142 53 objets
1610 1877 262 33 conservent
1898 1869 100 41 bien
2022 1869 95 41 leur

124 1937 125 41 tache
281 1938 52 40 de
354 1938 181 40 couleur
557 1938 219 48 distincte,
802 1940 113 39 mais
939 1947 100 33 sont
1069 1939 269 53 enveloppés
1370 1938 131 42 d'une
1524 1937 245 53 pénombre
1801 1951 237 28 commune
2077 1947 39 31 et

124 2011 86 35 très
234 2006 159 40 douce.

179 2074 84 42 Les
287 2076 216 40 écrivains
527 2076 58 40 du
625 2089 159 39 moyen
806 2078 98 48 âge,
943 2089 54 27 en
1036 2078 314 39 caractérisant
1383 2076 38 40 le
1460 2074 292 54 plain-chant,
1791 2076 74 50 qui
1902 2088 111 38 pour
2035 2089 81 26 eux

122 2145 105 39 était
250 2152 121 32 toute
406 2144 39 40 la
487 2145 221 51 musique,
741 2144 242 52 emploient
1018 2144 244 40 volontiers
1298 2145 62 40 les
1397 2152 115 32 mots
1545 2143 195 48 dulcedo,
1764 2142 201 41 suavitas.
1992 2142 125 42 Cette

122 2211 197 41 douceur
336 2236 54 3 —
422 2214 76 50 qui
521 2210 70 43 n'a
617 2214 92 39 rien
742 2213 53 40 de
817 2213 100 40 fade
939 2221 41 32 et
1014 2210 138 42 s'allie
1184 2217 22 35 à
1246 2226 86 27 une
1354 2217 163 36 netteté
1551 2211 143 53 plutôt
1726 2211 125 40 virile
1971 2225 21 26 a
2019 2212 75 51 plu-

122 2281 141 40 sieurs
288 2294 175 27 causes.
494 2279 63 42 La
582 2281 243 52 principale
844 2289 64 32 est
928 2280 193 50 l'égalité
1144 2281 51 40 de
1220 2289 143 32 toutes
1393 2281 61 40 les
1475 2280 175 41 valeurs
1684 2279 53 40 de
1757 2279 148 47 durée,
1933 2279 102 40 sauf
2054 2279 63 40 les

121 2350 253 51 exceptions
399 2363 85 38 que
506 2363 114 26 nous
644 2363 175 26 savons.
848 2348 50 55 Je
920 2350 114 39 crois
1058 2350 122 39 avoir
1199 2349 231 41 démontré
1453 2356 109 33 cette
1585 2347 161 51 égalité
1773 2361 54 26 en
1862 2349 255 40 examinant

118 2417 62 40 les
206 2425 145 45 tropes
374 2418 58 40 du
456 2419 243 39 manuscrit
721 2418 53 40 de
792 2415 271 51 Saint-Gall,
1102 2424 57 34 où
1182 2431 113 27 nous
1319 2427 212 31 trouvons
1556 2417 76 40 des
1664 2429 185 27 neumes
1881 2420 235 49 composés

122 2499 102 27 avec
244 2486 96 40 leur
363 2486 249 40 traduction
633 2500 53 26 en
710 2499 186 28 neumes
919 2485 199 52 simples.
1144 2485 97 41 Elle
1265 2499 53 27 ne
1342 2486 177 52 produit
1540 2498 80 39 pas
1649 2485 39 40 la
1711 2485 275 48 monotonie,
2003 2486 113 39 mais

120 2569 59 26 un
203 2554 194 51 langage
420 2555 157 50 calme,
603 2559 123 47 posé,
750 2554 213 40 affranchi
987 2554 76 40 des
1106 2567 232 27 secousses
1362 2554 57 40 du
1442 2553 273 53 pathétique,
1733 2552 245 41 nullement
2001 2561 94 33 trou-

120 2622 71 41 blé
211 2637 80 37 par
311 2622 62 40 les
397 2624 222 51 surprises
639 2623 53 39 de
713 2620 326 52 l'imagination
1063 2635 56 27 ou
1144 2622 62 40 les
1229 2630 309 32 mouvements
1562 2620 213 42 soudains
1791 2620 53 40 de
1868 2620 38 40 la
1931 2620 163 41 sensibi-

120 2691 90 46 lité,
237 2704 172 28 comme
433 2693 241 50 pouvaient
689 2689 121 43 l'être
833 2690 39 41 la
906 2692 207 50 musique
1136 2699 40 32 et
1205 2690 40 41 la
1278 2690 138 40 danse
1437 2690 101 40 chez
1553 2690 62 40 les
1640 2687 135 43 Grecs
1795 2688 112 42 dans
1940 2689 37 41 le
2001 2689 114 41 culte

122 2759 53 40 de
195 2759 240 53 Dionysos.

174 2826 70 42 Un
268 2836 123 31 autre
411 2826 78 41 fait
511 2825 260 54 important,
803 2824 103 43 c'est
926 2825 220 41 l'absence
1169 2826 58 40 du
1258 2822 351 44 subsemitonium
1634 2824 92 40 toni
1745 2824 289 52 fonctionnel,
2060 2838 56 27 ou

118 2904 102 31 note
240 2894 211 42 sensible.
495 2894 62 41 Le
595 2895 282 52 plain-chant
902 2896 158 49 ignore
1100 2892 263 43 l'attraction
1400 2897 176 37 exercée
1624 2907 79 37 par
1740 2892 40 41 la
1820 2894 183 50 tonique
2041 2906 75 27 sur

120 2972 97 32 tous
241 2964 63 40 les
339 2964 159 50 degrés
526 2964 52 40 de
618 2963 39 40 la
695 2976 194 38 gamm,e.
919 2962 32 40 Il
990 2962 192 52 emploie
1217 2963 77 40 des
1329 2961 190 41 échelles
1561 2961 198 41 modales
1799 2966 56 35 où
1889 2961 62 40 les
1990 2969 126 32 notes

120 3041 163 32 restent
305 3033 352 52 indépendantes
690 3045 54 28 en
767 3036 120 36 étant
910 3031 267 48 ordonnées,
1202 3039 40 32 et
1263 3044 89 27 non
1382 3032 217 39 asservies
1618 3034 22 36 à
1660 3043 86 28 une
1765 3029 116 42 force
1903 3030 209 41 centrale.

120 3100 86 41 Par
228 3101 57 48 là,
310 3114 87 28 une
419 3102 269 51 impression
725 3100 53 40 de
802 3099 225 51 grandeur
1050 3099 185 52 s'ajoute
1260 3103 20 36 à
1306 3097 296 54 l'impression
1625 3099 52 40 de
1701 3099 213 46 douceur,
1941 3107 174 32 surtout

117 3170 111 40 dans
251 3170 62 40 les
333 3170 212 40 cadences
571 3185 8 33 ;
606 3170 62 39 les
692 3168 185 52 phrases
898 3182 54 25 ne
985 3168 231 40 concluent
1238 3181 77 39 pas
1347 3181 53 27 en
1420 3175 161 44 posant
1614 3168 201 52 toujours
1848 3180 87 27 une
1958 3167 154 51 limite,

118 3241 113 38 mais
254 3252 54 26 en
331 3239 185 40 laissant
536 3252 87 27 une
642 3238 124 50 large
787 3238 274 51 perspective
1088 3245 180 32 ouverte
1292 3241 20 35 à
1338 3236 39 40 la
1401 3241 178 47 pensée.

171 3306 220 41 Noblesse
414 3307 52 40 de
489 3306 304 54 l'expression,
813 3306 163 50 égalité
996 3305 57 40 du
1077 3305 131 41 chant
1232 3307 285 51 unisonique,
1541 3305 195 41 douceur
1751 3304 126 52 plane
1893 3304 58 42 du
1975 3304 136 47 débit,

117 3375 339 51 élargissement
479 3376 57 40 du
560 3375 130 40 cadre
712 3375 53 40 de
789 3375 39 39 la
854 3374 162 52 phrase
1046 3387 78 38 par
1144 3371 363 55 l'indépendance
1529 3374 75 40 des
1626 3382 126 32 notes
1775 3373 53 40 de
1852 3373 39 39 la
1915 3386 195 36 gamme,

118 3452 93 33 tout
231 3444 89 40 cela
346 3443 230 42 contribue
599 3448 20 35 à
646 3443 208 53 produire
883 3455 87 28 une
1002 3442 205 41 nouvelle
1228 3442 166 52 qualité
1417 3444 258 50 supérieure
1700 3453 7 28 :
1745 3441 39 40 la
1820 3442 205 39 sérénité.

170 3512 298 41 Dirons-nous
501 3511 104 54 qu'il
626 3527 20 26 a
669 3511 95 42 suffi
788 3512 53 40 de
865 3512 251 51 supprimer
1136 3511 38 40 la
1199 3519 102 32 note
1325 3509 195 43 sensible
1542 3519 41 32 et
1606 3509 238 51 d'égaliser
1877 3518 143 33 toutes
2047 3510 63 41 les

117 3581 174 40 valeurs
315 3594 111 39 pour
443 3583 122 39 avoir
588 3596 59 26 un
670 3589 101 44 type
795 3580 253 52 mélodique
1068 3584 85 36 très
1194 3579 113 41 beau
1332 3579 82 54 ?Je
1448 3592 102 28 sens
1575 3587 94 34 tout
1693 3579 38 40 le
1751 3578 182 41 ridicule
1957 3578 105 52 qu'il
2083 3593 28 37 y
