<?xml version="1.0" encoding="UTF-8"?>
<alto xmlns:xsi="http://www.w3.org/2001/XMLSchema-instance" xmlns="http://www.loc.gov/standards/alto/ns-v2#" xsi:schemaLocation="http://www.loc.gov/standards/alto/ns-v2# http://www.loc.gov/standards/alto/alto-v2.0.xsd" xmlns:xlink="http://www.w3.org/1999/xlink">
	<Description>
		<MeasurementUnit>mm10</MeasurementUnit>
		<sourceImageInformation>
			<fileName>//fileserver7/IN2-2/Princeton/bmtnabj/1909/03/15_01/00000178.tif</fileName>
		</sourceImageInformation>
		<OCRProcessing ID="OCRPROCESSING_1">
			<preProcessingStep>
				<processingSoftware>
					<softwareCreator>CCS Content Conversion Specialists GmbH, Germany</softwareCreator>
					<softwareName>CCS docWorks</softwareName>
					<softwareVersion>6.7-1.20</softwareVersion>
				</processingSoftware>
			</preProcessingStep>
			<ocrProcessingStep>
				<processingSoftware>
					<softwareCreator>ABBYY (BIT Software), Russia</softwareCreator>
					<softwareName>FineReader</softwareName>
					<softwareVersion>10.0</softwareVersion>
				</processingSoftware>
			</ocrProcessingStep>
		</OCRProcessing>
	</Description>
	<Styles>
		<TextStyle ID="TXT_0" FONTSIZE="14" FONTFAMILY="Times New Roman"/>
		<TextStyle ID="TXT_1" FONTSIZE="10" FONTFAMILY="Times New Roman" FONTSTYLE="bold"/>
		<TextStyle ID="TXT_2" FONTSIZE="14" FONTFAMILY="Times New Roman" FONTSTYLE="italics"/>
		<TextStyle ID="TXT_3" FONTSIZE="5" FONTFAMILY="Times New Roman"/>
		<TextStyle ID="TXT_4" FONTSIZE="13" FONTFAMILY="Times New Roman" FONTSTYLE="bold italics"/>
		<ParagraphStyle ID="PAR_LEFT" ALIGN="Left"/>
		<ParagraphStyle ID="PAR_CENTER" ALIGN="Center"/>
		<ParagraphStyle ID="PAR_BLOCK" ALIGN="Block"/>
	</Styles>
	<Layout>
		<Page ID="P8" PHYSICAL_IMG_NR="8" HEIGHT="3759" WIDTH="2250" PRINTED_IMG_NR="164" PC="0.926">
			<TopMargin ID="P8_TM00001" HPOS="0" VPOS="0" WIDTH="2250" HEIGHT="269">
				<TextBlock ID="P8_TB00001" HPOS="135" VPOS="221" WIDTH="71" HEIGHT="46" STYLEREFS="TXT_0 PAR_LEFT">
					<TextLine ID="P8_TL00001" HPOS="135" VPOS="221" WIDTH="71" HEIGHT="46">
						<String ID="P8_ST00001" HPOS="135" VPOS="221" WIDTH="71" HEIGHT="46" CONTENT="164" WC="1.00" CC="000"/>
					</TextLine>
				</TextBlock>
				<TextBlock ID="P8_TB00002" HPOS="633" VPOS="218" WIDTH="970" HEIGHT="39" STYLEREFS="TXT_1 PAR_CENTER">
					<TextLine ID="P8_TL00002" HPOS="633" VPOS="219" WIDTH="970" HEIGHT="38">
						<String ID="P8_ST00002" HPOS="633" VPOS="222" WIDTH="273" HEIGHT="35" CONTENT="EXÉCUTIONS" WC="0.99" CC="0230521040"/>
						<SP ID="P8_SP00001" HPOS="906" VPOS="257" WIDTH="35"/>
						<String ID="P8_ST00003" HPOS="941" VPOS="232" WIDTH="50" HEIGHT="23" CONTENT="ET" WC="0.84" CC="03"/>
						<SP ID="P8_SP00002" HPOS="991" VPOS="257" WIDTH="33"/>
						<String ID="P8_ST00004" HPOS="1024" VPOS="228" WIDTH="321" HEIGHT="29" CONTENT="PUBLICATIONS" WC="0.99" CC="366351042000"/>
						<SP ID="P8_SP00003" HPOS="1345" VPOS="257" WIDTH="33"/>
						<String ID="P8_ST00005" HPOS="1378" VPOS="219" WIDTH="225" HEIGHT="35" CONTENT="RÉCENTES" WC="0.99" CC="13400020"/>
					</TextLine>
				</TextBlock>
			</TopMargin>
			<LeftMargin ID="P8_LM00001" HPOS="0" VPOS="269" WIDTH="129" HEIGHT="3289"/>
			<RightMargin ID="P8_RM00001" HPOS="2124" VPOS="269" WIDTH="126" HEIGHT="3289"/>
			<BottomMargin ID="P8_BM00001" HPOS="0" VPOS="3558" WIDTH="2250" HEIGHT="201"/>
			<PrintSpace ID="P8_PS00001" HPOS="129" VPOS="269" WIDTH="1995" HEIGHT="3289">
				<TextBlock ID="P8_TB00003" HPOS="129" VPOS="312" WIDTH="1995" HEIGHT="3246" STYLEREFS="TXT_0 PAR_BLOCK">
					<TextLine ID="P8_TL00003" HPOS="189" VPOS="313" WIDTH="1921" HEIGHT="61">
						<String ID="P8_ST00006" HPOS="189" VPOS="339" WIDTH="19" HEIGHT="24" CONTENT="(&lt;" WC="0.22" CC="78"/>
						<SP ID="P8_SP00004" HPOS="208" VPOS="363" WIDTH="25"/>
						<String ID="P8_ST00007" HPOS="233" VPOS="324" WIDTH="85" HEIGHT="42" CONTENT="Les" WC="0.98" CC="500"/>
						<SP ID="P8_SP00005" HPOS="318" VPOS="366" WIDTH="19"/>
						<String ID="P8_ST00008" HPOS="337" VPOS="324" WIDTH="262" HEIGHT="41" CONTENT="chercheurs" WC="0.99" CC="0435250740"/>
						<SP ID="P8_SP00006" HPOS="599" VPOS="366" WIDTH="26"/>
						<String ID="P8_ST00009" HPOS="625" VPOS="325" WIDTH="91" HEIGHT="49" CONTENT="qui," WC="0.97" CC="6701"/>
						<SP ID="P8_SP00007" HPOS="716" VPOS="374" WIDTH="26"/>
						<String ID="P8_ST00010" HPOS="742" VPOS="338" WIDTH="55" HEIGHT="25" CONTENT="au" WC="0.69" CC="06"/>
						<SP ID="P8_SP00008" HPOS="797" VPOS="374" WIDTH="23"/>
						<String ID="P8_ST00011" HPOS="820" VPOS="336" WIDTH="102" HEIGHT="26" CONTENT="xvni" WC="0.51" CC="0685"/>
						<String ID="P8_ST00012" HPOS="927" VPOS="327" WIDTH="15" HEIGHT="17" CONTENT="e" STYLE="superscript" WC="0.69" CC="3"/>
						<SP ID="P8_SP00009" HPOS="942" VPOS="374" WIDTH="20"/>
						<String ID="P8_ST00013" HPOS="962" VPOS="322" WIDTH="144" HEIGHT="45" CONTENT="siècle," WC="0.99" CC="0070505"/>
						<SP ID="P8_SP00010" HPOS="1106" VPOS="374" WIDTH="25"/>
						<String ID="P8_ST00014" HPOS="1131" VPOS="328" WIDTH="154" HEIGHT="32" CONTENT="eurent" WC="0.98" CC="090072"/>
						<SP ID="P8_SP00011" HPOS="1285" VPOS="374" WIDTH="23"/>
						<String ID="P8_ST00015" HPOS="1308" VPOS="320" WIDTH="38" HEIGHT="39" CONTENT="le" WC="0.79" CC="40"/>
						<SP ID="P8_SP00012" HPOS="1346" VPOS="374" WIDTH="23"/>
						<String ID="P8_ST00016" HPOS="1369" VPOS="331" WIDTH="95" HEIGHT="27" CONTENT="rare" WC="0.99" CC="0500"/>
						<SP ID="P8_SP00013" HPOS="1464" VPOS="374" WIDTH="23"/>
						<String ID="P8_ST00017" HPOS="1487" VPOS="329" WIDTH="192" HEIGHT="37" CONTENT="courage" WC="0.99" CC="0000570"/>
						<SP ID="P8_SP00014" HPOS="1679" VPOS="374" WIDTH="22"/>
						<String ID="P8_ST00018" HPOS="1701" VPOS="315" WIDTH="24" HEIGHT="38" CONTENT="d" WC="1.00" CC="0"/>
						<SP ID="P8_SP00015" HPOS="1725" VPOS="374" WIDTH="21"/>
						<String ID="P8_ST00019" HPOS="1746" VPOS="315" WIDTH="169" HEIGHT="38" CONTENT="étudier" WC="0.99" CC="6502400"/>
						<SP ID="P8_SP00016" HPOS="1915" VPOS="374" WIDTH="16"/>
						<String ID="P8_ST00020" HPOS="1931" VPOS="313" WIDTH="10" HEIGHT="40" CONTENT="1" WC="0.84" CC="1"/>
						<SP ID="P8_SP00017" HPOS="1941" VPOS="374" WIDTH="21"/>
						<String ID="P8_ST00021" HPOS="1962" VPOS="327" WIDTH="148" HEIGHT="27" CONTENT="œuvre" WC="0.99" CC="04000"/>
					</TextLine>
					<TextLine ID="P8_TL00004" HPOS="134" VPOS="381" WIDTH="1976" HEIGHT="65">
						<String ID="P8_ST00022" HPOS="134" VPOS="394" WIDTH="172" HEIGHT="52" CONTENT="lyrique" WC="0.99" CC="4501060"/>
						<SP ID="P8_SP00018" HPOS="306" VPOS="446" WIDTH="31"/>
						<String ID="P8_ST00023" HPOS="337" VPOS="393" WIDTH="58" HEIGHT="40" CONTENT="du" WC="0.66" CC="06"/>
						<SP ID="P8_SP00019" HPOS="395" VPOS="446" WIDTH="40"/>
						<String ID="P8_ST00024" HPOS="435" VPOS="406" WIDTH="159" HEIGHT="38" CONTENT="moyen" WC="0.98" CC="00506"/>
						<SP ID="P8_SP00020" HPOS="594" VPOS="446" WIDTH="39"/>
						<String ID="P8_ST00025" HPOS="633" VPOS="394" WIDTH="97" HEIGHT="47" CONTENT="âge," WC="0.95" CC="4944"/>
						<SP ID="P8_SP00021" HPOS="730" VPOS="446" WIDTH="37"/>
						<String ID="P8_ST00026" HPOS="767" VPOS="390" WIDTH="231" HEIGHT="50" CONTENT="Levesque" WC="0.71" CC="40500065"/>
						<SP ID="P8_SP00022" HPOS="998" VPOS="446" WIDTH="30"/>
						<String ID="P8_ST00027" HPOS="1028" VPOS="388" WIDTH="54" HEIGHT="40" CONTENT="de" WC="1.00" CC="00"/>
						<SP ID="P8_SP00023" HPOS="1082" VPOS="446" WIDTH="40"/>
						<String ID="P8_ST00028" HPOS="1122" VPOS="388" WIDTH="38" HEIGHT="39" CONTENT="la" WC="0.93" CC="10"/>
						<SP ID="P8_SP00024" HPOS="1160" VPOS="446" WIDTH="46"/>
						<String ID="P8_ST00029" HPOS="1206" VPOS="387" WIDTH="265" HEIGHT="46" CONTENT="Ravallière," WC="0.77" CC="02034620004"/>
						<SP ID="P8_SP00025" HPOS="1471" VPOS="446" WIDTH="40"/>
						<String ID="P8_ST00030" HPOS="1511" VPOS="386" WIDTH="74" HEIGHT="51" CONTENT="qui" WC="0.99" CC="020"/>
						<SP ID="P8_SP00026" HPOS="1585" VPOS="446" WIDTH="42"/>
						<String ID="P8_ST00031" HPOS="1627" VPOS="383" WIDTH="132" HEIGHT="49" CONTENT="édita," WC="0.98" CC="800063"/>
						<SP ID="P8_SP00027" HPOS="1759" VPOS="446" WIDTH="38"/>
						<String ID="P8_ST00032" HPOS="1797" VPOS="395" WIDTH="54" HEIGHT="26" CONTENT="en" WC="0.56" CC="26"/>
						<SP ID="P8_SP00028" HPOS="1851" VPOS="446" WIDTH="47"/>
						<String ID="P8_ST00033" HPOS="1898" VPOS="395" WIDTH="25" HEIGHT="38" CONTENT="i" WC="0.50" CC="8"/>
						<SP ID="P8_SP00029" HPOS="1923" VPOS="446" WIDTH="0"/>
						<String ID="P8_ST00034" HPOS="1923" VPOS="395" WIDTH="50" HEIGHT="38" CONTENT="74" WC="0.50" CC="00"/>
						<String ID="P8_ST00035" HPOS="1981" VPOS="397" WIDTH="20" HEIGHT="24" CONTENT="2" STYLE="superscript" WC="0.37" CC="6"/>
						<String ID="P8_ST00036" HPOS="2010" VPOS="414" WIDTH="8" HEIGHT="16" CONTENT="i" WC="0.15" CC="8"/>
						<SP ID="P8_SP00030" HPOS="2018" VPOS="446" WIDTH="32"/>
						<String ID="P8_ST00037" HPOS="2050" VPOS="381" WIDTH="8" HEIGHT="39" CONTENT="'" WC="0.54" CC="4"/>
						<String ID="P8_ST00038" HPOS="2066" VPOS="395" WIDTH="44" HEIGHT="26" CONTENT="es" STYLE="superscript" WC="0.47" CC="72"/>
					</TextLine>
					<TextLine ID="P8_TL00005" HPOS="134" VPOS="449" WIDTH="1979" HEIGHT="57">
						<String ID="P8_ST00039" HPOS="134" VPOS="462" WIDTH="174" HEIGHT="40" CONTENT="Poésies" WC="0.99" CC="4005006" STYLEREFS="TXT_2"/>
						<SP ID="P8_SP00031" HPOS="308" VPOS="502" WIDTH="22"/>
						<String ID="P8_ST00040" HPOS="330" VPOS="462" WIDTH="56" HEIGHT="39" CONTENT="du" WC="0.69" CC="06" STYLEREFS="TXT_2"/>
						<SP ID="P8_SP00032" HPOS="386" VPOS="502" WIDTH="18"/>
						<String ID="P8_ST00041" HPOS="404" VPOS="460" WIDTH="67" HEIGHT="39" CONTENT="roi" WC="0.97" CC="340" STYLEREFS="TXT_2"/>
						<SP ID="P8_SP00033" HPOS="471" VPOS="502" WIDTH="21"/>
						<String ID="P8_ST00042" HPOS="492" VPOS="461" WIDTH="49" HEIGHT="38" CONTENT="de" WC="1.00" CC="00" STYLEREFS="TXT_2"/>
						<SP ID="P8_SP00034" HPOS="541" VPOS="502" WIDTH="23"/>
						<String ID="P8_ST00043" HPOS="564" VPOS="458" WIDTH="193" HEIGHT="40" CONTENT="Navarre" WC="0.99" CC="0606300" STYLEREFS="TXT_2"/>
						<String ID="P8_ST00044" HPOS="762" VPOS="489" WIDTH="9" HEIGHT="16" CONTENT="," WC="0.64" CC="3"/>
						<SP ID="P8_SP00035" HPOS="771" VPOS="505" WIDTH="25"/>
						<String ID="P8_ST00045" HPOS="796" VPOS="465" WIDTH="41" HEIGHT="31" CONTENT="et" WC="0.69" CC="06"/>
						<SP ID="P8_SP00036" HPOS="837" VPOS="505" WIDTH="22"/>
						<String ID="P8_ST00046" HPOS="859" VPOS="456" WIDTH="63" HEIGHT="40" CONTENT="De" WC="0.85" CC="20"/>
						<SP ID="P8_SP00037" HPOS="922" VPOS="505" WIDTH="31"/>
						<String ID="P8_ST00047" HPOS="953" VPOS="455" WIDTH="62" HEIGHT="40" CONTENT="La" WC="0.74" CC="50"/>
						<SP ID="P8_SP00038" HPOS="1015" VPOS="505" WIDTH="25"/>
						<String ID="P8_ST00048" HPOS="1040" VPOS="456" WIDTH="159" HEIGHT="49" CONTENT="Borde," WC="1.00" CC="000004"/>
						<SP ID="P8_SP00039" HPOS="1199" VPOS="505" WIDTH="26"/>
						<String ID="P8_ST00049" HPOS="1225" VPOS="456" WIDTH="91" HEIGHT="50" CONTENT="qui," WC="0.98" CC="0344"/>
						<SP ID="P8_SP00040" HPOS="1316" VPOS="506" WIDTH="25"/>
						<String ID="P8_ST00050" HPOS="1341" VPOS="468" WIDTH="52" HEIGHT="26" CONTENT="en" WC="0.65" CC="07"/>
						<SP ID="P8_SP00041" HPOS="1393" VPOS="506" WIDTH="30"/>
						<String ID="P8_ST00051" HPOS="1423" VPOS="457" WIDTH="118" HEIGHT="47" CONTENT="1780," WC="0.74" CC="26400"/>
						<SP ID="P8_SP00042" HPOS="1541" VPOS="506" WIDTH="27"/>
						<String ID="P8_ST00052" HPOS="1568" VPOS="451" WIDTH="187" HEIGHT="53" CONTENT="publiait" WC="0.99" CC="77000036"/>
						<SP ID="P8_SP00043" HPOS="1755" VPOS="506" WIDTH="21"/>
						<String ID="P8_ST00053" HPOS="1776" VPOS="463" WIDTH="80" HEIGHT="27" CONTENT="son" WC="0.98" CC="006"/>
						<SP ID="P8_SP00044" HPOS="1856" VPOS="506" WIDTH="34"/>
						<String ID="P8_ST00054" HPOS="1890" VPOS="449" WIDTH="129" HEIGHT="40" CONTENT="Essai" WC="0.98" CC="05080" STYLEREFS="TXT_2"/>
						<SP ID="P8_SP00045" HPOS="2019" VPOS="506" WIDTH="22"/>
						<String ID="P8_ST00055" HPOS="2041" VPOS="465" WIDTH="72" HEIGHT="24" CONTENT="sur" WC="1.00" CC="000" STYLEREFS="TXT_2"/>
					</TextLine>
					<TextLine ID="P8_TL00006" HPOS="135" VPOS="519" WIDTH="1976" HEIGHT="62">
						<String ID="P8_ST00056" HPOS="135" VPOS="531" WIDTH="38" HEIGHT="38" CONTENT="la" WC="1.00" CC="00" STYLEREFS="TXT_2"/>
						<SP ID="P8_SP00046" HPOS="173" VPOS="569" WIDTH="25"/>
						<String ID="P8_ST00057" HPOS="198" VPOS="529" WIDTH="193" HEIGHT="52" CONTENT="Musique" WC="1.00" CC="3003000" STYLEREFS="TXT_2"/>
						<SP ID="P8_SP00047" HPOS="391" VPOS="581" WIDTH="22"/>
						<String ID="P8_ST00058" HPOS="413" VPOS="527" WIDTH="203" HEIGHT="39" CONTENT="ancienne" WC="0.99" CC="00400170" STYLEREFS="TXT_2"/>
						<SP ID="P8_SP00048" HPOS="616" VPOS="581" WIDTH="22"/>
						<String ID="P8_ST00059" HPOS="638" VPOS="531" WIDTH="37" HEIGHT="33" CONTENT="et" WC="1.00" CC="00" STYLEREFS="TXT_2"/>
						<SP ID="P8_SP00049" HPOS="675" VPOS="581" WIDTH="33"/>
						<String ID="P8_ST00060" HPOS="708" VPOS="526" WIDTH="199" HEIGHT="38" CONTENT="moderne" WC="0.99" CC="3600000" STYLEREFS="TXT_2"/>
						<String ID="P8_ST00061" HPOS="914" VPOS="555" WIDTH="8" HEIGHT="16" CONTENT="," WC="1.00" CC="0"/>
						<SP ID="P8_SP00050" HPOS="922" VPOS="581" WIDTH="42"/>
						<String ID="P8_ST00062" HPOS="964" VPOS="522" WIDTH="254" HEIGHT="41" CONTENT="s'avisèrent" WC="1.00" CC="02500170003"/>
						<SP ID="P8_SP00051" HPOS="1218" VPOS="581" WIDTH="28"/>
						<String ID="P8_ST00063" HPOS="1246" VPOS="522" WIDTH="342" HEIGHT="40" CONTENT="heureusement" WC="1.00" CC="006001102044"/>
						<SP ID="P8_SP00052" HPOS="1588" VPOS="581" WIDTH="35"/>
						<String ID="P8_ST00064" HPOS="1623" VPOS="532" WIDTH="85" HEIGHT="39" CONTENT="que" WC="0.98" CC="040"/>
						<SP ID="P8_SP00053" HPOS="1708" VPOS="581" WIDTH="20"/>
						<String ID="P8_ST00065" HPOS="1728" VPOS="519" WIDTH="62" HEIGHT="39" CONTENT="les" WC="1.00" CC="000"/>
						<SP ID="P8_SP00054" HPOS="1790" VPOS="581" WIDTH="33"/>
						<String ID="P8_ST00066" HPOS="1823" VPOS="523" WIDTH="225" HEIGHT="35" CONTENT="trouvères" WC="1.00" CC="500000000"/>
						<SP ID="P8_SP00055" HPOS="2048" VPOS="581" WIDTH="23"/>
						<String ID="P8_ST00067" HPOS="2071" VPOS="526" WIDTH="40" HEIGHT="31" CONTENT="et" WC="0.69" CC="06"/>
					</TextLine>
					<TextLine ID="P8_TL00007" HPOS="132" VPOS="586" WIDTH="1980" HEIGHT="58">
						<String ID="P8_ST00068" HPOS="132" VPOS="599" WIDTH="63" HEIGHT="39" CONTENT="les" WC="0.99" CC="200"/>
						<SP ID="P8_SP00056" HPOS="195" VPOS="638" WIDTH="47"/>
						<String ID="P8_ST00069" HPOS="242" VPOS="595" WIDTH="311" HEIGHT="46" CONTENT="troubadours," WC="1.00" CC="400005000303"/>
						<SP ID="P8_SP00057" HPOS="553" VPOS="641" WIDTH="45"/>
						<String ID="P8_ST00070" HPOS="598" VPOS="601" WIDTH="152" HEIGHT="32" CONTENT="autant" WC="0.99" CC="060070"/>
						<SP ID="P8_SP00058" HPOS="750" VPOS="641" WIDTH="42"/>
						<String ID="P8_ST00071" HPOS="792" VPOS="606" WIDTH="84" HEIGHT="38" CONTENT="que" WC="0.99" CC="020"/>
						<SP ID="P8_SP00059" HPOS="876" VPOS="644" WIDTH="22"/>
						<String ID="P8_ST00072" HPOS="898" VPOS="592" WIDTH="77" HEIGHT="40" CONTENT="des" WC="1.00" CC="000"/>
						<SP ID="P8_SP00060" HPOS="975" VPOS="644" WIDTH="33"/>
						<String ID="P8_ST00073" HPOS="1008" VPOS="597" WIDTH="165" HEIGHT="46" CONTENT="poètes," WC="1.00" CC="4000000"/>
						<SP ID="P8_SP00061" HPOS="1173" VPOS="644" WIDTH="41"/>
						<String ID="P8_ST00074" HPOS="1214" VPOS="592" WIDTH="162" HEIGHT="38" CONTENT="étaient" WC="0.98" CC="7502025"/>
						<SP ID="P8_SP00062" HPOS="1376" VPOS="644" WIDTH="40"/>
						<String ID="P8_ST00075" HPOS="1416" VPOS="590" WIDTH="76" HEIGHT="39" CONTENT="des" WC="1.00" CC="000"/>
						<SP ID="P8_SP00063" HPOS="1492" VPOS="644" WIDTH="23"/>
						<String ID="P8_ST00076" HPOS="1515" VPOS="589" WIDTH="240" HEIGHT="39" CONTENT="musiciens" WC="0.99" CC="060300040"/>
						<SP ID="P8_SP00064" HPOS="1755" VPOS="644" WIDTH="24"/>
						<String ID="P8_ST00077" HPOS="1779" VPOS="595" WIDTH="41" HEIGHT="31" CONTENT="et" WC="0.76" CC="04"/>
						<SP ID="P8_SP00065" HPOS="1820" VPOS="644" WIDTH="29"/>
						<String ID="P8_ST00078" HPOS="1849" VPOS="599" WIDTH="84" HEIGHT="38" CONTENT="que" WC="0.99" CC="030"/>
						<SP ID="P8_SP00066" HPOS="1933" VPOS="644" WIDTH="39"/>
						<String ID="P8_ST00079" HPOS="1972" VPOS="586" WIDTH="140" HEIGHT="39" CONTENT="c'était" WC="0.98" CC="0206624"/>
					</TextLine>
					<TextLine ID="P8_TL00008" HPOS="132" VPOS="653" WIDTH="1980" HEIGHT="58">
						<String ID="P8_ST00080" HPOS="132" VPOS="665" WIDTH="108" HEIGHT="40" CONTENT="faire" WC="0.99" CC="06300"/>
						<SP ID="P8_SP00067" HPOS="240" VPOS="705" WIDTH="21"/>
						<String ID="P8_ST00081" HPOS="261" VPOS="676" WIDTH="86" HEIGHT="27" CONTENT="une" WC="0.98" CC="500"/>
						<SP ID="P8_SP00068" HPOS="347" VPOS="705" WIDTH="32"/>
						<String ID="P8_ST00082" HPOS="379" VPOS="661" WIDTH="197" HEIGHT="49" CONTENT="besogne" WC="0.99" CC="0000900"/>
						<SP ID="P8_SP00069" HPOS="576" VPOS="710" WIDTH="36"/>
						<String ID="P8_ST00083" HPOS="612" VPOS="659" WIDTH="265" HEIGHT="52" CONTENT="incomplète" WC="1.00" CC="0000000700"/>
						<SP ID="P8_SP00070" HPOS="877" VPOS="711" WIDTH="29"/>
						<String ID="P8_ST00084" HPOS="906" VPOS="672" WIDTH="84" HEIGHT="38" CONTENT="que" WC="0.98" CC="050"/>
						<SP ID="P8_SP00071" HPOS="990" VPOS="711" WIDTH="26"/>
						<String ID="P8_ST00085" HPOS="1016" VPOS="657" WIDTH="233" HEIGHT="40" CONTENT="s'attacher" WC="1.00" CC="0030030500"/>
						<SP ID="P8_SP00072" HPOS="1249" VPOS="711" WIDTH="32"/>
						<String ID="P8_ST00086" HPOS="1281" VPOS="661" WIDTH="20" HEIGHT="35" CONTENT="à" WC="0.70" CC="2"/>
						<SP ID="P8_SP00073" HPOS="1301" VPOS="711" WIDTH="25"/>
						<String ID="P8_ST00087" HPOS="1326" VPOS="664" WIDTH="154" HEIGHT="32" CONTENT="mettre" WC="1.00" CC="000500"/>
						<SP ID="P8_SP00074" HPOS="1480" VPOS="711" WIDTH="23"/>
						<String ID="P8_ST00088" HPOS="1503" VPOS="669" WIDTH="53" HEIGHT="26" CONTENT="en" WC="0.87" CC="02"/>
						<SP ID="P8_SP00075" HPOS="1556" VPOS="711" WIDTH="26"/>
						<String ID="P8_ST00089" HPOS="1582" VPOS="653" WIDTH="125" HEIGHT="41" CONTENT="relief" WC="0.99" CC="003600"/>
						<SP ID="P8_SP00076" HPOS="1707" VPOS="711" WIDTH="20"/>
						<String ID="P8_ST00090" HPOS="1727" VPOS="667" WIDTH="84" HEIGHT="26" CONTENT="une" WC="1.00" CC="000"/>
						<SP ID="P8_SP00077" HPOS="1811" VPOS="711" WIDTH="30"/>
						<String ID="P8_ST00091" HPOS="1841" VPOS="653" WIDTH="93" HEIGHT="40" CONTENT="face" WC="0.99" CC="0500"/>
						<SP ID="P8_SP00078" HPOS="1934" VPOS="711" WIDTH="33"/>
						<String ID="P8_ST00092" HPOS="1967" VPOS="653" WIDTH="121" HEIGHT="40" CONTENT="seule" SUBS_TYPE="HypPart1" SUBS_CONTENT="seulement" WC="0.98" CC="40640"/>
						<HYP HPOS="2088" VPOS="653" WIDTH="24" CONTENT="-"/>
					</TextLine>
					<TextLine ID="P8_TL00009" HPOS="133" VPOS="721" WIDTH="1980" HEIGHT="56">
						<String ID="P8_ST00093" HPOS="133" VPOS="739" WIDTH="119" HEIGHT="32" CONTENT="ment" SUBS_TYPE="HypPart2" SUBS_CONTENT="seulement" WC="0.99" CC="0006"/>
						<SP ID="P8_SP00079" HPOS="252" VPOS="771" WIDTH="22"/>
						<String ID="P8_ST00094" HPOS="274" VPOS="731" WIDTH="53" HEIGHT="38" CONTENT="de" WC="1.00" CC="00"/>
						<SP ID="P8_SP00080" HPOS="327" VPOS="771" WIDTH="22"/>
						<String ID="P8_ST00095" HPOS="349" VPOS="729" WIDTH="94" HEIGHT="39" CONTENT="leur" WC="0.98" CC="2060"/>
						<SP ID="P8_SP00081" HPOS="443" VPOS="771" WIDTH="21"/>
						<String ID="P8_ST00096" HPOS="464" VPOS="729" WIDTH="129" HEIGHT="48" CONTENT="génie" WC="0.98" CC="06530"/>
						<SP ID="P8_SP00082" HPOS="593" VPOS="777" WIDTH="23"/>
						<String ID="P8_ST00097" HPOS="616" VPOS="732" WIDTH="198" HEIGHT="35" CONTENT="créateur" WC="0.99" CC="01704060"/>
						<SP ID="P8_SP00083" HPOS="814" VPOS="777" WIDTH="24"/>
						<String ID="P8_ST00098" HPOS="838" VPOS="731" WIDTH="21" HEIGHT="35" CONTENT="à" WC="0.94" CC="0"/>
						<SP ID="P8_SP00084" HPOS="859" VPOS="777" WIDTH="24"/>
						<String ID="P8_ST00099" HPOS="883" VPOS="725" WIDTH="255" HEIGHT="41" CONTENT="l'exclusion" WC="1.00" CC="34003000000"/>
						<SP ID="P8_SP00085" HPOS="1138" VPOS="777" WIDTH="22"/>
						<String ID="P8_ST00100" HPOS="1160" VPOS="724" WIDTH="52" HEIGHT="39" CONTENT="de" WC="1.00" CC="00"/>
						<SP ID="P8_SP00086" HPOS="1212" VPOS="777" WIDTH="22"/>
						<String ID="P8_ST00101" HPOS="1234" VPOS="723" WIDTH="155" HEIGHT="41" CONTENT="l'autre" WC="0.99" CC="5205000"/>
						<SP ID="P8_SP00087" HPOS="1389" VPOS="777" WIDTH="23"/>
						<String ID="P8_ST00102" HPOS="1412" VPOS="735" WIDTH="6" HEIGHT="27" CONTENT=":" WC="0.30" CC="6"/>
						<SP ID="P8_SP00088" HPOS="1418" VPOS="777" WIDTH="26"/>
						<String ID="P8_ST00103" HPOS="1444" VPOS="732" WIDTH="97" HEIGHT="31" CONTENT="tous" WC="0.98" CC="2060"/>
						<SP ID="P8_SP00089" HPOS="1541" VPOS="777" WIDTH="23"/>
						<String ID="P8_ST00104" HPOS="1564" VPOS="723" WIDTH="127" HEIGHT="47" CONTENT="deux," WC="1.00" CC="00004"/>
						<SP ID="P8_SP00090" HPOS="1691" VPOS="777" WIDTH="27"/>
						<String ID="P8_ST00105" HPOS="1718" VPOS="722" WIDTH="168" HEIGHT="38" CONTENT="éditant" WC="0.99" CC="0000446"/>
						<SP ID="P8_SP00091" HPOS="1886" VPOS="777" WIDTH="27"/>
						<String ID="P8_ST00106" HPOS="1913" VPOS="721" WIDTH="61" HEIGHT="39" CONTENT="les" WC="0.99" CC="200"/>
						<SP ID="P8_SP00092" HPOS="1974" VPOS="777" WIDTH="20"/>
						<String ID="P8_ST00107" HPOS="1994" VPOS="734" WIDTH="90" HEIGHT="26" CONTENT="com" SUBS_TYPE="HypPart1" SUBS_CONTENT="compositions" WC="0.99" CC="000"/>
						<HYP HPOS="2084" VPOS="734" WIDTH="29" CONTENT="-"/>
					</TextLine>
					<TextLine ID="P8_TL00010" HPOS="132" VPOS="788" WIDTH="1982" HEIGHT="63">
						<String ID="P8_ST00108" HPOS="132" VPOS="799" WIDTH="218" HEIGHT="52" CONTENT="positions" SUBS_TYPE="HypPart2" SUBS_CONTENT="compositions" WC="1.00" CC="000334000"/>
						<SP ID="P8_SP00093" HPOS="350" VPOS="851" WIDTH="24"/>
						<String ID="P8_ST00109" HPOS="374" VPOS="796" WIDTH="57" HEIGHT="39" CONTENT="du" WC="0.66" CC="06"/>
						<SP ID="P8_SP00094" HPOS="431" VPOS="851" WIDTH="39"/>
						<String ID="P8_ST00110" HPOS="470" VPOS="800" WIDTH="202" HEIGHT="35" CONTENT="trouvère" WC="0.99" CC="40050710"/>
						<SP ID="P8_SP00095" HPOS="672" VPOS="851" WIDTH="38"/>
						<String ID="P8_ST00111" HPOS="710" VPOS="795" WIDTH="52" HEIGHT="39" CONTENT="de" WC="1.00" CC="00"/>
						<SP ID="P8_SP00096" HPOS="762" VPOS="851" WIDTH="36"/>
						<String ID="P8_ST00112" HPOS="798" VPOS="794" WIDTH="94" HEIGHT="40" CONTENT="leur" WC="0.97" CC="5060"/>
						<SP ID="P8_SP00097" HPOS="892" VPOS="851" WIDTH="21"/>
						<String ID="P8_ST00113" HPOS="913" VPOS="793" WIDTH="143" HEIGHT="48" CONTENT="choix," WC="1.00" CC="000004"/>
						<SP ID="P8_SP00098" HPOS="1056" VPOS="851" WIDTH="26"/>
						<String ID="P8_ST00114" HPOS="1082" VPOS="791" WIDTH="196" HEIGHT="41" CONTENT="Thibaut" WC="0.99" CC="6030004"/>
						<SP ID="P8_SP00099" HPOS="1278" VPOS="851" WIDTH="22"/>
						<String ID="P8_ST00115" HPOS="1300" VPOS="792" WIDTH="53" HEIGHT="38" CONTENT="de" WC="0.89" CC="02"/>
						<SP ID="P8_SP00100" HPOS="1353" VPOS="851" WIDTH="35"/>
						<String ID="P8_ST00116" HPOS="1388" VPOS="790" WIDTH="197" HEIGHT="41" CONTENT="Navarre" WC="0.99" CC="0040700"/>
						<SP ID="P8_SP00101" HPOS="1585" VPOS="851" WIDTH="41"/>
						<String ID="P8_ST00117" HPOS="1626" VPOS="803" WIDTH="56" HEIGHT="27" CONTENT="ou" WC="0.94" CC="01"/>
						<SP ID="P8_SP00102" HPOS="1682" VPOS="851" WIDTH="35"/>
						<String ID="P8_ST00118" HPOS="1717" VPOS="790" WIDTH="38" HEIGHT="38" CONTENT="le" WC="1.00" CC="00"/>
						<SP ID="P8_SP00103" HPOS="1755" VPOS="851" WIDTH="35"/>
						<String ID="P8_ST00119" HPOS="1790" VPOS="788" WIDTH="235" HEIGHT="40" CONTENT="Châtelain" WC="0.99" CC="360604256"/>
						<SP ID="P8_SP00104" HPOS="2025" VPOS="851" WIDTH="36"/>
						<String ID="P8_ST00120" HPOS="2061" VPOS="788" WIDTH="53" HEIGHT="40" CONTENT="de" WC="1.00" CC="00"/>
					</TextLine>
					<TextLine ID="P8_TL00011" HPOS="132" VPOS="857" WIDTH="1982" HEIGHT="58">
						<String ID="P8_ST00121" HPOS="132" VPOS="866" WIDTH="154" HEIGHT="47" CONTENT="Couci," WC="0.74" CC="026024"/>
						<SP ID="P8_SP00105" HPOS="286" VPOS="913" WIDTH="42"/>
						<String ID="P8_ST00122" HPOS="328" VPOS="864" WIDTH="256" HEIGHT="51" CONTENT="impriment" WC="1.00" CC="300000204"/>
						<SP ID="P8_SP00106" HPOS="584" VPOS="915" WIDTH="39"/>
						<String ID="P8_ST00123" HPOS="623" VPOS="876" WIDTH="53" HEIGHT="26" CONTENT="en" WC="0.60" CC="07"/>
						<SP ID="P8_SP00107" HPOS="676" VPOS="915" WIDTH="47"/>
						<String ID="P8_ST00124" HPOS="723" VPOS="866" WIDTH="303" HEIGHT="48" CONTENT="conséquence" WC="1.00" CC="00007060000"/>
						<SP ID="P8_SP00108" HPOS="1026" VPOS="915" WIDTH="46"/>
						<String ID="P8_ST00125" HPOS="1072" VPOS="861" WIDTH="38" HEIGHT="39" CONTENT="le" WC="1.00" CC="00"/>
						<SP ID="P8_SP00109" HPOS="1110" VPOS="915" WIDTH="38"/>
						<String ID="P8_ST00126" HPOS="1148" VPOS="867" WIDTH="111" HEIGHT="33" CONTENT="texte" WC="0.99" CC="30020"/>
						<SP ID="P8_SP00110" HPOS="1259" VPOS="915" WIDTH="52"/>
						<String ID="P8_ST00127" HPOS="1311" VPOS="859" WIDTH="254" HEIGHT="51" CONTENT="mélodique" WC="1.00" CC="072100000"/>
						<SP ID="P8_SP00111" HPOS="1565" VPOS="915" WIDTH="40"/>
						<String ID="P8_ST00128" HPOS="1605" VPOS="871" WIDTH="55" HEIGHT="27" CONTENT="en" WC="1.00" CC="00"/>
						<SP ID="P8_SP00112" HPOS="1660" VPOS="915" WIDTH="34"/>
						<String ID="P8_ST00129" HPOS="1694" VPOS="857" WIDTH="157" HEIGHT="50" CONTENT="regard" WC="1.00" CC="000000"/>
						<SP ID="P8_SP00113" HPOS="1851" VPOS="915" WIDTH="41"/>
						<String ID="P8_ST00130" HPOS="1892" VPOS="857" WIDTH="58" HEIGHT="39" CONTENT="du" WC="0.72" CC="05"/>
						<SP ID="P8_SP00114" HPOS="1950" VPOS="915" WIDTH="53"/>
						<String ID="P8_ST00131" HPOS="2003" VPOS="865" WIDTH="111" HEIGHT="31" CONTENT="texte" WC="1.00" CC="00000"/>
					</TextLine>
					<TextLine ID="P8_TL00012" HPOS="1171" VPOS="920" WIDTH="12" HEIGHT="10">
						<String ID="P8_ST00132" HPOS="1171" VPOS="920" WIDTH="12" HEIGHT="10" CONTENT="♦" WC="0.20" CC="8" STYLEREFS="TXT_3"/>
					</TextLine>
					<TextLine ID="P8_TL00013" HPOS="135" VPOS="934" WIDTH="221" HEIGHT="51">
						<String ID="P8_ST00133" HPOS="135" VPOS="934" WIDTH="221" HEIGHT="51" CONTENT="poétique." WC="1.00" CC="000030400"/>
					</TextLine>
					<TextLine ID="P8_TL00014" HPOS="188" VPOS="992" WIDTH="1926" HEIGHT="59">
						<String ID="P8_ST00134" HPOS="188" VPOS="1014" WIDTH="19" HEIGHT="25" CONTENT="«" WC="0.94" CC="0"/>
						<SP ID="P8_SP00115" HPOS="207" VPOS="1039" WIDTH="33"/>
						<String ID="P8_ST00135" HPOS="240" VPOS="998" WIDTH="266" HEIGHT="53" CONTENT="L'exemple," WC="0.99" CC="0470000204"/>
						<SP ID="P8_SP00116" HPOS="506" VPOS="1051" WIDTH="54"/>
						<String ID="P8_ST00136" HPOS="560" VPOS="1006" WIDTH="224" HEIGHT="45" CONTENT="pourtant," WC="0.99" CC="000340724"/>
						<SP ID="P8_SP00117" HPOS="784" VPOS="1051" WIDTH="69"/>
						<String ID="P8_ST00137" HPOS="853" VPOS="1011" WIDTH="53" HEIGHT="26" CONTENT="ne" WC="1.00" CC="00"/>
						<SP ID="P8_SP00118" HPOS="906" VPOS="1051" WIDTH="35"/>
						<String ID="P8_ST00138" HPOS="941" VPOS="997" WIDTH="64" HEIGHT="40" CONTENT="fut" WC="1.00" CC="000"/>
						<SP ID="P8_SP00119" HPOS="1005" VPOS="1051" WIDTH="43"/>
						<String ID="P8_ST00139" HPOS="1048" VPOS="998" WIDTH="124" HEIGHT="50" CONTENT="point" WC="0.99" CC="00350"/>
						<SP ID="P8_SP00120" HPOS="1172" VPOS="1051" WIDTH="42"/>
						<String ID="P8_ST00140" HPOS="1214" VPOS="996" WIDTH="127" HEIGHT="39" CONTENT="suivi." WC="0.99" CC="054023"/>
						<SP ID="P8_SP00121" HPOS="1341" VPOS="1051" WIDTH="56"/>
						<String ID="P8_ST00141" HPOS="1397" VPOS="993" WIDTH="176" HEIGHT="52" CONTENT="Quand," WC="0.99" CC="000403"/>
						<SP ID="P8_SP00122" HPOS="1573" VPOS="1051" WIDTH="45"/>
						<String ID="P8_ST00142" HPOS="1618" VPOS="1007" WIDTH="54" HEIGHT="26" CONTENT="au" WC="0.73" CC="05"/>
						<SP ID="P8_SP00123" HPOS="1672" VPOS="1051" WIDTH="40"/>
						<String ID="P8_ST00143" HPOS="1712" VPOS="1001" WIDTH="118" HEIGHT="32" CONTENT="tome" WC="0.99" CC="5000"/>
						<SP ID="P8_SP00124" HPOS="1830" VPOS="1051" WIDTH="37"/>
						<String ID="P8_ST00144" HPOS="1867" VPOS="992" WIDTH="136" HEIGHT="40" CONTENT="XXIII" WC="0.76" CC="00622"/>
						<SP ID="P8_SP00125" HPOS="2003" VPOS="1051" WIDTH="60"/>
						<String ID="P8_ST00145" HPOS="2063" VPOS="993" WIDTH="51" HEIGHT="39" CONTENT="de" WC="1.00" CC="00"/>
					</TextLine>
					<TextLine ID="P8_TL00015" HPOS="131" VPOS="1061" WIDTH="1983" HEIGHT="53">
						<String ID="P8_ST00146" HPOS="131" VPOS="1070" WIDTH="24" HEIGHT="39" CONTENT="Y" WC="0.16" CC="8" STYLEREFS="TXT_2"/>
						<SP ID="P8_SP00126" HPOS="155" VPOS="1109" WIDTH="8"/>
						<String ID="P8_ST00147" HPOS="163" VPOS="1068" WIDTH="189" HEIGHT="40" CONTENT="Histoire" WC="0.99" CC="50645000" STYLEREFS="TXT_2"/>
						<SP ID="P8_SP00127" HPOS="352" VPOS="1109" WIDTH="23"/>
						<String ID="P8_ST00148" HPOS="375" VPOS="1066" WIDTH="204" HEIGHT="41" CONTENT="littéraire" WC="0.99" CC="0472009200" STYLEREFS="TXT_2"/>
						<SP ID="P8_SP00128" HPOS="579" VPOS="1109" WIDTH="29"/>
						<String ID="P8_ST00149" HPOS="608" VPOS="1067" WIDTH="49" HEIGHT="39" CONTENT="de" WC="1.00" CC="00" STYLEREFS="TXT_2"/>
						<SP ID="P8_SP00129" HPOS="657" VPOS="1109" WIDTH="20"/>
						<String ID="P8_ST00150" HPOS="677" VPOS="1067" WIDTH="40" HEIGHT="38" CONTENT="la" WC="0.59" CC="08" STYLEREFS="TXT_2"/>
						<SP ID="P8_SP00130" HPOS="717" VPOS="1109" WIDTH="28"/>
						<String ID="P8_ST00151" HPOS="745" VPOS="1065" WIDTH="164" HEIGHT="41" CONTENT="France" WC="0.99" CC="000060" STYLEREFS="TXT_2"/>
						<String ID="P8_ST00152" HPOS="916" VPOS="1099" WIDTH="8" HEIGHT="15" CONTENT="," WC="0.63" CC="3"/>
						<SP ID="P8_SP00131" HPOS="924" VPOS="1114" WIDTH="24"/>
						<String ID="P8_ST00153" HPOS="948" VPOS="1065" WIDTH="159" HEIGHT="40" CONTENT="Paulin" WC="0.98" CC="320536"/>
						<SP ID="P8_SP00132" HPOS="1107" VPOS="1114" WIDTH="30"/>
						<String ID="P8_ST00154" HPOS="1137" VPOS="1064" WIDTH="127" HEIGHT="40" CONTENT="Paris" WC="1.00" CC="00020"/>
						<SP ID="P8_SP00133" HPOS="1264" VPOS="1114" WIDTH="23"/>
						<String ID="P8_ST00155" HPOS="1287" VPOS="1075" WIDTH="209" HEIGHT="28" CONTENT="consacre" WC="1.00" CC="00000001"/>
						<SP ID="P8_SP00134" HPOS="1496" VPOS="1114" WIDTH="31"/>
						<String ID="P8_ST00156" HPOS="1527" VPOS="1076" WIDTH="81" HEIGHT="25" CONTENT="aux" WC="1.00" CC="000"/>
						<SP ID="P8_SP00135" HPOS="1608" VPOS="1114" WIDTH="25"/>
						<String ID="P8_ST00157" HPOS="1633" VPOS="1067" WIDTH="227" HEIGHT="34" CONTENT="trouvères" WC="1.00" CC="200007000"/>
						<SP ID="P8_SP00136" HPOS="1860" VPOS="1114" WIDTH="36"/>
						<String ID="P8_ST00158" HPOS="1896" VPOS="1061" WIDTH="218" HEIGHT="39" CONTENT="chanson," WC="0.99" CC="00530064"/>
					</TextLine>
					<TextLine ID="P8_TL00016" HPOS="131" VPOS="1128" WIDTH="1981" HEIGHT="59">
						<String ID="P8_ST00159" HPOS="131" VPOS="1138" WIDTH="117" HEIGHT="40" CONTENT="niers" WC="0.91" CC="04000"/>
						<SP ID="P8_SP00137" HPOS="248" VPOS="1178" WIDTH="23"/>
						<String ID="P8_ST00160" HPOS="271" VPOS="1150" WIDTH="58" HEIGHT="26" CONTENT="un" WC="0.65" CC="60"/>
						<SP ID="P8_SP00138" HPOS="329" VPOS="1178" WIDTH="23"/>
						<String ID="P8_ST00161" HPOS="352" VPOS="1135" WIDTH="196" HEIGHT="52" CONTENT="chapitre" WC="0.99" CC="00003540"/>
						<SP ID="P8_SP00139" HPOS="548" VPOS="1187" WIDTH="22"/>
						<String ID="P8_ST00162" HPOS="570" VPOS="1135" WIDTH="236" HEIGHT="51" CONTENT="justement" WC="1.00" CC="050000000"/>
						<SP ID="P8_SP00140" HPOS="806" VPOS="1187" WIDTH="24"/>
						<String ID="P8_ST00163" HPOS="830" VPOS="1132" WIDTH="184" HEIGHT="46" CONTENT="célèbre," WC="0.99" CC="06100034"/>
						<SP ID="P8_SP00141" HPOS="1014" VPOS="1187" WIDTH="28"/>
						<String ID="P8_ST00164" HPOS="1042" VPOS="1132" WIDTH="148" HEIGHT="52" CONTENT="quand" WC="1.00" CC="04000"/>
						<SP ID="P8_SP00142" HPOS="1190" VPOS="1187" WIDTH="24"/>
						<String ID="P8_ST00165" HPOS="1214" VPOS="1132" WIDTH="39" HEIGHT="39" CONTENT="le" WC="0.83" CC="30"/>
						<SP ID="P8_SP00143" HPOS="1253" VPOS="1187" WIDTH="24"/>
						<String ID="P8_ST00166" HPOS="1277" VPOS="1134" WIDTH="142" HEIGHT="37" CONTENT="même" WC="0.99" CC="0600"/>
						<SP ID="P8_SP00144" HPOS="1419" VPOS="1187" WIDTH="23"/>
						<String ID="P8_ST00167" HPOS="1442" VPOS="1138" WIDTH="170" HEIGHT="37" CONTENT="savant," WC="0.98" CC="2600654"/>
						<SP ID="P8_SP00145" HPOS="1612" VPOS="1187" WIDTH="24"/>
						<String ID="P8_ST00168" HPOS="1636" VPOS="1142" WIDTH="53" HEIGHT="27" CONTENT="en" WC="0.77" CC="04"/>
						<SP ID="P8_SP00146" HPOS="1689" VPOS="1187" WIDTH="31"/>
						<String ID="P8_ST00169" HPOS="1720" VPOS="1132" WIDTH="118" HEIGHT="48" CONTENT="1833," WC="0.41" CC="43974"/>
						<SP ID="P8_SP00147" HPOS="1838" VPOS="1187" WIDTH="24"/>
						<String ID="P8_ST00170" HPOS="1862" VPOS="1128" WIDTH="151" HEIGHT="52" CONTENT="publie" WC="0.99" CC="050010"/>
						<SP ID="P8_SP00148" HPOS="2013" VPOS="1187" WIDTH="21"/>
						<String ID="P8_ST00171" HPOS="2034" VPOS="1141" WIDTH="78" HEIGHT="27" CONTENT="son" WC="0.98" CC="105"/>
					</TextLine>
					<TextLine ID="P8_TL00017" HPOS="132" VPOS="1196" WIDTH="1976" HEIGHT="59">
						<String ID="P8_ST00172" HPOS="132" VPOS="1206" WIDTH="264" HEIGHT="39" CONTENT="Romancero" WC="1.00" CC="014000030" STYLEREFS="TXT_2"/>
						<SP ID="P8_SP00149" HPOS="396" VPOS="1245" WIDTH="34"/>
						<String ID="P8_ST00173" HPOS="430" VPOS="1202" WIDTH="194" HEIGHT="53" CONTENT="françois" WC="0.91" CC="20003100" STYLEREFS="TXT_2"/>
						<String ID="P8_ST00174" HPOS="630" VPOS="1234" WIDTH="9" HEIGHT="17" CONTENT="," WC="0.57" CC="4"/>
						<SP ID="P8_SP00150" HPOS="639" VPOS="1255" WIDTH="41"/>
						<String ID="P8_ST00175" HPOS="680" VPOS="1202" WIDTH="166" HEIGHT="53" CONTENT="quand," WC="0.99" CC="060003"/>
						<SP ID="P8_SP00151" HPOS="846" VPOS="1255" WIDTH="44"/>
						<String ID="P8_ST00176" HPOS="890" VPOS="1206" WIDTH="21" HEIGHT="35" CONTENT="à" WC="0.79" CC="2"/>
						<SP ID="P8_SP00152" HPOS="911" VPOS="1255" WIDTH="44"/>
						<String ID="P8_ST00177" HPOS="955" VPOS="1214" WIDTH="45" HEIGHT="26" CONTENT="sa" WC="0.90" CC="20"/>
						<SP ID="P8_SP00153" HPOS="1000" VPOS="1255" WIDTH="44"/>
						<String ID="P8_ST00178" HPOS="1044" VPOS="1202" WIDTH="127" HEIGHT="45" CONTENT="suite," WC="0.99" CC="051000"/>
						<SP ID="P8_SP00154" HPOS="1171" VPOS="1255" WIDTH="41"/>
						<String ID="P8_ST00179" HPOS="1212" VPOS="1199" WIDTH="171" HEIGHT="45" CONTENT="Hécart," WC="0.71" CC="8700040"/>
						<SP ID="P8_SP00155" HPOS="1383" VPOS="1255" WIDTH="38"/>
						<String ID="P8_ST00180" HPOS="1421" VPOS="1198" WIDTH="190" HEIGHT="47" CONTENT="Dinaux," WC="0.75" CC="4160004"/>
						<SP ID="P8_SP00156" HPOS="1611" VPOS="1255" WIDTH="42"/>
						<String ID="P8_ST00181" HPOS="1653" VPOS="1197" WIDTH="174" HEIGHT="40" CONTENT="Leroux" WC="0.98" CC="509200"/>
						<SP ID="P8_SP00157" HPOS="1827" VPOS="1255" WIDTH="41"/>
						<String ID="P8_ST00182" HPOS="1868" VPOS="1199" WIDTH="54" HEIGHT="38" CONTENT="de" WC="1.00" CC="00"/>
						<SP ID="P8_SP00158" HPOS="1922" VPOS="1255" WIDTH="32"/>
						<String ID="P8_ST00183" HPOS="1954" VPOS="1196" WIDTH="154" HEIGHT="53" CONTENT="Lincy," WC="0.78" CC="026004"/>
					</TextLine>
					<TextLine ID="P8_TL00018" HPOS="131" VPOS="1266" WIDTH="1980" HEIGHT="58">
						<String ID="P8_ST00184" HPOS="131" VPOS="1274" WIDTH="161" HEIGHT="50" CONTENT="Keller," WC="0.85" CC="1003004"/>
						<SP ID="P8_SP00159" HPOS="292" VPOS="1324" WIDTH="26"/>
						<String ID="P8_ST00185" HPOS="318" VPOS="1271" WIDTH="342" HEIGHT="50" CONTENT="Wackernagel," WC="0.86" CC="000200540004"/>
						<SP ID="P8_SP00160" HPOS="660" VPOS="1324" WIDTH="20"/>
						<String ID="P8_ST00186" HPOS="680" VPOS="1269" WIDTH="161" HEIGHT="44" CONTENT="Tarbé," WC="0.82" CC="000064"/>
						<SP ID="P8_SP00161" HPOS="841" VPOS="1324" WIDTH="22"/>
						<String ID="P8_ST00187" HPOS="863" VPOS="1270" WIDTH="165" HEIGHT="38" CONTENT="éditent" WC="0.99" CC="5000032"/>
						<SP ID="P8_SP00162" HPOS="1028" VPOS="1324" WIDTH="23"/>
						<String ID="P8_ST00188" HPOS="1051" VPOS="1269" WIDTH="61" HEIGHT="39" CONTENT="les" WC="1.00" CC="000"/>
						<SP ID="P8_SP00163" HPOS="1112" VPOS="1324" WIDTH="23"/>
						<String ID="P8_ST00189" HPOS="1135" VPOS="1269" WIDTH="212" HEIGHT="50" CONTENT="premiers" WC="1.00" CC="00000000"/>
						<SP ID="P8_SP00164" HPOS="1347" VPOS="1324" WIDTH="24"/>
						<String ID="P8_ST00190" HPOS="1371" VPOS="1275" WIDTH="137" HEIGHT="32" CONTENT="textes" WC="0.99" CC="500420"/>
						<SP ID="P8_SP00165" HPOS="1508" VPOS="1324" WIDTH="21"/>
						<String ID="P8_ST00191" HPOS="1529" VPOS="1266" WIDTH="52" HEIGHT="39" CONTENT="de" WC="1.00" CC="00"/>
						<SP ID="P8_SP00166" HPOS="1581" VPOS="1324" WIDTH="24"/>
						<String ID="P8_ST00192" HPOS="1605" VPOS="1274" WIDTH="124" HEIGHT="31" CONTENT="notre" WC="0.99" CC="00402"/>
						<SP ID="P8_SP00167" HPOS="1729" VPOS="1324" WIDTH="24"/>
						<String ID="P8_ST00193" HPOS="1753" VPOS="1266" WIDTH="171" HEIGHT="51" CONTENT="lyrique" WC="1.00" CC="0020000"/>
						<SP ID="P8_SP00168" HPOS="1924" VPOS="1324" WIDTH="24"/>
						<String ID="P8_ST00194" HPOS="1948" VPOS="1266" WIDTH="136" HEIGHT="39" CONTENT="médié" SUBS_TYPE="HypPart1" SUBS_CONTENT="médiévale," WC="0.99" CC="00020"/>
						<HYP HPOS="2084" VPOS="1266" WIDTH="27" CONTENT="-"/>
					</TextLine>
					<TextLine ID="P8_TL00019" HPOS="129" VPOS="1335" WIDTH="1983" HEIGHT="53">
						<String ID="P8_ST00195" HPOS="129" VPOS="1342" WIDTH="114" HEIGHT="46" CONTENT="vale," SUBS_TYPE="HypPart2" SUBS_CONTENT="médiévale," WC="0.99" CC="20300"/>
						<SP ID="P8_SP00169" HPOS="243" VPOS="1388" WIDTH="25"/>
						<String ID="P8_ST00196" HPOS="268" VPOS="1341" WIDTH="54" HEIGHT="40" CONTENT="ils" WC="0.98" CC="030"/>
						<SP ID="P8_SP00170" HPOS="322" VPOS="1388" WIDTH="22"/>
						<String ID="P8_ST00197" HPOS="344" VPOS="1353" WIDTH="46" HEIGHT="27" CONTENT="se" WC="1.00" CC="00"/>
						<SP ID="P8_SP00171" HPOS="390" VPOS="1388" WIDTH="22"/>
						<String ID="P8_ST00198" HPOS="412" VPOS="1340" WIDTH="188" HEIGHT="40" CONTENT="limitent" WC="0.99" CC="30003044"/>
						<SP ID="P8_SP00172" HPOS="600" VPOS="1388" WIDTH="31"/>
						<String ID="P8_ST00199" HPOS="631" VPOS="1340" WIDTH="270" HEIGHT="38" CONTENT="strictement" WC="1.00" CC="04020300000"/>
						<SP ID="P8_SP00173" HPOS="901" VPOS="1388" WIDTH="21"/>
						<String ID="P8_ST00200" HPOS="922" VPOS="1341" WIDTH="21" HEIGHT="35" CONTENT="à" WC="0.96" CC="0"/>
						<SP ID="P8_SP00174" HPOS="943" VPOS="1388" WIDTH="22"/>
						<String ID="P8_ST00201" HPOS="965" VPOS="1335" WIDTH="181" HEIGHT="42" CONTENT="l'œuvre" WC="1.00" CC="0005000"/>
						<SP ID="P8_SP00175" HPOS="1146" VPOS="1388" WIDTH="29"/>
						<String ID="P8_ST00202" HPOS="1175" VPOS="1335" WIDTH="224" HEIGHT="47" CONTENT="littéraire," WC="1.00" CC="02400040004"/>
						<SP ID="P8_SP00176" HPOS="1399" VPOS="1388" WIDTH="22"/>
						<String ID="P8_ST00203" HPOS="1421" VPOS="1342" WIDTH="42" HEIGHT="32" CONTENT="et" WC="1.00" CC="00"/>
						<SP ID="P8_SP00177" HPOS="1463" VPOS="1388" WIDTH="23"/>
						<String ID="P8_ST00204" HPOS="1486" VPOS="1346" WIDTH="111" HEIGHT="27" CONTENT="nous" WC="0.98" CC="6100"/>
						<SP ID="P8_SP00178" HPOS="1597" VPOS="1388" WIDTH="18"/>
						<String ID="P8_ST00205" HPOS="1615" VPOS="1347" WIDTH="54" HEIGHT="26" CONTENT="ne" WC="0.73" CC="50"/>
						<SP ID="P8_SP00179" HPOS="1669" VPOS="1388" WIDTH="18"/>
						<String ID="P8_ST00206" HPOS="1687" VPOS="1347" WIDTH="169" HEIGHT="38" CONTENT="voyons" WC="1.00" CC="000000"/>
						<SP ID="P8_SP00180" HPOS="1856" VPOS="1388" WIDTH="24"/>
						<String ID="P8_ST00207" HPOS="1880" VPOS="1335" WIDTH="123" HEIGHT="50" CONTENT="point" WC="0.99" CC="00205"/>
						<SP ID="P8_SP00181" HPOS="2003" VPOS="1388" WIDTH="25"/>
						<String ID="P8_ST00208" HPOS="2028" VPOS="1346" WIDTH="84" HEIGHT="38" CONTENT="que" WC="0.98" CC="050"/>
					</TextLine>
					<TextLine ID="P8_TL00020" HPOS="132" VPOS="1400" WIDTH="1980" HEIGHT="61">
						<String ID="P8_ST00209" HPOS="132" VPOS="1407" WIDTH="295" HEIGHT="54" CONTENT="l'inspiration" WC="1.00" CC="0422003000006"/>
						<SP ID="P8_SP00182" HPOS="427" VPOS="1461" WIDTH="22"/>
						<String ID="P8_ST00210" HPOS="449" VPOS="1407" WIDTH="251" HEIGHT="51" CONTENT="mélodique" WC="0.99" CC="006303060"/>
						<SP ID="P8_SP00183" HPOS="700" VPOS="1461" WIDTH="21"/>
						<String ID="P8_ST00211" HPOS="721" VPOS="1407" WIDTH="58" HEIGHT="39" CONTENT="ait" WC="0.99" CC="010"/>
						<SP ID="P8_SP00184" HPOS="779" VPOS="1461" WIDTH="26"/>
						<String ID="P8_ST00212" HPOS="805" VPOS="1409" WIDTH="20" HEIGHT="35" CONTENT="à" WC="0.60" CC="3"/>
						<SP ID="P8_SP00185" HPOS="825" VPOS="1461" WIDTH="27"/>
						<String ID="P8_ST00213" HPOS="852" VPOS="1418" WIDTH="142" HEIGHT="26" CONTENT="aucun" WC="0.99" CC="05002"/>
						<SP ID="P8_SP00186" HPOS="994" VPOS="1461" WIDTH="19"/>
						<String ID="P8_ST00214" HPOS="1013" VPOS="1411" WIDTH="196" HEIGHT="33" CONTENT="moment" WC="1.00" CC="000005"/>
						<SP ID="P8_SP00187" HPOS="1209" VPOS="1461" WIDTH="20"/>
						<String ID="P8_ST00215" HPOS="1229" VPOS="1401" WIDTH="83" HEIGHT="41" CONTENT="fixé" WC="0.98" CC="2220"/>
						<SP ID="P8_SP00188" HPOS="1312" VPOS="1461" WIDTH="13"/>
						<String ID="P8_ST00216" HPOS="1325" VPOS="1402" WIDTH="94" HEIGHT="40" CONTENT="leur" WC="0.95" CC="4459"/>
						<SP ID="P8_SP00189" HPOS="1419" VPOS="1461" WIDTH="23"/>
						<String ID="P8_ST00217" HPOS="1442" VPOS="1403" WIDTH="230" HEIGHT="38" CONTENT="attention." WC="0.99" CC="0000403073"/>
						<SP ID="P8_SP00190" HPOS="1672" VPOS="1461" WIDTH="28"/>
						<String ID="P8_ST00218" HPOS="1700" VPOS="1400" WIDTH="125" HEIGHT="41" CONTENT="Cette" WC="1.00" CC="00400"/>
						<SP ID="P8_SP00191" HPOS="1825" VPOS="1461" WIDTH="22"/>
						<String ID="P8_ST00219" HPOS="1847" VPOS="1405" WIDTH="239" HEIGHT="47" CONTENT="préoccupa" SUBS_TYPE="HypPart1" SUBS_CONTENT="préoccupation" WC="0.99" CC="006000700"/>
						<HYP HPOS="2086" VPOS="1405" WIDTH="26" CONTENT="-"/>
					</TextLine>
					<TextLine ID="P8_TL00021" HPOS="134" VPOS="1470" WIDTH="1982" HEIGHT="56">
						<String ID="P8_ST00220" HPOS="134" VPOS="1479" WIDTH="91" HEIGHT="38" CONTENT="tion" SUBS_TYPE="HypPart2" SUBS_CONTENT="préoccupation" WC="0.98" CC="5200"/>
						<SP ID="P8_SP00192" HPOS="225" VPOS="1517" WIDTH="24"/>
						<String ID="P8_ST00221" HPOS="249" VPOS="1489" WIDTH="54" HEIGHT="27" CONTENT="ne" WC="1.00" CC="00"/>
						<SP ID="P8_SP00193" HPOS="303" VPOS="1517" WIDTH="20"/>
						<String ID="P8_ST00222" HPOS="323" VPOS="1489" WIDTH="45" HEIGHT="26" CONTENT="se" WC="1.00" CC="00"/>
						<SP ID="P8_SP00194" HPOS="368" VPOS="1517" WIDTH="34"/>
						<String ID="P8_ST00223" HPOS="402" VPOS="1484" WIDTH="201" HEIGHT="31" CONTENT="retrouve" WC="0.99" CC="00640601"/>
						<SP ID="P8_SP00195" HPOS="603" VPOS="1517" WIDTH="36"/>
						<String ID="P8_ST00224" HPOS="639" VPOS="1487" WIDTH="77" HEIGHT="39" CONTENT="pas" WC="0.98" CC="050"/>
						<SP ID="P8_SP00196" HPOS="716" VPOS="1526" WIDTH="18"/>
						<String ID="P8_ST00225" HPOS="734" VPOS="1474" WIDTH="251" HEIGHT="48" CONTENT="davantage" WC="1.00" CC="000020600"/>
						<SP ID="P8_SP00197" HPOS="985" VPOS="1526" WIDTH="36"/>
						<String ID="P8_ST00226" HPOS="1021" VPOS="1472" WIDTH="113" HEIGHT="39" CONTENT="dans" WC="1.00" CC="0000"/>
						<SP ID="P8_SP00198" HPOS="1134" VPOS="1526" WIDTH="23"/>
						<String ID="P8_ST00227" HPOS="1157" VPOS="1471" WIDTH="63" HEIGHT="39" CONTENT="les" WC="0.97" CC="403"/>
						<SP ID="P8_SP00199" HPOS="1220" VPOS="1526" WIDTH="23"/>
						<String ID="P8_ST00228" HPOS="1243" VPOS="1470" WIDTH="190" HEIGHT="40" CONTENT="éditions" WC="1.00" CC="00300000"/>
						<SP ID="P8_SP00200" HPOS="1433" VPOS="1526" WIDTH="37"/>
						<String ID="P8_ST00229" HPOS="1470" VPOS="1471" WIDTH="208" HEIGHT="49" CONTENT="critiques" WC="0.99" CC="003230500"/>
						<SP ID="P8_SP00201" HPOS="1678" VPOS="1526" WIDTH="43"/>
						<String ID="P8_ST00230" HPOS="1721" VPOS="1482" WIDTH="159" HEIGHT="38" CONTENT="parues" WC="1.00" CC="050000"/>
						<SP ID="P8_SP00202" HPOS="1880" VPOS="1526" WIDTH="30"/>
						<String ID="P8_ST00231" HPOS="1910" VPOS="1483" WIDTH="55" HEIGHT="26" CONTENT="au" WC="1.00" CC="00"/>
						<SP ID="P8_SP00203" HPOS="1965" VPOS="1526" WIDTH="23"/>
						<String ID="P8_ST00232" HPOS="1988" VPOS="1482" WIDTH="128" HEIGHT="27" CONTENT="cours" WC="0.99" CC="00050"/>
					</TextLine>
					<TextLine ID="P8_TL00022" HPOS="139" VPOS="1536" WIDTH="1978" HEIGHT="54">
						<String ID="P8_ST00233" HPOS="139" VPOS="1545" WIDTH="52" HEIGHT="40" CONTENT="de" WC="0.63" CC="07"/>
						<SP ID="P8_SP00204" HPOS="191" VPOS="1585" WIDTH="23"/>
						<String ID="P8_ST00234" HPOS="214" VPOS="1557" WIDTH="70" HEIGHT="27" CONTENT="ces" WC="0.99" CC="002"/>
						<SP ID="P8_SP00205" HPOS="284" VPOS="1585" WIDTH="19"/>
						<String ID="P8_ST00235" HPOS="303" VPOS="1543" WIDTH="224" HEIGHT="40" CONTENT="dernières" WC="0.99" CC="000436000"/>
						<SP ID="P8_SP00206" HPOS="527" VPOS="1585" WIDTH="24"/>
						<String ID="P8_ST00236" HPOS="551" VPOS="1546" WIDTH="178" HEIGHT="44" CONTENT="années," WC="0.99" CC="1006011"/>
						<SP ID="P8_SP00207" HPOS="729" VPOS="1590" WIDTH="38"/>
						<String ID="P8_ST00237" HPOS="767" VPOS="1543" WIDTH="44" HEIGHT="39" CONTENT="ni" WC="0.92" CC="01"/>
						<SP ID="P8_SP00208" HPOS="811" VPOS="1590" WIDTH="36"/>
						<String ID="P8_ST00238" HPOS="847" VPOS="1542" WIDTH="110" HEIGHT="39" CONTENT="dans" WC="0.98" CC="0602"/>
						<SP ID="P8_SP00209" HPOS="957" VPOS="1590" WIDTH="24"/>
						<String ID="P8_ST00239" HPOS="981" VPOS="1540" WIDTH="38" HEIGHT="39" CONTENT="le" WC="0.96" CC="00"/>
						<SP ID="P8_SP00210" HPOS="1019" VPOS="1590" WIDTH="25"/>
						<String ID="P8_ST00240" HPOS="1044" VPOS="1538" WIDTH="151" HEIGHT="41" CONTENT="Conon" WC="0.78" CC="01206" STYLEREFS="TXT_2"/>
						<SP ID="P8_SP00211" HPOS="1195" VPOS="1590" WIDTH="39"/>
						<String ID="P8_ST00241" HPOS="1234" VPOS="1538" WIDTH="49" HEIGHT="39" CONTENT="de" WC="1.00" CC="00" STYLEREFS="TXT_2"/>
						<SP ID="P8_SP00212" HPOS="1283" VPOS="1590" WIDTH="25"/>
						<String ID="P8_ST00242" HPOS="1308" VPOS="1536" WIDTH="188" HEIGHT="41" CONTENT="Béthune" WC="0.81" CC="5250000" STYLEREFS="TXT_2"/>
						<SP ID="P8_SP00213" HPOS="1496" VPOS="1590" WIDTH="31"/>
						<String ID="P8_ST00243" HPOS="1527" VPOS="1537" WIDTH="54" HEIGHT="39" CONTENT="de" WC="1.00" CC="00"/>
						<SP ID="P8_SP00214" HPOS="1581" VPOS="1590" WIDTH="19"/>
						<String ID="P8_ST00244" HPOS="1600" VPOS="1536" WIDTH="60" HEIGHT="39" CONTENT="M." WC="0.79" CC="04"/>
						<SP ID="P8_SP00215" HPOS="1660" VPOS="1590" WIDTH="34"/>
						<String ID="P8_ST00245" HPOS="1694" VPOS="1536" WIDTH="354" HEIGHT="51" CONTENT="Wallenskoeld," WC="0.75" CC="0665000200604"/>
						<SP ID="P8_SP00216" HPOS="2048" VPOS="1590" WIDTH="26"/>
						<String ID="P8_ST00246" HPOS="2074" VPOS="1538" WIDTH="43" HEIGHT="38" CONTENT="ni" WC="0.89" CC="02"/>
					</TextLine>
					<TextLine ID="P8_TL00023" HPOS="139" VPOS="1604" WIDTH="1978" HEIGHT="53">
						<String ID="P8_ST00247" HPOS="139" VPOS="1613" WIDTH="111" HEIGHT="40" CONTENT="dans" WC="1.00" CC="0000"/>
						<SP ID="P8_SP00217" HPOS="250" VPOS="1653" WIDTH="19"/>
						<String ID="P8_ST00248" HPOS="269" VPOS="1611" WIDTH="39" HEIGHT="40" CONTENT="le" WC="0.89" CC="20"/>
						<SP ID="P8_SP00218" HPOS="308" VPOS="1653" WIDTH="18"/>
						<String ID="P8_ST00249" HPOS="326" VPOS="1609" WIDTH="111" HEIGHT="42" CONTENT="Gace" WC="1.00" CC="0000" STYLEREFS="TXT_2"/>
						<SP ID="P8_SP00219" HPOS="437" VPOS="1653" WIDTH="19"/>
						<String ID="P8_ST00250" HPOS="456" VPOS="1609" WIDTH="131" HEIGHT="40" CONTENT="Brûlé" WC="0.99" CC="00700" STYLEREFS="TXT_2"/>
						<SP ID="P8_SP00220" HPOS="587" VPOS="1653" WIDTH="27"/>
						<String ID="P8_ST00251" HPOS="614" VPOS="1609" WIDTH="52" HEIGHT="40" CONTENT="de" WC="1.00" CC="00"/>
						<SP ID="P8_SP00221" HPOS="666" VPOS="1653" WIDTH="24"/>
						<String ID="P8_ST00252" HPOS="690" VPOS="1608" WIDTH="60" HEIGHT="40" CONTENT="M." WC="0.78" CC="04"/>
						<SP ID="P8_SP00222" HPOS="750" VPOS="1653" WIDTH="26"/>
						<String ID="P8_ST00253" HPOS="776" VPOS="1608" WIDTH="128" HEIGHT="49" CONTENT="Huet," WC="0.54" CC="67054"/>
						<SP ID="P8_SP00223" HPOS="904" VPOS="1657" WIDTH="27"/>
						<String ID="P8_ST00254" HPOS="931" VPOS="1609" WIDTH="43" HEIGHT="39" CONTENT="ni" WC="1.00" CC="00"/>
						<SP ID="P8_SP00224" HPOS="974" VPOS="1657" WIDTH="38"/>
						<String ID="P8_ST00255" HPOS="1012" VPOS="1608" WIDTH="111" HEIGHT="40" CONTENT="dans" WC="0.97" CC="0290"/>
						<SP ID="P8_SP00225" HPOS="1123" VPOS="1657" WIDTH="39"/>
						<String ID="P8_ST00256" HPOS="1162" VPOS="1607" WIDTH="10" HEIGHT="39" CONTENT="1" WC="0.47" CC="5"/>
						<SP ID="P8_SP00226" HPOS="1172" VPOS="1657" WIDTH="6"/>
						<String ID="P8_ST00257" HPOS="1178" VPOS="1620" WIDTH="22" HEIGHT="26" CONTENT="G" WC="0.16" CC="8" STYLEREFS="TXT_4"/>
						<SP ID="P8_SP00227" HPOS="1200" VPOS="1657" WIDTH="21"/>
						<String ID="P8_ST00258" HPOS="1221" VPOS="1604" WIDTH="188" HEIGHT="41" CONTENT="Blondel" WC="0.93" CC="0300001" STYLEREFS="TXT_2"/>
						<SP ID="P8_SP00228" HPOS="1409" VPOS="1657" WIDTH="34"/>
						<String ID="P8_ST00259" HPOS="1443" VPOS="1606" WIDTH="49" HEIGHT="38" CONTENT="de" WC="1.00" CC="00" STYLEREFS="TXT_2"/>
						<SP ID="P8_SP00229" HPOS="1492" VPOS="1657" WIDTH="30"/>
						<String ID="P8_ST00260" HPOS="1522" VPOS="1604" WIDTH="128" HEIGHT="41" CONTENT="Nesle" WC="1.00" CC="00000" STYLEREFS="TXT_2"/>
						<SP ID="P8_SP00230" HPOS="1650" VPOS="1657" WIDTH="36"/>
						<String ID="P8_ST00261" HPOS="1686" VPOS="1606" WIDTH="52" HEIGHT="38" CONTENT="de" WC="1.00" CC="00"/>
						<SP ID="P8_SP00231" HPOS="1738" VPOS="1657" WIDTH="36"/>
						<String ID="P8_ST00262" HPOS="1774" VPOS="1604" WIDTH="63" HEIGHT="40" CONTENT="M." WC="0.81" CC="11"/>
						<SP ID="P8_SP00232" HPOS="1837" VPOS="1657" WIDTH="31"/>
						<String ID="P8_ST00263" HPOS="1868" VPOS="1604" WIDTH="168" HEIGHT="49" CONTENT="Wiese," WC="0.91" CC="010003"/>
						<SP ID="P8_SP00233" HPOS="2036" VPOS="1657" WIDTH="39"/>
						<String ID="P8_ST00264" HPOS="2075" VPOS="1607" WIDTH="42" HEIGHT="37" CONTENT="ni" WC="0.93" CC="01"/>
					</TextLine>
					<TextLine ID="P8_TL00024" HPOS="139" VPOS="1671" WIDTH="1978" HEIGHT="58">
						<String ID="P8_ST00265" HPOS="139" VPOS="1681" WIDTH="111" HEIGHT="39" CONTENT="dans" WC="0.99" CC="0003"/>
						<SP ID="P8_SP00234" HPOS="250" VPOS="1720" WIDTH="20"/>
						<String ID="P8_ST00266" HPOS="270" VPOS="1691" WIDTH="170" HEIGHT="28" CONTENT="aucune" WC="0.99" CC="060600"/>
						<SP ID="P8_SP00235" HPOS="440" VPOS="1720" WIDTH="32"/>
						<String ID="P8_ST00267" HPOS="472" VPOS="1686" WIDTH="123" HEIGHT="32" CONTENT="autre" WC="0.99" CC="06000"/>
						<SP ID="P8_SP00236" HPOS="595" VPOS="1720" WIDTH="31"/>
						<String ID="P8_ST00268" HPOS="626" VPOS="1676" WIDTH="272" HEIGHT="53" CONTENT="publication" WC="1.00" CC="00002000407"/>
						<SP ID="P8_SP00237" HPOS="898" VPOS="1729" WIDTH="26"/>
						<String ID="P8_ST00269" HPOS="924" VPOS="1676" WIDTH="57" HEIGHT="40" CONTENT="du" WC="0.66" CC="06"/>
						<SP ID="P8_SP00238" HPOS="981" VPOS="1729" WIDTH="25"/>
						<String ID="P8_ST00270" HPOS="1006" VPOS="1679" WIDTH="142" HEIGHT="36" CONTENT="même" WC="0.99" CC="0500"/>
						<SP ID="P8_SP00239" HPOS="1148" VPOS="1729" WIDTH="23"/>
						<String ID="P8_ST00271" HPOS="1171" VPOS="1674" WIDTH="142" HEIGHT="40" CONTENT="ordre." WC="1.00" CC="000003"/>
						<SP ID="P8_SP00240" HPOS="1313" VPOS="1729" WIDTH="26"/>
						<String ID="P8_ST00272" HPOS="1339" VPOS="1672" WIDTH="88" HEIGHT="40" CONTENT="Les" WC="0.99" CC="001"/>
						<SP ID="P8_SP00241" HPOS="1427" VPOS="1729" WIDTH="25"/>
						<String ID="P8_ST00273" HPOS="1452" VPOS="1671" WIDTH="298" HEIGHT="41" CONTENT="troubadours" WC="1.00" CC="05000000000"/>
						<SP ID="P8_SP00242" HPOS="1750" VPOS="1729" WIDTH="24"/>
						<String ID="P8_ST00274" HPOS="1774" VPOS="1671" WIDTH="120" HEIGHT="41" CONTENT="n'ont" WC="0.97" CC="63045"/>
						<SP ID="P8_SP00243" HPOS="1894" VPOS="1729" WIDTH="20"/>
						<String ID="P8_ST00275" HPOS="1914" VPOS="1674" WIDTH="123" HEIGHT="50" CONTENT="point" WC="1.00" CC="00300"/>
						<SP ID="P8_SP00244" HPOS="2037" VPOS="1729" WIDTH="23"/>
						<String ID="P8_ST00276" HPOS="2060" VPOS="1687" WIDTH="57" HEIGHT="25" CONTENT="un" WC="0.91" CC="10"/>
					</TextLine>
					<TextLine ID="P8_TL00025" HPOS="140" VPOS="1741" WIDTH="1977" HEIGHT="55">
						<String ID="P8_ST00277" HPOS="140" VPOS="1756" WIDTH="91" HEIGHT="33" CONTENT="sort" WC="0.99" CC="0005"/>
						<SP ID="P8_SP00245" HPOS="231" VPOS="1789" WIDTH="21"/>
						<String ID="P8_ST00278" HPOS="252" VPOS="1747" WIDTH="228" HEIGHT="40" CONTENT="meilleur:" WC="0.99" CC="003060603"/>
						<SP ID="P8_SP00246" HPOS="480" VPOS="1789" WIDTH="24"/>
						<String ID="P8_ST00279" HPOS="504" VPOS="1746" WIDTH="63" HEIGHT="40" CONTENT="les" WC="0.99" CC="300"/>
						<SP ID="P8_SP00247" HPOS="567" VPOS="1789" WIDTH="23"/>
						<String ID="P8_ST00280" HPOS="590" VPOS="1745" WIDTH="191" HEIGHT="40" CONTENT="éditeurs" WC="0.99" CC="70150000"/>
						<SP ID="P8_SP00248" HPOS="781" VPOS="1789" WIDTH="23"/>
						<String ID="P8_ST00281" HPOS="804" VPOS="1744" WIDTH="361" HEIGHT="52" CONTENT="contemporains" WC="1.00" CC="0065000000050"/>
						<SP ID="P8_SP00249" HPOS="1165" VPOS="1796" WIDTH="23"/>
						<String ID="P8_ST00282" HPOS="1188" VPOS="1756" WIDTH="54" HEIGHT="26" CONTENT="ne" WC="1.00" CC="00"/>
						<SP ID="P8_SP00250" HPOS="1242" VPOS="1796" WIDTH="21"/>
						<String ID="P8_ST00283" HPOS="1263" VPOS="1742" WIDTH="176" HEIGHT="40" CONTENT="veulent" WC="0.99" CC="0060003"/>
						<SP ID="P8_SP00251" HPOS="1439" VPOS="1796" WIDTH="22"/>
						<String ID="P8_ST00284" HPOS="1461" VPOS="1743" WIDTH="95" HEIGHT="37" CONTENT="voir" WC="1.00" CC="0000"/>
						<SP ID="P8_SP00252" HPOS="1556" VPOS="1796" WIDTH="17"/>
						<String ID="P8_ST00285" HPOS="1573" VPOS="1754" WIDTH="52" HEIGHT="26" CONTENT="en" WC="0.96" CC="00"/>
						<SP ID="P8_SP00253" HPOS="1625" VPOS="1796" WIDTH="17"/>
						<String ID="P8_ST00286" HPOS="1642" VPOS="1754" WIDTH="81" HEIGHT="26" CONTENT="eux" WC="0.98" CC="040"/>
						<SP ID="P8_SP00254" HPOS="1723" VPOS="1796" WIDTH="34"/>
						<String ID="P8_ST00287" HPOS="1757" VPOS="1754" WIDTH="83" HEIGHT="38" CONTENT="que" WC="1.00" CC="000"/>
						<SP ID="P8_SP00255" HPOS="1840" VPOS="1796" WIDTH="27"/>
						<String ID="P8_ST00288" HPOS="1867" VPOS="1741" WIDTH="76" HEIGHT="40" CONTENT="des" WC="1.00" CC="000"/>
						<SP ID="P8_SP00256" HPOS="1943" VPOS="1796" WIDTH="23"/>
						<String ID="P8_ST00289" HPOS="1966" VPOS="1746" WIDTH="151" HEIGHT="46" CONTENT="poètes" WC="0.99" CC="007000"/>
					</TextLine>
					<TextLine ID="P8_TL00026" HPOS="141" VPOS="1808" WIDTH="1975" HEIGHT="55">
						<String ID="P8_ST00290" HPOS="141" VPOS="1828" WIDTH="170" HEIGHT="28" CONTENT="comme" WC="1.00" CC="00000"/>
						<SP ID="P8_SP00257" HPOS="311" VPOS="1856" WIDTH="21"/>
						<String ID="P8_ST00291" HPOS="332" VPOS="1813" WIDTH="246" HEIGHT="50" CONTENT="Malherbe," WC="1.00" CC="003100004"/>
						<SP ID="P8_SP00258" HPOS="578" VPOS="1863" WIDTH="26"/>
						<String ID="P8_ST00292" HPOS="604" VPOS="1825" WIDTH="171" HEIGHT="28" CONTENT="comme" WC="1.00" CC="00000"/>
						<SP ID="P8_SP00259" HPOS="775" VPOS="1863" WIDTH="29"/>
						<String ID="P8_ST00293" HPOS="804" VPOS="1811" WIDTH="210" HEIGHT="47" CONTENT="Voltaire," WC="1.00" CC="000001003"/>
						<SP ID="P8_SP00260" HPOS="1014" VPOS="1863" WIDTH="22"/>
						<String ID="P8_ST00294" HPOS="1036" VPOS="1823" WIDTH="171" HEIGHT="28" CONTENT="comme" WC="1.00" CC="00000"/>
						<SP ID="P8_SP00261" HPOS="1207" VPOS="1863" WIDTH="32"/>
						<String ID="P8_ST00295" HPOS="1239" VPOS="1808" WIDTH="257" HEIGHT="41" CONTENT="Lamartine" WC="0.99" CC="000035400"/>
						<SP ID="P8_SP00262" HPOS="1496" VPOS="1863" WIDTH="31"/>
						<String ID="P8_ST00296" HPOS="1527" VPOS="1822" WIDTH="54" HEIGHT="27" CONTENT="ou" WC="0.68" CC="05"/>
						<SP ID="P8_SP00263" HPOS="1581" VPOS="1863" WIDTH="22"/>
						<String ID="P8_ST00297" HPOS="1603" VPOS="1821" WIDTH="171" HEIGHT="27" CONTENT="comme" WC="1.00" CC="00000"/>
						<SP ID="P8_SP00264" HPOS="1774" VPOS="1863" WIDTH="26"/>
						<String ID="P8_ST00298" HPOS="1800" VPOS="1808" WIDTH="148" HEIGHT="41" CONTENT="Victor" WC="0.99" CC="601010"/>
						<SP ID="P8_SP00265" HPOS="1948" VPOS="1863" WIDTH="21"/>
						<String ID="P8_ST00299" HPOS="1969" VPOS="1808" WIDTH="147" HEIGHT="51" CONTENT="Hugo." WC="0.99" CC="00004"/>
					</TextLine>
					<TextLine ID="P8_TL00027" HPOS="196" VPOS="1875" WIDTH="1924" HEIGHT="56">
						<String ID="P8_ST00300" HPOS="196" VPOS="1896" WIDTH="20" HEIGHT="25" CONTENT="«" WC="0.79" CC="2"/>
						<SP ID="P8_SP00266" HPOS="216" VPOS="1921" WIDTH="31"/>
						<String ID="P8_ST00301" HPOS="247" VPOS="1881" WIDTH="116" HEIGHT="42" CONTENT="Sans" WC="0.98" CC="0070"/>
						<SP ID="P8_SP00267" HPOS="363" VPOS="1923" WIDTH="20"/>
						<String ID="P8_ST00302" HPOS="383" VPOS="1883" WIDTH="132" HEIGHT="38" CONTENT="doute" WC="0.99" CC="00630"/>
						<SP ID="P8_SP00268" HPOS="515" VPOS="1923" WIDTH="22"/>
						<String ID="P8_ST00303" HPOS="537" VPOS="1881" WIDTH="39" HEIGHT="39" CONTENT="la" WC="0.83" CC="30"/>
						<SP ID="P8_SP00269" HPOS="576" VPOS="1923" WIDTH="21"/>
						<String ID="P8_ST00304" HPOS="597" VPOS="1881" WIDTH="259" HEIGHT="50" CONTENT="conception" WC="0.99" CC="0450006307"/>
						<SP ID="P8_SP00270" HPOS="856" VPOS="1931" WIDTH="22"/>
						<String ID="P8_ST00305" HPOS="878" VPOS="1892" WIDTH="84" HEIGHT="39" CONTENT="que" WC="0.97" CC="070"/>
						<SP ID="P8_SP00271" HPOS="962" VPOS="1931" WIDTH="16"/>
						<String ID="P8_ST00306" HPOS="978" VPOS="1879" WIDTH="62" HEIGHT="40" CONTENT="les" WC="1.00" CC="000"/>
						<SP ID="P8_SP00272" HPOS="1040" VPOS="1931" WIDTH="24"/>
						<String ID="P8_ST00307" HPOS="1064" VPOS="1878" WIDTH="192" HEIGHT="40" CONTENT="éditeurs" WC="0.99" CC="50040800"/>
						<SP ID="P8_SP00273" HPOS="1256" VPOS="1931" WIDTH="23"/>
						<String ID="P8_ST00308" HPOS="1279" VPOS="1877" WIDTH="57" HEIGHT="40" CONTENT="du" WC="1.00" CC="00"/>
						<SP ID="P8_SP00274" HPOS="1336" VPOS="1931" WIDTH="21"/>
						<String ID="P8_ST00309" HPOS="1357" VPOS="1877" WIDTH="323" HEIGHT="40" CONTENT="dix-neuvième" WC="1.00" CC="020460000700"/>
						<SP ID="P8_SP00275" HPOS="1680" VPOS="1931" WIDTH="20"/>
						<String ID="P8_ST00310" HPOS="1700" VPOS="1877" WIDTH="129" HEIGHT="40" CONTENT="siècle" WC="0.99" CC="140010"/>
						<SP ID="P8_SP00276" HPOS="1829" VPOS="1931" WIDTH="17"/>
						<String ID="P8_ST00311" HPOS="1846" VPOS="1890" WIDTH="46" HEIGHT="27" CONTENT="se" WC="1.00" CC="00"/>
						<SP ID="P8_SP00277" HPOS="1892" VPOS="1931" WIDTH="22"/>
						<String ID="P8_ST00312" HPOS="1914" VPOS="1875" WIDTH="128" HEIGHT="42" CONTENT="firent" WC="0.99" CC="330060"/>
						<SP ID="P8_SP00278" HPOS="2042" VPOS="1931" WIDTH="26"/>
						<String ID="P8_ST00313" HPOS="2068" VPOS="1877" WIDTH="52" HEIGHT="40" CONTENT="de" WC="1.00" CC="00"/>
					</TextLine>
					<TextLine ID="P8_TL00028" HPOS="141" VPOS="1944" WIDTH="1978" HEIGHT="59">
						<String ID="P8_ST00314" HPOS="141" VPOS="1952" WIDTH="40" HEIGHT="40" CONTENT="la" WC="0.71" CC="50"/>
						<SP ID="P8_SP00279" HPOS="181" VPOS="1992" WIDTH="24"/>
						<String ID="P8_ST00315" HPOS="205" VPOS="1951" WIDTH="171" HEIGHT="52" CONTENT="lyrique" WC="0.99" CC="6004060"/>
						<SP ID="P8_SP00280" HPOS="376" VPOS="2003" WIDTH="23"/>
						<String ID="P8_ST00316" HPOS="399" VPOS="1949" WIDTH="243" HEIGHT="40" CONTENT="médiévale" WC="0.99" CC="060260050"/>
						<SP ID="P8_SP00281" HPOS="642" VPOS="2003" WIDTH="24"/>
						<String ID="P8_ST00317" HPOS="666" VPOS="1950" WIDTH="115" HEIGHT="38" CONTENT="avait" WC="0.99" CC="60020"/>
						<SP ID="P8_SP00282" HPOS="781" VPOS="2003" WIDTH="21"/>
						<String ID="P8_ST00318" HPOS="802" VPOS="1961" WIDTH="44" HEIGHT="26" CONTENT="sa" WC="0.70" CC="05"/>
						<SP ID="P8_SP00283" HPOS="846" VPOS="2003" WIDTH="27"/>
						<String ID="P8_ST00319" HPOS="873" VPOS="1949" WIDTH="150" HEIGHT="38" CONTENT="raison" WC="0.99" CC="001005"/>
						<SP ID="P8_SP00284" HPOS="1023" VPOS="2003" WIDTH="23"/>
						<String ID="P8_ST00320" HPOS="1046" VPOS="1945" WIDTH="149" HEIGHT="41" CONTENT="d'être." WC="0.99" CC="0255002"/>
						<SP ID="P8_SP00285" HPOS="1195" VPOS="2003" WIDTH="26"/>
						<String ID="P8_ST00321" HPOS="1221" VPOS="1945" WIDTH="167" HEIGHT="40" CONTENT="Tandis" WC="1.00" CC="000000"/>
						<SP ID="P8_SP00286" HPOS="1388" VPOS="2003" WIDTH="24"/>
						<String ID="P8_ST00322" HPOS="1412" VPOS="1957" WIDTH="84" HEIGHT="39" CONTENT="que" WC="0.97" CC="070"/>
						<SP ID="P8_SP00287" HPOS="1496" VPOS="2003" WIDTH="17"/>
						<String ID="P8_ST00323" HPOS="1513" VPOS="1957" WIDTH="112" HEIGHT="39" CONTENT="pour" WC="0.99" CC="0150"/>
						<SP ID="P8_SP00288" HPOS="1625" VPOS="2003" WIDTH="23"/>
						<String ID="P8_ST00324" HPOS="1648" VPOS="1944" WIDTH="63" HEIGHT="40" CONTENT="De" WC="0.88" CC="20"/>
						<SP ID="P8_SP00289" HPOS="1711" VPOS="2003" WIDTH="28"/>
						<String ID="P8_ST00325" HPOS="1739" VPOS="1945" WIDTH="60" HEIGHT="39" CONTENT="La" WC="0.73" CC="50"/>
						<SP ID="P8_SP00290" HPOS="1799" VPOS="2003" WIDTH="24"/>
						<String ID="P8_ST00326" HPOS="1823" VPOS="1945" WIDTH="146" HEIGHT="40" CONTENT="Borde" WC="1.00" CC="00000"/>
						<SP ID="P8_SP00291" HPOS="1969" VPOS="2003" WIDTH="22"/>
						<String ID="P8_ST00327" HPOS="1991" VPOS="1954" WIDTH="40" HEIGHT="31" CONTENT="et" WC="0.68" CC="06"/>
						<SP ID="P8_SP00292" HPOS="2031" VPOS="2003" WIDTH="25"/>
						<String ID="P8_ST00328" HPOS="2056" VPOS="1944" WIDTH="63" HEIGHT="41" CONTENT="La" WC="0.75" CC="50"/>
					</TextLine>
					<TextLine ID="P8_TL00029" HPOS="144" VPOS="2012" WIDTH="1975" HEIGHT="55">
						<String ID="P8_ST00329" HPOS="144" VPOS="2018" WIDTH="249" HEIGHT="41" CONTENT="Ravallière" WC="0.80" CC="3000053700"/>
						<SP ID="P8_SP00293" HPOS="393" VPOS="2059" WIDTH="24"/>
						<String ID="P8_ST00330" HPOS="417" VPOS="2030" WIDTH="86" HEIGHT="26" CONTENT="une" WC="0.97" CC="070"/>
						<SP ID="P8_SP00294" HPOS="503" VPOS="2059" WIDTH="34"/>
						<String ID="P8_ST00331" HPOS="537" VPOS="2029" WIDTH="20" HEIGHT="24" CONTENT="«" WC="0.53" CC="4"/>
						<SP ID="P8_SP00295" HPOS="557" VPOS="2059" WIDTH="40"/>
						<String ID="P8_ST00332" HPOS="597" VPOS="2016" WIDTH="165" HEIGHT="40" CONTENT="édition" WC="0.99" CC="5006300"/>
						<SP ID="P8_SP00296" HPOS="762" VPOS="2059" WIDTH="24"/>
						<String ID="P8_ST00333" HPOS="786" VPOS="2017" WIDTH="185" HEIGHT="50" CONTENT="critique" WC="0.99" CC="00064030"/>
						<SP ID="P8_SP00297" HPOS="971" VPOS="2067" WIDTH="24"/>
						<String ID="P8_ST00334" HPOS="995" VPOS="2027" WIDTH="18" HEIGHT="24" CONTENT="»" WC="0.61" CC="3"/>
						<SP ID="P8_SP00298" HPOS="1013" VPOS="2067" WIDTH="40"/>
						<String ID="P8_ST00335" HPOS="1053" VPOS="2015" WIDTH="140" HEIGHT="38" CONTENT="aurait" WC="0.98" CC="055631"/>
						<SP ID="P8_SP00299" HPOS="1193" VPOS="2067" WIDTH="31"/>
						<String ID="P8_ST00336" HPOS="1224" VPOS="2017" WIDTH="67" HEIGHT="36" CONTENT="été" WC="0.96" CC="720"/>
						<SP ID="P8_SP00300" HPOS="1291" VPOS="2067" WIDTH="21"/>
						<String ID="P8_ST00337" HPOS="1312" VPOS="2027" WIDTH="60" HEIGHT="26" CONTENT="un" WC="0.33" CC="76"/>
						<SP ID="P8_SP00301" HPOS="1372" VPOS="2067" WIDTH="25"/>
						<String ID="P8_ST00338" HPOS="1397" VPOS="2020" WIDTH="90" HEIGHT="32" CONTENT="mot" WC="0.98" CC="004"/>
						<SP ID="P8_SP00302" HPOS="1487" VPOS="2067" WIDTH="22"/>
						<String ID="P8_ST00339" HPOS="1509" VPOS="2012" WIDTH="99" HEIGHT="39" CONTENT="vide" WC="0.99" CC="0204"/>
						<SP ID="P8_SP00303" HPOS="1608" VPOS="2067" WIDTH="32"/>
						<String ID="P8_ST00340" HPOS="1640" VPOS="2012" WIDTH="53" HEIGHT="39" CONTENT="de" WC="1.00" CC="00"/>
						<SP ID="P8_SP00304" HPOS="1693" VPOS="2067" WIDTH="20"/>
						<String ID="P8_ST00341" HPOS="1713" VPOS="2025" WIDTH="117" HEIGHT="35" CONTENT="sens," WC="0.99" CC="00004"/>
						<SP ID="P8_SP00305" HPOS="1830" VPOS="2067" WIDTH="37"/>
						<String ID="P8_ST00342" HPOS="1867" VPOS="2013" WIDTH="145" HEIGHT="40" CONTENT="tandis" WC="1.00" CC="100040"/>
						<SP ID="P8_SP00306" HPOS="2012" VPOS="2067" WIDTH="24"/>
						<String ID="P8_ST00343" HPOS="2036" VPOS="2027" WIDTH="83" HEIGHT="38" CONTENT="que" WC="0.98" CC="040"/>
					</TextLine>
					<TextLine ID="P8_TL00030" HPOS="141" VPOS="2081" WIDTH="1976" HEIGHT="52">
						<String ID="P8_ST00344" HPOS="141" VPOS="2086" WIDTH="161" HEIGHT="40" CONTENT="Paulin" WC="0.98" CC="600036"/>
						<SP ID="P8_SP00307" HPOS="302" VPOS="2126" WIDTH="39"/>
						<String ID="P8_ST00345" HPOS="341" VPOS="2084" WIDTH="127" HEIGHT="40" CONTENT="Paris" WC="0.99" CC="00240"/>
						<SP ID="P8_SP00308" HPOS="468" VPOS="2126" WIDTH="23"/>
						<String ID="P8_ST00346" HPOS="491" VPOS="2092" WIDTH="40" HEIGHT="32" CONTENT="et" WC="0.77" CC="04"/>
						<SP ID="P8_SP00309" HPOS="531" VPOS="2126" WIDTH="23"/>
						<String ID="P8_ST00347" HPOS="554" VPOS="2084" WIDTH="62" HEIGHT="39" CONTENT="les" WC="0.99" CC="200"/>
						<SP ID="P8_SP00310" HPOS="616" VPOS="2126" WIDTH="20"/>
						<String ID="P8_ST00348" HPOS="636" VPOS="2084" WIDTH="166" HEIGHT="40" CONTENT="érudits" WC="0.89" CC="0150000"/>
						<SP ID="P8_SP00311" HPOS="802" VPOS="2126" WIDTH="23"/>
						<String ID="P8_ST00349" HPOS="825" VPOS="2083" WIDTH="53" HEIGHT="40" CONTENT="de" WC="1.00" CC="00"/>
						<SP ID="P8_SP00312" HPOS="878" VPOS="2126" WIDTH="23"/>
						<String ID="P8_ST00350" HPOS="901" VPOS="2096" WIDTH="80" HEIGHT="27" CONTENT="son" WC="1.00" CC="000"/>
						<SP ID="P8_SP00313" HPOS="981" VPOS="2126" WIDTH="33"/>
						<String ID="P8_ST00351" HPOS="1014" VPOS="2091" WIDTH="143" HEIGHT="42" CONTENT="temps" WC="0.99" CC="40000"/>
						<SP ID="P8_SP00314" HPOS="1157" VPOS="2133" WIDTH="35"/>
						<String ID="P8_ST00352" HPOS="1192" VPOS="2089" WIDTH="304" HEIGHT="32" CONTENT="commencent" WC="1.00" CC="0000000060"/>
						<SP ID="P8_SP00315" HPOS="1496" VPOS="2133" WIDTH="25"/>
						<String ID="P8_ST00353" HPOS="1521" VPOS="2084" WIDTH="20" HEIGHT="35" CONTENT="à" WC="0.56" CC="4"/>
						<SP ID="P8_SP00316" HPOS="1541" VPOS="2133" WIDTH="25"/>
						<String ID="P8_ST00354" HPOS="1566" VPOS="2082" WIDTH="220" HEIGHT="38" CONTENT="entrevoir" WC="1.00" CC="003000040"/>
						<SP ID="P8_SP00317" HPOS="1786" VPOS="2133" WIDTH="34"/>
						<String ID="P8_ST00355" HPOS="1820" VPOS="2094" WIDTH="85" HEIGHT="39" CONTENT="que" WC="0.99" CC="030"/>
						<SP ID="P8_SP00318" HPOS="1905" VPOS="2133" WIDTH="32"/>
						<String ID="P8_ST00356" HPOS="1937" VPOS="2081" WIDTH="110" HEIGHT="40" CONTENT="dans" WC="0.98" CC="0450"/>
						<SP ID="P8_SP00319" HPOS="2047" VPOS="2133" WIDTH="34"/>
						<String ID="P8_ST00357" HPOS="2081" VPOS="2081" WIDTH="36" HEIGHT="39" CONTENT="la" WC="0.69" CC="06"/>
					</TextLine>
					<TextLine ID="P8_TL00031" HPOS="141" VPOS="2149" WIDTH="1978" HEIGHT="54">
						<String ID="P8_ST00358" HPOS="141" VPOS="2152" WIDTH="275" HEIGHT="47" CONTENT="publication" WC="0.99" CC="45051075210"/>
						<SP ID="P8_SP00320" HPOS="416" VPOS="2199" WIDTH="22"/>
						<String ID="P8_ST00359" HPOS="438" VPOS="2151" WIDTH="103" HEIGHT="41" CONTENT="d'un" WC="0.98" CC="0460"/>
						<SP ID="P8_SP00321" HPOS="541" VPOS="2199" WIDTH="23"/>
						<String ID="P8_ST00360" HPOS="564" VPOS="2160" WIDTH="113" HEIGHT="31" CONTENT="texte" WC="0.99" CC="30400"/>
						<SP ID="P8_SP00322" HPOS="677" VPOS="2199" WIDTH="15"/>
						<String ID="P8_ST00361" HPOS="692" VPOS="2151" WIDTH="29" HEIGHT="39" CONTENT="il" WC="0.88" CC="10"/>
						<SP ID="P8_SP00323" HPOS="721" VPOS="2199" WIDTH="22"/>
						<String ID="P8_ST00362" HPOS="743" VPOS="2166" WIDTH="28" HEIGHT="37" CONTENT="y" WC="1.00" CC="0"/>
						<SP ID="P8_SP00324" HPOS="771" VPOS="2203" WIDTH="34"/>
						<String ID="P8_ST00363" HPOS="805" VPOS="2165" WIDTH="21" HEIGHT="25" CONTENT="a" WC="1.00" CC="0"/>
						<SP ID="P8_SP00325" HPOS="826" VPOS="2203" WIDTH="33"/>
						<String ID="P8_ST00364" HPOS="859" VPOS="2154" WIDTH="214" HEIGHT="49" CONTENT="peut-être" WC="0.99" CC="006536000"/>
						<SP ID="P8_SP00326" HPOS="1073" VPOS="2203" WIDTH="20"/>
						<String ID="P8_ST00365" HPOS="1093" VPOS="2149" WIDTH="191" HEIGHT="52" CONTENT="quelque" WC="0.99" CC="0603050"/>
						<SP ID="P8_SP00327" HPOS="1284" VPOS="2203" WIDTH="35"/>
						<String ID="P8_ST00366" HPOS="1319" VPOS="2149" WIDTH="323" HEIGHT="39" CONTENT="discernement" WC="1.00" CC="040000000053"/>
						<SP ID="P8_SP00328" HPOS="1642" VPOS="2203" WIDTH="35"/>
						<String ID="P8_ST00367" HPOS="1677" VPOS="2152" WIDTH="20" HEIGHT="36" CONTENT="à" WC="1.00" CC="0"/>
						<SP ID="P8_SP00329" HPOS="1697" VPOS="2203" WIDTH="44"/>
						<String ID="P8_ST00368" HPOS="1741" VPOS="2157" WIDTH="220" HEIGHT="44" CONTENT="apporter," WC="1.00" CC="500000003"/>
						<SP ID="P8_SP00330" HPOS="1961" VPOS="2203" WIDTH="37"/>
						<String ID="P8_ST00369" HPOS="1998" VPOS="2149" WIDTH="97" HEIGHT="51" CONTENT="quel" SUBS_TYPE="HypPart1" SUBS_CONTENT="quelques" WC="0.99" CC="0503"/>
						<HYP HPOS="2095" VPOS="2149" WIDTH="24" CONTENT="-"/>
					</TextLine>
					<TextLine ID="P8_TL00032" HPOS="144" VPOS="2217" WIDTH="1975" HEIGHT="56">
						<String ID="P8_ST00370" HPOS="144" VPOS="2234" WIDTH="109" HEIGHT="39" CONTENT="ques" SUBS_TYPE="HypPart2" SUBS_CONTENT="quelques" WC="0.99" CC="0300"/>
						<SP ID="P8_SP00331" HPOS="253" VPOS="2273" WIDTH="22"/>
						<String ID="P8_ST00371" HPOS="275" VPOS="2220" WIDTH="143" HEIGHT="50" CONTENT="règles" WC="0.99" CC="080400"/>
						<SP ID="P8_SP00332" HPOS="418" VPOS="2273" WIDTH="22"/>
						<String ID="P8_ST00372" HPOS="440" VPOS="2224" WIDTH="21" HEIGHT="36" CONTENT="à" WC="0.70" CC="2"/>
						<SP ID="P8_SP00333" HPOS="461" VPOS="2273" WIDTH="40"/>
						<String ID="P8_ST00373" HPOS="501" VPOS="2222" WIDTH="160" HEIGHT="47" CONTENT="suivre," WC="0.99" CC="0040204"/>
						<SP ID="P8_SP00334" HPOS="661" VPOS="2273" WIDTH="33"/>
						<String ID="P8_ST00374" HPOS="694" VPOS="2218" WIDTH="148" HEIGHT="40" CONTENT="l'école" WC="0.99" CC="2280040"/>
						<SP ID="P8_SP00335" HPOS="842" VPOS="2273" WIDTH="37"/>
						<String ID="P8_ST00375" HPOS="879" VPOS="2218" WIDTH="306" HEIGHT="51" CONTENT="philologique" WC="1.00" CC="050404006000"/>
						<SP ID="P8_SP00336" HPOS="1185" VPOS="2273" WIDTH="41"/>
						<String ID="P8_ST00376" HPOS="1226" VPOS="2231" WIDTH="21" HEIGHT="26" CONTENT="a" WC="1.00" CC="0"/>
						<SP ID="P8_SP00337" HPOS="1247" VPOS="2273" WIDTH="26"/>
						<String ID="P8_ST00377" HPOS="1273" VPOS="2220" WIDTH="155" HEIGHT="36" CONTENT="amené" WC="0.99" CC="50030"/>
						<SP ID="P8_SP00338" HPOS="1428" VPOS="2273" WIDTH="23"/>
						<String ID="P8_ST00378" HPOS="1451" VPOS="2217" WIDTH="282" HEIGHT="51" CONTENT="aujourd'hui" WC="0.99" CC="07006000054"/>
						<SP ID="P8_SP00339" HPOS="1733" VPOS="2273" WIDTH="23"/>
						<String ID="P8_ST00379" HPOS="1756" VPOS="2217" WIDTH="37" HEIGHT="39" CONTENT="la" WC="0.96" CC="00"/>
						<SP ID="P8_SP00340" HPOS="1793" VPOS="2273" WIDTH="35"/>
						<String ID="P8_ST00380" HPOS="1828" VPOS="2219" WIDTH="185" HEIGHT="50" CONTENT="critique" WC="1.00" CC="00000063"/>
						<SP ID="P8_SP00341" HPOS="2013" VPOS="2273" WIDTH="32"/>
						<String ID="P8_ST00381" HPOS="2045" VPOS="2218" WIDTH="74" HEIGHT="39" CONTENT="des" WC="1.00" CC="000"/>
					</TextLine>
					<TextLine ID="P8_TL00033" HPOS="144" VPOS="2284" WIDTH="1978" HEIGHT="53">
						<String ID="P8_ST00382" HPOS="144" VPOS="2297" WIDTH="136" HEIGHT="33" CONTENT="textes" WC="0.99" CC="400300"/>
						<SP ID="P8_SP00342" HPOS="280" VPOS="2330" WIDTH="21"/>
						<String ID="P8_ST00383" HPOS="301" VPOS="2292" WIDTH="21" HEIGHT="36" CONTENT="à" WC="0.99" CC="0"/>
						<SP ID="P8_SP00343" HPOS="322" VPOS="2330" WIDTH="25"/>
						<String ID="P8_ST00384" HPOS="347" VPOS="2302" WIDTH="58" HEIGHT="26" CONTENT="un" WC="0.70" CC="05"/>
						<SP ID="P8_SP00344" HPOS="405" VPOS="2330" WIDTH="24"/>
						<String ID="P8_ST00385" HPOS="429" VPOS="2288" WIDTH="135" HEIGHT="49" CONTENT="degré" WC="0.99" CC="00600"/>
						<SP ID="P8_SP00345" HPOS="564" VPOS="2337" WIDTH="20"/>
						<String ID="P8_ST00386" HPOS="584" VPOS="2287" WIDTH="54" HEIGHT="39" CONTENT="de" WC="1.00" CC="00"/>
						<SP ID="P8_SP00346" HPOS="638" VPOS="2337" WIDTH="22"/>
						<String ID="P8_ST00387" HPOS="660" VPOS="2288" WIDTH="181" HEIGHT="49" CONTENT="rigueur" WC="0.99" CC="5000060"/>
						<SP ID="P8_SP00347" HPOS="841" VPOS="2337" WIDTH="30"/>
						<String ID="P8_ST00388" HPOS="871" VPOS="2294" WIDTH="40" HEIGHT="31" CONTENT="et" WC="0.68" CC="05"/>
						<SP ID="P8_SP00348" HPOS="911" VPOS="2337" WIDTH="23"/>
						<String ID="P8_ST00389" HPOS="934" VPOS="2286" WIDTH="54" HEIGHT="39" CONTENT="de" WC="1.00" CC="00"/>
						<SP ID="P8_SP00349" HPOS="988" VPOS="2337" WIDTH="35"/>
						<String ID="P8_ST00390" HPOS="1023" VPOS="2286" WIDTH="218" HEIGHT="51" CONTENT="précision" WC="1.00" CC="000010406"/>
						<SP ID="P8_SP00350" HPOS="1241" VPOS="2337" WIDTH="32"/>
						<String ID="P8_ST00391" HPOS="1273" VPOS="2284" WIDTH="360" HEIGHT="40" CONTENT="extraordinaire." WC="1.00" CC="005000003074002"/>
						<SP ID="P8_SP00351" HPOS="1633" VPOS="2337" WIDTH="27"/>
						<String ID="P8_ST00392" HPOS="1660" VPOS="2284" WIDTH="96" HEIGHT="41" CONTENT="Une" WC="0.99" CC="100"/>
						<SP ID="P8_SP00352" HPOS="1756" VPOS="2337" WIDTH="32"/>
						<String ID="P8_ST00393" HPOS="1788" VPOS="2284" WIDTH="165" HEIGHT="41" CONTENT="double" WC="1.00" CC="000040"/>
						<SP ID="P8_SP00353" HPOS="1953" VPOS="2337" WIDTH="20"/>
						<String ID="P8_ST00394" HPOS="1973" VPOS="2290" WIDTH="125" HEIGHT="36" CONTENT="consé" SUBS_TYPE="HypPart1" SUBS_CONTENT="conséquence" WC="0.99" CC="00400"/>
						<HYP HPOS="2098" VPOS="2290" WIDTH="24" CONTENT="-"/>
					</TextLine>
					<TextLine ID="P8_TL00034" HPOS="147" VPOS="2351" WIDTH="1974" HEIGHT="57">
						<String ID="P8_ST00395" HPOS="147" VPOS="2369" WIDTH="164" HEIGHT="39" CONTENT="quence" SUBS_TYPE="HypPart2" SUBS_CONTENT="conséquence" WC="0.99" CC="700600"/>
						<SP ID="P8_SP00354" HPOS="311" VPOS="2408" WIDTH="23"/>
						<String ID="P8_ST00396" HPOS="334" VPOS="2354" WIDTH="181" HEIGHT="41" CONTENT="s'ensuit" WC="0.99" CC="04100533"/>
						<SP ID="P8_SP00355" HPOS="515" VPOS="2408" WIDTH="28"/>
						<String ID="P8_ST00397" HPOS="543" VPOS="2366" WIDTH="8" HEIGHT="26" CONTENT=":" WC="0.64" CC="3"/>
						<SP ID="P8_SP00356" HPOS="551" VPOS="2408" WIDTH="26"/>
						<String ID="P8_ST00398" HPOS="577" VPOS="2355" WIDTH="39" HEIGHT="39" CONTENT="la" WC="0.94" CC="10"/>
						<SP ID="P8_SP00357" HPOS="616" VPOS="2408" WIDTH="23"/>
						<String ID="P8_ST00399" HPOS="639" VPOS="2356" WIDTH="215" HEIGHT="50" CONTENT="première" WC="1.00" CC="00003700"/>
						<SP ID="P8_SP00358" HPOS="854" VPOS="2408" WIDTH="17"/>
						<String ID="P8_ST00400" HPOS="871" VPOS="2362" WIDTH="64" HEIGHT="31" CONTENT="est" WC="0.98" CC="005"/>
						<SP ID="P8_SP00359" HPOS="935" VPOS="2408" WIDTH="24"/>
						<String ID="P8_ST00401" HPOS="959" VPOS="2366" WIDTH="83" HEIGHT="38" CONTENT="que" WC="1.00" CC="000"/>
						<SP ID="P8_SP00360" HPOS="1042" VPOS="2408" WIDTH="18"/>
						<String ID="P8_ST00402" HPOS="1060" VPOS="2366" WIDTH="112" HEIGHT="38" CONTENT="pour" WC="1.00" CC="0000"/>
						<SP ID="P8_SP00361" HPOS="1172" VPOS="2408" WIDTH="21"/>
						<String ID="P8_ST00403" HPOS="1193" VPOS="2352" WIDTH="169" HEIGHT="40" CONTENT="étudier" WC="0.99" CC="6300100"/>
						<SP ID="P8_SP00362" HPOS="1362" VPOS="2408" WIDTH="23"/>
						<String ID="P8_ST00404" HPOS="1385" VPOS="2365" WIDTH="103" HEIGHT="26" CONTENT="avec" WC="0.99" CC="0003"/>
						<SP ID="P8_SP00363" HPOS="1488" VPOS="2408" WIDTH="22"/>
						<String ID="P8_ST00405" HPOS="1510" VPOS="2365" WIDTH="86" HEIGHT="27" CONTENT="une" WC="0.98" CC="060"/>
						<SP ID="P8_SP00364" HPOS="1596" VPOS="2408" WIDTH="23"/>
						<String ID="P8_ST00406" HPOS="1619" VPOS="2352" WIDTH="125" HEIGHT="50" CONTENT="égale" WC="1.00" CC="00000"/>
						<SP ID="P8_SP00365" HPOS="1744" VPOS="2408" WIDTH="33"/>
						<String ID="P8_ST00407" HPOS="1777" VPOS="2358" WIDTH="144" HEIGHT="35" CONTENT="sûreté" WC="1.00" CC="030000"/>
						<SP ID="P8_SP00366" HPOS="1921" VPOS="2408" WIDTH="24"/>
						<String ID="P8_ST00408" HPOS="1945" VPOS="2351" WIDTH="176" HEIGHT="43" CONTENT="l'œuvre" WC="0.99" CC="0404002"/>
					</TextLine>
					<TextLine ID="P8_TL00035" HPOS="151" VPOS="2419" WIDTH="1970" HEIGHT="55">
						<String ID="P8_ST00409" HPOS="151" VPOS="2424" WIDTH="250" HEIGHT="50" CONTENT="mélodique" WC="1.00" CC="904000000"/>
						<SP ID="P8_SP00367" HPOS="401" VPOS="2474" WIDTH="38"/>
						<String ID="P8_ST00410" HPOS="439" VPOS="2431" WIDTH="41" HEIGHT="32" CONTENT="et" WC="0.79" CC="04"/>
						<SP ID="P8_SP00368" HPOS="480" VPOS="2474" WIDTH="35"/>
						<String ID="P8_ST00411" HPOS="515" VPOS="2421" WIDTH="182" HEIGHT="41" CONTENT="l'œuvre" WC="1.00" CC="3200000"/>
						<SP ID="P8_SP00369" HPOS="697" VPOS="2474" WIDTH="39"/>
						<String ID="P8_ST00412" HPOS="736" VPOS="2422" WIDTH="210" HEIGHT="40" CONTENT="littéraire" WC="1.00" CC="3000600000"/>
						<SP ID="P8_SP00370" HPOS="946" VPOS="2474" WIDTH="21"/>
						<String ID="P8_ST00413" HPOS="967" VPOS="2421" WIDTH="77" HEIGHT="39" CONTENT="des" WC="1.00" CC="000"/>
						<SP ID="P8_SP00371" HPOS="1044" VPOS="2474" WIDTH="38"/>
						<String ID="P8_ST00414" HPOS="1082" VPOS="2425" WIDTH="239" HEIGHT="42" CONTENT="trouvères," WC="0.99" CC="0506070103"/>
						<SP ID="P8_SP00372" HPOS="1321" VPOS="2474" WIDTH="41"/>
						<String ID="P8_ST00415" HPOS="1362" VPOS="2420" WIDTH="30" HEIGHT="39" CONTENT="il" WC="0.94" CC="01"/>
						<SP ID="P8_SP00373" HPOS="1392" VPOS="2474" WIDTH="37"/>
						<String ID="P8_ST00416" HPOS="1429" VPOS="2421" WIDTH="141" HEIGHT="39" CONTENT="aurait" WC="0.99" CC="400005"/>
						<SP ID="P8_SP00374" HPOS="1570" VPOS="2474" WIDTH="41"/>
						<String ID="P8_ST00417" HPOS="1611" VPOS="2419" WIDTH="109" HEIGHT="41" CONTENT="fallu" WC="1.00" CC="00200"/>
						<SP ID="P8_SP00375" HPOS="1720" VPOS="2474" WIDTH="105"/>
						<String ID="P8_ST00418" HPOS="1825" VPOS="2434" WIDTH="82" HEIGHT="26" CONTENT="nos" WC="0.98" CC="400"/>
						<SP ID="P8_SP00376" HPOS="1907" VPOS="2474" WIDTH="22"/>
						<String ID="P8_ST00419" HPOS="1929" VPOS="2422" WIDTH="192" HEIGHT="40" CONTENT="éditeurs" WC="0.99" CC="60040600"/>
					</TextLine>
					<TextLine ID="P8_TL00036" HPOS="148" VPOS="2488" WIDTH="1973" HEIGHT="52">
						<String ID="P8_ST00420" HPOS="148" VPOS="2491" WIDTH="104" HEIGHT="40" CONTENT="l'ont" WC="0.98" CC="40045"/>
						<SP ID="P8_SP00377" HPOS="252" VPOS="2531" WIDTH="23"/>
						<String ID="P8_ST00421" HPOS="275" VPOS="2490" WIDTH="102" HEIGHT="40" CONTENT="bien" WC="1.00" CC="0000"/>
						<SP ID="P8_SP00378" HPOS="377" VPOS="2531" WIDTH="33"/>
						<String ID="P8_ST00422" HPOS="410" VPOS="2491" WIDTH="112" HEIGHT="39" CONTENT="senti" WC="1.00" CC="03000"/>
						<SP ID="P8_SP00379" HPOS="522" VPOS="2531" WIDTH="123"/>
						<String ID="P8_ST00423" HPOS="645" VPOS="2502" WIDTH="87" HEIGHT="28" CONTENT="une" WC="0.97" CC="700"/>
						<SP ID="P8_SP00380" HPOS="732" VPOS="2531" WIDTH="24"/>
						<String ID="P8_ST00424" HPOS="756" VPOS="2489" WIDTH="167" HEIGHT="40" CONTENT="culture" WC="0.98" CC="0664600"/>
						<SP ID="P8_SP00381" HPOS="923" VPOS="2531" WIDTH="32"/>
						<String ID="P8_ST00425" HPOS="955" VPOS="2488" WIDTH="211" HEIGHT="41" CONTENT="musicale" WC="1.00" CC="00040030"/>
						<SP ID="P8_SP00382" HPOS="1166" VPOS="2531" WIDTH="22"/>
						<String ID="P8_ST00426" HPOS="1188" VPOS="2496" WIDTH="40" HEIGHT="32" CONTENT="et" WC="1.00" CC="00"/>
						<SP ID="P8_SP00383" HPOS="1228" VPOS="2531" WIDTH="24"/>
						<String ID="P8_ST00427" HPOS="1252" VPOS="2488" WIDTH="307" HEIGHT="52" CONTENT="philologique" WC="1.00" CC="061004204000"/>
						<SP ID="P8_SP00384" HPOS="1559" VPOS="2540" WIDTH="44"/>
						<String ID="P8_ST00428" HPOS="1603" VPOS="2491" WIDTH="22" HEIGHT="37" CONTENT="à" WC="0.98" CC="0"/>
						<SP ID="P8_SP00385" HPOS="1625" VPOS="2540" WIDTH="37"/>
						<String ID="P8_ST00429" HPOS="1662" VPOS="2488" WIDTH="39" HEIGHT="40" CONTENT="la" WC="0.87" CC="20"/>
						<SP ID="P8_SP00386" HPOS="1701" VPOS="2540" WIDTH="43"/>
						<String ID="P8_ST00430" HPOS="1744" VPOS="2488" WIDTH="84" HEIGHT="40" CONTENT="fois" WC="1.00" CC="0000"/>
						<SP ID="P8_SP00387" HPOS="1828" VPOS="2540" WIDTH="23"/>
						<String ID="P8_ST00431" HPOS="1851" VPOS="2500" WIDTH="9" HEIGHT="29" CONTENT=":" WC="0.27" CC="7"/>
						<SP ID="P8_SP00388" HPOS="1860" VPOS="2540" WIDTH="26"/>
						<String ID="P8_ST00432" HPOS="1886" VPOS="2497" WIDTH="109" HEIGHT="33" CONTENT="cette" WC="0.99" CC="00450"/>
						<SP ID="P8_SP00389" HPOS="1995" VPOS="2540" WIDTH="28"/>
						<String ID="P8_ST00433" HPOS="2023" VPOS="2502" WIDTH="74" HEIGHT="28" CONTENT="ren" SUBS_TYPE="HypPart1" SUBS_CONTENT="rencontre," WC="0.97" CC="402"/>
						<HYP HPOS="2097" VPOS="2502" WIDTH="24" CONTENT="-"/>
					</TextLine>
					<TextLine ID="P8_TL00037" HPOS="146" VPOS="2555" WIDTH="1973" HEIGHT="55">
						<String ID="P8_ST00434" HPOS="146" VPOS="2567" WIDTH="164" HEIGHT="38" CONTENT="contre," SUBS_TYPE="HypPart2" SUBS_CONTENT="rencontre," WC="0.98" CC="0576004"/>
						<SP ID="P8_SP00390" HPOS="310" VPOS="2605" WIDTH="21"/>
						<String ID="P8_ST00435" HPOS="331" VPOS="2555" WIDTH="219" HEIGHT="55" CONTENT="jusqu'ici," WC="0.99" CC="0500515020"/>
						<SP ID="P8_SP00391" HPOS="550" VPOS="2610" WIDTH="24"/>
						<String ID="P8_ST00436" HPOS="574" VPOS="2570" WIDTH="54" HEIGHT="27" CONTENT="ne" WC="0.87" CC="20"/>
						<SP ID="P8_SP00392" HPOS="628" VPOS="2610" WIDTH="24"/>
						<String ID="P8_ST00437" HPOS="652" VPOS="2558" WIDTH="101" HEIGHT="39" CONTENT="s'est" WC="0.99" CC="00050"/>
						<SP ID="P8_SP00393" HPOS="753" VPOS="2610" WIDTH="23"/>
						<String ID="P8_ST00438" HPOS="776" VPOS="2559" WIDTH="123" HEIGHT="49" CONTENT="point" WC="0.99" CC="00305"/>
						<SP ID="P8_SP00394" HPOS="899" VPOS="2610" WIDTH="23"/>
						<String ID="P8_ST00439" HPOS="922" VPOS="2556" WIDTH="217" HEIGHT="52" CONTENT="produite." WC="1.00" CC="000044102"/>
						<SP ID="P8_SP00395" HPOS="1139" VPOS="2610" WIDTH="25"/>
						<String ID="P8_ST00440" HPOS="1164" VPOS="2556" WIDTH="61" HEIGHT="40" CONTENT="La" WC="1.00" CC="00"/>
						<SP ID="P8_SP00396" HPOS="1225" VPOS="2610" WIDTH="23"/>
						<String ID="P8_ST00441" HPOS="1248" VPOS="2556" WIDTH="189" HEIGHT="40" CONTENT="seconde" WC="0.99" CC="2003400"/>
						<SP ID="P8_SP00397" HPOS="1437" VPOS="2610" WIDTH="23"/>
						<String ID="P8_ST00442" HPOS="1460" VPOS="2560" WIDTH="305" HEIGHT="47" CONTENT="conséquence" WC="1.00" CC="00000040000"/>
						<SP ID="P8_SP00398" HPOS="1765" VPOS="2610" WIDTH="13"/>
						<String ID="P8_ST00443" HPOS="1778" VPOS="2558" WIDTH="203" HEIGHT="50" CONTENT="provient" WC="1.00" CC="00000002"/>
						<SP ID="P8_SP00399" HPOS="1981" VPOS="2610" WIDTH="23"/>
						<String ID="P8_ST00444" HPOS="2004" VPOS="2558" WIDTH="53" HEIGHT="40" CONTENT="de" WC="1.00" CC="00"/>
						<SP ID="P8_SP00400" HPOS="2057" VPOS="2610" WIDTH="24"/>
						<String ID="P8_ST00445" HPOS="2081" VPOS="2558" WIDTH="38" HEIGHT="40" CONTENT="la" WC="0.82" CC="30"/>
					</TextLine>
					<TextLine ID="P8_TL00038" HPOS="148" VPOS="2623" WIDTH="1971" HEIGHT="53">
						<String ID="P8_ST00446" HPOS="148" VPOS="2635" WIDTH="156" HEIGHT="32" CONTENT="nature" WC="0.99" CC="000570"/>
						<SP ID="P8_SP00401" HPOS="304" VPOS="2667" WIDTH="22"/>
						<String ID="P8_ST00447" HPOS="326" VPOS="2629" WIDTH="144" HEIGHT="36" CONTENT="même" WC="0.99" CC="0400"/>
						<SP ID="P8_SP00402" HPOS="470" VPOS="2667" WIDTH="22"/>
						<String ID="P8_ST00448" HPOS="492" VPOS="2625" WIDTH="76" HEIGHT="40" CONTENT="des" WC="0.99" CC="010"/>
						<SP ID="P8_SP00403" HPOS="568" VPOS="2667" WIDTH="33"/>
						<String ID="P8_ST00449" HPOS="601" VPOS="2633" WIDTH="136" HEIGHT="32" CONTENT="textes" WC="1.00" CC="000000"/>
						<SP ID="P8_SP00404" HPOS="737" VPOS="2667" WIDTH="34"/>
						<String ID="P8_ST00450" HPOS="771" VPOS="2625" WIDTH="293" HEIGHT="51" CONTENT="mélodiques," WC="1.00" CC="06030100004"/>
						<SP ID="P8_SP00405" HPOS="1064" VPOS="2676" WIDTH="29"/>
						<String ID="P8_ST00451" HPOS="1093" VPOS="2625" WIDTH="38" HEIGHT="51" CONTENT="je" WC="0.83" CC="03"/>
						<SP ID="P8_SP00406" HPOS="1131" VPOS="2676" WIDTH="33"/>
						<String ID="P8_ST00452" HPOS="1164" VPOS="2636" WIDTH="110" HEIGHT="28" CONTENT="veux" WC="1.00" CC="0000"/>
						<SP ID="P8_SP00407" HPOS="1274" VPOS="2676" WIDTH="23"/>
						<String ID="P8_ST00453" HPOS="1297" VPOS="2624" WIDTH="93" HEIGHT="40" CONTENT="dire" WC="1.00" CC="0000"/>
						<SP ID="P8_SP00408" HPOS="1390" VPOS="2676" WIDTH="22"/>
						<String ID="P8_ST00454" HPOS="1412" VPOS="2624" WIDTH="52" HEIGHT="39" CONTENT="de" WC="1.00" CC="00"/>
						<SP ID="P8_SP00409" HPOS="1464" VPOS="2676" WIDTH="32"/>
						<String ID="P8_ST00455" HPOS="1496" VPOS="2624" WIDTH="94" HEIGHT="40" CONTENT="leur" WC="0.98" CC="4202"/>
						<SP ID="P8_SP00410" HPOS="1590" VPOS="2676" WIDTH="21"/>
						<String ID="P8_ST00456" HPOS="1611" VPOS="2623" WIDTH="243" HEIGHT="42" CONTENT="instabilité" WC="1.00" CC="05040003140"/>
						<SP ID="P8_SP00411" HPOS="1854" VPOS="2676" WIDTH="32"/>
						<String ID="P8_ST00457" HPOS="1886" VPOS="2639" WIDTH="53" HEIGHT="26" CONTENT="au" WC="0.52" CC="45"/>
						<SP ID="P8_SP00412" HPOS="1939" VPOS="2676" WIDTH="26"/>
						<String ID="P8_ST00458" HPOS="1965" VPOS="2627" WIDTH="154" HEIGHT="49" CONTENT="regard" WC="1.00" CC="000000"/>
					</TextLine>
					<TextLine ID="P8_TL00039" HPOS="146" VPOS="2691" WIDTH="1976" HEIGHT="53">
						<String ID="P8_ST00459" HPOS="146" VPOS="2695" WIDTH="52" HEIGHT="39" CONTENT="de" WC="1.00" CC="00"/>
						<SP ID="P8_SP00413" HPOS="198" VPOS="2734" WIDTH="24"/>
						<String ID="P8_ST00460" HPOS="222" VPOS="2695" WIDTH="10" HEIGHT="38" CONTENT="1" WC="0.54" CC="4"/>
						<SP ID="P8_SP00414" HPOS="232" VPOS="2734" WIDTH="20"/>
						<String ID="P8_ST00461" HPOS="252" VPOS="2693" WIDTH="282" HEIGHT="40" CONTENT="observation" WC="1.00" CC="00000000106"/>
						<SP ID="P8_SP00415" HPOS="534" VPOS="2734" WIDTH="24"/>
						<String ID="P8_ST00462" HPOS="558" VPOS="2691" WIDTH="275" HEIGHT="53" CONTENT="scientifique" WC="1.00" CC="003104600040"/>
						<SP ID="P8_SP00416" HPOS="833" VPOS="2744" WIDTH="25"/>
						<String ID="P8_ST00463" HPOS="858" VPOS="2708" WIDTH="6" HEIGHT="24" CONTENT=":" WC="0.66" CC="3"/>
						<SP ID="P8_SP00417" HPOS="864" VPOS="2744" WIDTH="31"/>
						<String ID="P8_ST00464" HPOS="895" VPOS="2693" WIDTH="35" HEIGHT="39" CONTENT="si" WC="0.64" CC="61"/>
						<SP ID="P8_SP00418" HPOS="930" VPOS="2744" WIDTH="36"/>
						<String ID="P8_ST00465" HPOS="966" VPOS="2707" WIDTH="59" HEIGHT="25" CONTENT="un" WC="0.54" CC="62"/>
						<SP ID="P8_SP00419" HPOS="1025" VPOS="2744" WIDTH="24"/>
						<String ID="P8_ST00466" HPOS="1049" VPOS="2692" WIDTH="259" HEIGHT="52" CONTENT="philologue" WC="1.00" CC="0430000050"/>
						<SP ID="P8_SP00420" HPOS="1308" VPOS="2744" WIDTH="35"/>
						<String ID="P8_ST00467" HPOS="1343" VPOS="2693" WIDTH="115" HEIGHT="38" CONTENT="avait" WC="0.98" CC="00155"/>
						<SP ID="P8_SP00421" HPOS="1458" VPOS="2744" WIDTH="36"/>
						<String ID="P8_ST00468" HPOS="1494" VPOS="2692" WIDTH="135" HEIGHT="40" CONTENT="voulu" WC="0.99" CC="01070"/>
						<SP ID="P8_SP00422" HPOS="1629" VPOS="2744" WIDTH="24"/>
						<String ID="P8_ST00469" HPOS="1653" VPOS="2701" WIDTH="241" HEIGHT="32" CONTENT="soumettre" WC="0.99" CC="006005500"/>
						<SP ID="P8_SP00423" HPOS="1894" VPOS="2744" WIDTH="23"/>
						<String ID="P8_ST00470" HPOS="1917" VPOS="2707" WIDTH="59" HEIGHT="26" CONTENT="un" WC="0.74" CC="05"/>
						<SP ID="P8_SP00424" HPOS="1976" VPOS="2744" WIDTH="36"/>
						<String ID="P8_ST00471" HPOS="2012" VPOS="2702" WIDTH="110" HEIGHT="32" CONTENT="texte" WC="0.99" CC="30070"/>
					</TextLine>
					<TextLine ID="P8_TL00040" HPOS="145" VPOS="2758" WIDTH="1975" HEIGHT="55">
						<String ID="P8_ST00472" HPOS="145" VPOS="2760" WIDTH="251" HEIGHT="53" CONTENT="mélodique" WC="1.00" CC="003000060"/>
						<SP ID="P8_SP00425" HPOS="396" VPOS="2813" WIDTH="24"/>
						<String ID="P8_ST00473" HPOS="420" VPOS="2761" WIDTH="51" HEIGHT="40" CONTENT="de" WC="1.00" CC="00"/>
						<SP ID="P8_SP00426" HPOS="471" VPOS="2813" WIDTH="41"/>
						<String ID="P8_ST00474" HPOS="512" VPOS="2760" WIDTH="201" HEIGHT="52" CONTENT="l'époque" WC="1.00" CC="63001000"/>
						<SP ID="P8_SP00427" HPOS="713" VPOS="2813" WIDTH="32"/>
						<String ID="P8_ST00475" HPOS="745" VPOS="2761" WIDTH="76" HEIGHT="39" CONTENT="des" WC="1.00" CC="000"/>
						<SP ID="P8_SP00428" HPOS="821" VPOS="2813" WIDTH="47"/>
						<String ID="P8_ST00476" HPOS="868" VPOS="2766" WIDTH="226" HEIGHT="34" CONTENT="trouvères" WC="1.00" CC="000007000"/>
						<SP ID="P8_SP00429" HPOS="1094" VPOS="2813" WIDTH="36"/>
						<String ID="P8_ST00477" HPOS="1130" VPOS="2764" WIDTH="20" HEIGHT="34" CONTENT="à" WC="0.68" CC="3"/>
						<SP ID="P8_SP00430" HPOS="1150" VPOS="2813" WIDTH="35"/>
						<String ID="P8_ST00478" HPOS="1185" VPOS="2758" WIDTH="216" HEIGHT="53" CONTENT="l'épreuve" WC="1.00" CC="226000000"/>
						<SP ID="P8_SP00431" HPOS="1401" VPOS="2813" WIDTH="39"/>
						<String ID="P8_ST00479" HPOS="1440" VPOS="2759" WIDTH="53" HEIGHT="40" CONTENT="de" WC="1.00" CC="00"/>
						<SP ID="P8_SP00432" HPOS="1493" VPOS="2813" WIDTH="39"/>
						<String ID="P8_ST00480" HPOS="1532" VPOS="2759" WIDTH="39" HEIGHT="40" CONTENT="la" WC="0.82" CC="30"/>
						<SP ID="P8_SP00433" HPOS="1571" VPOS="2813" WIDTH="37"/>
						<String ID="P8_ST00481" HPOS="1608" VPOS="2760" WIDTH="207" HEIGHT="40" CONTENT="méthode" WC="0.99" CC="0630000"/>
						<SP ID="P8_SP00434" HPOS="1815" VPOS="2813" WIDTH="40"/>
						<String ID="P8_ST00482" HPOS="1855" VPOS="2763" WIDTH="199" HEIGHT="50" CONTENT="critique," WC="1.00" CC="000000000"/>
						<SP ID="P8_SP00435" HPOS="2054" VPOS="2813" WIDTH="40"/>
						<String ID="P8_ST00483" HPOS="2094" VPOS="2762" WIDTH="26" HEIGHT="39" CONTENT="il" WC="0.95" CC="00"/>
					</TextLine>
					<TextLine ID="P8_TL00041" HPOS="149" VPOS="2826" WIDTH="1972" HEIGHT="55">
						<String ID="P8_ST00484" HPOS="149" VPOS="2831" WIDTH="141" HEIGHT="39" CONTENT="aurait" WC="0.98" CC="870036"/>
						<SP ID="P8_SP00436" HPOS="290" VPOS="2870" WIDTH="22"/>
						<String ID="P8_ST00485" HPOS="312" VPOS="2843" WIDTH="72" HEIGHT="33" CONTENT="vu," WC="0.98" CC="014"/>
						<SP ID="P8_SP00437" HPOS="384" VPOS="2876" WIDTH="26"/>
						<String ID="P8_ST00486" HPOS="410" VPOS="2841" WIDTH="171" HEIGHT="28" CONTENT="comme" WC="1.00" CC="00000"/>
						<SP ID="P8_SP00438" HPOS="581" VPOS="2876" WIDTH="21"/>
						<String ID="P8_ST00487" HPOS="602" VPOS="2826" WIDTH="81" HEIGHT="55" CONTENT="j'en" WC="0.98" CC="0306"/>
						<SP ID="P8_SP00439" HPOS="683" VPOS="2881" WIDTH="24"/>
						<String ID="P8_ST00488" HPOS="707" VPOS="2831" WIDTH="39" HEIGHT="37" CONTENT="ai" WC="0.80" CC="04"/>
						<SP ID="P8_SP00440" HPOS="746" VPOS="2881" WIDTH="23"/>
						<String ID="P8_ST00489" HPOS="769" VPOS="2828" WIDTH="80" HEIGHT="40" CONTENT="fait" WC="0.98" CC="0045"/>
						<SP ID="P8_SP00441" HPOS="849" VPOS="2881" WIDTH="22"/>
						<String ID="P8_ST00490" HPOS="871" VPOS="2829" WIDTH="261" HEIGHT="38" CONTENT="moi-même" WC="1.00" CC="00240400"/>
						<SP ID="P8_SP00442" HPOS="1132" VPOS="2881" WIDTH="23"/>
						<String ID="P8_ST00491" HPOS="1155" VPOS="2827" WIDTH="285" HEIGHT="52" CONTENT="l'expérience" WC="1.00" CC="400006010000"/>
						<SP ID="P8_SP00443" HPOS="1440" VPOS="2881" WIDTH="24"/>
						<String ID="P8_ST00492" HPOS="1464" VPOS="2841" WIDTH="100" HEIGHT="37" CONTENT="que," WC="0.98" CC="0704"/>
						<SP ID="P8_SP00444" HPOS="1564" VPOS="2881" WIDTH="31"/>
						<String ID="P8_ST00493" HPOS="1595" VPOS="2827" WIDTH="112" HEIGHT="40" CONTENT="dans" WC="0.98" CC="0171"/>
						<SP ID="P8_SP00445" HPOS="1707" VPOS="2881" WIDTH="23"/>
						<String ID="P8_ST00494" HPOS="1730" VPOS="2829" WIDTH="37" HEIGHT="38" CONTENT="la" WC="0.48" CC="54"/>
						<SP ID="P8_SP00446" HPOS="1767" VPOS="2881" WIDTH="26"/>
						<String ID="P8_ST00495" HPOS="1793" VPOS="2831" WIDTH="218" HEIGHT="50" CONTENT="pratique," WC="1.00" CC="000040000"/>
						<SP ID="P8_SP00447" HPOS="2011" VPOS="2881" WIDTH="26"/>
						<String ID="P8_ST00496" HPOS="2037" VPOS="2830" WIDTH="28" HEIGHT="39" CONTENT="il" WC="0.86" CC="20"/>
						<SP ID="P8_SP00448" HPOS="2065" VPOS="2881" WIDTH="30"/>
						<String ID="P8_ST00497" HPOS="2095" VPOS="2845" WIDTH="26" HEIGHT="36" CONTENT="y" WC="1.00" CC="0"/>
					</TextLine>
					<TextLine ID="P8_TL00042" HPOS="148" VPOS="2893" WIDTH="1974" HEIGHT="55">
						<String ID="P8_ST00498" HPOS="148" VPOS="2912" WIDTH="21" HEIGHT="25" CONTENT="a" WC="1.00" CC="0"/>
						<SP ID="P8_SP00449" HPOS="169" VPOS="2937" WIDTH="33"/>
						<String ID="P8_ST00499" HPOS="202" VPOS="2911" WIDTH="85" HEIGHT="26" CONTENT="une" WC="0.95" CC="760"/>
						<SP ID="P8_SP00450" HPOS="287" VPOS="2937" WIDTH="22"/>
						<String ID="P8_ST00500" HPOS="309" VPOS="2895" WIDTH="462" HEIGHT="53" CONTENT="quasi-impossibilité" WC="1.00" CC="0600030000000003060"/>
						<SP ID="P8_SP00451" HPOS="771" VPOS="2948" WIDTH="24"/>
						<String ID="P8_ST00501" HPOS="795" VPOS="2900" WIDTH="20" HEIGHT="35" CONTENT="à" WC="0.64" CC="3"/>
						<SP ID="P8_SP00452" HPOS="815" VPOS="2948" WIDTH="25"/>
						<String ID="P8_ST00502" HPOS="840" VPOS="2897" WIDTH="170" HEIGHT="39" CONTENT="donner" WC="0.99" CC="002400"/>
						<SP ID="P8_SP00453" HPOS="1010" VPOS="2948" WIDTH="21"/>
						<String ID="P8_ST00503" HPOS="1031" VPOS="2910" WIDTH="59" HEIGHT="25" CONTENT="un" WC="0.65" CC="70"/>
						<SP ID="P8_SP00454" HPOS="1090" VPOS="2948" WIDTH="25"/>
						<String ID="P8_ST00504" HPOS="1115" VPOS="2904" WIDTH="111" HEIGHT="31" CONTENT="texte" WC="0.98" CC="00840"/>
						<SP ID="P8_SP00455" HPOS="1226" VPOS="2948" WIDTH="19"/>
						<String ID="P8_ST00505" HPOS="1245" VPOS="2893" WIDTH="191" HEIGHT="42" CONTENT="définitif" WC="1.00" CC="000004035"/>
						<SP ID="P8_SP00456" HPOS="1436" VPOS="2948" WIDTH="30"/>
						<String ID="P8_ST00506" HPOS="1466" VPOS="2904" WIDTH="41" HEIGHT="31" CONTENT="et" WC="0.68" CC="06"/>
						<SP ID="P8_SP00457" HPOS="1507" VPOS="2948" WIDTH="23"/>
						<String ID="P8_ST00507" HPOS="1530" VPOS="2893" WIDTH="401" HEIGHT="54" CONTENT="scientifiquement" WC="1.00" CC="0120001220200300"/>
						<SP ID="P8_SP00458" HPOS="1931" VPOS="2948" WIDTH="33"/>
						<String ID="P8_ST00508" HPOS="1964" VPOS="2904" WIDTH="75" HEIGHT="34" CONTENT="sûr" WC="0.98" CC="050"/>
						<SP ID="P8_SP00459" HPOS="2039" VPOS="2948" WIDTH="33"/>
						<String ID="P8_ST00509" HPOS="2072" VPOS="2899" WIDTH="50" HEIGHT="38" CONTENT="de" WC="1.00" CC="00"/>
					</TextLine>
					<TextLine ID="P8_TL00043" HPOS="148" VPOS="2963" WIDTH="1974" HEIGHT="52">
						<String ID="P8_ST00510" HPOS="148" VPOS="2977" WIDTH="69" HEIGHT="28" CONTENT="ces" WC="1.00" CC="000"/>
						<SP ID="P8_SP00460" HPOS="217" VPOS="3005" WIDTH="26"/>
						<String ID="P8_ST00511" HPOS="243" VPOS="2965" WIDTH="338" HEIGHT="50" CONTENT="compositions." WC="1.00" CC="0300003540003"/>
						<SP ID="P8_SP00461" HPOS="581" VPOS="3015" WIDTH="41"/>
						<String ID="P8_ST00512" HPOS="622" VPOS="2963" WIDTH="124" HEIGHT="40" CONTENT="Cette" WC="0.98" CC="20650"/>
						<SP ID="P8_SP00462" HPOS="746" VPOS="3015" WIDTH="35"/>
						<String ID="P8_ST00513" HPOS="781" VPOS="2963" WIDTH="162" HEIGHT="41" CONTENT="double" WC="0.99" CC="034003"/>
						<SP ID="P8_SP00463" HPOS="943" VPOS="3015" WIDTH="32"/>
						<String ID="P8_ST00514" HPOS="975" VPOS="2966" WIDTH="148" HEIGHT="37" CONTENT="raison" WC="0.99" CC="050106"/>
						<SP ID="P8_SP00464" HPOS="1123" VPOS="3015" WIDTH="25"/>
						<String ID="P8_ST00515" HPOS="1148" VPOS="2978" WIDTH="19" HEIGHT="25" CONTENT="a" WC="0.63" CC="3"/>
						<SP ID="P8_SP00465" HPOS="1167" VPOS="3015" WIDTH="32"/>
						<String ID="P8_ST00516" HPOS="1199" VPOS="2963" WIDTH="247" HEIGHT="50" CONTENT="découragé" WC="0.99" CC="000060008"/>
						<SP ID="P8_SP00466" HPOS="1446" VPOS="3015" WIDTH="34"/>
						<String ID="P8_ST00517" HPOS="1480" VPOS="2965" WIDTH="315" HEIGHT="39" CONTENT="certainement" WC="1.00" CC="000005200030"/>
						<SP ID="P8_SP00467" HPOS="1795" VPOS="3015" WIDTH="37"/>
						<String ID="P8_ST00518" HPOS="1832" VPOS="2965" WIDTH="62" HEIGHT="40" CONTENT="les" WC="1.00" CC="000"/>
						<SP ID="P8_SP00468" HPOS="1894" VPOS="3015" WIDTH="39"/>
						<String ID="P8_ST00519" HPOS="1933" VPOS="2966" WIDTH="189" HEIGHT="40" CONTENT="éditeurs" WC="1.00" CC="00300200"/>
					</TextLine>
					<TextLine ID="P8_TL00044" HPOS="149" VPOS="3029" WIDTH="1973" HEIGHT="56">
						<String ID="P8_ST00520" HPOS="149" VPOS="3032" WIDTH="57" HEIGHT="40" CONTENT="du" WC="1.00" CC="00"/>
						<SP ID="P8_SP00469" HPOS="206" VPOS="3072" WIDTH="22"/>
						<String ID="P8_ST00521" HPOS="228" VPOS="3031" WIDTH="331" HEIGHT="40" CONTENT="dix-neuvième" WC="1.00" CC="000430002800"/>
						<SP ID="P8_SP00470" HPOS="559" VPOS="3072" WIDTH="23"/>
						<String ID="P8_ST00522" HPOS="582" VPOS="3031" WIDTH="143" HEIGHT="40" CONTENT="siècle." WC="1.00" CC="0000003"/>
						<SP ID="P8_SP00471" HPOS="725" VPOS="3072" WIDTH="33"/>
						<String ID="P8_ST00523" HPOS="758" VPOS="3029" WIDTH="58" HEIGHT="42" CONTENT="Se" WC="1.00" CC="00"/>
						<SP ID="P8_SP00472" HPOS="816" VPOS="3072" WIDTH="23"/>
						<String ID="P8_ST00524" HPOS="839" VPOS="3039" WIDTH="204" HEIGHT="32" CONTENT="trouvant" WC="0.99" CC="60000375"/>
						<SP ID="P8_SP00473" HPOS="1043" VPOS="3072" WIDTH="39"/>
						<String ID="P8_ST00525" HPOS="1082" VPOS="3045" WIDTH="53" HEIGHT="26" CONTENT="en" WC="0.68" CC="06"/>
						<SP ID="P8_SP00474" HPOS="1135" VPOS="3072" WIDTH="34"/>
						<String ID="P8_ST00526" HPOS="1169" VPOS="3036" WIDTH="209" HEIGHT="47" CONTENT="présence" WC="1.00" CC="00600000"/>
						<SP ID="P8_SP00475" HPOS="1378" VPOS="3083" WIDTH="33"/>
						<String ID="P8_ST00527" HPOS="1411" VPOS="3029" WIDTH="127" HEIGHT="42" CONTENT="d'une" WC="0.99" CC="03600"/>
						<SP ID="P8_SP00476" HPOS="1538" VPOS="3083" WIDTH="23"/>
						<String ID="P8_ST00528" HPOS="1561" VPOS="3045" WIDTH="150" HEIGHT="27" CONTENT="œuvre" WC="0.99" CC="04000"/>
						<SP ID="P8_SP00477" HPOS="1711" VPOS="3083" WIDTH="27"/>
						<String ID="P8_ST00529" HPOS="1738" VPOS="3033" WIDTH="240" HEIGHT="52" CONTENT="complexe," WC="1.00" CC="300020000"/>
						<SP ID="P8_SP00478" HPOS="1978" VPOS="3085" WIDTH="36"/>
						<String ID="P8_ST00530" HPOS="2014" VPOS="3034" WIDTH="90" HEIGHT="40" CONTENT="litté" SUBS_TYPE="HypPart1" SUBS_CONTENT="littéraire" WC="0.99" CC="03220"/>
						<HYP HPOS="2104" VPOS="3034" WIDTH="18" CONTENT="-"/>
					</TextLine>
					<TextLine ID="P8_TL00045" HPOS="151" VPOS="3099" WIDTH="1973" HEIGHT="52">
						<String ID="P8_ST00531" HPOS="151" VPOS="3100" WIDTH="111" HEIGHT="38" CONTENT="raire" SUBS_TYPE="HypPart2" SUBS_CONTENT="littéraire" WC="0.99" CC="10310"/>
						<SP ID="P8_SP00479" HPOS="262" VPOS="3138" WIDTH="22"/>
						<String ID="P8_ST00532" HPOS="284" VPOS="3107" WIDTH="41" HEIGHT="31" CONTENT="et" WC="0.76" CC="04"/>
						<SP ID="P8_SP00480" HPOS="325" VPOS="3138" WIDTH="38"/>
						<String ID="P8_ST00533" HPOS="363" VPOS="3099" WIDTH="211" HEIGHT="39" CONTENT="musicale" WC="1.00" CC="00040010"/>
						<SP ID="P8_SP00481" HPOS="574" VPOS="3138" WIDTH="26"/>
						<String ID="P8_ST00534" HPOS="600" VPOS="3107" WIDTH="90" HEIGHT="32" CONTENT="tout" WC="0.97" CC="9203"/>
						<SP ID="P8_SP00482" HPOS="690" VPOS="3139" WIDTH="29"/>
						<String ID="P8_ST00535" HPOS="719" VPOS="3099" WIDTH="243" HEIGHT="48" CONTENT="ensemble," WC="0.99" CC="072000403"/>
						<SP ID="P8_SP00483" HPOS="962" VPOS="3147" WIDTH="25"/>
						<String ID="P8_ST00536" HPOS="987" VPOS="3100" WIDTH="53" HEIGHT="39" CONTENT="ils" WC="1.00" CC="000"/>
						<SP ID="P8_SP00484" HPOS="1040" VPOS="3147" WIDTH="33"/>
						<String ID="P8_ST00537" HPOS="1073" VPOS="3108" WIDTH="74" HEIGHT="31" CONTENT="ont" WC="0.99" CC="002"/>
						<SP ID="P8_SP00485" HPOS="1147" VPOS="3147" WIDTH="24"/>
						<String ID="P8_ST00538" HPOS="1171" VPOS="3101" WIDTH="111" HEIGHT="38" CONTENT="ainsi" WC="0.99" CC="03004"/>
						<SP ID="P8_SP00486" HPOS="1282" VPOS="3147" WIDTH="33"/>
						<String ID="P8_ST00539" HPOS="1315" VPOS="3100" WIDTH="179" HEIGHT="49" CONTENT="négligé" WC="0.99" CC="0602300"/>
						<SP ID="P8_SP00487" HPOS="1494" VPOS="3149" WIDTH="33"/>
						<String ID="P8_ST00540" HPOS="1527" VPOS="3107" WIDTH="40" HEIGHT="32" CONTENT="et" WC="0.73" CC="05"/>
						<SP ID="P8_SP00488" HPOS="1567" VPOS="3149" WIDTH="38"/>
						<String ID="P8_ST00541" HPOS="1605" VPOS="3105" WIDTH="129" HEIGHT="46" CONTENT="passé" WC="0.99" CC="00006"/>
						<SP ID="P8_SP00489" HPOS="1734" VPOS="3151" WIDTH="26"/>
						<String ID="P8_ST00542" HPOS="1760" VPOS="3113" WIDTH="105" HEIGHT="27" CONTENT="sous" WC="0.97" CC="2350"/>
						<SP ID="P8_SP00490" HPOS="1865" VPOS="3151" WIDTH="32"/>
						<String ID="P8_ST00543" HPOS="1897" VPOS="3102" WIDTH="162" HEIGHT="40" CONTENT="silence" WC="0.99" CC="1120600"/>
						<SP ID="P8_SP00491" HPOS="2059" VPOS="3151" WIDTH="29"/>
						<String ID="P8_ST00544" HPOS="2088" VPOS="3102" WIDTH="36" HEIGHT="38" CONTENT="le" WC="0.75" CC="05"/>
					</TextLine>
					<TextLine ID="P8_TL00046" HPOS="150" VPOS="3165" WIDTH="1972" HEIGHT="56">
						<String ID="P8_ST00545" HPOS="150" VPOS="3169" WIDTH="94" HEIGHT="37" CONTENT="côté" WC="0.98" CC="2260"/>
						<SP ID="P8_SP00492" HPOS="244" VPOS="3206" WIDTH="22"/>
						<String ID="P8_ST00546" HPOS="266" VPOS="3165" WIDTH="200" HEIGHT="50" CONTENT="musical," WC="0.99" CC="06400054"/>
						<SP ID="P8_SP00493" HPOS="466" VPOS="3215" WIDTH="26"/>
						<String ID="P8_ST00547" HPOS="492" VPOS="3173" WIDTH="56" HEIGHT="39" CONTENT="et," WC="0.99" CC="002"/>
						<SP ID="P8_SP00494" HPOS="548" VPOS="3215" WIDTH="24"/>
						<String ID="P8_ST00548" HPOS="572" VPOS="3179" WIDTH="79" HEIGHT="38" CONTENT="par" WC="1.00" CC="000"/>
						<SP ID="P8_SP00495" HPOS="651" VPOS="3217" WIDTH="22"/>
						<String ID="P8_ST00549" HPOS="673" VPOS="3166" WIDTH="38" HEIGHT="39" CONTENT="le" WC="0.81" CC="30"/>
						<SP ID="P8_SP00496" HPOS="711" VPOS="3217" WIDTH="20"/>
						<String ID="P8_ST00550" HPOS="731" VPOS="3166" WIDTH="92" HEIGHT="40" CONTENT="seul" WC="1.00" CC="0000"/>
						<SP ID="P8_SP00497" HPOS="823" VPOS="3217" WIDTH="21"/>
						<String ID="P8_ST00551" HPOS="844" VPOS="3166" WIDTH="85" HEIGHT="45" CONTENT="fait," WC="0.97" CC="08057"/>
						<SP ID="P8_SP00498" HPOS="929" VPOS="3217" WIDTH="14"/>
						<String ID="P8_ST00552" HPOS="943" VPOS="3165" WIDTH="129" HEIGHT="41" CONTENT="d'une" WC="0.99" CC="01053"/>
						<SP ID="P8_SP00499" HPOS="1072" VPOS="3217" WIDTH="23"/>
						<String ID="P8_ST00553" HPOS="1095" VPOS="3168" WIDTH="256" HEIGHT="51" CONTENT="prétérition" WC="0.97" CC="00000002000"/>
						<SP ID="P8_SP00500" HPOS="1351" VPOS="3219" WIDTH="23"/>
						<String ID="P8_ST00554" HPOS="1374" VPOS="3169" WIDTH="313" HEIGHT="40" CONTENT="inconsciente," WC="1.00" CC="4707000000404"/>
						<SP ID="P8_SP00501" HPOS="1687" VPOS="3219" WIDTH="27"/>
						<String ID="P8_ST00555" HPOS="1714" VPOS="3181" WIDTH="113" HEIGHT="38" CONTENT="pour" WC="0.98" CC="0064"/>
						<SP ID="P8_SP00502" HPOS="1827" VPOS="3219" WIDTH="21"/>
						<String ID="P8_ST00556" HPOS="1848" VPOS="3166" WIDTH="166" HEIGHT="43" CONTENT="n'avoir" WC="0.99" CC="4300003"/>
						<SP ID="P8_SP00503" HPOS="2014" VPOS="3219" WIDTH="32"/>
						<String ID="P8_ST00557" HPOS="2046" VPOS="3182" WIDTH="76" HEIGHT="39" CONTENT="pas" WC="1.00" CC="000"/>
					</TextLine>
					<TextLine ID="P8_TL00047" HPOS="150" VPOS="3233" WIDTH="1974" HEIGHT="54">
						<String ID="P8_ST00558" HPOS="150" VPOS="3247" WIDTH="121" HEIGHT="27" CONTENT="assez" WC="0.99" CC="00031"/>
						<SP ID="P8_SP00504" HPOS="271" VPOS="3274" WIDTH="21"/>
						<String ID="P8_ST00559" HPOS="292" VPOS="3238" WIDTH="146" HEIGHT="47" CONTENT="répété" WC="1.00" CC="000000"/>
						<SP ID="P8_SP00505" HPOS="438" VPOS="3285" WIDTH="33"/>
						<String ID="P8_ST00560" HPOS="471" VPOS="3246" WIDTH="85" HEIGHT="39" CONTENT="que" WC="1.00" CC="000"/>
						<SP ID="P8_SP00506" HPOS="556" VPOS="3285" WIDTH="22"/>
						<String ID="P8_ST00561" HPOS="578" VPOS="3233" WIDTH="62" HEIGHT="40" CONTENT="les" WC="0.98" CC="500"/>
						<SP ID="P8_SP00507" HPOS="640" VPOS="3285" WIDTH="24"/>
						<String ID="P8_ST00562" HPOS="664" VPOS="3246" WIDTH="174" HEIGHT="27" CONTENT="œuvres" WC="0.99" CC="060100"/>
						<SP ID="P8_SP00508" HPOS="838" VPOS="3285" WIDTH="27"/>
						<String ID="P8_ST00563" HPOS="865" VPOS="3234" WIDTH="194" HEIGHT="52" CONTENT="lyriques" WC="1.00" CC="20060000"/>
						<SP ID="P8_SP00509" HPOS="1059" VPOS="3286" WIDTH="41"/>
						<String ID="P8_ST00564" HPOS="1100" VPOS="3236" WIDTH="58" HEIGHT="39" CONTENT="du" WC="0.69" CC="06"/>
						<SP ID="P8_SP00510" HPOS="1158" VPOS="3286" WIDTH="38"/>
						<String ID="P8_ST00565" HPOS="1196" VPOS="3248" WIDTH="161" HEIGHT="39" CONTENT="moyen" WC="1.00" CC="00003"/>
						<SP ID="P8_SP00511" HPOS="1357" VPOS="3287" WIDTH="38"/>
						<String ID="P8_ST00566" HPOS="1395" VPOS="3238" WIDTH="82" HEIGHT="47" CONTENT="âge" WC="1.00" CC="000"/>
						<SP ID="P8_SP00512" HPOS="1477" VPOS="3287" WIDTH="41"/>
						<String ID="P8_ST00567" HPOS="1518" VPOS="3236" WIDTH="162" HEIGHT="39" CONTENT="étaient" WC="0.99" CC="0300006"/>
						<SP ID="P8_SP00513" HPOS="1680" VPOS="3287" WIDTH="38"/>
						<String ID="P8_ST00568" HPOS="1718" VPOS="3236" WIDTH="220" HEIGHT="40" CONTENT="destinées" WC="1.00" CC="000336000"/>
						<SP ID="P8_SP00514" HPOS="1938" VPOS="3287" WIDTH="42"/>
						<String ID="P8_ST00569" HPOS="1980" VPOS="3241" WIDTH="21" HEIGHT="36" CONTENT="à" WC="0.94" CC="0"/>
						<SP ID="P8_SP00515" HPOS="2001" VPOS="3287" WIDTH="37"/>
						<String ID="P8_ST00570" HPOS="2038" VPOS="3241" WIDTH="86" HEIGHT="37" CONTENT="être" WC="0.98" CC="6004"/>
					</TextLine>
					<TextLine ID="P8_TL00048" HPOS="151" VPOS="3301" WIDTH="1971" HEIGHT="53">
						<String ID="P8_ST00571" HPOS="151" VPOS="3301" WIDTH="207" HEIGHT="41" CONTENT="chantées" WC="0.99" CC="05000800"/>
						<SP ID="P8_SP00516" HPOS="358" VPOS="3342" WIDTH="20"/>
						<String ID="P8_ST00572" HPOS="378" VPOS="3314" WIDTH="74" HEIGHT="26" CONTENT="sur" WC="0.97" CC="060"/>
						<SP ID="P8_SP00517" HPOS="452" VPOS="3342" WIDTH="21"/>
						<String ID="P8_ST00573" HPOS="473" VPOS="3301" WIDTH="77" HEIGHT="39" CONTENT="des" WC="1.00" CC="000"/>
						<SP ID="P8_SP00518" HPOS="550" VPOS="3342" WIDTH="38"/>
						<String ID="P8_ST00574" HPOS="588" VPOS="3301" WIDTH="213" HEIGHT="40" CONTENT="mélodies" WC="1.00" CC="00100000"/>
						<SP ID="P8_SP00519" HPOS="801" VPOS="3342" WIDTH="32"/>
						<String ID="P8_ST00575" HPOS="833" VPOS="3307" WIDTH="257" HEIGHT="46" CONTENT="composées" WC="1.00" CC="600000000"/>
						<SP ID="P8_SP00520" HPOS="1090" VPOS="3353" WIDTH="23"/>
						<String ID="P8_ST00576" HPOS="1113" VPOS="3316" WIDTH="79" HEIGHT="38" CONTENT="par" WC="1.00" CC="000"/>
						<SP ID="P8_SP00521" HPOS="1192" VPOS="3354" WIDTH="22"/>
						<String ID="P8_ST00577" HPOS="1214" VPOS="3303" WIDTH="61" HEIGHT="39" CONTENT="les" WC="0.97" CC="430"/>
						<SP ID="P8_SP00522" HPOS="1275" VPOS="3354" WIDTH="23"/>
						<String ID="P8_ST00578" HPOS="1298" VPOS="3308" WIDTH="151" HEIGHT="46" CONTENT="poètes" WC="0.99" CC="007600"/>
						<SP ID="P8_SP00523" HPOS="1449" VPOS="3354" WIDTH="35"/>
						<String ID="P8_ST00579" HPOS="1484" VPOS="3304" WIDTH="293" HEIGHT="46" CONTENT="eux-mêmes," WC="1.00" CC="0004000004"/>
						<SP ID="P8_SP00524" HPOS="1777" VPOS="3354" WIDTH="23"/>
						<String ID="P8_ST00580" HPOS="1800" VPOS="3304" WIDTH="63" HEIGHT="40" CONTENT="les" WC="0.97" CC="402"/>
						<SP ID="P8_SP00525" HPOS="1863" VPOS="3354" WIDTH="25"/>
						<String ID="P8_ST00581" HPOS="1888" VPOS="3304" WIDTH="234" HEIGHT="41" CONTENT="historiens" WC="1.00" CC="0004000040"/>
					</TextLine>
					<TextLine ID="P8_TL00049" HPOS="150" VPOS="3369" WIDTH="1972" HEIGHT="56">
						<String ID="P8_ST00582" HPOS="150" VPOS="3369" WIDTH="52" HEIGHT="39" CONTENT="de" WC="1.00" CC="00"/>
						<SP ID="P8_SP00526" HPOS="202" VPOS="3408" WIDTH="26"/>
						<String ID="P8_ST00583" HPOS="228" VPOS="3369" WIDTH="38" HEIGHT="39" CONTENT="la" WC="0.72" CC="50"/>
						<SP ID="P8_SP00527" HPOS="266" VPOS="3408" WIDTH="23"/>
						<String ID="P8_ST00584" HPOS="289" VPOS="3369" WIDTH="257" HEIGHT="49" CONTENT="littérature," WC="0.99" CC="226060013004"/>
						<SP ID="P8_SP00528" HPOS="546" VPOS="3418" WIDTH="34"/>
						<String ID="P8_ST00585" HPOS="580" VPOS="3382" WIDTH="54" HEIGHT="26" CONTENT="au" WC="0.69" CC="06"/>
						<SP ID="P8_SP00529" HPOS="634" VPOS="3418" WIDTH="23"/>
						<String ID="P8_ST00586" HPOS="657" VPOS="3384" WIDTH="69" HEIGHT="24" CONTENT="xix" WC="0.86" CC="040"/>
						<String ID="P8_ST00587" HPOS="730" VPOS="3375" WIDTH="14" HEIGHT="16" CONTENT="c" STYLE="superscript" WC="0.63" CC="3"/>
						<SP ID="P8_SP00530" HPOS="744" VPOS="3418" WIDTH="23"/>
						<String ID="P8_ST00588" HPOS="767" VPOS="3370" WIDTH="144" HEIGHT="44" CONTENT="siècle," WC="0.99" CC="0380500"/>
						<SP ID="P8_SP00531" HPOS="911" VPOS="3418" WIDTH="39"/>
						<String ID="P8_ST00589" HPOS="950" VPOS="3370" WIDTH="121" HEIGHT="40" CONTENT="n'ont" WC="0.98" CC="34045"/>
						<SP ID="P8_SP00532" HPOS="1071" VPOS="3418" WIDTH="42"/>
						<String ID="P8_ST00590" HPOS="1113" VPOS="3372" WIDTH="123" HEIGHT="50" CONTENT="point" WC="0.99" CC="00006"/>
						<SP ID="P8_SP00533" HPOS="1236" VPOS="3422" WIDTH="23"/>
						<String ID="P8_ST00591" HPOS="1259" VPOS="3384" WIDTH="51" HEIGHT="26" CONTENT="su" WC="0.73" CC="05"/>
						<SP ID="P8_SP00534" HPOS="1310" VPOS="3422" WIDTH="23"/>
						<String ID="P8_ST00592" HPOS="1333" VPOS="3370" WIDTH="108" HEIGHT="40" CONTENT="faire" WC="0.99" CC="00241"/>
						<SP ID="P8_SP00535" HPOS="1441" VPOS="3422" WIDTH="28"/>
						<String ID="P8_ST00593" HPOS="1469" VPOS="3371" WIDTH="218" HEIGHT="51" CONTENT="prévaloir" WC="0.99" CC="026004004"/>
						<SP ID="P8_SP00536" HPOS="1687" VPOS="3422" WIDTH="32"/>
						<String ID="P8_ST00594" HPOS="1719" VPOS="3371" WIDTH="215" HEIGHT="52" CONTENT="l'opinion" WC="0.99" CC="040036005"/>
						<SP ID="P8_SP00537" HPOS="1934" VPOS="3423" WIDTH="24"/>
						<String ID="P8_ST00595" HPOS="1958" VPOS="3387" WIDTH="84" HEIGHT="38" CONTENT="que" WC="0.98" CC="050"/>
						<SP ID="P8_SP00538" HPOS="2042" VPOS="3425" WIDTH="23"/>
						<String ID="P8_ST00596" HPOS="2065" VPOS="3373" WIDTH="57" HEIGHT="39" CONTENT="les" WC="0.99" CC="200"/>
					</TextLine>
					<TextLine ID="P8_TL00050" HPOS="150" VPOS="3436" WIDTH="1973" HEIGHT="56">
						<String ID="P8_ST00597" HPOS="150" VPOS="3442" WIDTH="223" HEIGHT="34" CONTENT="trouvères" WC="0.99" CC="305507000"/>
						<SP ID="P8_SP00539" HPOS="373" VPOS="3476" WIDTH="17"/>
						<String ID="P8_ST00598" HPOS="390" VPOS="3445" WIDTH="41" HEIGHT="31" CONTENT="et" WC="1.00" CC="00"/>
						<SP ID="P8_SP00540" HPOS="431" VPOS="3476" WIDTH="23"/>
						<String ID="P8_ST00599" HPOS="454" VPOS="3436" WIDTH="61" HEIGHT="40" CONTENT="les" WC="0.98" CC="500"/>
						<SP ID="P8_SP00541" HPOS="515" VPOS="3476" WIDTH="24"/>
						<String ID="P8_ST00600" HPOS="539" VPOS="3437" WIDTH="296" HEIGHT="40" CONTENT="troubadours" WC="1.00" CC="30100000005"/>
						<SP ID="P8_SP00542" HPOS="835" VPOS="3477" WIDTH="33"/>
						<String ID="P8_ST00601" HPOS="868" VPOS="3438" WIDTH="162" HEIGHT="39" CONTENT="étaient" WC="0.99" CC="6021050"/>
						<SP ID="P8_SP00543" HPOS="1030" VPOS="3477" WIDTH="20"/>
						<String ID="P8_ST00602" HPOS="1050" VPOS="3438" WIDTH="76" HEIGHT="39" CONTENT="des" WC="1.00" CC="000"/>
						<SP ID="P8_SP00544" HPOS="1126" VPOS="3477" WIDTH="36"/>
						<String ID="P8_ST00603" HPOS="1162" VPOS="3440" WIDTH="238" HEIGHT="38" CONTENT="musiciens" WC="0.99" CC="000023460"/>
						<SP ID="P8_SP00545" HPOS="1400" VPOS="3478" WIDTH="20"/>
						<String ID="P8_ST00604" HPOS="1420" VPOS="3447" WIDTH="40" HEIGHT="31" CONTENT="et" WC="0.83" CC="03"/>
						<SP ID="P8_SP00546" HPOS="1460" VPOS="3478" WIDTH="22"/>
						<String ID="P8_ST00605" HPOS="1482" VPOS="3439" WIDTH="77" HEIGHT="38" CONTENT="des" WC="1.00" CC="000"/>
						<SP ID="P8_SP00547" HPOS="1559" VPOS="3478" WIDTH="31"/>
						<String ID="P8_ST00606" HPOS="1590" VPOS="3445" WIDTH="164" HEIGHT="44" CONTENT="poètes." WC="0.99" CC="0150026"/>
						<SP ID="P8_SP00548" HPOS="1754" VPOS="3489" WIDTH="29"/>
						<String ID="P8_ST00607" HPOS="1783" VPOS="3439" WIDTH="124" HEIGHT="41" CONTENT="Cette" WC="1.00" CC="20000"/>
						<SP ID="P8_SP00549" HPOS="1907" VPOS="3489" WIDTH="36"/>
						<String ID="P8_ST00608" HPOS="1943" VPOS="3454" WIDTH="155" HEIGHT="38" CONTENT="concep" SUBS_TYPE="HypPart1" SUBS_CONTENT="conception" WC="0.99" CC="004000"/>
						<HYP HPOS="2098" VPOS="3454" WIDTH="25" CONTENT="-"/>
					</TextLine>
					<TextLine ID="P8_TL00051" HPOS="149" VPOS="3504" WIDTH="1975" HEIGHT="54">
						<String ID="P8_ST00609" HPOS="149" VPOS="3506" WIDTH="92" HEIGHT="37" CONTENT="tion" SUBS_TYPE="HypPart2" SUBS_CONTENT="conception" WC="0.99" CC="0230"/>
						<SP ID="P8_SP00550" HPOS="241" VPOS="3543" WIDTH="23"/>
						<String ID="P8_ST00610" HPOS="264" VPOS="3504" WIDTH="264" HEIGHT="50" CONTENT="incomplète" WC="1.00" CC="0020000030"/>
						<SP ID="P8_SP00551" HPOS="528" VPOS="3554" WIDTH="19"/>
						<String ID="P8_ST00611" HPOS="547" VPOS="3513" WIDTH="79" HEIGHT="38" CONTENT="est," WC="0.98" CC="4003"/>
						<SP ID="P8_SP00552" HPOS="626" VPOS="3554" WIDTH="28"/>
						<String ID="P8_ST00612" HPOS="654" VPOS="3509" WIDTH="21" HEIGHT="35" CONTENT="à" WC="0.28" CC="7"/>
						<SP ID="P8_SP00553" HPOS="675" VPOS="3554" WIDTH="22"/>
						<String ID="P8_ST00613" HPOS="697" VPOS="3518" WIDTH="104" HEIGHT="27" CONTENT="mon" WC="1.00" CC="010"/>
						<SP ID="P8_SP00554" HPOS="801" VPOS="3554" WIDTH="23"/>
						<String ID="P8_ST00614" HPOS="824" VPOS="3518" WIDTH="117" HEIGHT="32" CONTENT="sens," WC="0.99" CC="00004"/>
						<SP ID="P8_SP00555" HPOS="941" VPOS="3554" WIDTH="28"/>
						<String ID="P8_ST00615" HPOS="969" VPOS="3505" WIDTH="264" HEIGHT="49" CONTENT="regrettable" WC="0.99" CC="80983023000"/>
						<SP ID="P8_SP00556" HPOS="1233" VPOS="3554" WIDTH="17"/>
						<String ID="P8_ST00616" HPOS="1250" VPOS="3514" WIDTH="40" HEIGHT="32" CONTENT="et" WC="0.70" CC="05"/>
						<SP ID="P8_SP00557" HPOS="1290" VPOS="3554" WIDTH="20"/>
						<String ID="P8_ST00617" HPOS="1310" VPOS="3506" WIDTH="292" HEIGHT="49" CONTENT="dangereuse," WC="1.00" CC="00000604000"/>
						<SP ID="P8_SP00558" HPOS="1602" VPOS="3555" WIDTH="24"/>
						<String ID="P8_ST00618" HPOS="1626" VPOS="3520" WIDTH="130" HEIGHT="38" CONTENT="parce" WC="1.00" CC="00000"/>
						<SP ID="P8_SP00559" HPOS="1756" VPOS="3558" WIDTH="24"/>
						<String ID="P8_ST00619" HPOS="1780" VPOS="3506" WIDTH="158" HEIGHT="52" CONTENT="qu'elle" WC="1.00" CC="0030000"/>
						<SP ID="P8_SP00560" HPOS="1938" VPOS="3558" WIDTH="21"/>
						<String ID="P8_ST00620" HPOS="1959" VPOS="3509" WIDTH="165" HEIGHT="40" CONTENT="aboutit" WC="0.99" CC="0036400"/>
					</TextLine>
				</TextBlock>
			</PrintSpace>
		</Page>
	</Layout>
</alto>
