2250 3759
751 205 147 27 COURS
932 205 59 26 DU
1026 196 202 35 COLLÈGE
1264 203 54 26 DE
1354 203 168 27 FRANCE

2059 202 68 37 171

126 296 71 41 n'a
218 309 79 39 pas
320 300 68 36 été
423 300 175 36 réservé
618 309 83 27 aux
724 294 219 41 mélodies
962 306 145 28 venue
1129 294 54 40 de
1216 293 218 53 Byzance,
1451 294 78 40 des
1548 297 276 35 monastères
1844 289 218 54 d'Egypte
2093 300 42 32 et

125 365 55 40 de
205 363 144 54 Syrie,
385 365 54 40 de
462 365 39 39 la
542 363 292 54 Synagogue,
861 363 53 40 de
938 363 38 39 la
1003 360 159 43 Grèce.
1196 362 114 41 Mais
1334 363 39 40 la
1399 363 98 40 liste
1516 362 77 40 des
1616 369 146 44 pertes
1802 359 152 41 subies
1996 360 53 40 de
2088 373 46 27 ce

128 437 97 37 côté
245 443 66 30 est
336 432 127 41 facile
486 438 21 35 à
533 432 159 41 établir
713 432 175 52 d'après
912 431 76 40 des
1011 430 104 42 faits
1139 434 157 50 précis.

184 491 207 62 L'Église
413 502 135 40 latine
571 503 230 50 supprime
818 499 184 42 d'abord
1024 513 46 27 ce
1091 502 75 51 qui
1187 501 155 40 étaitle
1361 501 131 40 cadre
1518 509 40 31 et
1582 498 459 53 l'accompagnement
2058 498 77 39 des

128 572 232 39 mélodies.
403 570 98 40 Elle
540 570 142 40 exclut
717 570 38 39 la
806 570 155 48 danse,
1006 583 86 38 que
1131 569 111 40 dans
1273 577 93 32 tout
1390 567 202 49 l'Orient,
1627 569 112 40 dans
1763 568 62 40 les
1850 576 143 44 temps
2014 566 119 54 juifs,

128 642 101 50 puis
252 640 113 40 dans
389 639 63 40 les
475 643 341 36 communautés
837 638 279 40 chrétiennes
1139 638 305 40 elles-mêmes
1463 642 41 43 (à
1529 638 139 46 Milet,
1697 652 81 37 par
1818 637 217 52 exemple,
2081 650 53 27 au

129 719 144 41 temps
308 708 53 40 de
385 710 117 38 saint
524 707 264 50 Athanase),
814 720 87 27 une
918 712 87 35 très
1027 708 215 38 ancienne
1265 715 209 31 coutume
1498 708 206 38 associait
1729 721 55 26 au
1808 706 132 40 chant
1964 706 151 50 liturgi-

129 791 100 39 que.
255 776 149 41 L'idée
429 790 86 38 que
539 776 40 40 la
603 777 137 39 danse
759 784 104 44 peut
880 774 108 41 faire
1013 776 139 51 partie
1174 773 103 42 d'un
1300 776 114 39 culte
1437 784 64 31 est
1522 788 111 38 pour
1652 775 83 41 elle
1767 789 86 27 une
1891 776 96 39 idée
2019 776 94 38 inin-

129 845 218 51 telligible
371 854 40 31 et
437 849 144 36 même
602 844 306 41 scandaleuse.
934 843 98 41 Elle
1053 845 229 51 supprime
1304 845 119 39 aussi
1448 844 39 40 la
1519 845 210 51 musique
1761 844 341 41 instrumentale
2126 856 6 35 ;

129 924 40 31 et
189 917 87 38 ceci
294 924 66 31 est
384 915 100 51 plus
510 927 151 37 grave.
682 913 87 41 Les
787 913 114 54 Juifs
927 914 400 51 accompagnaient
1345 913 117 40 leurs
1486 926 210 39 psaumes
1722 927 103 27 avec
1848 913 76 40 des
1967 915 145 38 instru-

128 993 145 31 ments
296 988 20 35 à
339 983 167 47 cordes,
536 987 21 35 à
583 991 103 32 vent
708 991 41 32 et
773 986 21 36 à
819 984 278 50 percussion.
1126 981 66 40 En
1215 982 120 51 dépit
1356 982 76 39 des
1453 991 137 32 textes
1611 983 53 39 de
1688 982 38 39 la
1771 981 141 48 Bible,
1951 974 184 58 l'Église

129 1065 193 40 grecque
345 1051 201 48 d'abord,
574 1053 99 50 puis
695 1043 185 58 l'Église
905 1051 134 40 latine
1072 1052 240 51 primitive,
1339 1052 260 49 organisent
1637 1066 59 25 un
1714 1051 132 40 chant
1889 1066 21 25 a
1948 1051 161 54 capella
2128 1061 7 28 :

132 1136 19 24 «
167 1120 126 42 Nous
318 1119 186 42 n'avons
522 1120 157 40 besoin
702 1134 85 38 que
804 1118 104 42 d'un
933 1121 285 50 instrument,
1244 1120 40 39 la
1316 1121 151 39 voix...
1491 1118 125 42 Nous
1637 1118 183 42 n'avons
1844 1134 86 38 que
1949 1120 107 40 faire
2079 1120 58 40 du

129 1190 261 53 psaltérion,
416 1189 53 40 de
493 1189 38 39 la
557 1189 315 52 trompette,de
887 1189 39 39 la
948 1188 182 48 flûte,en
1147 1202 139 36 usage
1306 1188 103 40 chez
1431 1188 62 40 les
1515 1188 204 40 hommes
1742 1188 52 40 de
1820 1202 174 36 guerre.
2006 1212 45 4 —
2076 1188 62 40 Ce

131 1261 74 51 qui
228 1259 108 52 plaît
357 1262 22 36 à
402 1258 110 40 Dieu
550 1258 99 52 plus
686 1272 86 38 que
795 1258 62 40 les
881 1259 309 44 instruments,
1217 1255 102 42 c'est
1338 1256 218 40 l'unisson
1576 1257 54 39 de
1657 1265 93 31 tout
1770 1256 38 40 le
1832 1255 162 53 peuple
2015 1257 97 40 chré-

130 1330 103 38 tien.
259 1325 251 53 »(Clément
534 1326 312 40 d'Alexandrie
866 1339 9 35 ;
896 1324 215 54 Eusèbe.)
1133 1324 31 41 Il
1183 1340 26 37 y
1234 1339 21 26 a
1277 1325 218 52 quelques
1516 1325 253 51 exceptions
1790 1339 7 31 ;
1822 1326 112 38 mais
1949 1325 100 40 telle
2073 1334 66 31 est

131 1397 38 40 la
197 1395 119 51 règle
353 1395 211 50 générale
610 1394 60 40 Ce
699 1397 74 50 qui
797 1403 66 31 est
884 1394 233 50 singulier,
1160 1402 41 31 et
1222 1394 226 49 témoigne
1470 1393 132 40 d'une
1617 1392 287 41 indifférence
1937 1395 95 50 pire
2052 1408 84 38 que

131 1463 228 42 l'hostilité
376 1477 157 27 envers
555 1476 19 25 «
593 1461 415 49 l'orchestre»,c'est
1030 1476 85 38 que
1138 1470 111 33 cette
1273 1461 229 42 exclusion
1538 1459 255 54 n'empêche
1816 1476 79 39 pas
1916 1463 54 40 de
1996 1462 112 41 chan-

136 1543 65 31 ter
223 1534 78 39 des
321 1532 216 41 formules
561 1545 173 27 comme
757 1532 193 40 celles-ci
969 1545 9 26 :

187 1601 50 41 In
254 1601 204 53 cymbalis
475 1601 102 39 bene
595 1600 431 40 sonantibuslaudate
1039 1599 228 41 Dominum
1291 1599 59 50 (le
1373 1600 187 44 samedi,
1578 1604 22 36 à
1620 1600 184 50 Landes)
1817 1611 17 40 ;

190 1669 153 41 Canite
363 1670 97 40 tuba
477 1668 180 52 inSion,
679 1668 99 54 quia
792 1677 159 47 propre
961 1675 57 33 est
1030 1668 89 40 dies
1143 1668 178 40 Domini
1341 1670 105 48 (aux
1465 1673 156 47 vêpres
1644 1669 59 41 du
1726 1668 58 42 IV
1788 1673 14 18 e
1825 1669 235 41 dimanche
2083 1670 53 40 de

132 1738 194 54 l'Avent)
351 1753 9 35 ;

187 1806 49 41 ln
259 1807 167 40 civitate
449 1806 179 41 Domini
649 1806 113 40 clare
779 1813 156 33 sonant
945 1806 172 54 jugiter
1144 1821 170 39 organa
1347 1814 241 32 sanctorum
1623 1807 374 50 (Processionale,
2032 1809 106 40 édit.

140 1877 54 40 de
212 1875 245 47 Solesmes,
478 1891 40 37 p.
550 1875 114 52 203).

188 1945 123 40 Dans
332 1960 59 25 un
415 1943 123 42 office
560 1945 52 39 de
639 1945 115 39 saint
778 1943 258 51 Antoine,le
1053 1943 113 41 frère
1187 1943 148 56 Julien
1354 1945 96 49 (xm
1454 1948 16 18 e
1482 1942 147 55 siècle)
1646 1943 78 42 fait
1746 1945 93 41 dire
1859 1954 41 32 et
1921 1946 190 40 chanter
2129 1961 7 25 :

191 2013 120 41 Sono
336 2014 126 48 tnbce,
487 2020 222 46 tympano,
736 2011 182 50 cithara,
936 2013 220 54 psalterio,
1178 2013 283 54 cymbalisqne
1484 2013 151 51 Deum,
1681 2013 146 50 choro,
1862 2014 154 48 cordis,
2059 2028 48 27 or-

130 2098 136 38 gano,
286 2083 142 39 laudet
452 2080 47 41 in
519 2080 196 41 Antonio
741 2080 172 53 mystice
936 2095 72 26 cor
1030 2096 152 26 meum.

186 2151 63 41 La
270 2153 207 50 musique
496 2150 343 40 instrumentale
861 2158 65 32 est
945 2150 115 40 donc
1079 2150 199 41 devenue
1302 2163 84 28 une
1407 2151 343 52 métaphore,un
1774 2152 158 52 simple
1947 2155 101 39 trait
2077 2154 53 40 de

135 2221 257 51 rhétorique
431 2233 56 27 ou
523 2220 54 39 de
606 2219 182 52 lyrisme
818 2218 168 41 verbal.
1031 2218 65 42 De
1115 2228 110 32 cette
1246 2220 172 47 lacune,
1444 2232 57 28 on
1522 2234 21 26 a
1566 2220 148 41 donné
1731 2234 87 27 une
1837 2223 152 39 raison
2008 2223 105 49 ingé-

133 2291 154 39 nieuse
306 2302 6 26 :
341 2289 39 40 la
405 2289 232 48 nécessité,
663 2301 113 39 pour
795 2288 63 40 les
873 2289 216 51 premiers
1107 2287 238 48 chrétiens,
1370 2288 53 40 de
1453 2301 46 27 se
1521 2288 259 41 dissimuler
1801 2298 41 32 et
1874 2290 268 53 d'échapper

134 2363 22 36 à
174 2359 308 51 l'espionnage
506 2357 77 40 des
603 2361 311 48 persécuteurs
938 2369 54 28 en
1009 2370 55 27 ne
1087 2355 163 42 faisant
1272 2370 79 39 pas
1369 2357 53 40 de
1439 2356 134 41 bruit.
1595 2357 87 41 Les
1721 2366 136 33 textes
1896 2373 113 27 nous
2042 2359 96 41 font

134 2427 143 52 plutôt
300 2429 277 38 reconnaître
596 2426 54 39 ici
671 2423 249 42 l'influence
944 2423 131 42 d'une
1095 2425 97 40 idée
1214 2425 239 51 religieuse
1491 2434 41 33 et
1567 2428 239 51 mystique,
1848 2433 292 35 secrètement

134 2496 163 41 hostile
322 2500 21 36 à
363 2495 180 40 l'art—à
566 2495 11 40 l
599 2496 210 50 artpaïen
830 2495 35 39 si
886 2493 86 42 l'on
997 2503 102 32 veut
1107 2495 163 40 —dont
1291 2495 85 40 elle
1395 2495 143 41 réduit
1561 2493 228 55 l'appareil
1810 2510 55 26 au
1885 2498 254 40 minimum.

190 2564 69 41 En
281 2565 264 50 organisant
569 2563 62 40 les
652 2563 214 40 mélodies
884 2563 320 51 elles-mêmes,
1230 2554 184 59 l'Église
1434 2566 208 39 continue
1674 2565 39 39 la
1748 2566 113 40 série
1894 2566 78 40 des
1996 2566 123 40 élimi-

134 2636 178 38 nations
335 2644 7 29 :
369 2632 82 42 elle
476 2633 230 51 supprime
727 2632 63 39 les
809 2644 162 37 genres
994 2631 336 54 enharmonique
1354 2641 40 31 et
1426 2632 302 54 chromatique.
1769 2633 127 42 Cette
1935 2648 182 39 suppres-

135 2704 98 39 sion
282 2702 111 40 n'est
445 2714 80 40 pas
548 2702 191 38 motivée
773 2714 80 38 par
890 2700 77 40 des
1004 2702 174 38 raisons
1220 2702 256 51 artistiques
1499 2713 9 37 ;
1551 2702 84 40 elle
1669 2703 119 39 vient
1822 2703 84 40 elle
1949 2705 120 39 aussi
2089 2704 54 40 de

136 2772 371 52 préoccupations
529 2778 235 44 purement
783 2769 193 40 morales
999 2771 76 50 qui
1096 2783 55 27 ne
1169 2771 150 40 voient
1342 2782 86 40 que
1451 2769 209 42 mollesse
1698 2779 41 32 et
1777 2771 240 42 tendances
2041 2771 82 42 effé-

135 2841 169 40 minées
327 2853 55 26 en
405 2839 165 40 dehors
591 2838 58 40 du
672 2851 136 37 genre
828 2837 268 54 diatonique.

190 2908 130 42 Voilà
345 2908 95 52 déjà
470 2907 222 53 plusieurs
729 2906 222 52 chapitres
981 2907 267 51 importants
1274 2907 205 40 arrachés
1515 2922 55 27 au
1609 2908 108 40 livre
1754 2908 54 41 de
1845 2909 39 40 la
1931 2909 211 41 tradition

137 2980 197 49 antique.
362 2976 29 40 Il
411 2991 28 38 y
463 2991 22 26 a
508 2991 59 26 un
593 2983 124 33 autre
739 2988 174 39 groupe
936 2975 53 40 de
1010 2983 145 44 pertes
1180 2976 75 51 qui
1279 2976 155 40 mérite
1454 2976 40 40 la
1515 2976 228 42 réflexion.

191 3045 73 42 On
287 3047 85 39 sait
395 3043 135 55 qu'au
553 3057 164 39 moyen
734 3047 99 47 âge,
856 3044 38 39 la
920 3052 119 32 carte
1059 3044 342 52 géographique
1435 3046 54 40 de
1512 3046 39 40 la
1582 3046 165 51 langue
1783 3046 180 41 verbale
2002 3062 23 26 a
2066 3048 76 41 des

136 3116 205 41 couleurs
374 3114 295 42 nombreuses
692 3121 42 32 et
757 3117 87 37 très
861 3112 249 41 distinctes.
1141 3112 72 49 Ici,
1236 3113 39 41 le
1294 3114 236 52 provençal
1551 3127 8 37 ;
1585 3115 56 48 là,
1668 3116 38 40 le
1728 3116 208 50 français.
1958 3116 124 41 Dans
2105 3117 39 41 le

136 3183 209 52 français,
365 3192 158 44 quatre
543 3182 210 41 dialectes
793 3182 261 52 principaux
1079 3196 7 26 :
1129 3185 22 36 à
1195 3182 112 47 l'est,
1346 3183 38 40 le
1420 3183 321 51 bourguignon
1764 3198 10 36 ;
1837 3189 21 35 à
1893 3185 174 47 l'ouest,
2105 3185 39 40 le

136 3253 220 40 normand
382 3266 9 36 ;
414 3266 55 26 au
489 3252 129 46 nord,
641 3251 41 40 le
701 3250 150 53 picard
873 3260 7 37 ;
901 3264 54 26 au
980 3258 164 40 centre,
1169 3250 38 41 le
1232 3251 184 41 dialecte
1449 3255 91 50 qui,
1562 3267 54 26 au
1641 3262 144 43 temps
1808 3253 54 40 de
1891 3252 251 50 Malherbe,

136 3322 239 40 deviendra
393 3320 345 53 prépondérant.
755 3319 64 40 La
842 3320 223 51 musique,
1082 3319 83 40 elle
1187 3322 136 45 aussi,
1346 3335 21 25 a
1409 3335 71 35 eu,
1512 3321 112 41 dans
1660 3331 98 32 tous
1797 3322 63 40 les
1891 3336 126 39 pays,
2057 3337 87 27 une

134 3399 117 32 carte
272 3391 239 50 analogue.
538 3388 85 41 Les
644 3397 172 32 centres
851 3388 242 52 politiques
1117 3390 193 39 créaient
1326 3389 62 40 les
1407 3399 172 32 centres
1611 3392 247 39 musicaux.
1883 3389 86 42 Les
2006 3392 111 41 mélo-

136 3460 94 40 dies
254 3458 347 52 s'organisaient
626 3466 161 32 autour
806 3457 53 41 de
883 3456 41 41 la
945 3457 166 50 langue
1152 3457 150 52 parlée
1341 3467 41 32 et
1421 3460 222 40 suivaient
1686 3472 82 28 son
1800 3461 131 49 génie
1964 3474 175 40 propre.

136 3527 61 42 La
223 3541 181 38 gamme
442 3526 353 51 fondamentale,
836 3526 63 42 les
929 3526 171 49 modes,
1138 3526 64 42 les
1240 3527 216 53 rythmes,
1497 3530 165 40 étaient
1681 3528 271 43 déterminés
1973 3544 80 36 par
2077 3530 64 41 les
