2451 4097
860 314 168 36 NOTES
1062 315 102 36 SUR
1195 315 173 36 LULLY

2142 346 0 0 11

79 453 70 55 de
183 471 158 37 cour.
376 454 175 73 Lully
585 456 207 56 éclairé
826 475 108 53 par
967 476 105 37 son
1104 458 121 55 bon
1258 476 149 52 sens,
1444 463 59 50 et
1538 457 422 55 certainement
1995 458 155 54 aussi

75 548 108 55 par
210 532 82 55 les
322 534 243 55 conseils
596 534 211 56 d'amis
836 537 110 53 tels
976 555 113 53 que
1119 537 253 70 Molière,
1504 537 190 71 Lully,
1726 536 102 71 qui
1858 536 293 54 d'ailleurs

79 612 212 55 n'était
328 631 107 52 pas
471 632 83 36 un
590 616 309 54 mélodiste
936 617 323 70 abondant,
1300 623 59 49 et
1396 635 114 53 que
1547 634 73 38 ne
1655 616 200 72 gênait
1891 616 171 71 point
2097 617 53 53 le

78 691 320 71 trop-plein
437 692 73 55 de
548 711 106 37 son
692 693 351 73 inspiration
1080 696 296 68 musicale,
1418 696 184 71 réagit
1640 696 511 71 vigoureusement

77 774 203 50 contre
342 788 66 39 ce
478 776 164 68 goût.
706 776 136 53 Non
907 776 323 54 seulement
1291 776 40 53 il
1374 776 312 71 répugnait
1749 776 36 53 à
1828 774 178 55 écrire
2050 774 101 55 des

78 868 23 30 «
125 848 244 56 doubles
393 871 21 29 »
455 857 60 50 et
557 853 100 54 des
698 874 22 29 «
743 854 356 55 roulements
1123 876 41 48 »,
1207 861 58 48 et
1305 856 135 53 n'en
1480 856 240 53 mettait
1759 854 140 70 qu'à
1938 860 211 66 regret,

79 927 71 54 de
164 928 122 53 loin
301 947 73 37 en
389 929 138 70 loin,
557 951 22 29 «
602 948 108 54 par
724 933 509 55 condescendance
1258 951 148 53 pour
1416 934 52 54 le
1487 934 559 70 peuple,—comme
2063 933 88 55 dit

77 1007 205 56 Lecerf
315 1009 73 55 de
404 1009 60 55 la
482 1011 264 70 Viéville,
859 1018 61 49 et
935 1030 108 53 par
1065 1013 430 55 considération
1528 1031 149 52 pour
1693 1031 107 37 son
1834 1013 316 71 beau-père

78 1087 283 56 Lambert
385 1110 42 48 »,
458 1091 102 70 qui
591 1091 164 54 avait
784 1091 110 54 mis
939 1093 34 52 à
1001 1092 57 53 la
1087 1093 172 52 mode
1289 1110 93 35 ces
1411 1097 336 50 ornements
1785 1110 71 37 en
1886 1093 223 54 France
2134 1114 15 48 ;

77 1166 151 54 mais
259 1167 41 53 il
331 1168 326 71 s'opposait
687 1169 381 55 violemment
1101 1172 35 52 à
1169 1188 63 36 ce
1264 1188 113 54 que
1409 1171 53 53 le
1494 1171 284 54 chanteur
1809 1171 341 54 introduisît

79 1244 147 56 dans
251 1265 82 35 un
358 1247 181 55 chant
564 1249 144 54 écrit
733 1266 135 37 sans
893 1255 335 49 ornements
1253 1251 81 52 les
1359 1249 282 55 vocalises
1667 1256 59 48 et
1749 1251 83 53 les
1855 1251 295 53 broderies

79 1324 386 72 décoratives,
518 1345 115 53 que
684 1328 219 70 l'usage
955 1333 247 49 courant
1255 1328 213 54 d'alors
1519 1328 83 54 lui
1653 1331 344 67 permettait
2050 1331 100 70 d'y

78 1403 233 70 ajouter
338 1425 12 34 :
386 1407 122 66 (car
540 1425 64 35 ce
637 1407 92 53 fut
760 1407 273 53 l'essence
1065 1407 189 53 même
1287 1407 71 53 de
1390 1407 136 53 l'art
1559 1407 223 69 ancien,
1818 1413 59 49 et
1912 1413 238 50 surtout

79 1483 72 53 de
167 1483 137 53 l'art
319 1483 222 70 italien,
558 1486 277 71 jusqu'au
850 1486 198 53 milieu
1084 1486 80 53 du
1199 1486 211 53 XVIII
1411 1497 22 24 e
1468 1486 188 67 siècle,
1693 1487 182 69 qu'on
1890 1505 41 52 y
1973 1488 148 54 réser-

78 1563 108 52 vât
234 1563 268 70 toujours
548 1582 114 36 une
708 1569 137 67 part
891 1566 35 52 à
983 1564 492 70 l'improvisation
1518 1564 80 55 du
1644 1566 285 54 chanteur
1975 1572 57 48 et
2078 1567 73 55 de

75 1639 388 57 l'exécutant:
487 1642 53 54 le
563 1648 164 50 texte
751 1643 244 55 musical
1047 1643 148 55 était
1217 1661 146 55 pour
1385 1661 114 37 eux
1524 1660 115 38 une
1664 1648 156 50 sorte
1856 1644 72 55 de
1954 1646 197 54 thème

78 1719 35 54 à
145 1719 321 55 variations
931 1722 74 53 ad
1147 1722 243 68 libitum,
880 1722 77 53 où
976 1723 123 54 leur
1119 1722 310 53 virtuosité
1448 1722 164 53 avait
1627 1722 154 55 beau
1801 1723 142 70 jeu).
1976 1723 174 71 Lully

77 1816 73 37 ne
172 1798 52 53 le
247 1799 235 55 tolérait
502 1802 194 68 point;
722 1807 58 48 et
803 1802 118 53 ceci
944 1807 89 48 est
1051 1820 77 35 un
1146 1801 109 54 fait
1278 1818 273 37 nouveau
1564 1802 147 53 dans
1726 1802 136 55 l'art
1885 1803 263 55 musical.

191 1897 23 29 «
237 1878 191 71 Lully,
483 1879 88 54 dit
637 1881 86 53 La
774 1881 263 68 Viéville,
1091 1881 282 71 envoyait
1425 1886 198 48 toutes
1675 1898 89 36 ses
1818 1882 244 55 actrices
2115 1884 35 53 à

79 1956 300 69 Lambert,
407 1975 150 53 pour
583 1959 145 70 qu'il
755 1959 124 54 leur
907 1959 198 72 apprît
1133 1977 65 37 sa
1225 1959 274 70 propreté
1528 1959 80 54 du
1636 1959 201 55 chant.
1867 1961 282 54 Lambert

77 2034 125 55 leur
235 2036 198 54 faisait
468 2037 71 53 de
573 2042 193 67 temps
799 2056 73 37 en
906 2043 194 66 temps
1133 2038 194 55 couler
1360 2056 82 35 un
1475 2038 152 71 petit
1663 2039 302 70 agrément
2001 2039 147 55 dans

78 2114 53 54 le
160 2114 261 55 récitatif
450 2117 72 53 de
551 2118 192 71 Lully,
776 2123 60 48 et
866 2118 82 53 les
988 2118 244 55 actrices
1264 2118 377 53 hasardaient
1673 2118 71 55 de
1776 2118 145 55 faire
1950 2137 199 54 passer

77 2210 93 36 ces
187 2193 518 57 embellissements
722 2213 118 37 aux
856 2197 362 71 répétitions.
1225 2217 104 28 —«
1343 2197 283 68 Morbleu,
1640 2197 508 71 mesdemoiselles,

78 2272 176 54 disait
281 2273 193 71 Lully,
502 2292 61 37 se
591 2282 240 48 servant
854 2277 367 71 quelquefois
1249 2277 143 53 d'un
1428 2282 185 48 terme
1654 2276 192 54 moins
1881 2277 121 71 poli
2032 2295 117 53 que

78 2352 251 70 celui-là,
353 2358 61 50 et
438 2371 60 37 se
521 2354 204 55 levant
750 2356 297 71 fougueux
1072 2357 71 53 de
1167 2373 65 37 sa
1255 2356 194 53 chaise
1475 2376 14 47 ;
1528 2356 41 53 il
1592 2356 102 71 n'y
1734 2373 35 36 a
1790 2373 108 54 pas
1921 2373 228 39 comme

78 2429 124 55 cela
239 2431 145 54 dans
419 2438 169 48 votre
624 2434 204 70 papier
845 2455 15 48 ;
887 2439 77 65 et,
983 2434 346 55 ventrebleu
1347 2436 10 52 !
1386 2434 170 70 point
1574 2434 71 54 de
1660 2434 267 55 broderie
1952 2436 10 53 !
1999 2436 148 53 Mon

87 2508 245 71 récitatif
628 2511 142 53 n'est
964 2512 111 67 fait
1251 2530 103 53 que
1514 2518 146 66 pour
1860 2514 209 70 parler,
2070 2508 2 76 »

191 2589 80 54 Le
310 2589 259 56 récitatif
607 2593 73 53 de
718 2593 174 71 Lully
930 2613 22 28 «
976 2594 214 70 épouse
1231 2593 151 55 donc
1420 2593 337 53 fidèlement
1796 2593 81 55 les
1908 2611 200 37 mouve-

77 2672 194 51 ments
320 2669 80 54 du
450 2669 277 56 discours.
755 2692 21 28 »
825 2673 201 53 Avant
1075 2678 155 64 tout,
1279 2672 42 53 il
1368 2690 74 36 en
1490 2673 215 70 épouse
1752 2672 83 53 les
1882 2673 267 71 rythmes

74 2746 329 71 poétiques,
426 2747 42 53 il
488 2765 61 38 se
571 2749 227 55 modèle
818 2768 98 37 sur
936 2751 54 54 le
1011 2768 131 37 vers
1167 2772 16 48 ;
1207 2757 60 48 et
1288 2752 145 53 c'est
1454 2751 77 68 là,
1554 2751 40 53 il
1617 2751 131 53 faut
1768 2751 137 53 bien
1927 2752 53 53 le
2004 2752 143 68 dire,

74 2842 117 37 une
224 2843 174 37 cause
433 2828 73 53 de
539 2829 220 71 grande
792 2832 358 53 monotonie.
1188 2832 94 53 On
1317 2848 36 36 a
1386 2831 132 53 loué
1551 2831 58 53 la
1642 2829 397 56 versification
2075 2831 73 54 de

74 2904 306 71 Quinault,
422 2922 107 38 son
568 2907 193 54 habile
802 2909 335 55 alternance
1178 2909 71 55 de
1289 2926 132 37 vers
1444 2909 71 54 de
1537 2908 311 71 longueurs
1872 2909 276 70 diverses,

73 2987 62 51 et
154 3001 107 37 son
282 2986 299 53 attention
601 2987 36 52 à
656 2987 320 72 multiplier
995 3006 77 37 ou
1093 2991 35 52 à
1147 2988 229 55 réduire
1395 2988 82 55 les
1498 2993 235 48 accents
1754 2988 391 70 rythmiques.

74 3063 149 56 Mais
258 3081 74 37 en
370 3066 165 71 dépit
573 3066 72 54 de
682 3071 135 50 tous
852 3086 91 37 ses
979 3068 225 70 efforts,
1223 3086 66 37 sa
1326 3067 413 70 déclamation,
1778 3068 261 53 traduite
2075 3085 74 36 en

70 3142 271 72 musique
374 3161 109 53 par
517 3144 193 71 Lully,
747 3151 89 49 est
872 3147 287 68 dominée,
1195 3163 229 37 comme
1458 3152 169 48 toute
1661 3146 59 53 la
1755 3146 395 55 déclamation

74 3220 81 55 du
184 3227 215 66 temps,
430 3241 109 53 par
567 3223 457 57 l'accentuation
1053 3227 278 70 exagérée
1362 3226 73 54 de
1463 3226 59 53 la
1551 3224 143 55 rime
1726 3224 148 55 dans
1903 3224 82 56 les
2017 3242 132 38 vers

73 3307 216 65 courts,
314 3303 74 53 de
408 3304 58 54 la
488 3304 199 54 césure
709 3309 60 50 et
793 3306 71 53 de
884 3307 59 53 la
964 3306 145 54 rime
1132 3306 146 54 dans
1300 3307 82 53 les
1404 3322 132 37 vers
1559 3306 72 53 de
1654 3304 185 55 douze
1874 3304 271 71 syllabes.

75 3379 94 55 On
198 3384 215 52 trouve
445 3382 148 54 dans
624 3383 84 53 les
738 3386 206 68 opéras
976 3386 72 53 de
1080 3384 174 71 Lully
1286 3384 101 55 des
1418 3389 236 65 steppes
1686 3383 72 55 de
1777 3383 286 55 récitatifs
2086 3389 61 50 et

75 3459 196 70 d'airs,
304 3462 76 53 où
411 3461 53 54 le
494 3463 252 70 premier
775 3468 194 66 temps
1001 3464 71 54 de
1103 3464 228 70 chaque
1360 3481 229 37 mesure
1620 3462 203 54 tombe
1853 3480 144 36 avec
2029 3481 115 37 une

74 3538 232 72 rigueur
333 3541 352 70 implacable
713 3560 99 36 sur
840 3542 58 54 la
926 3543 163 68 rime,
1120 3561 78 35 ou
1226 3561 99 37 sur
1339 3542 58 54 la
1439 3543 198 53 césure
1654 3542 72 54 de
1740 3542 402 56 l'hexamètre.
