2451 4097
807 337 66 37 LA
914 340 251 47 MUSIQUE
1196 341 104 37 DES
1333 341 263 38 HONGROIS

2167 345 60 49 73

169 475 80 54 les
303 480 379 70 protestants,
737 498 76 37 on
867 485 265 69 s'occupe
1185 487 408 69 spécialement
1646 488 99 53 des
1799 487 227 53 chœurs

169 556 239 70 caftella,
461 560 194 54 tandis
708 578 113 53 que
870 563 80 54 les
1002 564 289 56 Israélites
1340 567 289 69 préfèrent
1678 567 80 53 les
1808 567 146 53 bons
2005 568 220 53 solistes

169 639 59 48 et
265 639 335 67 organistes.

280 715 52 52 Il
361 733 41 52 y
432 734 36 36 a
498 736 71 34 en
602 719 254 71 Hongrie
887 739 113 36 une
1032 743 21 28 «
1077 724 223 53 Société
1331 725 99 54 des
1462 725 412 70 compositeurs
1905 725 268 70 hongrois
2201 747 22 28 »

168 794 172 69 aussi,
385 796 258 69 présidée
686 817 106 51 par
835 800 52 54 le
930 803 248 68 pianiste
1222 804 320 70 professeur
1587 805 76 54 M.
1709 805 251 54 Antoine
2006 805 212 70 Siposs.

167 873 117 53 Son
310 874 111 53 but
449 882 87 48 est
563 876 523 73 l'encouragement
1114 888 59 47 et
1201 884 55 51 la
1283 884 324 69 protection
1636 885 99 52 des
1763 889 252 50 auteurs.

279 955 155 52 Pour
489 956 187 54 élever
729 959 82 52 les
867 962 290 53 nouvelles
1215 964 359 69 générations
1631 964 144 53 dans
1831 965 242 54 l'amour
2151 967 69 52 de

168 1033 135 52 l'art
350 1035 241 52 musical
638 1040 58 49 et
727 1037 122 54 leur
870 1040 202 52 rendre
1121 1042 301 52 accessible
1469 1042 384 69 l'acquisition
1903 1044 79 52 du
2027 1047 193 52 savoir

166 1111 339 72 nécessaire,
538 1115 40 52 il
610 1133 39 52 y
682 1133 35 36 a
750 1120 164 50 toute
945 1136 113 35 une
1090 1119 394 71 bibliothèque
1517 1123 339 70 d'ouvrages
1889 1124 329 70 théoriques

166 1195 59 49 et
267 1193 318 70 pratiques,
628 1195 187 69 parmi
855 1197 243 69 lesquels
1138 1199 40 51 il
1218 1200 127 52 faut
1389 1200 139 52 citer
1569 1218 70 36 en
1679 1203 244 67 premier
1964 1203 129 68 lieu,
2137 1203 81 53 les

166 1273 251 51 travaux
458 1273 71 52 de
571 1273 289 53 Cornélius
901 1275 319 71 d'Abranyi
1259 1278 151 68 père,
1453 1279 36 52 à
1526 1279 280 53 l'activité
1847 1282 254 53 dévouée
2143 1283 70 52 de

164 1349 99 69 qui
298 1368 75 34 on
406 1351 123 54 doit
561 1353 318 70 également
911 1354 429 70 l'organisation
1372 1358 99 52 des
1502 1358 289 68 orphéons
1823 1377 70 34 en
1925 1362 288 68 province.

163 1428 117 53 Son
333 1429 229 70 journal
614 1431 239 53 musical
907 1431 233 70 disparu
1193 1452 36 34 a
1281 1437 91 50 été
1425 1442 554 63 avantageusement
2031 1440 152 54 résus-

163 1508 112 52 cité
303 1525 105 53 par
439 1511 75 53 M.
547 1511 218 69 Joseph
794 1511 169 70 Sagh.
999 1513 49 52 Il
1077 1519 86 47 est
1194 1532 70 34 en
1293 1515 187 52 même
1509 1520 189 65 temps
1728 1517 249 69 l'organe
2006 1520 209 54 officiel

163 1586 70 52 de
265 1588 448 54 «l'Association
745 1591 97 53 des
873 1591 302 54 musiciens
1206 1593 329 70 hongrois».

272 1668 403 54 L'instantané
713 1670 79 54 du
827 1672 214 52 monde
1077 1673 239 52 musical
1352 1674 268 69 hongrois
1672 1675 171 52 serait
1900 1675 312 71 incomplet

163 1745 46 52 si
240 1763 74 34 on
346 1764 70 36 ne
448 1748 265 70 signalait
743 1767 106 52 pas
881 1750 143 52 dans
1055 1752 78 52 les
1165 1769 168 52 rangs
1366 1753 99 52 des
1497 1758 289 48 amateurs
1818 1755 392 55 connaisseurs

163 1829 57 47 et
262 1825 236 54 délicats
539 1828 75 52 M.
657 1829 149 67 Jean
848 1830 68 52 de
956 1829 181 71 Végh,
1179 1832 98 68 qui
1317 1835 111 49 sait
1467 1832 219 52 manier
1725 1849 140 36 avec
1904 1852 111 35 une
2055 1835 155 69 égale

162 1904 244 70 aisance,
439 1906 80 54 les
550 1908 268 53 balances
851 1910 70 52 de
953 1910 56 51 la
1041 1910 219 69 Justice
1293 1915 59 49 et
1382 1912 56 52 la
1469 1912 194 68 plume
1695 1913 78 52 du
1805 1914 403 69 compositeur,

162 1984 143 52 ainsi
343 2002 111 52 que
493 1986 76 53 M.
610 1986 51 54 le
699 1992 189 48 comte
925 1988 203 53 Albert
1165 1989 290 70 Apponyi,
1493 1990 52 54 le
1582 1992 259 52 ministre
1880 1993 98 52 des
2017 1993 192 53 Cultes

160 2068 59 47 et
263 2064 70 53 de
375 2064 399 56 l'lnstruction
817 2068 276 70 publique
1137 2069 205 52 actuel.
1389 2070 185 52 Etant
1615 2070 122 54 l'un
1781 2072 100 53 des
1923 2073 285 53 membres

159 2143 80 52 les
272 2143 130 70 plus
436 2145 285 55 éminents
755 2146 80 53 du
869 2153 153 63 parti
1057 2148 70 53 de
1161 2148 490 70 l'indépendance,
1687 2150 39 52 il
1761 2168 170 36 saura
1965 2152 243 53 délivrer

159 2221 56 52 la
251 2223 264 70 musique
552 2224 301 71 hongroise
891 2226 152 53 aussi
1083 2226 69 54 de
1190 2232 164 48 toute
1391 2228 300 70 ingérance
1729 2229 295 70 étrangère
2062 2247 146 52 pour

155 2300 420 56 l'abandonner
628 2304 34 52 à
714 2322 104 35 son
869 2304 140 69 lent,
1062 2307 146 52 mais
1259 2307 226 69 logique
1540 2308 494 70 développement.
2091 2310 115 52 Son

155 2379 281 56 influence
468 2388 142 63 peut
644 2383 118 53 être
797 2384 34 52 à
865 2390 91 47 cet
990 2385 171 70 égard
1196 2385 261 55 décisive.
1495 2388 108 53 Car
1634 2388 40 52 il
1706 2406 39 52 y
1778 2404 35 36 a
1846 2406 71 35 en
1951 2389 254 70 Hongrie

155 2475 112 37 une
310 2460 240 55 matière
594 2463 270 52 musicale
909 2468 57 48 et
1010 2464 98 53 des
1151 2465 213 54 talents
1408 2467 306 67 créateurs,
1759 2468 98 52 des
1900 2468 304 52 musiciens

155 2538 72 52 de
266 2539 192 53 bonne
498 2540 237 54 volonté
775 2541 98 69 qui
914 2548 351 63 permettent
1309 2545 34 52 à
1383 2562 148 54 coup
1573 2547 96 52 sûr
1710 2547 70 52 de
1820 2547 265 68 présager
2124 2564 80 36 un

155 2619 199 52 avenir
398 2619 239 53 brillant
684 2621 34 51 à
764 2620 193 54 l'école
1002 2623 301 70 hongroise
1349 2642 71 34 en
1467 2624 331 53 formation.
1848 2625 153 52 Pour
2048 2642 117 35 com-

154 2714 230 37 mencer
418 2715 106 36 son
559 2707 375 47 mouvement
972 2703 406 70 ascensionnel,
1418 2704 103 55 elle
1557 2705 97 51 n'a
1690 2705 129 69 plus
1855 2704 199 53 besoin
2092 2722 111 53 que

155 2775 140 53 d'un
340 2778 241 53 Périclès
623 2779 289 69 moderne,
956 2781 241 53 sachant
1237 2783 58 51 la
1337 2783 270 53 conduire
1650 2788 57 48 et
1749 2801 41 52 y
1831 2783 218 53 enrôler
2090 2801 111 35 une

152 2855 287 71 phalange
488 2858 307 68 d'artistes,
846 2860 99 69 qui
994 2860 331 55 travaillent
1375 2867 57 48 et
1481 2864 99 67 qui
1629 2881 58 34 se
1735 2867 339 48 contentent
2124 2863 77 52 du

152 2934 259 54 bonheur
448 2938 69 52 de
554 2938 243 68 pouvoir
832 2957 59 34 se
928 2942 345 67 rapprocher
1309 2942 71 53 de
1415 2942 121 53 leur
1571 2943 150 52 idéal
1745 2944 9 51 !
1799 2943 49 52 Il
1885 2959 40 52 y
1961 2959 35 35 a
2030 2942 57 52 là
2121 2959 80 36 un

149 3014 117 52 rôle
309 3014 133 53 bien
487 3020 235 49 tentant
768 3018 33 51 à
844 3019 247 69 remplir,
1138 3020 99 69 qui
1282 3038 77 34 va
1404 3020 269 54 d'autant
1719 3022 128 68 plus
1891 3037 75 35 au
2011 3025 190 49 comte

147 3093 271 71 Apponyi
475 3113 113 52 que
644 3113 103 36 son
803 3098 187 53 talent
1049 3099 291 53 d'orateur
1395 3102 321 68 polyglotte
1771 3100 430 69 incomparable

144 3171 80 55 lui
260 3190 34 35 a
327 3174 137 53 valu
500 3174 133 70 déjà
666 3175 180 54 d'être
879 3179 270 67 comparé
1183 3179 34 52 à
1250 3179 332 53 l'immortel
1615 3184 205 48 auteur
1853 3179 99 52 des
1988 3178 183 71 Philip-

140 3254 221 69 piques.
