<?xml version="1.0" encoding="UTF-8"?>
<alto xmlns:xsi="http://www.w3.org/2001/XMLSchema-instance" xmlns="http://www.loc.gov/standards/alto/ns-v2#" xsi:schemaLocation="http://www.loc.gov/standards/alto/ns-v2# http://www.loc.gov/standards/alto/alto-v2.0.xsd" xmlns:xlink="http://www.w3.org/1999/xlink">
	<Description>
		<MeasurementUnit>mm10</MeasurementUnit>
		<sourceImageInformation>
			<fileName>//fileserver7/IN2/Princeton/Batch3/bmtnabh/1907/01/15_01/00000114.tif</fileName>
		</sourceImageInformation>
		<OCRProcessing ID="OCRPROCESSING_1">
			<preProcessingStep>
				<processingSoftware>
					<softwareCreator>CCS Content Conversion Specialists GmbH, Germany</softwareCreator>
					<softwareName>CCS docWORKS</softwareName>
					<softwareVersion>6.6-1.18</softwareVersion>
				</processingSoftware>
			</preProcessingStep>
			<ocrProcessingStep>
				<processingSoftware>
					<softwareCreator>ABBYY (BIT Software), Russia</softwareCreator>
					<softwareName>FineReader</softwareName>
					<softwareVersion>10.0</softwareVersion>
				</processingSoftware>
			</ocrProcessingStep>
		</OCRProcessing>
	</Description>
	<Styles>
		<TextStyle ID="TXT_0" FONTSIZE="30" FONTFAMILY="Unknown" FONTSTYLE="bold"/>
		<TextStyle ID="TXT_1" FONTSIZE="18" FONTFAMILY="Times New Roman"/>
		<TextStyle ID="TXT_2" FONTSIZE="18" FONTFAMILY="Times New Roman" FONTSTYLE="italics"/>
		<TextStyle ID="TXT_3" FONTSIZE="14" FONTFAMILY="Times New Roman"/>
		<TextStyle ID="TXT_4" FONTSIZE="47" FONTFAMILY="Fraktur"/>
		<ParagraphStyle ID="PAR_CENTER" ALIGN="Center"/>
		<ParagraphStyle ID="PAR_BLOCK" ALIGN="Block"/>
		<ParagraphStyle ID="PAR_LEFT" ALIGN="Left"/>
	</Styles>
	<Layout>
		<Page ID="P106" PHYSICAL_IMG_NR="106" HEIGHT="4097" WIDTH="2451" PC="0.930">
			<TopMargin ID="P106_TM00001" HPOS="0" VPOS="0" WIDTH="2451" HEIGHT="325"/>
			<LeftMargin ID="P106_LM00001" HPOS="0" VPOS="325" WIDTH="250" HEIGHT="3307"/>
			<RightMargin ID="P106_RM00001" HPOS="2303" VPOS="325" WIDTH="148" HEIGHT="3307"/>
			<BottomMargin ID="P106_BM00001" HPOS="0" VPOS="3632" WIDTH="2451" HEIGHT="465"/>
			<PrintSpace ID="P106_PS00001" HPOS="250" VPOS="325" WIDTH="2053" HEIGHT="3307">
				<TextBlock ID="P106_TB00001" HPOS="389" VPOS="1281" WIDTH="1785" HEIGHT="131" STYLEREFS="TXT_0 PAR_CENTER">
					<TextLine ID="P106_TL00001" HPOS="389" VPOS="1281" WIDTH="1785" HEIGHT="114">
						<String ID="P106_ST00001" HPOS="389" VPOS="1288" WIDTH="1018" HEIGHT="99" CONTENT="CORRESPONDANCE" WC="1.00" CC="02000023000021"/>
						<SP ID="P106_SP00001" HPOS="1407" VPOS="1387" WIDTH="89"/>
						<String ID="P106_ST00002" HPOS="1496" VPOS="1281" WIDTH="678" HEIGHT="114" CONTENT="D'AMÉRIQUE" WC="0.99" CC="5041706620"/>
					</TextLine>
				</TextBlock>
				<TextBlock ID="P106_TB00002" HPOS="250" VPOS="1735" WIDTH="2053" HEIGHT="1897" STYLEREFS="TXT_1 PAR_BLOCK">
					<TextLine ID="P106_TL00002" HPOS="351" VPOS="1735" WIDTH="1952" HEIGHT="73">
						<String ID="P106_ST00003" HPOS="351" VPOS="1735" WIDTH="376" HEIGHT="48" CONTENT="L'installation" WC="0.99" CC="23142015503033"/>
						<SP ID="P106_SP00002" HPOS="727" VPOS="1783" WIDTH="41"/>
						<String ID="P106_ST00004" HPOS="768" VPOS="1738" WIDTH="122" HEIGHT="47" CONTENT="d'un" WC="0.96" CC="6364"/>
						<SP ID="P106_SP00003" HPOS="890" VPOS="1785" WIDTH="42"/>
						<String ID="P106_ST00005" HPOS="932" VPOS="1753" WIDTH="239" HEIGHT="38" CONTENT="nouveau," WC="0.98" CC="05504076"/>
						<SP ID="P106_SP00004" HPOS="1171" VPOS="1791" WIDTH="38"/>
						<String ID="P106_ST00006" HPOS="1209" VPOS="1739" WIDTH="251" HEIGHT="51" CONTENT="directeur" WC="0.99" CC="630000067"/>
						<SP ID="P106_SP00005" HPOS="1460" VPOS="1791" WIDTH="40"/>
						<String ID="P106_ST00007" HPOS="1500" VPOS="1740" WIDTH="66" HEIGHT="51" CONTENT="de" WC="0.17" CC="97"/>
						<SP ID="P106_SP00006" HPOS="1566" VPOS="1791" WIDTH="35"/>
						<String ID="P106_ST00008" HPOS="1601" VPOS="1742" WIDTH="294" HEIGHT="49" CONTENT="l'orchestre" WC="1.00" CC="12300600000"/>
						<SP ID="P106_SP00007" HPOS="1895" VPOS="1791" WIDTH="39"/>
						<String ID="P106_ST00009" HPOS="1934" VPOS="1745" WIDTH="369" HEIGHT="63" CONTENT="symphonique" WC="0.78" CC="00654122000"/>
					</TextLine>
					<TextLine ID="P106_TL00003" HPOS="255" VPOS="1814" WIDTH="2048" HEIGHT="74">
						<String ID="P106_ST00010" HPOS="255" VPOS="1815" WIDTH="62" HEIGHT="47" CONTENT="de" WC="1.00" CC="00"/>
						<SP ID="P106_SP00008" HPOS="317" VPOS="1862" WIDTH="26"/>
						<String ID="P106_ST00011" HPOS="343" VPOS="1814" WIDTH="193" HEIGHT="47" CONTENT="Boston" WC="0.99" CC="035004"/>
						<SP ID="P106_SP00009" HPOS="536" VPOS="1862" WIDTH="24"/>
						<String ID="P106_ST00012" HPOS="560" VPOS="1816" WIDTH="85" HEIGHT="46" CONTENT="n'a" WC="0.99" CC="120"/>
						<SP ID="P106_SP00010" HPOS="645" VPOS="1862" WIDTH="24"/>
						<String ID="P106_ST00013" HPOS="669" VPOS="1832" WIDTH="91" HEIGHT="45" CONTENT="pas" WC="1.00" CC="000"/>
						<SP ID="P106_SP00011" HPOS="760" VPOS="1877" WIDTH="25"/>
						<String ID="P106_ST00014" HPOS="785" VPOS="1818" WIDTH="250" HEIGHT="45" CONTENT="surexcité" WC="1.00" CC="052010000"/>
						<SP ID="P106_SP00012" HPOS="1035" VPOS="1877" WIDTH="24"/>
						<String ID="P106_ST00015" HPOS="1059" VPOS="1818" WIDTH="71" HEIGHT="47" CONTENT="les" WC="1.00" CC="000"/>
						<SP ID="P106_SP00013" HPOS="1130" VPOS="1877" WIDTH="25"/>
						<String ID="P106_ST00016" HPOS="1155" VPOS="1820" WIDTH="183" HEIGHT="60" CONTENT="esprits" WC="1.00" CC="0000006"/>
						<SP ID="P106_SP00014" HPOS="1338" VPOS="1880" WIDTH="24"/>
						<String ID="P106_ST00017" HPOS="1362" VPOS="1820" WIDTH="135" HEIGHT="47" CONTENT="aussi" WC="0.99" CC="06003"/>
						<SP ID="P106_SP00015" HPOS="1497" VPOS="1880" WIDTH="25"/>
						<String ID="P106_ST00018" HPOS="1522" VPOS="1822" WIDTH="262" HEIGHT="48" CONTENT="vivement" WC="0.99" CC="03008000"/>
						<SP ID="P106_SP00016" HPOS="1784" VPOS="1880" WIDTH="24"/>
						<String ID="P106_ST00019" HPOS="1808" VPOS="1838" WIDTH="101" HEIGHT="47" CONTENT="que" WC="0.98" CC="050"/>
						<SP ID="P106_SP00017" HPOS="1909" VPOS="1885" WIDTH="22"/>
						<String ID="P106_ST00020" HPOS="1931" VPOS="1824" WIDTH="46" HEIGHT="47" CONTENT="le" WC="1.00" CC="00"/>
						<SP ID="P106_SP00018" HPOS="1977" VPOS="1885" WIDTH="24"/>
						<String ID="P106_ST00021" HPOS="2001" VPOS="1824" WIDTH="64" HEIGHT="48" CONTENT="fit" WC="0.99" CC="030"/>
						<SP ID="P106_SP00019" HPOS="2065" VPOS="1885" WIDTH="24"/>
						<String ID="P106_ST00022" HPOS="2089" VPOS="1828" WIDTH="214" HEIGHT="60" CONTENT="naguère" WC="1.00" CC="0050000"/>
					</TextLine>
					<TextLine ID="P106_TL00004" HPOS="255" VPOS="1894" WIDTH="2048" HEIGHT="70">
						<String ID="P106_ST00023" HPOS="255" VPOS="1894" WIDTH="230" HEIGHT="47" CONTENT="l'arrivée" WC="0.99" CC="601330001"/>
						<SP ID="P106_SP00020" HPOS="485" VPOS="1941" WIDTH="38"/>
						<String ID="P106_ST00024" HPOS="523" VPOS="1895" WIDTH="61" HEIGHT="47" CONTENT="de" WC="1.00" CC="00"/>
						<SP ID="P106_SP00021" HPOS="584" VPOS="1942" WIDTH="38"/>
						<String ID="P106_ST00025" HPOS="622" VPOS="1895" WIDTH="225" HEIGHT="48" CONTENT="Nikisch." WC="0.83" CC="30100062"/>
						<SP ID="P106_SP00022" HPOS="847" VPOS="1943" WIDTH="42"/>
						<String ID="P106_ST00026" HPOS="889" VPOS="1896" WIDTH="81" HEIGHT="47" CONTENT="Un" WC="0.94" CC="10"/>
						<SP ID="P106_SP00023" HPOS="970" VPOS="1943" WIDTH="38"/>
						<String ID="P106_ST00027" HPOS="1008" VPOS="1896" WIDTH="184" HEIGHT="49" CONTENT="intérêt" WC="1.00" CC="0000200"/>
						<SP ID="P106_SP00024" HPOS="1192" VPOS="1945" WIDTH="38"/>
						<String ID="P106_ST00028" HPOS="1230" VPOS="1898" WIDTH="113" HEIGHT="62" CONTENT="plus" WC="0.98" CC="0360"/>
						<SP ID="P106_SP00025" HPOS="1343" VPOS="1960" WIDTH="37"/>
						<String ID="P106_ST00029" HPOS="1380" VPOS="1899" WIDTH="214" HEIGHT="58" CONTENT="sérieux," WC="0.99" CC="00030505"/>
						<SP ID="P106_SP00026" HPOS="1594" VPOS="1960" WIDTH="39"/>
						<String ID="P106_ST00030" HPOS="1633" VPOS="1902" WIDTH="113" HEIGHT="60" CONTENT="plus" WC="1.00" CC="0010"/>
						<SP ID="P106_SP00027" HPOS="1746" VPOS="1962" WIDTH="37"/>
						<String ID="P106_ST00031" HPOS="1783" VPOS="1903" WIDTH="235" HEIGHT="61" CONTENT="profond," WC="1.00" CC="00033030"/>
						<SP ID="P106_SP00028" HPOS="2018" VPOS="1964" WIDTH="39"/>
						<String ID="P106_ST00032" HPOS="2057" VPOS="1904" WIDTH="246" HEIGHT="48" CONTENT="s'attache" WC="1.00" CC="000000030"/>
					</TextLine>
					<TextLine ID="P106_TL00005" HPOS="255" VPOS="1974" WIDTH="2047" HEIGHT="62">
						<String ID="P106_ST00033" HPOS="255" VPOS="1974" WIDTH="30" HEIGHT="44" CONTENT="à" WC="1.00" CC="0"/>
						<SP ID="P106_SP00029" HPOS="285" VPOS="2018" WIDTH="35"/>
						<String ID="P106_ST00034" HPOS="320" VPOS="1978" WIDTH="133" HEIGHT="42" CONTENT="cette" WC="1.00" CC="00000"/>
						<SP ID="P106_SP00030" HPOS="453" VPOS="2020" WIDTH="33"/>
						<String ID="P106_ST00035" HPOS="486" VPOS="1974" WIDTH="358" HEIGHT="62" CONTENT="inauguration" WC="0.99" CC="350515000040"/>
						<SP ID="P106_SP00031" HPOS="844" VPOS="2036" WIDTH="35"/>
						<String ID="P106_ST00036" HPOS="879" VPOS="1976" WIDTH="152" HEIGHT="47" CONTENT="d'une" WC="0.98" CC="01462"/>
						<SP ID="P106_SP00032" HPOS="1031" VPOS="2036" WIDTH="33"/>
						<String ID="P106_ST00037" HPOS="1064" VPOS="1976" WIDTH="234" HEIGHT="47" CONTENT="nouvelle" WC="0.99" CC="64600600"/>
						<SP ID="P106_SP00033" HPOS="1298" VPOS="2036" WIDTH="33"/>
						<String ID="P106_ST00038" HPOS="1331" VPOS="1979" WIDTH="81" HEIGHT="46" CONTENT="ère" WC="1.00" CC="001"/>
						<SP ID="P106_SP00034" HPOS="1412" VPOS="2036" WIDTH="32"/>
						<String ID="P106_ST00039" HPOS="1444" VPOS="1980" WIDTH="241" HEIGHT="47" CONTENT="musicale" WC="0.99" CC="66000000"/>
						<SP ID="P106_SP00035" HPOS="1685" VPOS="2036" WIDTH="33"/>
						<String ID="P106_ST00040" HPOS="1718" VPOS="1980" WIDTH="30" HEIGHT="47" CONTENT="à" WC="1.00" CC="0"/>
						<SP ID="P106_SP00036" HPOS="1748" VPOS="2036" WIDTH="35"/>
						<String ID="P106_ST00041" HPOS="1783" VPOS="1979" WIDTH="213" HEIGHT="51" CONTENT="Boston." WC="0.99" CC="4600200"/>
						<SP ID="P106_SP00037" HPOS="1996" VPOS="2036" WIDTH="37"/>
						<String ID="P106_ST00042" HPOS="2033" VPOS="1983" WIDTH="74" HEIGHT="47" CONTENT="La" WC="1.00" CC="00"/>
						<SP ID="P106_SP00038" HPOS="2107" VPOS="2036" WIDTH="31"/>
						<String ID="P106_ST00043" HPOS="2138" VPOS="1984" WIDTH="164" HEIGHT="47" CONTENT="raison" WC="0.99" CC="100062"/>
					</TextLine>
					<TextLine ID="P106_TL00006" HPOS="255" VPOS="2054" WIDTH="2047" HEIGHT="67">
						<String ID="P106_ST00044" HPOS="255" VPOS="2067" WIDTH="62" HEIGHT="31" CONTENT="en" WC="0.72" CC="05"/>
						<SP ID="P106_SP00039" HPOS="317" VPOS="2098" WIDTH="36"/>
						<String ID="P106_ST00045" HPOS="353" VPOS="2058" WIDTH="75" HEIGHT="40" CONTENT="est" WC="0.98" CC="101"/>
						<SP ID="P106_SP00040" HPOS="428" VPOS="2098" WIDTH="37"/>
						<String ID="P106_ST00046" HPOS="465" VPOS="2054" WIDTH="254" HEIGHT="60" CONTENT="peut-être" WC="0.99" CC="005000532"/>
						<SP ID="P106_SP00041" HPOS="719" VPOS="2114" WIDTH="35"/>
						<String ID="P106_ST00047" HPOS="754" VPOS="2070" WIDTH="98" HEIGHT="46" CONTENT="que" WC="0.98" CC="040"/>
						<SP ID="P106_SP00042" HPOS="852" VPOS="2116" WIDTH="34"/>
						<String ID="P106_ST00048" HPOS="886" VPOS="2054" WIDTH="50" HEIGHT="47" CONTENT="la" WC="0.74" CC="50"/>
						<SP ID="P106_SP00043" HPOS="936" VPOS="2116" WIDTH="34"/>
						<String ID="P106_ST00049" HPOS="970" VPOS="2055" WIDTH="190" HEIGHT="62" CONTENT="grande" WC="1.00" CC="000500"/>
						<SP ID="P106_SP00044" HPOS="1160" VPOS="2117" WIDTH="36"/>
						<String ID="P106_ST00050" HPOS="1196" VPOS="2056" WIDTH="283" HEIGHT="49" CONTENT="exaltation" WC="1.00" CC="0000020045"/>
						<SP ID="P106_SP00045" HPOS="1479" VPOS="2117" WIDTH="36"/>
						<String ID="P106_ST00051" HPOS="1515" VPOS="2059" WIDTH="237" HEIGHT="61" CONTENT="produite" WC="0.99" CC="00007400"/>
						<SP ID="P106_SP00046" HPOS="1752" VPOS="2120" WIDTH="36"/>
						<String ID="P106_ST00052" HPOS="1788" VPOS="2074" WIDTH="93" HEIGHT="47" CONTENT="par" WC="0.99" CC="002"/>
						<SP ID="P106_SP00047" HPOS="1881" VPOS="2121" WIDTH="34"/>
						<String ID="P106_ST00053" HPOS="1915" VPOS="2062" WIDTH="49" HEIGHT="47" CONTENT="la" WC="0.73" CC="05"/>
						<SP ID="P106_SP00048" HPOS="1964" VPOS="2121" WIDTH="36"/>
						<String ID="P106_ST00054" HPOS="2000" VPOS="2062" WIDTH="302" HEIGHT="48" CONTENT="découverte" WC="1.00" CC="0001600000"/>
					</TextLine>
					<TextLine ID="P106_TL00007" HPOS="255" VPOS="2131" WIDTH="2047" HEIGHT="74">
						<String ID="P106_ST00055" HPOS="255" VPOS="2131" WIDTH="61" HEIGHT="46" CONTENT="de" WC="1.00" CC="00"/>
						<SP ID="P106_SP00049" HPOS="316" VPOS="2177" WIDTH="23"/>
						<String ID="P106_ST00056" HPOS="339" VPOS="2131" WIDTH="49" HEIGHT="46" CONTENT="la" WC="0.80" CC="30"/>
						<SP ID="P106_SP00050" HPOS="388" VPOS="2177" WIDTH="22"/>
						<String ID="P106_ST00057" HPOS="410" VPOS="2133" WIDTH="232" HEIGHT="59" CONTENT="musique" WC="0.99" CC="0120050"/>
						<SP ID="P106_SP00051" HPOS="642" VPOS="2192" WIDTH="23"/>
						<String ID="P106_ST00058" HPOS="665" VPOS="2131" WIDTH="239" HEIGHT="50" CONTENT="moderne" WC="1.00" CC="0303000"/>
						<SP ID="P106_SP00052" HPOS="904" VPOS="2192" WIDTH="23"/>
						<String ID="P106_ST00059" HPOS="927" VPOS="2139" WIDTH="76" HEIGHT="42" CONTENT="est" WC="1.00" CC="000"/>
						<SP ID="P106_SP00053" HPOS="1003" VPOS="2192" WIDTH="24"/>
						<String ID="P106_ST00060" HPOS="1027" VPOS="2135" WIDTH="189" HEIGHT="47" CONTENT="calmée" WC="1.00" CC="000003"/>
						<SP ID="P106_SP00054" HPOS="1216" VPOS="2192" WIDTH="23"/>
						<String ID="P106_ST00061" HPOS="1239" VPOS="2150" WIDTH="99" HEIGHT="32" CONTENT="une" WC="0.97" CC="601"/>
						<SP ID="P106_SP00055" HPOS="1338" VPOS="2192" WIDTH="23"/>
						<String ID="P106_ST00062" HPOS="1361" VPOS="2136" WIDTH="95" HEIGHT="47" CONTENT="fois" WC="0.98" CC="3520"/>
						<SP ID="P106_SP00056" HPOS="1456" VPOS="2192" WIDTH="25"/>
						<String ID="P106_ST00063" HPOS="1481" VPOS="2152" WIDTH="128" HEIGHT="47" CONTENT="pour" WC="0.98" CC="0334"/>
						<SP ID="P106_SP00057" HPOS="1609" VPOS="2199" WIDTH="23"/>
						<String ID="P106_ST00064" HPOS="1632" VPOS="2143" WIDTH="189" HEIGHT="53" CONTENT="toutes," WC="1.00" CC="0040003"/>
						<SP ID="P106_SP00058" HPOS="1821" VPOS="2199" WIDTH="25"/>
						<String ID="P106_ST00065" HPOS="1846" VPOS="2145" WIDTH="52" HEIGHT="42" CONTENT="et" WC="0.94" CC="01"/>
						<SP ID="P106_SP00059" HPOS="1898" VPOS="2199" WIDTH="24"/>
						<String ID="P106_ST00066" HPOS="1922" VPOS="2156" WIDTH="100" HEIGHT="47" CONTENT="que" WC="0.98" CC="050"/>
						<SP ID="P106_SP00060" HPOS="2022" VPOS="2203" WIDTH="22"/>
						<String ID="P106_ST00067" HPOS="2044" VPOS="2142" WIDTH="51" HEIGHT="47" CONTENT="la" WC="0.94" CC="10"/>
						<SP ID="P106_SP00061" HPOS="2095" VPOS="2203" WIDTH="22"/>
						<String ID="P106_ST00068" HPOS="2117" VPOS="2143" WIDTH="185" HEIGHT="62" CONTENT="fougue" WC="0.98" CC="335040"/>
					</TextLine>
					<TextLine ID="P106_TL00008" HPOS="254" VPOS="2210" WIDTH="2046" HEIGHT="74">
						<String ID="P106_ST00069" HPOS="254" VPOS="2210" WIDTH="87" HEIGHT="46" CONTENT="des" WC="0.98" CC="022"/>
						<SP ID="P106_SP00062" HPOS="341" VPOS="2256" WIDTH="35"/>
						<String ID="P106_ST00070" HPOS="376" VPOS="2210" WIDTH="346" HEIGHT="62" CONTENT="romantiques" WC="0.99" CC="35504320403"/>
						<SP ID="P106_SP00063" HPOS="722" VPOS="2272" WIDTH="33"/>
						<String ID="P106_ST00071" HPOS="755" VPOS="2228" WIDTH="30" HEIGHT="32" CONTENT="a" WC="1.00" CC="0"/>
						<SP ID="P106_SP00064" HPOS="785" VPOS="2272" WIDTH="36"/>
						<String ID="P106_ST00072" HPOS="821" VPOS="2214" WIDTH="94" HEIGHT="46" CONTENT="fait" WC="0.99" CC="3000"/>
						<SP ID="P106_SP00065" HPOS="915" VPOS="2272" WIDTH="36"/>
						<String ID="P106_ST00073" HPOS="951" VPOS="2213" WIDTH="141" HEIGHT="61" CONTENT="place" WC="1.00" CC="00011"/>
						<SP ID="P106_SP00066" HPOS="1092" VPOS="2274" WIDTH="34"/>
						<String ID="P106_ST00074" HPOS="1126" VPOS="2229" WIDTH="103" HEIGHT="31" CONTENT="aux" WC="0.98" CC="040"/>
						<SP ID="P106_SP00067" HPOS="1229" VPOS="2274" WIDTH="34"/>
						<String ID="P106_ST00075" HPOS="1263" VPOS="2215" WIDTH="211" HEIGHT="47" CONTENT="subtiles" WC="0.99" CC="05701370"/>
						<SP ID="P106_SP00068" HPOS="1474" VPOS="2274" WIDTH="37"/>
						<String ID="P106_ST00076" HPOS="1511" VPOS="2216" WIDTH="250" HEIGHT="50" CONTENT="émotions" WC="1.00" CC="00000030"/>
						<SP ID="P106_SP00069" HPOS="1761" VPOS="2274" WIDTH="37"/>
						<String ID="P106_ST00077" HPOS="1798" VPOS="2218" WIDTH="88" HEIGHT="47" CONTENT="des" WC="0.97" CC="070"/>
						<SP ID="P106_SP00070" HPOS="1886" VPOS="2274" WIDTH="34"/>
						<String ID="P106_ST00078" HPOS="1920" VPOS="2220" WIDTH="380" HEIGHT="64" CONTENT="psychologues." WC="1.00" CC="0000000205100"/>
					</TextLine>
					<TextLine ID="P106_TL00009" HPOS="255" VPOS="2288" WIDTH="2047" HEIGHT="75">
						<String ID="P106_ST00079" HPOS="255" VPOS="2288" WIDTH="69" HEIGHT="47" CONTENT="Le" WC="0.59" CC="80"/>
						<SP ID="P106_SP00071" HPOS="324" VPOS="2335" WIDTH="24"/>
						<String ID="P106_ST00080" HPOS="348" VPOS="2288" WIDTH="181" HEIGHT="47" CONTENT="Boston" WC="0.99" CC="046000" STYLEREFS="TXT_2"/>
						<SP ID="P106_SP00072" HPOS="529" VPOS="2335" WIDTH="23"/>
						<String ID="P106_ST00081" HPOS="552" VPOS="2290" WIDTH="211" HEIGHT="48" CONTENT="musical" WC="0.98" CC="6530130" STYLEREFS="TXT_2"/>
						<String ID="P106_ST00082" HPOS="767" VPOS="2330" WIDTH="11" HEIGHT="17" CONTENT="," WC="1.00" CC="0"/>
						<SP ID="P106_SP00073" HPOS="778" VPOS="2347" WIDTH="26"/>
						<String ID="P106_ST00083" HPOS="804" VPOS="2294" WIDTH="144" HEIGHT="60" CONTENT="après" WC="1.00" CC="00000"/>
						<SP ID="P106_SP00074" HPOS="948" VPOS="2354" WIDTH="23"/>
						<String ID="P106_ST00084" HPOS="971" VPOS="2307" WIDTH="68" HEIGHT="31" CONTENT="un" WC="0.75" CC="22"/>
						<SP ID="P106_SP00075" HPOS="1039" VPOS="2354" WIDTH="26"/>
						<String ID="P106_ST00085" HPOS="1065" VPOS="2293" WIDTH="74" HEIGHT="45" CONTENT="vif" WC="1.00" CC="000"/>
						<SP ID="P106_SP00076" HPOS="1139" VPOS="2354" WIDTH="24"/>
						<String ID="P106_ST00086" HPOS="1163" VPOS="2293" WIDTH="112" HEIGHT="47" CONTENT="élan" WC="0.98" CC="0605"/>
						<SP ID="P106_SP00077" HPOS="1275" VPOS="2354" WIDTH="25"/>
						<String ID="P106_ST00087" HPOS="1300" VPOS="2293" WIDTH="61" HEIGHT="47" CONTENT="de" WC="0.94" CC="01"/>
						<SP ID="P106_SP00078" HPOS="1361" VPOS="2354" WIDTH="24"/>
						<String ID="P106_ST00088" HPOS="1385" VPOS="2309" WIDTH="249" HEIGHT="47" CONTENT="jeunesse," WC="0.99" CC="706401033"/>
						<SP ID="P106_SP00079" HPOS="1634" VPOS="2356" WIDTH="26"/>
						<String ID="P106_ST00089" HPOS="1660" VPOS="2310" WIDTH="29" HEIGHT="32" CONTENT="a" WC="1.00" CC="0"/>
						<SP ID="P106_SP00080" HPOS="1689" VPOS="2356" WIDTH="24"/>
						<String ID="P106_ST00090" HPOS="1713" VPOS="2298" WIDTH="103" HEIGHT="61" CONTENT="pris" WC="0.98" CC="0370"/>
						<SP ID="P106_SP00081" HPOS="1816" VPOS="2359" WIDTH="23"/>
						<String ID="P106_ST00091" HPOS="1839" VPOS="2298" WIDTH="45" HEIGHT="45" CONTENT="le" WC="0.84" CC="03"/>
						<SP ID="P106_SP00082" HPOS="1884" VPOS="2359" WIDTH="25"/>
						<String ID="P106_ST00092" HPOS="1909" VPOS="2313" WIDTH="91" HEIGHT="47" CONTENT="pas" WC="1.00" CC="000"/>
						<SP ID="P106_SP00083" HPOS="2000" VPOS="2360" WIDTH="25"/>
						<String ID="P106_ST00093" HPOS="2025" VPOS="2299" WIDTH="113" HEIGHT="62" CONTENT="plus" WC="0.99" CC="0120"/>
						<SP ID="P106_SP00084" HPOS="2138" VPOS="2361" WIDTH="25"/>
						<String ID="P106_ST00094" HPOS="2163" VPOS="2300" WIDTH="112" HEIGHT="63" CONTENT="régu" SUBS_TYPE="HypPart1" SUBS_CONTENT="régulier" WC="0.99" CC="0005"/>
						<HYP HPOS="2275" VPOS="2300" WIDTH="27" CONTENT="-"/>
					</TextLine>
					<TextLine ID="P106_TL00010" HPOS="251" VPOS="2368" WIDTH="487" HEIGHT="62">
						<String ID="P106_ST00095" HPOS="251" VPOS="2368" WIDTH="89" HEIGHT="47" CONTENT="lier" SUBS_TYPE="HypPart2" SUBS_CONTENT="régulier" WC="0.99" CC="4100"/>
						<SP ID="P106_SP00085" HPOS="340" VPOS="2415" WIDTH="27"/>
						<String ID="P106_ST00096" HPOS="367" VPOS="2368" WIDTH="61" HEIGHT="47" CONTENT="de" WC="1.00" CC="00"/>
						<SP ID="P106_SP00086" HPOS="428" VPOS="2415" WIDTH="25"/>
						<String ID="P106_ST00097" HPOS="453" VPOS="2368" WIDTH="128" HEIGHT="62" CONTENT="l'âge" WC="0.99" CC="42200"/>
						<SP ID="P106_SP00087" HPOS="581" VPOS="2430" WIDTH="27"/>
						<String ID="P106_ST00098" HPOS="608" VPOS="2371" WIDTH="130" HEIGHT="46" CONTENT="mûr." WC="0.99" CC="0400"/>
					</TextLine>
					<TextLine ID="P106_TL00011" HPOS="351" VPOS="2448" WIDTH="1951" HEIGHT="66">
						<String ID="P106_ST00099" HPOS="351" VPOS="2448" WIDTH="68" HEIGHT="45" CONTENT="Le" WC="1.00" CC="00"/>
						<SP ID="P106_SP00088" HPOS="419" VPOS="2493" WIDTH="35"/>
						<String ID="P106_ST00100" HPOS="454" VPOS="2448" WIDTH="225" HEIGHT="48" CONTENT="Docteur" WC="0.98" CC="4504052"/>
						<SP ID="P106_SP00089" HPOS="679" VPOS="2496" WIDTH="38"/>
						<String ID="P106_ST00101" HPOS="717" VPOS="2450" WIDTH="150" HEIGHT="47" CONTENT="Muck" WC="0.89" CC="0400"/>
						<SP ID="P106_SP00090" HPOS="867" VPOS="2497" WIDTH="36"/>
						<String ID="P106_ST00102" HPOS="903" VPOS="2467" WIDTH="29" HEIGHT="30" CONTENT="a" WC="1.00" CC="0"/>
						<SP ID="P106_SP00091" HPOS="932" VPOS="2497" WIDTH="37"/>
						<String ID="P106_ST00103" HPOS="969" VPOS="2453" WIDTH="80" HEIGHT="45" CONTENT="été" WC="1.00" CC="100"/>
						<SP ID="P106_SP00092" HPOS="1049" VPOS="2498" WIDTH="35"/>
						<String ID="P106_ST00104" HPOS="1084" VPOS="2468" WIDTH="117" HEIGHT="46" CONTENT="reçu" WC="0.99" CC="0006"/>
						<SP ID="P106_SP00093" HPOS="1201" VPOS="2514" WIDTH="36"/>
						<String ID="P106_ST00105" HPOS="1237" VPOS="2453" WIDTH="486" HEIGHT="61" CONTENT="chaleureusement," WC="1.00" CC="0004062020000252"/>
						<SP ID="P106_SP00094" HPOS="1723" VPOS="2514" WIDTH="37"/>
						<String ID="P106_ST00106" HPOS="1760" VPOS="2462" WIDTH="52" HEIGHT="44" CONTENT="et" WC="1.00" CC="00"/>
						<SP ID="P106_SP00095" HPOS="1812" VPOS="2514" WIDTH="36"/>
						<String ID="P106_ST00107" HPOS="1848" VPOS="2458" WIDTH="45" HEIGHT="47" CONTENT="le" WC="0.78" CC="40"/>
						<SP ID="P106_SP00096" HPOS="1893" VPOS="2514" WIDTH="36"/>
						<String ID="P106_ST00108" HPOS="1929" VPOS="2459" WIDTH="277" HEIGHT="51" CONTENT="sentiment" WC="1.00" CC="600020002"/>
						<SP ID="P106_SP00097" HPOS="2206" VPOS="2514" WIDTH="35"/>
						<String ID="P106_ST00109" HPOS="2241" VPOS="2459" WIDTH="61" HEIGHT="48" CONTENT="de" WC="0.98" CC="00"/>
					</TextLine>
					<TextLine ID="P106_TL00012" HPOS="252" VPOS="2525" WIDTH="2049" HEIGHT="75">
						<String ID="P106_ST00110" HPOS="252" VPOS="2525" WIDTH="237" HEIGHT="47" CONTENT="curiosité" WC="1.00" CC="070400000"/>
						<SP ID="P106_SP00098" HPOS="489" VPOS="2572" WIDTH="33"/>
						<String ID="P106_ST00111" HPOS="522" VPOS="2526" WIDTH="120" HEIGHT="49" CONTENT="s'est" WC="1.00" CC="00000"/>
						<SP ID="P106_SP00099" HPOS="642" VPOS="2575" WIDTH="36"/>
						<String ID="P106_ST00112" HPOS="678" VPOS="2528" WIDTH="105" HEIGHT="47" CONTENT="vite" WC="1.00" CC="0200"/>
						<SP ID="P106_SP00100" HPOS="783" VPOS="2575" WIDTH="33"/>
						<String ID="P106_ST00113" HPOS="816" VPOS="2530" WIDTH="305" HEIGHT="47" CONTENT="transformé" WC="1.00" CC="0206040000"/>
						<SP ID="P106_SP00101" HPOS="1121" VPOS="2577" WIDTH="34"/>
						<String ID="P106_ST00114" HPOS="1155" VPOS="2547" WIDTH="61" HEIGHT="33" CONTENT="en" WC="0.75" CC="05"/>
						<SP ID="P106_SP00102" HPOS="1216" VPOS="2580" WIDTH="35"/>
						<String ID="P106_ST00115" HPOS="1251" VPOS="2547" WIDTH="70" HEIGHT="33" CONTENT="un" WC="0.56" CC="62"/>
						<SP ID="P106_SP00103" HPOS="1321" VPOS="2580" WIDTH="34"/>
						<String ID="P106_ST00116" HPOS="1355" VPOS="2533" WIDTH="186" HEIGHT="48" CONTENT="intérêt" WC="0.99" CC="3010050"/>
						<SP ID="P106_SP00104" HPOS="1541" VPOS="2581" WIDTH="35"/>
						<String ID="P106_ST00117" HPOS="1576" VPOS="2539" WIDTH="51" HEIGHT="43" CONTENT="et" WC="0.76" CC="04"/>
						<SP ID="P106_SP00105" HPOS="1627" VPOS="2582" WIDTH="34"/>
						<String ID="P106_ST00118" HPOS="1661" VPOS="2551" WIDTH="100" HEIGHT="33" CONTENT="une" WC="0.99" CC="300"/>
						<SP ID="P106_SP00106" HPOS="1761" VPOS="2584" WIDTH="33"/>
						<String ID="P106_ST00119" HPOS="1794" VPOS="2538" WIDTH="352" HEIGHT="62" CONTENT="appréciation" WC="1.00" CC="100020000030"/>
						<SP ID="P106_SP00107" HPOS="2146" VPOS="2600" WIDTH="33"/>
						<String ID="P106_ST00120" HPOS="2179" VPOS="2554" WIDTH="92" HEIGHT="32" CONTENT="una" SUBS_TYPE="HypPart1" SUBS_CONTENT="unanimes." WC="0.99" CC="000"/>
						<HYP HPOS="2271" VPOS="2554" WIDTH="30" CONTENT="-"/>
					</TextLine>
					<TextLine ID="P106_TL00013" HPOS="251" VPOS="2605" WIDTH="177" HEIGHT="47">
						<String ID="P106_ST00121" HPOS="251" VPOS="2605" WIDTH="177" HEIGHT="47" CONTENT="nimes." SUBS_TYPE="HypPart2" SUBS_CONTENT="unanimes." WC="0.99" CC="400034"/>
					</TextLine>
					<TextLine ID="P106_TL00014" HPOS="350" VPOS="2684" WIDTH="1950" HEIGHT="65">
						<String ID="P106_ST00122" HPOS="350" VPOS="2684" WIDTH="141" HEIGHT="47" CONTENT="Voici" WC="0.99" CC="20403"/>
						<SP ID="P106_SP00108" HPOS="491" VPOS="2731" WIDTH="38"/>
						<String ID="P106_ST00123" HPOS="529" VPOS="2684" WIDTH="71" HEIGHT="47" CONTENT="les" WC="0.98" CC="220"/>
						<SP ID="P106_SP00109" HPOS="600" VPOS="2731" WIDTH="41"/>
						<String ID="P106_ST00124" HPOS="641" VPOS="2700" WIDTH="342" HEIGHT="49" CONTENT="programmes" WC="0.99" CC="0000300961"/>
						<SP ID="P106_SP00110" HPOS="983" VPOS="2749" WIDTH="40"/>
						<String ID="P106_ST00125" HPOS="1023" VPOS="2689" WIDTH="88" HEIGHT="48" CONTENT="des" WC="0.99" CC="020"/>
						<SP ID="P106_SP00111" HPOS="1111" VPOS="2749" WIDTH="39"/>
						<String ID="P106_ST00126" HPOS="1150" VPOS="2690" WIDTH="78" HEIGHT="47" CONTENT="six" WC="0.99" CC="020"/>
						<SP ID="P106_SP00112" HPOS="1228" VPOS="2749" WIDTH="38"/>
						<String ID="P106_ST00127" HPOS="1266" VPOS="2697" WIDTH="230" HEIGHT="43" CONTENT="concerts" WC="0.99" CC="00503400"/>
						<SP ID="P106_SP00113" HPOS="1496" VPOS="2749" WIDTH="39"/>
						<String ID="P106_ST00128" HPOS="1535" VPOS="2693" WIDTH="193" HEIGHT="49" CONTENT="donnés" WC="0.99" CC="004303"/>
						<SP ID="P106_SP00114" HPOS="1728" VPOS="2749" WIDTH="40"/>
						<String ID="P106_ST00129" HPOS="1768" VPOS="2711" WIDTH="116" HEIGHT="33" CONTENT="sous" WC="0.99" CC="0050"/>
						<SP ID="P106_SP00115" HPOS="1884" VPOS="2749" WIDTH="41"/>
						<String ID="P106_ST00130" HPOS="1925" VPOS="2713" WIDTH="55" HEIGHT="32" CONTENT="sa" WC="1.00" CC="00"/>
						<SP ID="P106_SP00116" HPOS="1980" VPOS="2749" WIDTH="40"/>
						<String ID="P106_ST00131" HPOS="2020" VPOS="2697" WIDTH="244" HEIGHT="49" CONTENT="direction" WC="0.99" CC="006900325"/>
						<SP ID="P106_SP00117" HPOS="2264" VPOS="2749" WIDTH="24"/>
						<String ID="P106_ST00132" HPOS="2288" VPOS="2714" WIDTH="12" HEIGHT="31" CONTENT=":" WC="0.34" CC="6"/>
					</TextLine>
					<TextLine ID="P106_TL00015" HPOS="905" VPOS="2834" WIDTH="788" HEIGHT="64">
						<String ID="P106_ST00133" HPOS="905" VPOS="2834" WIDTH="217" HEIGHT="49" CONTENT="Premier" WC="0.98" CC="6645006" STYLEREFS="TXT_2"/>
						<SP ID="P106_SP00118" HPOS="1122" VPOS="2883" WIDTH="27"/>
						<String ID="P106_ST00134" HPOS="1149" VPOS="2835" WIDTH="212" HEIGHT="60" CONTENT="Concert," WC="0.99" CC="01530060" STYLEREFS="TXT_2"/>
						<SP ID="P106_SP00119" HPOS="1361" VPOS="2895" WIDTH="32"/>
						<String ID="P106_ST00135" HPOS="1393" VPOS="2851" WIDTH="58" HEIGHT="47" CONTENT="13" WC="0.73" CC="40" STYLEREFS="TXT_3"/>
						<SP ID="P106_SP00120" HPOS="1451" VPOS="2898" WIDTH="28"/>
						<String ID="P106_ST00136" HPOS="1479" VPOS="2840" WIDTH="179" HEIGHT="48" CONTENT="octobre" WC="0.98" CC="1058706" STYLEREFS="TXT_2"/>
						<SP ID="P106_SP00121" HPOS="1658" VPOS="2898" WIDTH="24"/>
						<String ID="P106_ST00137" HPOS="1682" VPOS="2858" WIDTH="11" HEIGHT="32" CONTENT=":" WC="1.00" CC="0" STYLEREFS="TXT_2"/>
					</TextLine>
					<TextLine ID="P106_TL00016" HPOS="484" VPOS="2965" WIDTH="1473" HEIGHT="60">
						<String ID="P106_ST00138" HPOS="484" VPOS="2975" WIDTH="28" HEIGHT="48" CONTENT="5" WC="0.67" CC="3"/>
						<String ID="P106_ST00139" HPOS="517" VPOS="2973" WIDTH="17" HEIGHT="23" CONTENT="e" STYLE="superscript" WC="0.58" CC="4"/>
						<SP ID="P106_SP00122" HPOS="534" VPOS="3023" WIDTH="334"/>
						<String ID="P106_ST00140" HPOS="868" VPOS="2965" WIDTH="306" HEIGHT="60" CONTENT="Symphonie" WC="0.98" CC="029961700" STYLEREFS="TXT_2"/>
						<SP ID="P106_SP00123" HPOS="1174" VPOS="3025" WIDTH="361"/>
						<String ID="P106_ST00141" HPOS="1535" VPOS="2965" WIDTH="56" HEIGHT="48" CONTENT="cle" WC="0.56" CC="570" STYLEREFS="TXT_2"/>
						<SP ID="P106_SP00124" HPOS="1591" VPOS="3025" WIDTH="99"/>
						<String ID="P106_ST00142" HPOS="1690" VPOS="2967" WIDTH="267" HEIGHT="48" CONTENT="Beethoven" WC="0.99" CC="100052374" STYLEREFS="TXT_2"/>
						<SP ID="P106_SP00125" HPOS="1957" VPOS="3025" WIDTH="-696"/>
						<String ID="P106_ST00143" HPOS="1261" VPOS="2973" WIDTH="58" HEIGHT="44" CONTENT="ut" WC="0.63" CC="60"/>
					</TextLine>
					<TextLine ID="P106_TL00017" HPOS="482" VPOS="3042" WIDTH="1585" HEIGHT="75">
						<String ID="P106_ST00144" HPOS="482" VPOS="3042" WIDTH="107" HEIGHT="47" CONTENT="Une" WC="0.97" CC="260" STYLEREFS="TXT_2"/>
						<SP ID="P106_SP00126" HPOS="589" VPOS="3089" WIDTH="32"/>
						<String ID="P106_ST00145" HPOS="621" VPOS="3048" WIDTH="247" HEIGHT="44" CONTENT="ouverture" WC="0.98" CC="074086907" STYLEREFS="TXT_2"/>
						<SP ID="P106_SP00127" HPOS="868" VPOS="3092" WIDTH="31"/>
						<String ID="P106_ST00146" HPOS="899" VPOS="3043" WIDTH="56" HEIGHT="49" CONTENT="de" WC="0.38" CC="47" STYLEREFS="TXT_2"/>
						<SP ID="P106_SP00128" HPOS="955" VPOS="3092" WIDTH="33"/>
						<String ID="P106_ST00147" HPOS="988" VPOS="3046" WIDTH="156" HEIGHT="47" CONTENT="Faust" WC="0.98" CC="16043" STYLEREFS="TXT_2"/>
						<SP ID="P106_SP00129" HPOS="1144" VPOS="3093" WIDTH="687"/>
						<String ID="P106_ST00148" HPOS="1831" VPOS="3053" WIDTH="236" HEIGHT="64" CONTENT="Wagner." WC="0.99" CC="0006004"/>
					</TextLine>
					<TextLine ID="P106_TL00018" HPOS="698" VPOS="3121" WIDTH="1270" HEIGHT="63">
						<String ID="P106_ST00149" HPOS="698" VPOS="3121" WIDTH="191" HEIGHT="62" CONTENT="Siegfried:" WC="1.00" CC="0005000020" STYLEREFS="TXT_2"/>
						<String ID="P106_ST00150" HPOS="890" VPOS="3123" WIDTH="84" HEIGHT="61" CONTENT="ldylle" WC="1.00" CC="000000"/>
						<SP ID="P106_SP00130" HPOS="974" VPOS="3184" WIDTH="9"/>
						<String ID="P106_ST00151" HPOS="983" VPOS="3130" WIDTH="50" HEIGHT="42" CONTENT="et" WC="0.91" CC="01"/>
						<SP ID="P106_SP00131" HPOS="1033" VPOS="3184" WIDTH="37"/>
						<String ID="P106_ST00152" HPOS="1070" VPOS="3125" WIDTH="239" HEIGHT="49" CONTENT="Préludes" WC="0.99" CC="50016630"/>
						<SP ID="P106_SP00132" HPOS="1309" VPOS="3184" WIDTH="639"/>
						<String ID="P106_ST00153" HPOS="1948" VPOS="3152" WIDTH="20" HEIGHT="28" CONTENT="»" WC="0.88" CC="1"/>
					</TextLine>
					<TextLine ID="P106_TL00019" HPOS="472" VPOS="3199" WIDTH="1495" HEIGHT="59">
						<String ID="P106_ST00154" HPOS="472" VPOS="3199" WIDTH="214" HEIGHT="50" CONTENT="Maîtres" WC="0.99" CC="0511003" STYLEREFS="TXT_2"/>
						<SP ID="P106_SP00133" HPOS="686" VPOS="3249" WIDTH="41"/>
						<String ID="P106_ST00155" HPOS="727" VPOS="3201" WIDTH="272" HEIGHT="49" CONTENT="Chantews" WC="0.69" CC="00706360" STYLEREFS="TXT_2"/>
						<SP ID="P106_SP00134" HPOS="999" VPOS="3250" WIDTH="948"/>
						<String ID="P106_ST00156" HPOS="1947" VPOS="3231" WIDTH="20" HEIGHT="27" CONTENT="»" WC="0.53" CC="4" STYLEREFS="TXT_2"/>
					</TextLine>
					<TextLine ID="P106_TL00020" HPOS="1430" VPOS="3349" WIDTH="873" HEIGHT="52">
						<String ID="P106_ST00157" HPOS="1543" VPOS="3349" WIDTH="266" HEIGHT="49" CONTENT="Deuxième" WC="0.99" CC="00800502" STYLEREFS="TXT_2"/>
						<SP ID="P106_SP00135" HPOS="1809" VPOS="3398" WIDTH="319"/>
						<String ID="P106_ST00158" HPOS="2128" VPOS="3349" WIDTH="175" HEIGHT="50" CONTENT="Concer" WC="0.99" CC="016000" STYLEREFS="TXT_2"/>
						<String ID="P106_ST00159" HPOS="1430" VPOS="3366" WIDTH="61" HEIGHT="35" CONTENT="2o" WC="0.57" CC="17" STYLEREFS="TXT_3"/>
					</TextLine>
					<TextLine ID="P106_TL00021" HPOS="697" VPOS="3478" WIDTH="1420" HEIGHT="73">
						<String ID="P106_ST00160" HPOS="697" VPOS="3478" WIDTH="138" HEIGHT="48" CONTENT="Suite" WC="0.99" CC="04000" STYLEREFS="TXT_2"/>
						<SP ID="P106_SP00136" HPOS="835" VPOS="3526" WIDTH="182"/>
						<String ID="P106_ST00161" HPOS="1017" VPOS="3486" WIDTH="58" HEIGHT="40" CONTENT="n°" WC="0.83" CC="03" STYLEREFS="TXT_2"/>
						<SP ID="P106_SP00137" HPOS="1075" VPOS="3526" WIDTH="108"/>
						<String ID="P106_ST00162" HPOS="1183" VPOS="3493" WIDTH="28" HEIGHT="35" CONTENT="2" WC="0.21" CC="7" STYLEREFS="TXT_2"/>
						<SP ID="P106_SP00138" HPOS="1211" VPOS="3528" WIDTH="75"/>
						<String ID="P106_ST00163" HPOS="1286" VPOS="3497" WIDTH="60" HEIGHT="30" CONTENT="en" WC="0.61" CC="51" STYLEREFS="TXT_2"/>
						<SP ID="P106_SP00139" HPOS="1346" VPOS="3528" WIDTH="-497"/>
						<String ID="P106_ST00164" HPOS="849" VPOS="3481" WIDTH="40" HEIGHT="47" CONTENT="si" WC="0.98" CC="00"/>
						<SP ID="P106_SP00140" HPOS="1346" VPOS="3528" WIDTH="236"/>
						<String ID="P106_ST00165" HPOS="1582" VPOS="3481" WIDTH="208" HEIGHT="59" CONTENT="mineur," WC="0.99" CC="6040000" STYLEREFS="TXT_2"/>
						<String ID="P106_ST00166" HPOS="1148" VPOS="3499" WIDTH="127" HEIGHT="47" CONTENT="pour" WC="0.97" CC="8080"/>
						<SP ID="P106_SP00141" HPOS="1790" VPOS="3546" WIDTH="-492"/>
						<String ID="P106_ST00167" HPOS="1298" VPOS="3484" WIDTH="124" HEIGHT="48" CONTENT="flûte" WC="0.98" CC="00624"/>
						<SP ID="P106_SP00142" HPOS="1790" VPOS="3546" WIDTH="-344"/>
						<String ID="P106_ST00168" HPOS="1446" VPOS="3492" WIDTH="51" HEIGHT="43" CONTENT="et" WC="0.91" CC="00"/>
						<SP ID="P106_SP00143" HPOS="1790" VPOS="3546" WIDTH="-260"/>
						<String ID="P106_ST00169" HPOS="1530" VPOS="3489" WIDTH="177" HEIGHT="48" CONTENT="cordes" WC="0.99" CC="020063"/>
						<SP ID="P106_SP00144" HPOS="1790" VPOS="3546" WIDTH="21"/>
						<String ID="P106_ST00170" HPOS="1811" VPOS="3490" WIDTH="124" HEIGHT="61" CONTENT="J.-S." WC="0.64" CC="64204"/>
						<SP ID="P106_SP00145" HPOS="1935" VPOS="3551" WIDTH="28"/>
						<String ID="P106_ST00171" HPOS="1963" VPOS="3490" WIDTH="154" HEIGHT="51" CONTENT="Bach." WC="0.98" CC="10064"/>
					</TextLine>
					<TextLine ID="P106_TL00022" HPOS="691" VPOS="3556" WIDTH="1334" HEIGHT="75">
						<String ID="P106_ST00172" HPOS="691" VPOS="3556" WIDTH="301" HEIGHT="63" CONTENT="Symphonie" WC="0.98" CC="046754317" STYLEREFS="TXT_2"/>
						<SP ID="P106_SP00146" HPOS="992" VPOS="3619" WIDTH="367"/>
						<String ID="P106_ST00173" HPOS="1359" VPOS="3575" WIDTH="59" HEIGHT="31" CONTENT="en" WC="0.96" CC="00" STYLEREFS="TXT_2"/>
						<SP ID="P106_SP00147" HPOS="1418" VPOS="3619" WIDTH="-523"/>
						<String ID="P106_ST00174" HPOS="895" VPOS="3561" WIDTH="72" HEIGHT="46" CONTENT="sol" WC="0.97" CC="007"/>
						<SP ID="P106_SP00148" HPOS="1418" VPOS="3619" WIDTH="342"/>
						<String ID="P106_ST00175" HPOS="1760" VPOS="3561" WIDTH="121" HEIGHT="61" CONTENT="majeur" WC="0.97" CC="783470" STYLEREFS="TXT_2"/>
						<SP ID="P106_SP00149" HPOS="1881" VPOS="3622" WIDTH="1"/>
						<String ID="P106_ST00176" HPOS="1882" VPOS="3569" WIDTH="143" HEIGHT="62" CONTENT="Haydn." WC="0.99" CC="100063"/>
					</TextLine>
				</TextBlock>
				<ComposedBlock ID="P106_CB00001" HPOS="334" VPOS="325" WIDTH="1885" HEIGHT="721" STYLEREFS="TXT_4 PAR_LEFT" TYPE="Illustration">
					<GraphicalElement ID="P106_CB00001_SUB" HPOS="334" VPOS="325" WIDTH="1885" HEIGHT="721"/>
				</ComposedBlock>
			</PrintSpace>
		</Page>
	</Layout>
</alto>
