2451 4097
2111 365 64 62 67

754 390 67 35 LA
855 388 243 47 MUSIQUE
1134 387 105 36 DES
1271 386 266 35 HONGROIS

125 538 169 48 ment
325 551 144 52 pour
499 551 102 35 son
632 533 175 69 élève,
836 533 58 53 la
921 537 280 49 comtesse
1234 531 336 69 Esterhazy,
1602 525 140 74 qu'il
1772 525 154 55 aima
1954 541 223 37 comme

125 630 75 36 on
233 613 147 55 aime
411 631 80 37 un
521 613 167 68 idéal,
721 614 34 52 à
786 613 223 53 l'instar
1040 612 270 54 d'Arvers
1336 612 10 53 !

1106 848 91 53 III.

242 1012 85 52 La
380 1010 394 54 constatation
828 1009 70 54 de
950 1007 328 54 l'existence
1333 1005 172 54 d'une
1560 1003 268 70 musique
1881 1000 300 73 hongroise

131 1088 291 71 originale,
475 1106 247 52 suppose
773 1088 314 53 forcément
1140 1085 99 54 des
1289 1082 367 72 dispositions
1710 1080 302 54 musicales
2063 1079 118 53 très

131 1169 263 52 accusées
444 1168 135 52 chez
628 1167 56 53 la
732 1184 128 36 race
907 1182 288 52 magyare.
1247 1163 152 53 Elles
1446 1162 52 53 le
1545 1165 137 50 sont
1729 1159 448 55 effectivement.

132 1248 92 53 On
259 1266 73 34 ne
369 1252 207 48 trouve
611 1247 155 53 nulle
802 1250 132 67 part
971 1248 208 48 autant
1217 1243 70 53 de
1322 1240 303 55 musiciens
1662 1239 405 53 autodidactes
2103 1254 75 37 ou

132 1327 99 70 qui
271 1327 202 68 jouent
513 1327 140 52 d'un
693 1325 350 52 instrument
1081 1339 132 36 sans
1253 1320 294 54 connaître
1587 1319 54 52 la
1679 1318 287 70 musique,
2007 1317 174 69 qu'en

132 1404 273 71 Hongrie,
442 1422 97 35 car
573 1404 57 52 la
668 1402 272 54 mémoire
974 1399 296 69 musicale,
1307 1397 231 54 l'oreille
1573 1397 170 69 juste,
1780 1395 57 54 la
1871 1394 311 55 sensibilité

131 1502 71 36 ne
231 1484 129 54 font
390 1484 201 54 défaut
620 1483 135 53 chez
785 1498 188 37 aucun
1002 1479 305 71 Hongrois.

243 1563 556 52 Malheureusement
863 1576 91 36 ces
1019 1557 367 71 dispositions
1462 1554 307 53 naturelles
1834 1551 348 55 deviennent

132 1647 210 48 autant
390 1640 343 54 d'obstacles
780 1656 145 53 pour
971 1638 56 52 la
1071 1635 255 54 création
1372 1634 141 53 d'un
1559 1638 91 47 art
1696 1631 279 54 national.
2027 1630 154 54 Elles

131 1722 128 52 font
296 1720 163 70 jouer
498 1737 116 35 aux
653 1717 285 71 Hongrois
973 1717 52 52 le
1062 1715 117 54 rôle
1217 1714 79 53 du
1333 1713 172 53 lièvre
1545 1711 70 54 de
1651 1711 56 53 la
1744 1710 170 68 fable,
1955 1709 100 70 qui
2092 1714 89 48 est

131 1800 211 54 vaincu
385 1800 34 52 à
461 1799 56 52 la
559 1816 198 35 course
798 1814 105 54 par
947 1813 111 36 une
1100 1799 193 48 tortue
1319 1794 9 52 !
1376 1793 181 53 Outre
1599 1790 140 68 cela,
1782 1790 80 52 les
1903 1789 278 69 Tziganes

131 1884 183 65 ayant
352 1879 51 52 le
442 1877 304 69 monopole
785 1875 339 54 tacitement
1164 1872 240 54 accordé
1443 1870 71 54 de
1551 1870 57 52 la
1645 1869 191 53 bonne
1875 1866 305 55 exécution

132 1958 101 53 des
273 1974 309 36 morceaux
623 1954 284 71 hongrois,
950 1958 59 48 et
1049 1969 71 36 ne
1162 1950 284 71 jouissant
1485 1965 105 54 pas
1632 1948 172 53 d'une
1846 1944 334 72 réputation

134 2037 214 54 morale
393 2037 117 52 très
554 2040 406 64 avantageuse,
1005 2049 75 36 on
1124 2048 35 36 a
1201 2048 113 36 une
1357 2029 282 53 tendance
1681 2025 384 55 inconsciente
2110 2024 71 53 de

131 2134 73 36 ne
240 2133 105 53 pas
383 2114 242 71 prendre
662 2114 58 52 la
757 2112 262 71 musique
1060 2110 115 54 très
1213 2127 75 35 au
1325 2108 239 54 sérieux.
1595 2106 91 54 De
1719 2105 56 54 là
1810 2103 338 54 l'envahisse-

131 2200 163 49 ment
338 2194 79 53 du
461 2192 267 54 domaine
773 2192 69 53 de
884 2192 57 52 la
983 2188 263 72 musique
1289 2185 300 73 hongroise
1631 2202 105 54 par
1778 2184 82 53 les
1904 2183 276 53 éléments

132 2273 304 70 ethniques
470 2289 117 36 non
621 2270 267 70 hongrois
922 2269 79 53 du
1034 2286 146 53 pays
1204 2288 14 47 ;
1254 2266 67 54 ils
1355 2264 347 55 fournissent
1738 2263 98 53 des
1874 2259 304 56 musiciens

132 2357 341 66 composant
511 2350 215 71 parfois
764 2350 97 52 des
900 2364 224 37 œuvres
1161 2345 348 71 hongroises,
1656 2348 60 48 et
1752 2345 247 51 souvent
2037 2357 141 36 avec

131 2433 302 67 beaucoup
465 2430 70 54 de
567 2429 212 67 succès,
913 2427 147 53 mais
1090 2444 71 36 ne
1193 2424 311 71 possédant
1536 2439 104 54 pas
1672 2423 52 52 le
1755 2420 425 70 tempérament

132 2515 60 50 et
221 2510 508 70 conséquemment
759 2508 57 52 la
844 2507 251 53 manière
1126 2505 69 54 de
1227 2503 178 54 sentir
1433 2500 319 73 hongroise.

244 2589 154 53 C'est
433 2588 144 53 ainsi
612 2603 111 55 que
757 2585 221 54 revient
1013 2585 57 52 la
1103 2583 289 71 primauté
1429 2580 187 71 parmi
1649 2580 81 52 les
1766 2576 414 70 compositeurs

136 2669 70 53 de
235 2667 264 71 musique
530 2664 298 71 hongroise
859 2665 34 52 à
921 2682 80 34 un
1029 2663 286 70 Tchèque,
1347 2660 231 54 nommé
1607 2656 250 55 Antoine
1888 2655 289 67 Csermak,

134 2748 99 52 dès
271 2747 57 52 la
365 2747 80 52 fin
484 2745 80 54 du
602 2755 177 42 XVIII®
817 2743 182 53 siècle.
1039 2741 51 54 Il
1127 2744 272 67 parcourt
1435 2739 53 53 le
1524 2755 164 54 pays,
1729 2736 70 54 de
1837 2735 233 53 cabaret
2109 2750 71 36 en

134 2827 251 66 cabaret,
428 2842 140 35 avec
607 2841 103 35 son
750 2823 191 53 violon
980 2839 132 36 sous
1151 2820 51 54 le
1240 2820 154 66 bras,
1434 2823 59 48 et
1532 2818 274 68 frappant
1846 2815 34 52 à
1917 2814 57 52 la
2012 2816 166 66 porte

135 2905 98 54 des
273 2904 295 55 demeures
606 2900 395 71 seigneuriales
1039 2917 145 53 pour
1222 2917 39 52 y
1298 2903 238 48 trouver
1574 2896 71 54 de
1683 2891 137 74 quoi
1857 2909 178 53 payer
2073 2908 105 37 son

132 2987 127 52 écot
298 2985 34 51 à
366 2983 306 68 l'auberge.

247 3064 95 53 Un
378 3067 165 48 autre
577 3060 175 68 slave,
789 3059 216 70 Joseph
1043 3058 333 67 Ruzsicska,
1413 3055 91 55 fut
1538 3055 247 52 l'auteur
1820 3053 79 52 du
1938 3048 244 72 premier

132 3144 174 69 opéra
331 3139 269 71 hongrois
626 3159 12 33 :
1203 3139 84 52 La
1416 3138 138 67 fuite
1738 3138 63 52 de
1912 3136 158 68 Béla,
1204 3136 225 69 d'après
1452 3150 80 37 un
1557 3130 277 56 dramede
1861 3128 319 68 Kotzebue,

131 3223 106 52 Les
271 3222 256 52 Tartares
559 3235 66 36 en
656 3216 251 70 Hongrie
912 3215 40 69 /:
958 3248 74 5 —
1058 3214 221 55 traduit
1310 3220 59 47 et
1399 3210 344 56 transformé
1772 3227 72 35 en
1874 3208 175 69 opéra
2077 3223 105 53 par

132 3300 150 70 Jean
319 3299 188 53 Patko
546 3296 70 54 de
654 3295 172 54 Kocs.
851 3295 74 54 Ce
960 3295 91 54 fut
1089 3295 34 52 à
1160 3294 319 53 Kolozsvar
1510 3285 456 74 (Transylvanie)
2006 3285 176 71 qu'on

134 3380 244 54 exécuta
408 3383 152 48 cette
597 3392 216 51 œuvre,
844 3374 61 53 la
925 3374 277 70 première
1236 3373 108 53 fois
1374 3389 72 36 en
1481 3370 158 67 1823.
1673 3369 76 53 Sa
1780 3366 198 55 valeur
2007 3364 140 56 musi-

134 3458 119 53 cale
289 3463 86 48 est
413 3460 131 50 tout
579 3456 35 51 à
647 3453 106 53 fait
786 3453 153 53 nulle
964 3473 14 48 ;
1013 3451 146 55 mais
1190 3451 106 54 elle
1335 3468 33 35 a
1397 3449 206 54 exercé
1637 3463 97 38 sur
1754 3446 54 54 le
1839 3444 308 71 développe-

134 3543 164 48 ment
332 3538 72 52 de
442 3536 57 53 la
527 3533 267 70 musique
826 3530 321 73 hongroise,
1194 3548 113 35 une
1349 3529 285 53 influence
1675 3543 77 37 on
1773 3543 73 37 ne
1876 3528 145 66 peut
2048 3523 130 71 plus

134 3616 279 55 heureuse
444 3613 200 71 quand
673 3611 205 69 même,
915 3628 95 35 car
1044 3610 104 55 elle
1183 3628 35 35 a
1251 3609 210 71 inspiré
1495 3608 36 53 à
1566 3604 271 72 François
1871 3603 174 55 Erkel
2081 3601 101 73 qui
