2451 4097
368 392 0 0 18

887 364 244 32 MERCURE
1165 364 230 34 MUSICAL
1423 365 65 32 ET
1523 365 40 33 S.
1610 365 31 33 I.
1683 366 51 32 M-

309 498 39 52 il
376 516 70 36 ne
477 501 234 52 s'écarte
741 499 183 53 même
953 516 103 51 pas
1086 499 69 53 de
1184 501 56 51 la
1268 502 240 51 tonalité
1536 522 9 31 :
1578 503 39 50 il
1645 503 79 52 lui
1753 506 157 51 suffit
1942 507 69 52 de
2040 508 273 69 quelques

309 576 297 53 inflexions
650 577 69 52 de
762 577 153 65 voix,
962 592 153 34 assez
1158 577 181 67 justes
1383 583 57 46 et
1484 578 471 70 intelligemment
1998 585 314 53 observées.

310 653 50 51 Il
381 671 38 51 y
442 671 35 34 a
497 654 294 66 beaucoup
816 652 453 53 d'observations
1292 653 378 70 intelligentes
1693 657 142 52 dans
1857 659 56 50 la
1934 659 379 55 déclamation

309 729 68 52 de
399 731 184 67 Lully.
616 728 422 67 L'intelligence
1070 734 83 46 est
1185 729 55 51 la
1270 732 273 66 première
1574 733 214 67 qualité
1820 736 98 66 qui
1950 736 198 70 frappe
2178 738 135 52 chez

305 807 98 66 lui,
553 807 296 66 beaucoup
889 806 127 67 plus
1076 823 109 50 que
1244 807 381 70 l'inspiration
1664 811 288 67 musicale,
1994 830 74 35 ou
2107 831 111 52 que
2257 816 56 50 la

306 883 237 69 vigueur
568 883 69 51 de
662 882 55 52 la
742 882 245 68 passion.
1018 883 207 53 C'était
1250 884 132 54 bien
1407 886 55 52 là
1489 903 61 36 ce
1575 888 99 67 qui
1701 888 228 69 plaisait
1956 896 147 62 tant,
2125 892 69 52 de
2213 910 100 35 son

306 964 204 62 temps.

413 1037 98 52 Ses
545 1037 457 67 contemporains
1035 1038 216 53 étaient
1285 1040 141 53 dans
1459 1040 389 55 l'admiration
1882 1043 69 52 de
1984 1062 103 34 son
2119 1047 194 68 esprit.

305 1112 89 52 On
423 1112 111 52 sait
563 1113 140 67 qu'il
732 1113 143 53 était
904 1114 228 53 homme
1162 1117 237 68 d'esprit
1415 1118 142 52 dans
1586 1119 55 52 la
1658 1119 90 52 vie
1773 1141 14 44 ;
1819 1126 58 47 et
1905 1122 40 51 il
1973 1122 76 52 l'a
2077 1124 236 66 prouvé,

305 1189 69 51 de
409 1194 191 47 toutes
634 1190 80 51 les
748 1190 212 68 façons.
1000 1212 20 27 «
1044 1193 74 52 Sa
1152 1195 278 68 musique,
1468 1195 87 54 dit
1590 1197 83 52 La
1706 1198 258 66 Viéville,
1999 1199 245 54 suffirait
2281 1202 32 51 à

304 1265 138 52 faire
480 1267 178 52 sentir
695 1268 141 67 qu'il
875 1269 143 52 était
1057 1287 77 34 un
1174 1272 228 53 homme
1442 1273 294 68 d'esprit...
1766 1274 114 53 Son
1919 1277 175 67 esprit
2135 1278 178 52 éclate

303 1343 142 52 dans
485 1359 88 36 ses
605 1345 221 52 chants.
851 1347 51 50 Il
922 1363 59 36 se
1002 1353 224 47 montre
1247 1367 242 52 presque
1509 1355 255 64 partout.
1791 1372 20 27 »
1839 1395 52 11 ...
1914 1381 20 26 «
1960 1353 352 68 Cependant,

301 1435 297 52 remarque
633 1421 82 53 La
747 1421 257 69 Viéville,
1039 1441 137 35 avec
1211 1425 297 70 beaucoup
1543 1428 69 52 de
1645 1428 260 68 justesse,
2047 1432 81 63 (et
2162 1435 151 49 cette

303 1496 365 55 observation
706 1504 87 48 est
831 1500 128 69 plus
996 1501 156 54 vraie
1199 1504 141 67 qu'il
1386 1522 71 34 ne
1509 1505 187 68 croit),
1860 1508 339 68 cependant,
2249 1526 64 35 ce

301 1573 149 53 n'est
484 1592 103 50 pas
623 1575 142 53 dans
800 1576 79 54 les
913 1579 207 67 grands
1157 1580 128 68 airs,
1324 1581 142 53 dans
1500 1583 80 52 les
1614 1584 210 67 grands
1852 1601 325 50 morceaux,
2201 1603 112 51 que

301 1655 90 47 cet
435 1651 175 68 esprit
652 1670 90 35 me
784 1654 199 68 frappe
1026 1655 341 70 davantage.
1412 1659 152 52 C'est
1607 1659 143 53 dans
1792 1660 70 52 de
1903 1661 179 68 petits
2124 1663 186 66 traits,

303 1726 142 54 dans
480 1729 69 51 de
583 1730 277 52 certaines
894 1733 264 67 réponses
1193 1734 139 68 qu'il
1367 1735 105 52 fait
1509 1736 138 52 faire
1682 1738 34 50 à
1750 1754 87 36 ses
1871 1739 325 67 chanteurs,
2234 1739 78 53 du

300 1805 184 52 même
511 1811 120 61 ton,
659 1824 63 36 ce
747 1825 90 36 me
864 1810 230 66 semble,
1123 1816 56 47 et
1207 1828 138 35 avec
1371 1813 50 52 le
1448 1814 183 52 même
1659 1815 82 52 air
1767 1815 70 52 de
1863 1815 202 55 finesse
2093 1834 112 51 que
2232 1816 78 54 les

301 1881 167 52 ferait
496 1900 110 35 une
633 1900 277 51 personne
938 1886 76 52 du
1042 1888 207 52 monde
1278 1890 113 51 très
1419 1890 326 67 spirituelle.
1773 1912 20 26 »

410 1960 89 51 On
534 1978 70 34 ne
638 1962 214 53 saurait
887 1964 191 52 mieux
1114 1965 135 66 dire,
1287 1971 57 47 et
1377 1984 267 52 marquer
1675 1969 129 68 plus
1852 1970 335 69 justement,
2239 1989 71 34 en

301 2035 239 52 voulant
576 2037 156 52 louer
766 2039 184 68 Lully,
987 2040 79 52 les
1100 2041 208 52 limites
1344 2042 68 53 de
1448 2060 102 36 son
1585 2044 202 53 talent.
1825 2046 74 52 Ce
1933 2064 71 36 ne
2040 2053 131 48 sont
2206 2065 104 52 pas

301 2112 79 52 les
405 2130 265 52 passages
697 2115 70 53 de
793 2117 227 66 passion
1047 2119 139 67 qu'il
1213 2120 140 52 rend
1378 2121 50 51 le
1454 2121 210 68 mieux,
1693 2140 61 35 ce
1781 2129 131 47 sont
1938 2125 79 52 les
2042 2143 268 52 passages

301 2189 70 52 de
410 2189 201 54 finesse
650 2192 322 54 mondaine.
1015 2195 107 51 Les
1162 2195 110 52 airs
1312 2197 285 54 vraiment
1637 2199 410 71 dramatiques,
2089 2219 221 37 comme

300 2265 80 53 les
408 2266 149 53 deux
583 2269 240 67 grandes
850 2271 192 52 scènes
1848 2271 53 52 d'
1909 2272 246 68 Armide,
1405 2291 220 36 comme
1651 2276 126 52 l'air
1804 2277 127 53 d'lo
1959 2296 73 35 au
2081 2291 30 54 5
2114 2290 20 24 e
2183 2285 127 47 acte

309 2342 175 54 d'lsis
715 2365 19 32 :
572 2364 21 28 «
949 2346 283 53 Terminez
1611 2365 110 36 mes
1932 2355 293 49 tourments
1429 2371 38 47 »,
1520 2370 221 37 comme
1791 2355 126 52 l'air
1967 2356 72 54 de

300 2418 223 55 furieux
551 2440 11 33 :
595 2441 21 27 «
637 2422 72 66 Je
737 2423 119 51 suis
884 2425 145 51 trahi
1054 2426 24 52 !
1101 2445 40 46 »,
1171 2432 131 47 sont
1325 2444 150 37 rares
1493 2429 133 53 chez
1655 2431 169 69 Lully
1849 2453 14 45 ;
1895 2436 57 48 et
1981 2432 68 52 ils
2078 2451 70 35 ne
2178 2440 131 47 sont

297 2514 105 50 pas
427 2498 241 68 parfaits
695 2520 10 32 :
737 2501 293 52 Rousseau
1056 2520 34 34 a
1114 2520 79 51 pu
1217 2505 187 67 parler
1428 2525 20 28 «
1473 2506 77 52 du
1575 2509 149 67 petit
1749 2510 84 52 air
1858 2510 70 52 de
1954 2511 354 70 guinguette,

299 2573 99 69 qui
437 2581 86 47 est
563 2576 34 51 à
635 2576 56 52 la
729 2577 79 51 fin
866 2578 77 51 du
998 2581 337 69 monologue
1388 2582 292 55 d'Armide
1705 2605 40 47 »,
1807 2587 143 52 dans
2003 2589 170 52 l'acte
2228 2590 79 52 11.

299 2651 212 68 Malgré
551 2652 56 52 la
648 2653 237 70 vigueur
927 2655 69 53 de
1039 2657 244 54 certains
1326 2666 245 61 accents,
1616 2679 73 35 on
1731 2670 129 47 sent
1900 2665 134 53 bien
2075 2683 112 50 que
2229 2666 79 53 les

297 2728 209 68 grands
545 2736 399 47 mouvements
983 2732 70 52 de
1092 2732 55 52 la
1185 2735 229 67 passion
1454 2754 70 35 ne
1565 2744 131 48 sont
1735 2757 104 51 pas
1880 2742 253 52 naturels
2173 2744 135 52 chez

297 2804 186 69 Lully.
543 2806 50 52 Il
643 2807 204 52 n'était
904 2825 103 52 pas
1065 2826 77 36 un
1199 2811 227 53 homme
1482 2816 323 67 passionné,
1844 2835 221 37 comme
2106 2820 199 54 Gluck.

299 2881 49 52 Il
374 2883 142 51 était
543 2900 77 35 un
647 2884 227 53 homme
899 2886 337 70 intelligent,
1264 2890 98 66 qui
1388 2893 355 66 comprenait
1767 2895 57 52 la
1848 2896 249 67 passion,
2125 2902 58 47 et
2209 2897 100 69 qui

297 2959 144 54 était
479 2961 238 68 capable
755 2962 69 52 de
863 2962 55 52 la
957 2970 276 48 raconter.
1277 2966 48 51 Il
1363 2967 56 52 la
1457 2971 201 66 voyait
1696 2972 78 52 du
1814 2973 222 68 dehors,
2078 2981 58 46 et
2174 2975 40 52 il
2252 2975 56 53 la

296 3036 254 68 peignait
577 3037 170 53 d'une
774 3039 167 68 façon
968 3041 333 53 volontaire.
1332 3043 49 51 Il
1407 3061 35 34 a
1468 3046 115 52 très
1609 3055 286 47 rarement
1920 3051 56 51 la
2002 3052 151 51 force
2181 3052 96 52 dra-

296 3114 276 69 matique.
614 3116 49 50 Il
701 3133 35 35 a
772 3116 56 52 la
865 3117 151 53 force
1056 3118 76 52 du
1170 3119 246 69 rythme,
1457 3123 262 69 toujours
1744 3147 13 45 ;
1797 3133 59 46 et
1895 3127 39 52 il
1973 3145 52 49 a,
2064 3146 244 52 presque

297 3191 281 67 toujours,
614 3192 56 52 la
705 3193 151 52 force
892 3199 57 47 et
985 3193 55 52 la
1073 3194 242 69 justesse
1352 3197 68 53 de
1456 3198 260 57 l'accent.
1755 3203 152 54 C'est
1942 3206 34 51 à
2012 3205 119 53 dire
2167 3207 142 67 qu'il

297 3267 160 53 avait
502 3269 79 52 les
621 3287 238 52 moyens
901 3272 341 68 d'exprimer
1285 3274 56 52 la
1383 3278 230 66 passion
1659 3279 142 54 dans
1868 3299 64 35 sa
1990 3283 315 69 plénitude,

297 3342 46 53 si
371 3344 103 52 elle
499 3346 160 52 avait
686 3348 89 51 été
802 3365 69 34 en
898 3348 97 52 lui.
1024 3349 142 52 Mais
1193 3349 103 54 elle
1322 3352 143 53 était
1491 3354 254 56 absente.

407 3422 90 52 En
518 3426 301 66 revanche,
844 3426 39 50 il
906 3427 142 52 était
1071 3428 34 50 à
1128 3445 102 34 son
1254 3428 114 52 aise
1392 3429 142 55 dans
1556 3433 56 52 la
1633 3434 262 68 peinture
1919 3436 70 53 de
2012 3437 296 56 l'émotion

296 3499 302 69 tempérée,
625 3502 99 67 qui
750 3502 142 53 était
916 3503 314 69 justement
1255 3506 133 53 celle
1414 3509 99 68 qui
1538 3511 142 53 était
1706 3512 51 53 le
1781 3513 193 53 mieux
1999 3514 139 54 faite
2163 3533 146 52 pour
