<?xml version="1.0" encoding="UTF-8"?>
<alto xmlns:xsi="http://www.w3.org/2001/XMLSchema-instance" xmlns="http://www.loc.gov/standards/alto/ns-v2#" xsi:schemaLocation="http://www.loc.gov/standards/alto/ns-v2# http://www.loc.gov/standards/alto/alto-v2.0.xsd" xmlns:xlink="http://www.w3.org/1999/xlink">
	<Description>
		<MeasurementUnit>mm10</MeasurementUnit>
		<sourceImageInformation>
			<fileName>//fileserver7/IN2/Princeton/Batch3/bmtnabh/1907/01/15_01/00000011.tif</fileName>
		</sourceImageInformation>
		<OCRProcessing ID="OCRPROCESSING_1">
			<preProcessingStep>
				<processingSoftware>
					<softwareCreator>CCS Content Conversion Specialists GmbH, Germany</softwareCreator>
					<softwareName>CCS docWORKS</softwareName>
					<softwareVersion>6.6-1.18</softwareVersion>
				</processingSoftware>
			</preProcessingStep>
			<ocrProcessingStep>
				<processingSoftware>
					<softwareCreator>ABBYY (BIT Software), Russia</softwareCreator>
					<softwareName>FineReader</softwareName>
					<softwareVersion>10.0</softwareVersion>
				</processingSoftware>
			</ocrProcessingStep>
		</OCRProcessing>
	</Description>
	<Styles>
		<TextStyle ID="TXT_0" FONTSIZE="14" FONTFAMILY="Times New Roman" FONTSTYLE="bold"/>
		<TextStyle ID="TXT_1" FONTSIZE="14" FONTFAMILY="Times New Roman"/>
		<TextStyle ID="TXT_2" FONTSIZE="14" FONTFAMILY="Times New Roman" FONTSTYLE="italics"/>
		<TextStyle ID="TXT_3" FONTSIZE="63" FONTFAMILY="Times New Roman"/>
		<TextStyle ID="TXT_4" FONTSIZE="17" FONTFAMILY="Arial"/>
		<TextStyle ID="TXT_5" FONTSIZE="37" FONTFAMILY="Times New Roman"/>
		<TextStyle ID="TXT_6" FONTSIZE="13" FONTFAMILY="Times New Roman" FONTSTYLE="bold"/>
		<TextStyle ID="TXT_7" FONTSIZE="16" FONTFAMILY="Times New Roman" FONTSTYLE="bold underline"/>
		<TextStyle ID="TXT_8" FONTSIZE="16" FONTFAMILY="Times New Roman" FONTSTYLE="bold"/>
		<TextStyle ID="TXT_9" FONTSIZE="12" FONTFAMILY="Times New Roman" FONTSTYLE="bold"/>
		<TextStyle ID="TXT_10" FONTSIZE="13" FONTFAMILY="Times New Roman"/>
		<ParagraphStyle ID="PAR_RIGHT" ALIGN="Right"/>
		<ParagraphStyle ID="PAR_LEFT" ALIGN="Left"/>
	</Styles>
	<Layout>
		<Page ID="P4" PHYSICAL_IMG_NR="4" HEIGHT="4097" WIDTH="2451" PC="0.726">
			<TopMargin ID="P4_TM00001" HPOS="0" VPOS="0" WIDTH="2451" HEIGHT="507"/>
			<LeftMargin ID="P4_LM00001" HPOS="0" VPOS="507" WIDTH="276" HEIGHT="3263"/>
			<RightMargin ID="P4_RM00001" HPOS="2124" VPOS="507" WIDTH="327" HEIGHT="3263"/>
			<BottomMargin ID="P4_BM00001" HPOS="0" VPOS="3770" WIDTH="2451" HEIGHT="327"/>
			<PrintSpace ID="P4_PS00001" HPOS="276" VPOS="507" WIDTH="1898" HEIGHT="3263">
				<TextBlock ID="P4_TB00001" HPOS="2050" VPOS="3719" WIDTH="74" HEIGHT="51" STYLEREFS="TXT_0 PAR_RIGHT">
					<TextLine ID="P4_TL00001" HPOS="2051" VPOS="3720" WIDTH="73" HEIGHT="50">
						<String ID="P4_ST00001" HPOS="2051" VPOS="3720" WIDTH="73" HEIGHT="50" CONTENT="[III" WC="0.44" CC="9344"/>
					</TextLine>
				</TextBlock>
				<ComposedBlock ID="P4_CB00001" HPOS="120" VPOS="323" WIDTH="2054" HEIGHT="3351" TYPE="Advertisement">
					<TextBlock ID="P4_TB00002" HPOS="120" VPOS="323" WIDTH="2054" HEIGHT="3351" STYLEREFS="TXT_1 PAR_LEFT">
						<TextLine ID="P4_TL00002" HPOS="1300" VPOS="352" WIDTH="26" HEIGHT="15">
							<String ID="P4_ST00002" HPOS="1300" VPOS="352" WIDTH="26" HEIGHT="15" CONTENT="m" WC="0.38" CC="6" STYLEREFS="TXT_2"/>
						</TextLine>
						<TextLine ID="P4_TL00003" HPOS="293" VPOS="507" WIDTH="1732" HEIGHT="188">
							<String ID="P4_ST00003" HPOS="293" VPOS="507" WIDTH="721" HEIGHT="188" CONTENT="Bureau" WC="0.98" CC="503762" STYLEREFS="TXT_3"/>
							<SP ID="P4_SP00001" HPOS="1014" VPOS="695" WIDTH="132"/>
							<String ID="P4_ST00004" HPOS="1146" VPOS="507" WIDTH="879" HEIGHT="188" CONTENT="d'Edition" WC="0.98" CC="605538346" STYLEREFS="TXT_3"/>
						</TextLine>
						<TextLine ID="P4_TL00004" HPOS="1055" VPOS="764" WIDTH="975" HEIGHT="48">
							<String ID="P4_ST00005" HPOS="1055" VPOS="764" WIDTH="79" HEIGHT="48" CONTENT="DE" WC="0.75" CC="05" STYLEREFS="TXT_4"/>
							<SP ID="P4_SP00002" HPOS="1134" VPOS="812" WIDTH="56"/>
							<String ID="P4_ST00006" HPOS="1190" VPOS="764" WIDTH="76" HEIGHT="48" CONTENT="hfl" WC="0.36" CC="855" STYLEREFS="TXT_4"/>
							<SP ID="P4_SP00003" HPOS="1266" VPOS="812" WIDTH="89"/>
							<String ID="P4_ST00007" HPOS="1355" VPOS="774" WIDTH="675" HEIGHT="33" CONTENT="==^=^=" WC="0.39" CC="678087" STYLEREFS="TXT_4"/>
						</TextLine>
						<TextLine ID="P4_TL00005" HPOS="290" VPOS="868" WIDTH="1735" HEIGHT="78">
							<String ID="P4_ST00008" HPOS="290" VPOS="873" WIDTH="74" HEIGHT="35" CONTENT='"' WC="0.31" CC="6" STYLEREFS="TXT_5"/>
							<SP ID="P4_SP00004" HPOS="364" VPOS="908" WIDTH="69"/>
							<String ID="P4_ST00009" HPOS="433" VPOS="868" WIDTH="551" HEIGHT="76" CONTENT="seBObfl" WC="0.40" CC="5776733" STYLEREFS="TXT_5"/>
							<SP ID="P4_SP00005" HPOS="984" VPOS="944" WIDTH="145"/>
							<String ID="P4_ST00010" HPOS="1129" VPOS="870" WIDTH="756" HEIGHT="76" CONTENT="cfinTORum" WC="0.48" CC="777435074" STYLEREFS="TXT_5"/>
							<SP ID="P4_SP00006" HPOS="1885" VPOS="946" WIDTH="72"/>
							<String ID="P4_ST00011" HPOS="1957" VPOS="870" WIDTH="68" HEIGHT="33" CONTENT='"' WC="0.30" CC="6" STYLEREFS="TXT_5"/>
						</TextLine>
						<TextLine ID="P4_TL00006" HPOS="290" VPOS="1103" WIDTH="1554" HEIGHT="51">
							<String ID="P4_ST00012" HPOS="290" VPOS="1109" WIDTH="42" HEIGHT="30" CONTENT="A." WC="0.64" CC="70" STYLEREFS="TXT_6"/>
							<SP ID="P4_SP00007" HPOS="332" VPOS="1139" WIDTH="19"/>
							<String ID="P4_ST00013" HPOS="351" VPOS="1107" WIDTH="147" HEIGHT="41" CONTENT="Jumei," WC="0.43" CC="165686" STYLEREFS="TXT_6"/>
							<SP ID="P4_SP00008" HPOS="498" VPOS="1148" WIDTH="32"/>
							<String ID="P4_ST00014" HPOS="530" VPOS="1103" WIDTH="188" HEIGHT="42" CONTENT="Notions," WC="1.00" CC="00000504"/>
							<SP ID="P4_SP00009" HPOS="718" VPOS="1148" WIDTH="24"/>
							<String ID="P4_ST00015" HPOS="742" VPOS="1106" WIDTH="204" HEIGHT="47" CONTENT="principes" WC="0.99" CC="710650600"/>
							<SP ID="P4_SP00010" HPOS="946" VPOS="1153" WIDTH="23"/>
							<String ID="P4_ST00016" HPOS="969" VPOS="1109" WIDTH="41" HEIGHT="32" CONTENT="et" WC="1.00" CC="00"/>
							<SP ID="P4_SP00011" HPOS="1010" VPOS="1153" WIDTH="26"/>
							<String ID="P4_ST00017" HPOS="1036" VPOS="1106" WIDTH="212" HEIGHT="42" CONTENT="exercices," WC="1.00" CC="0000000024"/>
							<SP ID="P4_SP00012" HPOS="1248" VPOS="1153" WIDTH="25"/>
							<String ID="P4_ST00018" HPOS="1273" VPOS="1119" WIDTH="103" HEIGHT="35" CONTENT="pour" WC="0.98" CC="0170"/>
							<SP ID="P4_SP00013" HPOS="1376" VPOS="1154" WIDTH="22"/>
							<String ID="P4_ST00019" HPOS="1398" VPOS="1108" WIDTH="153" HEIGHT="35" CONTENT="l'étude" WC="0.99" CC="0350600" STYLEREFS="TXT_6"/>
							<SP ID="P4_SP00014" HPOS="1551" VPOS="1154" WIDTH="25"/>
							<String ID="P4_ST00020" HPOS="1576" VPOS="1108" WIDTH="268" HEIGHT="45" CONTENT="quotidienne" WC="0.99" CC="57700100720"/>
						</TextLine>
						<TextLine ID="P4_TL00007" HPOS="396" VPOS="1151" WIDTH="1634" HEIGHT="39">
							<String ID="P4_ST00021" HPOS="396" VPOS="1151" WIDTH="56" HEIGHT="34" CONTENT="du" WC="0.69" CC="06"/>
							<SP ID="P4_SP00015" HPOS="452" VPOS="1185" WIDTH="22"/>
							<String ID="P4_ST00022" HPOS="474" VPOS="1151" WIDTH="126" HEIGHT="34" CONTENT="chant" WC="0.98" CC="07050"/>
							<SP ID="P4_SP00016" HPOS="600" VPOS="1185" WIDTH="79"/>
							<String ID="P4_ST00023" HPOS="679" VPOS="1178" WIDTH="24" HEIGHT="8" CONTENT=".." WC="0.58" CC="34"/>
							<SP ID="P4_SP00017" HPOS="703" VPOS="1186" WIDTH="53"/>
							<String ID="P4_ST00024" HPOS="756" VPOS="1182" WIDTH="22" HEIGHT="8" CONTENT=".." WC="0.65" CC="42"/>
							<SP ID="P4_SP00018" HPOS="778" VPOS="1190" WIDTH="1147"/>
							<String ID="P4_ST00025" HPOS="1925" VPOS="1158" WIDTH="25" HEIGHT="32" CONTENT="7" WC="0.58" CC="4"/>
							<SP ID="P4_SP00019" HPOS="1950" VPOS="1190" WIDTH="60"/>
							<String ID="P4_ST00026" HPOS="2010" VPOS="1166" WIDTH="20" HEIGHT="22" CONTENT="»" WC="0.40" CC="5"/>
						</TextLine>
						<TextLine ID="P4_TL00008" HPOS="504" VPOS="1222" WIDTH="734" HEIGHT="45">
							<String ID="P4_ST00027" HPOS="504" VPOS="1225" WIDTH="236" HEIGHT="42" CONTENT="CHANT" WC="0.96" CC="56763" STYLEREFS="TXT_7"/>
							<SP ID="P4_SP00020" HPOS="740" VPOS="1267" WIDTH="79"/>
							<String ID="P4_ST00028" HPOS="819" VPOS="1222" WIDTH="419" HEIGHT="43" CONTENT="POPULAIRE" WC="0.98" CC="458661556" STYLEREFS="TXT_7"/>
						</TextLine>
						<TextLine ID="P4_TL00009" HPOS="290" VPOS="1303" WIDTH="1555" HEIGHT="47">
							<String ID="P4_ST00029" HPOS="290" VPOS="1308" WIDTH="75" HEIGHT="32" CONTENT="Dix" WC="0.95" CC="336" STYLEREFS="TXT_6"/>
							<SP ID="P4_SP00021" HPOS="365" VPOS="1340" WIDTH="15"/>
							<String ID="P4_ST00030" HPOS="380" VPOS="1305" WIDTH="117" HEIGHT="35" CONTENT="Noël»" WC="0.96" CC="72577" STYLEREFS="TXT_6"/>
							<SP ID="P4_SP00022" HPOS="497" VPOS="1340" WIDTH="15"/>
							<String ID="P4_ST00031" HPOS="512" VPOS="1307" WIDTH="196" HEIGHT="31" CONTENT="bressans" WC="0.98" CC="76534653" STYLEREFS="TXT_6"/>
							<SP ID="P4_SP00023" HPOS="708" VPOS="1340" WIDTH="19"/>
							<String ID="P4_ST00032" HPOS="727" VPOS="1305" WIDTH="76" HEIGHT="35" CONTENT="mis" WC="1.00" CC="000"/>
							<SP ID="P4_SP00024" HPOS="803" VPOS="1340" WIDTH="18"/>
							<String ID="P4_ST00033" HPOS="821" VPOS="1315" WIDTH="50" HEIGHT="23" CONTENT="en" WC="0.40" CC="47"/>
							<SP ID="P4_SP00025" HPOS="871" VPOS="1340" WIDTH="16"/>
							<String ID="P4_ST00034" HPOS="887" VPOS="1303" WIDTH="176" HEIGHT="47" CONTENT="français" WC="0.99" CC="40260003"/>
							<SP ID="P4_SP00026" HPOS="1063" VPOS="1350" WIDTH="14"/>
							<String ID="P4_ST00035" HPOS="1077" VPOS="1315" WIDTH="73" HEIGHT="35" CONTENT="par" WC="0.95" CC="803"/>
							<SP ID="P4_SP00027" HPOS="1150" VPOS="1350" WIDTH="13"/>
							<String ID="P4_ST00036" HPOS="1163" VPOS="1305" WIDTH="180" HEIGHT="35" CONTENT="Maurice" WC="1.00" CC="0050001"/>
							<SP ID="P4_SP00028" HPOS="1343" VPOS="1350" WIDTH="15"/>
							<String ID="P4_ST00037" HPOS="1358" VPOS="1305" WIDTH="217" HEIGHT="42" CONTENT="Duhamel," WC="0.99" CC="27600004"/>
							<SP ID="P4_SP00029" HPOS="1575" VPOS="1350" WIDTH="18"/>
							<String ID="P4_ST00038" HPOS="1593" VPOS="1306" WIDTH="252" HEIGHT="37" CONTENT="harmonisés" WC="0.99" CC="7000250344"/>
						</TextLine>
						<TextLine ID="P4_TL00010" HPOS="397" VPOS="1350" WIDTH="1627" HEIGHT="47">
							<String ID="P4_ST00039" HPOS="397" VPOS="1360" WIDTH="73" HEIGHT="37" CONTENT="par" WC="0.99" CC="002"/>
							<SP ID="P4_SP00030" HPOS="470" VPOS="1397" WIDTH="22"/>
							<String ID="P4_ST00040" HPOS="492" VPOS="1350" WIDTH="251" HEIGHT="46" CONTENT="Francisque" WC="1.00" CC="3006000200"/>
							<SP ID="P4_SP00031" HPOS="743" VPOS="1397" WIDTH="33"/>
							<String ID="P4_ST00041" HPOS="776" VPOS="1350" WIDTH="212" HEIGHT="35" CONTENT="Dencieux" WC="0.72" CC="40504070"/>
							<SP ID="P4_SP00032" HPOS="988" VPOS="1397" WIDTH="938"/>
							<String ID="P4_ST00042" HPOS="1926" VPOS="1359" WIDTH="26" HEIGHT="30" CONTENT="4" WC="0.47" CC="5"/>
							<SP ID="P4_SP00033" HPOS="1952" VPOS="1397" WIDTH="55"/>
							<String ID="P4_ST00043" HPOS="2007" VPOS="1369" WIDTH="17" HEIGHT="18" CONTENT="»" WC="0.28" CC="7"/>
						</TextLine>
						<TextLine ID="P4_TL00011" HPOS="291" VPOS="1404" WIDTH="1554" HEIGHT="44">
							<String ID="P4_ST00044" HPOS="291" VPOS="1409" WIDTH="135" HEIGHT="31" CONTENT="Douze" WC="0.95" CC="65659" STYLEREFS="TXT_6"/>
							<SP ID="P4_SP00034" HPOS="426" VPOS="1440" WIDTH="29"/>
							<String ID="P4_ST00045" HPOS="455" VPOS="1405" WIDTH="116" HEIGHT="34" CONTENT="Noëîs" WC="0.45" CC="84175" STYLEREFS="TXT_6"/>
							<SP ID="P4_SP00035" HPOS="571" VPOS="1440" WIDTH="22"/>
							<String ID="P4_ST00046" HPOS="593" VPOS="1408" WIDTH="230" HEIGHT="40" CONTENT="populaires" WC="0.98" CC="7465357006" STYLEREFS="TXT_6"/>
							<SP ID="P4_SP00036" HPOS="823" VPOS="1448" WIDTH="23"/>
							<String ID="P4_ST00047" HPOS="846" VPOS="1407" WIDTH="70" HEIGHT="32" CONTENT="des" WC="0.94" CC="509" STYLEREFS="TXT_6"/>
							<SP ID="P4_SP00037" HPOS="916" VPOS="1448" WIDTH="32"/>
							<String ID="P4_ST00048" HPOS="948" VPOS="1404" WIDTH="219" HEIGHT="42" CONTENT="Fyrérées," WC="0.38" CC="821684787" STYLEREFS="TXT_6"/>
							<SP ID="P4_SP00038" HPOS="1167" VPOS="1448" WIDTH="42"/>
							<String ID="P4_ST00049" HPOS="1209" VPOS="1404" WIDTH="227" HEIGHT="40" CONTENT="Recueillis," WC="0.99" CC="30060064050"/>
							<SP ID="P4_SP00039" HPOS="1436" VPOS="1448" WIDTH="49"/>
							<String ID="P4_ST00050" HPOS="1485" VPOS="1405" WIDTH="213" HEIGHT="35" CONTENT="transcrits" WC="1.00" CC="0003700003"/>
							<SP ID="P4_SP00040" HPOS="1698" VPOS="1448" WIDTH="47"/>
							<String ID="P4_ST00051" HPOS="1745" VPOS="1417" WIDTH="100" HEIGHT="25" CONTENT="avec" WC="0.99" CC="0002"/>
						</TextLine>
						<TextLine ID="P4_TL00012" HPOS="394" VPOS="1448" WIDTH="1634" HEIGHT="48">
							<String ID="P4_ST00052" HPOS="394" VPOS="1450" WIDTH="158" HEIGHT="46" CONTENT="paroles" WC="0.99" CC="0004600"/>
							<SP ID="P4_SP00041" HPOS="552" VPOS="1496" WIDTH="20"/>
							<String ID="P4_ST00053" HPOS="572" VPOS="1455" WIDTH="41" HEIGHT="31" CONTENT="et" WC="0.82" CC="03"/>
							<SP ID="P4_SP00042" HPOS="613" VPOS="1496" WIDTH="22"/>
							<String ID="P4_ST00054" HPOS="635" VPOS="1451" WIDTH="134" HEIGHT="35" CONTENT="variés" WC="1.00" CC="000030"/>
							<SP ID="P4_SP00043" HPOS="769" VPOS="1496" WIDTH="22"/>
							<String ID="P4_ST00055" HPOS="791" VPOS="1461" WIDTH="103" HEIGHT="35" CONTENT="pour" WC="0.97" CC="0463"/>
							<SP ID="P4_SP00044" HPOS="894" VPOS="1496" WIDTH="16"/>
							<String ID="P4_ST00056" HPOS="910" VPOS="1448" WIDTH="125" HEIGHT="47" CONTENT="piano" WC="0.99" CC="00080"/>
							<SP ID="P4_SP00045" HPOS="1035" VPOS="1496" WIDTH="21"/>
							<String ID="P4_ST00057" HPOS="1056" VPOS="1461" WIDTH="52" HEIGHT="23" CONTENT="ou" WC="0.62" CC="07"/>
							<SP ID="P4_SP00046" HPOS="1108" VPOS="1496" WIDTH="19"/>
							<String ID="P4_ST00058" HPOS="1127" VPOS="1460" WIDTH="123" HEIGHT="34" CONTENT="orgue" WC="0.98" CC="63400"/>
							<SP ID="P4_SP00047" HPOS="1250" VPOS="1496" WIDTH="18"/>
							<String ID="P4_ST00059" HPOS="1268" VPOS="1460" WIDTH="75" HEIGHT="36" CONTENT="par" WC="1.00" CC="000"/>
							<SP ID="P4_SP00048" HPOS="1343" VPOS="1496" WIDTH="16"/>
							<String ID="P4_ST00060" HPOS="1359" VPOS="1451" WIDTH="36" HEIGHT="45" CONTENT="J." WC="0.92" CC="01"/>
							<SP ID="P4_SP00049" HPOS="1395" VPOS="1496" WIDTH="28"/>
							<String ID="P4_ST00061" HPOS="1423" VPOS="1450" WIDTH="142" HEIGHT="46" CONTENT="Puigy" WC="0.74" CC="07040"/>
							<SP ID="P4_SP00050" HPOS="1565" VPOS="1496" WIDTH="21"/>
							<String ID="P4_ST00062" HPOS="1586" VPOS="1451" WIDTH="212" HEIGHT="36" CONTENT="Absubide" WC="0.89" CC="00060000"/>
							<SP ID="P4_SP00051" HPOS="1798" VPOS="1496" WIDTH="23"/>
							<String ID="P4_ST00063" HPOS="1821" VPOS="1481" WIDTH="24" HEIGHT="8" CONTENT=".." WC="0.61" CC="34"/>
							<SP ID="P4_SP00052" HPOS="1845" VPOS="1496" WIDTH="84"/>
							<String ID="P4_ST00064" HPOS="1929" VPOS="1457" WIDTH="25" HEIGHT="31" CONTENT="3" WC="1.00" CC="9"/>
							<SP ID="P4_SP00053" HPOS="1954" VPOS="1496" WIDTH="56"/>
							<String ID="P4_ST00065" HPOS="2010" VPOS="1468" WIDTH="18" HEIGHT="18" CONTENT="»" WC="0.73" CC="2"/>
						</TextLine>
						<TextLine ID="P4_TL00013" HPOS="292" VPOS="1502" WIDTH="1737" HEIGHT="45">
							<String ID="P4_ST00066" HPOS="292" VPOS="1507" WIDTH="217" HEIGHT="40" CONTENT="Cantiques" WC="0.98" CC="565707756" STYLEREFS="TXT_6"/>
							<SP ID="P4_SP00054" HPOS="509" VPOS="1547" WIDTH="24"/>
							<String ID="P4_ST00067" HPOS="533" VPOS="1509" WIDTH="39" HEIGHT="29" CONTENT="et" WC="0.35" CC="57" STYLEREFS="TXT_6"/>
							<SP ID="P4_SP00055" HPOS="572" VPOS="1547" WIDTH="27"/>
							<String ID="P4_ST00068" HPOS="599" VPOS="1505" WIDTH="117" HEIGHT="34" CONTENT="Noëls" WC="0.45" CC="57077" STYLEREFS="TXT_6"/>
							<SP ID="P4_SP00056" HPOS="716" VPOS="1547" WIDTH="17"/>
							<String ID="P4_ST00069" HPOS="733" VPOS="1508" WIDTH="170" HEIGHT="30" CONTENT="Bretons" WC="0.97" CC="7086586" STYLEREFS="TXT_6"/>
							<SP ID="P4_SP00057" HPOS="903" VPOS="1547" WIDTH="17"/>
							<String ID="P4_ST00070" HPOS="920" VPOS="1503" WIDTH="50" HEIGHT="33" CONTENT="de" WC="1.00" CC="00"/>
							<SP ID="P4_SP00058" HPOS="970" VPOS="1547" WIDTH="24"/>
							<String ID="P4_ST00071" HPOS="994" VPOS="1502" WIDTH="104" HEIGHT="34" CONTENT="Paul" WC="0.99" CC="3000"/>
							<SP ID="P4_SP00059" HPOS="1098" VPOS="1547" WIDTH="24"/>
							<String ID="P4_ST00072" HPOS="1122" VPOS="1502" WIDTH="260" HEIGHT="35" CONTENT="Ladmirault" WC="0.75" CC="5000060750"/>
							<SP ID="P4_SP00060" HPOS="1382" VPOS="1547" WIDTH="548"/>
							<String ID="P4_ST00073" HPOS="1930" VPOS="1510" WIDTH="24" HEIGHT="32" CONTENT="3" WC="0.30" CC="6" STYLEREFS="TXT_6"/>
							<SP ID="P4_SP00061" HPOS="1954" VPOS="1547" WIDTH="55"/>
							<String ID="P4_ST00074" HPOS="2009" VPOS="1519" WIDTH="20" HEIGHT="22" CONTENT="»" WC="0.32" CC="6" STYLEREFS="TXT_6"/>
						</TextLine>
						<TextLine ID="P4_TL00014" HPOS="503" VPOS="1571" WIDTH="730" HEIGHT="44">
							<String ID="P4_ST00075" HPOS="503" VPOS="1571" WIDTH="325" HEIGHT="44" CONTENT="CONCERTS" WC="0.97" CC="56866755" STYLEREFS="TXT_8"/>
							<SP ID="P4_SP00062" HPOS="828" VPOS="1615" WIDTH="31"/>
							<String ID="P4_ST00076" HPOS="859" VPOS="1571" WIDTH="374" HEIGHT="42" CONTENT="SPIRITUELS" WC="0.98" CC="5786813463" STYLEREFS="TXT_7"/>
						</TextLine>
						<TextLine ID="P4_TL00015" HPOS="290" VPOS="1653" WIDTH="1552" HEIGHT="49">
							<String ID="P4_ST00077" HPOS="290" VPOS="1660" WIDTH="44" HEIGHT="31" CONTENT="G." WC="0.42" CC="46" STYLEREFS="TXT_6"/>
							<SP ID="P4_SP00063" HPOS="334" VPOS="1691" WIDTH="28"/>
							<String ID="P4_ST00078" HPOS="362" VPOS="1660" WIDTH="240" HEIGHT="39" CONTENT="Rouzignac." WC="0.44" CC="7075696075" STYLEREFS="TXT_6"/>
							<SP ID="P4_SP00064" HPOS="602" VPOS="1699" WIDTH="22"/>
							<String ID="P4_ST00079" HPOS="624" VPOS="1654" WIDTH="227" HEIGHT="46" CONTENT="Meslanges" WC="0.69" CC="070005509" STYLEREFS="TXT_2"/>
							<SP ID="P4_SP00065" HPOS="851" VPOS="1700" WIDTH="32"/>
							<String ID="P4_ST00080" HPOS="883" VPOS="1653" WIDTH="120" HEIGHT="35" CONTENT="divers" WC="0.99" CC="000172" STYLEREFS="TXT_2"/>
							<SP ID="P4_SP00066" HPOS="1003" VPOS="1700" WIDTH="30"/>
							<String ID="P4_ST00081" HPOS="1033" VPOS="1653" WIDTH="123" HEIGHT="35" CONTENT="remis" WC="1.00" CC="00000"/>
							<SP ID="P4_SP00067" HPOS="1156" VPOS="1700" WIDTH="21"/>
							<String ID="P4_ST00082" HPOS="1177" VPOS="1665" WIDTH="53" HEIGHT="23" CONTENT="au" WC="0.62" CC="07"/>
							<SP ID="P4_SP00068" HPOS="1230" VPOS="1700" WIDTH="21"/>
							<String ID="P4_ST00083" HPOS="1251" VPOS="1654" WIDTH="90" HEIGHT="46" CONTENT="jour" WC="0.97" CC="0443"/>
							<SP ID="P4_SP00069" HPOS="1341" VPOS="1700" WIDTH="28"/>
							<String ID="P4_ST00084" HPOS="1369" VPOS="1658" WIDTH="41" HEIGHT="31" CONTENT="et" WC="1.00" CC="00"/>
							<SP ID="P4_SP00070" HPOS="1410" VPOS="1700" WIDTH="31"/>
							<String ID="P4_ST00085" HPOS="1441" VPOS="1653" WIDTH="160" HEIGHT="47" CONTENT="publiés" WC="0.99" CC="0700030"/>
							<SP ID="P4_SP00071" HPOS="1601" VPOS="1700" WIDTH="22"/>
							<String ID="P4_ST00086" HPOS="1623" VPOS="1655" WIDTH="162" HEIGHT="47" CONTENT="d'après" WC="0.99" CC="0200545"/>
							<SP ID="P4_SP00072" HPOS="1785" VPOS="1702" WIDTH="22"/>
							<String ID="P4_ST00087" HPOS="1807" VPOS="1656" WIDTH="35" HEIGHT="35" CONTENT="le" WC="1.00" CC="00"/>
						</TextLine>
						<TextLine ID="P4_TL00016" HPOS="393" VPOS="1699" WIDTH="1635" HEIGHT="49">
							<String ID="P4_ST00088" HPOS="393" VPOS="1701" WIDTH="224" HEIGHT="35" CONTENT="manuscrit" WC="0.99" CC="007700100"/>
							<SP ID="P4_SP00073" HPOS="617" VPOS="1736" WIDTH="18"/>
							<String ID="P4_ST00089" HPOS="635" VPOS="1702" WIDTH="50" HEIGHT="34" CONTENT="de" WC="0.95" CC="00"/>
							<SP ID="P4_SP00074" HPOS="685" VPOS="1736" WIDTH="23"/>
							<String ID="P4_ST00090" HPOS="708" VPOS="1701" WIDTH="38" HEIGHT="34" CONTENT="la" WC="1.00" CC="00"/>
							<SP ID="P4_SP00075" HPOS="746" VPOS="1736" WIDTH="22"/>
							<String ID="P4_ST00091" HPOS="768" VPOS="1699" WIDTH="284" HEIGHT="45" CONTENT="bibliothèque" WC="1.00" CC="002000002070"/>
							<SP ID="P4_SP00076" HPOS="1052" VPOS="1744" WIDTH="25"/>
							<String ID="P4_ST00092" HPOS="1077" VPOS="1700" WIDTH="50" HEIGHT="34" CONTENT="de" WC="1.00" CC="00"/>
							<SP ID="P4_SP00077" HPOS="1127" VPOS="1744" WIDTH="17"/>
							<String ID="P4_ST00093" HPOS="1144" VPOS="1700" WIDTH="140" HEIGHT="41" CONTENT="Tours," WC="0.98" CC="156204"/>
							<SP ID="P4_SP00078" HPOS="1284" VPOS="1744" WIDTH="22"/>
							<String ID="P4_ST00094" HPOS="1306" VPOS="1711" WIDTH="75" HEIGHT="35" CONTENT="par" WC="0.98" CC="004"/>
							<SP ID="P4_SP00079" HPOS="1381" VPOS="1746" WIDTH="31"/>
							<String ID="P4_ST00095" HPOS="1412" VPOS="1701" WIDTH="54" HEIGHT="35" CONTENT="M." WC="0.80" CC="04"/>
							<SP ID="P4_SP00080" HPOS="1466" VPOS="1746" WIDTH="24"/>
							<String ID="P4_ST00096" HPOS="1490" VPOS="1700" WIDTH="132" HEIGHT="36" CONTENT="Henri" WC="0.98" CC="30440"/>
							<SP ID="P4_SP00081" HPOS="1622" VPOS="1746" WIDTH="29"/>
							<String ID="P4_ST00097" HPOS="1651" VPOS="1702" WIDTH="196" HEIGHT="46" CONTENT="Quittard" WC="0.73" CC="66000070"/>
							<SP ID="P4_SP00082" HPOS="1847" VPOS="1748" WIDTH="81"/>
							<String ID="P4_ST00098" HPOS="1928" VPOS="1710" WIDTH="24" HEIGHT="30" CONTENT="2" WC="0.33" CC="6"/>
							<SP ID="P4_SP00083" HPOS="1952" VPOS="1748" WIDTH="55"/>
							<String ID="P4_ST00099" HPOS="2007" VPOS="1720" WIDTH="21" HEIGHT="21" CONTENT="»" WC="0.86" CC="1"/>
						</TextLine>
						<TextLine ID="P4_TL00017" HPOS="387" VPOS="1748" WIDTH="1459" HEIGHT="42">
							<String ID="P4_ST00100" HPOS="387" VPOS="1753" WIDTH="131" HEIGHT="28" CONTENT="NOTA." WC="0.99" CC="03203" STYLEREFS="TXT_9"/>
							<SP ID="P4_SP00084" HPOS="518" VPOS="1781" WIDTH="23"/>
							<String ID="P4_ST00101" HPOS="541" VPOS="1768" WIDTH="41" HEIGHT="5" CONTENT="—" WC="0.20" CC="8" STYLEREFS="TXT_9"/>
							<SP ID="P4_SP00085" HPOS="582" VPOS="1781" WIDTH="21"/>
							<String ID="P4_ST00102" HPOS="603" VPOS="1753" WIDTH="61" HEIGHT="28" CONTENT="Les" WC="1.00" CC="000" STYLEREFS="TXT_9"/>
							<SP ID="P4_SP00086" HPOS="664" VPOS="1781" WIDTH="20"/>
							<String ID="P4_ST00103" HPOS="684" VPOS="1750" WIDTH="123" HEIGHT="37" CONTENT="parties" WC="0.99" CC="6040000" STYLEREFS="TXT_9"/>
							<SP ID="P4_SP00087" HPOS="807" VPOS="1787" WIDTH="20"/>
							<String ID="P4_ST00104" HPOS="827" VPOS="1750" WIDTH="39" HEIGHT="29" CONTENT="de" WC="0.98" CC="00" STYLEREFS="TXT_9"/>
							<SP ID="P4_SP00088" HPOS="866" VPOS="1787" WIDTH="22"/>
							<String ID="P4_ST00105" HPOS="888" VPOS="1749" WIDTH="114" HEIGHT="29" CONTENT="chœur" WC="0.97" CC="06085" STYLEREFS="TXT_9"/>
							<SP ID="P4_SP00089" HPOS="1002" VPOS="1787" WIDTH="19"/>
							<String ID="P4_ST00106" HPOS="1021" VPOS="1750" WIDTH="40" HEIGHT="28" CONTENT="de" WC="0.75" CC="50" STYLEREFS="TXT_9"/>
							<SP ID="P4_SP00090" HPOS="1061" VPOS="1787" WIDTH="23"/>
							<String ID="P4_ST00107" HPOS="1084" VPOS="1748" WIDTH="127" HEIGHT="38" CONTENT="chaque" WC="0.98" CC="070064" STYLEREFS="TXT_9"/>
							<SP ID="P4_SP00091" HPOS="1211" VPOS="1787" WIDTH="24"/>
							<String ID="P4_ST00108" HPOS="1235" VPOS="1758" WIDTH="148" HEIGHT="21" CONTENT="morceau" WC="0.98" CC="2460503" STYLEREFS="TXT_9"/>
							<SP ID="P4_SP00092" HPOS="1383" VPOS="1787" WIDTH="21"/>
							<String ID="P4_ST00109" HPOS="1404" VPOS="1750" WIDTH="113" HEIGHT="37" CONTENT="séparé" WC="0.99" CC="006150" STYLEREFS="TXT_9"/>
							<SP ID="P4_SP00093" HPOS="1517" VPOS="1787" WIDTH="19"/>
							<String ID="P4_ST00110" HPOS="1536" VPOS="1759" WIDTH="33" HEIGHT="21" CONTENT="se" WC="0.71" CC="05" STYLEREFS="TXT_9"/>
							<SP ID="P4_SP00094" HPOS="1569" VPOS="1787" WIDTH="22"/>
							<String ID="P4_ST00111" HPOS="1591" VPOS="1752" WIDTH="148" HEIGHT="29" CONTENT="vendent" WC="0.98" CC="0086487" STYLEREFS="TXT_9"/>
							<SP ID="P4_SP00095" HPOS="1739" VPOS="1787" WIDTH="16"/>
							<String ID="P4_ST00112" HPOS="1755" VPOS="1754" WIDTH="91" HEIGHT="36" CONTENT="0,05" WC="0.41" CC="1768" STYLEREFS="TXT_9"/>
						</TextLine>
						<TextLine ID="P4_TL00018" HPOS="287" VPOS="1790" WIDTH="872" HEIGHT="38">
							<String ID="P4_ST00113" HPOS="287" VPOS="1792" WIDTH="30" HEIGHT="29" CONTENT="la" WC="0.39" CC="84" STYLEREFS="TXT_9"/>
							<SP ID="P4_SP00096" HPOS="317" VPOS="1821" WIDTH="22"/>
							<String ID="P4_ST00114" HPOS="339" VPOS="1801" WIDTH="82" HEIGHT="27" CONTENT="page" WC="0.99" CC="0050" STYLEREFS="TXT_9"/>
							<SP ID="P4_SP00097" HPOS="421" VPOS="1828" WIDTH="21"/>
							<String ID="P4_ST00115" HPOS="442" VPOS="1792" WIDTH="131" HEIGHT="35" CONTENT="gravée," WC="0.99" CC="3760002" STYLEREFS="TXT_9"/>
							<SP ID="P4_SP00098" HPOS="573" VPOS="1828" WIDTH="22"/>
							<String ID="P4_ST00116" HPOS="595" VPOS="1800" WIDTH="58" HEIGHT="27" CONTENT="par" WC="0.94" CC="906" STYLEREFS="TXT_9"/>
							<SP ID="P4_SP00099" HPOS="653" VPOS="1828" WIDTH="19"/>
							<String ID="P4_ST00117" HPOS="672" VPOS="1791" WIDTH="57" HEIGHT="29" CONTENT="dix" WC="0.93" CC="747" STYLEREFS="TXT_9"/>
							<SP ID="P4_SP00100" HPOS="729" VPOS="1828" WIDTH="17"/>
							<String ID="P4_ST00118" HPOS="746" VPOS="1790" WIDTH="212" HEIGHT="36" CONTENT="exemplaires" WC="0.99" CC="15008500400" STYLEREFS="TXT_9"/>
							<SP ID="P4_SP00101" HPOS="958" VPOS="1828" WIDTH="21"/>
							<String ID="P4_ST00119" HPOS="979" VPOS="1798" WIDTH="42" HEIGHT="20" CONTENT="au" WC="0.67" CC="06" STYLEREFS="TXT_9"/>
							<SP ID="P4_SP00102" HPOS="1021" VPOS="1828" WIDTH="23"/>
							<String ID="P4_ST00120" HPOS="1044" VPOS="1790" WIDTH="115" HEIGHT="29" CONTENT="moins." WC="0.99" CC="000501" STYLEREFS="TXT_9"/>
						</TextLine>
						<TextLine ID="P4_TL00019" HPOS="287" VPOS="1838" WIDTH="1555" HEIGHT="50">
							<String ID="P4_ST00121" HPOS="287" VPOS="1846" WIDTH="135" HEIGHT="38" CONTENT="Henry" WC="0.96" CC="68736" STYLEREFS="TXT_6"/>
							<SP ID="P4_SP00103" HPOS="422" VPOS="1884" WIDTH="35"/>
							<String ID="P4_ST00122" HPOS="457" VPOS="1846" WIDTH="51" HEIGHT="29" CONTENT="du" WC="0.70" CC="50" STYLEREFS="TXT_6"/>
							<SP ID="P4_SP00104" HPOS="508" VPOS="1884" WIDTH="47"/>
							<String ID="P4_ST00123" HPOS="555" VPOS="1845" WIDTH="121" HEIGHT="30" CONTENT="Mont." WC="0.97" CC="56073" STYLEREFS="TXT_6"/>
							<SP ID="P4_SP00105" HPOS="676" VPOS="1884" WIDTH="38"/>
							<String ID="P4_ST00124" HPOS="714" VPOS="1839" WIDTH="227" HEIGHT="46" CONTENT="Meslanges" WC="0.75" CC="051014602" STYLEREFS="TXT_2"/>
							<SP ID="P4_SP00106" HPOS="941" VPOS="1885" WIDTH="29"/>
							<String ID="P4_ST00125" HPOS="970" VPOS="1838" WIDTH="119" HEIGHT="36" CONTENT="divers" WC="0.99" CC="001370" STYLEREFS="TXT_2"/>
							<SP ID="P4_SP00107" HPOS="1089" VPOS="1885" WIDTH="26"/>
							<String ID="P4_ST00126" HPOS="1115" VPOS="1838" WIDTH="121" HEIGHT="36" CONTENT="remis" WC="1.00" CC="00003"/>
							<SP ID="P4_SP00108" HPOS="1236" VPOS="1885" WIDTH="38"/>
							<String ID="P4_ST00127" HPOS="1274" VPOS="1850" WIDTH="53" HEIGHT="24" CONTENT="au" WC="0.65" CC="07"/>
							<SP ID="P4_SP00109" HPOS="1327" VPOS="1885" WIDTH="35"/>
							<String ID="P4_ST00128" HPOS="1362" VPOS="1839" WIDTH="90" HEIGHT="46" CONTENT="jour" WC="0.98" CC="0250"/>
							<SP ID="P4_SP00110" HPOS="1452" VPOS="1885" WIDTH="43"/>
							<String ID="P4_ST00129" HPOS="1495" VPOS="1842" WIDTH="41" HEIGHT="32" CONTENT="et" WC="1.00" CC="00"/>
							<SP ID="P4_SP00111" HPOS="1536" VPOS="1885" WIDTH="39"/>
							<String ID="P4_ST00130" HPOS="1575" VPOS="1840" WIDTH="158" HEIGHT="46" CONTENT="publiés" WC="0.99" CC="0600030"/>
							<SP ID="P4_SP00112" HPOS="1733" VPOS="1886" WIDTH="35"/>
							<String ID="P4_ST00131" HPOS="1768" VPOS="1852" WIDTH="74" HEIGHT="36" CONTENT="par" WC="0.99" CC="002"/>
						</TextLine>
						<TextLine ID="P4_TL00020" HPOS="391" VPOS="1884" WIDTH="1450" HEIGHT="49">
							<String ID="P4_ST00132" HPOS="391" VPOS="1888" WIDTH="54" HEIGHT="34" CONTENT="M." WC="1.00" CC="00"/>
							<SP ID="P4_SP00113" HPOS="445" VPOS="1922" WIDTH="29"/>
							<String ID="P4_ST00133" HPOS="474" VPOS="1886" WIDTH="131" HEIGHT="36" CONTENT="Henri" WC="0.99" CC="50010"/>
							<SP ID="P4_SP00114" HPOS="605" VPOS="1922" WIDTH="18"/>
							<String ID="P4_ST00134" HPOS="623" VPOS="1886" WIDTH="196" HEIGHT="47" CONTENT="Quittard" WC="0.77" CC="57000050"/>
							<SP ID="P4_SP00115" HPOS="819" VPOS="1933" WIDTH="20"/>
							<String ID="P4_ST00135" HPOS="839" VPOS="1896" WIDTH="159" HEIGHT="25" CONTENT="comme" WC="0.99" CC="04000"/>
							<SP ID="P4_SP00116" HPOS="998" VPOS="1933" WIDTH="22"/>
							<String ID="P4_ST00136" HPOS="1020" VPOS="1886" WIDTH="262" HEIGHT="45" CONTENT="supplément" WC="1.00" CC="0700030030"/>
							<SP ID="P4_SP00117" HPOS="1282" VPOS="1933" WIDTH="19"/>
							<String ID="P4_ST00137" HPOS="1301" VPOS="1884" WIDTH="172" HEIGHT="37" CONTENT="musical" WC="0.99" CC="0600005"/>
							<SP ID="P4_SP00118" HPOS="1473" VPOS="1933" WIDTH="17"/>
							<String ID="P4_ST00138" HPOS="1490" VPOS="1886" WIDTH="25" HEIGHT="35" CONTENT="à" WC="0.90" CC="0"/>
							<SP ID="P4_SP00119" HPOS="1515" VPOS="1933" WIDTH="22"/>
							<String ID="P4_ST00139" HPOS="1537" VPOS="1897" WIDTH="74" HEIGHT="25" CONTENT="son" WC="0.96" CC="055"/>
							<SP ID="P4_SP00120" HPOS="1611" VPOS="1933" WIDTH="21"/>
							<String ID="P4_ST00140" HPOS="1632" VPOS="1888" WIDTH="125" HEIGHT="34" CONTENT="étude" WC="0.99" CC="30600"/>
							<SP ID="P4_SP00121" HPOS="1757" VPOS="1933" WIDTH="15"/>
							<String ID="P4_ST00141" HPOS="1772" VPOS="1898" WIDTH="69" HEIGHT="25" CONTENT="sur" WC="0.98" CC="040"/>
						</TextLine>
						<TextLine ID="P4_TL00021" HPOS="388" VPOS="1934" WIDTH="1640" HEIGHT="46">
							<String ID="P4_ST00142" HPOS="388" VPOS="1935" WIDTH="145" HEIGHT="45" CONTENT="Henry" WC="0.97" CC="70616"/>
							<SP ID="P4_SP00122" HPOS="533" VPOS="1980" WIDTH="22"/>
							<String ID="P4_ST00143" HPOS="555" VPOS="1934" WIDTH="55" HEIGHT="34" CONTENT="du" WC="0.65" CC="06"/>
							<SP ID="P4_SP00123" HPOS="610" VPOS="1980" WIDTH="26"/>
							<String ID="P4_ST00144" HPOS="636" VPOS="1934" WIDTH="138" HEIGHT="39" CONTENT="Mont," WC="0.99" CC="00600"/>
							<SP ID="P4_SP00124" HPOS="774" VPOS="1980" WIDTH="1150"/>
							<String ID="P4_ST00145" HPOS="1924" VPOS="1940" WIDTH="23" HEIGHT="31" CONTENT="3" WC="0.47" CC="5"/>
							<SP ID="P4_SP00125" HPOS="1947" VPOS="1980" WIDTH="60"/>
							<String ID="P4_ST00146" HPOS="2007" VPOS="1949" WIDTH="21" HEIGHT="22" CONTENT="»" WC="0.29" CC="7"/>
						</TextLine>
						<TextLine ID="P4_TL00022" HPOS="309" VPOS="1983" WIDTH="1730" HEIGHT="49">
							<String ID="P4_ST00147" HPOS="309" VPOS="2006" WIDTH="52" HEIGHT="5" CONTENT="—" WC="0.20" CC="8" STYLEREFS="TXT_2"/>
							<SP ID="P4_SP00126" HPOS="361" VPOS="2011" WIDTH="23"/>
							<String ID="P4_ST00148" HPOS="384" VPOS="1986" WIDTH="139" HEIGHT="36" CONTENT="Motets" WC="0.98" CC="025527" STYLEREFS="TXT_2"/>
							<SP ID="P4_SP00127" HPOS="523" VPOS="2022" WIDTH="20"/>
							<String ID="P4_ST00149" HPOS="543" VPOS="1989" WIDTH="99" HEIGHT="43" CONTENT="pour" WC="0.95" CC="6059" STYLEREFS="TXT_2"/>
							<SP ID="P4_SP00128" HPOS="642" VPOS="2032" WIDTH="17"/>
							<String ID="P4_ST00150" HPOS="659" VPOS="1985" WIDTH="39" HEIGHT="37" CONTENT="la" WC="0.56" CC="08" STYLEREFS="TXT_2"/>
							<SP ID="P4_SP00129" HPOS="698" VPOS="2032" WIDTH="18"/>
							<String ID="P4_ST00151" HPOS="716" VPOS="1984" WIDTH="184" HEIGHT="46" CONTENT="Chapelle" WC="0.99" CC="02864000" STYLEREFS="TXT_2"/>
							<SP ID="P4_SP00130" HPOS="900" VPOS="2032" WIDTH="18"/>
							<String ID="P4_ST00152" HPOS="918" VPOS="1983" WIDTH="54" HEIGHT="37" CONTENT="du" WC="0.60" CC="08" STYLEREFS="TXT_2"/>
							<SP ID="P4_SP00131" HPOS="972" VPOS="2032" WIDTH="16"/>
							<String ID="P4_ST00153" HPOS="988" VPOS="1984" WIDTH="87" HEIGHT="44" CONTENT="Roy" WC="0.96" CC="225" STYLEREFS="TXT_2"/>
							<SP ID="P4_SP00132" HPOS="1075" VPOS="2032" WIDTH="22"/>
							<String ID="P4_ST00154" HPOS="1097" VPOS="2013" WIDTH="23" HEIGHT="12" CONTENT=".," WC="0.58" CC="43" STYLEREFS="TXT_2"/>
							<SP ID="P4_SP00133" HPOS="1120" VPOS="2032" WIDTH="59"/>
							<String ID="P4_ST00155" HPOS="1179" VPOS="2012" WIDTH="9" HEIGHT="15" CONTENT="t" STYLE="subscript" WC="0.34" CC="6" STYLEREFS="TXT_2"/>
							<SP ID="P4_SP00134" HPOS="1188" VPOS="2032" WIDTH="545"/>
							<String ID="P4_ST00156" HPOS="1733" VPOS="2015" WIDTH="24" HEIGHT="8" CONTENT=".." WC="0.34" CC="76" STYLEREFS="TXT_2"/>
							<SP ID="P4_SP00135" HPOS="1757" VPOS="2032" WIDTH="54"/>
							<String ID="P4_ST00157" HPOS="1811" VPOS="2013" WIDTH="25" HEIGHT="11" CONTENT=".." WC="0.41" CC="56" STYLEREFS="TXT_2"/>
							<SP ID="P4_SP00136" HPOS="1836" VPOS="2032" WIDTH="183"/>
							<String ID="P4_ST00158" HPOS="2019" VPOS="2004" WIDTH="20" HEIGHT="21" CONTENT="»" WC="0.35" CC="6" STYLEREFS="TXT_2"/>
						</TextLine>
						<TextLine ID="P4_TL00023" HPOS="443" VPOS="2032" WIDTH="783" HEIGHT="46">
							<String ID="P4_ST00159" HPOS="443" VPOS="2032" WIDTH="188" HEIGHT="36" CONTENT="Extraits" WC="1.00" CC="50020000"/>
							<SP ID="P4_SP00137" HPOS="631" VPOS="2068" WIDTH="26"/>
							<String ID="P4_ST00160" HPOS="657" VPOS="2033" WIDTH="72" HEIGHT="35" CONTENT="des" WC="0.98" CC="004"/>
							<SP ID="P4_SP00138" HPOS="729" VPOS="2068" WIDTH="22"/>
							<String ID="P4_ST00161" HPOS="751" VPOS="2032" WIDTH="205" HEIGHT="45" CONTENT="mélanges" WC="0.99" CC="06002500"/>
							<SP ID="P4_SP00139" HPOS="956" VPOS="2077" WIDTH="17"/>
							<String ID="P4_ST00162" HPOS="973" VPOS="2032" WIDTH="253" HEIGHT="46" CONTENT="précédents." WC="1.00" CC="02402006004"/>
						</TextLine>
						<TextLine ID="P4_TL00024" HPOS="285" VPOS="2189" WIDTH="1740" HEIGHT="124">
							<String ID="P4_ST00163" HPOS="285" VPOS="2189" WIDTH="760" HEIGHT="121" CONTENT="fa'ÉDITlOn" WC="0.63" CC="0048065056" STYLEREFS="TXT_5"/>
							<SP ID="P4_SP00140" HPOS="1045" VPOS="2310" WIDTH="170"/>
							<String ID="P4_ST00164" HPOS="1215" VPOS="2209" WIDTH="810" HEIGHT="104" CONTENT="mUTUEhbE" WC="0.35" CC="45466886" STYLEREFS="TXT_5"/>
						</TextLine>
						<TextLine ID="P4_TL00025" HPOS="275" VPOS="2359" WIDTH="1753" HEIGHT="57">
							<String ID="P4_ST00165" HPOS="275" VPOS="2382" WIDTH="640" HEIGHT="30" CONTENT="=====" WC="0.97" CC="77107" STYLEREFS="TXT_4"/>
							<SP ID="P4_SP00141" HPOS="915" VPOS="2412" WIDTH="73"/>
							<String ID="P4_ST00166" HPOS="988" VPOS="2368" WIDTH="77" HEIGHT="48" CONTENT="En" WC="0.41" CC="65" STYLEREFS="TXT_4"/>
							<SP ID="P4_SP00142" HPOS="1065" VPOS="2416" WIDTH="47"/>
							<String ID="P4_ST00167" HPOS="1112" VPOS="2359" WIDTH="212" HEIGHT="57" CONTENT="DÉPÔT" WC="0.98" CC="08540" STYLEREFS="TXT_4"/>
							<SP ID="P4_SP00143" HPOS="1324" VPOS="2416" WIDTH="69"/>
							<String ID="P4_ST00168" HPOS="1393" VPOS="2380" WIDTH="635" HEIGHT="31" CONTENT="=====" WC="0.98" CC="01770" STYLEREFS="TXT_4"/>
						</TextLine>
						<TextLine ID="P4_TL00026" HPOS="285" VPOS="2454" WIDTH="1736" HEIGHT="93">
							<String ID="P4_ST00169" HPOS="285" VPOS="2491" WIDTH="83" HEIGHT="54" CONTENT="ou" WC="0.48" CC="72" STYLEREFS="TXT_5"/>
							<SP ID="P4_SP00144" HPOS="368" VPOS="2545" WIDTH="29"/>
							<String ID="P4_ST00170" HPOS="397" VPOS="2470" WIDTH="268" HEIGHT="74" CONTENT="Bureau" WC="0.97" CC="622675" STYLEREFS="TXT_5"/>
							<SP ID="P4_SP00145" HPOS="665" VPOS="2545" WIDTH="24"/>
							<String ID="P4_ST00171" HPOS="689" VPOS="2454" WIDTH="323" HEIGHT="89" CONTENT="d'Édition" WC="0.98" CC="448547356" STYLEREFS="TXT_5"/>
							<SP ID="P4_SP00146" HPOS="1012" VPOS="2545" WIDTH="33"/>
							<String ID="P4_ST00172" HPOS="1045" VPOS="2468" WIDTH="80" HEIGHT="74" CONTENT="de" WC="0.67" CC="06" STYLEREFS="TXT_5"/>
							<SP ID="P4_SP00147" HPOS="1125" VPOS="2545" WIDTH="33"/>
							<String ID="P4_ST00173" HPOS="1158" VPOS="2468" WIDTH="62" HEIGHT="74" CONTENT="la" WC="0.23" CC="77" STYLEREFS="TXT_5"/>
							<SP ID="P4_SP00148" HPOS="1220" VPOS="2545" WIDTH="34"/>
							<String ID="P4_ST00174" HPOS="1254" VPOS="2468" WIDTH="322" HEIGHT="75" CONTENT='"Schofa' WC="0.40" CC="1758774" STYLEREFS="TXT_5"/>
							<SP ID="P4_SP00149" HPOS="1576" VPOS="2545" WIDTH="31"/>
							<String ID="P4_ST00175" HPOS="1607" VPOS="2470" WIDTH="414" HEIGHT="77" CONTENT='Ganiorum"' WC="0.34" CC="887872575" STYLEREFS="TXT_5"/>
						</TextLine>
						<TextLine ID="P4_TL00027" HPOS="640" VPOS="2605" WIDTH="626" HEIGHT="50">
							<String ID="P4_ST00176" HPOS="640" VPOS="2606" WIDTH="170" HEIGHT="49" CONTENT="UIEI1T" WC="0.44" CC="764670" STYLEREFS="TXT_4"/>
							<SP ID="P4_SP00150" HPOS="810" VPOS="2655" WIDTH="32"/>
							<String ID="P4_ST00177" HPOS="842" VPOS="2606" WIDTH="73" HEIGHT="49" CONTENT="DE" WC="0.65" CC="24" STYLEREFS="TXT_4"/>
							<SP ID="P4_SP00151" HPOS="915" VPOS="2655" WIDTH="32"/>
							<String ID="P4_ST00178" HPOS="947" VPOS="2605" WIDTH="283" HEIGHT="50" CONTENT="PARAITRE" WC="0.98" CC="48587325" STYLEREFS="TXT_4"/>
							<SP ID="P4_SP00152" HPOS="1230" VPOS="2655" WIDTH="23"/>
							<String ID="P4_ST00179" HPOS="1253" VPOS="2618" WIDTH="13" HEIGHT="37" CONTENT=":" WC="0.31" CC="6" STYLEREFS="TXT_4"/>
						</TextLine>
						<TextLine ID="P4_TL00028" HPOS="492" VPOS="2700" WIDTH="590" HEIGHT="41">
							<String ID="P4_ST00180" HPOS="492" VPOS="2700" WIDTH="190" HEIGHT="41" CONTENT="PIANO" WC="0.96" CC="97405" STYLEREFS="TXT_7"/>
							<SP ID="P4_SP00153" HPOS="682" VPOS="2741" WIDTH="47"/>
							<String ID="P4_ST00181" HPOS="729" VPOS="2701" WIDTH="41" HEIGHT="39" CONTENT="A" WC="0.43" CC="5" STYLEREFS="TXT_7"/>
							<SP ID="P4_SP00154" HPOS="770" VPOS="2741" WIDTH="45"/>
							<String ID="P4_ST00182" HPOS="815" VPOS="2701" WIDTH="32" HEIGHT="39" CONTENT="4" WC="0.62" CC="3" STYLEREFS="TXT_7"/>
							<SP ID="P4_SP00155" HPOS="847" VPOS="2741" WIDTH="40"/>
							<String ID="P4_ST00183" HPOS="887" VPOS="2700" WIDTH="195" HEIGHT="40" CONTENT="MAINS" WC="0.96" CC="69762" STYLEREFS="TXT_7"/>
						</TextLine>
						<TextLine ID="P4_TL00029" HPOS="283" VPOS="2780" WIDTH="1741" HEIGHT="44">
							<String ID="P4_ST00184" HPOS="283" VPOS="2784" WIDTH="30" HEIGHT="36" CONTENT="I." WC="0.71" CC="13"/>
							<SP ID="P4_SP00156" HPOS="313" VPOS="2820" WIDTH="19"/>
							<String ID="P4_ST00185" HPOS="332" VPOS="2785" WIDTH="266" HEIGHT="34" CONTENT="ALBENIZ.-—" WC="0.46" CC="0946607448" STYLEREFS="TXT_10"/>
							<SP ID="P4_SP00157" HPOS="598" VPOS="2820" WIDTH="16"/>
							<String ID="P4_ST00186" HPOS="614" VPOS="2786" WIDTH="153" HEIGHT="38" CONTENT="Iberlia," WC="0.56" CC="56807104" STYLEREFS="TXT_6"/>
							<SP ID="P4_SP00158" HPOS="767" VPOS="2824" WIDTH="18"/>
							<String ID="P4_ST00187" HPOS="785" VPOS="2792" WIDTH="13" HEIGHT="25" CONTENT="I" WC="0.74" CC="2" STYLEREFS="TXT_10"/>
							<String ID="P4_ST00188" HPOS="807" VPOS="2784" WIDTH="26" HEIGHT="16" CONTENT="ER" STYLE="superscript" WC="0.69" CC="14" STYLEREFS="TXT_10"/>
							<SP ID="P4_SP00159" HPOS="833" VPOS="2824" WIDTH="21"/>
							<String ID="P4_ST00189" HPOS="854" VPOS="2781" WIDTH="158" HEIGHT="36" CONTENT="Cahier." WC="1.00" CC="0000004"/>
							<SP ID="P4_SP00160" HPOS="1012" VPOS="2824" WIDTH="21"/>
							<String ID="P4_ST00190" HPOS="1033" VPOS="2780" WIDTH="33" HEIGHT="37" CONTENT="I." WC="0.71" CC="14"/>
							<SP ID="P4_SP00161" HPOS="1066" VPOS="2824" WIDTH="27"/>
							<String ID="P4_ST00191" HPOS="1093" VPOS="2783" WIDTH="219" HEIGHT="35" CONTENT="Evocation" WC="0.98" CC="705806776" STYLEREFS="TXT_6"/>
							<SP ID="P4_SP00162" HPOS="1312" VPOS="2824" WIDTH="483"/>
							<String ID="P4_ST00192" HPOS="1795" VPOS="2785" WIDTH="82" HEIGHT="37" CONTENT="Net" WC="0.97" CC="602"/>
							<SP ID="P4_SP00163" HPOS="1877" VPOS="2824" WIDTH="41"/>
							<String ID="P4_ST00193" HPOS="1918" VPOS="2791" WIDTH="24" HEIGHT="32" CONTENT="3" WC="0.33" CC="6" STYLEREFS="TXT_6"/>
							<SP ID="P4_SP00164" HPOS="1942" VPOS="2824" WIDTH="63"/>
							<String ID="P4_ST00194" HPOS="2005" VPOS="2801" WIDTH="19" HEIGHT="20" CONTENT="»" WC="1.00" CC="0" STYLEREFS="TXT_6"/>
						</TextLine>
						<TextLine ID="P4_TL00030" HPOS="1021" VPOS="2834" WIDTH="1003" HEIGHT="47">
							<String ID="P4_ST00195" HPOS="1021" VPOS="2834" WIDTH="54" HEIGHT="36" CONTENT="II." WC="0.66" CC="314" STYLEREFS="TXT_6"/>
							<SP ID="P4_SP00165" HPOS="1075" VPOS="2870" WIDTH="22"/>
							<String ID="P4_ST00196" HPOS="1097" VPOS="2836" WIDTH="42" HEIGHT="36" CONTENT="0" WC="1.00" CC="0" STYLEREFS="TXT_6"/>
							<SP ID="P4_SP00166" HPOS="1139" VPOS="2872" WIDTH="17"/>
							<String ID="P4_ST00197" HPOS="1156" VPOS="2839" WIDTH="143" HEIGHT="39" CONTENT="puerto" WC="0.56" CC="955050" STYLEREFS="TXT_6"/>
							<SP ID="P4_SP00167" HPOS="1299" VPOS="2878" WIDTH="505"/>
							<String ID="P4_ST00198" HPOS="1804" VPOS="2858" WIDTH="52" HEIGHT="7" CONTENT="—" WC="0.20" CC="8" STYLEREFS="TXT_6"/>
							<SP ID="P4_SP00168" HPOS="1856" VPOS="2878" WIDTH="62"/>
							<String ID="P4_ST00199" HPOS="1918" VPOS="2844" WIDTH="32" HEIGHT="37" CONTENT="3." WC="0.27" CC="77" STYLEREFS="TXT_6"/>
							<SP ID="P4_SP00169" HPOS="1950" VPOS="2881" WIDTH="23"/>
							<String ID="P4_ST00200" HPOS="1973" VPOS="2844" WIDTH="51" HEIGHT="32" CONTENT="50" WC="0.51" CC="54" STYLEREFS="TXT_6"/>
						</TextLine>
						<TextLine ID="P4_TL00031" HPOS="1020" VPOS="2886" WIDTH="1005" HEIGHT="45">
							<String ID="P4_ST00201" HPOS="1020" VPOS="2886" WIDTH="78" HEIGHT="37" CONTENT="III." WC="0.89" CC="0004"/>
							<SP ID="P4_SP00170" HPOS="1098" VPOS="2923" WIDTH="25"/>
							<String ID="P4_ST00202" HPOS="1123" VPOS="2891" WIDTH="214" HEIGHT="33" CONTENT="Fête-Dieu" WC="0.98" CC="666338269" STYLEREFS="TXT_6"/>
							<SP ID="P4_SP00171" HPOS="1337" VPOS="2924" WIDTH="17"/>
							<String ID="P4_ST00203" HPOS="1354" VPOS="2888" WIDTH="24" HEIGHT="36" CONTENT="à" WC="0.38" CC="6" STYLEREFS="TXT_6"/>
							<SP ID="P4_SP00172" HPOS="1378" VPOS="2924" WIDTH="18"/>
							<String ID="P4_ST00204" HPOS="1396" VPOS="2890" WIDTH="152" HEIGHT="36" CONTENT="Séville" WC="0.36" CC="6706579" STYLEREFS="TXT_6"/>
							<SP ID="P4_SP00173" HPOS="1548" VPOS="2926" WIDTH="268"/>
							<String ID="P4_ST00205" HPOS="1816" VPOS="2909" WIDTH="45" HEIGHT="8" CONTENT="—" WC="0.20" CC="8" STYLEREFS="TXT_6"/>
							<SP ID="P4_SP00174" HPOS="1861" VPOS="2926" WIDTH="59"/>
							<String ID="P4_ST00206" HPOS="1920" VPOS="2898" WIDTH="24" HEIGHT="33" CONTENT="5" WC="0.16" CC="8" STYLEREFS="TXT_6"/>
							<SP ID="P4_SP00175" HPOS="1944" VPOS="2931" WIDTH="60"/>
							<String ID="P4_ST00207" HPOS="2004" VPOS="2909" WIDTH="21" HEIGHT="21" CONTENT="»" WC="0.42" CC="5" STYLEREFS="TXT_6"/>
						</TextLine>
						<TextLine ID="P4_TL00032" HPOS="492" VPOS="2950" WIDTH="588" HEIGHT="43">
							<String ID="P4_ST00208" HPOS="492" VPOS="2952" WIDTH="189" HEIGHT="40" CONTENT="PIANO" WC="0.98" CC="93004" STYLEREFS="TXT_7"/>
							<SP ID="P4_SP00176" HPOS="681" VPOS="2992" WIDTH="58"/>
							<String ID="P4_ST00209" HPOS="739" VPOS="2950" WIDTH="79" HEIGHT="43" CONTENT="ET" WC="0.73" CC="50" STYLEREFS="TXT_7"/>
							<SP ID="P4_SP00177" HPOS="818" VPOS="2993" WIDTH="52"/>
							<String ID="P4_ST00210" HPOS="870" VPOS="2950" WIDTH="210" HEIGHT="41" CONTENT="CHANT" WC="0.97" CC="66091" STYLEREFS="TXT_7"/>
						</TextLine>
						<TextLine ID="P4_TL00033" HPOS="280" VPOS="3032" WIDTH="1738" HEIGHT="50">
							<String ID="P4_ST00211" HPOS="280" VPOS="3039" WIDTH="32" HEIGHT="37" CONTENT="I." WC="0.78" CC="04"/>
							<SP ID="P4_SP00178" HPOS="312" VPOS="3076" WIDTH="11"/>
							<String ID="P4_ST00212" HPOS="323" VPOS="3037" WIDTH="213" HEIGHT="35" CONTENT="ALBENIZ." WC="0.52" CC="27564541" STYLEREFS="TXT_10"/>
							<SP ID="P4_SP00179" HPOS="536" VPOS="3076" WIDTH="16"/>
							<String ID="P4_ST00213" HPOS="552" VPOS="3051" WIDTH="44" HEIGHT="6" CONTENT="—" WC="0.20" CC="8" STYLEREFS="TXT_6"/>
							<SP ID="P4_SP00180" HPOS="596" VPOS="3076" WIDTH="12"/>
							<String ID="P4_ST00214" HPOS="608" VPOS="3038" WIDTH="150" HEIGHT="37" CONTENT="Merlin," WC="0.97" CC="6745066" STYLEREFS="TXT_6"/>
							<SP ID="P4_SP00181" HPOS="758" VPOS="3076" WIDTH="14"/>
							<String ID="P4_ST00215" HPOS="772" VPOS="3033" WIDTH="153" HEIGHT="35" CONTENT="Drame" WC="1.00" CC="40000"/>
							<SP ID="P4_SP00182" HPOS="925" VPOS="3076" WIDTH="11"/>
							<String ID="P4_ST00216" HPOS="936" VPOS="3043" WIDTH="49" HEIGHT="24" CONTENT="en" WC="0.96" CC="00"/>
							<SP ID="P4_SP00183" HPOS="985" VPOS="3076" WIDTH="15"/>
							<String ID="P4_ST00217" HPOS="1000" VPOS="3042" WIDTH="19" HEIGHT="36" CONTENT="3" WC="0.48" CC="5"/>
							<SP ID="P4_SP00184" HPOS="1019" VPOS="3078" WIDTH="14"/>
							<String ID="P4_ST00218" HPOS="1033" VPOS="3035" WIDTH="113" HEIGHT="32" CONTENT="actes" WC="1.00" CC="30000"/>
							<SP ID="P4_SP00185" HPOS="1146" VPOS="3078" WIDTH="11"/>
							<String ID="P4_ST00219" HPOS="1157" VPOS="3032" WIDTH="147" HEIGHT="45" CONTENT="(Texte" WC="0.99" CC="410700"/>
							<SP ID="P4_SP00186" HPOS="1304" VPOS="3078" WIDTH="21"/>
							<String ID="P4_ST00220" HPOS="1325" VPOS="3033" WIDTH="206" HEIGHT="46" CONTENT="anglaiset" WC="0.90" CC="008000000"/>
							<SP ID="P4_SP00187" HPOS="1531" VPOS="3079" WIDTH="15"/>
							<String ID="P4_ST00221" HPOS="1546" VPOS="3034" WIDTH="194" HEIGHT="48" CONTENT="français)" WC="0.99" CC="324933011"/>
							<SP ID="P4_SP00188" HPOS="1740" VPOS="3082" WIDTH="74"/>
							<String ID="P4_ST00222" HPOS="1814" VPOS="3055" WIDTH="45" HEIGHT="6" CONTENT="—" WC="0.20" CC="8" STYLEREFS="TXT_6"/>
							<SP ID="P4_SP00189" HPOS="1859" VPOS="3082" WIDTH="38"/>
							<String ID="P4_ST00223" HPOS="1897" VPOS="3042" WIDTH="53" HEIGHT="32" CONTENT="20" WC="0.61" CC="70" STYLEREFS="TXT_6"/>
							<SP ID="P4_SP00190" HPOS="1950" VPOS="3082" WIDTH="52"/>
							<String ID="P4_ST00224" HPOS="2002" VPOS="3055" WIDTH="16" HEIGHT="17" CONTENT="»" WC="0.35" CC="6" STYLEREFS="TXT_6"/>
						</TextLine>
						<TextLine ID="P4_TL00034" HPOS="279" VPOS="3086" WIDTH="1742" HEIGHT="45">
							<String ID="P4_ST00225" HPOS="279" VPOS="3092" WIDTH="49" HEIGHT="35" CONTENT="R." WC="0.69" CC="50" STYLEREFS="TXT_6"/>
							<SP ID="P4_SP00191" HPOS="328" VPOS="3127" WIDTH="26"/>
							<String ID="P4_ST00226" HPOS="354" VPOS="3098" WIDTH="60" HEIGHT="26" CONTENT="DE" WC="0.25" CC="59" STYLEREFS="TXT_10"/>
							<SP ID="P4_SP00192" HPOS="414" VPOS="3127" WIDTH="20"/>
							<String ID="P4_ST00227" HPOS="434" VPOS="3086" WIDTH="209" HEIGHT="39" CONTENT="CASTÉRA." WC="0.52" CC="74048453" STYLEREFS="TXT_10"/>
							<SP ID="P4_SP00193" HPOS="643" VPOS="3127" WIDTH="26"/>
							<String ID="P4_ST00228" HPOS="669" VPOS="3104" WIDTH="38" HEIGHT="8" CONTENT="—" WC="0.20" CC="8" STYLEREFS="TXT_6"/>
							<SP ID="P4_SP00194" HPOS="707" VPOS="3127" WIDTH="23"/>
							<String ID="P4_ST00229" HPOS="730" VPOS="3091" WIDTH="82" HEIGHT="31" CONTENT="Une" WC="0.94" CC="609" STYLEREFS="TXT_6"/>
							<SP ID="P4_SP00195" HPOS="812" VPOS="3127" WIDTH="22"/>
							<String ID="P4_ST00230" HPOS="834" VPOS="3089" WIDTH="101" HEIGHT="33" CONTENT="Voix" WC="0.94" CC="6569" STYLEREFS="TXT_6"/>
							<SP ID="P4_SP00196" HPOS="935" VPOS="3127" WIDTH="14"/>
							<String ID="P4_ST00231" HPOS="949" VPOS="3090" WIDTH="160" HEIGHT="39" CONTENT="chante," WC="0.97" CC="8777554" STYLEREFS="TXT_6"/>
							<SP ID="P4_SP00197" HPOS="1109" VPOS="3129" WIDTH="27"/>
							<String ID="P4_ST00232" HPOS="1136" VPOS="3086" WIDTH="172" HEIGHT="35" CONTENT="mélodie" WC="1.00" CC="0200000"/>
							<SP ID="P4_SP00198" HPOS="1308" VPOS="3129" WIDTH="327"/>
							<String ID="P4_ST00233" HPOS="1635" VPOS="3117" WIDTH="24" HEIGHT="14" CONTENT=",." WC="0.47" CC="46" STYLEREFS="TXT_6"/>
							<SP ID="P4_SP00199" HPOS="1659" VPOS="3131" WIDTH="51"/>
							<String ID="P4_ST00234" HPOS="1710" VPOS="3118" WIDTH="24" HEIGHT="9" CONTENT=".." WC="0.35" CC="57" STYLEREFS="TXT_6"/>
							<SP ID="P4_SP00200" HPOS="1734" VPOS="3131" WIDTH="77"/>
							<String ID="P4_ST00235" HPOS="1811" VPOS="3108" WIDTH="45" HEIGHT="7" CONTENT="—" WC="0.20" CC="8" STYLEREFS="TXT_6"/>
							<SP ID="P4_SP00201" HPOS="1856" VPOS="3131" WIDTH="66"/>
							<String ID="P4_ST00236" HPOS="1922" VPOS="3097" WIDTH="17" HEIGHT="31" CONTENT="1" WC="0.20" CC="7" STYLEREFS="TXT_6"/>
							<SP ID="P4_SP00202" HPOS="1939" VPOS="3131" WIDTH="30"/>
							<String ID="P4_ST00237" HPOS="1969" VPOS="3097" WIDTH="52" HEIGHT="31" CONTENT="25" WC="0.30" CC="66" STYLEREFS="TXT_6"/>
						</TextLine>
						<TextLine ID="P4_TL00035" HPOS="278" VPOS="3139" WIDTH="1743" HEIGHT="46">
							<String ID="P4_ST00238" HPOS="278" VPOS="3140" WIDTH="368" HEIGHT="45" CONTENT="SAINT-RÉQUIER." WC="0.99" CC="06704387861907" STYLEREFS="TXT_10"/>
							<SP ID="P4_SP00203" HPOS="646" VPOS="3185" WIDTH="20"/>
							<String ID="P4_ST00239" HPOS="666" VPOS="3156" WIDTH="45" HEIGHT="7" CONTENT="—" WC="0.20" CC="8" STYLEREFS="TXT_6"/>
							<SP ID="P4_SP00204" HPOS="711" VPOS="3185" WIDTH="19"/>
							<String ID="P4_ST00240" HPOS="730" VPOS="3144" WIDTH="76" HEIGHT="33" CONTENT="Les" WC="0.92" CC="974" STYLEREFS="TXT_6"/>
							<SP ID="P4_SP00205" HPOS="806" VPOS="3185" WIDTH="12"/>
							<String ID="P4_ST00241" HPOS="818" VPOS="3143" WIDTH="274" HEIGHT="32" CONTENT="Marronniers" WC="0.99" CC="20050760633" STYLEREFS="TXT_6"/>
							<SP ID="P4_SP00206" HPOS="1092" VPOS="3185" WIDTH="21"/>
							<String ID="P4_ST00242" HPOS="1113" VPOS="3151" WIDTH="129" HEIGHT="28" CONTENT="roses," WC="0.97" CC="359046" STYLEREFS="TXT_6"/>
							<SP ID="P4_SP00207" HPOS="1242" VPOS="3185" WIDTH="22"/>
							<String ID="P4_ST00243" HPOS="1264" VPOS="3139" WIDTH="173" HEIGHT="36" CONTENT="mélodie" WC="0.99" CC="0414000"/>
							<SP ID="P4_SP00208" HPOS="1437" VPOS="3185" WIDTH="369"/>
							<String ID="P4_ST00244" HPOS="1806" VPOS="3161" WIDTH="46" HEIGHT="7" CONTENT="—" WC="0.20" CC="8" STYLEREFS="TXT_6"/>
							<SP ID="P4_SP00209" HPOS="1852" VPOS="3185" WIDTH="65"/>
							<String ID="P4_ST00245" HPOS="1917" VPOS="3149" WIDTH="24" HEIGHT="32" CONTENT="2" WC="0.48" CC="5" STYLEREFS="TXT_6"/>
							<SP ID="P4_SP00210" HPOS="1941" VPOS="3185" WIDTH="61"/>
							<String ID="P4_ST00246" HPOS="2002" VPOS="3160" WIDTH="19" HEIGHT="20" CONTENT="»" WC="0.37" CC="6" STYLEREFS="TXT_6"/>
						</TextLine>
						<TextLine ID="P4_TL00036" HPOS="464" VPOS="3191" WIDTH="1557" HEIGHT="44">
							<String ID="P4_ST00247" HPOS="464" VPOS="3212" WIDTH="43" HEIGHT="6" CONTENT="—" WC="0.20" CC="8" STYLEREFS="TXT_6"/>
							<SP ID="P4_SP00211" HPOS="507" VPOS="3218" WIDTH="157"/>
							<String ID="P4_ST00248" HPOS="664" VPOS="3210" WIDTH="43" HEIGHT="6" CONTENT="—" WC="0.20" CC="8" STYLEREFS="TXT_6"/>
							<SP ID="P4_SP00212" HPOS="707" VPOS="3218" WIDTH="28"/>
							<String ID="P4_ST00249" HPOS="735" VPOS="3196" WIDTH="78" HEIGHT="32" CONTENT="Sur" WC="0.99" CC="003" STYLEREFS="TXT_6"/>
							<SP ID="P4_SP00213" HPOS="813" VPOS="3228" WIDTH="14"/>
							<String ID="P4_ST00250" HPOS="827" VPOS="3205" WIDTH="56" HEIGHT="22" CONTENT="un" WC="0.66" CC="60" STYLEREFS="TXT_6"/>
							<SP ID="P4_SP00214" HPOS="883" VPOS="3228" WIDTH="17"/>
							<String ID="P4_ST00251" HPOS="900" VPOS="3193" WIDTH="120" HEIGHT="42" CONTENT="étang" WC="0.96" CC="61865" STYLEREFS="TXT_6"/>
							<SP ID="P4_SP00215" HPOS="1020" VPOS="3235" WIDTH="20"/>
							<String ID="P4_ST00252" HPOS="1040" VPOS="3196" WIDTH="37" HEIGHT="30" CONTENT="le" WC="0.38" CC="65" STYLEREFS="TXT_6"/>
							<SP ID="P4_SP00216" HPOS="1077" VPOS="3235" WIDTH="17"/>
							<String ID="P4_ST00253" HPOS="1094" VPOS="3196" WIDTH="96" HEIGHT="38" CONTENT="soir," WC="0.97" CC="70434" STYLEREFS="TXT_6"/>
							<SP ID="P4_SP00217" HPOS="1190" VPOS="3235" WIDTH="24"/>
							<String ID="P4_ST00254" HPOS="1214" VPOS="3191" WIDTH="173" HEIGHT="36" CONTENT="mélodie" WC="1.00" CC="0403000"/>
							<SP ID="P4_SP00218" HPOS="1387" VPOS="3235" WIDTH="422"/>
							<String ID="P4_ST00255" HPOS="1809" VPOS="3215" WIDTH="44" HEIGHT="7" CONTENT="—" WC="0.20" CC="8" STYLEREFS="TXT_6"/>
							<SP ID="P4_SP00219" HPOS="1853" VPOS="3235" WIDTH="63"/>
							<String ID="P4_ST00256" HPOS="1916" VPOS="3202" WIDTH="25" HEIGHT="32" CONTENT="2" WC="0.24" CC="7" STYLEREFS="TXT_6"/>
							<SP ID="P4_SP00220" HPOS="1941" VPOS="3235" WIDTH="61"/>
							<String ID="P4_ST00257" HPOS="2002" VPOS="3215" WIDTH="19" HEIGHT="19" CONTENT="»" WC="0.62" CC="3" STYLEREFS="TXT_6"/>
						</TextLine>
						<TextLine ID="P4_TL00037" HPOS="277" VPOS="3245" WIDTH="1744" HEIGHT="45">
							<String ID="P4_ST00258" HPOS="277" VPOS="3250" WIDTH="180" HEIGHT="38" CONTENT="DÉODAT" WC="0.48" CC="772706" STYLEREFS="TXT_10"/>
							<SP ID="P4_SP00221" HPOS="457" VPOS="3288" WIDTH="21"/>
							<String ID="P4_ST00259" HPOS="478" VPOS="3256" WIDTH="59" HEIGHT="26" CONTENT="DE" WC="0.34" CC="66" STYLEREFS="TXT_10"/>
							<SP ID="P4_SP00222" HPOS="537" VPOS="3288" WIDTH="24"/>
							<String ID="P4_ST00260" HPOS="561" VPOS="3245" WIDTH="209" HEIGHT="37" CONTENT="SÉVERAC." WC="0.79" CC="37000500" STYLEREFS="TXT_10"/>
							<SP ID="P4_SP00223" HPOS="770" VPOS="3288" WIDTH="27"/>
							<String ID="P4_ST00261" HPOS="797" VPOS="3264" WIDTH="39" HEIGHT="5" CONTENT="—" WC="0.20" CC="8" STYLEREFS="TXT_6"/>
							<SP ID="P4_SP00224" HPOS="836" VPOS="3288" WIDTH="20"/>
							<String ID="P4_ST00262" HPOS="856" VPOS="3250" WIDTH="31" HEIGHT="30" CONTENT="A" WC="0.40" CC="5" STYLEREFS="TXT_6"/>
							<SP ID="P4_SP00225" HPOS="887" VPOS="3288" WIDTH="22"/>
							<String ID="P4_ST00263" HPOS="909" VPOS="3248" WIDTH="138" HEIGHT="31" CONTENT="l'Aube" WC="0.98" CC="120687" STYLEREFS="TXT_6"/>
							<SP ID="P4_SP00226" HPOS="1047" VPOS="3288" WIDTH="22"/>
							<String ID="P4_ST00264" HPOS="1069" VPOS="3248" WIDTH="103" HEIGHT="32" CONTENT="dans" WC="0.96" CC="6073" STYLEREFS="TXT_6"/>
							<SP ID="P4_SP00227" HPOS="1172" VPOS="3288" WIDTH="14"/>
							<String ID="P4_ST00265" HPOS="1186" VPOS="3248" WIDTH="42" HEIGHT="32" CONTENT="la" WC="0.43" CC="64" STYLEREFS="TXT_6"/>
							<SP ID="P4_SP00228" HPOS="1228" VPOS="3288" WIDTH="13"/>
							<String ID="P4_ST00266" HPOS="1241" VPOS="3250" WIDTH="234" HEIGHT="40" CONTENT="montagne," WC="0.98" CC="645645794" STYLEREFS="TXT_6"/>
							<SP ID="P4_SP00229" HPOS="1475" VPOS="3290" WIDTH="14"/>
							<String ID="P4_ST00267" HPOS="1489" VPOS="3247" WIDTH="174" HEIGHT="38" CONTENT="mélodie" WC="1.00" CC="0430000"/>
							<SP ID="P4_SP00230" HPOS="1663" VPOS="3290" WIDTH="46"/>
							<String ID="P4_ST00268" HPOS="1709" VPOS="3276" WIDTH="25" HEIGHT="9" CONTENT=".." WC="0.57" CC="44" STYLEREFS="TXT_6"/>
							<SP ID="P4_SP00231" HPOS="1734" VPOS="3290" WIDTH="75"/>
							<String ID="P4_ST00269" HPOS="1809" VPOS="3268" WIDTH="42" HEIGHT="7" CONTENT="—" WC="0.20" CC="8" STYLEREFS="TXT_6"/>
							<SP ID="P4_SP00232" HPOS="1851" VPOS="3290" WIDTH="64"/>
							<String ID="P4_ST00270" HPOS="1915" VPOS="3256" WIDTH="26" HEIGHT="32" CONTENT="2" WC="1.00" CC="0" STYLEREFS="TXT_6"/>
							<SP ID="P4_SP00233" HPOS="1941" VPOS="3290" WIDTH="60"/>
							<String ID="P4_ST00271" HPOS="2001" VPOS="3267" WIDTH="20" HEIGHT="19" CONTENT="»" WC="0.54" CC="4" STYLEREFS="TXT_6"/>
						</TextLine>
						<TextLine ID="P4_TL00038" HPOS="278" VPOS="3297" WIDTH="1742" HEIGHT="48">
							<String ID="P4_ST00272" HPOS="278" VPOS="3306" WIDTH="196" HEIGHT="39" CONTENT="SIÉFERT," WC="0.59" CC="00760664" STYLEREFS="TXT_10"/>
							<SP ID="P4_SP00234" HPOS="474" VPOS="3345" WIDTH="27"/>
							<String ID="P4_ST00273" HPOS="501" VPOS="3319" WIDTH="43" HEIGHT="7" CONTENT="—" WC="0.20" CC="8" STYLEREFS="TXT_6"/>
							<SP ID="P4_SP00235" HPOS="544" VPOS="3345" WIDTH="22"/>
							<String ID="P4_ST00274" HPOS="566" VPOS="3304" WIDTH="137" HEIGHT="32" CONTENT="Ronde" WC="0.96" CC="38636" STYLEREFS="TXT_6"/>
							<SP ID="P4_SP00236" HPOS="703" VPOS="3345" WIDTH="21"/>
							<String ID="P4_ST00275" HPOS="724" VPOS="3304" WIDTH="72" HEIGHT="31" CONTENT="des" WC="0.94" CC="942" STYLEREFS="TXT_6"/>
							<SP ID="P4_SP00237" HPOS="796" VPOS="3345" WIDTH="19"/>
							<String ID="P4_ST00276" HPOS="815" VPOS="3303" WIDTH="164" HEIGHT="38" CONTENT="heures," WC="0.98" CC="6402603" STYLEREFS="TXT_6"/>
							<SP ID="P4_SP00238" HPOS="979" VPOS="3345" WIDTH="23"/>
							<String ID="P4_ST00277" HPOS="1002" VPOS="3297" WIDTH="174" HEIGHT="36" CONTENT="mélodie" WC="1.00" CC="0201000"/>
							<SP ID="P4_SP00239" HPOS="1176" VPOS="3345" WIDTH="631"/>
							<String ID="P4_ST00278" HPOS="1807" VPOS="3322" WIDTH="45" HEIGHT="6" CONTENT="—" WC="0.20" CC="8" STYLEREFS="TXT_6"/>
							<SP ID="P4_SP00240" HPOS="1852" VPOS="3345" WIDTH="67"/>
							<String ID="P4_ST00279" HPOS="1919" VPOS="3309" WIDTH="25" HEIGHT="32" CONTENT="2" WC="0.07" CC="9" STYLEREFS="TXT_6"/>
							<SP ID="P4_SP00241" HPOS="1944" VPOS="3345" WIDTH="25"/>
							<String ID="P4_ST00280" HPOS="1969" VPOS="3310" WIDTH="51" HEIGHT="34" CONTENT="75" WC="0.52" CC="54" STYLEREFS="TXT_6"/>
						</TextLine>
						<TextLine ID="P4_TL00039" HPOS="488" VPOS="3369" WIDTH="585" HEIGHT="46">
							<String ID="P4_ST00281" HPOS="488" VPOS="3371" WIDTH="190" HEIGHT="44" CONTENT="PIANO" WC="0.97" CC="67804" STYLEREFS="TXT_7"/>
							<SP ID="P4_SP00242" HPOS="678" VPOS="3415" WIDTH="42"/>
							<String ID="P4_ST00282" HPOS="720" VPOS="3369" WIDTH="79" HEIGHT="44" CONTENT="ET" WC="0.71" CC="50" STYLEREFS="TXT_7"/>
							<SP ID="P4_SP00243" HPOS="799" VPOS="3415" WIDTH="41"/>
							<String ID="P4_ST00283" HPOS="840" VPOS="3370" WIDTH="233" HEIGHT="42" CONTENT="VIOLON" WC="0.97" CC="705636" STYLEREFS="TXT_7"/>
						</TextLine>
						<TextLine ID="P4_TL00040" HPOS="277" VPOS="3451" WIDTH="1744" HEIGHT="46">
							<String ID="P4_ST00284" HPOS="277" VPOS="3462" WIDTH="44" HEIGHT="35" CONTENT="P." WC="0.78" CC="04" STYLEREFS="TXT_10"/>
							<SP ID="P4_SP00244" HPOS="321" VPOS="3497" WIDTH="20"/>
							<String ID="P4_ST00285" HPOS="341" VPOS="3461" WIDTH="63" HEIGHT="35" CONTENT="LE" WC="0.22" CC="59" STYLEREFS="TXT_10"/>
							<SP ID="P4_SP00245" HPOS="404" VPOS="3497" WIDTH="23"/>
							<String ID="P4_ST00286" HPOS="427" VPOS="3459" WIDTH="136" HEIGHT="34" CONTENT="FLEM." WC="0.57" CC="40834" STYLEREFS="TXT_10"/>
							<SP ID="P4_SP00246" HPOS="563" VPOS="3497" WIDTH="25"/>
							<String ID="P4_ST00287" HPOS="588" VPOS="3473" WIDTH="41" HEIGHT="5" CONTENT="—" WC="0.20" CC="8" STYLEREFS="TXT_6"/>
							<SP ID="P4_SP00247" HPOS="629" VPOS="3497" WIDTH="19"/>
							<String ID="P4_ST00288" HPOS="648" VPOS="3459" WIDTH="163" HEIGHT="36" CONTENT="Sonate," WC="0.98" CC="3660654" STYLEREFS="TXT_6"/>
							<SP ID="P4_SP00248" HPOS="811" VPOS="3497" WIDTH="18"/>
							<String ID="P4_ST00289" HPOS="829" VPOS="3464" WIDTH="51" HEIGHT="23" CONTENT="en" WC="0.66" CC="06"/>
							<SP ID="P4_SP00249" HPOS="880" VPOS="3497" WIDTH="17"/>
							<String ID="P4_ST00290" HPOS="897" VPOS="3452" WIDTH="61" HEIGHT="35" CONTENT="sol" WC="0.98" CC="050"/>
							<SP ID="P4_SP00250" HPOS="958" VPOS="3497" WIDTH="21"/>
							<String ID="P4_ST00291" HPOS="979" VPOS="3451" WIDTH="159" HEIGHT="35" CONTENT="mineur" WC="0.98" CC="006170"/>
							<SP ID="P4_SP00251" HPOS="1138" VPOS="3497" WIDTH="678"/>
							<String ID="P4_ST00292" HPOS="1816" VPOS="3476" WIDTH="45" HEIGHT="6" CONTENT="—" WC="0.20" CC="8"/>
							<SP ID="P4_SP00252" HPOS="1861" VPOS="3497" WIDTH="73"/>
							<String ID="P4_ST00293" HPOS="1934" VPOS="3464" WIDTH="25" HEIGHT="33" CONTENT="7" WC="0.35" CC="6" STYLEREFS="TXT_10"/>
							<SP ID="P4_SP00253" HPOS="1959" VPOS="3497" WIDTH="41"/>
							<String ID="P4_ST00294" HPOS="2000" VPOS="3473" WIDTH="21" HEIGHT="23" CONTENT="»" WC="0.34" CC="6" STYLEREFS="TXT_10"/>
						</TextLine>
						<TextLine ID="P4_TL00041" HPOS="276" VPOS="3503" WIDTH="1743" HEIGHT="50">
							<String ID="P4_ST00295" HPOS="276" VPOS="3517" WIDTH="44" HEIGHT="36" CONTENT="C." WC="0.58" CC="34"/>
							<SP ID="P4_SP00254" HPOS="320" VPOS="3553" WIDTH="22"/>
							<String ID="P4_ST00296" HPOS="342" VPOS="3522" WIDTH="61" HEIGHT="26" CONTENT="DE" WC="0.01" CC="99" STYLEREFS="TXT_10"/>
							<SP ID="P4_SP00255" HPOS="403" VPOS="3553" WIDTH="21"/>
							<String ID="P4_ST00297" HPOS="424" VPOS="3513" WIDTH="223" HEIGHT="34" CONTENT="MALARET." WC="0.40" CC="18909674" STYLEREFS="TXT_10"/>
							<SP ID="P4_SP00256" HPOS="647" VPOS="3553" WIDTH="25"/>
							<String ID="P4_ST00298" HPOS="672" VPOS="3525" WIDTH="44" HEIGHT="6" CONTENT="—" WC="0.20" CC="8" STYLEREFS="TXT_6"/>
							<SP ID="P4_SP00257" HPOS="716" VPOS="3553" WIDTH="22"/>
							<String ID="P4_ST00299" HPOS="738" VPOS="3512" WIDTH="112" HEIGHT="30" CONTENT="Dans" WC="0.96" CC="8073" STYLEREFS="TXT_6"/>
							<SP ID="P4_SP00258" HPOS="850" VPOS="3553" WIDTH="21"/>
							<String ID="P4_ST00300" HPOS="871" VPOS="3510" WIDTH="40" HEIGHT="32" CONTENT="la" WC="0.71" CC="50" STYLEREFS="TXT_6"/>
							<SP ID="P4_SP00259" HPOS="911" VPOS="3553" WIDTH="20"/>
							<String ID="P4_ST00301" HPOS="931" VPOS="3509" WIDTH="230" HEIGHT="40" CONTENT="montagne," WC="0.99" CC="044609004" STYLEREFS="TXT_6"/>
							<SP ID="P4_SP00260" HPOS="1161" VPOS="3553" WIDTH="15"/>
							<String ID="P4_ST00302" HPOS="1176" VPOS="3503" WIDTH="106" HEIGHT="36" CONTENT="suite" WC="0.99" CC="06000"/>
							<SP ID="P4_SP00261" HPOS="1282" VPOS="3553" WIDTH="16"/>
							<String ID="P4_ST00303" HPOS="1298" VPOS="3515" WIDTH="103" HEIGHT="37" CONTENT="pour" WC="0.94" CC="9567"/>
							<SP ID="P4_SP00262" HPOS="1401" VPOS="3553" WIDTH="13"/>
							<String ID="P4_ST00304" HPOS="1414" VPOS="3506" WIDTH="126" HEIGHT="47" CONTENT="piano" WC="0.98" CC="90060"/>
							<SP ID="P4_SP00263" HPOS="1540" VPOS="3553" WIDTH="11"/>
							<String ID="P4_ST00305" HPOS="1551" VPOS="3511" WIDTH="41" HEIGHT="32" CONTENT="et" WC="0.81" CC="30"/>
							<SP ID="P4_SP00264" HPOS="1592" VPOS="3553" WIDTH="17"/>
							<String ID="P4_ST00306" HPOS="1609" VPOS="3507" WIDTH="139" HEIGHT="40" CONTENT="violon" WC="0.98" CC="116457"/>
							<SP ID="P4_SP00265" HPOS="1748" VPOS="3553" WIDTH="70"/>
							<String ID="P4_ST00307" HPOS="1818" VPOS="3527" WIDTH="47" HEIGHT="9" CONTENT="—" WC="0.20" CC="8"/>
							<SP ID="P4_SP00266" HPOS="1865" VPOS="3553" WIDTH="70"/>
							<String ID="P4_ST00308" HPOS="1935" VPOS="3517" WIDTH="25" HEIGHT="32" CONTENT="8" WC="0.21" CC="7" STYLEREFS="TXT_6"/>
							<SP ID="P4_SP00267" HPOS="1960" VPOS="3553" WIDTH="40"/>
							<String ID="P4_ST00309" HPOS="2000" VPOS="3528" WIDTH="19" HEIGHT="19" CONTENT="»" WC="0.83" CC="1" STYLEREFS="TXT_6"/>
						</TextLine>
					</TextBlock>
				</ComposedBlock>
			</PrintSpace>
		</Page>
	</Layout>
</alto>
