2451 4097
885 334 165 36 NOTES
1088 335 98 36 SUR
1220 335 170 37 LULLY

2158 385 0 0 15

219 472 49 54 Il
313 475 189 53 arrive
545 476 188 55 même
778 479 116 53 très
939 486 249 48 souvent
1234 499 111 52 que
1388 482 58 52 la
1488 481 142 53 rime
1673 481 100 71 qui
1818 481 246 55 termine
2107 482 55 55 la

107 552 208 69 phrase
356 571 76 36 ou
472 555 57 53 la
567 556 235 70 période
842 564 88 48 est
969 576 118 36 non
1127 561 319 55 seulement
1488 562 116 52 très
1645 562 329 68 accentuée,
2016 562 146 54 mais

106 632 213 69 grossie
352 639 59 48 et
444 635 260 54 alourdie
748 654 107 53 par
900 639 383 69 l'adjonction
1317 640 140 54 d'un
1489 641 331 53 battement
1855 640 71 53 de
1956 641 206 70 gosier,

107 711 141 52 d'un
280 712 170 55 trille.
588 715 92 53 On
710 734 177 52 pense
919 719 149 52 alors
1100 736 75 36 au
1204 725 126 48 mot
1363 720 70 53 de
1465 721 251 67 Molière,
1749 720 234 53 raillant
2017 720 145 53 dans

115 790 34 52 Y
155 790 361 72 Impromptu
969 793 65 54 de
1161 795 305 54 Versailles
959 797 57 52 la
1043 797 389 55 déclamation
1457 800 71 53 de
1554 818 104 35 son
1684 805 191 65 temps
1904 820 9 33 :

219 890 20 28 «
267 871 365 71 Remarquez
656 873 134 54 bien
814 876 139 52 cela.
981 877 103 68 Là,
1109 894 264 53 appuyez
1399 896 223 36 comme
1646 879 40 53 il
1710 880 128 52 faut
1862 879 51 53 le
1940 879 222 53 dernier

106 966 148 36 vers.
281 950 168 54 Voilà
493 969 64 37 ce
601 953 100 69 qui
740 955 174 53 attire
958 956 451 70 l'approbation,
1456 964 58 48 et
1559 957 110 54 fait
1706 959 142 52 faire
1894 959 51 52 le
1993 957 136 55 brou-

106 1027 156 53 haha
300 1049 36 31 ».

221 1108 303 55 Rousseau
569 1127 35 36 a
648 1111 133 53 bien
828 1114 138 52 noté
1013 1130 62 37 ce
1121 1114 256 68 ridicule,
1425 1116 145 53 dans
1616 1134 63 35 sa

106 1186 260 71 musique
394 1188 304 68 française.
729 1190 329 70 Analysant
1074 1192 52 52 le
1142 1194 344 69 monologue
1504 1194 316 68 d'Armide,
1857 1195 41 52 il
1932 1201 230 47 montre

108 1285 22 27 «
154 1284 80 34 un
268 1267 171 67 trille,
473 1274 58 47 et
566 1268 100 69 qui
698 1268 90 72 pis
820 1275 106 62 est,
962 1288 79 35 un
1075 1289 166 52 repos
1275 1272 205 54 absolu
1514 1274 99 52 dès
1645 1274 52 52 le
1730 1275 246 68 premier
2010 1293 149 49 vers,

108 1346 197 52 tandis
338 1364 112 52 que
484 1347 52 52 le
569 1365 130 36 sens
732 1348 150 53 n'est
916 1350 216 52 achevé
1165 1351 180 69 qu'au
1378 1352 214 52 second
1616 1373 20 28 »
1663 1374 13 46 ;
1712 1357 59 47 et
1804 1352 40 52 il
1877 1354 284 69 s'indigne

108 1428 201 49 contre
343 1442 92 36 ces
470 1426 203 52 chutes
708 1426 316 53 uniformes
1060 1427 69 54 de
1164 1428 56 53 la
1255 1430 137 52 voix
1428 1431 33 51 à
1495 1430 57 52 la
1585 1430 80 52 fin
1702 1430 99 53 des
1836 1449 148 49 vers,
2022 1453 21 26 «
2068 1450 93 36 ces

106 1503 279 54 cadences
416 1505 297 68 parfaites,
745 1506 100 69 qui
875 1507 268 52 tombent
1175 1507 46 54 si
1250 1508 386 69 lourdement,
1669 1515 57 47 et
1758 1516 132 47 sont
1921 1511 55 52 la
2006 1517 155 49 mort

107 1581 70 53 de
215 1582 391 70 l'expression.
634 1604 22 28 »
803 1585 147 52 Rien
988 1586 70 52 de
1095 1586 131 69 plus
1264 1594 169 47 exact
1461 1609 13 46 ;
1513 1588 146 53 mais
1696 1588 39 53 il
1772 1594 88 48 est
1895 1590 156 68 juste
2090 1590 69 53 de

106 1660 142 53 faire
265 1662 290 52 retomber
577 1662 56 52 la
656 1663 440 69 responsabilité
1128 1665 70 52 de
1231 1682 64 36 ce
1328 1666 203 53 défaut
1568 1684 97 35 sur
1703 1667 220 52 Racine
1965 1674 58 47 et
2063 1686 98 35 sur

107 1756 89 36 ses
219 1745 227 48 acteurs
472 1761 14 47 ;
521 1759 95 34 car
646 1741 39 52 il
713 1759 39 52 y
784 1759 33 34 a
847 1747 133 47 tout
1009 1742 114 54 lieu
1155 1743 71 53 de
1255 1762 206 51 penser
1491 1764 113 51 que
1634 1746 176 69 Lully
1839 1746 218 53 suivait
2087 1747 72 54 ici

103 1817 80 53 les
215 1820 288 68 exemples
533 1820 99 69 qui
658 1820 80 53 lui
766 1821 220 53 étaient
1015 1821 220 55 donnés
1263 1841 105 51 par
1395 1825 52 52 le
1474 1825 250 52 Théâtre
1753 1825 292 68 Français.

214 2373 95 52 Du
341 2373 232 70 rythme
606 2373 71 54 de
709 2391 91 37 ces
832 2392 130 37 vers
995 2376 305 70 déclamés,
1334 2395 241 53 passons
1607 2380 34 52 à
1673 2378 152 54 leurs
1856 2378 305 56 inflexions

101 2452 374 70 mélodiques.

214 2531 81 53 Ici
324 2549 222 52 encore,
578 2533 300 54 Rousseau
906 2535 245 69 critique
1180 2536 301 68 âprement
1509 2536 52 53 le
1588 2536 256 55 récitatif
1871 2537 71 54 de
1969 2537 192 70 Lully,

102 2611 145 52 dans
277 2629 113 35 une
421 2629 147 53 page
600 2612 142 53 d'un
771 2613 386 55 modernisme
1175 2615 339 70 admirable,
1533 2617 75 52 où
1631 2617 39 52 il
1693 2634 60 37 se
1783 2622 117 47 sert
1931 2635 148 52 pour
2109 2617 52 54 le

101 2690 348 69 combattre,
601 2693 100 66 (et,
742 2691 79 53 du
858 2693 188 54 même
1084 2711 170 54 coup,
1293 2712 148 53 pour
1479 2696 330 53 combattre
1846 2696 53 52 le
1935 2696 226 53 modèle

102 2770 292 69 deLully:
446 2771 56 52 la
550 2771 270 53 Comédie
865 2772 352 70 Française),
1404 2775 397 70 d'arguments
1848 2775 313 70 analogues

99 2850 35 52 à
172 2866 146 36 ceux
359 2850 144 52 dont
540 2850 81 52 les
660 2850 389 72 Debussystes
1086 2870 60 35 se
1184 2858 234 49 servent
1457 2853 375 70 aujourd'hui
1867 2871 149 52 pour
2053 2855 79 53 cri-

101 2927 191 70 tiquer
320 2928 52 52 le
400 2928 181 54 chant
611 2930 322 68 wagnérien
962 2951 9 33 :

211 3027 22 28 «
257 3007 309 53 Comment
604 3025 485 39 concevrez-vous
1124 3011 211 70 jamais
1372 3030 113 52 que
1521 3012 57 52 la
1611 3012 209 70 langue
1853 3011 303 70 française,

99 3087 145 52 dont
275 3087 247 53 l'accent
554 3092 88 48 est
673 3087 47 53 si
750 3088 119 69 uni,
902 3090 46 52 si
980 3090 223 69 simple,
1236 3091 47 52 si
1314 3091 281 68 modeste,
1629 3092 47 52 si
1705 3109 114 52 peu
1849 3091 307 68 chantant,

98 3166 113 52 soit
239 3166 136 53 bien
403 3166 217 53 rendue
648 3182 107 52 par
780 3167 81 52 les
887 3167 322 71 bruyantes
1237 3175 59 47 et
1325 3168 251 55 criardes
1603 3170 363 53 intonations
1996 3170 71 53 de
2095 3187 63 36 ce

97 3246 274 67 récitatif,
428 3251 60 47 et
543 3246 142 70 qu'il
745 3264 39 52 y
839 3248 82 52 ait
976 3250 250 68 quelque
1281 3255 241 65 rapport
1576 3255 163 48 entre
1791 3250 81 53 les
1941 3250 216 53 douces

97 3323 306 55 inflexions
435 3325 70 53 de
521 3325 57 52 la
593 3326 197 68 parole
842 3327 328 69 (française)
1190 3332 59 48 et
1267 3345 91 35 ces
1375 3345 134 35 sons
1537 3333 279 49 soutenus
1844 3332 59 48 et
1931 3328 225 69 renflés,

98 3420 75 35 ou
206 3405 198 68 plutôt
441 3421 93 36 ces
568 3403 111 54 cris
713 3405 245 54 éternels
994 3406 100 70 qui
1129 3406 130 53 font
1293 3407 52 52 le
1381 3406 147 54 tissu
1564 3407 71 53 de
1669 3412 155 48 cette
1858 3407 191 70 partie
2084 3407 72 53 de

97 3488 168 49 notre
309 3483 268 70 musique
623 3501 203 36 encore
869 3486 131 68 plus
1043 3486 189 53 même
1275 3504 115 52 que
1434 3486 99 54 des
1578 3487 113 53 airs
1721 3492 22 48 ?
1790 3487 214 69 Faites,
2049 3504 108 53 par

97 3563 281 69 exemple,
408 3562 207 53 réciter
643 3563 36 52 à
706 3563 319 70 quelqu'un
1054 3565 101 69 qui
1184 3565 171 53 sache
1383 3565 121 69 lire,
1533 3566 82 53 les
1642 3570 209 65 quatre
1879 3565 278 70 premiers
