2794 4074
642 336 59 53 36

1211 356 244 34 MERCURE
1488 356 226 34 MUSICAL
1743 358 66 32 ET
1842 359 41 33 S-
1920 359 31 33 I.
1991 360 53 33 M.

105 1672 63 32 III.
201 1670 95 34 LES
331 1672 199 33 SYMPHO-

107 1754 117 33 NIES
266 1755 70 32 BE
383 1755 179 34 LULLY.

671 508 92 35 ces
791 493 301 69 Prologues
1120 499 100 47 ont
1263 499 243 47 souvent
1545 511 79 35 un
1664 495 83 51 air
1791 496 69 52 de
1908 496 141 55 fêtes
2098 500 316 53 nationales
2462 501 69 54 de
2574 503 58 50 la

646 567 183 55 vieille
857 570 213 52 France
1095 591 14 46 ;
1137 575 59 47 et
1224 570 66 51 ils
1323 576 129 47 sont
1474 571 51 52 le
1548 571 218 53 dernier
1795 574 192 68 refuge
2021 576 78 52 du
2141 577 186 51 Ballet
2369 577 69 53 de
2476 595 151 37 cour.

646 644 90 53 On
756 663 39 50 y
816 651 277 59 retrouve,
1122 645 245 53 maintes
1399 647 124 66 fois,
1551 649 51 52 le
1628 649 167 68 Lully
1819 650 98 52 des
1969 651 535 55 Comédies-Ballets
2531 675 10 32 :
2569 671 63 36 ce

645 726 129 46 sont
800 722 96 51 des
922 721 321 52 collections
1268 722 69 52 de
1361 724 175 68 petits
1565 725 111 52 airs
1700 725 243 68 galants,
1967 727 68 51 de
2059 729 160 66 duos,
2246 729 70 52 de
2350 730 156 66 trios,
2557 731 74 52 de

644 797 222 52 chœurs
890 798 68 53 de
982 804 274 60 concerts,
1281 800 187 53 réunis
1515 819 104 51 par
1642 802 270 69 quelques
1962 804 186 53 bribes
2214 806 70 52 de
2353 806 278 55 récitatifs

646 890 131 34 sans
812 875 282 50 caractère
1149 875 374 71 dramatique,
1562 885 58 46 et
1657 880 331 51 entremêlés
2023 881 68 51 de
2128 882 221 66 danses,
2388 889 244 48 souvent

646 950 284 66 chantées,
970 966 73 36 ou
1082 951 233 53 dansées
1339 958 56 47 et
1418 955 267 53 chantées
1705 955 517 54 alternativement.
2250 958 48 51 Il
2320 958 87 69 s'y
2437 960 194 67 ajoute

646 1023 150 52 enfin
836 1026 69 51 de
968 1026 209 67 petites
1245 1046 172 52 pages
1482 1032 461 69 symphoniques,
1987 1032 98 52 des
2125 1035 257 52 marches
2425 1041 59 47 et
2529 1036 101 52 des

644 1101 267 67 cortèges.

749 1675 107 53 Les
898 1674 373 69 Symphonies
1314 1678 67 51 de
1425 1679 166 68 Lully
1632 1686 128 45 sont
1803 1681 363 67 aujourd'hui
2207 1698 145 51 pour
2392 1700 144 35 nous
2578 1683 55 51 la

640 1752 184 66 partie
852 1750 53 51 la
932 1752 181 50 moins
1140 1752 371 54 intéressante
1539 1755 197 53 de'son
1765 1773 211 36 œuvre.
2005 1758 98 51 Ses
2129 1763 333 47 ouvertures
2490 1774 143 36 nous

641 1829 314 66 paraissent
989 1828 270 52 massives
1294 1835 57 46 et
1386 1833 366 65 compassées.
1792 1834 73 50 M.
1903 1833 193 52 Lionel
2132 1834 69 51 de
2235 1834 56 51 la
2325 1834 307 52 Laurencie

640 1909 136 46 note
805 1905 269 51 finement
1106 1922 108 49 que
1244 1905 146 52 leurs
1422 1908 235 66 thèmes,
1689 1913 131 47 tous
1850 1909 169 52 d'une
2049 1910 378 52 architecture
2458 1912 33 50 à
2521 1928 112 51 peu

640 1982 127 64 près
826 1980 309 66 identique,
1199 2001 21 26 «
1243 1983 349 53 constituent
1653 2001 70 34 en
1784 1985 259 69 musique
2103 1987 368 67 l'équivalent
2535 1988 98 52 des

641 2062 206 47 termes
871 2058 282 67 généraux
1179 2059 77 51 du
1280 2059 235 69 langage
1538 2081 38 31 ».
1699 2063 105 51 Les
1830 2063 200 52 danses
2056 2081 70 34 ne
2151 2063 352 68 témoignent
2528 2082 104 51 pas

640 2149 113 34 non
795 2134 127 66 plus
964 2133 170 50 d'une
1176 2135 209 66 grande
1427 2138 215 51 variété
1667 2158 13 44 ;
1726 2139 33 50 à
1802 2139 269 66 quelques
2114 2139 327 69 exceptions
2484 2142 147 66 près,

640 2210 132 51 elles
793 2210 164 51 n'ont
980 2209 58 51 ni
1061 2210 56 51 la
1140 2210 262 53 curiosité
1447 2213 68 50 de
1553 2214 254 67 rythmes
1854 2215 67 51 de
1967 2215 260 69 l'époque
2272 2218 355 66 précédente,

640 2284 58 52 ni
725 2285 56 51 la
806 2288 163 66 grâce
995 2290 57 46 et
1079 2285 337 53 l'invention
1436 2288 370 68 harmonique
1839 2295 57 46 et
1927 2291 321 68 mélodique
2272 2293 68 52 de
2367 2293 263 68 l'époque

640 2361 280 52 suivante.

748 2437 77 51 Et
864 2443 295 63 pourtant,
1201 2455 90 36 ces
1332 2441 361 68 symphonies
1734 2443 246 53 diverses
2021 2450 102 46 ont
2162 2444 298 70 beaucoup
2500 2463 98 34 con-

641 2514 185 52 tribué
858 2531 74 35 au
962 2515 191 51 succès
1186 2515 96 52 des
1313 2517 198 66 opéras
1543 2517 68 51 de
1643 2519 166 67 Lully
1834 2540 13 45 ;
1880 2536 74 35 on
1985 2525 138 64 peut
2156 2521 183 52 même
2371 2523 118 52 dire
2521 2539 110 51 que

638 2590 88 66 ç'a
755 2591 89 51 été
873 2590 58 51 la
960 2591 183 65 partie
1174 2592 68 51 de
1272 2608 102 35 son
1407 2610 192 34 œuvre
1628 2595 56 49 la
1712 2596 127 66 plus
1870 2597 291 66 appréciée
2192 2615 69 35 en
2293 2599 245 68 Europe,
2571 2604 59 47 et

638 2666 98 69 qui
783 2684 33 34 a
863 2684 70 35 eu
979 2667 51 51 le
1075 2669 126 66 plus
1248 2669 333 53 d'influence
1626 2688 96 35 sur
1766 2672 333 54 l'évolution
2145 2675 285 53 musicale.
2480 2676 152 51 Elles

638 2744 162 52 n'ont
828 2745 202 51 trouvé
1059 2745 68 51 de
1157 2745 367 67 détracteurs,
1554 2747 78 51 du
1658 2747 202 54 vivant
1889 2750 69 52 de
1987 2751 184 67 Lully,
2202 2769 110 51 que
2339 2752 184 66 parmi
2550 2752 81 52 les

640 2820 252 67 Italiens,
922 2820 96 68 qui
1044 2837 71 35 ne
1140 2821 79 51 les
1244 2822 435 66 connaissaient,
1722 2841 214 36 comme
1977 2843 160 50 nous,
2178 2845 110 51 que
2315 2845 103 51 par
2442 2830 56 51 la
2522 2829 82 52 lec-

640 2901 146 62 ture,
814 2902 57 46 et
896 2897 80 51 les
1003 2897 345 67 trouvaient,
1385 2916 219 35 comme
1638 2917 161 50 nous,
1839 2921 20 27 «
1880 2902 270 69 insipides
2162 2910 56 46 et
2236 2910 387 47 monotones».

640 3098 153 33 guerres
824 3093 40 29 et
900 3090 67 33 des
1008 3090 149 35 traités.
1184 3091 80 34 Isis
1301 3092 147 33 célèbre
1482 3093 54 32 les
1569 3092 186 34 victoires
1793 3096 160 32 navales
1991 3097 252 43 (remportées
2284 3107 71 34 par
2393 3098 99 44 Jean
2529 3098 98 33 Bart

640 3139 261 43 Duquesneet
911 3141 192 40 Vivonne,
1125 3143 38 33 la
1181 3143 127 33 même
1335 3144 152 41 année.)
1516 3144 252 43 Bellérophon
1783 3149 38 29 et
1841 3145 225 45 Proserpine
2095 3149 189 33 chantent
2309 3149 39 33 la
2375 3149 96 44 paix
2491 3149 113 34 triom-

639 3189 149 45 phante
880 3196 51 33 et,
953 3191 92 43 déjà
1068 3198 230 40 menaçante
1320 3205 99 33 pour
1440 3195 37 33 la
1499 3195 166 33 sécurité
1687 3196 53 33 du
1762 3200 101 30 reste
1885 3198 48 33 de
1955 3198 199 35 l'univers.

741 3252 16 21 «
784 3241 34 33 Il
842 3248 218 30 soumettra
1087 3249 87 29 tout
1199 3245 186 34 l'univers
1400 3256 16 22 »
1440 3257 175 22 annonce
1640 3246 202 44 Quinault,
1870 3254 271 30 commentant
2167 3250 38 35 la
2228 3252 117 33 lettre
2370 3252 48 33 de
2442 3251 106 33 Mme
2572 3251 48 34 de

639 3291 168 45 Sévigné
831 3293 24 33 à
878 3294 129 44 Bussy
1024 3305 6 23 :
1051 3306 15 22 «
1081 3296 57 34 La
1160 3294 94 46 paix
1273 3300 58 30 est
1355 3297 108 34 faite.
1488 3297 54 33 Le
1564 3297 59 34 roi
1645 3308 23 22 a
1693 3299 138 33 trouvé
1853 3300 88 43 plus
1964 3301 100 34 beau
2089 3302 47 33 de
2159 3302 38 33 la
2220 3302 148 33 donner
2383 3306 104 29 cette
2503 3302 124 34 année

638 3342 24 33 à
682 3343 212 44 l'Espagne
917 3349 39 30 et
979 3346 24 33 à
1023 3347 39 33 la
1085 3347 196 34 Hollande
1303 3358 76 34 que
1401 3348 48 33 de
1470 3349 165 43 prendre
1656 3349 35 33 le
1713 3353 101 30 reste
1837 3351 47 33 de
1906 3351 38 34 la
1967 3352 179 35 Flandre.
2173 3353 33 33 Il
2227 3354 39 33 la
2288 3354 118 44 garde
2428 3363 100 34 pour
2550 3365 77 23 une

638 3398 113 29 autre
796 3394 85 35 fois.
898 3406 17 23 »

739 3445 212 36 L'histoire
976 3448 52 34 du
1062 3450 115 43 règne
1214 3450 118 33 défile
1364 3450 98 34 dans
1495 3461 62 24 ces
1592 3452 220 44 Prologues.
1844 3452 222 46 Jusqu'aux
2100 3455 204 35 chambres
2338 3457 48 33 de
2427 3455 197 40 réunions,

637 3497 228 43 auxquelles
892 3506 51 24 on
971 3502 96 40 peut
1097 3503 161 30 trouver
1287 3509 77 24 une
1395 3502 167 34 allusion
1588 3501 101 34 dans
1717 3504 35 33 le
1781 3504 186 44 prologue
1998 3507 48 32 de
2076 3507 131 33 Persée
2225 3506 7 33 !
