2451 4097
2211 334 62 65 89

1141 339 66 37 LE
1243 341 128 39 MOIS

209 475 192 56 oscille
447 476 80 55 du
571 480 376 59 naturalisme
992 485 34 54 à
1070 484 57 55 la
1171 485 462 77 métaphysique,
1680 497 141 49 veut
1867 493 252 70 évoquer
2151 494 120 55 l'un

209 573 143 37 avec
382 555 53 55 le
479 556 241 73 langage
779 560 70 55 de
880 564 223 53 l'autre.
1136 565 89 52 De
1254 565 77 69 là,
1362 573 92 48 cet
1486 570 204 54 attrait
1722 572 338 53 redoutable
2094 573 175 55 d'une

207 635 268 71 musique
525 638 218 68 parfois
816 644 441 69 anti-musicale,
1312 647 172 55 d'une
1536 650 263 55 audition
1851 658 248 48 souvent
2156 671 114 52 peu

207 719 357 67 attrayante,
612 720 264 70 toujours
920 724 378 53 intéressante
1342 732 59 47 et
1445 729 100 69 qui
1588 730 210 55 s'élève
1842 732 281 54 certaines
2159 734 109 52 fois

204 812 76 37 au
317 795 245 55 sublime
600 796 72 55 de
708 800 315 56 l'émotion.
1065 804 83 52 La
2204 804 67 52 Lé
1738 812 281 70 participe
2067 813 71 53 de
2174 831 94 35 ces

204 874 231 56 défauts
491 882 60 48 et
609 876 70 56 de
736 897 93 38 ces
885 883 245 70 qualités
1154 904 14 47 ;
1227 883 102 54 elle
1389 885 90 55 fut
1536 887 385 58 diversement
1978 892 287 54 accueillie

202 970 172 54 parce
407 972 113 54 que
552 955 291 74 bruyante
876 967 58 48 et
970 962 109 53 due
1114 963 34 52 à
1180 979 80 36 un
1294 968 207 49 auteur
1534 967 143 54 dont
1709 969 80 54 les
1822 969 264 71 opinions
2119 972 116 70 poli-

202 1033 191 72 tiques
432 1053 59 36 se
529 1040 277 54 trouvent
846 1040 250 71 choquer
1134 1043 164 52 celles
1337 1043 71 53 de
1446 1047 278 54 certaines
1762 1067 155 52 gens,
1958 1050 104 54 elle
2100 1052 162 53 n'eut

202 1129 105 54 pas
345 1132 71 37 en
454 1115 298 57 définitive
788 1120 256 54 l'accueil
1080 1122 101 69 qui
1239 1122 82 52 lui
1368 1123 143 54 était
1557 1125 98 69 dû,
1713 1144 63 37 ce
1840 1129 100 71 qui
1997 1134 87 49 est
2143 1132 117 54 fort

200 1195 367 69 regrettable.
630 1197 132 54 Une
820 1200 243 54 seconde
1124 1200 263 55 audition
1427 1202 324 73 dissiperait
1790 1208 289 70 peut-être
2121 1209 138 56 bien

200 1271 101 56 des
348 1275 390 69 préventions.

311 1351 109 55 Les
750 1354 290 57 Carillons
1397 1358 312 54 Flamands
1130 1364 122 64 ont,
1289 1359 48 53 si
1373 1362 76 53 M.
1488 1363 268 56 Perilhou
1792 1382 35 36 a
1862 1367 247 71 quelque
2143 1386 115 52 peu

199 1430 72 55 de
303 1433 303 71 modestie,
640 1437 93 53 été
767 1438 282 54 accueillis
1082 1456 141 35 avec
1254 1457 82 35 un
1371 1443 195 52 succès
1599 1444 101 69 qui
1733 1461 36 35 a
1801 1444 80 55 dû
1914 1448 343 69 surprendre

198 1510 128 55 leur
373 1518 225 49 auteur.
651 1515 153 55 C'est
852 1517 321 71 ingénieux,
1224 1519 291 71 roublard,
1564 1523 154 68 plein
1769 1523 70 53 de
1888 1527 366 70 contrepoint

197 1595 59 50 et
293 1591 72 54 de
420 1597 159 50 trucs
632 1594 495 57 d'orchestration.
1166 1599 88 53 De
1291 1603 192 67 temps
1519 1618 71 37 en
1627 1608 208 65 temps,
1872 1604 58 54 la

225 1669 66 53 de
438 1672 170 71 Bruges
609 1678 159 51 tourne
810 1677 133 52 àla
983 1677 373 69 langoureuse
1398 1680 159 54 valse
1599 1680 71 55 de
1713 1682 149 70 Rigo
1902 1699 147 54 pour
2090 1685 163 54 venir

195 1750 225 55 ensuite
461 1759 335 64 emprunter
837 1773 75 36 au
950 1757 147 53 Noël
1135 1757 92 54 des
1266 1759 195 67 Jouets
1505 1760 70 54 de
1616 1762 190 53 Ravel
1867 1779 87 37 ses
2014 1782 197 37 mouve-

194 1834 192 50 ments
437 1832 72 53 de
560 1833 178 54 déclic
787 1834 420 72 automatique,
1241 1842 58 48 et
1348 1843 133 49 tout
1530 1839 52 53 le
1630 1840 230 69 monde,
1911 1858 41 54 y
2000 1843 249 70 compris

194 1908 268 71 l'auteur,
506 1928 60 37 se
608 1914 282 69 surprend
931 1915 34 52 à
1007 1915 306 70 applaudir
1354 1923 153 48 cette
1549 1918 253 56 honnête
1844 1922 401 70 composition.

306 1989 334 55 L'audition
679 1993 71 53 de
787 1993 56 53 la
882 1994 226 55 Cantate
1148 1995 71 54 de
1257 1997 76 53 M.
1375 1997 173 54 Louis
1586 1999 245 69 Dumas,
1872 2017 35 36 a
1943 2000 211 70 permis
2212 2004 36 52 à

193 2084 146 37 ceux
377 2070 100 70 qui
515 2088 73 36 ne
628 2070 366 73 fréquentent
1032 2074 167 70 point
1237 2075 289 56 l'lnstitut
1566 2078 71 55 de
1675 2096 60 37 se
1773 2080 203 54 rendre
2014 2087 232 66 compte

191 2148 35 52 à
259 2149 162 69 quels
452 2149 263 71 stupides
745 2152 181 71 sujets
955 2154 80 53 les
1067 2154 172 55 frères
1268 2155 235 70 Adenis,
1536 2164 360 65 moyennant
1926 2178 113 36 une
2061 2162 185 68 prime

190 2229 264 53 annuelle
523 2229 71 53 de
660 2230 141 55 trois
870 2230 153 56 mille
1087 2233 209 70 francs,
1364 2235 391 55 condamnent
1849 2238 81 53 les
1995 2257 249 52 pauvres

189 2307 306 54 musiciens
517 2309 306 55 candidats
854 2327 74 37 au
957 2312 129 69 prix
1119 2313 69 53 de
1221 2314 202 55 Rome.
1459 2315 91 54 On
1566 2322 142 65 peut
1723 2318 323 70 également
2062 2337 41 52 y
2118 2319 126 55 voir

188 2400 61 39 se
298 2390 238 69 cotoyer
604 2388 224 54 Pellêas
879 2395 58 49 et
985 2392 314 54 Hêrodiade
1303 2440 14 21 ,
1369 2394 146 53 mais
1566 2395 214 55 celle-ci
1834 2397 106 54 dut
1992 2398 252 71 effrayer

186 2464 54 55 le
285 2465 173 71 jeune
504 2468 361 71 jouvenceau
931 2488 96 37 car
1073 2472 122 54 leur
1242 2473 179 54 union
1469 2492 72 37 ne
1591 2475 193 54 donna
1831 2478 172 69 guère
2053 2479 184 70 qu'un

186 2543 143 56 fruit
360 2563 247 55 presque
640 2564 91 37 sec
767 2549 99 70 qui
899 2567 170 37 mena
1101 2568 105 37 son
1241 2558 205 48 auteur
1482 2554 34 52 à
1548 2554 58 53 la
1638 2554 151 55 Villa
1822 2555 253 70 Médicis,
2110 2558 131 70 puis

186 2624 190 55 revint
407 2627 225 69 expirer
663 2627 161 69 place
856 2628 77 54 du
965 2629 281 71 Châtelet,
1279 2633 76 52 où
1387 2632 39 53 il
1456 2633 191 55 rendit
1679 2634 34 54 à
1745 2634 150 55 Dieu
1925 2653 64 36 sa
2019 2653 221 52 pauvre

184 2705 147 69 âme,
376 2723 147 52 pour
561 2707 197 53 laisser
797 2724 103 37 son
941 2710 132 69 père
1114 2710 260 70 spirituel
1413 2731 60 35 se
1514 2713 170 55 livrer
1724 2715 36 53 à
1802 2714 253 55 d'autres
2085 2718 122 52 créa-

184 2781 173 73 tions,
404 2785 101 70 qui
550 2785 412 56 certainement
1007 2789 80 53 lui
1131 2795 195 49 seront
1370 2792 371 69 supérieures.
1789 2794 227 54 Pauvre
2047 2795 149 69 petit
2221 2797 10 53 !

184 2879 234 40 versons
454 2882 115 38 une
604 2867 179 52 larme
820 2872 57 48 et
914 2869 100 70 n'y
1050 2886 246 53 pensons
1333 2870 130 70 plus
1488 2873 10 52 !

293 2944 78 53 M.
411 2944 191 71 Aymé
645 2945 174 55 Kunc
860 2963 34 37 a
933 2949 177 52 voulu
1133 2949 138 53 faire
1312 2968 104 36 son
1455 2952 149 68 petit
1644 2953 204 53 Dukas
1872 2975 14 47 ;

199 3039 202 38 sorcier
416 3024 82 53 lui
533 3042 36 35 a
600 3041 146 53 paru
781 3042 79 35 un
893 3025 116 55 bon
1044 3028 141 53 filon
1220 3029 34 52 à
1289 3030 280 69 exploiter
1604 3037 58 47 et
1707 3032 42 52 il
1788 3033 250 70 s'essaya
2080 3033 34 53 à
2154 3051 80 35 un

197 3103 228 54 Scherzo
743 3104 242 71 symphonique.
986 3107 85 54 Si
1072 3108 92 53 les
1164 3108 291 56 cuisiniers
1500 3128 146 36 vous
1691 3112 190 53 disent
1925 3129 113 53 que
2081 3129 149 54 pour

180 3180 141 55 faire
360 3199 80 36 un
481 3183 212 53 civet...
739 3185 165 65 (vous
943 3202 169 38 savez
1153 3192 133 48 tous
1326 3188 52 53 le
1418 3192 190 66 reste),
1649 3189 83 55 les
1773 3190 289 70 critiques,
2104 3209 130 37 race

178 3262 250 71 odieuse,
467 3281 147 35 vous
652 3263 194 53 diront
884 3269 151 65 tous,
1074 3284 112 52 que
1225 3267 57 53 la
1319 3269 277 67 première
1634 3269 296 55 condition
1967 3287 149 53 pour
2151 3288 81 37 un

175 3340 227 55 Scherzo
433 3347 89 49 est
553 3342 72 53 de
659 3342 307 55 ...scherzer.
1003 3345 98 69 Or,
1131 3345 42 54 il
1202 3363 73 37 ne
1308 3347 176 54 danse
1514 3348 59 52 ni
1604 3366 72 37 ne
1705 3354 184 64 saute,
1921 3349 52 54 le
2003 3349 227 55 Scherzo

174 3419 72 53 de
278 3420 76 54 M.
393 3420 173 55 Kunc
592 3443 14 48 ;
640 3427 133 48 tout
805 3439 74 36 au
913 3424 148 70 plus,
1094 3425 80 54 tel
1219 3443 80 36 un
1342 3427 203 53 cheval
1587 3444 74 36 au
1700 3429 258 70 manège,
2000 3434 197 50 tourne-

172 3498 93 54 t-il
296 3518 72 37 en
400 3502 165 68 rond,
594 3518 65 37 ce
688 3502 102 69 qui
820 3508 88 48 est
942 3504 285 55 d'ailleurs
1258 3505 57 54 la
1347 3507 153 53 seule
1522 3507 169 71 façon
1708 3507 70 54 de
1806 3513 235 50 tourner
2056 3531 15 47 ;
2095 3514 132 50 tout

171 3594 75 38 au
280 3580 131 71 plus
445 3580 379 56 s'ébroue-t-il
862 3582 71 55 de
971 3589 189 66 temps
1197 3603 73 37 en
1304 3590 192 67 temps
1531 3592 60 49 et
1627 3588 364 69 s'essaye-t-il
2027 3589 35 52 à
2098 3606 129 38 sau-
