4897 6581
4760 6502 92 66 151

43 2926 642 57 Generalmusikdirektor
734 2928 286 55 Geheimer
1058 2928 187 55 Hofrat
1285 2929 156 52 Ernst
1484 2927 299 68 Edler|von
1824 2928 211 54 Schuch

52 3168 113 48 heit.
244 3170 332 47 Dazwischen
639 3172 113 58 „ein
816 3171 385 61 neugeborenes
1502 3173 48 45 in

52 3239 417 59 petunienfarbne
517 3240 161 47 Nebel
723 3241 260 60 getaucht;
1030 3241 122 58 und,
1198 3240 127 48 über
1369 3240 181 61 widrig

50 3310 220 63 hageren
345 3312 555 63 Professorenfingern,
971 3314 98 47 den
1144 3314 406 60 Charakterkopf

54 3385 184 60 Foreis,
313 3386 88 47 des
471 3387 373 48 demokratisch
878 3415 16 7 -
926 3388 360 47 monistischen
1348 3387 203 48 Sexual-

50 3455 242 62 Augusts,
356 3458 89 45 der
502 3458 147 46 keine
698 3458 205 60 Skepsis
953 3458 177 56 kennt;
1180 3458 104 46 und
1335 3458 217 60 „Signor

372 3528 144 46 einen
568 3527 431 61 Cabaret-Typus,
1066 3529 331 59 degeneriert,
1452 3542 67 32 em-

46 3595 270 61 bryonesk,
368 3598 90 46 mit
509 3598 162 46 einem
729 3597 135 60 Kopf
916 3612 99 32 von
1069 3598 90 46 der
1213 3599 145 45 Form
1411 3599 138 46 eines

49 3665 363 62 umgekehrten
447 3667 570 61 Pyramidenstumpfes,
1049 3668 123 46 oder
1203 3695 57 6 —
1292 3682 149 32 wenn
1474 3668 76 46 ich

46 3750 55 33 es
135 3739 91 58 gut
259 3738 163 45 meine
457 3766 58 4 —
547 3739 138 44 einer
717 3737 89 47 auf
839 3738 105 46 ihre
979 3737 269 61 Oeffnung
1281 3737 268 61 gestellten

46 3806 419 48 Wasserkaraffe.
536 3806 141 49 Auch
718 3807 115 48 Karl
876 3809 161 46 Kraus
1074 3807 178 48 schaut
1291 3807 128 48 mich
1462 3822 85 42 an;

45 3890 54 32 er
149 3877 114 46 sitzt
315 3876 148 61 ruhig
515 3877 104 46 und
673 3877 295 61 gefährlich,
1021 3879 92 46 mit
1163 3877 261 59 schmaler,
1479 3879 48 46 in-

49 3945 325 48 tellektueller
413 3948 153 45 Hand
602 3947 104 46 und
742 3949 211 58 spitzem
992 3948 290 46 Mündchen
1320 3948 104 46 und
1462 3962 60 32 un-

46 4015 320 61 glaublichen
419 4016 540 62 Aquamarin-Augen;
1010 4018 90 47 der
1149 4017 134 48 Stoff
1333 4018 91 47 des
1490 4032 59 33 zu

44 4087 392 59 zerspottenden
485 4087 331 47 Universums
857 4090 184 44 strömt
1087 4087 85 47 auf
1218 4087 83 48 ihn
1347 4089 104 56 ein;
1498 4104 53 30 er

45 4156 115 47 sitzt
209 4156 197 47 zierlich
458 4158 103 45 und
615 4158 472 47 amüsiert-lauernd
1137 4158 82 59 da,
1273 4158 276 62 irgendwie

47 4241 99 32 von
196 4225 171 48 hinten
414 4226 99 48 still
564 4227 87 47 auf
697 4228 116 47 dem
866 4227 223 62 Sprung;
1142 4228 119 47 aber
1307 4225 84 50 üm
1441 4230 108 45 sein

49 4296 174 61 Haupt
270 4299 177 44 tanzen
490 4297 271 61 blitzgelbe
806 4297 216 61 Tupfen.
1068 4326 58 5 —
1176 4299 149 47 Diese
1371 4300 178 46 Vision

45 4366 92 47 des
188 4366 384 48 heiter-tiefsten
626 4368 309 47 Polemikers
988 4371 134 44 wäre
1189 4369 124 59 „der

47 4451 149 32 wenn
225 4436 134 48 nicht
386 4437 167 48 Oskar
583 4438 303 49 Kokoschka
915 4438 128 48 noch
1072 4440 98 46 den
1203 4439 348 48 Buchhändler

47 4506 136 47 Stein
227 4507 192 61 gemalt
460 4507 149 49 hätte.
685 4509 82 46 Ich
811 4510 129 47 weiß
988 4524 91 46 gar
1122 4510 149 58 nicht,
1316 4525 106 32 wer
1462 4510 89 47 der

49 4575 352 48 Buchhändler
451 4577 136 47 Stein
637 4579 86 55 ist;
777 4578 121 48 aber
944 4579 168 47 dieses
1165 4579 110 48 Bild
1327 4583 63 45 ist
1439 4584 111 45 eine

45 4645 337 49 sarkastische
418 4647 156 60 Orgie
609 4650 48 45 in
695 4648 321 60 Saphirblau;
1051 4650 90 46 der
1175 4650 210 47 Mensch
1421 4665 130 46 ganz

48 4717 103 46 und
183 4731 93 46 gar
307 4717 509 57 Nasenwurzelfalte;
849 4718 78 47 ich
959 4718 132 47 kann
1123 4720 130 46 mich
1287 4720 134 47 nicht
1452 4722 101 45 satt

45 4785 160 48 daran
254 4785 181 58 sehen;
486 4787 77 46 ich
613 4786 228 47 schreibe
890 4789 50 45 in
992 4791 133 45 mein
1179 4789 370 61 Katalogblatt:

46 4860 397 61 Velasquez
482 4861 43 45 &
562 4860 346 48 Cezanne!
951 4889 58 5 —
1052 4862 206 48 Endlich
1300 4863 249 59 „bemalte

605 4935 118 47 sehr
763 4935 275 61 ergötzlidh
1082 4938 126 45 zwei
1258 4937 160 50 Rosas
1463 4937 88 47 auf

48 5004 109 47 eine
210 5004 90 48 Art
350 5004 309 48 zerknüllten
717 5004 335 61 Packpapiers
1105 5008 208 58 gesetzt.

173 5081 104 47 Soll
319 5096 117 33 man
476 5082 166 47 dieses
688 5097 132 33 neue
858 5083 390 59 Temperament
1292 5097 100 32 nun
1452 5085 75 45 ein-

49 5151 303 62 rangieren?
432 5151 103 47 Soll
597 5166 119 33 man
783 5152 97 47 den
935 5153 201 49 Kenner
1186 5153 201 58 mimen,
1452 5153 99 46 den

49 5220 326 62 Zeigefinger
416 5221 168 61 (unter
621 5222 279 62 Spreizung
938 5223 89 46 der
1063 5222 106 48 drei
1210 5222 234 61 übrigen)
1486 5237 65 33 an

47 5290 80 47 die
175 5291 166 61 Spitze
384 5291 91 48 des
525 5291 261 49 Daumens
835 5292 147 61 legen
1029 5292 104 48 und
1181 5306 54 34 es
1282 5292 269 61 geistreich

46 5360 289 62 abgrenzen
375 5376 166 47 gegen
581 5362 192 59 Manet,
813 5377 168 46 gegen
1023 5363 369 47 Liebermann?
1449 5362 103 48 Soll

48 5446 117 35 man
215 5449 53 33 es
314 5434 89 49 mit
451 5433 113 49 dem
612 5436 231 48 eisernen
891 5435 241 49 Maßstab
1181 5451 127 45 „van

47 5510 241 46 messen?
369 5508 104 48 Soll
522 5523 118 33 man
695 5510 215 47 äußern:
964 5510 339 59 „Kokoschka
1355 5512 65 47 ist
1469 5512 82 46 ein

49 5577 254 62 Antipode
345 5578 196 61 Klimts,
580 5594 53 32 er
672 5579 103 61 legt
811 5579 82 48 bei
931 5583 174 45 seinen
1148 5580 223 48 Porträts
1411 5580 143 48 mehr

49 5646 140 50 Wert
226 5648 87 48 auf
349 5648 394 48 Charakteristik
780 5649 73 48 als
890 5649 87 48 auf

49 5744 59 7 —
158 5717 79 48 All
285 5718 109 48 dies
446 5718 215 48 fruchtet
709 5734 96 47 gar
854 5720 184 57 nichts;
1090 5721 135 47 denn
1275 5735 118 33 man
1443 5720 112 62 gibt

49 5786 114 49 kein
208 5788 110 49 Bild
359 5804 99 32 von
502 5790 162 47 einem
710 5789 217 60 Bildner,
970 5804 148 34 wenn
1162 5805 116 33 man
1321 5791 85 48 ihn
1448 5804 79 34 ver-

51 5856 183 62 gleicht
248 5860 9 46 !

1069 5930 154 50 Kurt
1262 5930 231 50 Hiller

180 6152 94 48 Die
311 6152 222 49 Berliner
567 6153 178 49 Pressie
778 6153 249 62 schweigt
1059 6155 106 47 sich
1199 6170 108 32 aus.
1375 6156 186 48 Keiner

55 6224 154 59 wagt,
260 6223 328 47 Leithammel
635 6239 62 33 zu
745 6226 126 58 sein,
922 6224 104 47 und
1077 6224 133 48 ohne
1259 6225 99 47 den
1408 6224 149 62 gehts

57 6291 147 49 nicht.
284 6292 93 48 Die
428 6293 312 48 Kunstkritik
789 6294 105 47 lebt
941 6294 346 48 fortwährend
1336 6296 50 47 in
1434 6295 94 62 dop-

56 6361 158 62 pelter
264 6362 194 50 Furcht.
537 6363 381 65 Anerkennung
963 6365 108 49 und
1118 6364 308 64 Ablehnung
1474 6365 86 49 be-

1695 3171 171 48 deutet
1894 3171 80 47 die
2000 3171 193 64 gleiche
2220 3171 209 49 Gefahr.
2490 3171 78 48 Ich
2598 3172 101 48 will
2727 3173 98 47 den
2857 3174 195 46 Herren
3082 3174 112 46 Mut

1694 3240 225 59 machen,
1962 3241 103 46 und
2103 3241 144 47 stelle
2286 3242 154 46 ihnen
2480 3242 165 61 einige
2689 3242 375 61 Aeußerungen
3108 3258 85 31 zur

1695 3309 320 62 Verfügung,
2064 3310 80 48 die
2194 3310 79 47 die
2327 3310 244 62 Kollegen
2620 3310 91 48 der
2758 3312 207 46 Wiener
3015 3312 177 47 Presse

1692 3394 98 32 von
1836 3380 105 47 sich
1985 3380 183 61 gaben.

1694 3449 274 47 Wiener
2005 3449 438 62 Allgemeine
2480 3451 300 61 Zeitung

1856 3513 194 46 Vorerst
2086 3519 175 40 müsste
2291 3517 198 43 darüber
2521 3518 206 42 Klarheit
2759 3518 198 48 werden,
2991 3518 57 43 ob
3096 3530 98 32 man

1743 3584 50 31 es
1844 3572 97 42 hier
1993 3572 256 54 überhaupt
2281 3573 80 43 mit
2407 3574 145 42 einem
2608 3573 353 55 Temperament
3010 3586 54 30 zu
3116 3578 77 40 tun

1741 3627 132 51 habe,
1904 3625 113 46 oder
2051 3629 77 42 mit
2160 3629 126 42 einer
2330 3628 249 51 Grimasse,
2633 3629 72 43 die
2758 3629 78 43 auf
2887 3629 99 43 dem
3038 3629 157 44 Schild

1742 3684 127 42 einer
1899 3684 185 43 kleinen
2117 3684 250 54 Begabung
2399 3686 145 53 grinst
2576 3717 8 9 .
2622 3684 4 55 .
2660 3719 8 9 .
2701 3684 82 45 Um
2817 3684 278 44 Kokoschka
3119 3687 76 41 hat

1739 3739 96 43 sich
1883 3740 70 42 ein
1999 3739 134 44 Kreis
2183 3739 219 55 gebildet;
2453 3740 87 43 und
2593 3742 216 41 Wahrlich
2859 3765 41 6 —
2954 3742 122 42 nicht
3123 3743 73 42 die

1740 3794 354 45 Schlechtesten
2159 3795 147 44 findet
2372 3809 99 30 man
2535 3795 228 44 darunter.
2845 3797 217 43 Künstler
3108 3807 87 34 von

1740 3850 104 50 Ruf,
1878 3860 84 36 von
1993 3851 310 44 anerkannter
2353 3851 270 54 Bedeutung
2672 3853 89 41 und
2814 3853 238 43 erlesenen
3106 3854 61 43 Ge-

1739 3906 221 43 schmack
1993 3910 259 41 ermuntern
2286 3907 84 43 den
2405 3921 147 30 neuen
2584 3908 139 43 Mann
2755 3908 88 42 und
2876 3910 143 42 sehen
3042 3911 42 41 in
3107 3910 87 43 ihm

1741 3963 71 42 ein
1848 3962 164 44 Talent
2043 3963 274 44 allerersten
2350 3964 195 53 Ranges.
2606 3964 80 43 Sie
2718 3965 250 52 begrüssen
3016 3966 41 42 in
3107 3966 87 43 ihm

1744 4018 86 43 den
1865 4017 273 45 Verkünder
2169 4021 128 41 eines
2327 4032 146 30 neuen
2507 4020 351 54 Kunstdogmas.

1699 4077 529 49 Fremdenblatt
2272 4079 190 47 Wien

1851 4144 89 43 Die
1971 4145 337 53 Begeisterung
2338 4145 74 44 für
2444 4145 157 44 diesen
2634 4145 287 45 besonderen
2966 4148 228 42 Kunstfall

1739 4199 60 43 ist
1830 4200 123 43 nicht
1985 4202 160 42 immer
2176 4201 335 44 snobistischen
2542 4201 273 55 Ursprungs,
2874 4202 81 43 Sie
2977 4202 219 45 bedeutet

1740 4254 86 44 den
1860 4255 214 55 Triumph
2107 4256 83 44 des
2224 4256 264 45 Grotesken
2520 4258 266 55 überhaupt.

1696 4315 183 47 Neue
1927 4317 192 46 Freie
2163 4317 247 47 Presse
2452 4318 188 47 Wien

1855 4382 82 43 Ein
1971 4380 287 46 Nebenraum
2293 4418 6 7 .
2335 4415 7 9 .
2377 4415 8 9 .
2444 4391 87 35 von
2564 4385 282 44 Kokoschka
2878 4385 59 43 ist
2970 4386 78 42 mit
3081 4385 85 44 Vor-

1741 4437 118 43 sicht
1889 4450 55 30 zu
1976 4438 210 44 betreten
2263 4439 251 44 Menschen
2545 4449 86 34 von
2662 4441 292 44 Geschmack
2976 4441 100 43 sind
3098 4442 99 43 hier

1741 4494 146 42 einem
1921 4491 297 47 Nervenchoc
2248 4498 281 50 ausgesetzt.

1698 4553 529 49 Fremdenblatt
2266 4555 187 49 Wien

1854 4619 97 44 Der
1974 4618 332 57 Oberwildling
2328 4622 144 43 heisst
2490 4621 277 45 Kokoschka
2794 4656 75 9 ...
2916 4622 280 43 Kokoschka

1745 4674 59 43 ist
1838 4676 71 42 ein
1943 4676 227 44 hübscher
2200 4677 161 55 junger
2392 4677 140 44 Mann
2554 4677 89 44 und
2666 4678 222 54 begabter
2909 4677 255 45 Schwärme-

1741 4733 147 41 nöter.
1949 4731 91 44 Für
2070 4733 128 42 seine
2230 4733 95 43 drei
2360 4733 328 54 Wandgrossen
2722 4733 168 44 Skizen
2924 4733 113 44 wird
3069 4747 50 30 er
3149 4735 42 42 in

1743 4785 81 44 der
1855 4786 107 45 Luft
1992 4789 227 42 zerrissen
2269 4788 196 52 werden,
2516 4789 112 44 aber
2679 4789 82 44 das
2805 4788 114 45 wird
2968 4790 87 43 ihm
3106 4789 91 44 und

1743 4841 82 44 der
1855 4842 105 45 Luft
1993 4846 79 51 gut
2102 4847 93 43 tun.

1699 4900 134 60 (Von
1886 4904 162 45 einem
2097 4904 192 48 andern
2341 4904 158 47 Mann
2566 4906 65 46 im
2688 4903 372 49 Fremdenblatt
3111 4919 56 46 ge-

1691 4970 278 61 schrieben,
2017 4973 214 47 nämlich
2278 4988 98 33 von
2427 4974 163 47 Herrn
2634 4972 218 63 Ludwig
2902 4974 223 60 Hevesi.)

1699 5039 390 50 Deutsches
2142 5042 214 49 Volks
2372 5042 33 49 b
2424 5042 13 49 1
2455 5059 28 33 a
2502 5046 53 46 11
2601 5044 189 47 Wien

1853 5107 97 43 Der
1963 5108 96 42 Fall
2080 5109 59 42 ist
2155 5111 375 53 symptomatisch
2548 5110 89 43 und
2656 5109 230 44 erfordert
2904 5110 293 54 energisches

1743 5163 319 44 Einschreiten
2095 5164 82 44 der
2207 5164 508 46 Unterrichtsbehörde.

1700 5221 121 48 Die
1863 5223 166 59 Zeit,
2070 5224 188 48 Wien

1854 5288 169 44 Dieses
2046 5289 156 45 enfant
2225 5291 188 44 terrible
2437 5292 58 43 ist
2526 5293 191 43 nämlich
2740 5291 206 44 wirklich
2970 5292 72 42 ein
3065 5291 133 44 Kind.

1742 5342 198 46 Absolut
1986 5345 105 43 kein
2139 5346 177 44 Poseur
2348 5381 8 9 .
2390 5381 8 10 .
2431 5379 9 9 .
2501 5347 110 45 Hier
2650 5350 60 42 ist
2740 5351 146 40 etwas
2917 5348 160 42 echtes
3108 5348 90 42 und

1743 5399 210 55 frisches,
1977 5402 143 43 etwas
2142 5402 319 54 elementares,
2484 5404 83 44 das
2606 5406 113 42 nach
2742 5403 213 44 Ausruck
2992 5405 206 52 ringt...

1742 5456 121 53 Den(
1895 5455 172 46 Namen
2115 5457 280 45 Kokoschka
2440 5460 112 43 aber
2597 5473 124 30 muss
2766 5460 72 43 ich
2884 5460 82 42 mir
2998 5460 200 43 merken.

1741 5511 217 52 (Richard
1989 5512 219 50 xMuther).

1699 5571 226 48 Neues
1960 5572 274 49 Wiener
2266 5573 337 62 Tagblatt

1854 5637 89 44 Die
1974 5639 314 44 ästhetischen
2319 5641 113 42 oder
2460 5642 162 43 besser
2644 5644 161 51 gesagt
2826 5641 373 45 unästhetischen

1743 5692 331 47 Purzelbäume
2105 5694 83 44 des
2219 5694 99 46 Van
2351 5696 133 54 Gogh
2515 5697 91 44 und
2628 5698 74 42 die
2724 5697 274 53 armseligen
3020 5696 180 45 Blätter

1745 5748 74 45 die
1865 5749 146 46 Rodin
2062 5752 44 43 in
2153 5751 273 45 schwachen
2473 5752 208 46 Stunden
2733 5754 213 51 geliefert
2977 5754 89 47 hat,
3099 5754 101 43 sind

1745 5804 393 57 Offenbarungen,
2185 5816 130 36 wenn
2362 5821 99 30 man
2507 5810 69 43 sie
2619 5810 80 42 mit
2729 5809 87 43 den
2849 5809 351 45 abscheulichen

1745 5860 183 46 Sachen
1960 5863 309 44 Kokoschkas
2299 5865 265 54 vergleicht.

1694 5915 280 55 Wiener
2021 5923 603 63 Mittagszeitung

1857 5987 128 45 Noch
2032 5990 72 42 ein
2157 5989 132 45 Wort
2338 5989 113 44 über
2499 5990 148 44 Herrn
2698 5989 156 46 Oskar
2905 5990 296 45 Kokoschka.

1747 6042 66 44 Es
1844 6044 60 43 ist
1935 6046 207 51 garnicht
2173 6046 207 53 möglich,
2413 6045 82 44 das
2527 6059 51 31 er
2598 6047 98 44 sich
2718 6047 143 43 selbst
2885 6050 128 42 ernst
3034 6060 28 31 n
3082 6052 108 40 mmt

1746 6097 281 46 Kokoschka
2073 6102 79 43 hat
2197 6101 57 43 da
2302 6103 102 42 eine
2435 6101 251 45 kolorierte
2719 6102 175 45 Plastik
2926 6104 275 54 hingestellt,

1748 6154 74 44 die
1844 6157 72 42 ein
1939 6156 295 45 Öffentliches
2255 6157 248 53 Aergernis
2528 6159 70 49 ist,
2623 6171 82 31 nur
2727 6158 245 51 widerlich,
2997 6162 205 51 garnicht

1750 6212 273 52 grauenhaft
2067 6213 112 44 aber
2208 6213 107 44 sehr
2346 6213 255 44 lächerlich.
2662 6214 114 44 Was
2809 6228 97 30 man
2941 6217 116 42 doch
3089 6219 113 41 alles

1753 6269 78 41 tun
1864 6279 136 39 muss,
2035 6268 140 44 damit
2205 6269 283 43 ästhetische
2518 6270 138 54 junge
2685 6270 192 55 Damen,
2910 6271 72 43 die
3004 6273 96 42 sich
3123 6282 79 35 vor

1752 6322 101 44 dem
1885 6323 180 54 Unding
2110 6328 176 51 stauen,
2320 6324 312 45 bewundernd
2663 6328 80 42 mit
2775 6329 85 41 den
2892 6327 310 46 Riesenhüten

1752 6379 191 55 wedeln,
1975 6380 90 46 und
2087 6381 58 45 im
2167 6379 181 49 Trance
2368 6380 216 49 flüstern:
2610 6382 154 58 „Nein,
2782 6383 82 46 der

3346 62 320 48 Berliner
3695 62 609 63 Lokal-Anzeiger

3499 128 90 44 Die
3621 128 436 55 Traumtragenden,
4090 130 425 45 Gobelinentwürfe
4559 143 86 33 von
4689 134 157 44 Oskar

3387 184 286 43 Kokoschka
3699 184 186 43 Würden
3917 186 134 53 jeden
4075 186 163 42 Felsen
4273 189 42 39 in
4338 186 217 45 Amerika
4577 201 81 31 zur
4678 190 167 43 Zierde

3391 241 259 53 gereichen.
3711 240 132 51 (Dies
3875 241 182 42 schrieb
4090 241 117 43 Herr
4238 242 165 42 Rudolf
4435 244 170 42 Lothar
4638 246 39 41 in
4711 245 130 53 jener

3388 297 288 53 glücklichen
3721 296 116 48 Zeit,
3878 298 68 41 als
3979 310 50 29 er
4059 299 117 41 noch
4207 298 101 42 fern
4340 307 87 34 von
4461 299 154 43 Berlin
4648 300 194 54 hauste).

3342 371 274 47 Wiener
3650 369 199 47 Mode

3506 436 282 43 Kokoschka
3862 439 183 51 erregte
4120 437 78 43 mit
4258 437 172 43 seinem
4492 437 132 44 Bilde
4685 446 160 46 grosse

3385 491 270 44 Heiterkeit.
3690 531 6 5 .
3731 527 6 6 .
3774 525 8 10 .
3815 492 150 44 Heute
3997 495 59 40 ist
4088 492 81 44 der
4190 493 212 53 Jüngling
4424 493 140 43 schon
4591 493 251 54 gefeiertes

3382 548 284 54 Schulhaupt
3698 583 7 9 .
3741 581 7 6 .
3782 580 9 8 .
3822 550 68 41 sie
3915 549 127 43 rufen
4071 550 74 42 ihn
4167 548 73 44 für
4262 552 86 40 den
4372 561 147 31 neuen
4542 548 300 55 Heilbringer,

3384 604 87 43 den
3519 604 465 43 heraufkommenden
4032 606 152 52 Mann,
4238 604 85 44 den
4370 605 343 43 Kunstmessias
4746 620 96 29 aus.

3385 659 110 43 Was
3528 662 58 41 ist
3619 662 134 40 ihnen
3786 663 115 39 noch
3934 662 169 42 Klimt?

3341 733 663 48 Oesterreichische
4047 733 415 52 Rundschau

3495 800 94 43 Vor
3637 801 157 42 diesen
3840 801 103 43 bald
3990 802 302 52 ungelenken,
4334 801 105 43 bald
4471 801 268 43 absichtlich
4771 802 70 43 ins

3382 854 234 44 Groteske
3663 857 263 52 spielenden
3973 858 394 53 perspektivlosen
4418 857 90 42 und
4541 857 71 43 für
4644 858 115 42 mkh
4798 857 40 43 in

3383 910 75 54 jed
3492 924 40 29 m
3580 911 219 43 Betracht
3850 913 115 43 auch
4018 914 230 42 sinnlosen
4301 912 162 44 Tafeln
4516 912 156 44 stockt
4723 914 118 42 mein

3386 966 299 43 Verständnis

3340 1039 225 47 Neues
3600 1041 274 46 Wiener
3907 1041 335 61 Tagblatt

3494 1105 187 43 Warum
3732 1105 81 44 der
3858 1106 209 44 Entwurf
4113 1109 72 41 die
4216 1107 422 54 Traumtragenden
4682 1109 155 51 heisst,

3384 1161 118 42 kann
3536 1162 70 42 ich
3640 1162 81 42 mir
3753 1162 246 54 allerdings
4031 1165 121 41 nicht
4186 1165 223 42 erklären.
4474 1164 239 42 Vielleicht
4745 1165 87 42 soll

3385 1229 50 31 er
3484 1217 305 52 ausdrücken,
3835 1218 81 42 das
3964 1220 144 41 einem
4141 1228 151 33 sowas
4323 1233 83 29 nur
4439 1221 55 41 im
4526 1219 188 43 Schlafe
4748 1221 69 41 ein-

3381 1272 139 43 fallen
3568 1272 135 43 kann.
3765 1274 133 50 (Dies
3943 1275 181 42 schrieb
4154 1277 223 41 natürlich
4412 1277 72 41 ein
4518 1276 234 43 Humorist
4787 1300 45 5 —

3383 1329 80 42 der
3495 1328 117 42 Herr
3642 1329 190 52 Poetzl.)

3341 1402 121 46 Die
3503 1401 308 47 Zukunft

3495 1468 63 41 Es
3590 1470 181 40 müssen
3806 1469 42 41 in
3880 1470 171 41 seinem
4084 1469 164 43 Talent
4280 1470 73 42 die
4385 1470 449 44 Manneseindrücke

3380 1536 53 30 so
3465 1524 141 48 stark,
3657 1524 90 41 und
3778 1525 128 41 seine
3936 1525 238 43 formende
4205 1525 240 53 Fähigkeit
4477 1540 50 29 so
4560 1534 132 45 gross
4723 1528 114 48 sein,

3384 1580 108 42 dass
3538 1580 95 41 sich
3681 1579 74 42 für
3803 1580 279 42 Kokoschka
4130 1582 134 41 keine
4311 1582 153 42 edlere
4512 1581 222 55 Aufgabe,
4769 1583 68 41 als

3384 1636 72 41 die
3489 1635 82 42 des
3603 1636 228 42 Portraits
3863 1636 177 42 denken
4080 1637 148 45 liesse,
4262 1636 82 44 das
4383 1640 284 40 wesenhafte
4710 1641 56 39 eir
4787 1650 50 30 es

3390 1691 471 43 Menschenantlitzes
3892 1704 55 29 zu
3980 1692 242 45 enthüllen.
4284 1693 127 50 (Max
4444 1693 143 52 Meli.)

4566 1753 206 45 Trust

3326 1997 709 139 Jugendromane

3327 2168 122 51 Von
3488 2168 132 51 Otto
3661 2168 218 52 Stoessl

3453 2298 108 48 Daß
3598 2300 112 47 dem
3745 2299 114 49 Esel
3894 2300 195 48 Disteln
4153 2301 179 47 besser
4397 2298 323 56 schmecken,
4754 2298 73 49 als

3329 2367 470 50 Himmelschlüssel
3832 2370 96 46 und
3959 2370 419 55 Märzenbecher,
4410 2371 64 46 ist
4504 2383 101 33 von
4638 2370 191 46 seinem

3329 2436 322 55 Standpunkt
3679 2438 252 48 durchaus
3956 2438 306 55 begreiflich.
4322 2437 112 48 Und
4460 2452 108 33 wer
4596 2437 106 48 sich
4727 2451 101 33 von

3330 2508 137 46 eines
3507 2507 296 47 Grautieres
3843 2507 320 48 Geschmack
4202 2508 77 46 die
4348 2509 175 54 eigene
4590 2506 239 54 Nahrung

3330 2576 284 46 ordinieren
3645 2575 103 48 läßt
3780 2614 8 8 .
3826 2614 8 8 .
3874 2614 7 8 .

3454 2643 102 48 Der
3583 2644 237 53 Yah-Ruf
3846 2646 63 46 ist
3935 2647 108 45 eine
4069 2645 173 56 Kritik,
4268 2646 121 47 aber
4418 2659 52 33 er
4496 2646 128 45 wird
4653 2647 178 44 immer

3329 2714 129 47 auch
3495 2729 88 32 zur
3654 2713 198 49 Parole.
3924 2713 142 48 Denn
4137 2715 160 47 selbst
4367 2715 79 47 die
4519 2714 312 55 einsilbigste

3329 2781 291 49 Dummheit
3653 2783 115 46 muß
3803 2783 128 47 noch
3964 2784 340 54 nachgeahmt
4337 2784 224 46 werden.
4630 2783 51 47 In
4716 2783 114 46 dem

3329 2850 594 57 Rezensentengeschrei
3964 2855 63 45 ist
4098 2852 206 49 letzthin
4380 2854 77 46 ein
4531 2852 299 48 ernstliches

3329 2919 387 50 Widerstreben
3788 2934 163 43 gegen
3992 2920 221 48 Primeln
4286 2922 99 46 und
4426 2921 405 48 Märzenbecher

3329 3004 116 33 zum
3472 2990 268 48 Ausdruck
3767 2990 322 56 gekommen,
4119 2991 89 47 das
4238 3004 159 41 graue
4424 2989 158 49 Elend
4611 2990 86 48 hat
4725 2990 105 48 sich

3328 3071 165 43 gegen
3521 3060 78 46 die
3627 3059 198 55 Jugend
3849 3059 249 56 gewehrt,
4126 3060 79 46 die
4233 3059 159 53 Kritik
4419 3059 86 47 hat
4533 3059 107 48 sich
4666 3071 164 44 gegen

3331 3129 78 47 die
3450 3128 412 56 Jugendromane
3905 3128 430 57 ausgesprochen.
4412 3128 184 48 Immer
4638 3129 193 47 wieder

3329 3202 173 43 müsse
3534 3211 115 34 man
3679 3228 63 4 —
3773 3198 356 52 Rezensenten
4193 3199 110 48 sind
4369 3198 128 48 auch
4771 3226 61 7 —

3331 3267 139 47 diese
3509 3265 208 49 Dichter
3754 3280 103 33 von
3897 3267 88 46 der
4024 3266 197 55 Jugend
4261 3266 236 48 erzählen
4536 3266 171 48 hören.
4780 3266 51 48 In

3331 3336 87 45 der
3452 3348 198 42 ganzen
3686 3335 253 48 Literatur
3975 3336 130 46 halle
4140 3349 53 34 es
4229 3349 103 33 von
4367 3335 434 56 Kinderstubenge-

3329 3404 180 56 schrei,
3545 3404 397 53 Knabentorheit
3978 3406 97 46 und
4141 3403 690 56 Entwicklungsschmerzen

3330 3474 98 46 und
3465 3475 76 45 ein
3577 3474 282 47 besonders
3895 3473 168 48 Tiefer
4098 3476 202 53 meinte,
4336 3474 78 47 die
4450 3473 189 49 Schuld
4676 3474 156 47 daran

3330 3543 128 53 liege
3507 3542 136 48 wohl
3694 3545 45 45 in
3792 3543 87 46 der
3929 3541 288 56 mächtigen
4266 3542 302 56 Bewegung
4621 3556 211 34 unserer

3330 3611 154 57 Tage,
3511 3611 107 57 „für
3647 3612 89 47 das
3996 3610 217 49 Wieviel
4239 3611 266 55 wichtiger
4533 3613 140 46 seien
4704 3612 128 48 doch

3330 3681 78 46 die
3453 3679 296 49 Schicksale
3794 3681 88 47 des
3928 3680 233 56 Mannes,
4207 3681 100 47 und
4350 3695 111 33 was
4509 3681 322 55 dergleichen

3330 3749 333 48 Stoßseufzer
3698 3749 128 47 nach
3863 3750 94 46 den
3994 3749 195 48 Disteln
4225 3749 142 48 mehr
4402 3764 193 33 waren.

3454 3817 559 57 Nichtsdestoweniger
4053 3819 270 48 erdreistet
4361 3819 107 47 sich
4507 3819 79 47 die
4654 3819 177 55 Kunst,

3330 3901 91 35 nur
3451 3888 78 47 die
3555 3887 239 56 Nahrung
3820 3902 61 32 zu
3909 3887 232 57 nehmen,
4169 3888 79 47 die
4276 3888 74 47 ihr
4378 3891 195 53 zusagt.
4633 3888 106 48 Das
4768 3889 64 47 ist

3307 3957 114 47 'das
3460 3959 150 45 naive
3648 3955 239 49 Problem
3926 3957 88 47 des
4349 3959 46 45 in
4435 3958 88 46 der
4561 3956 270 56 Dichtung.

3331 4024 103 49 Das
3695 4027 64 46 ist
3795 4027 109 45 eine
3938 4026 183 47 höchst
4155 4026 335 56 persönliche,
4526 4026 275 56 geheimnis-

3330 4095 135 47 volle
3492 4095 97 47 und
3616 4094 542 48 selbstverständliche
4185 4094 166 48 Sache
4376 4096 141 52 jedes
4545 4094 287 57 Einzelnen,

3330 4177 92 33 nur
3451 4164 90 48 das
3777 4162 314 49 entscheidet
4119 4164 122 47 über
4271 4166 107 46 sein
4410 4164 162 53 Recht
4602 4165 98 47 und
4729 4164 69 48 Un-

3330 4233 157 47 recht.
3554 4231 93 49 Die
3682 4232 240 55 siegende
3957 4231 415 57 Notwendigkeit
4407 4234 172 47 macht
4616 4235 77 47 die
4731 4236 77 46 ein-

3330 4303 112 54 zige
3484 4300 166 49 Moral
3696 4302 88 47 des
3831 4300 405 49 künstlerischen
4280 4301 255 57 Zwanges
4583 4317 105 34 aus.
4767 4302 66 50 Es

3329 4370 105 56 gibt
3469 4370 180 48 keinen
3683 4374 154 52 guten
3871 4371 122 47 oder
4028 4370 295 49 schlechten
4357 4372 135 48 Stoff
4527 4374 88 46 der
4649 4372 186 49 Poesie

3330 4455 62 33 an
3430 4441 121 48 sich.
3621 4439 112 49 Und
3770 4441 255 48 vielleicht
4064 4455 110 33 war
4214 4456 54 34 es
4307 4442 79 48 die
4423 4442 295 57 großartige
4757 4442 52 49 In-

3330 4509 535 57 stinktgebundenheit
3900 4511 88 46 der
4025 4510 177 58 Kunst,
4238 4512 80 47 die
4354 4525 93 35 uns
4483 4526 90 34 zur
4610 4511 225 51 Einsicht

3329 4579 213 57 verhalf,
3579 4579 93 47 daß
3710 4593 55 35 es
3815 4579 128 49 auch
4009 4579 147 49 keine
4222 4595 63 33 an
4351 4582 107 47 sich
4523 4585 121 53 gute
4711 4583 124 47 oder

3330 4649 260 48 schlechte
3622 4648 267 57 Handlung
3921 4650 121 56 gibt,
4091 4651 237 58 sondern,
4393 4650 96 49 daß
4550 4652 114 53 jede
4730 4656 105 44 erst

3332 4719 157 47 durch
3560 4720 77 47 die
3705 4717 406 50 Persönlichkeit
4181 4719 74 49 ihr
4323 4719 361 50 Wortzeichen
4756 4736 52 33 er-

3331 4787 117 49 hält.
3522 4788 93 48 Die
3655 4790 194 54 einzige
3887 4788 378 50 Unsittlichkeit
4306 4791 88 48 der
4434 4790 162 54 Kunst
4638 4793 63 46 ist
4743 4792 91 48 das

3330 4857 329 55 vergebliche
3697 4856 201 49 Wollen
3938 4860 99 46 und
4077 4864 105 44 erst
4251 4860 134 47 beim
4453 4860 382 55 fragwürdigen

3331 4924 191 49 Werke
3547 4926 107 56 gibt
3680 4941 54 34 es
3763 4929 110 45 eine
3898 4928 243 55 gerechte
4165 4927 165 57 Frage
4356 4929 130 48 nach
4513 4930 114 47 dem
4655 4929 179 48 Stoffe.

3456 4994 214 49 Freilich
3707 4997 192 47 enthält
3935 4998 90 48 das
4059 4997 173 49 Leben
4267 4998 175 57 selbst,
4510 4999 79 47 die
4658 4997 179 59 Quelle

3333 5065 98 47 und
3467 5063 242 60 Nahrung
3748 5067 98 46 und
3882 5065 301 58 Bedingung
4220 5068 142 53 jedes
4402 5068 310 57 Gestaltens,
4748 5081 59 43 ge-

3331 5136 158 46 wisse
3525 5134 108 48 sich
3669 5136 325 47 unmittelbar
4031 5136 237 50 bietende
4302 5136 215 59 Motive,
4555 5139 154 47 deren
4746 5136 61 50 Er-

3329 5203 276 55 giebigkeit
3641 5204 277 56 unbedingt
3951 5206 130 47 nach
4119 5206 89 48 der
4275 5208 348 54 schöpfenden
4689 5206 148 49 Hand

3330 5273 252 55 verlangt.
3652 5273 258 57 Vermöge
3951 5274 134 49 ihrer
4124 5275 371 57 Sinnfälligkeit
4566 5278 100 46 und
4737 5276 67 49 Ge-

3331 5342 271 54 gebenheit
3646 5342 131 48 üben
3822 5346 74 46 sie
3939 5346 96 46 den
4079 5345 261 50 stärksten
4385 5345 138 57 Reiz,
4567 5360 91 35 aus
4704 5345 134 50 ihrer

3333 5411 269 55 typischen
3644 5411 180 51 Masse
3867 5414 92 48 das
4002 5413 312 60 Besondere,
4359 5429 91 34 aus
4494 5415 133 48 ihrer
4668 5416 141 56 Allge-

3333 5481 429 57 meinbedeutung
3798 5483 90 49 das
3924 5483 328 50 Individuelle
4287 5499 62 33 zu
4384 5484 156 50 lösen.

3457 5550 71 49 Zu
3560 5551 173 49 diesen
3765 5550 399 51 ökumenischen
4194 5553 234 49 Motiven
4458 5553 227 57 gehören
4716 5567 92 35 vor-

3334 5620 196 55 züglich
3567 5621 80 47 die
3680 5618 274 52 Probleme
3991 5623 89 48 der
4114 5622 334 50 Lebensalter
4514 5622 175 58 selbst,
4759 5624 80 48 die

3332 5701 132 43 ganz
3493 5688 389 58 geheimnisvoll
3914 5694 89 46 mit
4035 5693 89 46 der
4153 5692 159 48 Natur
4345 5692 88 47 der
4466 5692 371 50 dichterischen

3333 5757 219 50 Formen
3585 5760 345 49 verwachsen
3963 5762 125 48 sind.
4153 5761 170 48 Schon
4389 5762 45 46 in
4502 5761 88 48 der
4655 5762 155 49 äußer-

3334 5827 163 49 lichen
3539 5828 466 58 Unterscheidung:
4052 5828 135 57 Epos
4232 5830 99 47 und
4373 5828 208 59 Drama,
4626 5831 213 52 erkennt

3334 5910 117 35 man
3489 5897 372 51 Unterschiede
3900 5914 104 33 von
4042 5898 373 50 Lebensstufen
4456 5899 176 50 selbst.
4736 5900 106 52 Der

3334 5967 166 52 jedem
3539 5968 141 53 Alter
3719 5968 405 48 innewohnende
4164 5967 307 59 Rhythmus,
4511 5970 92 50 das
4643 5971 198 54 jeweils

3335 6036 311 49 veränderte
3684 6036 121 48 Maß
3843 6050 105 34 von
3988 6036 214 50 Instinkt
4240 6039 100 47 und
4378 6037 335 53 Bewußtsein
4753 6042 60 49 be-

3335 6106 139 55 dingt
3504 6107 140 47 diese
3673 6103 514 52 Ausdrucksformen.
4251 6106 94 50 Die
4376 6108 333 52 dialektische
4740 6111 68 49 Ge-

3335 6174 424 56 gensätzlichkeit
3801 6174 90 49 des
3932 6174 219 59 Lebens,
4194 6176 79 48 die
4315 6178 345 51 dramatische
4701 6180 113 51 Nöti-

3335 6257 137 43 gung
3496 6257 116 35 zum
3639 6243 224 57 Austrag
3891 6244 279 55 entspricht
4198 6246 114 49 dem
4340 6246 365 53 Mannesalter.
4735 6249 107 53 Das

3336 6312 267 50 unendlich
3641 6312 329 50 wechselnde
4006 6313 416 53 Vorüberziehen
4491 6333 104 35 von
4666 6318 147 61 Ereig-

3335 6385 174 50 nissen
3544 6383 100 51 und
3677 6381 221 61 Figuren
3931 6397 66 37 an
4032 6384 98 51 den
4164 6385 218 54 wahllos
4418 6388 424 63 aufnehmenden,
