3533 4366
1907 145 1138 254 Musik-Zeitung

995 450 115 114 für
1176 445 558 122 liunstfrranie
1798 445 145 119 tmit
2006 445 394 117 iSnstler.

136 696 412 64 Herausgegeben
593 712 94 35 von
729 695 252 53 Professor
1025 693 66 57 L.
2155 693 275 76 Bischoff.
1578 698 182 63 Verlag
1800 698 87 48 der
2866 698 397 63 Buchhandlung.

232 1021 224 37 Inhalt.

513 1024 186 36 Händel's
725 1025 119 35 Israel
870 1027 39 33 in
939 1027 214 47 Aegypten.
1261 1028 174 35 Judith
1473 1029 144 34 Pasta
1651 1025 235 47 (Nekrolog).
1994 1027 95 34 Aus
2125 1028 371 46 Braunschweig
2524 1028 342 47 (Vorbereitungen
2896 1041 85 23 zum
3011 1030 254 48 Musikfeste).

134 1083 111 36 Verdi
271 1082 80 35 und
380 1084 180 45 Wagner.
682 1086 176 45 Tages-
901 1088 92 34 und
1033 1087 536 46 Unterhaltungsblatt
1604 1085 158 46 (Berlin,
1794 1087 97 43 „Die
1919 1086 142 35 schöne
2306 1085 133 37 Stabat
2469 1089 127 33 Mater
2624 1100 74 22 von
2726 1090 42 32 F.
2799 1089 99 44 Kiel,
2945 1091 98 32 Frau
3074 1090 194 47 Crelinger

206 1144 141 43 Mainz,
374 1144 555 49 Musikfest-Vorbereitungen
1037 1148 220 43 Karlsruhe,
1287 1147 494 35 Abonnements-Concerte
1806 1157 7 6 *
1813 1166 43 5 —
1887 1147 196 44 Stuttgart,
2114 1147 161 34 Theater
2381 1147 253 34 Finanzielles
2663 1159 46 22 zu
2740 1148 174 45 „Tristan
2944 1149 76 34 und

133 1204 120 42 Wien,
284 1204 100 35 Frau
412 1204 359 45 Bach-Marschner,
801 1206 112 46 Oper,
945 1206 147 35 Anzahl
1122 1207 64 34 der
1213 1207 175 45 Theater,
1419 1206 65 36 Ed.
1520 1206 185 35 Hanslick
1813 1208 106 45 Prag,
1949 1208 99 33 Frau
2079 1208 212 34 Dustmann
2400 1208 255 34 Guido-Feier
2761 1208 120 33 Franz
2911 1207 130 45 Liszt).

441 1374 190 55 Händel’
651 1393 23 36 s
716 1376 160 54 Israel
915 1378 52 52 in
1008 1377 258 72 Aegypten

1279 1382 55 65 *)•

249 1512 156 47 Dieses
429 1512 270 48 Oratorium
726 1513 78 48 hat
833 1514 99 48 eine
962 1515 385 64 eigenthümliche
1376 1517 286 59 Entstehung

133 1589 90 48 und
268 1588 254 48 besondere
551 1589 259 48 Schicksale
853 1592 184 63 gehabt.
1097 1594 77 46 Als
1209 1593 174 47 Händel
1432 1593 59 47 im
1521 1593 141 47 Jahre

138 1665 142 51 1738
306 1665 85 49 den
628 1668 297 62 geschrieben
960 1669 89 47 und
1082 1670 72 47 ihn
1181 1686 71 31 am
1280 1668 85 49 27.
1392 1670 273 63 September

134 1743 217 65 beendigt
381 1743 139 54 hatte,
553 1743 181 65 begann
765 1762 49 30 er
842 1745 91 49 vier
964 1748 127 62 Tage
1120 1747 178 56 darauf,
1338 1764 71 30 am
1450 1747 41 48 1.
1524 1748 112 47 Octo-

134 1820 97 55 ber,
273 1820 165 56 „Israel
470 1822 41 47 in
864 1823 89 47 und
985 1841 120 31 zwar
1135 1824 269 65 denjenigen
1436 1824 128 47 Theil
1588 1824 78 47 des

137 1898 217 54 Werkes,
386 1898 198 47 welcher
618 1899 109 62 jetzt
769 1898 85 48 den
896 1902 238 45 zweiten
1179 1900 157 50 bildet.
1397 1902 57 47 Er
1502 1902 164 47 wählte

133 1993 99 30 zum
264 1975 123 48 Stoff
410 1975 85 47 den
538 1977 305 63 „Lobgesang
876 1978 161 47 Moses'
1069 1978 89 47 und
1191 1979 80 47 der
1305 1979 172 47 Kinder
1506 1979 160 48 Israels

134 2069 71 32 am
240 2053 161 48 rotben
657 2055 88 46 und
788 2055 116 61 legte
945 2057 78 45 mit
1066 2058 218 62 geringen
1326 2058 339 62 Auslassungen

133 2130 79 48 das
242 2130 80 48 15.
350 2130 172 62 Capitel
553 2130 77 47 des
661 2130 252 48 2.'Buches
943 2134 148 46 Moses
1120 2133 73 62 (V.
1226 2134 18 47 1
1272 2134 155 61 —2l)
1460 2135 64 46 als
1550 2135 116 47 Text

132 2224 100 29 zum
279 2206 212 55 Grunde;
539 2223 73 30 am
659 2208 81 48 11.
772 2209 206 47 October
1026 2227 96 30 war
1163 2210 71 47 die
1280 2211 199 47 Partitur
1519 2210 146 65 fertig.

138 2284 179 47 Darauf
341 2284 108 62 ging
481 2300 48 31 er
558 2285 115 46 nach
706 2285 90 46 vier
828 2286 176 63 Tagen,
1037 2303 70 30 am
1148 2286 78 50 15.
1252 2288 222 58 October,
1507 2304 55 31 an
1595 2288 71 48 die

137 2360 310 65 Composition
478 2359 78 48 des
585 2368 192 40 ersten
810 2361 197 54 Theiles,
1036 2363 41 47 in
1111 2365 217 46 welchem
1361 2382 50 29 er
1440 2364 85 47 den
1550 2364 122 48 Stoff

133 2436 142 47 durch
308 2436 71 47 die
411 2438 217 64 Sendung
661 2439 163 47 Moses'
856 2441 113 45 nach
1003 2443 237 62 Aegypten
1287 2443 88 45 und
1418 2441 71 49 die
1520 2443 119 47 Schil-

134 2514 177 63 derung
335 2515 80 47 der
442 2515 217 48 Wunder
688 2516 89 47 und
811 2518 187 63 Plagen,
1030 2519 141 47 durch
1204 2519 69 47 die
1308 2520 178 47 Pharao
1511 2521 39 46 in
1577 2520 86 47 den

133 2592 184 63 Auszug
348 2591 81 48 der
461 2592 231 47 Israeliten
725 2610 51 29 zu
809 2595 194 58 willigen
1037 2595 224 65 bewogen
1295 2596 175 57 wurde,
1502 2598 41 47 in
1572 2598 60 45 Zu-

134 2670 404 62 sammenstellung
581 2685 83 32 von
698 2671 344 48 Textesworten
1083 2689 80 32 aus
1206 2674 84 47 den
1333 2675 208 47 Psalmen
1574 2674 89 54 68,

144 2746 99 50 105
275 2747 90 47 und
406 2746 104 51 106
544 2752 214 59 ergänzte
793 2751 88 46 und
915 2766 71 31 am
1019 2751 211 47 Schlüsse
1261 2752 115 47 auch
1407 2752 138 49 schon
1577 2751 85 48 den

137 2824 180 63 Auszug
348 2824 138 48 selbst
515 2825 90 47 und
636 2825 84 47 den
755 2826 267 71 Untergang
1051 2829 80 47 der
1158 2829 239 63 Verfolger
1426 2830 58 47 im
1510 2830 155 47 Meere

134 2901 250 55 erwähnte,
428 2904 62 45 als
541 2902 340 66 Veranlassung
917 2905 77 47 des
1038 2905 241 65 folgenden
1323 2906 338 65 Lobgesanges.

136 2979 163 48 Diesen
340 2980 128 47 Theil
508 2980 251 48 vollendete
801 2998 50 30 er
892 2998 72 31 am
998 2982 85 50 28.
1116 2984 222 55 October,
1385 3000 48 32 so
1474 2984 100 48 dass
1614 3000 48 32 er

133 3056 91 48 also
268 3056 80 50 das
388 3074 142 48 ganze
572 3057 268 50 Oratorium
889 3059 166 49 binnen
1097 3061 89 56 25,
1229 3062 112 47 oder
1380 3079 130 30 wenn
1558 3079 103 30 man

134 3133 327 67 Chrysander's
494 3136 299 64 Angabe**):
843 3137 91 55 „als
965 3137 68 49 ein
1068 3139 172 48 Ganzes
1272 3155 95 32 war
1398 3139 79 48 das
1510 3139 148 49 Werk

132 3226 68 33 am
233 3211 42 49 1.
299 3212 262 48 November
889 3215 370 66 berücksichtigt,
1285 3216 164 48 binnen
1475 3216 68 48 27
1572 3217 59 47 Ta-

133 3304 83 48 gen
247 3290 299 62 geschrieben
579 3290 90 48 hat.

245 3367 151 48 Schon
439 3367 69 48 bei
551 3367 80 48 der
671 3368 357 65 Beschäftigung
1068 3370 80 48 mit
1185 3370 101 48 dem
1536 3371 125 48 hatte

130 3459 49 31 er
207 3443 86 50 den
325 3445 270 57 Gedanken,
627 3446 79 48 das
734 3446 59 48 im
823 3447 142 48 Jahre
995 3447 141 51 1737
1172 3447 75 64 (im
1276 3448 276 63 December)
1582 3466 51 47 ge-

129 3521 266 51 schriebene
419 3525 197 48 Anthem
650 3525 81 48 auf
755 3525 85 48 den
872 3525 99 48 Tod
1003 3525 80 48 der
1116 3526 198 62 Königin
1347 3527 211 48 Caroline
1581 3526 76 48 da-

229 3719 39 48 *)
297 3724 60 33 Da
382 3723 231 37 Händel's
644 3724 181 49 „Israel
852 3727 46 34 in
1246 3740 170 36 morgen,
1445 3740 60 24 am
1533 3732 124 32 ersten

126 3781 156 39 Abende
311 3784 66 36 des
404 3781 62 39 42.
497 3785 495 38 niederrheinischen
1022 3788 341 46 Musikfestes,
1393 3789 81 36 hier
1495 3789 39 34 in
1556 3788 101 35 Köln

126 3843 216 46 aufgeführt
369 3846 106 44 wird,
517 3858 41 22 so
602 3846 229 36 entnehmen
861 3848 69 34 wir
967 3847 84 36 dem
1081 3849 251 35 Vorworte
1381 3861 86 23 zum
1509 3849 120 34 Text-

124 3900 150 38 buche
310 3905 61 35 für
399 3903 101 39 1865
530 3905 60 36 die
631 3905 137 47 obigen
798 3907 294 47 Bemerkungen
1121 3908 93 35 über
1243 3908 66 35 das
1339 3909 129 45 Werk,
1514 3908 144 36 welche

124 3962 96 34 auch
248 3964 61 35 für
338 3967 153 34 weitere
521 3967 134 34 Kreise
685 3967 106 34 nicht
820 3968 99 34 ohne
947 3969 189 34 Interesse
1167 3969 81 35 sein
1279 3969 161 36 dürften.

224 4023 59 48 **)
313 4027 217 34 Vorwort
567 4039 65 22 zur
660 4028 208 46 Lieferung
897 4028 113 35 XVI:
1045 4029 185 46 „Israel
1275 4030 44 34 in

123 4083 36 34 in
189 4085 64 35 der
280 4088 181 44 Ausgabe
492 4088 65 35 der
586 4089 208 35 deutschen
825 4089 442 35 Händel-Gesellschaft.

1759 1364 67 46 bei
1858 1381 50 29 zu
1944 1363 237 53 benutzen,
2222 1364 90 61 gab
2357 1366 75 45 ihn
2475 1364 110 47 aber
2623 1364 168 47 wieder
2828 1367 88 44 auf.
2971 1367 116 46 Jetzt
3120 1367 151 47 schien

1756 1441 91 45 ihm
2124 1457 50 31 zu
2222 1441 107 47 kurz
2375 1444 73 44 lür
2489 1441 70 47 die
2597 1442 278 61 Ausfüllung
2914 1442 120 47 eines
3073 1442 202 56 Abends,

1759 1517 88 47 und
1879 1533 47 29 so
1958 1518 244 47 entschloss
2232 1535 47 30 er
2310 1518 109 52 sich,
2462 1517 78 48 das
2576 1533 141 49 ganze
2745 1515 210 51 Futteral
2982 1517 200 49 Anthem
3210 1521 62 45 als

1759 1602 146 39 ersten
1935 1596 127 45 Theil
2104 1603 130 39 unter
2265 1596 101 46 dem
2399 1596 141 46 Titel:
2582 1596 209 62 »Klage
2833 1597 97 45 der
2974 1597 302 47 Israeliten

1760 1688 82 31 um
1873 1673 256 62 Joseph's
2363 1673 80 47 der
2472 1681 148 39 ersten
2645 1673 301 62 Aufführung
2970 1673 76 47 des

1757 1749 277 60 zuzugeben.
2094 1749 133 48 Diese
2258 1749 299 64 Aufführung
2602 1749 103 47 fand
2749 1749 84 47 den
2877 1749 47 48 4.
2957 1749 125 64 April
3129 1749 142 50 1739

1759 1825 141 54 Statt;
1948 1824 66 48 bei
2047 1825 85 47 den
2170 1830 206 60 späteren
2418 1827 97 47 liess
2545 1843 48 29 er
2623 1827 78 47 das
2731 1827 403 47 Trauer-Anthem
3168 1827 80 48 wie-

1759 1903 80 47 der
1869 1919 118 44 weg,
2032 1904 90 46 und
2152 1905 238 46 versuchte
2420 1904 259 64 überhaupt
2710 1905 77 46 auf
2816 1904 272 47 mancherlei
3123 1905 154 47 Weise

1856 1980 64 47 oft
1950 1980 278 47 wunderlich
2261 1997 150 47 genug
2535 1980 100 47 dem
2668 1980 220 49 londoner
2914 1980 258 57 Publicum,
3210 1980 70 49 bei

1761 2058 219 47 welchem
2004 2058 81 47 der
2369 2059 41 47 in
2438 2058 309 47 Deutschland
2777 2059 62 46 als
2862 2058 121 47 eines
3008 2058 79 47 der
3110 2058 144 63 genial-

1759 2142 96 38 sten
1901 2134 89 47 und
2034 2134 302 47 erhabensten
2381 2134 340 48 Meisterwerke
2763 2133 269 63 anerkannt,
3084 2134 195 48 keinen

1764 2210 156 64 Erfolg
1952 2211 138 53 hatte,
2119 2211 79 47 das
2226 2211 147 47 Werk
2404 2211 270 47 mundrecht
2702 2229 51 29 zu
2785 2210 203 48 machen.
3020 2211 106 47 Wir
3152 2213 93 47 kom-

1761 2304 102 31 men
1896 2289 80 47 auf
2001 2288 69 47 die
2101 2289 267 49 Geschichte
2399 2288 78 48 der
2508 2289 357 63 Aufführungen
2895 2288 43 48 in
2965 2288 207 64 England
3203 2307 49 29 zu-

1765 2366 127 52 rück,
1938 2366 97 46 weil
2077 2366 63 46 sie
2179 2366 246 47 besonders
2457 2366 75 47 für
2562 2365 252 66 diejenigen
2847 2366 221 46 lehrreich
3098 2366 69 55 ist,
3209 2366 70 47 die

1759 2441 57 49 da
1847 2443 86 47 den
1968 2444 259 47 Deutschen
2259 2444 70 47 die
2371 2444 306 62 Eigenschaft,
2721 2444 175 47 Händel
2937 2460 51 31 zu
3030 2445 246 52 erkennen,

1759 2519 57 47 im
1851 2520 280 62 Gegensatze
2173 2538 50 29 zu
2269 2520 85 47 den
2402 2520 287 60 Engländern
2735 2520 334 65 abzusprechen
3115 2519 162 57 lieben,

1760 2596 214 49 während
1999 2598 67 47 ein
2084 2614 48 31 so
2156 2598 283 47 constatirtes
2458 2598 259 54 Missfallen,
2739 2598 314 47 wieHändel's

1757 2690 46 32 es
1834 2675 40 47 in
1911 2675 204 64 England
2147 2675 189 55 erlebte,
2367 2674 91 48 und
2489 2675 79 47 das
2592 2675 316 64 Liegenlassen
2940 2674 190 48 anderer
3153 2675 90 47 Ora-

1757 2752 144 47 torien
1941 2769 83 30 von
2068 2752 92 47 ibm
2206 2752 40 47 in
2302 2752 226 65 England,
2576 2752 70 47 die
2688 2752 41 47 in
2769 2751 308 48 Deutschland
3121 2751 156 64 häußg

1757 2830 89 46 und
1879 2831 79 46 mit
1988 2829 159 64 Erfolg
2190 2831 206 61 gegeben
2438 2830 201 56 werden,
2677 2831 68 46 ein
2778 2830 149 47 klarer
2959 2830 172 47 Beweis
3172 2845 100 32 vom

1757 2906 268 64 Gegentheil
2054 2906 68 50 ist.

1875 2984 155 48 Wenn
2063 2984 361 64 Chrysander
2461 2984 194 63 (Händel
2688 2984 54 47 11.
2772 2982 44 49 S.
2850 2981 128 65 445)
3021 2982 79 47 mit
3130 2982 145 49 Recht

1756 3078 145 45 gegen
1933 3061 69 47 die
2044 3061 357 56 „schmachvolle
2922 3059 76 48 des
3043 3060 115 47 eben
3200 3076 48 32 er-

1757 3139 210 48 wähnten
2004 3137 211 50 Funeral
2245 3136 201 52 Anthem
2485 3155 52 31 zu
2582 3140 146 46 einem
2775 3137 501 47 Passions-Oratorium

1757 3215 141 48 durch
1920 3215 70 48 die
2009 3216 260 47 Deutschen
2295 3216 87 48 als:
2419 3215 401 65 „Empfindungen
2844 3231 72 31 am
2942 3215 153 47 Grabe

1756 3292 146 55 eifert,
1926 3292 130 48 dabei
2085 3292 110 48 aber
2218 3293 102 47 dem
2340 3293 355 49 Rationalismus
2716 3293 130 46 einen
2863 3291 127 48 Theil
3015 3291 80 47 der
3110 3290 167 48 Schuld

1755 3370 231 48 zuschiebt
2010 3370 90 48 und
2129 3387 73 32 am
2226 3371 131 47 Ende
2386 3371 202 48 ausruft:
2622 3371 75 56 „In
2719 3370 143 47 einem
2890 3367 172 55 Lande,
3090 3384 69 31 wo
3190 3368 65 47 sol-

1756 3447 104 48 ches
1886 3448 195 60 möglich
2267 3448 161 60 (Weh'
2452 3464 83 31 uns
2552 3446 384 63 Verdammten!),
2961 3461 121 41 „wer
3101 3445 179 48 möchte

1755 3526 91 47 sich
1879 3526 240 55 wundern,
2148 3525 101 49 dass
2279 3525 177 48 Händel
2488 3525 96 48 hier
2612 3541 48 32 so
2689 3526 204 61 langsam
2923 3522 357 62 durchdringen,

1756 3603 100 49 dass
1880 3605 121 47 seine
2027 3605 185 48 wahren
2239 3603 148 49 Ideale
2413 3603 85 47 bei
2531 3620 99 30 uns
2651 3619 49 31 so
2723 3606 93 61 spät
2843 3601 193 48 erkannt

1847 3697 50 32 so
1930 3681 76 48 hat
2035 3697 50 32 er
2113 3697 255 47 vergessen,
2399 3687 189 52 erstens,
2612 3680 102 48 dass
2736 3678 79 49 der
2844 3677 256 65 gläubigste
3123 3677 129 65 Mysti-

1755 3760 165 47 cismus
1948 3758 80 49 viel
2060 3763 177 60 ärgere,
2281 3760 99 47 weil
2414 3757 162 66 widrig
2604 3757 218 48 sinnliche
2852 3756 315 63 Beziehungen
3200 3755 80 46 auf

1756 3836 207 49 Christus
1981 3837 42 48 in
2044 3836 92 51 den
2136 3836 184 51 Texten
2340 3837 113 47 alter
2471 3835 594 64 Kirchen-Compositionen
3090 3838 185 57 erzeugt

1755 3915 103 55 hat;
1888 3915 227 52 zweitens,
2134 3913 101 49 dass
2260 3913 175 49 Händel
2460 3913 139 49 selbst
2626 3913 119 49 seine
2766 3911 162 54 Musik,
2945 3911 136 47 deren
3100 3907 145 49 Ueber-

1753 3998 200 57 tragung
1978 3992 80 47 auf
2071 3991 204 48 Christus
2303 3992 92 53 „als
2416 3992 129 48 einen
2562 3989 243 51 Menschen
2829 3986 247 63 erniedrigt
3098 3984 177 55 wurde,

1755 4069 98 49 weil
1894 4071 61 45 sie
2001 4086 85 30 nur
2124 4068 112 48 dazu
2282 4069 140 53 dient,
2471 4069 98 47 eine
2617 4068 98 48 edle
2758 4066 177 47 Fürstin
2977 4063 40 48 in
3063 4062 212 49 höchster

2974 4143 66 49 22

2753 850 122 55 XIII.
2917 852 269 71 Jahrgang.

207 844 79 53 Mr.
330 845 82 54 22.

1415 838 172 76 KÖLN,
1631 849 47 52 3.
1718 848 122 52 Juni
1883 848 136 53 1805.
