3533 4366
1762 154 99 46 172

236 309 66 46 Im
335 307 237 63 folgenden
609 306 140 47 Jahre
788 321 111 46 sang
940 304 62 46 sie
1043 302 42 47 in
1124 301 208 52 London,
1378 298 88 47 und
1509 297 112 48 auch
1655 297 100 46 dort

239 384 187 47 brachte
454 383 61 46 sie
546 382 159 47 keinen
738 379 281 49 besonderen
1053 377 229 47 Eindruck
1316 376 175 47 hervor.

353 462 73 46 Sie
455 461 107 62 ging
592 459 113 47 nach
738 459 142 46 ihrem
916 454 274 49 Vaterlande
1219 453 186 58 zurück,
1444 453 88 46 und
1565 467 46 30 es
1641 466 113 38 war,

236 537 63 47 als
329 552 128 31 wenn
488 534 71 49 die
588 536 278 61 Berührung
904 533 79 47 mit
1020 532 100 45 dem
1164 529 273 47 heimischen
1470 527 152 49 Boden
1664 525 89 47 und

238 614 81 47 der
358 613 197 47 Himmel
596 613 176 46 Italiens
814 612 71 45 die
939 610 181 61 Knospe
1164 608 119 47 eines
1327 607 226 54 Talentes,
1595 604 158 47 dessen

235 690 201 63 Ahnung
482 689 60 47 sie
584 697 106 39 stets
727 689 43 46 in
813 688 90 46 sich
945 694 236 55 getragen,
1224 683 83 48 auf
1343 684 163 46 einmal
1550 682 204 47 entfaltet

235 767 170 54 hätten,
448 764 117 48 denn
602 781 83 31 von
723 765 131 63 jener
882 764 95 47 Zeit
1009 779 53 31 an
1095 763 102 46 kam
1227 762 62 44 sie
1317 776 101 30 zum
1453 758 299 48 Bewusstsein

231 844 125 47 ihrer
379 844 163 53 Natur,
567 843 170 47 welche
766 843 62 46 sie
857 840 82 49 auf
962 840 71 47 die
1062 837 302 49 dramatische
1390 834 359 50 Charakteristik

235 922 43 47 in
313 922 180 61 Gesang
531 919 89 47 und
652 919 118 64 Spiel
810 918 200 47 hinwies.
1075 918 45 44 In
1162 915 87 46 den
1278 914 170 47 Jahren
1487 913 140 48 1819
1660 910 92 48 und

241 997 144 48 1820
417 997 178 62 begann
626 997 69 45 ihr
722 995 99 47 Ruf
851 994 141 47 durch
1031 993 97 47 ihre
1162 993 272 61 Leistungen
1471 990 42 47 in
1548 989 204 63 Venedig

233 1073 90 48 und
360 1074 42 46 in
435 1071 214 55 Mailand,
695 1071 89 47 und
827 1070 57 47 im
920 1069 197 48 Herbste
1151 1068 137 48 1821
1332 1074 181 56 erregte
1541 1066 62 49 sie
1633 1066 117 47 denn

234 1150 113 48 auch
385 1150 43 47 in
466 1150 125 47 Paris
630 1150 67 47 bei
738 1149 81 47 der
855 1148 307 48 italiänischen
1193 1146 129 64 Oper
1354 1145 246 47 Aufsehen.
1656 1145 97 45 Der

235 1226 434 49 ausserordentliche
701 1226 173 61 Erfolg,
911 1224 85 48 den
1034 1225 62 46 sie
1138 1224 60 47 im
1227 1223 142 48 Jahre
1406 1221 141 49 1822
1579 1238 51 30 zu
1666 1221 56 46 Ve-

235 1319 108 33 rona
375 1303 214 48 während
619 1303 77 48 des
725 1303 276 62 Congresses
1031 1301 138 54 hatte,
1207 1300 217 47 bereitete
1453 1299 71 47 ihr
1553 1298 41 48 in
1626 1298 128 47 Paris

234 1383 128 45 einen
390 1379 277 66 glänzenden
697 1379 244 65 Empfang.

346 1458 94 47 Seit
475 1458 146 47 dieser
654 1458 99 47 Zeit
794 1456 65 47 bis
894 1473 52 30 zu
988 1455 127 47 Ende
1152 1454 78 48 des
1259 1452 162 49 Jahres
1458 1450 142 49 1826
1638 1468 114 48 sang

230 1535 64 47 sie
328 1534 128 65 jedes
483 1535 114 47 Jahr
638 1534 42 48 in
722 1532 85 49 den
837 1534 183 47 Saisons
1058 1549 51 30 zu
1141 1531 127 47 Paris
1307 1529 90 48 und
1426 1530 193 47 London
1659 1529 93 47 und

233 1611 283 65 begründete
553 1613 127 46 ihren
722 1610 323 63 europäischen
1076 1609 95 48 Ruf
1203 1610 63 46 als
1306 1609 99 45 eine
1435 1607 80 47 der
1543 1609 209 62 grössten

230 1689 335 48 dramatischen
601 1690 326 62 Sängerinnen.
984 1687 75 47 Ihr
1103 1687 181 63 Gesang
1329 1701 96 32 war
1466 1700 120 32 zwar
1628 1685 125 47 nicht

229 1766 297 47 künstlerisch
569 1766 240 56 vollendet,
871 1764 88 49 und
1005 1765 71 47 die
1118 1765 261 53 Coloratur,
1438 1761 209 50 wiewohl
1691 1762 62 47 sie

226 1844 125 47 ihrer
381 1842 196 65 mächtig
605 1841 266 66 geworden,
902 1842 98 47 liess
1029 1841 114 48 doch
1174 1858 56 31 an
1254 1840 358 49 vollkommener
1637 1839 85 49 Cor-

228 1920 187 48 rectheit
446 1921 116 47 noch
591 1927 142 41 etwas
770 1938 53 30 zu
863 1919 246 48 wünschen
1148 1919 159 64 übrig;
1355 1917 112 49 aber
1495 1917 63 49 sie
1588 1924 166 40 wusste

221 1997 131 66 jeder
382 1999 129 48 Rolle
540 1997 86 49 den
657 2014 357 48 angemessenen
1052 1996 415 66 eigenthümlichen
1511 1996 93 47 und
1640 1995 90 48 indi-

228 2076 219 47 viduellen
482 2075 255 49 Charakter
765 2094 51 29 zu
849 2075 163 66 geben,
1057 2076 89 47 und
1179 2074 208 48 verstand
1419 2075 42 46 in
1492 2074 129 48 ihren
1654 2075 98 46 Ton

226 2167 49 34 so
305 2152 124 47 tiefes
461 2154 169 47 Gefühl
681 2155 88 46 und
812 2169 49 32 so
901 2151 312 65 ergreifenden
1245 2150 240 49 Ausdruck
1520 2167 52 30 zu
1605 2151 149 62 legen,

228 2228 100 49 dass
357 2230 64 47 sie
448 2228 72 49 die
546 2230 358 48 Zuhörerschaft
932 2230 47 63 je
1010 2230 113 48 nach
1164 2230 144 47 ihrem
1344 2228 173 47 Willen
1546 2228 181 47 erschüt-

228 2315 115 39 terte
380 2306 110 48 oder
526 2307 234 47 entzückte
803 2307 90 48 und
939 2308 40 47 in
1016 2306 134 66 jeder
1189 2307 174 48 Gestalt
1404 2306 85 47 den
1534 2305 219 49 höchsten

229 2383 124 50 Grad
395 2383 328 49 dramatischer
757 2383 249 50 Wahrheit
1048 2383 236 49 erreichte.
1341 2382 261 56 Trotzdem,
1652 2383 101 46 dass

225 2462 62 47 sie
319 2461 229 49 durchaus
589 2462 122 47 nicht
753 2462 247 48 besonders
1031 2461 281 48 musicalisch
1344 2477 114 38 war,
1499 2460 159 48 erfand
1689 2461 63 46 sie

228 2538 133 55 doch,
404 2556 76 31 um
511 2540 341 63 Abwechslung
887 2540 43 47 in
962 2540 71 47 die
1066 2538 297 49 Rossini'sche
1405 2537 321 48 Tonleiter-Co-

226 2618 176 46 loratur
442 2634 55 30 zu
541 2616 208 66 bringen,
784 2617 108 64 jene
935 2618 84 46 Art
1059 2616 80 48 der
1183 2616 571 63 Gesang-Verzierungen,

226 2693 71 49 die
325 2693 92 49 sich
447 2695 43 47 in
522 2695 351 48 harmonischen
899 2695 287 54 Intervallen,
1226 2695 84 47 wie
1350 2695 69 47 bei
1459 2693 82 47 der
1580 2695 148 45 Instru-

229 2772 316 47 mentalmusik
593 2772 43 47 in
689 2772 321 64 gebrochenen
1062 2772 254 55 Accorden,
1367 2772 238 62 bewegen,
1658 2771 91 47 und

231 2848 186 48 brachte
446 2848 142 48 damit
615 2866 156 47 grosse
803 2849 239 65 Wirkung
1071 2849 176 49 hervor.
1282 2849 111 47 Eine
1419 2849 123 47 ihrer
1571 2849 150 64 Haupt-

228 2927 140 47 rollen
400 2942 97 32 war
525 2927 174 48 damals
728 2926 71 48 die
831 2927 291 48 Desdemona
1155 2927 43 47 in
1230 2927 214 48 Rossini's

343 3004 65 47 Im
437 3004 141 47 Jahre
615 3003 138 50 1827
795 3004 179 49 verliess
1012 3006 63 47 sie
1117 3004 71 49 die
1217 3006 129 63 Oper
1383 3006 43 47 in
1466 3006 146 56 Paris,
1651 3004 101 49 weil

226 3079 64 47 sie
319 3082 80 46 mit
426 3082 179 47 Rossini
643 3082 91 47 sich
774 3082 251 56 entzweite,
1064 3082 92 47 und
1198 3084 109 63 ging
1345 3082 113 48 nach
1492 3082 154 48 Italien
1677 3098 48 32 zu-

229 3158 124 47 rück.
388 3159 149 47 Pacini
562 3158 179 48 schrieb
766 3159 75 46 für
869 3159 62 49 sie
960 3159 70 47 die
1054 3159 164 55 Niobe,
1251 3161 155 47 Bellini
1433 3159 70 47 die
1527 3159 193 49 Sonnam-

230 3234 105 49 bula
374 3236 90 47 und
503 3237 72 47 die
606 3237 192 53 Norma,
840 3237 261 47 ausserdem
1142 3253 96 32 war
1278 3239 132 46 Anna
1443 3238 169 47 Bolena
1655 3238 100 47 eine

226 3313 123 48 ihrer
381 3314 153 47 besten
564 3314 178 49 Rollen.
798 3314 49 47 In
878 3316 170 63 Neapel
1089 3316 135 47 nahm
1268 3316 78 47 das
1378 3316 239 47 Publicum
1655 3316 99 47 ihre

226 3389 278 65 Leistungen
536 3392 121 47 nicht
686 3407 50 32 so
765 3392 345 47 enthusiastisch
1134 3392 94 54 auf,
1257 3393 84 47 wie
1371 3393 62 47 sie
1463 3408 45 32 es
1537 3393 220 62 gewohnt

230 3483 111 40 war,
384 3468 111 48 aber
536 3471 42 45 in
620 3471 222 63 Bologna,
889 3469 220 56 Mailand,
1141 3471 199 54 Verona,
1383 3471 120 47 dann
1532 3471 44 47 in
1608 3472 149 47 Triest

231 3545 89 46 und
351 3545 42 47 in
428 3547 139 48 Wien
605 3547 103 48 fand
738 3548 62 47 sie
831 3547 142 48 durch
1005 3548 279 63 grossartige
1313 3548 256 65 Triumphe
1595 3548 160 48 Ersatz

231 3622 151 47 dafür.
831 3632 11 6 '

346 3700 48 47 In
427 3699 84 47 den
537 3702 173 47 Jahren
746 3699 141 52 1833
921 3702 90 47 und
1049 3700 145 52 1834
1235 3718 113 48 sang
1388 3703 64 47 sie
1499 3702 170 48 wieder
1712 3703 43 48 in

231 3777 141 48 Paris.
428 3778 247 63 Strengere
714 3779 189 47 Richter
946 3779 267 48 bemerkten
1256 3780 101 49 eine
1388 3779 247 50 Abnahme
1677 3779 80 50 der

229 3854 208 53 Stimme,
479 3854 273 48 namentlich
791 3855 44 47 in
875 3857 150 62 Bezug
1067 3858 80 46 auf
1180 3858 71 47 die
1280 3858 214 48 Reinheit
1523 3857 81 48 der
1633 3858 98 48 Into-

230 3933 172 53 nation,
432 3933 174 47 welche
634 3933 217 47 zuweilen
883 3934 90 47 und
1005 3934 118 48 dann
1155 3934 82 48 fast
1268 3935 86 47 den
1386 3952 172 47 ganzen
1591 3935 166 49 Abend

231 4009 224 48 hindurch
485 4027 52 30 zu
568 4010 84 47 tief
673 4026 215 45 gewesen
916 4012 93 47 sein
1037 4013 95 47 soll.
1165 4013 143 47 Allein
1334 4013 71 47 ihr
1428 4013 329 49 dramatisches

231 4086 163 49 Talent
442 4089 122 46 hatte
601 4089 100 48 eine
734 4088 134 48 Höhe
912 4088 211 53 erreicht,
1165 4090 171 47 welche
1374 4090 71 49 die
1484 4092 247 47 interessan-

1852 303 142 38 testen
2046 290 544 66 Vergleichungspunkte
2647 292 79 45 mit
2780 290 81 47 der
2917 290 226 46 Malibran
3201 289 184 56 darbot,

1856 370 171 47 welche
2056 387 47 30 so
2136 369 113 47 eben
2281 367 71 47 die
2381 365 320 65 glänzendsten
2738 367 184 63 Erfolge
2953 365 174 64 gehabt
3151 365 138 47 hatte.
3323 367 59 47 Es

1853 448 90 62 gab
1975 464 85 31 nur
2093 448 111 46 Eine
2233 445 192 46 Stimme
2460 444 220 52 darüber,
2724 445 101 46 dass
2861 461 34 30 z.
2929 444 44 46 B.
3015 444 98 46 ihre
3143 443 167 47 Amina
3340 444 42 47 in

1853 524 83 47 der
1975 523 314 48 Sonnambula
2333 520 92 47 und
2460 522 99 45 ihre
2597 523 131 44 Anna
2764 520 171 47 Bolena
2972 534 50 32 so
3065 518 317 49 verschiedene

1856 598 638 62 Charakter-Darstellungen
2527 613 172 39 waren,
2731 597 115 48 eben
2877 613 48 30 so
2954 597 99 45 ihre
3085 597 173 45 Norma
3289 597 92 45 und

1851 679 97 46 ihre
1983 678 303 51 Desdemona,
2317 675 101 47 dass
2451 690 102 31 man
2585 675 123 46 nicht
2737 673 198 64 glauben
2969 674 185 52 konnte,
3183 673 199 48 dieselbe

1856 755 259 46 Künstlerin
2146 772 51 29 zu
2228 754 152 46 sehen.
2414 751 155 47 Wenn
2596 767 103 33 man
2723 751 81 47 der
2827 750 226 48 Malibran
3085 750 42 47 in
3152 749 102 48 dem
3287 751 96 49 rein

1853 831 342 47 Musicalischen
2226 829 92 47 und
2348 830 41 46 in
2421 829 81 47 der
2535 829 146 47 Kunst
2710 829 78 46 des
2813 829 234 62 Gesanges
3075 828 131 45 einen
3239 826 115 47 unbe-

1851 908 271 48 streitbaren
2155 908 214 62 Vorrang
2398 906 265 47 einräumen
2695 913 186 47 musste,
2930 904 90 48 und
3063 919 47 32 es
3154 904 71 47 ihr
3265 904 117 47 auch

1852 985 120 47 nicht
2011 1000 53 32 an
2106 983 300 48 leuchtenden
2439 983 167 47 Blitzen
2638 981 335 49 dramatischen
3006 980 179 50 Genie's
3227 979 154 56 fehlte,

1851 1079 48 32 so
1929 1063 98 47 liess
2055 1063 91 47 sich
2180 1061 113 47 doch
2326 1061 121 47 nicht
2479 1061 212 63 läugnen,
2722 1060 101 47 dass
2853 1059 71 47 die
2955 1060 134 46 Pasta
3121 1059 99 46 eine
3250 1060 103 61 grös-

1851 1155 99 32 sere
1981 1138 422 64 Auffassungsgabe
2447 1136 91 47 und
2577 1138 100 47 eine
2714 1136 372 49 harmonischere
3119 1134 182 48 Einheit
3339 1135 43 47 in

1851 1218 81 47 der
1964 1216 370 64 Durchführung
2362 1216 125 46 ihrer
2517 1214 280 62 Auffassung
2828 1214 167 47 besass.

1967 1294 96 47 Seit
2097 1292 143 50 1829
2271 1309 114 47 sang
2414 1291 72 48 die
2514 1292 137 47 Pasta
2688 1292 41 46 in
2761 1291 156 47 Italien
2949 1290 116 47 noch
3098 1289 81 48 auf
3203 1289 179 63 einigen

1852 1386 187 49 grossen
2070 1371 248 51 Theatern,
2360 1369 188 48 brachte
2590 1369 113 48 aber
2745 1369 86 47 den
2873 1367 185 47 Winter
3094 1366 289 65 gewöhnlich

1851 1449 41 47 in
1926 1447 198 50 Mailand
2155 1447 91 47 und
2277 1447 85 47 den
2394 1447 213 47 Sommer
2637 1446 82 48 auf
2741 1446 124 47 ihrer
2895 1444 236 49 reizenden
3165 1444 118 48 Villa
3311 1459 74 33 am

1852 1525 245 48 Comersee
2119 1541 67 32 zu.
2221 1524 235 48 Wiewohl
2486 1522 63 47 sie
2577 1522 93 49 sich
2701 1524 139 47 schon
2872 1539 113 47 ganz
3009 1538 85 31 von
3118 1521 83 47 der
3223 1520 163 48 Bühne

1851 1604 374 63 zurückgezogen
2258 1604 140 52 hatte,
2428 1600 277 48 widerstand
2737 1602 64 46 sie
2831 1600 116 48 doch
2977 1600 60 47 im
3067 1600 144 47 Jahre
3240 1597 145 50 1840

1852 1680 86 48 den
1970 1681 201 47 überaus
2197 1679 278 66 glänzenden
2502 1677 381 64 Anerbietungen
2906 1679 77 45 des
3014 1675 236 48 kaiserlich
3282 1691 75 32 rus-

1851 1757 175 49 sischen
2060 1757 140 49 Hofes
2226 1757 125 49 nicht
2380 1756 90 48 und
2501 1756 109 65 ging
2639 1756 117 48 nach
2789 1755 293 63 Petersburg.
3124 1755 135 47 Diese
3287 1753 101 49 ihre

1852 1836 131 48 letzte
2016 1837 264 47 Kunstreise
2312 1836 189 47 brachte
2529 1835 72 47 ihr
2630 1832 247 59 200,000
2911 1835 169 47 Francs
3122 1832 89 55 ein,
3254 1832 133 48 allein

1852 1912 81 50 der
1965 1913 325 49 künstlerische
2319 1913 161 64 Erfolg
2522 1912 242 64 entsprach
2795 1912 103 47 dem
2944 1911 279 48 materiellen
3264 1908 124 49 nicht

1852 1991 44 47 in
1927 1991 222 63 gleichem
2183 1991 320 48 Verhältnisse.

1972 2070 155 47 Bellini
2158 2077 128 56 sagte
2317 2086 82 31 von
2430 2070 87 54 ihr,
2548 2068 62 47 sie
2639 2068 60 47 sei
2732 2067 71 48 die
2834 2070 171 61 einzige
3034 2066 243 63 Sängerin,
3305 2065 83 48 der

1853 2162 104 32 man
1988 2147 99 47 eine
2111 2148 131 47 Rolle
2271 2164 88 30 nur
2388 2164 51 30 zu
2473 2146 264 62 übergeben
2765 2146 220 53 brauche,
3015 2145 120 48 ohne
3157 2143 93 49 sich
3278 2143 79 47 wei-

1852 2230 68 40 ter
1950 2222 162 50 darum
2143 2241 50 31 zu
2229 2223 316 49 bekümmern.
2602 2223 75 47 Sie
2713 2222 140 48 selbst
2882 2222 148 48 indess
3061 2225 202 61 genügte
3292 2220 95 48 sich

1853 2319 88 30 nur
1969 2302 139 48 selten
2154 2302 90 47 und
2276 2302 198 48 erklärte
2503 2301 80 54 oft,
2621 2301 103 48 dass
2754 2302 62 46 sie
2848 2300 101 48 dem
2983 2300 120 48 Ideal
3135 2300 78 47 des
3242 2298 116 49 Schö-

1853 2395 106 38 nen,
1989 2378 79 47 das
2097 2380 65 47 sie
2190 2380 59 47 im
2282 2380 178 47 Herzen
2492 2381 152 58 trüge,
2676 2394 132 31 wenn
2839 2378 63 47 sie
2930 2377 92 47 sich
3053 2377 42 47 in
3128 2376 99 47 eine
3256 2375 132 48 Rolle

1852 2456 175 48 vertieft
2065 2457 139 55 hätte,
2247 2456 142 47 durch
2435 2457 85 47 den
2554 2455 241 48 Ausdruck
2835 2456 190 47 niemals
3063 2455 125 47 hätte
3217 2452 146 65 gleich-

1854 2535 212 46 kommen
2102 2535 194 46 können.

2348 2768 101 53 Aus
2489 2767 412 71 Braunschweig.

2806 2916 101 35 Den
2943 2912 61 40 22.
3039 2914 96 36 Mai
3170 2912 113 40 1865.

1970 2999 86 49 Die
2102 2999 398 65 Vorbereitungen
2544 3017 52 31 zu
2637 2999 103 49 dem
2785 3015 73 33 am
2905 2998 99 55 10.,
3048 2998 84 50 11.
3176 2997 92 49 und
3307 2997 82 49 12.

1850 3078 107 48 Juni
1989 3078 239 47 hierselbst
2256 3079 118 47 Statt
2411 3077 246 49 findenden
2698 3077 343 47 Musikfeste
3081 3076 98 48 sind
3211 3076 178 48 nahezu

1856 3156 208 48 beendet.
2122 3157 312 47 Erfreulicher
2468 3156 157 48 Weise
2656 3154 186 49 werden
2872 3154 91 47 sich
2997 3154 85 47 fast
3110 3156 87 47 alle
3226 3154 43 47 in
3301 3154 86 49 den

1853 3234 393 49 Theater-Ferien
2286 3236 98 47 hier
2427 3234 304 49 anwesenden
2765 3233 260 64 Mitglieder
3053 3233 82 46 der
3165 3233 198 62 herzogli-

1853 3313 114 47 chen
2002 3312 265 65 Hofcapelle
2298 3330 55 30 an
2385 3312 80 47 der
2496 3310 298 64 Mitwirkung
2827 3310 300 63 betheiligen;
3159 3309 71 48 68
3258 3310 96 47 Han-

1854 3406 270 38 noveraner,
2169 3389 63 48 17
2279 3389 268 48 Detmolder
2586 3389 81 47 mit
2705 3388 347 65 Capellmeister
3093 3388 296 62 Bargheer

1854 3483 56 32 an
1955 3468 81 47 der
2072 3467 166 64 Spitze,
2277 3483 50 31 so
2371 3468 85 46 wie
2498 3467 149 63 einige
2690 3467 171 47 andere
2905 3464 235 50 namhafte
3173 3465 216 47 Künstler

1857 3547 212 47 kommen
2110 3561 83 31 von
2233 3548 236 44 auswärts.
2527 3544 60 47 Es
2618 3544 151 47 dürfte
2806 3543 91 47 sich
2930 3543 145 48 daher
3104 3543 123 47 nicht
3256 3543 134 47 leicht

1854 3623 171 48 wieder
2047 3623 303 63 Gelegenheit
2380 3624 168 51 bieten,
2578 3623 71 47 ein
2674 3622 147 63 gleich
2844 3624 124 45 stark
2992 3620 94 49 und
3109 3620 146 64 gleich
3281 3637 77 32 aus-

1853 3702 266 64 gezeichnet
2146 3700 221 49 besetztes
2397 3700 252 49 Orchester
2680 3699 96 48 hier
2804 3717 52 30 zu
2889 3700 159 47 hören.
3079 3699 49 47 In
3157 3698 83 48 der
3263 3699 122 47 That

1856 3780 118 47 kann
2014 3794 105 32 man
2159 3778 92 48 sich
2295 3778 166 48 vorher
2497 3793 84 33 von
2621 3775 105 50 dem
2768 3777 287 64 imposanten
3084 3778 268 46 Zusammen-

1857 3859 165 62 klange
2063 3857 123 47 eines
2228 3857 272 48 Orchesters
2543 3873 82 31 von
2668 3857 120 47 circa
2830 3854 72 50 40
2943 3855 207 49 Violinen
3193 3872 42 30 u.
3264 3871 34 31 s.
3330 3869 56 32 w.

1857 3935 89 47 und
1979 3935 126 47 einer
2134 3934 275 65 mächtigen,
2447 3934 111 65 jetzt
2594 3934 44 46 in
2670 3933 81 48 der
2784 3933 290 63 Aufstellung
3107 3932 283 63 begriffenen

1856 4013 143 65 Orgel
2033 4013 138 47 kaum
2209 4014 129 47 einen
2373 4012 176 63 Begriff
2582 4012 207 48 machen.
2849 4012 84 47 Die
2962 4012 43 47 in
3035 4010 239 65 doppelter
3309 4010 54 46 Be-

1854 4098 187 54 setzung
2083 4107 85 32 von
2210 4092 246 47 Hannover
2500 4089 306 48 kommenden
2854 4089 152 47 Bläser
3051 4089 227 61 bedingen
3320 4085 72 48 die
