3864 4572
2321 3860 216 42 174

2001 2118 182 64 AUS
2244 2117 599 63 MUENCHEN

2173 2292 304 45 LUDWIG
2520 2292 164 45 DILL

2354 2422 72 21 UND
2451 2421 56 22 DIE

1428 2524 265 39 NEUEREN
1722 2523 446 40 BESTREBUNGEN
2196 2523 109 38 DER
2335 2521 400 40 MUENCHENER
2764 2517 674 43 LANDSCHAFTERSCHULE

1478 2741 41 31 IE
1538 2737 262 49 Vorstellungen
1807 2765 9 13 3
1843 2736 53 35 die
1921 2737 35 33 in
1976 2736 64 35 den
2059 2737 162 35 weiteren
2240 2736 137 34 Kreisen

1575 2791 58 34 der
1676 2791 199 35 Gebildeten
1918 2804 70 20 von
2039 2790 177 34 moderner
2264 2792 114 31 Kunst

1575 2844 190 40 herrschen,
1777 2844 109 34 haben
1901 2843 219 35 bekanntlich
2135 2844 118 47 wenig
2262 2842 93 35 Aehn-

1575 2896 142 36 lichkeit
1736 2898 62 33 mit
1818 2898 63 40 ihr,
1897 2897 68 34 wie
1986 2897 45 34 sie
2050 2897 84 34 heut
2153 2896 225 35 thatsächlich

1521 2947 37 54 fl
1575 2951 52 33 ist.
1673 2953 98 31 Denn
1794 2954 74 44 jene
1894 2951 123 33 rühren
2046 2950 142 35 zumeist
2215 2963 71 21 von
2312 2948 67 35 den

1576 3004 63 34 mit
1669 3002 232 50 pöbelhaftem
1941 3004 161 48 Gepolter
2141 3001 236 36 anftretenden

1575 3056 199 35 kunstlosen
1794 3058 236 47 Erzeugnissen
2055 3058 89 33 einer
2163 3059 192 45 Programm-

1210 3106 135 36 malerei
1364 3109 69 41 her,
1458 3110 68 34 wie
1546 3110 46 34 sie
1616 3110 71 34 sich
1711 3111 36 33 in
1767 3110 66 34 den
1852 3110 264 48 Ausstellungen
2142 3109 84 35 breit
2251 3110 126 35 macht.

1210 3161 85 33 Was
1321 3161 76 34 aber
1417 3175 59 22 vor
1495 3164 91 33 sechs
1605 3164 120 44 Jahren
1744 3164 91 34 noch
1855 3164 46 34 als
1921 3163 56 35 das
1998 3163 187 48 unbedingt
2205 3163 171 48 Richtige,

1211 3212 182 47 gleichsam
1413 3214 45 35 als
1481 3224 104 26 etwas
1612 3216 134 35 endlich
1766 3216 201 35 Entdecktes
1993 3217 71 35 und
2083 3216 186 35 Erkanntes
2295 3216 82 48 galt,

1212 3266 161 34 erscheint
1399 3280 61 21 uns
1485 3269 101 34 heute
1611 3270 48 33 im
1685 3270 116 35 Lichte
1828 3271 88 34 eines
1942 3270 244 49 Zeitproblems
2214 3283 71 21 von
2314 3283 63 21 nur

1211 3318 331 49 vorübergehendem
1566 3324 174 38 Interesse,
1767 3323 114 34 dessen
1906 3326 139 45 Lösung
2071 3324 95 34 nicht
2191 3324 66 34 den
2275 3325 102 32 Wert

1213 3372 88 33 einer
1329 3373 166 47 positiven
1521 3375 285 48 Errungenschaft
1834 3376 135 41 besitzt,
2004 3378 145 34 sondern
2184 3377 95 35 mehr
2312 3376 66 35 den

1214 3424 87 33 einer
1317 3426 184 46 Negation,
1523 3428 86 34 eines
1624 3430 260 34 Frontmachens
1905 3443 108 35 gegen
2029 3431 52 33 die
2103 3431 120 47 gerade
2243 3429 135 36 übliche

1216 3476 345 52 handwerksmäfsige
1611 3481 189 35 Schablone
1944 3483 333 47 handwerksmäfsig
2329 3484 49 34 im

1214 3528 131 36 idiosen
1360 3532 80 33 Sinn
1521 3527 99 41 deren
1639 3534 194 36 definitiven
1849 3538 200 47 Untergang
2069 3539 46 33 sie
2135 3535 240 38 herbeiführte.

1294 3584 203 47 Leistungen
1515 3599 68 21 von
1608 3587 128 35 hohem
1762 3587 266 37 künstlerischen
2047 3593 101 45 Rang
2167 3590 136 35 brachte
2323 3589 53 35 die

1216 3634 256 37 Pleinairschule
1490 3639 94 34 nicht
1603 3640 121 35 hervor
1750 3641 68 34 und
1839 3656 61 21 wo
1922 3643 211 47 gleichzeitig
2152 3643 92 35 doch
2263 3643 115 35 solche

2488 2734 209 42 entstanden,
2716 2733 168 36 erkennen
2898 2735 66 35 wir
2979 2734 102 34 heute
3098 2733 63 35 den
3177 2746 64 22 nur
3255 2732 95 35 losen
3361 2732 295 48 Zusammenhang

2487 2791 63 33 mit
2577 2792 90 44 jener
2695 2791 208 45 Bewegung.
2950 2788 65 33 Die
3039 2787 204 41 Thatsache,
3274 2786 44 34 ob
3347 2787 72 33 eine
3447 2784 119 36 Fläche
3590 2784 66 36 hell

2488 2843 81 34 oder
2597 2841 127 36 dunkel
2752 2842 183 47 gestimmt,
2970 2841 162 35 erscheint
3165 2853 62 21 uns
3260 2841 101 34 heute
3389 2852 64 22 nur
3485 2839 93 35 noch
3611 2838 42 34 als

2487 2895 241 40 Unterschied,
2754 2895 96 35 nicht
2878 2893 94 36 mehr
2992 2894 46 34 als
3058 2897 144 45 Vorzug.
3240 2892 182 36 Ueberdies
3442 2893 93 33 hatte
3552 2895 32 44 ja
3603 2890 52 36 für

2488 2949 64 35 den
2578 2947 242 37 Landschafter
2853 2947 58 35 das
2937 2947 160 35 Studium
3125 2956 99 25 unter
3252 2946 119 35 freiem
3398 2945 155 35 Himmel
3580 2954 73 25 stets

2488 3004 74 34 eine
2581 3003 156 34 conditio
2757 3003 71 33 sine
2848 3014 67 36 qua
2930 3014 71 21 non
3019 3001 166 40 bedeutet,
3206 3000 59 34 das
3286 2999 54 35 die
3358 2998 296 36 Fontainebleauer

2486 3056 108 35 schon
2613 3069 41 21 zu
2674 3056 89 35 einer
2777 3055 149 35 Feinheit
2947 3053 218 49 ausgebildet,
3185 3053 55 35 die
3260 3066 118 22 unsere
3397 3053 138 47 heutige
3551 3055 104 31 Kunst

2486 3109 105 36 kaum
2611 3109 129 35 wieder
2759 3109 150 35 erreicht.

2566 3163 183 34 Nachdem
2770 3162 52 35 die
2842 3165 199 44 Bewegung
3060 3173 40 22 zu
3121 3160 64 34 den
3206 3159 282 36 dankenswerten
3504 3158 150 36 Resultat

2487 3217 89 34 eines
2596 3229 111 21 neuen
2722 3214 175 37 vertieften
2912 3214 175 35 Studiums
3108 3213 190 49 überhaupt
3316 3212 71 36 und
3408 3212 107 35 damit
3534 3226 39 21 zu
3588 3225 66 22 von

2486 3283 122 21 neuem
2632 3269 228 48 beginnender
2885 3266 284 50 Selbständigkeit
3195 3266 138 49 geführt
3357 3267 108 40 hatte,
3492 3266 74 48 läge
3586 3278 68 21 nun

2487 3324 57 34 das
2565 3323 81 35 Heil
2675 3323 167 34 durchaus
2872 3321 95 35 nicht
2996 3321 95 35 mehr
3119 3321 49 34 im
3192 3320 253 48 konsequenten
3472 3318 181 49 Verfolgen

2484 3380 91 44 jener
2601 3377 163 47 einstigen
2784 3379 172 45 Dogmen.
2994 3377 52 43 Ja,
3073 3374 53 34 die
3151 3387 61 21 uns
3238 3372 205 36 anhaftende
3462 3373 123 39 Scheu,
3610 3372 43 34 sie

2486 3429 242 36 rücksichtslos
2755 3443 41 21 zu
2815 3427 271 41 durchbrechen,
3115 3427 54 35 die
3189 3428 140 34 Früchte
3354 3427 90 34 einer
3464 3426 55 35 der
3540 3426 90 34 mäch-

2485 3485 125 47 tigsten
2639 3481 350 37 Kunstrevolutionen
3023 3480 172 50 praktisch
3224 3481 128 34 wieder
3380 3479 207 48 vollständig
3614 3490 38 22 zu

2485 3537 168 49 negieren,
2670 3537 40 33 ist
2723 3537 76 33 dem
2810 3538 170 46 Fortgang
2996 3534 56 35 der
3067 3533 265 49 Entwickelung
3347 3533 111 34 direkt
3472 3530 179 38 schädlich.

2485 3594 101 31 Denn
2605 3590 54 35 die
2679 3589 444 49 Begleiterscheinung
3143 3588 56 34 der
3219 3587 186 35 modernen
3424 3589 126 32 Kunst:
3570 3585 66 35 Frei-

2487 3645 83 39 heit,
2592 3641 112 37 offene
2724 3643 94 35 Bahn
2837 3640 167 50 geschafft
3023 3654 40 22 zu
3085 3641 125 41 haben,
3231 3642 40 33 ist
3292 3640 52 35 ihr
3363 3639 145 49 gröfster
3528 3638 121 47 Erfolg.
