<?xml version="1.0" encoding="UTF-8"?>
<alto xmlns:xsi="http://www.w3.org/2001/XMLSchema-instance" xmlns="http://www.loc.gov/standards/alto/ns-v2#" xsi:schemaLocation="http://www.loc.gov/standards/alto/ns-v2# http://www.loc.gov/standards/alto/v2/alto-2-0.xsd" xmlns:xlink="http://www.w3.org/1999/xlink">
	<Description>
		<MeasurementUnit>mm10</MeasurementUnit>
		<sourceImageInformation>
			<fileName>./bmtnabe_1897-11_01_0033.jp2</fileName>
		</sourceImageInformation>
		<OCRProcessing ID="OCRPROCESSING_1">
			<preProcessingStep>
				<processingSoftware>
					<softwareCreator>CCS Content Conversion Specialists GmbH, Germany</softwareCreator>
					<softwareName>CCS docWorks</softwareName>
					<softwareVersion>6.8-1.27</softwareVersion>
				</processingSoftware>
			</preProcessingStep>
			<ocrProcessingStep>
				<processingSoftware>
					<softwareCreator>ABBYY (BIT Software), Russia</softwareCreator>
					<softwareName>FineReader</softwareName>
					<softwareVersion>11.0</softwareVersion>
				</processingSoftware>
			</ocrProcessingStep>
			<postProcessingStep>
				<processingSoftware>
					<softwareCreator>CCS Content Conversion Specialists GmbH, Germany</softwareCreator>
					<softwareName>CCS docWorks</softwareName>
					<softwareVersion>6.8-1.27</softwareVersion>
					<applicationDescription>docWorks: Text modified manually, or automatically replaced</applicationDescription>
				</processingSoftware>
			</postProcessingStep>
		</OCRProcessing>
	</Description>
	<Styles>
		<TextStyle ID="TXT_0" FONTSIZE="8" FONTFAMILY="Times New Roman"/>
		<TextStyle ID="TXT_1" FONTSIZE="15" FONTFAMILY="Times New Roman"/>
		<TextStyle ID="TXT_2" FONTSIZE="11" FONTFAMILY="Times New Roman" FONTSTYLE="bold"/>
		<ParagraphStyle ID="PAR_LEFT" ALIGN="Left"/>
	</Styles>
	<Layout>
		<Page ID="P33" PHYSICAL_IMG_NR="33" HEIGHT="4572" WIDTH="3592" PRINTED_IMG_NR="157" PC="0.970">
			<TopMargin ID="P33_TM00001" HPOS="0" VPOS="0" WIDTH="3592" HEIGHT="545"/>
			<LeftMargin ID="P33_LM00001" HPOS="0" VPOS="545" WIDTH="197" HEIGHT="3358"/>
			<RightMargin ID="P33_RM00001" HPOS="2648" VPOS="545" WIDTH="944" HEIGHT="3358"/>
			<BottomMargin ID="P33_BM00001" HPOS="0" VPOS="3903" WIDTH="3592" HEIGHT="669">
				<TextBlock ID="P33_TB00001" HPOS="1311" VPOS="3905" WIDTH="217" HEIGHT="44" STYLEREFS="TXT_0 PAR_LEFT">
					<TextLine ID="P33_TL00001" HPOS="1311" VPOS="3905" WIDTH="217" HEIGHT="44">
						<String ID="P33_ST00001" HPOS="1311" VPOS="3905" WIDTH="217" HEIGHT="44" CONTENT="157" WC="1.00" CC="000"/>
					</TextLine>
				</TextBlock>
			</BottomMargin>
			<PrintSpace ID="P33_PS00001" HPOS="197" VPOS="545" WIDTH="2451" HEIGHT="3358">
				<TextBlock ID="P33_TB00002" HPOS="197" VPOS="545" WIDTH="1178" HEIGHT="3222" STYLEREFS="TXT_1 PAR_LEFT">
					<TextLine ID="P33_TL00002" HPOS="205" VPOS="546" WIDTH="920" HEIGHT="50">
						<String ID="P33_ST00002" HPOS="205" VPOS="549" WIDTH="80" HEIGHT="40" CONTENT="dafs" WC="0.66" CC="0760"/>
						<SP ID="P33_SP00001" HPOS="285" VPOS="589" WIDTH="30"/>
						<String ID="P33_ST00003" HPOS="315" VPOS="561" WIDTH="49" HEIGHT="26" CONTENT="an" WC="0.37" CC="57"/>
						<SP ID="P33_SP00002" HPOS="364" VPOS="589" WIDTH="27"/>
						<String ID="P33_ST00004" HPOS="391" VPOS="546" WIDTH="80" HEIGHT="40" CONTENT="den" WC="0.98" CC="004"/>
						<SP ID="P33_SP00003" HPOS="471" VPOS="589" WIDTH="27"/>
						<String ID="P33_ST00005" HPOS="498" VPOS="547" WIDTH="170" HEIGHT="40" CONTENT="Blumen" WC="0.99" CC="404600"/>
						<SP ID="P33_SP00004" HPOS="668" VPOS="589" WIDTH="26"/>
						<String ID="P33_ST00006" HPOS="694" VPOS="548" WIDTH="66" HEIGHT="42" CONTENT="ich" WC="0.96" CC="404"/>
						<SP ID="P33_SP00005" HPOS="760" VPOS="590" WIDTH="28"/>
						<String ID="P33_ST00007" HPOS="788" VPOS="552" WIDTH="206" HEIGHT="41" CONTENT="erkennen" WC="1.00" CC="03000000"/>
						<SP ID="P33_SP00006" HPOS="994" VPOS="593" WIDTH="28"/>
						<String ID="P33_ST00008" HPOS="1022" VPOS="556" WIDTH="103" HEIGHT="40" CONTENT="kann" WC="0.99" CC="0600"/>
					</TextLine>
					<TextLine ID="P33_TL00003" HPOS="205" VPOS="609" WIDTH="741" HEIGHT="54">
						<String ID="P33_ST00009" HPOS="205" VPOS="612" WIDTH="61" HEIGHT="39" CONTENT="die" WC="0.99" CC="010"/>
						<SP ID="P33_SP00007" HPOS="266" VPOS="651" WIDTH="30"/>
						<String ID="P33_ST00010" HPOS="296" VPOS="610" WIDTH="159" HEIGHT="39" CONTENT="wahren" WC="0.99" CC="460400"/>
						<SP ID="P33_SP00008" HPOS="455" VPOS="651" WIDTH="28"/>
						<String ID="P33_ST00011" HPOS="483" VPOS="609" WIDTH="135" HEIGHT="52" CONTENT="Wege" WC="0.99" CC="0060"/>
						<SP ID="P33_SP00009" HPOS="618" VPOS="661" WIDTH="31"/>
						<String ID="P33_ST00012" HPOS="649" VPOS="610" WIDTH="91" HEIGHT="40" CONTENT="aller" WC="0.99" CC="62000"/>
						<SP ID="P33_SP00010" HPOS="740" VPOS="661" WIDTH="29"/>
						<String ID="P33_ST00013" HPOS="769" VPOS="612" WIDTH="177" HEIGHT="51" CONTENT="Kreatur," WC="0.99" CC="00073514"/>
					</TextLine>
					<TextLine ID="P33_TL00004" HPOS="205" VPOS="672" WIDTH="1080" HEIGHT="59">
						<String ID="P33_ST00014" HPOS="205" VPOS="687" WIDTH="82" HEIGHT="26" CONTENT="von" WC="0.95" CC="607"/>
						<SP ID="P33_SP00011" HPOS="287" VPOS="713" WIDTH="27"/>
						<String ID="P33_ST00015" HPOS="314" VPOS="672" WIDTH="182" HEIGHT="40" CONTENT="schwach" WC="1.00" CC="0000600"/>
						<SP ID="P33_SP00012" HPOS="496" VPOS="713" WIDTH="26"/>
						<String ID="P33_ST00016" HPOS="522" VPOS="673" WIDTH="87" HEIGHT="38" CONTENT="und" WC="0.97" CC="700"/>
						<SP ID="P33_SP00013" HPOS="609" VPOS="713" WIDTH="29"/>
						<String ID="P33_ST00017" HPOS="638" VPOS="673" WIDTH="117" HEIGHT="48" CONTENT="stark," WC="0.99" CC="031004"/>
						<SP ID="P33_SP00014" HPOS="755" VPOS="721" WIDTH="28"/>
						<String ID="P33_ST00018" HPOS="783" VPOS="689" WIDTH="85" HEIGHT="25" CONTENT="von" WC="0.98" CC="600"/>
						<SP ID="P33_SP00015" HPOS="868" VPOS="721" WIDTH="26"/>
						<String ID="P33_ST00019" HPOS="894" VPOS="678" WIDTH="126" HEIGHT="53" CONTENT="üppig" WC="0.98" CC="00309"/>
						<SP ID="P33_SP00016" HPOS="1020" VPOS="731" WIDTH="29"/>
						<String ID="P33_ST00020" HPOS="1049" VPOS="681" WIDTH="99" HEIGHT="39" CONTENT="oder" WC="1.00" CC="0000"/>
						<SP ID="P33_SP00017" HPOS="1148" VPOS="731" WIDTH="28"/>
						<String ID="P33_ST00021" HPOS="1176" VPOS="683" WIDTH="109" HEIGHT="39" CONTENT="kühn" WC="0.98" CC="0007"/>
					</TextLine>
					<TextLine ID="P33_TL00005" HPOS="205" VPOS="735" WIDTH="887" HEIGHT="47">
						<String ID="P33_ST00022" HPOS="205" VPOS="736" WIDTH="61" HEIGHT="40" CONTENT="die" WC="1.00" CC="000"/>
						<SP ID="P33_SP00018" HPOS="266" VPOS="776" WIDTH="28"/>
						<String ID="P33_ST00023" HPOS="294" VPOS="735" WIDTH="132" HEIGHT="39" CONTENT="wahre" WC="0.99" CC="03020"/>
						<SP ID="P33_SP00019" HPOS="426" VPOS="776" WIDTH="28"/>
						<String ID="P33_ST00024" HPOS="454" VPOS="735" WIDTH="89" HEIGHT="47" CONTENT="Art," WC="0.97" CC="3044"/>
						<SP ID="P33_SP00020" HPOS="543" VPOS="782" WIDTH="33"/>
						<String ID="P33_ST00025" HPOS="576" VPOS="748" WIDTH="151" HEIGHT="26" CONTENT="wovon" WC="0.99" CC="05000"/>
						<SP ID="P33_SP00021" HPOS="727" VPOS="782" WIDTH="28"/>
						<String ID="P33_ST00026" HPOS="755" VPOS="736" WIDTH="66" HEIGHT="40" CONTENT="ich" WC="1.00" CC="000"/>
						<SP ID="P33_SP00022" HPOS="821" VPOS="782" WIDTH="27"/>
						<String ID="P33_ST00027" HPOS="848" VPOS="737" WIDTH="139" HEIGHT="42" CONTENT="früher" WC="1.00" CC="200000"/>
						<SP ID="P33_SP00023" HPOS="987" VPOS="782" WIDTH="29"/>
						<String ID="P33_ST00028" HPOS="1016" VPOS="755" WIDTH="76" HEIGHT="26" CONTENT="nur" WC="0.97" CC="060"/>
					</TextLine>
					<TextLine ID="P33_TL00006" HPOS="204" VPOS="859" WIDTH="872" HEIGHT="56">
						<String ID="P33_ST00029" HPOS="204" VPOS="861" WIDTH="41" HEIGHT="40" CONTENT="in" WC="0.35" CC="57"/>
						<SP ID="P33_SP00024" HPOS="245" VPOS="901" WIDTH="28"/>
						<String ID="P33_ST00030" HPOS="273" VPOS="861" WIDTH="127" HEIGHT="38" CONTENT="einem" WC="1.00" CC="03000"/>
						<SP ID="P33_SP00025" HPOS="400" VPOS="901" WIDTH="28"/>
						<String ID="P33_ST00031" HPOS="428" VPOS="859" WIDTH="146" HEIGHT="40" CONTENT="trüben" WC="1.00" CC="500000"/>
						<SP ID="P33_SP00026" HPOS="574" VPOS="901" WIDTH="30"/>
						<String ID="P33_ST00032" HPOS="604" VPOS="861" WIDTH="155" HEIGHT="52" CONTENT="Spiegel" WC="1.00" CC="0000000"/>
						<SP ID="P33_SP00027" HPOS="759" VPOS="913" WIDTH="29"/>
						<String ID="P33_ST00033" HPOS="788" VPOS="862" WIDTH="155" HEIGHT="53" CONTENT="Spuren" WC="0.99" CC="005400"/>
						<SP ID="P33_SP00028" HPOS="943" VPOS="915" WIDTH="26"/>
						<String ID="P33_ST00034" HPOS="969" VPOS="864" WIDTH="107" HEIGHT="49" CONTENT="fand," WC="0.99" CC="40004"/>
					</TextLine>
					<TextLine ID="P33_TL00007" HPOS="206" VPOS="922" WIDTH="1131" HEIGHT="49">
						<String ID="P33_ST00035" HPOS="206" VPOS="936" WIDTH="118" HEIGHT="27" CONTENT="wenn" WC="1.00" CC="0000"/>
						<SP ID="P33_SP00029" HPOS="324" VPOS="963" WIDTH="26"/>
						<String ID="P33_ST00036" HPOS="350" VPOS="922" WIDTH="64" HEIGHT="40" CONTENT="ich" WC="0.98" CC="005"/>
						<SP ID="P33_SP00030" HPOS="414" VPOS="963" WIDTH="27"/>
						<String ID="P33_ST00037" HPOS="441" VPOS="922" WIDTH="193" HEIGHT="39" CONTENT="umwölkt" WC="0.99" CC="6005000"/>
						<SP ID="P33_SP00031" HPOS="634" VPOS="963" WIDTH="28"/>
						<String ID="P33_ST00038" HPOS="662" VPOS="936" WIDTH="86" HEIGHT="26" CONTENT="von" WC="0.98" CC="004"/>
						<SP ID="P33_SP00032" HPOS="748" VPOS="963" WIDTH="28"/>
						<String ID="P33_ST00039" HPOS="776" VPOS="924" WIDTH="141" HEIGHT="40" CONTENT="Leben" WC="1.00" CC="10000"/>
						<SP ID="P33_SP00033" HPOS="917" VPOS="964" WIDTH="28"/>
						<String ID="P33_ST00040" HPOS="945" VPOS="940" WIDTH="68" HEIGHT="26" CONTENT="um" WC="0.66" CC="60"/>
						<SP ID="P33_SP00034" HPOS="1013" VPOS="966" WIDTH="29"/>
						<String ID="P33_ST00041" HPOS="1042" VPOS="929" WIDTH="106" HEIGHT="39" CONTENT="mich" WC="0.99" CC="0006"/>
						<SP ID="P33_SP00035" HPOS="1148" VPOS="968" WIDTH="28"/>
						<String ID="P33_ST00042" HPOS="1176" VPOS="931" WIDTH="161" HEIGHT="40" CONTENT="blickte:" WC="0.99" CC="00200541"/>
					</TextLine>
					<TextLine ID="P33_TL00008" HPOS="206" VPOS="984" WIDTH="948" HEIGHT="55">
						<String ID="P33_ST00043" HPOS="206" VPOS="986" WIDTH="105" HEIGHT="39" CONTENT="denn" WC="0.98" CC="0064"/>
						<SP ID="P33_SP00036" HPOS="311" VPOS="1025" WIDTH="28"/>
						<String ID="P33_ST00044" HPOS="339" VPOS="984" WIDTH="70" HEIGHT="39" CONTENT="alle" WC="0.97" CC="7420"/>
						<SP ID="P33_SP00037" HPOS="409" VPOS="1025" WIDTH="29"/>
						<String ID="P33_ST00045" HPOS="438" VPOS="984" WIDTH="166" HEIGHT="39" CONTENT="Mienen" WC="1.00" CC="000000"/>
						<SP ID="P33_SP00038" HPOS="604" VPOS="1025" WIDTH="29"/>
						<String ID="P33_ST00046" HPOS="633" VPOS="986" WIDTH="220" HEIGHT="53" CONTENT="spiegelten" WC="1.00" CC="0020003000"/>
						<SP ID="P33_SP00039" HPOS="853" VPOS="1039" WIDTH="27"/>
						<String ID="P33_ST00047" HPOS="880" VPOS="988" WIDTH="77" HEIGHT="38" CONTENT="wie" WC="1.00" CC="000"/>
						<SP ID="P33_SP00040" HPOS="957" VPOS="1039" WIDTH="29"/>
						<String ID="P33_ST00048" HPOS="986" VPOS="991" WIDTH="168" HEIGHT="39" CONTENT="Wasser" WC="0.99" CC="001006"/>
					</TextLine>
					<TextLine ID="P33_TL00009" HPOS="206" VPOS="1047" WIDTH="920" HEIGHT="46">
						<String ID="P33_ST00049" HPOS="206" VPOS="1061" WIDTH="72" HEIGHT="26" CONTENT="nur" WC="1.00" CC="000"/>
						<SP ID="P33_SP00041" HPOS="278" VPOS="1087" WIDTH="30"/>
						<String ID="P33_ST00050" HPOS="308" VPOS="1047" WIDTH="99" HEIGHT="39" CONTENT="dies:" WC="1.00" CC="03000"/>
						<SP ID="P33_SP00042" HPOS="407" VPOS="1087" WIDTH="31"/>
						<String ID="P33_ST00051" HPOS="438" VPOS="1047" WIDTH="53" HEIGHT="38" CONTENT="ob" WC="0.96" CC="00"/>
						<SP ID="P33_SP00043" HPOS="491" VPOS="1087" WIDTH="30"/>
						<String ID="P33_ST00052" HPOS="521" VPOS="1047" WIDTH="131" HEIGHT="39" CONTENT="meine" WC="0.99" CC="00150"/>
						<SP ID="P33_SP00044" HPOS="652" VPOS="1087" WIDTH="28"/>
						<String ID="P33_ST00053" HPOS="680" VPOS="1051" WIDTH="144" HEIGHT="36" CONTENT="zürnte" WC="1.00" CC="400020"/>
						<SP ID="P33_SP00045" HPOS="824" VPOS="1087" WIDTH="28"/>
						<String ID="P33_ST00054" HPOS="852" VPOS="1050" WIDTH="100" HEIGHT="40" CONTENT="oder" WC="1.00" CC="0000"/>
						<SP ID="P33_SP00046" HPOS="952" VPOS="1090" WIDTH="28"/>
						<String ID="P33_ST00055" HPOS="980" VPOS="1052" WIDTH="146" HEIGHT="41" CONTENT="nickte." WC="0.99" CC="4300404"/>
					</TextLine>
					<TextLine ID="P33_TL00010" HPOS="206" VPOS="1171" WIDTH="939" HEIGHT="47">
						<String ID="P33_ST00056" HPOS="206" VPOS="1173" WIDTH="99" HEIGHT="38" CONTENT="Nun" WC="0.98" CC="400"/>
						<SP ID="P33_SP00047" HPOS="305" VPOS="1211" WIDTH="27"/>
						<String ID="P33_ST00057" HPOS="332" VPOS="1171" WIDTH="92" HEIGHT="38" CONTENT="aber" WC="0.98" CC="7000"/>
						<SP ID="P33_SP00048" HPOS="424" VPOS="1211" WIDTH="27"/>
						<String ID="P33_ST00058" HPOS="451" VPOS="1171" WIDTH="110" HEIGHT="40" CONTENT="webt" WC="0.99" CC="0005"/>
						<SP ID="P33_SP00049" HPOS="561" VPOS="1211" WIDTH="29"/>
						<String ID="P33_ST00059" HPOS="590" VPOS="1185" WIDTH="76" HEIGHT="26" CONTENT="vor" WC="1.00" CC="000"/>
						<SP ID="P33_SP00050" HPOS="666" VPOS="1211" WIDTH="28"/>
						<String ID="P33_ST00060" HPOS="694" VPOS="1173" WIDTH="165" HEIGHT="40" CONTENT="meinen" WC="1.00" CC="001000"/>
						<SP ID="P33_SP00051" HPOS="859" VPOS="1213" WIDTH="27"/>
						<String ID="P33_ST00061" HPOS="886" VPOS="1174" WIDTH="148" HEIGHT="40" CONTENT="Füfsen" WC="1.00" CC="000000"/>
						<SP ID="P33_SP00052" HPOS="1034" VPOS="1214" WIDTH="29"/>
						<String ID="P33_ST00062" HPOS="1063" VPOS="1178" WIDTH="82" HEIGHT="40" CONTENT="sich" WC="0.98" CC="0306"/>
					</TextLine>
					<TextLine ID="P33_TL00011" HPOS="207" VPOS="1232" WIDTH="1064" HEIGHT="56">
						<String ID="P33_ST00063" HPOS="207" VPOS="1234" WIDTH="68" HEIGHT="39" CONTENT="mit" WC="0.98" CC="400"/>
						<SP ID="P33_SP00053" HPOS="275" VPOS="1273" WIDTH="27"/>
						<String ID="P33_ST00064" HPOS="302" VPOS="1233" WIDTH="131" HEIGHT="40" CONTENT="vielen" WC="1.00" CC="040000"/>
						<SP ID="P33_SP00054" HPOS="433" VPOS="1273" WIDTH="27"/>
						<String ID="P33_ST00065" HPOS="460" VPOS="1232" WIDTH="176" HEIGHT="55" CONTENT="Köpfen," WC="0.99" CC="0401103"/>
						<SP ID="P33_SP00055" HPOS="636" VPOS="1287" WIDTH="31"/>
						<String ID="P33_ST00066" HPOS="667" VPOS="1234" WIDTH="92" HEIGHT="40" CONTENT="drin" WC="0.99" CC="0600"/>
						<SP ID="P33_SP00056" HPOS="759" VPOS="1287" WIDTH="29"/>
						<String ID="P33_ST00067" HPOS="788" VPOS="1235" WIDTH="72" HEIGHT="39" CONTENT="der" WC="1.00" CC="000"/>
						<SP ID="P33_SP00057" HPOS="860" VPOS="1287" WIDTH="28"/>
						<String ID="P33_ST00068" HPOS="888" VPOS="1237" WIDTH="217" HEIGHT="41" CONTENT="Frühwind" WC="1.00" CC="00000300"/>
						<SP ID="P33_SP00058" HPOS="1105" VPOS="1287" WIDTH="28"/>
						<String ID="P33_ST00069" HPOS="1133" VPOS="1242" WIDTH="138" HEIGHT="46" CONTENT="wühlt," WC="0.99" CC="000434"/>
					</TextLine>
					<TextLine ID="P33_TL00012" HPOS="208" VPOS="1296" WIDTH="956" HEIGHT="59">
						<String ID="P33_ST00070" HPOS="208" VPOS="1296" WIDTH="79" HEIGHT="38" CONTENT="dies" WC="0.99" CC="0300"/>
						<SP ID="P33_SP00059" HPOS="287" VPOS="1334" WIDTH="30"/>
						<String ID="P33_ST00071" HPOS="317" VPOS="1296" WIDTH="125" HEIGHT="39" CONTENT="bunte" WC="0.99" CC="05040"/>
						<SP ID="P33_SP00060" HPOS="442" VPOS="1335" WIDTH="28"/>
						<String ID="P33_ST00072" HPOS="470" VPOS="1296" WIDTH="139" HEIGHT="38" CONTENT="Leben" WC="1.00" CC="00000"/>
						<SP ID="P33_SP00061" HPOS="609" VPOS="1335" WIDTH="28"/>
						<String ID="P33_ST00073" HPOS="637" VPOS="1296" WIDTH="85" HEIGHT="40" CONTENT="hin:" WC="0.98" CC="4103"/>
						<SP ID="P33_SP00062" HPOS="722" VPOS="1336" WIDTH="32"/>
						<String ID="P33_ST00074" HPOS="754" VPOS="1297" WIDTH="79" HEIGHT="39" CONTENT="den" WC="1.00" CC="000"/>
						<SP ID="P33_SP00063" HPOS="833" VPOS="1336" WIDTH="28"/>
						<String ID="P33_ST00075" HPOS="861" VPOS="1299" WIDTH="139" HEIGHT="40" CONTENT="reinen" WC="1.00" CC="001000"/>
						<SP ID="P33_SP00064" HPOS="1000" VPOS="1339" WIDTH="28"/>
						<String ID="P33_ST00076" HPOS="1028" VPOS="1302" WIDTH="136" HEIGHT="53" CONTENT="Drang" WC="0.98" CC="00570"/>
					</TextLine>
					<TextLine ID="P33_TL00013" HPOS="207" VPOS="1358" WIDTH="956" HEIGHT="56">
						<String ID="P33_ST00077" HPOS="207" VPOS="1359" WIDTH="66" HEIGHT="38" CONTENT="des" WC="1.00" CC="000"/>
						<SP ID="P33_SP00065" HPOS="273" VPOS="1397" WIDTH="28"/>
						<String ID="P33_ST00078" HPOS="301" VPOS="1358" WIDTH="160" HEIGHT="39" CONTENT="Lebens" WC="1.00" CC="000200"/>
						<SP ID="P33_SP00066" HPOS="461" VPOS="1397" WIDTH="28"/>
						<String ID="P33_ST00079" HPOS="489" VPOS="1359" WIDTH="75" HEIGHT="38" CONTENT="hab" WC="0.58" CC="560"/>
						<SP ID="P33_SP00067" HPOS="564" VPOS="1397" WIDTH="28"/>
						<String ID="P33_ST00080" HPOS="592" VPOS="1358" WIDTH="66" HEIGHT="40" CONTENT="ich" WC="0.98" CC="006"/>
						<SP ID="P33_SP00068" HPOS="658" VPOS="1398" WIDTH="26"/>
						<String ID="P33_ST00081" HPOS="684" VPOS="1359" WIDTH="99" HEIGHT="47" CONTENT="hier," WC="0.99" CC="03104"/>
						<SP ID="P33_SP00069" HPOS="783" VPOS="1406" WIDTH="28"/>
						<String ID="P33_ST00082" HPOS="811" VPOS="1373" WIDTH="76" HEIGHT="26" CONTENT="nur" WC="0.97" CC="060"/>
						<SP ID="P33_SP00070" HPOS="887" VPOS="1406" WIDTH="28"/>
						<String ID="P33_ST00083" HPOS="915" VPOS="1375" WIDTH="45" HEIGHT="26" CONTENT="so" WC="1.00" CC="00"/>
						<SP ID="P33_SP00071" HPOS="960" VPOS="1406" WIDTH="30"/>
						<String ID="P33_ST00084" HPOS="990" VPOS="1364" WIDTH="173" HEIGHT="50" CONTENT="gekühlt," WC="0.99" CC="00000264"/>
					</TextLine>
					<TextLine ID="P33_TL00014" HPOS="208" VPOS="1483" WIDTH="987" HEIGHT="55">
						<String ID="P33_ST00085" HPOS="208" VPOS="1483" WIDTH="76" HEIGHT="39" CONTENT="wie" WC="0.99" CC="010"/>
						<SP ID="P33_SP00072" HPOS="284" VPOS="1522" WIDTH="29"/>
						<String ID="P33_ST00086" HPOS="313" VPOS="1486" WIDTH="124" HEIGHT="48" CONTENT="grüne" WC="0.99" CC="00012"/>
						<SP ID="P33_SP00073" HPOS="437" VPOS="1534" WIDTH="29"/>
						<String ID="P33_ST00087" HPOS="466" VPOS="1483" WIDTH="148" HEIGHT="40" CONTENT="Kelche" WC="0.99" CC="022020"/>
						<SP ID="P33_SP00074" HPOS="614" VPOS="1534" WIDTH="31"/>
						<String ID="P33_ST00088" HPOS="645" VPOS="1484" WIDTH="83" HEIGHT="40" CONTENT="sich" WC="1.00" CC="0000"/>
						<SP ID="P33_SP00075" HPOS="728" VPOS="1534" WIDTH="27"/>
						<String ID="P33_ST00089" HPOS="755" VPOS="1498" WIDTH="98" HEIGHT="26" CONTENT="vom" WC="1.00" CC="000"/>
						<SP ID="P33_SP00076" HPOS="853" VPOS="1534" WIDTH="28"/>
						<String ID="P33_ST00090" HPOS="881" VPOS="1487" WIDTH="144" HEIGHT="41" CONTENT="Boden" WC="0.99" CC="51000"/>
						<SP ID="P33_SP00077" HPOS="1025" VPOS="1534" WIDTH="28"/>
						<String ID="P33_ST00091" HPOS="1053" VPOS="1489" WIDTH="142" HEIGHT="49" CONTENT="heben," WC="0.99" CC="001204"/>
					</TextLine>
					<TextLine ID="P33_TL00015" HPOS="208" VPOS="1544" WIDTH="1119" HEIGHT="59">
						<String ID="P33_ST00092" HPOS="208" VPOS="1559" WIDTH="43" HEIGHT="24" CONTENT="so" WC="0.87" CC="02"/>
						<SP ID="P33_SP00078" HPOS="251" VPOS="1583" WIDTH="28"/>
						<String ID="P33_ST00093" HPOS="279" VPOS="1544" WIDTH="86" HEIGHT="39" CONTENT="rein" WC="1.00" CC="0000"/>
						<SP ID="P33_SP00079" HPOS="365" VPOS="1583" WIDTH="28"/>
						<String ID="P33_ST00094" HPOS="393" VPOS="1545" WIDTH="82" HEIGHT="38" CONTENT="und" WC="0.98" CC="500"/>
						<SP ID="P33_SP00080" HPOS="475" VPOS="1583" WIDTH="28"/>
						<String ID="P33_ST00095" HPOS="503" VPOS="1544" WIDTH="134" HEIGHT="50" CONTENT="frisch," WC="0.99" CC="3600054"/>
						<SP ID="P33_SP00081" HPOS="637" VPOS="1594" WIDTH="29"/>
						<String ID="P33_ST00096" HPOS="666" VPOS="1547" WIDTH="77" HEIGHT="40" CONTENT="wie" WC="1.00" CC="000"/>
						<SP ID="P33_SP00082" HPOS="743" VPOS="1594" WIDTH="28"/>
						<String ID="P33_ST00097" HPOS="771" VPOS="1549" WIDTH="112" HEIGHT="39" CONTENT="nicht" WC="0.99" CC="00005"/>
						<SP ID="P33_SP00083" HPOS="883" VPOS="1594" WIDTH="27"/>
						<String ID="P33_ST00098" HPOS="910" VPOS="1549" WIDTH="45" HEIGHT="39" CONTENT="in" WC="0.56" CC="35"/>
						<SP ID="P33_SP00084" HPOS="955" VPOS="1594" WIDTH="26"/>
						<String ID="P33_ST00099" HPOS="981" VPOS="1552" WIDTH="151" HEIGHT="51" CONTENT="jungen" WC="0.99" CC="670000"/>
						<SP ID="P33_SP00085" HPOS="1132" VPOS="1603" WIDTH="27"/>
						<String ID="P33_ST00100" HPOS="1159" VPOS="1554" WIDTH="168" HEIGHT="40" CONTENT="Knaben" WC="0.99" CC="001500"/>
					</TextLine>
					<TextLine ID="P33_TL00016" HPOS="207" VPOS="1607" WIDTH="1089" HEIGHT="60">
						<String ID="P33_ST00101" HPOS="207" VPOS="1620" WIDTH="89" HEIGHT="26" CONTENT="zum" WC="1.00" CC="000"/>
						<SP ID="P33_SP00086" HPOS="296" VPOS="1646" WIDTH="28"/>
						<String ID="P33_ST00102" HPOS="324" VPOS="1607" WIDTH="98" HEIGHT="38" CONTENT="Ton" WC="0.98" CC="203"/>
						<SP ID="P33_SP00087" HPOS="422" VPOS="1646" WIDTH="30"/>
						<String ID="P33_ST00103" HPOS="452" VPOS="1621" WIDTH="84" HEIGHT="25" CONTENT="von" WC="1.00" CC="000"/>
						<SP ID="P33_SP00088" HPOS="536" VPOS="1646" WIDTH="28"/>
						<String ID="P33_ST00104" HPOS="564" VPOS="1608" WIDTH="142" HEIGHT="40" CONTENT="Flöten" WC="0.99" CC="020400"/>
						<SP ID="P33_SP00089" HPOS="706" VPOS="1648" WIDTH="29"/>
						<String ID="P33_ST00105" HPOS="735" VPOS="1609" WIDTH="149" HEIGHT="40" CONTENT="fromm" WC="1.00" CC="00000"/>
						<SP ID="P33_SP00090" HPOS="884" VPOS="1649" WIDTH="28"/>
						<String ID="P33_ST00106" HPOS="912" VPOS="1611" WIDTH="71" HEIGHT="39" CONTENT="der" WC="0.99" CC="003"/>
						<SP ID="P33_SP00091" HPOS="983" VPOS="1650" WIDTH="28"/>
						<String ID="P33_ST00107" HPOS="1011" VPOS="1613" WIDTH="153" HEIGHT="40" CONTENT="Athem" WC="0.65" CC="46600"/>
						<SP ID="P33_SP00092" HPOS="1164" VPOS="1653" WIDTH="28"/>
						<String ID="P33_ST00108" HPOS="1192" VPOS="1616" WIDTH="104" HEIGHT="51" CONTENT="geht." WC="0.98" CC="00634"/>
					</TextLine>
					<TextLine ID="P33_TL00017" HPOS="206" VPOS="1668" WIDTH="953" HEIGHT="49">
						<String ID="P33_ST00109" HPOS="206" VPOS="1669" WIDTH="48" HEIGHT="38" CONTENT="So" WC="1.00" CC="00"/>
						<SP ID="P33_SP00093" HPOS="254" VPOS="1707" WIDTH="29"/>
						<String ID="P33_ST00110" HPOS="283" VPOS="1668" WIDTH="251" HEIGHT="40" CONTENT="wundervoll" WC="1.00" CC="0600000021"/>
						<SP ID="P33_SP00094" HPOS="534" VPOS="1708" WIDTH="27"/>
						<String ID="P33_ST00111" HPOS="561" VPOS="1671" WIDTH="224" HEIGHT="39" CONTENT="verwoben" WC="1.00" CC="03201010"/>
						<SP ID="P33_SP00095" HPOS="785" VPOS="1710" WIDTH="27"/>
						<String ID="P33_ST00112" HPOS="812" VPOS="1672" WIDTH="89" HEIGHT="40" CONTENT="sind" WC="1.00" CC="0000"/>
						<SP ID="P33_SP00096" HPOS="901" VPOS="1712" WIDTH="29"/>
						<String ID="P33_ST00113" HPOS="930" VPOS="1674" WIDTH="63" HEIGHT="40" CONTENT="die" WC="1.00" CC="000"/>
						<SP ID="P33_SP00097" HPOS="993" VPOS="1714" WIDTH="20"/>
						<String ID="P33_ST00114" HPOS="1013" VPOS="1676" WIDTH="146" HEIGHT="41" CONTENT="Gaben" WC="0.99" CC="07000"/>
					</TextLine>
					<TextLine ID="P33_TL00018" HPOS="206" VPOS="1793" WIDTH="1017" HEIGHT="57">
						<String ID="P33_ST00115" HPOS="206" VPOS="1794" WIDTH="66" HEIGHT="38" CONTENT="des" WC="1.00" CC="000"/>
						<SP ID="P33_SP00098" HPOS="272" VPOS="1832" WIDTH="29"/>
						<String ID="P33_ST00116" HPOS="301" VPOS="1793" WIDTH="155" HEIGHT="39" CONTENT="Lebens" WC="1.00" CC="000000"/>
						<SP ID="P33_SP00099" HPOS="456" VPOS="1832" WIDTH="29"/>
						<String ID="P33_ST00117" HPOS="485" VPOS="1794" WIDTH="102" HEIGHT="40" CONTENT="hier:" WC="0.98" CC="50063"/>
						<SP ID="P33_SP00100" HPOS="587" VPOS="1834" WIDTH="31"/>
						<String ID="P33_ST00118" HPOS="618" VPOS="1795" WIDTH="74" HEIGHT="40" CONTENT="mir" WC="0.99" CC="030"/>
						<SP ID="P33_SP00101" HPOS="692" VPOS="1835" WIDTH="28"/>
						<String ID="P33_ST00119" HPOS="720" VPOS="1796" WIDTH="125" HEIGHT="40" CONTENT="winkt" WC="0.99" CC="00006"/>
						<SP ID="P33_SP00102" HPOS="845" VPOS="1836" WIDTH="28"/>
						<String ID="P33_ST00120" HPOS="873" VPOS="1811" WIDTH="65" HEIGHT="26" CONTENT="aus" WC="0.95" CC="751"/>
						<SP ID="P33_SP00103" HPOS="938" VPOS="1837" WIDTH="29"/>
						<String ID="P33_ST00121" HPOS="967" VPOS="1799" WIDTH="131" HEIGHT="51" CONTENT="jedem" WC="0.99" CC="60000"/>
						<SP ID="P33_SP00104" HPOS="1098" VPOS="1850" WIDTH="28"/>
						<String ID="P33_ST00122" HPOS="1126" VPOS="1802" WIDTH="97" HEIGHT="39" CONTENT="Beet" WC="0.99" CC="4000"/>
					</TextLine>
					<TextLine ID="P33_TL00019" HPOS="206" VPOS="1855" WIDTH="1134" HEIGHT="50">
						<String ID="P33_ST00123" HPOS="206" VPOS="1856" WIDTH="109" HEIGHT="39" CONTENT="mehr" WC="1.00" CC="0001"/>
						<SP ID="P33_SP00105" HPOS="315" VPOS="1895" WIDTH="28"/>
						<String ID="P33_ST00124" HPOS="343" VPOS="1855" WIDTH="50" HEIGHT="39" CONTENT="als" WC="0.97" CC="610"/>
						<SP ID="P33_SP00106" HPOS="393" VPOS="1895" WIDTH="30"/>
						<String ID="P33_ST00125" HPOS="423" VPOS="1856" WIDTH="66" HEIGHT="39" CONTENT="ein" WC="0.97" CC="007"/>
						<SP ID="P33_SP00107" HPOS="489" VPOS="1895" WIDTH="28"/>
						<String ID="P33_ST00126" HPOS="517" VPOS="1858" WIDTH="132" HEIGHT="38" CONTENT="Mund" WC="0.99" CC="0600"/>
						<SP ID="P33_SP00108" HPOS="649" VPOS="1896" WIDTH="28"/>
						<String ID="P33_ST00127" HPOS="677" VPOS="1859" WIDTH="76" HEIGHT="39" CONTENT="wie" WC="0.97" CC="016"/>
						<SP ID="P33_SP00109" HPOS="753" VPOS="1898" WIDTH="29"/>
						<String ID="P33_ST00128" HPOS="782" VPOS="1861" WIDTH="201" HEIGHT="39" CONTENT="Wunden" WC="1.00" CC="000000"/>
						<SP ID="P33_SP00110" HPOS="983" VPOS="1900" WIDTH="29"/>
						<String ID="P33_ST00129" HPOS="1012" VPOS="1863" WIDTH="100" HEIGHT="39" CONTENT="oder" WC="1.00" CC="0000"/>
						<SP ID="P33_SP00111" HPOS="1112" VPOS="1902" WIDTH="27"/>
						<String ID="P33_ST00130" HPOS="1139" VPOS="1864" WIDTH="201" HEIGHT="41" CONTENT="Flammen" WC="1.00" CC="0200000"/>
					</TextLine>
					<TextLine ID="P33_TL00020" HPOS="206" VPOS="1917" WIDTH="923" HEIGHT="58">
						<String ID="P33_ST00131" HPOS="206" VPOS="1917" WIDTH="70" HEIGHT="40" CONTENT="mit" WC="0.99" CC="020"/>
						<SP ID="P33_SP00112" HPOS="276" VPOS="1957" WIDTH="27"/>
						<String ID="P33_ST00132" HPOS="303" VPOS="1917" WIDTH="262" HEIGHT="42" CONTENT="schattenhaft" WC="1.00" CC="000736000006"/>
						<SP ID="P33_SP00113" HPOS="565" VPOS="1959" WIDTH="30"/>
						<String ID="P33_ST00133" HPOS="595" VPOS="1920" WIDTH="317" HEIGHT="55" CONTENT="durchsichtiger" WC="1.00" CC="04000030002000"/>
						<SP ID="P33_SP00114" HPOS="912" VPOS="1975" WIDTH="29"/>
						<String ID="P33_ST00134" HPOS="941" VPOS="1924" WIDTH="188" HEIGHT="40" CONTENT="Geberde" WC="1.00" CC="0010400"/>
					</TextLine>
					<TextLine ID="P33_TL00021" HPOS="204" VPOS="1980" WIDTH="989" HEIGHT="57">
						<String ID="P33_ST00135" HPOS="204" VPOS="1980" WIDTH="82" HEIGHT="39" CONTENT="und" WC="0.99" CC="010"/>
						<SP ID="P33_SP00115" HPOS="286" VPOS="2019" WIDTH="27"/>
						<String ID="P33_ST00136" HPOS="313" VPOS="1981" WIDTH="265" HEIGHT="41" CONTENT="Kindlichkeit" WC="1.00" CC="000001050036"/>
						<SP ID="P33_SP00116" HPOS="578" VPOS="2022" WIDTH="27"/>
						<String ID="P33_ST00137" HPOS="605" VPOS="1985" WIDTH="87" HEIGHT="38" CONTENT="und" WC="0.98" CC="600"/>
						<SP ID="P33_SP00117" HPOS="692" VPOS="2023" WIDTH="29"/>
						<String ID="P33_ST00138" HPOS="721" VPOS="1986" WIDTH="183" HEIGHT="51" CONTENT="Majestät" WC="0.99" CC="07600060"/>
						<SP ID="P33_SP00118" HPOS="904" VPOS="2037" WIDTH="28"/>
						<String ID="P33_ST00139" HPOS="932" VPOS="1987" WIDTH="261" HEIGHT="42" CONTENT="mitsammen." WC="1.00" CC="0000700004"/>
					</TextLine>
					<TextLine ID="P33_TL00022" HPOS="291" VPOS="2089" WIDTH="1084" HEIGHT="48">
						<String ID="P33_ST00140" HPOS="291" VPOS="2089" WIDTH="40" HEIGHT="30" CONTENT="Er" WC="0.86" CC="02" STYLEREFS="TXT_2"/>
						<SP ID="P33_SP00119" HPOS="331" VPOS="2119" WIDTH="22"/>
						<String ID="P33_ST00141" HPOS="353" VPOS="2090" WIDTH="70" HEIGHT="30" CONTENT="tritt" WC="0.98" CC="05522" STYLEREFS="TXT_2"/>
						<SP ID="P33_SP00120" HPOS="423" VPOS="2120" WIDTH="23"/>
						<String ID="P33_ST00142" HPOS="446" VPOS="2091" WIDTH="46" HEIGHT="37" CONTENT="ab," WC="0.96" CC="333" STYLEREFS="TXT_2"/>
						<SP ID="P33_SP00121" HPOS="492" VPOS="2128" WIDTH="32"/>
						<String ID="P33_ST00143" HPOS="524" VPOS="2090" WIDTH="55" HEIGHT="31" CONTENT="der" WC="0.97" CC="601" STYLEREFS="TXT_2"/>
						<SP ID="P33_SP00122" HPOS="579" VPOS="2128" WIDTH="24"/>
						<String ID="P33_ST00144" HPOS="603" VPOS="2092" WIDTH="95" HEIGHT="41" CONTENT="junge" WC="0.97" CC="07163" STYLEREFS="TXT_2"/>
						<SP ID="P33_SP00123" HPOS="698" VPOS="2133" WIDTH="24"/>
						<String ID="P33_ST00145" HPOS="722" VPOS="2093" WIDTH="85" HEIGHT="30" CONTENT="Herr" WC="0.97" CC="4330" STYLEREFS="TXT_2"/>
						<SP ID="P33_SP00124" HPOS="807" VPOS="2133" WIDTH="23"/>
						<String ID="P33_ST00146" HPOS="830" VPOS="2094" WIDTH="71" HEIGHT="31" CONTENT="tritt" WC="0.98" CC="05310" STYLEREFS="TXT_2"/>
						<SP ID="P33_SP00125" HPOS="901" VPOS="2133" WIDTH="25"/>
						<String ID="P33_ST00147" HPOS="926" VPOS="2095" WIDTH="64" HEIGHT="38" CONTENT="auf," WC="0.96" CC="6343" STYLEREFS="TXT_2"/>
						<SP ID="P33_SP00126" HPOS="990" VPOS="2133" WIDTH="28"/>
						<String ID="P33_ST00148" HPOS="1018" VPOS="2096" WIDTH="148" HEIGHT="41" CONTENT="langsam," WC="0.99" CC="00054004" STYLEREFS="TXT_2"/>
						<SP ID="P33_SP00127" HPOS="1166" VPOS="2137" WIDTH="25"/>
						<String ID="P33_ST00149" HPOS="1191" VPOS="2097" WIDTH="64" HEIGHT="31" CONTENT="sein" WC="0.97" CC="3036" STYLEREFS="TXT_2"/>
						<SP ID="P33_SP00128" HPOS="1255" VPOS="2137" WIDTH="25"/>
						<String ID="P33_ST00150" HPOS="1280" VPOS="2098" WIDTH="95" HEIGHT="32" CONTENT="Pferd" WC="0.95" CC="66469" STYLEREFS="TXT_2"/>
					</TextLine>
					<TextLine ID="P33_TL00023" HPOS="208" VPOS="2143" WIDTH="339" HEIGHT="41">
						<String ID="P33_ST00151" HPOS="208" VPOS="2153" WIDTH="49" HEIGHT="19" CONTENT="am" WC="1.00" CC="00" STYLEREFS="TXT_2"/>
						<SP ID="P33_SP00129" HPOS="257" VPOS="2172" WIDTH="23"/>
						<String ID="P33_ST00152" HPOS="280" VPOS="2143" WIDTH="98" HEIGHT="41" CONTENT="Zügel" WC="1.00" CC="20000" STYLEREFS="TXT_2"/>
						<SP ID="P33_SP00130" HPOS="378" VPOS="2184" WIDTH="23"/>
						<String ID="P33_ST00153" HPOS="401" VPOS="2143" WIDTH="146" HEIGHT="32" CONTENT="führend." WC="0.99" CC="40511603" STYLEREFS="TXT_2"/>
					</TextLine>
					<TextLine ID="P33_TL00024" HPOS="571" VPOS="2244" WIDTH="438" HEIGHT="52">
						<String ID="P33_ST00154" HPOS="571" VPOS="2244" WIDTH="97" HEIGHT="37" CONTENT="Der" WC="1.00" CC="000"/>
						<SP ID="P33_SP00131" HPOS="668" VPOS="2281" WIDTH="26"/>
						<String ID="P33_ST00155" HPOS="694" VPOS="2244" WIDTH="145" HEIGHT="52" CONTENT="junge" WC="0.98" CC="36001"/>
						<SP ID="P33_SP00132" HPOS="839" VPOS="2296" WIDTH="29"/>
						<String ID="P33_ST00156" HPOS="868" VPOS="2245" WIDTH="141" HEIGHT="39" CONTENT="Herr:" WC="1.00" CC="20000"/>
					</TextLine>
					<TextLine ID="P33_TL00025" HPOS="205" VPOS="2345" WIDTH="1168" HEIGHT="60">
						<String ID="P33_ST00157" HPOS="205" VPOS="2345" WIDTH="68" HEIGHT="40" CONTENT="Ich" WC="1.00" CC="000"/>
						<SP ID="P33_SP00133" HPOS="273" VPOS="2385" WIDTH="25"/>
						<String ID="P33_ST00158" HPOS="298" VPOS="2345" WIDTH="69" HEIGHT="40" CONTENT="ritt" WC="0.98" CC="0065"/>
						<SP ID="P33_SP00134" HPOS="367" VPOS="2385" WIDTH="28"/>
						<String ID="P33_ST00159" HPOS="395" VPOS="2348" WIDTH="128" HEIGHT="38" CONTENT="schon" WC="1.00" CC="00000"/>
						<SP ID="P33_SP00135" HPOS="523" VPOS="2386" WIDTH="19"/>
						<String ID="P33_ST00160" HPOS="542" VPOS="2361" WIDTH="77" HEIGHT="36" CONTENT="aus," WC="0.98" CC="0604"/>
						<SP ID="P33_SP00136" HPOS="619" VPOS="2397" WIDTH="30"/>
						<String ID="P33_ST00161" HPOS="649" VPOS="2349" WIDTH="129" HEIGHT="40" CONTENT="bevor" WC="1.00" CC="10010"/>
						<SP ID="P33_SP00137" HPOS="778" VPOS="2397" WIDTH="19"/>
						<String ID="P33_ST00162" HPOS="797" VPOS="2350" WIDTH="71" HEIGHT="40" CONTENT="der" WC="1.00" CC="000"/>
						<SP ID="P33_SP00138" HPOS="868" VPOS="2397" WIDTH="20"/>
						<String ID="P33_ST00163" HPOS="888" VPOS="2351" WIDTH="118" HEIGHT="41" CONTENT="Thau" WC="0.65" CC="4260"/>
						<SP ID="P33_SP00139" HPOS="1006" VPOS="2397" WIDTH="20"/>
						<String ID="P33_ST00164" HPOS="1026" VPOS="2354" WIDTH="237" HEIGHT="51" CONTENT="getrocknet" WC="1.00" CC="0000000000"/>
						<SP ID="P33_SP00140" HPOS="1263" VPOS="2405" WIDTH="19"/>
						<String ID="P33_ST00165" HPOS="1282" VPOS="2370" WIDTH="91" HEIGHT="25" CONTENT="war." WC="0.98" CC="0704"/>
					</TextLine>
					<TextLine ID="P33_TL00026" HPOS="206" VPOS="2408" WIDTH="1141" HEIGHT="62">
						<String ID="P33_ST00166" HPOS="206" VPOS="2408" WIDTH="72" HEIGHT="38" CONTENT="Die" WC="0.97" CC="330"/>
						<SP ID="P33_SP00141" HPOS="278" VPOS="2446" WIDTH="29"/>
						<String ID="P33_ST00167" HPOS="307" VPOS="2409" WIDTH="149" HEIGHT="39" CONTENT="andern" WC="0.99" CC="600050"/>
						<SP ID="P33_SP00142" HPOS="456" VPOS="2448" WIDTH="28"/>
						<String ID="P33_ST00168" HPOS="484" VPOS="2411" WIDTH="168" HEIGHT="39" CONTENT="wollten" WC="0.99" CC="0053400"/>
						<SP ID="P33_SP00143" HPOS="652" VPOS="2450" WIDTH="28"/>
						<String ID="P33_ST00169" HPOS="680" VPOS="2413" WIDTH="108" HEIGHT="38" CONTENT="mich" WC="0.98" CC="0105"/>
						<SP ID="P33_SP00144" HPOS="788" VPOS="2451" WIDTH="29"/>
						<String ID="P33_ST00170" HPOS="817" VPOS="2413" WIDTH="154" HEIGHT="40" CONTENT="daheim" WC="0.99" CC="070000"/>
						<SP ID="P33_SP00145" HPOS="971" VPOS="2453" WIDTH="28"/>
						<String ID="P33_ST00171" HPOS="999" VPOS="2429" WIDTH="50" HEIGHT="26" CONTENT="zu" WC="0.71" CC="05"/>
						<SP ID="P33_SP00146" HPOS="1049" VPOS="2455" WIDTH="28"/>
						<String ID="P33_ST00172" HPOS="1077" VPOS="2416" WIDTH="127" HEIGHT="41" CONTENT="ihrem" WC="1.00" CC="10000"/>
						<SP ID="P33_SP00147" HPOS="1204" VPOS="2457" WIDTH="29"/>
						<String ID="P33_ST00173" HPOS="1233" VPOS="2418" WIDTH="114" HEIGHT="52" CONTENT="Spiel," WC="0.99" CC="002004"/>
					</TextLine>
					<TextLine ID="P33_TL00027" HPOS="205" VPOS="2470" WIDTH="1088" HEIGHT="52">
						<String ID="P33_ST00174" HPOS="205" VPOS="2470" WIDTH="103" HEIGHT="40" CONTENT="mich" WC="1.00" CC="0200"/>
						<SP ID="P33_SP00148" HPOS="308" VPOS="2510" WIDTH="28"/>
						<String ID="P33_ST00175" HPOS="336" VPOS="2472" WIDTH="90" HEIGHT="38" CONTENT="aber" WC="1.00" CC="0000"/>
						<SP ID="P33_SP00149" HPOS="426" VPOS="2510" WIDTH="28"/>
						<String ID="P33_ST00176" HPOS="454" VPOS="2472" WIDTH="108" HEIGHT="40" CONTENT="freut" WC="0.98" CC="00046"/>
						<SP ID="P33_SP00150" HPOS="562" VPOS="2512" WIDTH="29"/>
						<String ID="P33_ST00177" HPOS="591" VPOS="2486" WIDTH="41" HEIGHT="26" CONTENT="es" WC="1.00" CC="00"/>
						<SP ID="P33_SP00151" HPOS="632" VPOS="2512" WIDTH="30"/>
						<String ID="P33_ST00178" HPOS="662" VPOS="2487" WIDTH="57" HEIGHT="35" CONTENT="so," WC="0.98" CC="004"/>
						<SP ID="P33_SP00152" HPOS="719" VPOS="2522" WIDTH="29"/>
						<String ID="P33_ST00179" HPOS="748" VPOS="2474" WIDTH="67" HEIGHT="40" CONTENT="für" WC="0.98" CC="400"/>
						<SP ID="P33_SP00153" HPOS="815" VPOS="2522" WIDTH="28"/>
						<String ID="P33_ST00180" HPOS="843" VPOS="2476" WIDTH="107" HEIGHT="40" CONTENT="mich" WC="0.98" CC="0205"/>
						<SP ID="P33_SP00154" HPOS="950" VPOS="2522" WIDTH="28"/>
						<String ID="P33_ST00181" HPOS="978" VPOS="2477" WIDTH="116" HEIGHT="39" CONTENT="allein" WC="0.98" CC="640037"/>
						<SP ID="P33_SP00155" HPOS="1094" VPOS="2522" WIDTH="27"/>
						<String ID="P33_ST00182" HPOS="1121" VPOS="2491" WIDTH="50" HEIGHT="26" CONTENT="zu" WC="0.64" CC="07"/>
						<SP ID="P33_SP00156" HPOS="1171" VPOS="2522" WIDTH="29"/>
						<String ID="P33_ST00183" HPOS="1200" VPOS="2479" WIDTH="93" HEIGHT="39" CONTENT="sein." WC="0.98" CC="00473"/>
					</TextLine>
					<TextLine ID="P33_TL00028" HPOS="205" VPOS="2531" WIDTH="1170" HEIGHT="56">
						<String ID="P33_ST00184" HPOS="205" VPOS="2532" WIDTH="79" HEIGHT="38" CONTENT="Am" WC="1.00" CC="00"/>
						<SP ID="P33_SP00157" HPOS="284" VPOS="2570" WIDTH="27"/>
						<String ID="P33_ST00185" HPOS="311" VPOS="2531" WIDTH="145" HEIGHT="41" CONTENT="frühen" WC="1.00" CC="310000"/>
						<SP ID="P33_SP00158" HPOS="456" VPOS="2572" WIDTH="26"/>
						<String ID="P33_ST00186" HPOS="482" VPOS="2535" WIDTH="115" HEIGHT="52" CONTENT="Tage" WC="1.00" CC="2000"/>
						<SP ID="P33_SP00159" HPOS="597" VPOS="2587" WIDTH="31"/>
						<String ID="P33_ST00187" HPOS="628" VPOS="2535" WIDTH="68" HEIGHT="40" CONTENT="bin" WC="1.00" CC="000"/>
						<SP ID="P33_SP00160" HPOS="696" VPOS="2587" WIDTH="17"/>
						<String ID="P33_ST00188" HPOS="713" VPOS="2536" WIDTH="65" HEIGHT="41" CONTENT="ich" WC="0.96" CC="406"/>
						<SP ID="P33_SP00161" HPOS="778" VPOS="2587" WIDTH="20"/>
						<String ID="P33_ST00189" HPOS="798" VPOS="2538" WIDTH="128" HEIGHT="39" CONTENT="schon" WC="1.00" CC="00000"/>
						<SP ID="P33_SP00162" HPOS="926" VPOS="2587" WIDTH="20"/>
						<String ID="P33_ST00190" HPOS="946" VPOS="2539" WIDTH="112" HEIGHT="40" CONTENT="nicht" WC="0.99" CC="03006"/>
						<SP ID="P33_SP00163" HPOS="1058" VPOS="2587" WIDTH="19"/>
						<String ID="P33_ST00191" HPOS="1077" VPOS="2540" WIDTH="94" HEIGHT="40" CONTENT="weit" WC="0.98" CC="0045"/>
						<SP ID="P33_SP00164" HPOS="1171" VPOS="2587" WIDTH="19"/>
						<String ID="P33_ST00192" HPOS="1190" VPOS="2554" WIDTH="83" HEIGHT="26" CONTENT="von" WC="1.00" CC="000"/>
						<SP ID="P33_SP00165" HPOS="1273" VPOS="2587" WIDTH="18"/>
						<String ID="P33_ST00193" HPOS="1291" VPOS="2541" WIDTH="84" HEIGHT="39" CONTENT="hier" WC="0.99" CC="0013"/>
					</TextLine>
					<TextLine ID="P33_TL00029" HPOS="205" VPOS="2594" WIDTH="1168" HEIGHT="61">
						<String ID="P33_ST00194" HPOS="205" VPOS="2594" WIDTH="91" HEIGHT="39" CONTENT="dem" WC="1.00" CC="000"/>
						<SP ID="P33_SP00166" HPOS="296" VPOS="2633" WIDTH="19"/>
						<String ID="P33_ST00195" HPOS="315" VPOS="2595" WIDTH="116" HEIGHT="39" CONTENT="Greis" WC="1.00" CC="00000"/>
						<SP ID="P33_SP00167" HPOS="431" VPOS="2634" WIDTH="32"/>
						<String ID="P33_ST00196" HPOS="463" VPOS="2597" WIDTH="208" HEIGHT="53" CONTENT="begegnet," WC="1.00" CC="000000204"/>
						<SP ID="P33_SP00168" HPOS="671" VPOS="2650" WIDTH="30"/>
						<String ID="P33_ST00197" HPOS="701" VPOS="2599" WIDTH="72" HEIGHT="39" CONTENT="der" WC="1.00" CC="000"/>
						<SP ID="P33_SP00169" HPOS="773" VPOS="2650" WIDTH="28"/>
						<String ID="P33_ST00198" HPOS="801" VPOS="2600" WIDTH="74" HEIGHT="39" CONTENT="mir" WC="0.99" CC="020"/>
						<SP ID="P33_SP00170" HPOS="875" VPOS="2650" WIDTH="28"/>
						<String ID="P33_ST00199" HPOS="903" VPOS="2601" WIDTH="79" HEIGHT="39" CONTENT="viel" WC="0.99" CC="0300"/>
						<SP ID="P33_SP00171" HPOS="982" VPOS="2650" WIDTH="19"/>
						<String ID="P33_ST00200" HPOS="1001" VPOS="2615" WIDTH="50" HEIGHT="26" CONTENT="zu" WC="0.85" CC="02"/>
						<SP ID="P33_SP00172" HPOS="1051" VPOS="2650" WIDTH="19"/>
						<String ID="P33_ST00201" HPOS="1070" VPOS="2601" WIDTH="159" HEIGHT="40" CONTENT="denken" WC="0.99" CC="004006"/>
						<SP ID="P33_SP00173" HPOS="1229" VPOS="2650" WIDTH="20"/>
						<String ID="P33_ST00202" HPOS="1249" VPOS="2604" WIDTH="124" HEIGHT="51" CONTENT="giebt:" WC="0.89" CC="020020"/>
					</TextLine>
					<TextLine ID="P33_TL00030" HPOS="205" VPOS="2655" WIDTH="1092" HEIGHT="54">
						<String ID="P33_ST00203" HPOS="205" VPOS="2655" WIDTH="63" HEIGHT="40" CONTENT="ein" WC="0.99" CC="010"/>
						<SP ID="P33_SP00174" HPOS="268" VPOS="2695" WIDTH="28"/>
						<String ID="P33_ST00204" HPOS="296" VPOS="2658" WIDTH="261" HEIGHT="40" CONTENT="sonderbarer" WC="1.00" CC="00000207300"/>
						<SP ID="P33_SP00175" HPOS="557" VPOS="2698" WIDTH="28"/>
						<String ID="P33_ST00205" HPOS="585" VPOS="2661" WIDTH="162" HEIGHT="48" CONTENT="Bettler," WC="0.99" CC="00633013"/>
						<SP ID="P33_SP00176" HPOS="747" VPOS="2709" WIDTH="31"/>
						<String ID="P33_ST00206" HPOS="778" VPOS="2662" WIDTH="146" HEIGHT="40" CONTENT="dessen" WC="1.00" CC="000300"/>
						<SP ID="P33_SP00177" HPOS="924" VPOS="2709" WIDTH="28"/>
						<String ID="P33_ST00207" HPOS="952" VPOS="2675" WIDTH="192" HEIGHT="28" CONTENT="stummer" WC="1.00" CC="0050000"/>
						<SP ID="P33_SP00178" HPOS="1144" VPOS="2709" WIDTH="29"/>
						<String ID="P33_ST00208" HPOS="1173" VPOS="2665" WIDTH="124" HEIGHT="39" CONTENT="Grufs" WC="0.86" CC="00600"/>
					</TextLine>
					<TextLine ID="P33_TL00031" HPOS="207" VPOS="2720" WIDTH="1168" HEIGHT="59">
						<String ID="P33_ST00209" HPOS="207" VPOS="2731" WIDTH="43" HEIGHT="25" CONTENT="so" WC="1.00" CC="00"/>
						<SP ID="P33_SP00179" HPOS="250" VPOS="2756" WIDTH="34"/>
						<String ID="P33_ST00210" HPOS="284" VPOS="2732" WIDTH="90" HEIGHT="35" CONTENT="war," WC="0.98" CC="0602"/>
						<SP ID="P33_SP00180" HPOS="374" VPOS="2767" WIDTH="35"/>
						<String ID="P33_ST00211" HPOS="409" VPOS="2720" WIDTH="76" HEIGHT="39" CONTENT="wie" WC="0.98" CC="040"/>
						<SP ID="P33_SP00181" HPOS="485" VPOS="2767" WIDTH="28"/>
						<String ID="P33_ST00212" HPOS="513" VPOS="2721" WIDTH="70" HEIGHT="40" CONTENT="ihn" WC="0.96" CC="045"/>
						<SP ID="P33_SP00182" HPOS="583" VPOS="2767" WIDTH="28"/>
						<String ID="P33_ST00213" HPOS="611" VPOS="2723" WIDTH="201" HEIGHT="40" CONTENT="vielleicht" WC="1.00" CC="0000000005"/>
						<SP ID="P33_SP00183" HPOS="812" VPOS="2767" WIDTH="30"/>
						<String ID="P33_ST00214" HPOS="842" VPOS="2724" WIDTH="65" HEIGHT="39" CONTENT="ein" WC="0.99" CC="020"/>
						<SP ID="P33_SP00184" HPOS="907" VPOS="2767" WIDTH="27"/>
						<String ID="P33_ST00215" HPOS="934" VPOS="2726" WIDTH="117" HEIGHT="38" CONTENT="Fürst" WC="0.99" CC="00005"/>
						<SP ID="P33_SP00185" HPOS="1051" VPOS="2767" WIDTH="31"/>
						<String ID="P33_ST00216" HPOS="1082" VPOS="2726" WIDTH="179" HEIGHT="39" CONTENT="besitzen" WC="0.99" CC="42004000"/>
						<SP ID="P33_SP00186" HPOS="1261" VPOS="2767" WIDTH="27"/>
						<String ID="P33_ST00217" HPOS="1288" VPOS="2740" WIDTH="87" HEIGHT="39" CONTENT="mag" WC="1.00" CC="000"/>
					</TextLine>
					<TextLine ID="P33_TL00032" HPOS="205" VPOS="2781" WIDTH="1107" HEIGHT="50">
						<String ID="P33_ST00218" HPOS="205" VPOS="2793" WIDTH="82" HEIGHT="26" CONTENT="von" WC="1.00" CC="000"/>
						<SP ID="P33_SP00187" HPOS="287" VPOS="2819" WIDTH="28"/>
						<String ID="P33_ST00219" HPOS="315" VPOS="2781" WIDTH="110" HEIGHT="40" CONTENT="einer" WC="1.00" CC="00000"/>
						<SP ID="P33_SP00188" HPOS="425" VPOS="2821" WIDTH="29"/>
						<String ID="P33_ST00220" HPOS="454" VPOS="2784" WIDTH="89" HEIGHT="47" CONTENT="Art," WC="0.98" CC="0033"/>
						<SP ID="P33_SP00189" HPOS="543" VPOS="2831" WIDTH="28"/>
						<String ID="P33_ST00221" HPOS="571" VPOS="2784" WIDTH="76" HEIGHT="40" CONTENT="wie" WC="1.00" CC="000"/>
						<SP ID="P33_SP00190" HPOS="647" VPOS="2831" WIDTH="19"/>
						<String ID="P33_ST00222" HPOS="666" VPOS="2785" WIDTH="66" HEIGHT="40" CONTENT="ich" WC="0.97" CC="035"/>
						<SP ID="P33_SP00191" HPOS="732" VPOS="2831" WIDTH="28"/>
						<String ID="P33_ST00223" HPOS="760" VPOS="2800" WIDTH="85" HEIGHT="25" CONTENT="von" WC="1.00" CC="000"/>
						<SP ID="P33_SP00192" HPOS="845" VPOS="2831" WIDTH="28"/>
						<String ID="P33_ST00224" HPOS="873" VPOS="2787" WIDTH="157" HEIGHT="39" CONTENT="keinem" WC="1.00" CC="000000"/>
						<SP ID="P33_SP00193" HPOS="1030" VPOS="2831" WIDTH="28"/>
						<String ID="P33_ST00225" HPOS="1058" VPOS="2787" WIDTH="153" HEIGHT="41" CONTENT="freilich" WC="1.00" CC="30200400"/>
						<SP ID="P33_SP00194" HPOS="1211" VPOS="2831" WIDTH="27"/>
						<String ID="P33_ST00226" HPOS="1238" VPOS="2789" WIDTH="54" HEIGHT="38" CONTENT="las" WC="0.97" CC="440"/>
						<SP ID="P33_SP00195" HPOS="1292" VPOS="2831" WIDTH="12"/>
						<String ID="P33_ST00227" HPOS="1304" VPOS="2806" WIDTH="8" HEIGHT="20" CONTENT=":" WC="0.57" CC="4"/>
					</TextLine>
					<TextLine ID="P33_TL00033" HPOS="205" VPOS="2842" WIDTH="1169" HEIGHT="55">
						<String ID="P33_ST00228" HPOS="205" VPOS="2842" WIDTH="68" HEIGHT="39" CONTENT="der" WC="0.98" CC="004"/>
						<SP ID="P33_SP00196" HPOS="273" VPOS="2881" WIDTH="19"/>
						<String ID="P33_ST00229" HPOS="292" VPOS="2844" WIDTH="254" HEIGHT="53" CONTENT="schweigend" WC="1.00" CC="0000000100"/>
						<SP ID="P33_SP00197" HPOS="546" VPOS="2897" WIDTH="20"/>
						<String ID="P33_ST00230" HPOS="566" VPOS="2847" WIDTH="108" HEIGHT="39" CONTENT="seine" WC="1.00" CC="00002"/>
						<SP ID="P33_SP00198" HPOS="674" VPOS="2897" WIDTH="15"/>
						<String ID="P33_ST00231" HPOS="689" VPOS="2848" WIDTH="138" HEIGHT="39" CONTENT="Krone" WC="1.00" CC="00000"/>
						<SP ID="P33_SP00199" HPOS="827" VPOS="2897" WIDTH="15"/>
						<String ID="P33_ST00232" HPOS="842" VPOS="2849" WIDTH="195" HEIGHT="40" CONTENT="hinwürf’" WC="0.90" CC="00000008"/>
						<SP ID="P33_SP00200" HPOS="1037" VPOS="2897" WIDTH="14"/>
						<String ID="P33_ST00233" HPOS="1051" VPOS="2850" WIDTH="83" HEIGHT="39" CONTENT="und" WC="0.98" CC="500"/>
						<SP ID="P33_SP00201" HPOS="1134" VPOS="2897" WIDTH="16"/>
						<String ID="P33_ST00234" HPOS="1150" VPOS="2864" WIDTH="75" HEIGHT="26" CONTENT="vor" WC="0.98" CC="040"/>
						<SP ID="P33_SP00202" HPOS="1225" VPOS="2897" WIDTH="14"/>
						<String ID="P33_ST00235" HPOS="1239" VPOS="2851" WIDTH="135" HEIGHT="39" CONTENT="Nacht" WC="0.99" CC="05000"/>
					</TextLine>
					<TextLine ID="P33_TL00034" HPOS="205" VPOS="2904" WIDTH="1031" HEIGHT="47">
						<String ID="P33_ST00236" HPOS="205" VPOS="2904" WIDTH="77" HEIGHT="39" CONTENT="den" WC="1.00" CC="000"/>
						<SP ID="P33_SP00203" HPOS="282" VPOS="2943" WIDTH="28"/>
						<String ID="P33_ST00237" HPOS="310" VPOS="2906" WIDTH="92" HEIGHT="39" CONTENT="Hof" WC="0.96" CC="405"/>
						<SP ID="P33_SP00204" HPOS="402" VPOS="2945" WIDTH="22"/>
						<String ID="P33_ST00238" HPOS="424" VPOS="2908" WIDTH="173" HEIGHT="40" CONTENT="verliefs’" WC="0.77" CC="010030508"/>
						<SP ID="P33_SP00205" HPOS="597" VPOS="2948" WIDTH="28"/>
						<String ID="P33_ST00239" HPOS="625" VPOS="2911" WIDTH="85" HEIGHT="38" CONTENT="und" WC="1.00" CC="000"/>
						<SP ID="P33_SP00206" HPOS="710" VPOS="2949" WIDTH="28"/>
						<String ID="P33_ST00240" HPOS="738" VPOS="2911" WIDTH="65" HEIGHT="38" CONTENT="nie" WC="0.99" CC="030"/>
						<SP ID="P33_SP00207" HPOS="803" VPOS="2949" WIDTH="30"/>
						<String ID="P33_ST00241" HPOS="833" VPOS="2912" WIDTH="112" HEIGHT="39" CONTENT="mehr" WC="0.99" CC="0102"/>
						<SP ID="P33_SP00208" HPOS="945" VPOS="2951" WIDTH="29"/>
						<String ID="P33_ST00242" HPOS="974" VPOS="2912" WIDTH="262" HEIGHT="39" CONTENT="wiederkäm’." WC="0.93" CC="00000200004"/>
					</TextLine>
					<TextLine ID="P33_TL00035" HPOS="205" VPOS="2966" WIDTH="1090" HEIGHT="56">
						<String ID="P33_ST00243" HPOS="205" VPOS="2966" WIDTH="98" HEIGHT="40" CONTENT="Was" WC="0.98" CC="060"/>
						<SP ID="P33_SP00209" HPOS="303" VPOS="3006" WIDTH="30"/>
						<String ID="P33_ST00244" HPOS="333" VPOS="2969" WIDTH="88" HEIGHT="39" CONTENT="aber" WC="0.98" CC="7000"/>
						<SP ID="P33_SP00210" HPOS="421" VPOS="3008" WIDTH="28"/>
						<String ID="P33_ST00245" HPOS="449" VPOS="2971" WIDTH="149" HEIGHT="40" CONTENT="könnte" WC="1.00" CC="000040"/>
						<SP ID="P33_SP00211" HPOS="598" VPOS="3011" WIDTH="30"/>
						<String ID="P33_ST00246" HPOS="628" VPOS="2973" WIDTH="130" HEIGHT="39" CONTENT="seiner" WC="1.00" CC="003010"/>
						<SP ID="P33_SP00212" HPOS="758" VPOS="3012" WIDTH="29"/>
						<String ID="P33_ST00247" HPOS="787" VPOS="2974" WIDTH="167" HEIGHT="48" CONTENT="treiben," WC="0.99" CC="50030003"/>
						<SP ID="P33_SP00213" HPOS="954" VPOS="3022" WIDTH="31"/>
						<String ID="P33_ST00248" HPOS="985" VPOS="2974" WIDTH="81" HEIGHT="39" CONTENT="dies" WC="1.00" CC="0000"/>
						<SP ID="P33_SP00214" HPOS="1066" VPOS="3022" WIDTH="30"/>
						<String ID="P33_ST00249" HPOS="1096" VPOS="2987" WIDTH="50" HEIGHT="26" CONTENT="zu" WC="0.68" CC="06"/>
						<SP ID="P33_SP00215" HPOS="1146" VPOS="3022" WIDTH="27"/>
						<String ID="P33_ST00250" HPOS="1173" VPOS="2975" WIDTH="122" HEIGHT="39" CONTENT="thun?" WC="0.50" CC="46076"/>
					</TextLine>
					<TextLine ID="P33_TL00036" HPOS="207" VPOS="3029" WIDTH="1149" HEIGHT="59">
						<String ID="P33_ST00251" HPOS="207" VPOS="3029" WIDTH="68" HEIGHT="39" CONTENT="Ich" WC="0.95" CC="606"/>
						<SP ID="P33_SP00216" HPOS="275" VPOS="3068" WIDTH="26"/>
						<String ID="P33_ST00252" HPOS="301" VPOS="3031" WIDTH="123" HEIGHT="48" CONTENT="weifs," WC="0.87" CC="030004"/>
						<SP ID="P33_SP00217" HPOS="424" VPOS="3079" WIDTH="28"/>
						<String ID="P33_ST00253" HPOS="452" VPOS="3033" WIDTH="65" HEIGHT="39" CONTENT="ich" WC="1.00" CC="100"/>
						<SP ID="P33_SP00218" HPOS="517" VPOS="3079" WIDTH="29"/>
						<String ID="P33_ST00254" HPOS="546" VPOS="3034" WIDTH="66" HEIGHT="39" CONTENT="bin" WC="0.97" CC="034"/>
						<SP ID="P33_SP00219" HPOS="612" VPOS="3079" WIDTH="28"/>
						<String ID="P33_ST00255" HPOS="640" VPOS="3048" WIDTH="52" HEIGHT="26" CONTENT="zu" WC="0.67" CC="06"/>
						<SP ID="P33_SP00220" HPOS="692" VPOS="3079" WIDTH="26"/>
						<String ID="P33_ST00256" HPOS="718" VPOS="3036" WIDTH="97" HEIGHT="52" CONTENT="jung" WC="0.98" CC="6040"/>
						<SP ID="P33_SP00221" HPOS="815" VPOS="3088" WIDTH="27"/>
						<String ID="P33_ST00257" HPOS="842" VPOS="3036" WIDTH="85" HEIGHT="39" CONTENT="und" WC="0.98" CC="600"/>
						<SP ID="P33_SP00222" HPOS="927" VPOS="3088" WIDTH="27"/>
						<String ID="P33_ST00258" HPOS="954" VPOS="3036" WIDTH="107" HEIGHT="39" CONTENT="kann" WC="0.99" CC="0500"/>
						<SP ID="P33_SP00223" HPOS="1061" VPOS="3088" WIDTH="29"/>
						<String ID="P33_ST00259" HPOS="1090" VPOS="3036" WIDTH="62" HEIGHT="40" CONTENT="die" WC="0.99" CC="020"/>
						<SP ID="P33_SP00224" HPOS="1152" VPOS="3088" WIDTH="29"/>
						<String ID="P33_ST00260" HPOS="1181" VPOS="3037" WIDTH="175" HEIGHT="39" CONTENT="vielerlei" WC="1.00" CC="030400100"/>
					</TextLine>
					<TextLine ID="P33_TL00037" HPOS="207" VPOS="3090" WIDTH="1166" HEIGHT="52">
						<String ID="P33_ST00261" HPOS="207" VPOS="3090" WIDTH="219" HEIGHT="42" CONTENT="Geschicke" WC="1.00" CC="010064000"/>
						<SP ID="P33_SP00225" HPOS="426" VPOS="3132" WIDTH="20"/>
						<String ID="P33_ST00262" HPOS="446" VPOS="3095" WIDTH="111" HEIGHT="39" CONTENT="nicht" WC="0.99" CC="03006"/>
						<SP ID="P33_SP00226" HPOS="557" VPOS="3134" WIDTH="19"/>
						<String ID="P33_ST00263" HPOS="576" VPOS="3097" WIDTH="209" HEIGHT="45" CONTENT="verstehn;" WC="1.00" CC="000000006"/>
						<SP ID="P33_SP00227" HPOS="785" VPOS="3142" WIDTH="21"/>
						<String ID="P33_ST00264" HPOS="806" VPOS="3098" WIDTH="191" HEIGHT="39" CONTENT="vielmehr" WC="1.00" CC="00000000"/>
						<SP ID="P33_SP00228" HPOS="997" VPOS="3142" WIDTH="20"/>
						<String ID="P33_ST00265" HPOS="1017" VPOS="3098" WIDTH="54" HEIGHT="39" CONTENT="sie" WC="0.98" CC="050"/>
						<SP ID="P33_SP00229" HPOS="1071" VPOS="3142" WIDTH="20"/>
						<String ID="P33_ST00266" HPOS="1091" VPOS="3099" WIDTH="189" HEIGHT="38" CONTENT="kommen" WC="1.00" CC="000000"/>
						<SP ID="P33_SP00230" HPOS="1280" VPOS="3142" WIDTH="18"/>
						<String ID="P33_ST00267" HPOS="1298" VPOS="3099" WIDTH="75" HEIGHT="39" CONTENT="mir" WC="0.98" CC="004"/>
					</TextLine>
					<TextLine ID="P33_TL00038" HPOS="204" VPOS="3152" WIDTH="1169" HEIGHT="60">
						<String ID="P33_ST00268" HPOS="204" VPOS="3152" WIDTH="73" HEIGHT="39" CONTENT="wie" WC="0.95" CC="722"/>
						<SP ID="P33_SP00231" HPOS="277" VPOS="3191" WIDTH="20"/>
						<String ID="P33_ST00269" HPOS="297" VPOS="3154" WIDTH="132" HEIGHT="41" CONTENT="Netze" WC="1.00" CC="00100"/>
						<SP ID="P33_SP00232" HPOS="429" VPOS="3195" WIDTH="29"/>
						<String ID="P33_ST00270" HPOS="458" VPOS="3158" WIDTH="85" HEIGHT="39" CONTENT="und" WC="0.98" CC="600"/>
						<SP ID="P33_SP00233" HPOS="543" VPOS="3197" WIDTH="26"/>
						<String ID="P33_ST00271" HPOS="569" VPOS="3158" WIDTH="238" HEIGHT="54" CONTENT="Fufsangeln" WC="0.86" CC="0600700000"/>
						<SP ID="P33_SP00234" HPOS="807" VPOS="3212" WIDTH="28"/>
						<String ID="P33_ST00272" HPOS="835" VPOS="3173" WIDTH="87" HEIGHT="35" CONTENT="vor," WC="0.99" CC="0014"/>
						<SP ID="P33_SP00235" HPOS="922" VPOS="3212" WIDTH="24"/>
						<String ID="P33_ST00273" HPOS="946" VPOS="3160" WIDTH="42" HEIGHT="39" CONTENT="in" WC="0.51" CC="35"/>
						<SP ID="P33_SP00236" HPOS="988" VPOS="3212" WIDTH="30"/>
						<String ID="P33_ST00274" HPOS="1018" VPOS="3160" WIDTH="64" HEIGHT="39" CONTENT="die" WC="1.00" CC="000"/>
						<SP ID="P33_SP00237" HPOS="1082" VPOS="3212" WIDTH="30"/>
						<String ID="P33_ST00275" HPOS="1112" VPOS="3161" WIDTH="71" HEIGHT="38" CONTENT="der" WC="1.00" CC="000"/>
						<SP ID="P33_SP00238" HPOS="1183" VPOS="3212" WIDTH="19"/>
						<String ID="P33_ST00276" HPOS="1202" VPOS="3161" WIDTH="171" HEIGHT="40" CONTENT="Mensch" WC="1.00" CC="020000"/>
					</TextLine>
					<TextLine ID="P33_TL00039" HPOS="204" VPOS="3213" WIDTH="1074" HEIGHT="61">
						<String ID="P33_ST00277" HPOS="204" VPOS="3213" WIDTH="241" HEIGHT="55" CONTENT="hineingerät" WC="0.99" CC="02020000095"/>
						<SP ID="P33_SP00239" HPOS="445" VPOS="3268" WIDTH="28"/>
						<String ID="P33_ST00278" HPOS="473" VPOS="3220" WIDTH="85" HEIGHT="39" CONTENT="und" WC="0.98" CC="500"/>
						<SP ID="P33_SP00240" HPOS="558" VPOS="3268" WIDTH="28"/>
						<String ID="P33_ST00279" HPOS="586" VPOS="3220" WIDTH="148" HEIGHT="40" CONTENT="fallend" WC="0.99" CC="0604100"/>
						<SP ID="P33_SP00241" HPOS="734" VPOS="3268" WIDTH="30"/>
						<String ID="P33_ST00280" HPOS="764" VPOS="3222" WIDTH="83" HEIGHT="40" CONTENT="sich" WC="1.00" CC="0200"/>
						<SP ID="P33_SP00242" HPOS="847" VPOS="3268" WIDTH="28"/>
						<String ID="P33_ST00281" HPOS="875" VPOS="3222" WIDTH="202" HEIGHT="52" CONTENT="verfängt;" WC="0.99" CC="000090069"/>
						<SP ID="P33_SP00243" HPOS="1077" VPOS="3274" WIDTH="28"/>
						<String ID="P33_ST00282" HPOS="1105" VPOS="3221" WIDTH="66" HEIGHT="40" CONTENT="ich" WC="1.00" CC="000"/>
						<SP ID="P33_SP00244" HPOS="1171" VPOS="3274" WIDTH="26"/>
						<String ID="P33_ST00283" HPOS="1197" VPOS="3222" WIDTH="81" HEIGHT="39" CONTENT="wül" WC="0.86" CC="012"/>
					</TextLine>
					<TextLine ID="P33_TL00040" HPOS="202" VPOS="3276" WIDTH="1169" HEIGHT="57">
						<String ID="P33_ST00284" HPOS="202" VPOS="3288" WIDTH="43" HEIGHT="25" CONTENT="so" WC="1.00" CC="00"/>
						<SP ID="P33_SP00245" HPOS="245" VPOS="3313" WIDTH="30"/>
						<String ID="P33_ST00285" HPOS="275" VPOS="3276" WIDTH="128" HEIGHT="42" CONTENT="vielen" WC="1.00" CC="000000"/>
						<SP ID="P33_SP00246" HPOS="403" VPOS="3318" WIDTH="29"/>
						<String ID="P33_ST00286" HPOS="432" VPOS="3281" WIDTH="140" HEIGHT="40" CONTENT="einmal" WC="1.00" CC="000004"/>
						<SP ID="P33_SP00247" HPOS="572" VPOS="3321" WIDTH="27"/>
						<String ID="P33_ST00287" HPOS="599" VPOS="3283" WIDTH="147" HEIGHT="48" CONTENT="helfen," WC="1.00" CC="0001004"/>
						<SP ID="P33_SP00248" HPOS="746" VPOS="3331" WIDTH="30"/>
						<String ID="P33_ST00288" HPOS="776" VPOS="3284" WIDTH="52" HEIGHT="39" CONTENT="als" WC="0.98" CC="040"/>
						<SP ID="P33_SP00249" HPOS="828" VPOS="3331" WIDTH="28"/>
						<String ID="P33_ST00289" HPOS="856" VPOS="3283" WIDTH="65" HEIGHT="40" CONTENT="ich" WC="1.00" CC="000"/>
						<SP ID="P33_SP00250" HPOS="921" VPOS="3331" WIDTH="27"/>
						<String ID="P33_ST00290" HPOS="948" VPOS="3284" WIDTH="117" HEIGHT="38" CONTENT="kann." WC="0.99" CC="07003"/>
						<SP ID="P33_SP00251" HPOS="1065" VPOS="3331" WIDTH="50"/>
						<String ID="P33_ST00291" HPOS="1115" VPOS="3284" WIDTH="132" HEIGHT="39" CONTENT="Schon" WC="1.00" CC="00000"/>
						<SP ID="P33_SP00252" HPOS="1247" VPOS="3331" WIDTH="26"/>
						<String ID="P33_ST00292" HPOS="1273" VPOS="3285" WIDTH="98" HEIGHT="48" CONTENT="jetzt" WC="0.99" CC="43000"/>
					</TextLine>
					<TextLine ID="P33_TL00041" HPOS="201" VPOS="3336" WIDTH="1169" HEIGHT="60">
						<String ID="P33_ST00293" HPOS="201" VPOS="3336" WIDTH="77" HEIGHT="41" CONTENT="halt" WC="0.97" CC="0605"/>
						<SP ID="P33_SP00253" HPOS="278" VPOS="3377" WIDTH="18"/>
						<String ID="P33_ST00294" HPOS="296" VPOS="3338" WIDTH="63" HEIGHT="41" CONTENT="ich" WC="0.99" CC="100"/>
						<SP ID="P33_SP00254" HPOS="359" VPOS="3379" WIDTH="20"/>
						<String ID="P33_ST00295" HPOS="379" VPOS="3343" WIDTH="106" HEIGHT="39" CONTENT="mein" WC="1.00" CC="0100"/>
						<SP ID="P33_SP00255" HPOS="485" VPOS="3382" WIDTH="20"/>
						<String ID="P33_ST00296" HPOS="505" VPOS="3344" WIDTH="119" HEIGHT="40" CONTENT="Pferd" WC="1.00" CC="03000"/>
						<SP ID="P33_SP00256" HPOS="624" VPOS="3384" WIDTH="19"/>
						<String ID="P33_ST00297" HPOS="643" VPOS="3359" WIDTH="75" HEIGHT="25" CONTENT="vor" WC="0.97" CC="042"/>
						<SP ID="P33_SP00257" HPOS="718" VPOS="3384" WIDTH="18"/>
						<String ID="P33_ST00298" HPOS="736" VPOS="3346" WIDTH="130" HEIGHT="50" CONTENT="jedem" WC="0.99" CC="33000"/>
						<SP ID="P33_SP00258" HPOS="866" VPOS="3396" WIDTH="21"/>
						<String ID="P33_ST00299" HPOS="887" VPOS="3359" WIDTH="62" HEIGHT="34" CONTENT="an," WC="0.98" CC="004"/>
						<SP ID="P33_SP00259" HPOS="949" VPOS="3396" WIDTH="27"/>
						<String ID="P33_ST00300" HPOS="976" VPOS="3346" WIDTH="70" HEIGHT="38" CONTENT="der" WC="0.99" CC="003"/>
						<SP ID="P33_SP00260" HPOS="1046" VPOS="3396" WIDTH="21"/>
						<String ID="P33_ST00301" HPOS="1067" VPOS="3346" WIDTH="118" HEIGHT="39" CONTENT="elend" WC="1.00" CC="00000"/>
						<SP ID="P33_SP00261" HPOS="1185" VPOS="3396" WIDTH="19"/>
						<String ID="P33_ST00302" HPOS="1204" VPOS="3346" WIDTH="166" HEIGHT="47" CONTENT="scheint," WC="1.00" CC="00000053"/>
					</TextLine>
					<TextLine ID="P33_TL00042" HPOS="200" VPOS="3399" WIDTH="1170" HEIGHT="56">
						<String ID="P33_ST00303" HPOS="200" VPOS="3399" WIDTH="81" HEIGHT="39" CONTENT="und" WC="0.98" CC="600"/>
						<SP ID="P33_SP00262" HPOS="281" VPOS="3438" WIDTH="27"/>
						<String ID="P33_ST00304" HPOS="308" VPOS="3416" WIDTH="120" HEIGHT="26" CONTENT="wenn" WC="0.98" CC="0007"/>
						<SP ID="P33_SP00263" HPOS="428" VPOS="3442" WIDTH="28"/>
						<String ID="P33_ST00305" HPOS="456" VPOS="3405" WIDTH="55" HEIGHT="39" CONTENT="sie" WC="0.99" CC="002"/>
						<SP ID="P33_SP00264" HPOS="511" VPOS="3444" WIDTH="27"/>
						<String ID="P33_ST00306" HPOS="538" VPOS="3420" WIDTH="66" HEIGHT="25" CONTENT="wo" WC="0.80" CC="04"/>
						<SP ID="P33_SP00265" HPOS="604" VPOS="3445" WIDTH="29"/>
						<String ID="P33_ST00307" HPOS="633" VPOS="3408" WIDTH="54" HEIGHT="38" CONTENT="im" WC="0.81" CC="30"/>
						<SP ID="P33_SP00266" HPOS="687" VPOS="3446" WIDTH="19"/>
						<String ID="P33_ST00308" HPOS="706" VPOS="3408" WIDTH="120" HEIGHT="38" CONTENT="Felde" WC="1.00" CC="00001"/>
						<SP ID="P33_SP00267" HPOS="826" VPOS="3446" WIDTH="25"/>
						<String ID="P33_ST00309" HPOS="851" VPOS="3408" WIDTH="155" HEIGHT="47" CONTENT="mähen," WC="0.99" CC="090004"/>
						<SP ID="P33_SP00268" HPOS="1006" VPOS="3455" WIDTH="22"/>
						<String ID="P33_ST00310" HPOS="1028" VPOS="3407" WIDTH="103" HEIGHT="39" CONTENT="bleib" WC="0.99" CC="50010"/>
						<SP ID="P33_SP00269" HPOS="1131" VPOS="3455" WIDTH="28"/>
						<String ID="P33_ST00311" HPOS="1159" VPOS="3407" WIDTH="66" HEIGHT="39" CONTENT="ich" WC="0.98" CC="005"/>
						<SP ID="P33_SP00270" HPOS="1225" VPOS="3455" WIDTH="29"/>
						<String ID="P33_ST00312" HPOS="1254" VPOS="3408" WIDTH="116" HEIGHT="38" CONTENT="stehn" WC="1.00" CC="03000"/>
					</TextLine>
					<TextLine ID="P33_TL00043" HPOS="201" VPOS="3462" WIDTH="1097" HEIGHT="55">
						<String ID="P33_ST00313" HPOS="201" VPOS="3462" WIDTH="81" HEIGHT="38" CONTENT="und" WC="1.00" CC="000"/>
						<SP ID="P33_SP00271" HPOS="282" VPOS="3500" WIDTH="28"/>
						<String ID="P33_ST00314" HPOS="310" VPOS="3462" WIDTH="108" HEIGHT="55" CONTENT="frage" WC="0.99" CC="00700"/>
						<SP ID="P33_SP00272" HPOS="418" VPOS="3517" WIDTH="29"/>
						<String ID="P33_ST00315" HPOS="447" VPOS="3468" WIDTH="54" HEIGHT="38" CONTENT="sie" WC="0.99" CC="030"/>
						<SP ID="P33_SP00273" HPOS="501" VPOS="3517" WIDTH="30"/>
						<String ID="P33_ST00316" HPOS="531" VPOS="3471" WIDTH="101" HEIGHT="38" CONTENT="nach" WC="0.99" CC="0700"/>
						<SP ID="P33_SP00274" HPOS="632" VPOS="3517" WIDTH="27"/>
						<String ID="P33_ST00317" HPOS="659" VPOS="3470" WIDTH="128" HEIGHT="39" CONTENT="ihrem" WC="0.99" CC="20030"/>
						<SP ID="P33_SP00275" HPOS="787" VPOS="3517" WIDTH="28"/>
						<String ID="P33_ST00318" HPOS="815" VPOS="3470" WIDTH="140" HEIGHT="39" CONTENT="Leben" WC="1.00" CC="00400"/>
						<SP ID="P33_SP00276" HPOS="955" VPOS="3517" WIDTH="28"/>
						<String ID="P33_ST00319" HPOS="983" VPOS="3469" WIDTH="85" HEIGHT="39" CONTENT="und" WC="0.98" CC="500"/>
						<SP ID="P33_SP00277" HPOS="1068" VPOS="3517" WIDTH="26"/>
						<String ID="P33_ST00320" HPOS="1094" VPOS="3469" WIDTH="65" HEIGHT="39" CONTENT="ich" WC="0.97" CC="305"/>
						<SP ID="P33_SP00278" HPOS="1159" VPOS="3517" WIDTH="28"/>
						<String ID="P33_ST00321" HPOS="1187" VPOS="3468" WIDTH="111" HEIGHT="39" CONTENT="weifs" WC="0.95" CC="02000"/>
					</TextLine>
					<TextLine ID="P33_TL00044" HPOS="206" VPOS="3523" WIDTH="1161" HEIGHT="59">
						<String ID="P33_ST00322" HPOS="206" VPOS="3523" WIDTH="125" HEIGHT="40" CONTENT="schon" WC="1.00" CC="00000"/>
						<SP ID="P33_SP00279" HPOS="331" VPOS="3563" WIDTH="28"/>
						<String ID="P33_ST00323" HPOS="359" VPOS="3526" WIDTH="184" HEIGHT="51" CONTENT="vielerlei," WC="1.00" CC="0400121004"/>
						<SP ID="P33_SP00280" HPOS="543" VPOS="3577" WIDTH="21"/>
						<String ID="P33_ST00324" HPOS="564" VPOS="3545" WIDTH="81" HEIGHT="25" CONTENT="was" WC="0.99" CC="030"/>
						<SP ID="P33_SP00281" HPOS="645" VPOS="3577" WIDTH="28"/>
						<String ID="P33_ST00325" HPOS="673" VPOS="3532" WIDTH="162" HEIGHT="40" CONTENT="meinen" WC="1.00" CC="000030"/>
						<SP ID="P33_SP00282" HPOS="835" VPOS="3577" WIDTH="28"/>
						<String ID="P33_ST00326" HPOS="863" VPOS="3532" WIDTH="184" HEIGHT="39" CONTENT="Brüdern" WC="1.00" CC="0000000"/>
						<SP ID="P33_SP00283" HPOS="1047" VPOS="3577" WIDTH="28"/>
						<String ID="P33_ST00327" HPOS="1075" VPOS="3530" WIDTH="120" HEIGHT="52" CONTENT="völlig" WC="1.00" CC="000020"/>
						<SP ID="P33_SP00284" HPOS="1195" VPOS="3582" WIDTH="31"/>
						<String ID="P33_ST00328" HPOS="1226" VPOS="3530" WIDTH="141" HEIGHT="39" CONTENT="fremd." WC="1.00" CC="001004"/>
					</TextLine>
					<TextLine ID="P33_TL00045" HPOS="199" VPOS="3583" WIDTH="1132" HEIGHT="58">
						<String ID="P33_ST00329" HPOS="199" VPOS="3583" WIDTH="60" HEIGHT="40" CONTENT="Zu" WC="0.77" CC="40"/>
						<SP ID="P33_SP00285" HPOS="259" VPOS="3623" WIDTH="27"/>
						<String ID="P33_ST00330" HPOS="286" VPOS="3587" WIDTH="140" HEIGHT="54" CONTENT="Mittag" WC="0.99" CC="026000"/>
						<SP ID="P33_SP00286" HPOS="426" VPOS="3641" WIDTH="30"/>
						<String ID="P33_ST00331" HPOS="456" VPOS="3591" WIDTH="73" HEIGHT="40" CONTENT="safs" WC="0.82" CC="0700"/>
						<SP ID="P33_SP00287" HPOS="529" VPOS="3641" WIDTH="29"/>
						<String ID="P33_ST00332" HPOS="558" VPOS="3593" WIDTH="65" HEIGHT="40" CONTENT="ich" WC="0.98" CC="006"/>
						<SP ID="P33_SP00288" HPOS="623" VPOS="3641" WIDTH="29"/>
						<String ID="P33_ST00333" HPOS="652" VPOS="3594" WIDTH="45" HEIGHT="39" CONTENT="ab" WC="0.64" CC="70"/>
						<SP ID="P33_SP00289" HPOS="697" VPOS="3641" WIDTH="28"/>
						<String ID="P33_ST00334" HPOS="725" VPOS="3593" WIDTH="55" HEIGHT="40" CONTENT="im" WC="1.00" CC="00"/>
						<SP ID="P33_SP00290" HPOS="780" VPOS="3641" WIDTH="29"/>
						<String ID="P33_ST00335" HPOS="809" VPOS="3592" WIDTH="291" HEIGHT="41" CONTENT="dämmernden" WC="0.99" CC="0906115007"/>
						<SP ID="P33_SP00291" HPOS="1100" VPOS="3641" WIDTH="28"/>
						<String ID="P33_ST00336" HPOS="1128" VPOS="3592" WIDTH="203" HEIGHT="48" CONTENT="Gebüsch," WC="1.00" CC="00000054"/>
					</TextLine>
					<TextLine ID="P33_TL00046" HPOS="199" VPOS="3649" WIDTH="1167" HEIGHT="57">
						<String ID="P33_ST00337" HPOS="199" VPOS="3659" WIDTH="81" HEIGHT="26" CONTENT="von" WC="0.98" CC="040"/>
						<SP ID="P33_SP00292" HPOS="280" VPOS="3685" WIDTH="14"/>
						<String ID="P33_ST00338" HPOS="294" VPOS="3649" WIDTH="219" HEIGHT="43" CONTENT="Brombeer" WC="0.99" CC="65000201"/>
						<SP ID="P33_SP00293" HPOS="513" VPOS="3692" WIDTH="19"/>
						<String ID="P33_ST00339" HPOS="532" VPOS="3655" WIDTH="84" HEIGHT="39" CONTENT="und" WC="1.00" CC="000"/>
						<SP ID="P33_SP00294" HPOS="616" VPOS="3694" WIDTH="15"/>
						<String ID="P33_ST00340" HPOS="631" VPOS="3669" WIDTH="84" HEIGHT="25" CONTENT="von" WC="1.00" CC="000"/>
						<SP ID="P33_SP00295" HPOS="715" VPOS="3694" WIDTH="15"/>
						<String ID="P33_ST00341" HPOS="730" VPOS="3656" WIDTH="149" HEIGHT="39" CONTENT="wilden" WC="1.00" CC="022000"/>
						<SP ID="P33_SP00296" HPOS="879" VPOS="3695" WIDTH="13"/>
						<String ID="P33_ST00342" HPOS="892" VPOS="3656" WIDTH="137" HEIGHT="38" CONTENT="Rosen" WC="1.00" CC="30000"/>
						<SP ID="P33_SP00297" HPOS="1029" VPOS="3695" WIDTH="20"/>
						<String ID="P33_ST00343" HPOS="1049" VPOS="3667" WIDTH="99" HEIGHT="39" CONTENT="ganz" WC="0.99" CC="0600"/>
						<SP ID="P33_SP00298" HPOS="1148" VPOS="3706" WIDTH="19"/>
						<String ID="P33_ST00344" HPOS="1167" VPOS="3659" WIDTH="199" HEIGHT="42" CONTENT="umzäunt," WC="0.99" CC="50004063"/>
					</TextLine>
					<TextLine ID="P33_TL00047" HPOS="198" VPOS="3709" WIDTH="1169" HEIGHT="58">
						<String ID="P33_ST00345" HPOS="198" VPOS="3709" WIDTH="82" HEIGHT="38" CONTENT="und" WC="1.00" CC="000"/>
						<SP ID="P33_SP00299" HPOS="280" VPOS="3747" WIDTH="25"/>
						<String ID="P33_ST00346" HPOS="305" VPOS="3713" WIDTH="133" HEIGHT="40" CONTENT="neben" WC="1.00" CC="00000"/>
						<SP ID="P33_SP00300" HPOS="438" VPOS="3753" WIDTH="26"/>
						<String ID="P33_ST00347" HPOS="464" VPOS="3718" WIDTH="174" HEIGHT="38" CONTENT="meinem" WC="1.00" CC="002000"/>
						<SP ID="P33_SP00301" HPOS="638" VPOS="3756" WIDTH="18"/>
						<String ID="P33_ST00348" HPOS="656" VPOS="3718" WIDTH="143" HEIGHT="40" CONTENT="Pferde" WC="0.99" CC="333302"/>
						<SP ID="P33_SP00302" HPOS="799" VPOS="3758" WIDTH="20"/>
						<String ID="P33_ST00349" HPOS="819" VPOS="3717" WIDTH="143" HEIGHT="41" CONTENT="schlief" WC="0.99" CC="0050300"/>
						<SP ID="P33_SP00303" HPOS="962" VPOS="3758" WIDTH="22"/>
						<String ID="P33_ST00350" HPOS="984" VPOS="3716" WIDTH="66" HEIGHT="40" CONTENT="ich" WC="1.00" CC="000"/>
						<SP ID="P33_SP00304" HPOS="1050" VPOS="3758" WIDTH="26"/>
						<String ID="P33_ST00351" HPOS="1076" VPOS="3717" WIDTH="75" HEIGHT="37" CONTENT="ein." WC="0.98" CC="2204"/>
						<SP ID="P33_SP00305" HPOS="1151" VPOS="3758" WIDTH="46"/>
						<String ID="P33_ST00352" HPOS="1197" VPOS="3716" WIDTH="60" HEIGHT="38" CONTENT="Da" WC="0.66" CC="06"/>
						<SP ID="P33_SP00306" HPOS="1257" VPOS="3758" WIDTH="29"/>
						<String ID="P33_ST00353" HPOS="1286" VPOS="3716" WIDTH="81" HEIGHT="51" CONTENT="fing" WC="0.97" CC="7600"/>
					</TextLine>
				</TextBlock>
				<TextBlock ID="P33_TB00003" HPOS="1473" VPOS="561" WIDTH="1175" HEIGHT="3210" STYLEREFS="TXT_1 PAR_LEFT">
					<TextLine ID="P33_TL00048" HPOS="1479" VPOS="563" WIDTH="1166" HEIGHT="56">
						<String ID="P33_ST00354" HPOS="1479" VPOS="563" WIDTH="64" HEIGHT="39" CONTENT="ich" WC="0.98" CC="400"/>
						<SP ID="P33_SP00307" HPOS="1543" VPOS="602" WIDTH="16"/>
						<String ID="P33_ST00355" HPOS="1559" VPOS="564" WIDTH="128" HEIGHT="52" CONTENT="gleich" WC="1.00" CC="000500"/>
						<SP ID="P33_SP00308" HPOS="1687" VPOS="616" WIDTH="18"/>
						<String ID="P33_ST00356" HPOS="1705" VPOS="578" WIDTH="50" HEIGHT="25" CONTENT="zu" WC="0.65" CC="06"/>
						<SP ID="P33_SP00309" HPOS="1755" VPOS="616" WIDTH="19"/>
						<String ID="P33_ST00357" HPOS="1774" VPOS="572" WIDTH="183" HEIGHT="33" CONTENT="träumen" WC="0.99" CC="7000007"/>
						<SP ID="P33_SP00310" HPOS="1957" VPOS="616" WIDTH="19"/>
						<String ID="P33_ST00358" HPOS="1976" VPOS="579" WIDTH="59" HEIGHT="26" CONTENT="an." WC="0.96" CC="604"/>
						<SP ID="P33_SP00311" HPOS="2035" VPOS="616" WIDTH="39"/>
						<String ID="P33_ST00359" HPOS="2074" VPOS="567" WIDTH="69" HEIGHT="40" CONTENT="Ich" WC="1.00" CC="000"/>
						<SP ID="P33_SP00312" HPOS="2143" VPOS="616" WIDTH="18"/>
						<String ID="P33_ST00360" HPOS="2161" VPOS="568" WIDTH="113" HEIGHT="51" CONTENT="jagte," WC="0.99" CC="600003"/>
						<SP ID="P33_SP00313" HPOS="2274" VPOS="619" WIDTH="17"/>
						<String ID="P33_ST00361" HPOS="2291" VPOS="582" WIDTH="80" HEIGHT="25" CONTENT="war" WC="1.00" CC="000"/>
						<SP ID="P33_SP00314" HPOS="2371" VPOS="619" WIDTH="19"/>
						<String ID="P33_ST00362" HPOS="2390" VPOS="569" WIDTH="72" HEIGHT="40" CONTENT="der" WC="1.00" CC="000"/>
						<SP ID="P33_SP00315" HPOS="2462" VPOS="619" WIDTH="13"/>
						<String ID="P33_ST00363" HPOS="2475" VPOS="569" WIDTH="170" HEIGHT="40" CONTENT="Traum:" WC="1.00" CC="040000"/>
					</TextLine>
					<TextLine ID="P33_TL00049" HPOS="1480" VPOS="625" WIDTH="1168" HEIGHT="57">
						<String ID="P33_ST00364" HPOS="1480" VPOS="637" WIDTH="50" HEIGHT="27" CONTENT="zu" WC="0.66" CC="06"/>
						<SP ID="P33_SP00316" HPOS="1530" VPOS="664" WIDTH="28"/>
						<String ID="P33_ST00365" HPOS="1558" VPOS="625" WIDTH="91" HEIGHT="40" CONTENT="Fufs" WC="1.00" CC="0000"/>
						<SP ID="P33_SP00317" HPOS="1649" VPOS="665" WIDTH="39"/>
						<String ID="P33_ST00366" HPOS="1688" VPOS="627" WIDTH="83" HEIGHT="39" CONTENT="und" WC="0.97" CC="070"/>
						<SP ID="P33_SP00318" HPOS="1771" VPOS="666" WIDTH="33"/>
						<String ID="P33_ST00367" HPOS="1804" VPOS="628" WIDTH="72" HEIGHT="38" CONTENT="mit" WC="0.97" CC="036"/>
						<SP ID="P33_SP00319" HPOS="1876" VPOS="666" WIDTH="38"/>
						<String ID="P33_ST00368" HPOS="1914" VPOS="628" WIDTH="83" HEIGHT="39" CONTENT="drei" WC="1.00" CC="0001"/>
						<SP ID="P33_SP00320" HPOS="1997" VPOS="667" WIDTH="37"/>
						<String ID="P33_ST00369" HPOS="2034" VPOS="628" WIDTH="164" HEIGHT="54" CONTENT="grofsen" WC="0.99" CC="0000000"/>
						<SP ID="P33_SP00321" HPOS="2198" VPOS="682" WIDTH="32"/>
						<String ID="P33_ST00370" HPOS="2230" VPOS="630" WIDTH="180" HEIGHT="40" CONTENT="Hunden" WC="1.00" CC="200000"/>
						<SP ID="P33_SP00322" HPOS="2410" VPOS="682" WIDTH="35"/>
						<String ID="P33_ST00371" HPOS="2445" VPOS="632" WIDTH="102" HEIGHT="39" CONTENT="trieb" WC="1.00" CC="00000"/>
						<SP ID="P33_SP00323" HPOS="2547" VPOS="682" WIDTH="36"/>
						<String ID="P33_ST00372" HPOS="2583" VPOS="632" WIDTH="65" HEIGHT="39" CONTENT="ich" WC="0.96" CC="306"/>
					</TextLine>
					<TextLine ID="P33_TL00050" HPOS="2275" VPOS="693" WIDTH="128" HEIGHT="48">
						<String ID="P33_ST00373" HPOS="2275" VPOS="693" WIDTH="128" HEIGHT="48" CONTENT="Wild," WC="0.99" CC="00004"/>
					</TextLine>
					<TextLine ID="P33_TL00051" HPOS="1482" VPOS="750" WIDTH="1063" HEIGHT="50">
						<String ID="P33_ST00374" HPOS="1482" VPOS="750" WIDTH="192" HEIGHT="50" CONTENT="gekleidet" WC="1.00" CC="010000006"/>
						<SP ID="P33_SP00324" HPOS="1674" VPOS="800" WIDTH="29"/>
						<String ID="P33_ST00375" HPOS="1703" VPOS="752" WIDTH="75" HEIGHT="39" CONTENT="wie" WC="0.99" CC="030"/>
						<SP ID="P33_SP00325" HPOS="1778" VPOS="800" WIDTH="30"/>
						<String ID="P33_ST00376" HPOS="1808" VPOS="752" WIDTH="70" HEIGHT="40" CONTENT="auf" WC="0.95" CC="660"/>
						<SP ID="P33_SP00326" HPOS="1878" VPOS="800" WIDTH="20"/>
						<String ID="P33_ST00377" HPOS="1898" VPOS="752" WIDTH="108" HEIGHT="40" CONTENT="alten" WC="0.99" CC="02007"/>
						<SP ID="P33_SP00327" HPOS="2006" VPOS="800" WIDTH="28"/>
						<String ID="P33_ST00378" HPOS="2034" VPOS="753" WIDTH="158" HEIGHT="40" CONTENT="Bildern" WC="1.00" CC="0440000"/>
						<SP ID="P33_SP00328" HPOS="2192" VPOS="800" WIDTH="28"/>
						<String ID="P33_ST00379" HPOS="2220" VPOS="755" WIDTH="83" HEIGHT="39" CONTENT="und" WC="0.98" CC="500"/>
						<SP ID="P33_SP00329" HPOS="2303" VPOS="800" WIDTH="30"/>
						<String ID="P33_ST00380" HPOS="2333" VPOS="753" WIDTH="212" HEIGHT="42" CONTENT="bewaffnet" WC="1.00" CC="000000006"/>
					</TextLine>
					<TextLine ID="P33_TL00052" HPOS="1481" VPOS="812" WIDTH="1165" HEIGHT="53">
						<String ID="P33_ST00381" HPOS="1481" VPOS="812" WIDTH="72" HEIGHT="39" CONTENT="mit" WC="1.00" CC="000"/>
						<SP ID="P33_SP00330" HPOS="1553" VPOS="851" WIDTH="24"/>
						<String ID="P33_ST00382" HPOS="1577" VPOS="812" WIDTH="109" HEIGHT="39" CONTENT="einer" WC="0.99" CC="13000"/>
						<SP ID="P33_SP00331" HPOS="1686" VPOS="851" WIDTH="17"/>
						<String ID="P33_ST00383" HPOS="1703" VPOS="814" WIDTH="227" HEIGHT="48" CONTENT="Armbrust," WC="1.00" CC="020006003"/>
						<SP ID="P33_SP00332" HPOS="1930" VPOS="862" WIDTH="31"/>
						<String ID="P33_ST00384" HPOS="1961" VPOS="815" WIDTH="82" HEIGHT="39" CONTENT="und" WC="0.97" CC="070"/>
						<SP ID="P33_SP00333" HPOS="2043" VPOS="862" WIDTH="23"/>
						<String ID="P33_ST00385" HPOS="2066" VPOS="829" WIDTH="74" HEIGHT="26" CONTENT="vor" WC="1.00" CC="000"/>
						<SP ID="P33_SP00334" HPOS="2140" VPOS="862" WIDTH="25"/>
						<String ID="P33_ST00386" HPOS="2165" VPOS="818" WIDTH="74" HEIGHT="38" CONTENT="mir" WC="1.00" CC="000"/>
						<SP ID="P33_SP00335" HPOS="2239" VPOS="862" WIDTH="23"/>
						<String ID="P33_ST00387" HPOS="2262" VPOS="817" WIDTH="70" HEIGHT="39" CONTENT="der" WC="1.00" CC="000"/>
						<SP ID="P33_SP00336" HPOS="2332" VPOS="862" WIDTH="25"/>
						<String ID="P33_ST00388" HPOS="2357" VPOS="817" WIDTH="133" HEIGHT="39" CONTENT="dichte" WC="0.99" CC="000640"/>
						<SP ID="P33_SP00337" HPOS="2490" VPOS="862" WIDTH="19"/>
						<String ID="P33_ST00389" HPOS="2509" VPOS="817" WIDTH="137" HEIGHT="48" CONTENT="Wald," WC="0.99" CC="07002"/>
					</TextLine>
					<TextLine ID="P33_TL00053" HPOS="1482" VPOS="874" WIDTH="1164" HEIGHT="53">
						<String ID="P33_ST00390" HPOS="1482" VPOS="887" WIDTH="79" HEIGHT="26" CONTENT="war" WC="0.96" CC="064"/>
						<SP ID="P33_SP00338" HPOS="1561" VPOS="913" WIDTH="26"/>
						<String ID="P33_ST00391" HPOS="1587" VPOS="874" WIDTH="193" HEIGHT="53" CONTENT="angefüllt" WC="0.99" CC="000040435"/>
						<SP ID="P33_SP00339" HPOS="1780" VPOS="927" WIDTH="19"/>
						<String ID="P33_ST00392" HPOS="1799" VPOS="876" WIDTH="71" HEIGHT="39" CONTENT="mit" WC="1.00" CC="000"/>
						<SP ID="P33_SP00340" HPOS="1870" VPOS="927" WIDTH="19"/>
						<String ID="P33_ST00393" HPOS="1889" VPOS="877" WIDTH="150" HEIGHT="49" CONTENT="Leben," WC="1.00" CC="000004"/>
						<SP ID="P33_SP00341" HPOS="2039" VPOS="927" WIDTH="24"/>
						<String ID="P33_ST00394" HPOS="2063" VPOS="878" WIDTH="337" HEIGHT="41" CONTENT="überschwemmt" WC="1.00" CC="000000500003"/>
						<SP ID="P33_SP00342" HPOS="2400" VPOS="927" WIDTH="18"/>
						<String ID="P33_ST00395" HPOS="2418" VPOS="893" WIDTH="84" HEIGHT="26" CONTENT="von" WC="1.00" CC="000"/>
						<SP ID="P33_SP00343" HPOS="2502" VPOS="927" WIDTH="19"/>
						<String ID="P33_ST00396" HPOS="2521" VPOS="879" WIDTH="125" HEIGHT="48" CONTENT="Wild," WC="0.99" CC="03004"/>
					</TextLine>
					<TextLine ID="P33_TL00054" HPOS="1482" VPOS="936" WIDTH="1131" HEIGHT="45">
						<String ID="P33_ST00397" HPOS="1482" VPOS="936" WIDTH="65" HEIGHT="38" CONTENT="das" WC="0.97" CC="070"/>
						<SP ID="P33_SP00344" HPOS="1547" VPOS="974" WIDTH="29"/>
						<String ID="P33_ST00398" HPOS="1576" VPOS="937" WIDTH="140" HEIGHT="40" CONTENT="lautlos" WC="0.98" CC="4663410"/>
						<SP ID="P33_SP00345" HPOS="1716" VPOS="977" WIDTH="29"/>
						<String ID="P33_ST00399" HPOS="1745" VPOS="952" WIDTH="76" HEIGHT="25" CONTENT="vor" WC="0.98" CC="050"/>
						<SP ID="P33_SP00346" HPOS="1821" VPOS="977" WIDTH="27"/>
						<String ID="P33_ST00400" HPOS="1848" VPOS="938" WIDTH="73" HEIGHT="40" CONTENT="mir" WC="0.99" CC="030"/>
						<SP ID="P33_SP00347" HPOS="1921" VPOS="978" WIDTH="27"/>
						<String ID="P33_ST00401" HPOS="1948" VPOS="939" WIDTH="88" HEIGHT="40" CONTENT="floh." WC="0.97" CC="67304"/>
						<SP ID="P33_SP00348" HPOS="2036" VPOS="979" WIDTH="57"/>
						<String ID="P33_ST00402" HPOS="2093" VPOS="940" WIDTH="145" HEIGHT="40" CONTENT="Nichts" WC="0.99" CC="030060"/>
						<SP ID="P33_SP00349" HPOS="2238" VPOS="980" WIDTH="29"/>
						<String ID="P33_ST00403" HPOS="2267" VPOS="941" WIDTH="50" HEIGHT="39" CONTENT="als" WC="0.97" CC="610"/>
						<SP ID="P33_SP00350" HPOS="2317" VPOS="980" WIDTH="30"/>
						<String ID="P33_ST00404" HPOS="2347" VPOS="941" WIDTH="66" HEIGHT="40" CONTENT="das" WC="0.98" CC="040"/>
						<SP ID="P33_SP00351" HPOS="2413" VPOS="981" WIDTH="31"/>
						<String ID="P33_ST00405" HPOS="2444" VPOS="941" WIDTH="169" HEIGHT="40" CONTENT="Streifen" WC="0.99" CC="06003047"/>
					</TextLine>
					<TextLine ID="P33_TL00055" HPOS="1482" VPOS="999" WIDTH="1126" HEIGHT="44">
						<String ID="P33_ST00406" HPOS="1482" VPOS="999" WIDTH="70" HEIGHT="38" CONTENT="der" WC="1.00" CC="000"/>
						<SP ID="P33_SP00352" HPOS="1552" VPOS="1037" WIDTH="28"/>
						<String ID="P33_ST00407" HPOS="1580" VPOS="1000" WIDTH="104" HEIGHT="38" CONTENT="Felle" WC="0.99" CC="00170"/>
						<SP ID="P33_SP00353" HPOS="1684" VPOS="1038" WIDTH="30"/>
						<String ID="P33_ST00408" HPOS="1714" VPOS="1014" WIDTH="48" HEIGHT="25" CONTENT="an" WC="0.72" CC="50"/>
						<SP ID="P33_SP00354" HPOS="1762" VPOS="1039" WIDTH="28"/>
						<String ID="P33_ST00409" HPOS="1790" VPOS="1000" WIDTH="79" HEIGHT="39" CONTENT="den" WC="1.00" CC="000"/>
						<SP ID="P33_SP00355" HPOS="1869" VPOS="1039" WIDTH="27"/>
						<String ID="P33_ST00410" HPOS="1896" VPOS="1002" WIDTH="176" HEIGHT="38" CONTENT="Bäumen" WC="0.99" CC="206000"/>
						<SP ID="P33_SP00356" HPOS="2072" VPOS="1040" WIDTH="31"/>
						<String ID="P33_ST00411" HPOS="2103" VPOS="1002" WIDTH="83" HEIGHT="39" CONTENT="und" WC="1.00" CC="000"/>
						<SP ID="P33_SP00357" HPOS="2186" VPOS="1041" WIDTH="28"/>
						<String ID="P33_ST00412" HPOS="2214" VPOS="1002" WIDTH="67" HEIGHT="40" CONTENT="das" WC="0.98" CC="040"/>
						<SP ID="P33_SP00358" HPOS="2281" VPOS="1042" WIDTH="28"/>
						<String ID="P33_ST00413" HPOS="2309" VPOS="1004" WIDTH="117" HEIGHT="38" CONTENT="flinke" WC="0.99" CC="073000"/>
						<SP ID="P33_SP00359" HPOS="2426" VPOS="1042" WIDTH="28"/>
						<String ID="P33_ST00414" HPOS="2454" VPOS="1004" WIDTH="154" HEIGHT="39" CONTENT="Laufen" WC="0.99" CC="036000"/>
					</TextLine>
					<TextLine ID="P33_TL00056" HPOS="1481" VPOS="1061" WIDTH="1167" HEIGHT="44">
						<String ID="P33_ST00415" HPOS="1481" VPOS="1073" WIDTH="85" HEIGHT="26" CONTENT="von" WC="1.00" CC="000"/>
						<SP ID="P33_SP00360" HPOS="1566" VPOS="1099" WIDTH="19"/>
						<String ID="P33_ST00416" HPOS="1585" VPOS="1061" WIDTH="219" HEIGHT="39" CONTENT="tausenden" WC="1.00" CC="226000000"/>
						<SP ID="P33_SP00361" HPOS="1804" VPOS="1100" WIDTH="19"/>
						<String ID="P33_ST00417" HPOS="1823" VPOS="1076" WIDTH="83" HEIGHT="25" CONTENT="von" WC="1.00" CC="000"/>
						<SP ID="P33_SP00362" HPOS="1906" VPOS="1101" WIDTH="18"/>
						<String ID="P33_ST00418" HPOS="1924" VPOS="1063" WIDTH="151" HEIGHT="39" CONTENT="Klauen" WC="0.98" CC="055700"/>
						<SP ID="P33_SP00363" HPOS="2075" VPOS="1102" WIDTH="23"/>
						<String ID="P33_ST00419" HPOS="2098" VPOS="1064" WIDTH="85" HEIGHT="39" CONTENT="und" WC="0.98" CC="600"/>
						<SP ID="P33_SP00364" HPOS="2183" VPOS="1103" WIDTH="26"/>
						<String ID="P33_ST00420" HPOS="2209" VPOS="1079" WIDTH="85" HEIGHT="24" CONTENT="von" WC="1.00" CC="000"/>
						<SP ID="P33_SP00365" HPOS="2294" VPOS="1103" WIDTH="23"/>
						<String ID="P33_ST00421" HPOS="2317" VPOS="1065" WIDTH="173" HEIGHT="40" CONTENT="leichten" WC="1.00" CC="10000000"/>
						<SP ID="P33_SP00366" HPOS="2490" VPOS="1105" WIDTH="18"/>
						<String ID="P33_ST00422" HPOS="2508" VPOS="1065" WIDTH="140" HEIGHT="40" CONTENT="Hufen" WC="0.99" CC="34000"/>
					</TextLine>
					<TextLine ID="P33_TL00057" HPOS="1482" VPOS="1121" WIDTH="1166" HEIGHT="59">
						<String ID="P33_ST00423" HPOS="1482" VPOS="1121" WIDTH="73" HEIGHT="39" CONTENT="auf" WC="0.99" CC="101"/>
						<SP ID="P33_SP00367" HPOS="1555" VPOS="1160" WIDTH="30"/>
						<String ID="P33_ST00424" HPOS="1585" VPOS="1124" WIDTH="119" HEIGHT="38" CONTENT="Moos" WC="0.99" CC="0110"/>
						<SP ID="P33_SP00368" HPOS="1704" VPOS="1162" WIDTH="38"/>
						<String ID="P33_ST00425" HPOS="1742" VPOS="1124" WIDTH="83" HEIGHT="38" CONTENT="und" WC="0.97" CC="060"/>
						<SP ID="P33_SP00369" HPOS="1825" VPOS="1162" WIDTH="33"/>
						<String ID="P33_ST00426" HPOS="1858" VPOS="1126" WIDTH="202" HEIGHT="38" CONTENT="Wurzeln" WC="0.99" CC="0662020"/>
						<SP ID="P33_SP00370" HPOS="2060" VPOS="1164" WIDTH="28"/>
						<String ID="P33_ST00427" HPOS="2088" VPOS="1126" WIDTH="83" HEIGHT="39" CONTENT="und" WC="0.97" CC="600"/>
						<SP ID="P33_SP00371" HPOS="2171" VPOS="1165" WIDTH="38"/>
						<String ID="P33_ST00428" HPOS="2209" VPOS="1126" WIDTH="63" HEIGHT="39" CONTENT="die" WC="0.98" CC="320"/>
						<SP ID="P33_SP00372" HPOS="2272" VPOS="1165" WIDTH="28"/>
						<String ID="P33_ST00429" HPOS="2300" VPOS="1127" WIDTH="157" HEIGHT="53" CONTENT="Wipfel" WC="1.00" CC="000000"/>
						<SP ID="P33_SP00373" HPOS="2457" VPOS="1180" WIDTH="36"/>
						<String ID="P33_ST00430" HPOS="2493" VPOS="1128" WIDTH="155" HEIGHT="39" CONTENT="droben" WC="0.99" CC="044000"/>
					</TextLine>
					<TextLine ID="P33_TL00058" HPOS="2277" VPOS="1189" WIDTH="144" HEIGHT="39">
						<String ID="P33_ST00431" HPOS="2277" VPOS="1189" WIDTH="144" HEIGHT="39" CONTENT="dunkel" WC="1.00" CC="000005"/>
					</TextLine>
					<TextLine ID="P33_TL00059" HPOS="1483" VPOS="1246" WIDTH="1164" HEIGHT="57">
						<String ID="P33_ST00432" HPOS="1483" VPOS="1258" WIDTH="83" HEIGHT="26" CONTENT="von" WC="0.99" CC="030"/>
						<SP ID="P33_SP00374" HPOS="1566" VPOS="1284" WIDTH="38"/>
						<String ID="P33_ST00433" HPOS="1604" VPOS="1246" WIDTH="119" HEIGHT="39" CONTENT="stiller" WC="1.00" CC="0020400"/>
						<SP ID="P33_SP00375" HPOS="1723" VPOS="1285" WIDTH="39"/>
						<String ID="P33_ST00434" HPOS="1762" VPOS="1248" WIDTH="207" HEIGHT="39" CONTENT="atemloser" WC="0.99" CC="760013000"/>
						<SP ID="P33_SP00376" HPOS="1969" VPOS="1287" WIDTH="37"/>
						<String ID="P33_ST00435" HPOS="2006" VPOS="1249" WIDTH="139" HEIGHT="40" CONTENT="Flucht" WC="0.98" CC="066053"/>
						<SP ID="P33_SP00377" HPOS="2145" VPOS="1289" WIDTH="38"/>
						<String ID="P33_ST00436" HPOS="2183" VPOS="1249" WIDTH="70" HEIGHT="40" CONTENT="der" WC="0.96" CC="036"/>
						<SP ID="P33_SP00378" HPOS="2253" VPOS="1289" WIDTH="28"/>
						<String ID="P33_ST00437" HPOS="2281" VPOS="1251" WIDTH="142" HEIGHT="51" CONTENT="Vögel." WC="0.99" CC="500004"/>
						<SP ID="P33_SP00379" HPOS="2423" VPOS="1302" WIDTH="65"/>
						<String ID="P33_ST00438" HPOS="2488" VPOS="1253" WIDTH="47" HEIGHT="38" CONTENT="In" WC="0.63" CC="07"/>
						<SP ID="P33_SP00380" HPOS="2535" VPOS="1302" WIDTH="46"/>
						<String ID="P33_ST00439" HPOS="2581" VPOS="1265" WIDTH="44" HEIGHT="38" CONTENT="ge" SUBS_TYPE="HypPart1" SUBS_CONTENT="getrennten" WC="0.98" CC="00"/>
						<HYP HPOS="2625" VPOS="1265" WIDTH="22" CONTENT="-"/>
					</TextLine>
					<TextLine ID="P33_TL00060" HPOS="2277" VPOS="1324" WIDTH="192" HEIGHT="28">
						<String ID="P33_ST00440" HPOS="2277" VPOS="1324" WIDTH="192" HEIGHT="28" CONTENT="trennten" SUBS_TYPE="HypPart2" SUBS_CONTENT="getrennten" WC="1.00" CC="10000500"/>
					</TextLine>
					<TextLine ID="P33_TL00061" HPOS="1485" VPOS="1369" WIDTH="1162" HEIGHT="57">
						<String ID="P33_ST00441" HPOS="1485" VPOS="1369" WIDTH="106" HEIGHT="40" CONTENT="doch" WC="0.99" CC="0300"/>
						<SP ID="P33_SP00381" HPOS="1591" VPOS="1409" WIDTH="61"/>
						<String ID="P33_ST00442" HPOS="1652" VPOS="1369" WIDTH="316" HEIGHT="41" CONTENT="durcheinander" WC="1.00" CC="0600000000020"/>
						<SP ID="P33_SP00382" HPOS="1968" VPOS="1410" WIDTH="57"/>
						<String ID="P33_ST00443" HPOS="2025" VPOS="1372" WIDTH="309" HEIGHT="54" CONTENT="hingemengten" WC="1.00" CC="000000000500"/>
						<SP ID="P33_SP00383" HPOS="2334" VPOS="1426" WIDTH="60"/>
						<String ID="P33_ST00444" HPOS="2394" VPOS="1375" WIDTH="253" HEIGHT="40" CONTENT="Schwärmen" WC="0.99" CC="000095000"/>
					</TextLine>
					<TextLine ID="P33_TL00062" HPOS="2275" VPOS="1437" WIDTH="209" HEIGHT="39">
						<String ID="P33_ST00445" HPOS="2275" VPOS="1437" WIDTH="209" HEIGHT="39" CONTENT="rauschten" WC="1.00" CC="006000310"/>
					</TextLine>
					<TextLine ID="P33_TL00063" HPOS="1485" VPOS="1493" WIDTH="1161" HEIGHT="55">
						<String ID="P33_ST00446" HPOS="1485" VPOS="1493" WIDTH="218" HEIGHT="40" CONTENT="Birkhähne" WC="1.00" CC="030000000"/>
						<SP ID="P33_SP00384" HPOS="1703" VPOS="1533" WIDTH="20"/>
						<String ID="P33_ST00447" HPOS="1723" VPOS="1494" WIDTH="206" HEIGHT="40" CONTENT="schweren" WC="1.00" CC="00001610"/>
						<SP ID="P33_SP00385" HPOS="1929" VPOS="1534" WIDTH="13"/>
						<String ID="P33_ST00448" HPOS="1942" VPOS="1496" WIDTH="127" HEIGHT="52" CONTENT="Flugs," WC="0.98" CC="066004"/>
						<SP ID="P33_SP00386" HPOS="2069" VPOS="1548" WIDTH="17"/>
						<String ID="P33_ST00449" HPOS="2086" VPOS="1496" WIDTH="64" HEIGHT="40" CONTENT="das" WC="0.97" CC="070"/>
						<SP ID="P33_SP00387" HPOS="2150" VPOS="1548" WIDTH="16"/>
						<String ID="P33_ST00450" HPOS="2166" VPOS="1497" WIDTH="162" HEIGHT="39" CONTENT="Rudern" WC="0.99" CC="400004"/>
						<SP ID="P33_SP00388" HPOS="2328" VPOS="1548" WIDTH="15"/>
						<String ID="P33_ST00451" HPOS="2343" VPOS="1498" WIDTH="138" HEIGHT="39" CONTENT="wilder" WC="1.00" CC="000003"/>
						<SP ID="P33_SP00389" HPOS="2481" VPOS="1548" WIDTH="15"/>
						<String ID="P33_ST00452" HPOS="2496" VPOS="1499" WIDTH="150" HEIGHT="48" CONTENT="Gänse," WC="1.00" CC="000004"/>
					</TextLine>
					<TextLine ID="P33_TL00064" HPOS="1485" VPOS="1554" WIDTH="1161" HEIGHT="47">
						<String ID="P33_ST00453" HPOS="1485" VPOS="1554" WIDTH="82" HEIGHT="38" CONTENT="und" WC="0.97" CC="060"/>
						<SP ID="P33_SP00390" HPOS="1567" VPOS="1592" WIDTH="20"/>
						<String ID="P33_ST00454" HPOS="1587" VPOS="1555" WIDTH="198" HEIGHT="40" CONTENT="zwischen" WC="1.00" CC="00300000"/>
						<SP ID="P33_SP00391" HPOS="1785" VPOS="1595" WIDTH="14"/>
						<String ID="P33_ST00455" HPOS="1799" VPOS="1556" WIDTH="146" HEIGHT="39" CONTENT="Ketten" WC="0.99" CC="006400"/>
						<SP ID="P33_SP00392" HPOS="1945" VPOS="1595" WIDTH="17"/>
						<String ID="P33_ST00456" HPOS="1962" VPOS="1557" WIDTH="71" HEIGHT="39" CONTENT="der" WC="1.00" CC="000"/>
						<SP ID="P33_SP00393" HPOS="2033" VPOS="1596" WIDTH="14"/>
						<String ID="P33_ST00457" HPOS="2047" VPOS="1559" WIDTH="305" HEIGHT="39" CONTENT="verschreckten" WC="1.00" CC="1000000000300"/>
						<SP ID="P33_SP00394" HPOS="2352" VPOS="1598" WIDTH="16"/>
						<String ID="P33_ST00458" HPOS="2368" VPOS="1560" WIDTH="278" HEIGHT="41" CONTENT="Haselhühner" WC="1.00" CC="67000000006"/>
					</TextLine>
					<TextLine ID="P33_TL00065" HPOS="2277" VPOS="1621" WIDTH="238" HEIGHT="54">
						<String ID="P33_ST00459" HPOS="2277" VPOS="1621" WIDTH="238" HEIGHT="54" CONTENT="schwangen" WC="0.99" CC="300070007"/>
					</TextLine>
					<TextLine ID="P33_TL00066" HPOS="1484" VPOS="1678" WIDTH="1160" HEIGHT="58">
						<String ID="P33_ST00460" HPOS="1484" VPOS="1678" WIDTH="62" HEIGHT="38" CONTENT="die" WC="0.99" CC="010"/>
						<SP ID="P33_SP00395" HPOS="1546" VPOS="1716" WIDTH="21"/>
						<String ID="P33_ST00461" HPOS="1567" VPOS="1678" WIDTH="143" HEIGHT="39" CONTENT="Reiher" WC="0.99" CC="502000"/>
						<SP ID="P33_SP00396" HPOS="1710" VPOS="1717" WIDTH="20"/>
						<String ID="P33_ST00462" HPOS="1730" VPOS="1679" WIDTH="83" HEIGHT="40" CONTENT="sich" WC="1.00" CC="0000"/>
						<SP ID="P33_SP00397" HPOS="1813" VPOS="1719" WIDTH="18"/>
						<String ID="P33_ST00463" HPOS="1831" VPOS="1680" WIDTH="197" HEIGHT="41" CONTENT="hindurch" WC="1.00" CC="00006000"/>
						<SP ID="P33_SP00398" HPOS="2028" VPOS="1721" WIDTH="18"/>
						<String ID="P33_ST00464" HPOS="2046" VPOS="1681" WIDTH="83" HEIGHT="39" CONTENT="und" WC="0.98" CC="060"/>
						<SP ID="P33_SP00399" HPOS="2129" VPOS="1721" WIDTH="20"/>
						<String ID="P33_ST00465" HPOS="2149" VPOS="1683" WIDTH="132" HEIGHT="38" CONTENT="neben" WC="1.00" CC="00400"/>
						<SP ID="P33_SP00400" HPOS="2281" VPOS="1721" WIDTH="19"/>
						<String ID="P33_ST00466" HPOS="2300" VPOS="1683" WIDTH="132" HEIGHT="48" CONTENT="ihnen," WC="0.99" CC="260004"/>
						<SP ID="P33_SP00401" HPOS="2432" VPOS="1731" WIDTH="20"/>
						<String ID="P33_ST00467" HPOS="2452" VPOS="1684" WIDTH="192" HEIGHT="52" CONTENT="ängstlich" WC="1.00" CC="000000600"/>
					</TextLine>
					<TextLine ID="P33_TL00067" HPOS="1484" VPOS="1740" WIDTH="1080" HEIGHT="53">
						<String ID="P33_ST00468" HPOS="1484" VPOS="1740" WIDTH="80" HEIGHT="38" CONTENT="den" WC="1.00" CC="000"/>
						<SP ID="P33_SP00402" HPOS="1564" VPOS="1778" WIDTH="19"/>
						<String ID="P33_ST00469" HPOS="1583" VPOS="1741" WIDTH="123" HEIGHT="39" CONTENT="Mord" WC="0.99" CC="0040"/>
						<SP ID="P33_SP00403" HPOS="1706" VPOS="1780" WIDTH="28"/>
						<String ID="P33_ST00470" HPOS="1734" VPOS="1743" WIDTH="254" HEIGHT="50" CONTENT="vergessend," WC="1.00" CC="00400000004"/>
						<SP ID="P33_SP00404" HPOS="1988" VPOS="1793" WIDTH="29"/>
						<String ID="P33_ST00471" HPOS="2017" VPOS="1743" WIDTH="179" HEIGHT="40" CONTENT="hasteten" WC="0.99" CC="07042000"/>
						<SP ID="P33_SP00405" HPOS="2196" VPOS="1793" WIDTH="28"/>
						<String ID="P33_ST00472" HPOS="2224" VPOS="1745" WIDTH="62" HEIGHT="38" CONTENT="die" WC="0.97" CC="620"/>
						<SP ID="P33_SP00406" HPOS="2286" VPOS="1793" WIDTH="29"/>
						<String ID="P33_ST00473" HPOS="2315" VPOS="1746" WIDTH="142" HEIGHT="38" CONTENT="Falken" WC="1.00" CC="000000"/>
						<SP ID="P33_SP00407" HPOS="2457" VPOS="1793" WIDTH="27"/>
						<String ID="P33_ST00474" HPOS="2484" VPOS="1745" WIDTH="80" HEIGHT="39" CONTENT="hin." WC="0.99" CC="0004"/>
					</TextLine>
					<TextLine ID="P33_TL00068" HPOS="1484" VPOS="1802" WIDTH="1160" HEIGHT="51">
						<String ID="P33_ST00475" HPOS="1484" VPOS="1802" WIDTH="93" HEIGHT="38" CONTENT="Dies" WC="1.00" CC="0200"/>
						<SP ID="P33_SP00408" HPOS="1577" VPOS="1840" WIDTH="36"/>
						<String ID="P33_ST00476" HPOS="1613" VPOS="1802" WIDTH="88" HEIGHT="39" CONTENT="alles" WC="1.00" CC="01000"/>
						<SP ID="P33_SP00409" HPOS="1701" VPOS="1841" WIDTH="37"/>
						<String ID="P33_ST00477" HPOS="1738" VPOS="1802" WIDTH="101" HEIGHT="40" CONTENT="trieb" WC="0.97" CC="56035"/>
						<SP ID="P33_SP00410" HPOS="1839" VPOS="1842" WIDTH="36"/>
						<String ID="P33_ST00478" HPOS="1875" VPOS="1804" WIDTH="65" HEIGHT="38" CONTENT="ich" WC="0.97" CC="305"/>
						<SP ID="P33_SP00411" HPOS="1940" VPOS="1842" WIDTH="32"/>
						<String ID="P33_ST00479" HPOS="1972" VPOS="1817" WIDTH="74" HEIGHT="26" CONTENT="vor" WC="1.00" CC="000"/>
						<SP ID="P33_SP00412" HPOS="2046" VPOS="1843" WIDTH="38"/>
						<String ID="P33_ST00480" HPOS="2084" VPOS="1804" WIDTH="73" HEIGHT="38" CONTENT="mir" WC="0.99" CC="030"/>
						<SP ID="P33_SP00413" HPOS="2157" VPOS="1843" WIDTH="36"/>
						<String ID="P33_ST00481" HPOS="2193" VPOS="1806" WIDTH="81" HEIGHT="47" CONTENT="her," WC="0.99" CC="0004"/>
						<SP ID="P33_SP00414" HPOS="2274" VPOS="1853" WIDTH="35"/>
						<String ID="P33_ST00482" HPOS="2309" VPOS="1807" WIDTH="74" HEIGHT="38" CONTENT="wie" WC="0.99" CC="020"/>
						<SP ID="P33_SP00415" HPOS="2383" VPOS="1853" WIDTH="29"/>
						<String ID="P33_ST00483" HPOS="2412" VPOS="1808" WIDTH="131" HEIGHT="38" CONTENT="Sturm" WC="0.99" CC="06300"/>
						<SP ID="P33_SP00416" HPOS="2543" VPOS="1853" WIDTH="35"/>
						<String ID="P33_ST00484" HPOS="2578" VPOS="1806" WIDTH="66" HEIGHT="39" CONTENT="ein" WC="0.95" CC="247"/>
					</TextLine>
					<TextLine ID="P33_TL00069" HPOS="2275" VPOS="1868" WIDTH="218" HEIGHT="39">
						<String ID="P33_ST00485" HPOS="2275" VPOS="1868" WIDTH="218" HEIGHT="39" CONTENT="schwarzes" WC="1.00" CC="000030000"/>
					</TextLine>
					<TextLine ID="P33_TL00070" HPOS="1482" VPOS="1926" WIDTH="1163" HEIGHT="52">
						<String ID="P33_ST00486" HPOS="1482" VPOS="1926" WIDTH="172" HEIGHT="39" CONTENT="Gewölk" WC="1.00" CC="000010"/>
						<SP ID="P33_SP00417" HPOS="1654" VPOS="1965" WIDTH="27"/>
						<String ID="P33_ST00487" HPOS="1681" VPOS="1927" WIDTH="85" HEIGHT="39" CONTENT="und" WC="0.94" CC="671"/>
						<SP ID="P33_SP00418" HPOS="1766" VPOS="1966" WIDTH="28"/>
						<String ID="P33_ST00488" HPOS="1794" VPOS="1927" WIDTH="165" HEIGHT="51" CONTENT="drängte" WC="1.00" CC="0000000"/>
						<SP ID="P33_SP00419" HPOS="1959" VPOS="1978" WIDTH="35"/>
						<String ID="P33_ST00489" HPOS="1994" VPOS="1927" WIDTH="88" HEIGHT="39" CONTENT="alles" WC="0.99" CC="06200"/>
						<SP ID="P33_SP00420" HPOS="2082" VPOS="1978" WIDTH="35"/>
						<String ID="P33_ST00490" HPOS="2117" VPOS="1928" WIDTH="110" HEIGHT="40" CONTENT="einer" WC="1.00" CC="00000"/>
						<SP ID="P33_SP00421" HPOS="2227" VPOS="1978" WIDTH="28"/>
						<String ID="P33_ST00491" HPOS="2255" VPOS="1929" WIDTH="175" HEIGHT="39" CONTENT="dunklen" WC="0.99" CC="0600400"/>
						<SP ID="P33_SP00422" HPOS="2430" VPOS="1978" WIDTH="28"/>
						<String ID="P33_ST00492" HPOS="2458" VPOS="1930" WIDTH="187" HEIGHT="39" CONTENT="Schlucht" WC="1.00" CC="00040005"/>
					</TextLine>
					<TextLine ID="P33_TL00071" HPOS="1482" VPOS="1987" WIDTH="1143" HEIGHT="52">
						<String ID="P33_ST00493" HPOS="1482" VPOS="1987" WIDTH="71" HEIGHT="38" CONTENT="mit" WC="0.97" CC="016"/>
						<SP ID="P33_SP00423" HPOS="1553" VPOS="2025" WIDTH="26"/>
						<String ID="P33_ST00494" HPOS="1579" VPOS="1988" WIDTH="115" HEIGHT="51" CONTENT="jähen" WC="0.98" CC="50017"/>
						<SP ID="P33_SP00424" HPOS="1694" VPOS="2039" WIDTH="28"/>
						<String ID="P33_ST00495" HPOS="1722" VPOS="1989" WIDTH="193" HEIGHT="38" CONTENT="Wänden" WC="1.00" CC="000000"/>
						<SP ID="P33_SP00425" HPOS="1915" VPOS="2039" WIDTH="28"/>
						<String ID="P33_ST00496" HPOS="1943" VPOS="2002" WIDTH="62" HEIGHT="26" CONTENT="zu." WC="0.96" CC="064"/>
						<SP ID="P33_SP00426" HPOS="2005" VPOS="2039" WIDTH="55"/>
						<String ID="P33_ST00497" HPOS="2060" VPOS="1990" WIDTH="69" HEIGHT="39" CONTENT="Ich" WC="1.00" CC="000"/>
						<SP ID="P33_SP00427" HPOS="2129" VPOS="2039" WIDTH="27"/>
						<String ID="P33_ST00498" HPOS="2156" VPOS="2004" WIDTH="82" HEIGHT="25" CONTENT="war" WC="0.98" CC="006"/>
						<SP ID="P33_SP00428" HPOS="2238" VPOS="2039" WIDTH="29"/>
						<String ID="P33_ST00499" HPOS="2267" VPOS="2005" WIDTH="96" HEIGHT="25" CONTENT="vom" WC="1.00" CC="000"/>
						<SP ID="P33_SP00429" HPOS="2363" VPOS="2039" WIDTH="27"/>
						<String ID="P33_ST00500" HPOS="2390" VPOS="1991" WIDTH="235" HEIGHT="39" CONTENT="Uebermafs" WC="0.87" CC="120000700"/>
					</TextLine>
					<TextLine ID="P33_TL00072" HPOS="1482" VPOS="2048" WIDTH="1048" HEIGHT="55">
						<String ID="P33_ST00501" HPOS="1482" VPOS="2048" WIDTH="71" HEIGHT="39" CONTENT="der" WC="1.00" CC="010"/>
						<SP ID="P33_SP00430" HPOS="1553" VPOS="2087" WIDTH="27"/>
						<String ID="P33_ST00502" HPOS="1580" VPOS="2049" WIDTH="153" HEIGHT="39" CONTENT="Freude" WC="1.00" CC="000000"/>
						<SP ID="P33_SP00431" HPOS="1733" VPOS="2088" WIDTH="28"/>
						<String ID="P33_ST00503" HPOS="1761" VPOS="2049" WIDTH="99" HEIGHT="39" CONTENT="über" WC="1.00" CC="0002"/>
						<SP ID="P33_SP00432" HPOS="1860" VPOS="2088" WIDTH="29"/>
						<String ID="P33_ST00504" HPOS="1889" VPOS="2050" WIDTH="105" HEIGHT="39" CONTENT="diese" WC="1.00" CC="02000"/>
						<SP ID="P33_SP00433" HPOS="1994" VPOS="2089" WIDTH="24"/>
						<String ID="P33_ST00505" HPOS="2018" VPOS="2051" WIDTH="97" HEIGHT="52" CONTENT="Jagd" WC="0.99" CC="0600"/>
						<SP ID="P33_SP00434" HPOS="2115" VPOS="2103" WIDTH="30"/>
						<String ID="P33_ST00506" HPOS="2145" VPOS="2051" WIDTH="137" HEIGHT="40" CONTENT="erfüllt" WC="0.99" CC="0520017"/>
						<SP ID="P33_SP00435" HPOS="2282" VPOS="2103" WIDTH="28"/>
						<String ID="P33_ST00507" HPOS="2310" VPOS="2053" WIDTH="84" HEIGHT="38" CONTENT="und" WC="0.98" CC="040"/>
						<SP ID="P33_SP00436" HPOS="2394" VPOS="2103" WIDTH="28"/>
						<String ID="P33_ST00508" HPOS="2422" VPOS="2053" WIDTH="108" HEIGHT="39" CONTENT="doch" WC="0.98" CC="0406"/>
					</TextLine>
					<TextLine ID="P33_TL00073" HPOS="1480" VPOS="2110" WIDTH="1164" HEIGHT="58">
						<String ID="P33_ST00509" HPOS="1480" VPOS="2110" WIDTH="54" HEIGHT="39" CONTENT="im" WC="0.99" CC="00"/>
						<SP ID="P33_SP00437" HPOS="1534" VPOS="2149" WIDTH="19"/>
						<String ID="P33_ST00510" HPOS="1553" VPOS="2110" WIDTH="209" HEIGHT="39" CONTENT="Innersten" WC="1.00" CC="000050500"/>
						<SP ID="P33_SP00438" HPOS="1762" VPOS="2149" WIDTH="29"/>
						<String ID="P33_ST00511" HPOS="1791" VPOS="2112" WIDTH="261" HEIGHT="47" CONTENT="beklommen," WC="1.00" CC="5004000004"/>
						<SP ID="P33_SP00439" HPOS="2052" VPOS="2159" WIDTH="29"/>
						<String ID="P33_ST00512" HPOS="2081" VPOS="2113" WIDTH="84" HEIGHT="38" CONTENT="und" WC="0.98" CC="500"/>
						<SP ID="P33_SP00440" HPOS="2165" VPOS="2159" WIDTH="27"/>
						<String ID="P33_ST00513" HPOS="2192" VPOS="2113" WIDTH="63" HEIGHT="40" CONTENT="ich" WC="0.98" CC="303"/>
						<SP ID="P33_SP00441" HPOS="2255" VPOS="2159" WIDTH="28"/>
						<String ID="P33_ST00514" HPOS="2283" VPOS="2114" WIDTH="144" HEIGHT="39" CONTENT="mufste" WC="0.92" CC="000040"/>
						<SP ID="P33_SP00442" HPOS="2427" VPOS="2159" WIDTH="28"/>
						<String ID="P33_ST00515" HPOS="2455" VPOS="2115" WIDTH="189" HEIGHT="53" CONTENT="plötzlich" WC="1.00" CC="010000300"/>
					</TextLine>
					<TextLine ID="P33_TL00074" HPOS="1480" VPOS="2173" WIDTH="1163" HEIGHT="50">
						<String ID="P33_ST00516" HPOS="1480" VPOS="2187" WIDTH="50" HEIGHT="24" CONTENT="an" WC="0.80" CC="30"/>
						<SP ID="P33_SP00443" HPOS="1530" VPOS="2211" WIDTH="29"/>
						<String ID="P33_ST00517" HPOS="1559" VPOS="2173" WIDTH="158" HEIGHT="38" CONTENT="meinen" WC="1.00" CC="002000"/>
						<SP ID="P33_SP00444" HPOS="1717" VPOS="2211" WIDTH="19"/>
						<String ID="P33_ST00518" HPOS="1736" VPOS="2175" WIDTH="125" HEIGHT="37" CONTENT="Vater" WC="0.97" CC="54505"/>
						<SP ID="P33_SP00445" HPOS="1861" VPOS="2212" WIDTH="28"/>
						<String ID="P33_ST00519" HPOS="1889" VPOS="2173" WIDTH="157" HEIGHT="39" CONTENT="denken" WC="1.00" CC="000000"/>
						<SP ID="P33_SP00446" HPOS="2046" VPOS="2212" WIDTH="27"/>
						<String ID="P33_ST00520" HPOS="2073" VPOS="2175" WIDTH="83" HEIGHT="38" CONTENT="und" WC="1.00" CC="000"/>
						<SP ID="P33_SP00447" HPOS="2156" VPOS="2213" WIDTH="29"/>
						<String ID="P33_ST00521" HPOS="2185" VPOS="2175" WIDTH="73" HEIGHT="38" CONTENT="mir" WC="0.98" CC="006"/>
						<SP ID="P33_SP00448" HPOS="2258" VPOS="2213" WIDTH="28"/>
						<String ID="P33_ST00522" HPOS="2286" VPOS="2189" WIDTH="92" HEIGHT="34" CONTENT="war," WC="0.99" CC="0024"/>
						<SP ID="P33_SP00449" HPOS="2378" VPOS="2223" WIDTH="25"/>
						<String ID="P33_ST00523" HPOS="2403" VPOS="2176" WIDTH="51" HEIGHT="38" CONTENT="als" WC="0.97" CC="610"/>
						<SP ID="P33_SP00450" HPOS="2454" VPOS="2223" WIDTH="30"/>
						<String ID="P33_ST00524" HPOS="2484" VPOS="2177" WIDTH="67" HEIGHT="38" CONTENT="säh" WC="1.00" CC="000"/>
						<SP ID="P33_SP00451" HPOS="2551" VPOS="2223" WIDTH="26"/>
						<String ID="P33_ST00525" HPOS="2577" VPOS="2176" WIDTH="66" HEIGHT="40" CONTENT="ich" WC="1.00" CC="000"/>
					</TextLine>
					<TextLine ID="P33_TL00075" HPOS="1480" VPOS="2234" WIDTH="1096" HEIGHT="43">
						<String ID="P33_ST00526" HPOS="1480" VPOS="2234" WIDTH="83" HEIGHT="40" CONTENT="sein" WC="0.99" CC="0030"/>
						<SP ID="P33_SP00452" HPOS="1563" VPOS="2274" WIDTH="27"/>
						<String ID="P33_ST00527" HPOS="1590" VPOS="2234" WIDTH="154" HEIGHT="39" CONTENT="weifses" WC="0.92" CC="0040000"/>
						<SP ID="P33_SP00453" HPOS="1744" VPOS="2274" WIDTH="30"/>
						<String ID="P33_ST00528" HPOS="1774" VPOS="2235" WIDTH="103" HEIGHT="38" CONTENT="Haar" WC="0.95" CC="5763"/>
						<SP ID="P33_SP00454" HPOS="1877" VPOS="2274" WIDTH="28"/>
						<String ID="P33_ST00529" HPOS="1905" VPOS="2235" WIDTH="42" HEIGHT="38" CONTENT="in" WC="1.00" CC="00"/>
						<SP ID="P33_SP00455" HPOS="1947" VPOS="2274" WIDTH="28"/>
						<String ID="P33_ST00530" HPOS="1975" VPOS="2236" WIDTH="129" HEIGHT="38" CONTENT="einem" WC="1.00" CC="03000"/>
						<SP ID="P33_SP00456" HPOS="2104" VPOS="2274" WIDTH="27"/>
						<String ID="P33_ST00531" HPOS="2131" VPOS="2237" WIDTH="189" HEIGHT="39" CONTENT="Brunnen" WC="1.00" CC="1060000"/>
						<SP ID="P33_SP00457" HPOS="2320" VPOS="2276" WIDTH="27"/>
						<String ID="P33_ST00532" HPOS="2347" VPOS="2249" WIDTH="116" HEIGHT="27" CONTENT="unter" WC="0.99" CC="60400"/>
						<SP ID="P33_SP00458" HPOS="2463" VPOS="2276" WIDTH="28"/>
						<String ID="P33_ST00533" HPOS="2491" VPOS="2239" WIDTH="85" HEIGHT="38" CONTENT="mir." WC="0.98" CC="0304"/>
					</TextLine>
					<TextLine ID="P33_TL00076" HPOS="1480" VPOS="2296" WIDTH="1162" HEIGHT="56">
						<String ID="P33_ST00534" HPOS="1480" VPOS="2297" WIDTH="60" HEIGHT="38" CONTENT="Da" WC="0.64" CC="07"/>
						<SP ID="P33_SP00459" HPOS="1540" VPOS="2335" WIDTH="31"/>
						<String ID="P33_ST00535" HPOS="1571" VPOS="2296" WIDTH="136" HEIGHT="39" CONTENT="rührte" WC="1.00" CC="000130"/>
						<SP ID="P33_SP00460" HPOS="1707" VPOS="2335" WIDTH="35"/>
						<String ID="P33_ST00536" HPOS="1742" VPOS="2297" WIDTH="84" HEIGHT="39" CONTENT="sich" WC="0.99" CC="0400"/>
						<SP ID="P33_SP00461" HPOS="1826" VPOS="2336" WIDTH="34"/>
						<String ID="P33_ST00537" HPOS="1860" VPOS="2296" WIDTH="106" HEIGHT="39" CONTENT="mein" WC="0.99" CC="0130"/>
						<SP ID="P33_SP00462" HPOS="1966" VPOS="2336" WIDTH="27"/>
						<String ID="P33_ST00538" HPOS="1993" VPOS="2297" WIDTH="119" HEIGHT="39" CONTENT="Pferd" WC="1.00" CC="30000"/>
						<SP ID="P33_SP00463" HPOS="2112" VPOS="2336" WIDTH="32"/>
						<String ID="P33_ST00539" HPOS="2144" VPOS="2297" WIDTH="55" HEIGHT="39" CONTENT="im" WC="1.00" CC="00"/>
						<SP ID="P33_SP00464" HPOS="2199" VPOS="2336" WIDTH="28"/>
						<String ID="P33_ST00540" HPOS="2227" VPOS="2298" WIDTH="132" HEIGHT="39" CONTENT="Schlaf" WC="0.99" CC="000070"/>
						<SP ID="P33_SP00465" HPOS="2359" VPOS="2337" WIDTH="28"/>
						<String ID="P33_ST00541" HPOS="2387" VPOS="2299" WIDTH="83" HEIGHT="38" CONTENT="und" WC="0.97" CC="600"/>
						<SP ID="P33_SP00466" HPOS="2470" VPOS="2337" WIDTH="30"/>
						<String ID="P33_ST00542" HPOS="2500" VPOS="2312" WIDTH="142" HEIGHT="40" CONTENT="sprang" WC="0.99" CC="000700"/>
					</TextLine>
					<TextLine ID="P33_TL00077" HPOS="2273" VPOS="2358" WIDTH="232" HEIGHT="41">
						<String ID="P33_ST00543" HPOS="2273" VPOS="2358" WIDTH="69" HEIGHT="40" CONTENT="auf" WC="0.93" CC="765"/>
						<SP ID="P33_SP00467" HPOS="2342" VPOS="2398" WIDTH="22"/>
						<String ID="P33_ST00544" HPOS="2364" VPOS="2360" WIDTH="141" HEIGHT="39" CONTENT="einmal" WC="0.98" CC="026070"/>
					</TextLine>
					<TextLine ID="P33_TL00078" HPOS="1479" VPOS="2420" WIDTH="1162" HEIGHT="52">
						<String ID="P33_ST00545" HPOS="1479" VPOS="2420" WIDTH="179" HEIGHT="52" CONTENT="zugleich" WC="1.00" CC="05000100"/>
						<SP ID="P33_SP00468" HPOS="1658" VPOS="2472" WIDTH="28"/>
						<String ID="P33_ST00546" HPOS="1686" VPOS="2420" WIDTH="69" HEIGHT="38" CONTENT="auf" WC="0.97" CC="700"/>
						<SP ID="P33_SP00469" HPOS="1755" VPOS="2472" WIDTH="23"/>
						<String ID="P33_ST00547" HPOS="1778" VPOS="2420" WIDTH="63" HEIGHT="38" CONTENT="die" WC="0.98" CC="040"/>
						<SP ID="P33_SP00470" HPOS="1841" VPOS="2472" WIDTH="19"/>
						<String ID="P33_ST00548" HPOS="1860" VPOS="2420" WIDTH="83" HEIGHT="39" CONTENT="vier" WC="1.00" CC="0000"/>
						<SP ID="P33_SP00471" HPOS="1943" VPOS="2472" WIDTH="19"/>
						<String ID="P33_ST00549" HPOS="1962" VPOS="2420" WIDTH="117" HEIGHT="39" CONTENT="Füfse" WC="1.00" CC="00000"/>
						<SP ID="P33_SP00472" HPOS="2079" VPOS="2472" WIDTH="28"/>
						<String ID="P33_ST00550" HPOS="2107" VPOS="2421" WIDTH="68" HEIGHT="39" CONTENT="auf" WC="0.97" CC="700"/>
						<SP ID="P33_SP00473" HPOS="2175" VPOS="2472" WIDTH="22"/>
						<String ID="P33_ST00551" HPOS="2197" VPOS="2421" WIDTH="84" HEIGHT="39" CONTENT="und" WC="0.98" CC="040"/>
						<SP ID="P33_SP00474" HPOS="2281" VPOS="2472" WIDTH="20"/>
						<String ID="P33_ST00552" HPOS="2301" VPOS="2422" WIDTH="215" HEIGHT="38" CONTENT="schnaubte" WC="0.99" CC="000065150"/>
						<SP ID="P33_SP00475" HPOS="2516" VPOS="2472" WIDTH="19"/>
						<String ID="P33_ST00553" HPOS="2535" VPOS="2423" WIDTH="106" HEIGHT="47" CONTENT="wild," WC="0.99" CC="02004"/>
					</TextLine>
					<TextLine ID="P33_TL00079" HPOS="1479" VPOS="2481" WIDTH="1162" HEIGHT="44">
						<String ID="P33_ST00554" HPOS="1479" VPOS="2482" WIDTH="83" HEIGHT="39" CONTENT="und" WC="0.98" CC="060"/>
						<SP ID="P33_SP00476" HPOS="1562" VPOS="2521" WIDTH="28"/>
						<String ID="P33_ST00555" HPOS="1590" VPOS="2496" WIDTH="44" HEIGHT="24" CONTENT="so" WC="1.00" CC="00"/>
						<SP ID="P33_SP00477" HPOS="1634" VPOS="2521" WIDTH="31"/>
						<String ID="P33_ST00556" HPOS="1665" VPOS="2481" WIDTH="198" HEIGHT="40" CONTENT="erwachte" WC="0.99" CC="04000660"/>
						<SP ID="P33_SP00478" HPOS="1863" VPOS="2521" WIDTH="28"/>
						<String ID="P33_ST00557" HPOS="1891" VPOS="2482" WIDTH="64" HEIGHT="39" CONTENT="ich" WC="1.00" CC="000"/>
						<SP ID="P33_SP00479" HPOS="1955" VPOS="2521" WIDTH="27"/>
						<String ID="P33_ST00558" HPOS="1982" VPOS="2482" WIDTH="84" HEIGHT="39" CONTENT="und" WC="0.97" CC="600"/>
						<SP ID="P33_SP00480" HPOS="2066" VPOS="2521" WIDTH="27"/>
						<String ID="P33_ST00559" HPOS="2093" VPOS="2482" WIDTH="130" HEIGHT="40" CONTENT="fühlte" WC="1.00" CC="000030"/>
						<SP ID="P33_SP00481" HPOS="2223" VPOS="2522" WIDTH="28"/>
						<String ID="P33_ST00560" HPOS="2251" VPOS="2484" WIDTH="108" HEIGHT="38" CONTENT="noch" WC="1.00" CC="0200"/>
						<SP ID="P33_SP00482" HPOS="2359" VPOS="2522" WIDTH="28"/>
						<String ID="P33_ST00561" HPOS="2387" VPOS="2484" WIDTH="78" HEIGHT="39" CONTENT="den" WC="1.00" CC="000"/>
						<SP ID="P33_SP00483" HPOS="2465" VPOS="2523" WIDTH="24"/>
						<String ID="P33_ST00562" HPOS="2489" VPOS="2485" WIDTH="152" HEIGHT="40" CONTENT="Traum" WC="0.98" CC="03660"/>
					</TextLine>
					<TextLine ID="P33_TL00080" HPOS="1479" VPOS="2544" WIDTH="1160" HEIGHT="53">
						<String ID="P33_ST00563" HPOS="1479" VPOS="2544" WIDTH="75" HEIGHT="40" CONTENT="wie" WC="0.99" CC="002"/>
						<SP ID="P33_SP00484" HPOS="1554" VPOS="2584" WIDTH="38"/>
						<String ID="P33_ST00564" HPOS="1592" VPOS="2544" WIDTH="145" HEIGHT="38" CONTENT="dunkle" WC="0.99" CC="006010"/>
						<SP ID="P33_SP00485" HPOS="1737" VPOS="2584" WIDTH="35"/>
						<String ID="P33_ST00565" HPOS="1772" VPOS="2544" WIDTH="215" HEIGHT="52" CONTENT="Spinnweb" WC="1.00" CC="00100000"/>
						<SP ID="P33_SP00486" HPOS="1987" VPOS="2596" WIDTH="36"/>
						<String ID="P33_ST00566" HPOS="2023" VPOS="2557" WIDTH="69" HEIGHT="26" CONTENT="um" WC="0.68" CC="60"/>
						<SP ID="P33_SP00487" HPOS="2092" VPOS="2596" WIDTH="38"/>
						<String ID="P33_ST00567" HPOS="2130" VPOS="2545" WIDTH="64" HEIGHT="37" CONTENT="die" WC="1.00" CC="000"/>
						<SP ID="P33_SP00488" HPOS="2194" VPOS="2596" WIDTH="29"/>
						<String ID="P33_ST00568" HPOS="2223" VPOS="2545" WIDTH="103" HEIGHT="39" CONTENT="Stirn" WC="0.98" CC="05405"/>
						<SP ID="P33_SP00489" HPOS="2326" VPOS="2596" WIDTH="37"/>
						<String ID="P33_ST00569" HPOS="2363" VPOS="2545" WIDTH="75" HEIGHT="39" CONTENT="mir" WC="0.99" CC="030"/>
						<SP ID="P33_SP00490" HPOS="2438" VPOS="2596" WIDTH="34"/>
						<String ID="P33_ST00570" HPOS="2472" VPOS="2546" WIDTH="167" HEIGHT="51" CONTENT="hängen." WC="1.00" CC="4000003"/>
					</TextLine>
					<TextLine ID="P33_TL00081" HPOS="2272" VPOS="2607" WIDTH="245" HEIGHT="38">
						<String ID="P33_ST00571" HPOS="2272" VPOS="2607" WIDTH="110" HEIGHT="38" CONTENT="Aber" WC="0.99" CC="0600"/>
						<SP ID="P33_SP00491" HPOS="2382" VPOS="2645" WIDTH="29"/>
						<String ID="P33_ST00572" HPOS="2411" VPOS="2607" WIDTH="106" HEIGHT="38" CONTENT="dann" WC="0.99" CC="0600"/>
					</TextLine>
					<TextLine ID="P33_TL00082" HPOS="1482" VPOS="2667" WIDTH="1162" HEIGHT="53">
						<String ID="P33_ST00573" HPOS="1482" VPOS="2667" WIDTH="157" HEIGHT="40" CONTENT="verliefs" WC="0.93" CC="00003200"/>
						<SP ID="P33_SP00492" HPOS="1639" VPOS="2707" WIDTH="27"/>
						<String ID="P33_ST00574" HPOS="1666" VPOS="2667" WIDTH="65" HEIGHT="39" CONTENT="ich" WC="0.97" CC="404"/>
						<SP ID="P33_SP00493" HPOS="1731" VPOS="2707" WIDTH="27"/>
						<String ID="P33_ST00575" HPOS="1758" VPOS="2667" WIDTH="105" HEIGHT="38" CONTENT="diese" WC="0.99" CC="03100"/>
						<SP ID="P33_SP00494" HPOS="1863" VPOS="2707" WIDTH="30"/>
						<String ID="P33_ST00576" HPOS="1893" VPOS="2667" WIDTH="163" HEIGHT="53" CONTENT="dumpfe" WC="1.00" CC="060000"/>
						<SP ID="P33_SP00495" HPOS="2056" VPOS="2720" WIDTH="29"/>
						<String ID="P33_ST00577" HPOS="2085" VPOS="2667" WIDTH="184" HEIGHT="39" CONTENT="Kammer" WC="1.00" CC="000000"/>
						<SP ID="P33_SP00496" HPOS="2269" VPOS="2720" WIDTH="32"/>
						<String ID="P33_ST00578" HPOS="2301" VPOS="2672" WIDTH="146" HEIGHT="47" CONTENT="grüner" WC="1.00" CC="000600"/>
						<SP ID="P33_SP00497" HPOS="2447" VPOS="2720" WIDTH="28"/>
						<String ID="P33_ST00579" HPOS="2475" VPOS="2669" WIDTH="169" HEIGHT="40" CONTENT="Hecken" WC="0.99" CC="650000"/>
					</TextLine>
					<TextLine ID="P33_TL00083" HPOS="2270" VPOS="2730" WIDTH="374" HEIGHT="40">
						<String ID="P33_ST00580" HPOS="2270" VPOS="2730" WIDTH="85" HEIGHT="38" CONTENT="und" WC="0.98" CC="600"/>
						<SP ID="P33_SP00498" HPOS="2355" VPOS="2768" WIDTH="34"/>
						<String ID="P33_ST00581" HPOS="2389" VPOS="2731" WIDTH="109" HEIGHT="38" CONTENT="mein" WC="1.00" CC="0000"/>
						<SP ID="P33_SP00499" HPOS="2498" VPOS="2769" WIDTH="26"/>
						<String ID="P33_ST00582" HPOS="2524" VPOS="2731" WIDTH="120" HEIGHT="39" CONTENT="Pferd" WC="0.98" CC="03260"/>
					</TextLine>
					<TextLine ID="P33_TL00084" HPOS="1482" VPOS="2790" WIDTH="1162" HEIGHT="53">
						<String ID="P33_ST00583" HPOS="1482" VPOS="2791" WIDTH="91" HEIGHT="52" CONTENT="ging" WC="1.00" CC="0000"/>
						<SP ID="P33_SP00500" HPOS="1573" VPOS="2843" WIDTH="28"/>
						<String ID="P33_ST00584" HPOS="1601" VPOS="2791" WIDTH="132" HEIGHT="38" CONTENT="neben" WC="0.99" CC="03010"/>
						<SP ID="P33_SP00501" HPOS="1733" VPOS="2843" WIDTH="26"/>
						<String ID="P33_ST00585" HPOS="1759" VPOS="2791" WIDTH="85" HEIGHT="46" CONTENT="mir," WC="0.98" CC="0204"/>
						<SP ID="P33_SP00502" HPOS="1844" VPOS="2843" WIDTH="35"/>
						<String ID="P33_ST00586" HPOS="1879" VPOS="2790" WIDTH="65" HEIGHT="39" CONTENT="ich" WC="0.97" CC="007"/>
						<SP ID="P33_SP00503" HPOS="1944" VPOS="2843" WIDTH="27"/>
						<String ID="P33_ST00587" HPOS="1971" VPOS="2790" WIDTH="108" HEIGHT="39" CONTENT="hatte" WC="0.98" CC="06260"/>
						<SP ID="P33_SP00504" HPOS="2079" VPOS="2843" WIDTH="26"/>
						<String ID="P33_ST00588" HPOS="2105" VPOS="2790" WIDTH="82" HEIGHT="39" CONTENT="ihm" WC="1.00" CC="000"/>
						<SP ID="P33_SP00505" HPOS="2187" VPOS="2843" WIDTH="28"/>
						<String ID="P33_ST00589" HPOS="2215" VPOS="2790" WIDTH="79" HEIGHT="39" CONTENT="den" WC="1.00" CC="000"/>
						<SP ID="P33_SP00506" HPOS="2294" VPOS="2843" WIDTH="27"/>
						<String ID="P33_ST00590" HPOS="2321" VPOS="2791" WIDTH="172" HEIGHT="40" CONTENT="leichten" WC="1.00" CC="00400000"/>
						<SP ID="P33_SP00507" HPOS="2493" VPOS="2843" WIDTH="28"/>
						<String ID="P33_ST00591" HPOS="2521" VPOS="2793" WIDTH="123" HEIGHT="39" CONTENT="Zaum" WC="0.95" CC="0758"/>
					</TextLine>
					<TextLine ID="P33_TL00085" HPOS="1479" VPOS="2851" WIDTH="1162" HEIGHT="53">
						<String ID="P33_ST00592" HPOS="1479" VPOS="2853" WIDTH="382" HEIGHT="51" CONTENT="herausgenommen" WC="1.00" CC="00040000600006"/>
						<SP ID="P33_SP00508" HPOS="1861" VPOS="2904" WIDTH="18"/>
						<String ID="P33_ST00593" HPOS="1879" VPOS="2851" WIDTH="83" HEIGHT="39" CONTENT="und" WC="0.98" CC="600"/>
						<SP ID="P33_SP00509" HPOS="1962" VPOS="2904" WIDTH="30"/>
						<String ID="P33_ST00594" HPOS="1992" VPOS="2865" WIDTH="39" HEIGHT="25" CONTENT="es" WC="1.00" CC="00"/>
						<SP ID="P33_SP00510" HPOS="2031" VPOS="2904" WIDTH="30"/>
						<String ID="P33_ST00595" HPOS="2061" VPOS="2851" WIDTH="67" HEIGHT="39" CONTENT="rifs" WC="1.00" CC="0000"/>
						<SP ID="P33_SP00511" HPOS="2128" VPOS="2904" WIDTH="26"/>
						<String ID="P33_ST00596" HPOS="2154" VPOS="2851" WIDTH="82" HEIGHT="40" CONTENT="sich" WC="1.00" CC="0000"/>
						<SP ID="P33_SP00512" HPOS="2236" VPOS="2904" WIDTH="26"/>
						<String ID="P33_ST00597" HPOS="2262" VPOS="2853" WIDTH="126" HEIGHT="38" CONTENT="kleine" WC="0.99" CC="041300"/>
						<SP ID="P33_SP00513" HPOS="2388" VPOS="2904" WIDTH="20"/>
						<String ID="P33_ST00598" HPOS="2408" VPOS="2854" WIDTH="148" HEIGHT="39" CONTENT="Blätter" WC="0.99" CC="0403220"/>
						<SP ID="P33_SP00514" HPOS="2556" VPOS="2904" WIDTH="27"/>
						<String ID="P33_ST00599" HPOS="2583" VPOS="2855" WIDTH="58" HEIGHT="39" CONTENT="ab." WC="0.95" CC="624"/>
					</TextLine>
					<TextLine ID="P33_TL00086" HPOS="1479" VPOS="2913" WIDTH="1162" HEIGHT="52">
						<String ID="P33_ST00600" HPOS="1479" VPOS="2916" WIDTH="60" HEIGHT="38" CONTENT="Da" WC="0.66" CC="06"/>
						<SP ID="P33_SP00515" HPOS="1539" VPOS="2954" WIDTH="29"/>
						<String ID="P33_ST00601" HPOS="1568" VPOS="2914" WIDTH="232" HEIGHT="39" CONTENT="schwirrten" WC="1.00" CC="0060040500"/>
						<SP ID="P33_SP00516" HPOS="1800" VPOS="2954" WIDTH="18"/>
						<String ID="P33_ST00602" HPOS="1818" VPOS="2914" WIDTH="135" HEIGHT="51" CONTENT="Flügel" WC="0.99" CC="050005"/>
						<SP ID="P33_SP00517" HPOS="1953" VPOS="2965" WIDTH="25"/>
						<String ID="P33_ST00603" HPOS="1978" VPOS="2913" WIDTH="108" HEIGHT="39" CONTENT="dicht" WC="0.98" CC="02046"/>
						<SP ID="P33_SP00518" HPOS="2086" VPOS="2965" WIDTH="19"/>
						<String ID="P33_ST00604" HPOS="2105" VPOS="2926" WIDTH="73" HEIGHT="26" CONTENT="vor" WC="1.00" CC="000"/>
						<SP ID="P33_SP00519" HPOS="2178" VPOS="2965" WIDTH="25"/>
						<String ID="P33_ST00605" HPOS="2203" VPOS="2914" WIDTH="74" HEIGHT="38" CONTENT="mir" WC="0.99" CC="020"/>
						<SP ID="P33_SP00520" HPOS="2277" VPOS="2965" WIDTH="28"/>
						<String ID="P33_ST00606" HPOS="2305" VPOS="2928" WIDTH="60" HEIGHT="25" CONTENT="am" WC="0.64" CC="70"/>
						<SP ID="P33_SP00521" HPOS="2365" VPOS="2965" WIDTH="19"/>
						<String ID="P33_ST00607" HPOS="2384" VPOS="2916" WIDTH="143" HEIGHT="38" CONTENT="Boden" WC="0.99" CC="00900"/>
						<SP ID="P33_SP00522" HPOS="2527" VPOS="2965" WIDTH="27"/>
						<String ID="P33_ST00608" HPOS="2554" VPOS="2917" WIDTH="87" HEIGHT="39" CONTENT="hin:" WC="1.00" CC="0000"/>
					</TextLine>
					<TextLine ID="P33_TL00087" HPOS="1479" VPOS="2975" WIDTH="1162" HEIGHT="51">
						<String ID="P33_ST00609" HPOS="1479" VPOS="2977" WIDTH="66" HEIGHT="39" CONTENT="ich" WC="1.00" CC="000"/>
						<SP ID="P33_SP00523" HPOS="1545" VPOS="3016" WIDTH="15"/>
						<String ID="P33_ST00610" HPOS="1560" VPOS="2977" WIDTH="143" HEIGHT="38" CONTENT="bückte" WC="0.99" CC="000060"/>
						<SP ID="P33_SP00524" HPOS="1703" VPOS="3016" WIDTH="16"/>
						<String ID="P33_ST00611" HPOS="1719" VPOS="2975" WIDTH="116" HEIGHT="48" CONTENT="mich," WC="0.99" CC="00054"/>
						<SP ID="P33_SP00525" HPOS="1835" VPOS="3023" WIDTH="21"/>
						<String ID="P33_ST00612" HPOS="1856" VPOS="2975" WIDTH="107" HEIGHT="40" CONTENT="doch" WC="1.00" CC="0000"/>
						<SP ID="P33_SP00526" HPOS="1963" VPOS="3023" WIDTH="14"/>
						<String ID="P33_ST00613" HPOS="1977" VPOS="2988" WIDTH="80" HEIGHT="26" CONTENT="war" WC="0.97" CC="070"/>
						<SP ID="P33_SP00527" HPOS="2057" VPOS="3023" WIDTH="15"/>
						<String ID="P33_ST00614" HPOS="2072" VPOS="2975" WIDTH="90" HEIGHT="39" CONTENT="kein" WC="0.99" CC="0130"/>
						<SP ID="P33_SP00528" HPOS="2162" VPOS="3023" WIDTH="14"/>
						<String ID="P33_ST00615" HPOS="2176" VPOS="2976" WIDTH="109" HEIGHT="39" CONTENT="Stein" WC="1.00" CC="03000"/>
						<SP ID="P33_SP00529" HPOS="2285" VPOS="3023" WIDTH="14"/>
						<String ID="P33_ST00616" HPOS="2299" VPOS="2976" WIDTH="54" HEIGHT="39" CONTENT="im" WC="1.00" CC="00"/>
						<SP ID="P33_SP00530" HPOS="2353" VPOS="3023" WIDTH="15"/>
						<String ID="P33_ST00617" HPOS="2368" VPOS="2977" WIDTH="126" HEIGHT="39" CONTENT="tiefen" WC="1.00" CC="320000"/>
						<SP ID="P33_SP00531" HPOS="2494" VPOS="3023" WIDTH="16"/>
						<String ID="P33_ST00618" HPOS="2510" VPOS="2979" WIDTH="131" HEIGHT="47" CONTENT="Moos," WC="0.99" CC="00004"/>
					</TextLine>
					<TextLine ID="P33_TL00088" HPOS="1479" VPOS="3036" WIDTH="1163" HEIGHT="53">
						<String ID="P33_ST00619" HPOS="1479" VPOS="3038" WIDTH="47" HEIGHT="39" CONTENT="da" WC="0.66" CC="06"/>
						<SP ID="P33_SP00532" HPOS="1526" VPOS="3077" WIDTH="26"/>
						<String ID="P33_ST00620" HPOS="1552" VPOS="3036" WIDTH="105" HEIGHT="41" CONTENT="warf" WC="0.99" CC="0040"/>
						<SP ID="P33_SP00533" HPOS="1657" VPOS="3077" WIDTH="20"/>
						<String ID="P33_ST00621" HPOS="1677" VPOS="3036" WIDTH="65" HEIGHT="40" CONTENT="ich" WC="1.00" CC="000"/>
						<SP ID="P33_SP00534" HPOS="1742" VPOS="3077" WIDTH="19"/>
						<String ID="P33_ST00622" HPOS="1761" VPOS="3036" WIDTH="73" HEIGHT="39" CONTENT="mit" WC="0.97" CC="026"/>
						<SP ID="P33_SP00535" HPOS="1834" VPOS="3077" WIDTH="27"/>
						<String ID="P33_ST00623" HPOS="1861" VPOS="3036" WIDTH="93" HEIGHT="39" CONTENT="dem" WC="1.00" CC="000"/>
						<SP ID="P33_SP00536" HPOS="1954" VPOS="3077" WIDTH="19"/>
						<String ID="P33_ST00624" HPOS="1973" VPOS="3036" WIDTH="123" HEIGHT="39" CONTENT="Zaum" WC="0.99" CC="0050"/>
						<SP ID="P33_SP00537" HPOS="2096" VPOS="3077" WIDTH="20"/>
						<String ID="P33_ST00625" HPOS="2116" VPOS="3036" WIDTH="71" HEIGHT="39" CONTENT="der" WC="1.00" CC="000"/>
						<SP ID="P33_SP00538" HPOS="2187" VPOS="3077" WIDTH="19"/>
						<String ID="P33_ST00626" HPOS="2206" VPOS="3036" WIDTH="199" HEIGHT="53" CONTENT="Richtung" WC="0.99" CC="44004050"/>
						<SP ID="P33_SP00539" HPOS="2405" VPOS="3089" WIDTH="25"/>
						<String ID="P33_ST00627" HPOS="2430" VPOS="3039" WIDTH="101" HEIGHT="39" CONTENT="nach" WC="0.99" CC="0700"/>
						<SP ID="P33_SP00540" HPOS="2531" VPOS="3089" WIDTH="26"/>
						<String ID="P33_ST00628" HPOS="2557" VPOS="3040" WIDTH="85" HEIGHT="39" CONTENT="und" WC="0.97" CC="600"/>
					</TextLine>
					<TextLine ID="P33_TL00089" HPOS="2270" VPOS="3098" WIDTH="91" HEIGHT="39">
						<String ID="P33_ST00629" HPOS="2270" VPOS="3098" WIDTH="91" HEIGHT="39" CONTENT="traf:" WC="0.98" CC="50530"/>
					</TextLine>
					<TextLine ID="P33_TL00090" HPOS="1477" VPOS="3159" WIDTH="1163" HEIGHT="53">
						<String ID="P33_ST00630" HPOS="1477" VPOS="3160" WIDTH="101" HEIGHT="40" CONTENT="zwei" WC="0.99" CC="0023"/>
						<SP ID="P33_SP00541" HPOS="1578" VPOS="3200" WIDTH="27"/>
						<String ID="P33_ST00631" HPOS="1605" VPOS="3161" WIDTH="120" HEIGHT="51" CONTENT="junge" WC="0.99" CC="35000"/>
						<SP ID="P33_SP00542" HPOS="1725" VPOS="3212" WIDTH="29"/>
						<String ID="P33_ST00632" HPOS="1754" VPOS="3159" WIDTH="170" HEIGHT="40" CONTENT="Hühner" WC="0.99" CC="600000"/>
						<SP ID="P33_SP00543" HPOS="1924" VPOS="3212" WIDTH="27"/>
						<String ID="P33_ST00633" HPOS="1951" VPOS="3159" WIDTH="114" HEIGHT="52" CONTENT="lagen" WC="0.99" CC="07000"/>
						<SP ID="P33_SP00544" HPOS="2065" VPOS="3212" WIDTH="28"/>
						<String ID="P33_ST00634" HPOS="2093" VPOS="3159" WIDTH="92" HEIGHT="39" CONTENT="dort" WC="0.98" CC="0405"/>
						<SP ID="P33_SP00545" HPOS="2185" VPOS="3212" WIDTH="28"/>
						<String ID="P33_ST00635" HPOS="2213" VPOS="3160" WIDTH="83" HEIGHT="39" CONTENT="und" WC="0.98" CC="600"/>
						<SP ID="P33_SP00546" HPOS="2296" VPOS="3212" WIDTH="29"/>
						<String ID="P33_ST00636" HPOS="2325" VPOS="3161" WIDTH="88" HEIGHT="38" CONTENT="eine" WC="1.00" CC="0000"/>
						<SP ID="P33_SP00547" HPOS="2413" VPOS="3212" WIDTH="25"/>
						<String ID="P33_ST00637" HPOS="2438" VPOS="3163" WIDTH="202" HEIGHT="46" CONTENT="Wachtel," WC="0.99" CC="04005002"/>
					</TextLine>
					<TextLine ID="P33_TL00091" HPOS="2271" VPOS="3222" WIDTH="103" HEIGHT="48">
						<String ID="P33_ST00638" HPOS="2271" VPOS="3222" WIDTH="103" HEIGHT="48" CONTENT="todt," WC="0.74" CC="50024"/>
					</TextLine>
					<TextLine ID="P33_TL00092" HPOS="1476" VPOS="3282" WIDTH="1164" HEIGHT="53">
						<String ID="P33_ST00639" HPOS="1476" VPOS="3284" WIDTH="43" HEIGHT="39" CONTENT="in" WC="1.00" CC="00"/>
						<SP ID="P33_SP00548" HPOS="1519" VPOS="3323" WIDTH="19"/>
						<String ID="P33_ST00640" HPOS="1538" VPOS="3283" WIDTH="128" HEIGHT="39" CONTENT="einem" WC="1.00" CC="01000"/>
						<SP ID="P33_SP00549" HPOS="1666" VPOS="3323" WIDTH="15"/>
						<String ID="P33_ST00641" HPOS="1681" VPOS="3282" WIDTH="132" HEIGHT="39" CONTENT="Wurf" WC="0.98" CC="0602"/>
						<SP ID="P33_SP00550" HPOS="1813" VPOS="3323" WIDTH="12"/>
						<String ID="P33_ST00642" HPOS="1825" VPOS="3283" WIDTH="228" HEIGHT="52" CONTENT="erschlagen" WC="1.00" CC="0000016006"/>
						<SP ID="P33_SP00551" HPOS="2053" VPOS="3335" WIDTH="19"/>
						<String ID="P33_ST00643" HPOS="2072" VPOS="3283" WIDTH="72" HEIGHT="38" CONTENT="mit" WC="0.97" CC="006"/>
						<SP ID="P33_SP00552" HPOS="2144" VPOS="3335" WIDTH="20"/>
						<String ID="P33_ST00644" HPOS="2164" VPOS="3283" WIDTH="70" HEIGHT="39" CONTENT="der" WC="1.00" CC="000"/>
						<SP ID="P33_SP00553" HPOS="2234" VPOS="3335" WIDTH="14"/>
						<String ID="P33_ST00645" HPOS="2248" VPOS="3284" WIDTH="170" HEIGHT="39" CONTENT="Trense." WC="1.00" CC="0000014"/>
						<SP ID="P33_SP00554" HPOS="2418" VPOS="3335" WIDTH="48"/>
						<String ID="P33_ST00646" HPOS="2466" VPOS="3286" WIDTH="150" HEIGHT="39" CONTENT="Sonder" SUBS_TYPE="HypPart1" SUBS_CONTENT="Sonderbar" WC="0.99" CC="030004"/>
						<HYP HPOS="2616" VPOS="3286" WIDTH="24" CONTENT="-"/>
					</TextLine>
					<TextLine ID="P33_TL00093" HPOS="2269" VPOS="3346" WIDTH="67" HEIGHT="38">
						<String ID="P33_ST00647" HPOS="2269" VPOS="3346" WIDTH="67" HEIGHT="38" CONTENT="bar" SUBS_TYPE="HypPart2" SUBS_CONTENT="Sonderbar" WC="0.95" CC="570"/>
					</TextLine>
					<TextLine ID="P33_TL00094" HPOS="1475" VPOS="3406" WIDTH="1164" HEIGHT="43">
						<String ID="P33_ST00648" HPOS="1475" VPOS="3420" WIDTH="80" HEIGHT="26" CONTENT="war" WC="0.98" CC="060"/>
						<SP ID="P33_SP00555" HPOS="1555" VPOS="3446" WIDTH="36"/>
						<String ID="P33_ST00649" HPOS="1591" VPOS="3406" WIDTH="73" HEIGHT="39" CONTENT="mir" WC="1.00" CC="000"/>
						<SP ID="P33_SP00556" HPOS="1664" VPOS="3446" WIDTH="37"/>
						<String ID="P33_ST00650" HPOS="1701" VPOS="3406" WIDTH="63" HEIGHT="39" CONTENT="die" WC="0.98" CC="040"/>
						<SP ID="P33_SP00557" HPOS="1764" VPOS="3446" WIDTH="32"/>
						<String ID="P33_ST00651" HPOS="1796" VPOS="3407" WIDTH="124" HEIGHT="38" CONTENT="Beute" WC="0.97" CC="40760"/>
						<SP ID="P33_SP00558" HPOS="1920" VPOS="3446" WIDTH="37"/>
						<String ID="P33_ST00652" HPOS="1957" VPOS="3406" WIDTH="82" HEIGHT="39" CONTENT="und" WC="0.97" CC="070"/>
						<SP ID="P33_SP00559" HPOS="2039" VPOS="3446" WIDTH="37"/>
						<String ID="P33_ST00653" HPOS="2076" VPOS="3406" WIDTH="71" HEIGHT="39" CONTENT="der" WC="1.00" CC="000"/>
						<SP ID="P33_SP00560" HPOS="2147" VPOS="3446" WIDTH="29"/>
						<String ID="P33_ST00654" HPOS="2176" VPOS="3407" WIDTH="151" HEIGHT="39" CONTENT="Traum" WC="0.99" CC="00460"/>
						<SP ID="P33_SP00561" HPOS="2327" VPOS="3446" WIDTH="36"/>
						<String ID="P33_ST00655" HPOS="2363" VPOS="3409" WIDTH="276" HEIGHT="40" CONTENT="umschwirrte" WC="1.00" CC="00005032040"/>
					</TextLine>
					<TextLine ID="P33_TL00095" HPOS="2268" VPOS="3470" WIDTH="320" HEIGHT="49">
						<String ID="P33_ST00656" HPOS="2268" VPOS="3470" WIDTH="105" HEIGHT="39" CONTENT="mich" WC="0.99" CC="0200"/>
						<SP ID="P33_SP00562" HPOS="2373" VPOS="3509" WIDTH="28"/>
						<String ID="P33_ST00657" HPOS="2401" VPOS="3483" WIDTH="44" HEIGHT="26" CONTENT="so" WC="1.00" CC="00"/>
						<SP ID="P33_SP00563" HPOS="2445" VPOS="3509" WIDTH="30"/>
						<String ID="P33_ST00658" HPOS="2475" VPOS="3473" WIDTH="113" HEIGHT="46" CONTENT="stark," WC="0.98" CC="066203"/>
					</TextLine>
					<TextLine ID="P33_TL00096" HPOS="1475" VPOS="3529" WIDTH="1163" HEIGHT="57">
						<String ID="P33_ST00659" HPOS="1475" VPOS="3530" WIDTH="84" HEIGHT="40" CONTENT="dafs" WC="1.00" CC="0000"/>
						<SP ID="P33_SP00564" HPOS="1559" VPOS="3570" WIDTH="28"/>
						<String ID="P33_ST00660" HPOS="1587" VPOS="3530" WIDTH="64" HEIGHT="40" CONTENT="ich" WC="0.99" CC="300"/>
						<SP ID="P33_SP00565" HPOS="1651" VPOS="3570" WIDTH="20"/>
						<String ID="P33_ST00661" HPOS="1671" VPOS="3529" WIDTH="80" HEIGHT="39" CONTENT="den" WC="0.98" CC="006"/>
						<SP ID="P33_SP00566" HPOS="1751" VPOS="3570" WIDTH="19"/>
						<String ID="P33_ST00662" HPOS="1770" VPOS="3530" WIDTH="191" HEIGHT="38" CONTENT="Brunnen" WC="0.99" CC="1060030"/>
						<SP ID="P33_SP00567" HPOS="1961" VPOS="3570" WIDTH="29"/>
						<String ID="P33_ST00663" HPOS="1990" VPOS="3530" WIDTH="138" HEIGHT="39" CONTENT="suchte" WC="1.00" CC="050000"/>
						<SP ID="P33_SP00568" HPOS="2128" VPOS="3570" WIDTH="26"/>
						<String ID="P33_ST00664" HPOS="2154" VPOS="3531" WIDTH="86" HEIGHT="38" CONTENT="und" WC="0.97" CC="060"/>
						<SP ID="P33_SP00569" HPOS="2240" VPOS="3570" WIDTH="20"/>
						<String ID="P33_ST00665" HPOS="2260" VPOS="3532" WIDTH="73" HEIGHT="38" CONTENT="mir" WC="0.98" CC="013"/>
						<SP ID="P33_SP00570" HPOS="2333" VPOS="3570" WIDTH="23"/>
						<String ID="P33_ST00666" HPOS="2356" VPOS="3532" WIDTH="114" HEIGHT="40" CONTENT="beide" WC="0.99" CC="00300"/>
						<SP ID="P33_SP00571" HPOS="2470" VPOS="3572" WIDTH="21"/>
						<String ID="P33_ST00667" HPOS="2491" VPOS="3534" WIDTH="147" HEIGHT="52" CONTENT="Augen" WC="0.98" CC="06007"/>
					</TextLine>
					<TextLine ID="P33_TL00097" HPOS="2269" VPOS="3593" WIDTH="149" HEIGHT="40">
						<String ID="P33_ST00668" HPOS="2269" VPOS="3593" WIDTH="149" HEIGHT="40" CONTENT="schnell" WC="0.99" CC="0050004"/>
					</TextLine>
					<TextLine ID="P33_TL00098" HPOS="1474" VPOS="3653" WIDTH="1164" HEIGHT="56">
						<String ID="P33_ST00669" HPOS="1474" VPOS="3653" WIDTH="71" HEIGHT="40" CONTENT="mit" WC="0.98" CC="006"/>
						<SP ID="P33_SP00572" HPOS="1545" VPOS="3693" WIDTH="28"/>
						<String ID="P33_ST00670" HPOS="1573" VPOS="3653" WIDTH="146" HEIGHT="39" CONTENT="klarem" WC="0.98" CC="066500"/>
						<SP ID="P33_SP00573" HPOS="1719" VPOS="3693" WIDTH="19"/>
						<String ID="P33_ST00671" HPOS="1738" VPOS="3653" WIDTH="166" HEIGHT="39" CONTENT="Wasser" WC="1.00" CC="000006"/>
						<SP ID="P33_SP00574" HPOS="1904" VPOS="3693" WIDTH="20"/>
						<String ID="P33_ST00672" HPOS="1924" VPOS="3653" WIDTH="148" HEIGHT="47" CONTENT="wusch," WC="0.99" CC="030004"/>
						<SP ID="P33_SP00575" HPOS="2072" VPOS="3700" WIDTH="28"/>
						<String ID="P33_ST00673" HPOS="2100" VPOS="3653" WIDTH="85" HEIGHT="39" CONTENT="und" WC="0.97" CC="070"/>
						<SP ID="P33_SP00576" HPOS="2185" VPOS="3700" WIDTH="18"/>
						<String ID="P33_ST00674" HPOS="2203" VPOS="3653" WIDTH="75" HEIGHT="40" CONTENT="wie" WC="1.00" CC="000"/>
						<SP ID="P33_SP00577" HPOS="2278" VPOS="3700" WIDTH="20"/>
						<String ID="P33_ST00675" HPOS="2298" VPOS="3655" WIDTH="73" HEIGHT="38" CONTENT="mir" WC="0.99" CC="030"/>
						<SP ID="P33_SP00578" HPOS="2371" VPOS="3700" WIDTH="24"/>
						<String ID="P33_ST00676" HPOS="2395" VPOS="3656" WIDTH="164" HEIGHT="53" CONTENT="flüchtig" WC="0.99" CC="07000500"/>
						<SP ID="P33_SP00579" HPOS="2559" VPOS="3709" WIDTH="29"/>
						<String ID="P33_ST00677" HPOS="2588" VPOS="3657" WIDTH="50" HEIGHT="39" CONTENT="da" WC="0.72" CC="05"/>
					</TextLine>
					<TextLine ID="P33_TL00099" HPOS="1474" VPOS="3714" WIDTH="1163" HEIGHT="57">
						<String ID="P33_ST00678" HPOS="1474" VPOS="3728" WIDTH="65" HEIGHT="26" CONTENT="aus" WC="0.97" CC="600"/>
						<SP ID="P33_SP00580" HPOS="1539" VPOS="3754" WIDTH="28"/>
						<String ID="P33_ST00679" HPOS="1567" VPOS="3714" WIDTH="204" HEIGHT="40" CONTENT="feuchtem" WC="1.00" CC="23000000"/>
						<SP ID="P33_SP00581" HPOS="1771" VPOS="3754" WIDTH="27"/>
						<String ID="P33_ST00680" HPOS="1798" VPOS="3714" WIDTH="158" HEIGHT="40" CONTENT="Dunkel" WC="0.99" CC="204020"/>
						<SP ID="P33_SP00582" HPOS="1956" VPOS="3754" WIDTH="32"/>
						<String ID="P33_ST00681" HPOS="1988" VPOS="3715" WIDTH="108" HEIGHT="39" CONTENT="mein" WC="1.00" CC="0010"/>
						<SP ID="P33_SP00583" HPOS="2096" VPOS="3754" WIDTH="30"/>
						<String ID="P33_ST00682" HPOS="2126" VPOS="3716" WIDTH="169" HEIGHT="39" CONTENT="Gesicht" WC="1.00" CC="0001006"/>
						<SP ID="P33_SP00584" HPOS="2295" VPOS="3755" WIDTH="34"/>
						<String ID="P33_ST00683" HPOS="2329" VPOS="3729" WIDTH="199" HEIGHT="41" CONTENT="entgegen" WC="1.00" CC="00500000"/>
						<SP ID="P33_SP00585" HPOS="2528" VPOS="3770" WIDTH="27"/>
						<String ID="P33_ST00684" HPOS="2555" VPOS="3720" WIDTH="82" HEIGHT="51" CONTENT="flog" WC="0.98" CC="0700"/>
					</TextLine>
				</TextBlock>
			</PrintSpace>
		</Page>
	</Layout>
</alto>
