3865 4572
2335 3871 218 43 160

2140 1941 197 62 DER
2384 1941 374 62 FALTER

1791 2155 95 42 Vor
1918 2154 78 43 mir
2029 2153 134 44 übern
2196 2154 112 43 Rain
2340 2154 71 43 hin
2442 2160 117 37 tanzt
2591 2155 65 42 ein
2689 2155 155 52 Falter,

1790 2225 151 57 winzig
1973 2225 406 43 isabellenfarbener
2411 2226 155 52 Falter,

1789 2296 88 42 und
1909 2296 90 43 sein
2029 2296 190 43 launisch
2252 2297 191 52 Kreisen,
2476 2297 166 53 Ruhen,
2676 2298 227 43 Tummeln

1789 2367 119 42 rührt
1941 2367 75 43 mit
2048 2367 335 58 ahnungsvoller
2415 2368 311 44 Kinderfreude

1789 2439 79 41 mir
1900 2438 78 42 das
2011 2440 116 42 Herz
2158 2439 88 43 und
2279 2440 139 42 meine
2450 2440 159 56 Augen
2641 2440 203 43 tummeln

1788 2509 101 52 sich,
1921 2510 104 42 zwei
2056 2510 156 52 Falter,
2246 2511 75 42 mit
2351 2511 89 42 ihm
2470 2512 42 41 in
2545 2511 75 42 der
2651 2510 160 52 Sonne,

1788 2587 145 36 rasten
1959 2581 104 56 jetzt
2093 2581 82 43 wie
2208 2596 46 28 er
2286 2582 79 42 auf
2392 2582 115 43 einer
2538 2582 143 43 Aster.

1787 2650 73 43 Ich
1891 2651 111 42 auch
2034 2651 113 43 halte
2179 2652 91 52 still,
2303 2652 71 42 ihn
2406 2668 52 27 zu
2489 2651 260 44 belauschen

1788 2722 148 42 Heifse
1968 2722 147 44 Sonne
2148 2723 98 43 ruht
2279 2724 78 42 auf
2385 2724 183 42 meinem
2599 2722 191 53 Rücken,

1788 2807 81 28 vor
1900 2794 79 41 mir
2010 2793 152 44 überm
2194 2795 149 57 Wege
2375 2795 104 57 liegt
2510 2794 114 43 mein
2656 2794 227 52 Schatten;

1787 2863 132 44 kaum
1950 2864 114 43 doch
2095 2870 121 52 spürt
2249 2865 77 43 der
2357 2866 146 42 Falter
2534 2866 160 42 meines
2728 2865 228 43 Schattens

1788 2935 126 43 kühle
1945 2937 309 57 Dämmerung,
2288 2951 52 29 so
2372 2936 192 44 schwebt
2596 2951 47 29 er
2675 2937 155 51 weiter,

1788 3013 107 36 setzt
1925 3006 92 43 sich
2048 3007 41 42 in
2123 3007 76 43 der
2230 3008 148 43 Sonne
2411 3009 79 42 auf
2518 3009 67 42 ein
2616 3008 267 57 Wegeblatt.

1788 3078 113 43 Dort
1933 3078 109 43 auch
2074 3079 95 42 steh
2200 3079 68 42 ich
2300 3080 92 51 still,
2424 3079 72 43 ihn
2527 3094 53 28 zu
2611 3079 279 52 belauschen;

1788 3148 131 43 kaum
1951 3149 112 42 doch
2095 3149 106 43 fühlt
2234 3150 76 43 der
2342 3151 146 43 Falter
2521 3150 165 44 meines
2719 3151 228 43 Schattens

1788 3219 127 43 kühle
1947 3220 311 58 Dämmerung,
2291 3235 52 29 so
2376 3222 194 43 schwebt
2603 3237 45 27 er
2679 3223 157 50 weiter,

1790 3296 106 36 setzt
1927 3291 89 42 sich
2048 3291 41 43 in
2122 3291 66 43 die
2220 3293 149 42 Sonne
2484 3293 114 43 flieht
2718 3293 86 42 und
2837 3298 108 37 setzt
2977 3293 98 42 sich.

1789 3361 102 41 Wie
1924 3361 66 43 ein
2020 3362 248 44 Flämmlein
2302 3378 78 28 aus
2413 3364 100 42 dem
2544 3364 363 44 Schattendunkel

1789 3432 145 42 taucht
1966 3432 76 43 der
2072 3434 378 43 isabellenfarbene
2482 3435 145 43 Falter

1790 3502 78 42 auf
1894 3503 87 42 und
2013 3504 124 43 sucht
2168 3505 90 42 sich
2289 3505 113 43 heim
2433 3521 98 28 zum
2563 3506 312 44 Sonnenleben.

1790 3572 101 43 Und
1923 3573 67 42 ich
2021 3574 87 42 lass
2140 3575 71 42 ihn
2242 3576 89 42 und
2362 3576 67 42 ich
2462 3577 135 43 bleibe
2630 3578 161 42 stehen.

1790 3643 61 41 Es
1883 3644 191 43 verweht
2106 3645 79 42 das
2218 3646 251 44 Flämmlein
2500 3648 41 42 in
2575 3648 76 41 der
2683 3649 158 42 Sonne.
