3623 4572
1323 3881 215 45 187

231 517 83 38 „On
331 514 110 34 assiste
458 527 136 23 comme
610 515 99 37 finale
725 517 21 35 d
760 531 46 23 un
821 520 108 44 siede,
946 536 57 35 pas
1019 524 86 36 ainsi
1126 540 64 34 que
1206 540 36 22 ce
1256 526 55 36 fut
1327 528 82 36 dans

232 568 29 34 le
293 567 130 35 dernier
452 581 19 21 a
500 568 56 35 des
582 569 321 49 bouleversements;
941 578 103 40 mais,
1079 579 79 35 hors
1186 580 40 36 de
1254 581 32 35 la
1314 582 94 49 place

231 620 172 50 publique,
425 634 19 20 a
463 635 76 21 une
567 623 249 49 inquietude
842 627 54 35 du
923 630 110 35 voile
1067 632 95 35 dans
1189 634 38 35 le
1253 636 156 49 temple

231 688 94 22 avec
353 674 64 34 des
443 675 76 49 plis
540 675 283 49 sigmfiicatifs
844 689 38 26 et
903 695 52 21 un
975 697 76 35 peu
1080 699 39 21 sa
1150 687 258 37 dechirure.“

793 733 64 48 (St.
878 736 192 47 Mallarme,
1091 740 81 35 crise
1192 741 40 35 de
1251 743 101 48 vers.)

805 845 28 32 ❖

306 942 80 33 Nur
411 940 64 34 den
503 941 183 35 Künstlern
712 942 55 34 des
793 945 112 34 Tones
933 961 74 21 war
1032 961 31 22 es
1090 949 111 38 bisher
1225 954 179 50 gelungen,

228 994 52 35 die
296 995 110 46 Dinge
426 993 55 34 des
497 994 251 47 Majaschleiers
769 1009 40 22 zu
829 998 194 38 entkleiden
1039 1003 71 34 und
1126 1004 101 37 allein
1241 1007 36 34 in
1293 1009 112 49 Klang

226 1047 72 35 und
327 1049 199 46 Bewegung
559 1047 54 35 die
647 1050 202 35 Wesenheit
879 1053 162 47 jeglicher
1073 1056 232 46 Lebensform,
1340 1063 64 34 den

226 1100 296 47 Wellenrhytmus
550 1100 57 35 des
628 1101 57 35 All
711 1116 40 20 zu
781 1104 209 43 verdichten,
1018 1108 53 35 die
1091 1111 98 35 Welt
1214 1113 47 34 als
1281 1115 121 43 Wille,

225 1154 162 49 losgelöst
417 1167 82 22 vom
529 1157 94 32 Satze
651 1169 84 21 vom
762 1159 122 34 Grund
913 1173 40 21 zu
983 1159 205 42 offenbaren.
1244 1169 79 33 Nur
1350 1169 54 35 die

224 1207 120 36 Musik
378 1206 114 36 durfte
525 1222 70 21 von
629 1208 56 35 der
719 1208 236 52 zufälligen
985 1215 332 54 Verkörperung
1346 1222 58 35 der

224 1262 134 47 ewigen
377 1261 75 35 Idee
478 1260 157 43 absehen,
662 1262 133 36 welche
820 1265 37 33 in
882 1266 66 36 den
976 1267 144 50 übrigen
1140 1274 167 40 Künsten,
1334 1277 68 33 wie

223 1316 35 33 in
286 1315 77 34 dem
383 1314 111 35 Leben
520 1315 112 41 selbst,
658 1324 78 26 stets
764 1330 43 22 an
834 1317 65 37 den
918 1319 96 37 Stoff
1026 1322 180 48 gebunden
1225 1327 176 43 erscheint,

224 1370 75 33 eine
319 1382 69 22 von
409 1368 78 35 dem
507 1368 128 36 Gehirn
661 1368 172 51 bedingte,
859 1373 72 35 also
957 1373 232 49 beschränkte,
1216 1382 99 34 Form
1342 1395 40 21 an-

222 1422 190 35 zunehmen
447 1435 216 36 gezwungen
694 1423 52 35 ist.
803 1427 372 50 Vorstellungsreihen,
1210 1432 54 35 die
1293 1434 108 36 durch

222 1474 52 36 die
291 1479 155 45 Gattung
466 1476 129 35 vererbt
616 1476 80 35 oder
715 1477 36 35 in
771 1479 172 36 Träumen
962 1482 71 34 und
1055 1482 107 37 durch
1183 1486 218 37 unbewufste

223 1529 335 48 Wahrnehmungen
601 1530 196 41 erworben,
842 1531 66 37 auf
939 1535 79 35 dem
1055 1538 119 34 Grund
1213 1538 59 36 der
1309 1542 91 34 Seele

221 1582 240 42 schlummern,
496 1583 53 34 die
583 1583 112 48 gleich
717 1585 76 33 dem
828 1587 305 47 geheimnisvollen
1165 1592 61 35 Ein
1230 1592 79 36 Aufs
1343 1595 57 34 der

221 1636 152 36 Gestirne
393 1636 71 35 ihre
479 1637 161 34 Schatten
660 1638 35 34 in
712 1638 57 34 das
786 1639 226 37 Bewufstsein
1028 1641 145 43 werfen,
1193 1646 91 35 ohne
1298 1648 101 35 selbst

221 1688 164 50 begriffen
405 1703 41 22 zu
467 1690 150 43 werden,
639 1691 169 48 beginnen
830 1693 162 49 plötzlich
1008 1705 100 26 unter
1122 1698 91 35 einer
1228 1699 169 50 (logisch)

220 1742 76 35 dem
312 1743 128 35 Gehirn
458 1743 232 36 undeutbaren
702 1746 156 36 Melodie
873 1749 310 50 mitzuschwingen
1200 1753 70 34 und
1286 1751 94 38 offen-

219 1796 101 35 baren
341 1797 55 34 ein
411 1797 124 41 Leben,
555 1797 146 36 welches
722 1812 75 22 uns
818 1801 66 35 viel
904 1803 238 36 wesentlicher
1160 1806 237 47 anzugehören

218 1851 142 39 scheint,
391 1850 47 34 als
456 1853 91 45 jener
567 1851 148 35 schmale
736 1854 297 44 Kreisausschnitt,
1063 1856 65 36 den
1148 1858 57 35 das
1227 1860 147 35 Bewufst-

218 1904 69 34 sein
308 1916 40 21 zu
374 1904 148 48 spiegeln
547 1902 98 51 fähig
670 1907 61 33 ist:
761 1907 53 35 die
835 1908 159 36 Wolken
1014 1910 101 35 teilen
1135 1911 71 35 sich
1232 1912 79 35 über
1331 1914 65 35 den

217 1955 121 36 Tiefen
362 1970 133 22 unserer
520 1958 102 41 Seele,
657 1959 132 36 welche
815 1963 164 46 grundlos
1006 1963 87 42 sind,
1120 1965 131 35 welche
1280 1968 34 33 in
1341 1967 54 35 die

216 2010 269 35 Unendlichkeit
504 2024 112 35 ragen.

298 2064 205 34 Wollten
538 2065 67 34 die
634 2065 239 37 bildenden
902 2071 166 34 Künste
1097 2085 50 20 an
1177 2071 218 37 dieselben

217 2120 181 32 Grenzen
418 2118 228 48 gelangen,
668 2133 41 21 so
729 2120 191 36 müfsten
939 2123 60 34 sie
1020 2123 90 35 dem
1130 2124 265 37 Stofflichen

217 2180 205 39 entsagen.
463 2172 113 34 Dieses
597 2171 109 51 Opfer
726 2173 76 36 aber
821 2175 110 35 haben
952 2177 221 35 Architektur
1193 2179 68 34 und
1283 2182 90 33 Orna-

216 2224 132 35 mentik
377 2224 117 35 bereits
522 2225 172 48 gebracht,
726 2228 92 35 ohne
844 2229 59 35 der
931 2229 236 50 platonischen
1186 2231 77 36 Idee
1290 2234 105 34 näher

216 2277 208 49 gekommen
444 2292 41 20 zu
506 2279 80 35 sein.
622 2279 173 37 Vielmehr
814 2282 42 34 ist
876 2283 72 34 ihre
967 2283 427 50 Ausdrucksmöglichkeit

216 2331 72 35 eine
308 2332 183 48 geringere.
525 2333 53 34 Sie
593 2333 144 35 würden
753 2336 91 34 einer
858 2337 116 34 Poesie
988 2350 59 22 aus
1063 2339 158 34 Schönen
1236 2339 157 49 Klängen

214 2384 70 35 und
306 2385 176 47 Rhytmen
502 2386 91 34 ohne
612 2386 177 49 logischen
804 2389 82 35 Sinn
908 2389 153 49 gleichen
1079 2391 86 47 (wie
1185 2392 45 34 sie
1246 2392 146 35 Novalis

214 2438 127 47 geahnt
361 2438 71 35 und
452 2441 93 33 Rene
564 2440 106 35 Gilles
690 2443 156 34 versucht
865 2443 61 35 hat
945 2443 71 35 und
1037 2445 68 34 wie
1121 2446 66 33 wir
1206 2445 45 34 sie
1272 2445 63 35 alle
1355 2447 37 34 in

215 2492 56 33 der
291 2491 209 35 Einsamkeit
592 2503 92 26 etwa
699 2495 47 35 im
763 2497 199 35 Gemurmel
978 2499 88 33 eines
1082 2498 144 35 Waldes
1247 2499 82 34 oder
1348 2513 43 21 an

216 2544 56 35 der
291 2545 184 49 Brandung
500 2546 56 34 des
576 2549 129 33 Meeres
808 2550 286 49 hervorgebracht
1120 2551 143 48 haben),
1289 2566 102 21 wenn

214 2600 125 33 Worte
366 2599 91 34 ohne
484 2600 81 34 Sinn
593 2601 96 35 nicht
717 2603 136 35 Unsinn
882 2604 156 48 ergäben,
1069 2618 105 23 wenn
1204 2605 45 35 sie
1277 2605 112 48 gleich

212 2651 124 35 Farben
364 2652 68 34 und
452 2653 120 34 Linien
602 2654 128 36 allein
756 2669 60 22 um
842 2657 90 35 ihrer
956 2659 174 34 zierenden
1149 2656 102 37 Kraft
1270 2659 119 34 willen

212 2705 223 35 verwendbar
454 2711 127 31 wären.

293 2759 76 34 Die
397 2759 200 36 bildende
617 2763 136 34 Kunst
780 2762 109 36 mufs
915 2764 127 34 daher
1060 2764 87 34 ihre
1167 2763 220 36 Elemente

212 2811 131 36 selbst
362 2813 176 41 ändern,
559 2815 62 34 sie
640 2815 390 37 ausdrucksvoller
1049 2817 168 35 werden
1237 2817 149 43 lassen,

211 2878 67 22 um
299 2866 84 35 der
383 2866 140 35 Musik
544 2880 49 22 an
609 2868 212 50 Wirkung
840 2883 46 21 zu
905 2870 207 49 gleichen,
1133 2870 255 36 welcheden

211 2921 85 32 Ton
316 2919 81 35 und
418 2920 64 34 die
501 2923 238 48 Bewegung
759 2923 68 35 der
846 2923 207 35 wirklich
1074 2925 313 47 gesprochenen

211 2972 114 35 Rede
363 2986 73 22 zur
472 2974 343 38 harmonischen
847 2977 193 35 Melodie
1078 2976 202 36 verklärt.
1337 2980 48 32 Es

211 3030 163 31 müssen
402 3027 151 35 Linien
581 3029 82 34 und
691 3030 158 35 Farben
879 3029 219 49 gefunden
1130 3029 183 43 werden,
1345 3031 41 33 in

209 3079 198 35 welchen
430 3080 83 36 die
513 3080 168 36 Formen
701 3083 66 35 der
782 3083 310 36 Wirklichkeit
1106 3083 173 36 virtuell
1295 3093 68 25 ent-

209 3132 150 35 halten
380 3134 117 40 sind,
513 3134 63 34 die
592 3138 313 47 metaphysisch
920 3137 82 35 viel
1016 3136 254 36 wirklicher
1285 3137 98 40 sind,

209 3185 57 35 als
282 3190 92 44 jene
389 3188 250 36 schwachen
654 3189 67 35 der
736 3190 294 48 gehirnlichen
1041 3190 343 48 Wahrnehmung

209 3239 291 49 angepafsten
529 3241 172 36 Reflexe
734 3244 73 34 der
836 3244 269 39 Wesenheit,
1140 3242 69 34 der
1242 3243 118 48 plato-

207 3294 179 34 nischen
405 3294 107 36 Idee.
560 3295 110 49 Edgar
688 3300 67 32 Poe
785 3297 101 35 ahnte
906 3298 87 34 diese
1013 3295 93 36 Stufe
1127 3296 56 34 der
1203 3295 180 35 bildenden

206 3349 121 33 Kunst.
357 3350 87 32 Man
465 3349 145 35 erinnert
630 3351 71 34 sich
722 3351 55 34 des
799 3349 215 36 furchtbaren
1030 3352 131 32 Hauses
1183 3349 108 35 Usher
1310 3349 71 34 und

208 3400 103 35 seines
340 3415 83 21 vom
452 3402 77 34 Tod
558 3416 214 36 vergessenen
801 3405 173 34 Besitzers:
1003 3424 217 19 „——
1323 3415 58 35 par

205 3453 164 36 l’absolue
388 3455 191 49 simplicite,
605 3470 60 36 par
683 3457 32 35 la
734 3457 119 35 nudite
873 3457 40 34 de
934 3470 47 21 ses
1002 3456 124 34 dessins
1146 3455 25 35 il
1190 3455 144 40 arretait,
1355 3455 25 34 il

205 3506 198 49 subjuguait
421 3508 204 37 fattention.
662 3512 34 33 Si
713 3511 121 47 jamais
854 3509 124 35 mortel
998 3509 128 50 peignit
1144 3521 80 21 une
1247 3508 92 34 idee

1518 544 37 22 ce
1574 532 123 36 mortel
1716 534 54 34 fut
1790 536 40 33 R.
1851 536 44 35 U.
1916 537 90 32 Pour
2029 536 74 34 moi
2130 534 26 36 il
2183 534 147 37 s’elevait
2359 536 40 35 de
2427 550 47 22 ses
2504 552 97 35 pures
2630 540 41 34 ab-

1517 586 178 35 stractions
1726 601 64 34 que
1818 588 355 50 l’hypochondriaque
2202 591 190 48 s’ingeniait
2420 604 19 21 a
2465 594 82 45 jeter
2575 606 55 21 sur
2658 593 32 35 la

1517 639 84 35 toile
1627 653 66 21 une
1713 649 122 26 terreur
1854 643 128 34 intense
2001 642 229 36 irresistible.“
2253 644 49 48 (la
2323 645 102 34 chute
2444 645 41 36 de
2504 646 32 35 la
2556 648 133 34 maison

1516 693 121 41 Usher,
1658 693 63 35 Ch.
1742 695 240 36 Beaudelaire’s
2002 696 281 51 Uebersetzung.)

2086 811 29 33 ❖

1595 907 367 37 Wesentlicheres
1982 909 79 36 läfst
2080 911 72 34 sich
2171 925 70 21 von
2262 912 65 35 den
2345 926 110 21 neuen
2472 914 137 35 Bahnen
2629 914 57 35 der

1514 959 144 47 Henry
1678 960 196 42 Heran,**
1895 962 160 36 Edvard
2082 965 169 43 Munch,
2274 965 153 36 Odilon
2446 966 144 36 Redon
2615 968 70 34 und

1514 1012 97 34 Paul
1640 1016 197 46 Ganguin
1872 1016 95 35 nicht
1996 1030 111 35 sagen.
2164 1021 118 46 Streng
2310 1020 73 34 sind
2413 1021 46 34 sie
2486 1034 69 21 von
2584 1020 99 50 jenen

1513 1064 157 36 Anderen
1698 1081 40 21 zu
1767 1068 168 42 scheiden,
1964 1070 132 36 welche
2125 1084 58 22 aus
2215 1072 56 35 der
2290 1072 162 47 Synthese
2479 1074 204 36 zahlreicher

1512 1119 273 50 Erscheinungen
1815 1122 52 35 die
1896 1123 202 36 Grundlinie
2126 1124 57 35 der
2211 1126 113 48 Dinge
2343 1126 127 42 finden,
2498 1128 96 34 nicht
2622 1142 60 21 aus

1512 1170 76 36 dem
1611 1173 130 35 Suchen
1772 1174 56 35 der
1848 1174 142 36 Urform
2020 1178 34 33 in
2082 1178 57 35 der
2163 1179 116 36 Einen.
2318 1181 100 34 Auch
2444 1183 76 44 jene
2629 1181 54 35 die

1511 1223 62 35 Th.
1596 1226 64 34 Th.
1688 1227 121 42 Heine,
1839 1229 192 41 Vallotton,
2061 1230 182 49 Hokusay,
2273 1234 204 40 Outamaro,
2506 1234 176 48 Beardsley

1582 1279 165 49 gelangen
1775 1280 187 43 bisweilen,
2001 1297 101 22 wenn
2132 1286 88 34 auch
2249 1284 66 36 auf
2338 1295 343 40 entgegengesetztem

1510 1333 94 47 Weg
1623 1345 41 21 zu
1684 1333 78 35 dem
1781 1335 194 35 nämlichen
1995 1337 89 43 Ziel;
2112 1338 89 35 denn
2220 1342 30 44 je
2270 1338 230 37 umfassender
2521 1340 52 35 die
2592 1343 66 45 Syn-

1510 1384 91 34 these
1628 1386 55 41 ist,
1713 1387 95 35 desto
1837 1387 186 38 deutlicher
2051 1390 89 35 wird
2168 1392 54 34 die
2247 1391 77 36 Idee
2350 1393 108 36 durch
2484 1394 72 35 ihre
2580 1396 99 33 Form

1510 1437 169 37 scheinen.

1588 1492 64 34 Die
1667 1492 410 39 Unvollkommenheiten
2092 1497 105 35 dieser
2212 1499 68 34 vier
2296 1500 207 34 essentiellen
2519 1501 159 34 Künstler

1508 1542 65 36 auf
1587 1545 106 35 ihrem
1712 1559 108 22 neuen
1840 1550 93 46 Weg
1953 1549 145 35 würden
2117 1550 170 36 vielleicht
2305 1553 63 33 mit
2387 1552 181 49 Unglaube
2595 1554 82 35 oder

1508 1596 89 36 doch
1614 1597 202 37 Mifstrauen
1833 1599 154 44 erfüllen,
2009 1603 115 34 hätten
2140 1604 46 34 sie
2202 1605 93 34 nicht
2316 1606 120 34 vorher
2455 1606 54 35 die
2530 1606 123 35 durch-

1507 1651 181 48 sichtige
1716 1652 196 36 Höhenluft
1941 1656 152 40 erreicht,
2126 1657 37 34 in
2194 1658 149 35 welcher
2372 1658 53 35 die
2454 1660 136 34 Meister
2618 1660 59 35 der

1506 1704 251 45 synthetischen
1789 1709 112 32 Kunst
1939 1716 123 28 atmen.
2124 1711 131 34 Herans
2292 1711 106 41 Blatt,
2436 1712 148 35 welches
2622 1714 54 34 ein

1507 1757 254 49 Christusprofil
1797 1759 108 35 neben
1943 1761 108 35 einem
2086 1762 139 35 antiken
2260 1765 282 34 Caesarenantlitz
2575 1767 98 48 zeigt,

1505 1811 69 33 sein
1595 1810 125 36 Bildnis
1741 1811 54 36 des
1816 1813 155 35 Dichters
1990 1813 114 37 Stefan
2124 1818 145 46 George,
2298 1818 151 34 Munchs
2469 1818 128 35 Bildnis
2618 1820 54 34 des

1504 1862 249 38 Schriftstellers
1765 1866 192 48 Strindberg
1968 1867 71 34 und
2050 1869 88 34 seine
2149 1870 191 41 Madonna,
2350 1871 138 34 Redons
2501 1872 153 35 Christus-

1503 1914 93 51 kopf
1618 1918 35 34 in
1682 1918 64 34 den
1774 1921 152 46 „Songes
1931 1926 21 14 cc
1954 1947 10 13 ,
1994 1923 178 45 Gauguins
2198 1923 72 41 „les
2296 1923 129 36 drames
2452 1924 41 34 de
2519 1924 32 35 la
2578 1939 70 21 mer
2651 1933 23 14 cc

1503 1968 74 35 sind
1592 1970 212 36 Votivtafeln
1820 1970 65 36 auf
1895 1972 64 35 den
1975 1973 139 35 Altären
2130 1975 57 34 der
2206 1977 268 45 synthetisch
2486 1991 46 20 en
2548 1981 120 32 Kunst.

1583 2023 99 34 Diese
1701 2024 159 35 Künstler
1878 2025 111 35 haben
2008 2027 95 35 nicht
2129 2027 65 35 den
2220 2029 102 47 jähen
2341 2031 141 47 Anstieg
2510 2031 81 35 über
2617 2032 52 35 die

1502 2074 194 37 Felsblöcke
1715 2076 55 35 des
1790 2076 121 37 Stoffes
1936 2079 170 47 gescheut,
2136 2081 75 35 aber
2240 2082 46 34 als
2315 2083 46 34 sie
2390 2082 65 36 auf
2479 2084 53 34 die
2552 2083 117 51 Gipfel

1501 2128 192 49 gelangten,
1719 2144 61 21 wo
1806 2131 53 35 die
1878 2135 174 32 Genossen
2072 2133 54 35 das
2147 2135 233 48 morgenliche
2399 2137 193 48 Schauspiel
2611 2138 58 35 der

1501 2182 72 34 sich
1594 2181 234 37 aufrollenden
1847 2184 133 35 Ebenen
2001 2185 207 44 bestaunten,
2229 2188 47 34 als
2296 2189 46 35 sie

1611 2252 78 31 Sahn
1712 2264 83 26 „von
1819 2253 150 31 schroffer
1994 2255 186 31 Felsenhöhe

1611 2296 230 32 Sonnenschein
1865 2297 63 31 sich
1952 2298 61 30 hell
2036 2300 189 38 verbreiten,

1611 2341 117 30 Flusses
1752 2342 85 29 Band
1862 2342 65 30 und
1952 2342 85 30 Dom
2061 2344 65 29 und
2150 2344 103 31 Städte

1610 2384 192 31 Dämmernd
1827 2386 33 29 in
1883 2387 309 32 verschwommenen
2215 2389 154 38 Weiten,“
2400 2392 106 39 (Carlo
2535 2391 132 41 Philips}

1498 2447 104 34 siehe!
1634 2447 41 35 da
1695 2446 125 37 heftete
1838 2448 71 35 sich
1928 2449 54 34 ihr
2000 2450 95 35 Blick
2119 2464 42 22 an
2190 2452 53 34 die
2262 2452 169 42 Wolken,
2460 2455 132 35 welche
2621 2469 43 21 an

1498 2499 64 35 den
1573 2499 138 50 Gipfeln
1727 2502 126 47 hingen
1868 2501 82 35 oder
1965 2503 34 34 in
2018 2503 146 35 leichten
2173 2507 151 47 Treppen
2341 2519 41 22 zu
2397 2507 267 49 unbedingteren

1497 2553 142 35 Welten
1664 2553 283 50 emporzuführen
1971 2556 167 35 schienen.
2167 2558 86 35 UncT
2268 2558 52 35 ihr
2334 2561 98 46 Auge
2450 2561 99 34 ruhte
2570 2561 95 35 nicht

1496 2620 62 21 vor
1587 2606 73 35 dem
1688 2606 154 36 dennoch
1863 2608 165 47 geliebten
2048 2610 193 49 Schauspiel
2262 2611 55 35 der
2336 2612 185 36 lachenden
2540 2615 124 34 Thäler

1495 2659 70 35 und
1594 2659 55 35 der
1668 2659 76 36 Fufs
1773 2660 155 35 berührte
1957 2662 201 35 schüchtern
2178 2664 54 35 die
2250 2666 139 34 nächste
2410 2666 57 34 der
2488 2666 150 36 Wolken-

1495 2711 123 36 stufen.
1665 2714 82 34 Hier
1773 2713 75 35 aber
1867 2715 153 34 verwirrt
2040 2716 72 34 sich
2138 2716 57 35 der
2220 2720 236 46 ungewohnte
2477 2719 94 35 Blick
2592 2720 71 35 und

1494 2766 45 34 sie
1558 2766 178 35 stammeln
1756 2767 174 34 bisweilen
1951 2767 52 34 die
2024 2767 174 37 kindliche
2213 2771 143 48 Sprache
2376 2772 58 34 der
2453 2773 206 42 Primitiven,

1494 2832 103 22 wenn
1613 2820 45 34 sie
1673 2833 68 21 von
1756 2820 97 34 ihren
1868 2819 344 38 aufserordentlichen
2228 2825 182 34 Gesichten
2426 2826 97 34 einen
2539 2827 123 35 Schein

1494 2885 42 21 zu
1555 2872 107 48 geben
1682 2873 193 34 versuchen.

1574 2925 80 34 Und
1681 2925 54 35 die
1754 2925 85 35 Zahl
1859 2925 56 35 der
1933 2928 242 34 Lauschenden
2193 2929 43 34 ist
2255 2930 116 49 gering
2390 2932 37 33 in
2446 2931 106 36 dieser
2570 2934 88 34 Zeit!

1493 2979 69 33 Mit
1578 2979 181 47 traurigem
1774 2979 147 34 Lächeln
1940 2984 132 31 müssen
2091 2981 45 34 sie
2156 2981 174 36 bisweilen
2347 2987 89 44 jenes
2455 2986 206 47 spartischen

1493 3033 137 45 Sängers
1660 3030 186 48 gedenken,
1875 3032 58 34 der
1959 3034 105 33 seiner
2083 3034 93 34 Leier
2206 3034 70 35 drei
2300 3050 85 21 neue
2406 3038 113 34 Saiten
2537 3039 103 34 hinzu-

1491 3082 106 50 fügte.
1636 3084 57 34 Als
1721 3097 33 22 er
1773 3083 64 36 auf
1851 3084 63 36 den
1933 3085 120 35 Markt
2071 3086 81 35 kam
2173 3088 69 34 und
2262 3088 65 35 den
2347 3090 148 35 Brüdern
2514 3091 56 35 das
2591 3095 46 32 Ge-

1490 3136 128 35 schenk
1637 3136 56 35 des
1714 3138 128 34 Genius
1862 3139 163 35 mitteilen
2041 3140 132 41 wollte,
2194 3142 106 35 siehe!
2323 3142 41 35 da
2379 3152 65 26 trat
2459 3145 55 34 ein
2529 3146 126 34 Diener

1360 3508 18 19 *

1356 3535 1 12 )

294 3629 15 18 *
333 3631 45 30 Ist
402 3642 30 19 es
461 3632 99 41 nötig,
593 3633 115 29 darauf
732 3633 223 36 hinzuweisen,
986 3631 64 30 dafs
1074 3631 113 37 „Idee“
1211 3630 44 29 im
1279 3631 84 39 plato-

204 3673 127 31 nischen
348 3675 73 31 Sinn
440 3676 51 30 das
507 3677 211 40 Gegenteil
744 3677 149 31 bedeutet
916 3687 63 19 von
997 3676 81 37 dem,
1103 3685 61 20 was
1181 3675 54 29 der
1252 3674 127 41 Sprach-

1491 3233 157 40 gebrauch
1671 3234 149 30 darunter
1843 3234 145 38 versteht,
2014 3235 64 31 dafs
2101 3236 66 30 hier
2182 3237 75 30 Idee
2282 3239 41 29 als
2341 3239 188 41 Urgedanke
2546 3241 112 31 Gottes

1489 3277 116 41 gefafst
1638 3277 48 37 ist,
1723 3278 42 29 als
1800 3278 135 30 Essenz
1975 3280 53 29 det
2061 3280 171 31 sinnlichen
2264 3283 92 30 Form
2393 3284 66 30 und
2494 3285 87 30 nicht
2616 3287 41 29 als

1488 3321 292 31 wissenschaftliche
1805 3323 76 29 oder
1911 3323 202 31 litterarische
2137 3325 88 38 Idee,
2251 3327 28 29 d.
2303 3327 29 29 h.
2354 3328 87 30 nicht
2464 3330 42 29 als
2530 3330 50 30 ein
2604 3341 53 20 aus

1488 3365 104 30 vielen
1616 3367 135 29 Formen
1777 3367 118 40 logisch
1919 3379 209 29 gewonnener
2153 3369 129 41 Begriff,
2311 3372 87 30 nicht
2428 3373 41 30 als
2499 3374 157 41 Synthese,

1488 3409 68 31 dafs
1573 3410 62 30 also
1655 3410 80 30 diese
1752 3410 226 31 Ideenmalerei
1995 3412 180 42 derjenigen
2193 3414 82 31 eines
2290 3416 163 32 Cornelius
2468 3418 76 30 oder
2561 3420 76 30 Kaul-

1486 3454 79 30 bach
1589 3454 65 30 und
1680 3455 53 30 der
1750 3455 286 41 Programmmusik
2054 3457 83 31 eines
2158 3459 85 29 Liszt
2266 3471 33 19 so
2324 3469 278 35 entgegengesetzt
2617 3464 39 30 ist

1485 3498 59 30 wie
1570 3498 51 30 das
1645 3499 127 42 Symbol
1798 3500 54 29 der
1875 3500 169 41 Allegorie.

1575 3542 33 18 **
1631 3543 66 30 Der
1727 3544 102 30 wahre
1858 3546 102 28 Name
1989 3546 111 42 Henry
2135 3547 122 31 Herans
2295 3549 39 30 ist
2371 3551 76 30 Paul
2479 3552 174 31 Hermann.

1485 3586 42 30 Er
1560 3595 182 23 entstammt
1769 3589 103 29 einem
1900 3589 83 30 alten
2007 3591 179 30 Münchner
2210 3593 226 32 Patrizierhaus
2465 3597 66 29 und
2560 3598 40 29 ist
2623 3598 31 30 in

1486 3631 92 38 Paris,
1612 3643 55 19 um
1701 3632 60 30 den
1796 3633 284 42 Verwechslungen
2114 3636 58 30 mit
2205 3636 72 31 dem
2308 3638 153 32 Zeichner
2490 3641 165 32 Hermann

1485 3676 77 30 Paul
1586 3687 40 19 zu
1651 3676 163 42 entgehen,
1838 3688 40 20 zu
1901 3678 87 40 jener
2012 3681 301 43 Namensänderung
2337 3694 206 33 gezwungen.

1831 959 43 23 **
