3592 4572
1272 3874 229 56 159

249 531 77 38 Das
355 527 140 40 Ganze
524 527 89 53 glitt
642 541 45 26 so
717 529 71 40 hin
815 531 85 40 und
928 532 69 41 hin

249 590 81 41 und
359 590 92 52 ging
480 589 51 39 als
559 590 78 38 wie
664 591 55 38 im
748 592 169 40 Traum:

247 653 73 40 wie
349 652 106 39 eines
486 652 101 39 nach
616 652 93 40 dem
738 654 151 40 andern
918 657 98 48 kam,

249 715 65 41 ich
341 715 106 39 sterb
476 713 84 40 und
588 715 113 39 weifs
732 729 40 26 es
802 717 130 42 kaum!

251 848 99 40 Kein
377 848 141 39 andrer
547 861 92 34 war,
669 849 75 38 wie
774 849 70 40 der
874 863 105 28 erste
1008 867 94 26 war:

251 911 47 39 da
324 924 80 26 war
430 910 65 40 ich
523 911 109 39 noch
661 912 65 38 ein
754 912 119 48 Kind,

252 987 40 26 es
320 973 103 39 blieb
451 973 75 39 mir
555 973 129 40 nichts
715 973 135 41 davon
879 976 51 38 als
961 977 64 39 ein
1053 978 99 49 Bild,

256 1049 43 26 so
328 1035 194 47 schwach,
552 1035 76 39 wie
658 1036 229 40 schwacher
915 1039 145 39 Wind.

252 1178 103 38 Dem
382 1176 174 40 zweiten
583 1176 85 40 that
694 1178 67 39 ich
788 1178 187 40 Schmerz
1004 1181 84 39 und
1117 1183 99 39 Leid

251 1254 43 25 so
322 1239 77 40 viel
428 1253 59 34 an,
516 1239 53 39 als
599 1253 43 25 er
670 1240 86 39 mir.

253 1302 51 39 Er
330 1301 51 39 ist
407 1301 270 40 verschollen:
708 1302 235 53 Müdigkeit,

253 1364 127 40 nichts
409 1364 139 38 andres
578 1364 104 39 blieb
711 1364 64 38 bei
804 1366 85 38 mir.

254 1508 90 37 Den
371 1506 149 39 dritten
548 1519 51 26 zu
627 1507 158 39 denken
814 1507 134 54 bringt
976 1510 74 39 mir
1077 1511 149 39 Scham.

254 1569 105 39 Gott
387 1568 124 48 weifs,
540 1568 76 40 wie
644 1569 187 40 manches
860 1571 174 40 kommt!

255 1644 83 26 nun
364 1630 77 53 lieg
468 1630 65 40 ich
560 1630 72 40 auf
653 1632 174 39 meinem
856 1632 245 42 Sterbebett:

256 1706 119 26 wenn
402 1692 65 40 ich
494 1707 75 25 nur
600 1693 65 40 ein
693 1693 111 52 Ding
832 1707 52 26 zu
912 1695 163 40 denken
1102 1697 96 48 hätt,

254 1768 73 26 nur
357 1755 73 39 ein
460 1754 118 53 Ding,
607 1756 66 39 das
703 1757 75 38 mir
805 1755 210 42 frommt!“

1926 546 91 39 Das
2046 546 254 41 Mädchen:

1695 615 55 41 (sie
1775 616 39 30 ist
1837 617 228 42 aufgestanden
2087 619 67 30 und
2177 619 117 42 spricht
2317 620 44 31 im
2384 620 148 42 Abgehn)

1530 683 76 39 Die
1634 698 105 26 arme
1768 686 109 48 Frau,
1907 701 80 25 was
2017 688 62 39 die
2108 703 76 24 nur
2212 689 148 40 meint?

1529 746 79 38 Das
1637 759 122 39 ganze
1787 748 101 39 Lied
1916 748 50 40 ist
1994 750 148 49 dumm,
2171 751 75 39 mir
2274 752 166 40 scheint.

1531 807 300 41 Schlaftrunken
1858 810 69 40 bin
1953 813 76 39 ich.
2083 813 80 39 Mir
2191 814 167 48 scheint,
2386 814 93 40 dort
2507 813 84 40 fällt

1531 868 64 39 ein
1623 870 127 39 Stern.
1806 872 97 39 Wie
1933 873 109 52 grofs
2069 874 51 40 ist
2149 875 108 40 doch
2285 875 62 40 die
2378 876 132 40 Welt!

1531 931 49 38 So
1609 931 101 39 viele
1738 933 150 40 Sachen
1916 935 89 39 sind
2033 936 121 40 darin.

1531 992 78 39 Mir
1637 994 89 38 kam
1753 995 97 51 jetzt
1877 997 187 39 manches
2091 999 44 39 in
2163 999 80 39 den
2271 1000 107 47 Sinn,

1529 1068 122 26 wenn
1678 1057 65 39 ich
1769 1071 77 25 nur
1872 1059 113 40 nicht
2013 1074 45 26 so
2087 1061 182 53 schläfrig
2295 1069 82 32 wär
2396 1093 9 9 .
2426 1094 7 8 .
2453 1093 10 10 .

1531 1117 80 39 Mir
1639 1119 102 38 kann
1769 1120 107 40 doch
1904 1121 88 39 alles
2022 1123 108 39 noch
2158 1125 219 50 geschehn!

1527 1179 106 48 Jetzt
1662 1181 91 39 aber
1782 1183 75 51 geh
1884 1182 66 41 ich
1978 1185 127 38 schon
2131 1185 60 39 ins
2221 1187 120 47 Haus,

1531 1241 65 39 ich
1623 1241 110 41 ziehe
1763 1244 105 39 mich
1895 1246 53 38 im
1977 1246 189 39 Dunkeln
2194 1261 64 25 aus

1531 1303 85 38 und
1644 1303 70 39 lass
1744 1305 62 38 die
1835 1307 136 38 Läden
1999 1307 112 40 offen
2139 1309 130 39 stehn!

1532 1365 101 37 Nun
1662 1366 140 39 schläft
1830 1367 71 39 der
1929 1368 134 52 Vogel
2091 1383 47 25 an
2167 1371 71 38 der
2266 1372 152 48 Wand,

1532 1425 64 40 ich
1623 1426 63 52 leg
1715 1427 81 40 den
1824 1429 115 53 Kopf
1961 1430 73 39 auf
2056 1432 130 38 meine
2215 1433 120 39 Hand

1533 1487 85 39 und
1646 1489 73 39 hör
1748 1489 94 40 dem
1868 1491 89 52 lang
1985 1493 108 40 noch
2121 1494 139 51 singen
2289 1509 60 25 zu.

1533 1550 70 40 Ich
1630 1551 72 38 hör
1730 1551 106 40 doch
1863 1551 65 41 für
1956 1555 106 39 mein
2090 1555 138 39 Leben
2255 1569 99 39 gern

1535 1625 44 24 so
1608 1613 146 52 traurig
1782 1614 149 53 singen,
1959 1616 83 39 und
2070 1630 84 26 von
2181 1616 101 41 fern.

1736 1694 86 41 (geht
1845 1696 47 30 ab.
1938 1696 38 30 Es
1999 1697 39 30 ist
2060 1697 98 41 völlig
2180 1698 104 31 Nacht
2307 1700 192 40 geworden.)

2052 1792 124 39 Hugo
2205 1807 81 25 von
2314 1794 329 40 Hofmannsthal
