3854 4572
2274 3863 222 54 146

1249 520 72 41 Da
1352 520 109 42 mich
1492 522 41 41 in
1566 521 81 42 den
1679 528 116 36 toten
1829 522 194 42 Nächten

1249 589 329 44 überschauerte
1612 591 77 42 das
1722 593 84 49 Eis,

1249 660 86 43 und
1367 667 174 36 erstarrt
1568 662 55 40 im
1656 662 171 41 weifsen
1859 661 305 42 Schneesturm

1248 730 184 42 dorrend
1463 731 101 55 hing
1595 732 109 40 mein
1736 732 298 55 Knospenreis,

1246 801 47 41 In
1324 800 79 42 mir
1434 800 172 56 glühten
1639 801 109 41 doch
1782 800 66 42 die
1881 801 221 43 Flammen

1246 870 54 42 all
1332 870 75 42 der
1439 872 164 54 ewigen
1635 871 314 52 Liebesbrunst,

1244 941 86 41 und
1362 941 65 41 ein
1459 941 459 55 Purpursonnendunst

1243 1012 142 40 flutete
1416 1011 40 41 in
1489 1011 179 41 meinem
1700 1011 203 43 Stamme.

1242 1141 203 42 Trunken
1476 1141 73 56 lag
1581 1142 74 51 ich,
1689 1142 79 42 hell
1801 1143 261 59 umklungen

1241 1226 87 28 von
1362 1211 98 42 dem
1491 1213 105 41 Lied
1627 1213 295 58 goldfarbiger
1954 1217 196 51 Träume,

1234 1282 236 57 jauchzend
1502 1282 86 43 hab
1620 1284 66 42 ich
1719 1286 110 40 mich
1862 1286 334 59 entschwungen

1238 1353 41 42 in
1312 1352 75 42 des
1420 1354 168 42 Lichtes
1620 1354 146 43 hellste
1799 1357 177 52 Räume,

2575 525 40 42 in
2649 525 75 42 des
2758 528 184 43 Aethers
2975 530 383 55 Wellenschäume,

2575 610 50 28 so
2658 597 86 41 voll
2776 598 170 44 Sehnen
2978 600 87 42 und
3099 603 246 57 Verlangen

2573 667 126 41 stand
2731 668 67 42 ich
2831 669 56 42 da
2918 671 40 41 in
2991 671 222 44 höchstem
3245 675 211 57 Prangen,

2573 751 111 42 ganz
2716 753 87 28 von
2836 741 151 43 Blüten
3020 743 287 58 überhangen.

2571 941 82 42 Die
2685 942 69 42 Ihr
2786 944 121 42 Euch
2939 945 223 58 lebendige
3194 949 202 44 Trauben

2570 1012 158 56 pflückt
2761 1027 104 29 vom
2898 1016 292 45 früchtereifen
3222 1020 149 52 Baum,

2572 1083 114 42 diese
2719 1084 226 44 herbstlich
2977 1093 123 38 roten
3132 1090 179 43 Lauben

2570 1155 151 42 schaut
2752 1155 65 42 ich
2850 1156 102 57 lang
2984 1159 156 41 vorher
3172 1160 57 42 im
3262 1162 172 53 Traum,

2570 1225 87 41 und
2690 1239 46 28 es
2770 1227 113 55 quoll
2916 1228 41 42 in
2990 1230 180 42 meinem
3202 1232 173 53 Becher,

2569 1296 87 40 und
2687 1296 65 42 ich
2785 1298 125 42 trank
2942 1299 136 56 gleich
3109 1301 131 52 Euch,
3274 1303 62 42 als
3369 1304 162 42 Zecher

2568 1366 111 41 ihres
2712 1368 180 41 Weines
2926 1374 165 52 grünen
3125 1372 198 44 Schaum.

2380 1546 64 29 11.

1793 1631 72 41 Du
1898 1631 120 42 Licht
2050 1632 76 42 der
2157 1635 129 51 Welt,
2321 1637 111 56 ewig
2464 1637 223 58 lebendige
2722 1641 110 51 Glut,

1792 1701 110 41 mein
1937 1703 150 41 Grund
2119 1705 87 42 und
2238 1707 143 52 Inhalt,
2417 1708 57 42 du
2506 1710 110 42 mein
2650 1711 72 42 Ich
2754 1713 87 41 und
2863 1714 157 52 Leben,

1793 1771 58 41 du
1882 1780 151 48 zeugst
2065 1774 42 42 in
2140 1776 78 42 mir
2250 1778 88 42 und
2370 1779 319 57 liebesglühend
2722 1782 138 44 heben

1790 1842 90 41 sich
1910 1844 79 40 wie
2022 1845 57 41 im
2110 1846 163 43 Traum
2305 1863 78 27 aus
2417 1851 181 42 meinem
2631 1852 95 42 Saft
2759 1854 86 42 und
2878 1855 97 42 Blut

1791 1914 53 40 all
1877 1914 67 41 die
1978 1915 229 54 Gestalten,
2243 1919 66 42 die
2342 1934 79 28 uns
2454 1922 98 41 licht
2583 1924 313 53 umschweben,

1791 1984 133 42 durch
1957 1986 110 41 mich
2099 1988 120 42 allein
2251 1988 155 45 kannst
2439 1992 58 42 du
2530 1993 66 42 die
2630 1995 172 42 Welten
2834 1995 162 53 weben,

1790 2055 87 41 und
1919 2070 79 28 nur
2034 2057 132 43 durch
2199 2060 110 42 mich
2342 2067 153 38 strömt
2529 2063 144 44 deines
2707 2066 170 42 Lebens
2909 2068 107 42 Flut.

1789 2197 147 42 Durch
1969 2199 110 41 mich
2112 2204 153 40 strömt
2298 2203 99 42 aller
2430 2206 175 43 Welten
2639 2207 136 55 ewige
2807 2208 107 52 Flut,

1789 2268 86 41 und
1907 2283 92 27 was
2032 2270 40 42 in
2105 2271 186 43 fernsten
2323 2275 147 42 Zeiten
2503 2276 88 42 sich
2624 2279 197 50 entfaltet,

1787 2338 41 42 in
1862 2340 77 41 mir
1970 2340 73 56 lag
2076 2342 100 41 alles
2211 2343 89 42 dies
2333 2345 367 57 vorhergestaltet,

1785 2423 51 28 so
1870 2411 78 41 wie
1980 2411 57 41 im
2069 2413 125 42 Keim
2228 2414 75 42 der
2336 2416 139 42 Baum
2508 2417 276 45 beschlossen
2816 2421 105 42 ruht.

1785 2481 71 41 Ich
1889 2481 70 43 bin
1993 2482 77 42 das
2102 2484 132 52 Licht,
2269 2485 78 43 das
2380 2488 109 41 auch
2521 2489 41 42 in
2593 2490 152 43 letzten
2777 2493 173 42 Weiten

1786 2551 133 42 durch
1952 2554 77 41 alle
2064 2555 125 42 Lüfte
2221 2556 289 59 siebenfarbig
2540 2561 131 54 glüht,

1785 2622 76 41 der
1891 2625 115 51 Duft,
2041 2625 76 42 der
2150 2641 77 26 aus
2262 2627 82 43 den
2376 2628 150 44 letzten
2558 2632 149 42 Rosen
2739 2632 127 54 blüht,

1783 2693 87 42 und
1903 2695 159 42 meines
2095 2696 196 43 Lachens
2326 2699 157 55 goldne
2517 2702 123 41 Töne
2674 2703 165 56 gleiten,

1782 2764 87 42 und
1903 2766 157 42 meines
2094 2767 154 43 Liedes
2282 2770 281 57 Maienquelle
2595 2774 149 55 sprüht

1783 2834 132 43 durch
1948 2837 101 41 aller
2082 2839 174 42 Welten
2290 2855 107 28 neue
2431 2841 259 57 Seligkeiten
2712 2880 7 7 .
2743 2880 8 8 .

1780 2977 71 41 Ich
1884 2978 78 41 ruh
1994 2978 41 42 in
2067 2980 183 42 Deinem
2281 2983 121 41 Meer
2434 2984 87 42 und
2552 2985 125 44 tiefen
2712 2988 195 52 Schoofs,

1780 3047 133 42 durch
1945 3048 95 43 dich
2072 3050 132 54 allein,
2237 3053 120 42 allein
2390 3055 40 40 in
2464 3054 63 42 dir
2561 3058 267 54 empfunden,

1780 3119 133 42 durch
1947 3119 94 42 dich
2073 3121 221 55 gebärend
2328 3124 96 56 ring
2455 3125 66 41 ich
2554 3126 102 42 aller
2688 3128 195 43 Stunden

1780 3204 78 28 aus
1893 3190 143 42 deiner
2069 3192 118 42 Fülle
2220 3208 108 28 neue
2359 3196 190 42 Formen
2581 3198 63 41 los
2669 3232 7 7 .
2698 3234 8 7 .

1778 3261 101 43 Und
1911 3262 131 42 werfe
2075 3262 55 42 ab
2165 3264 67 41 die
2265 3265 112 42 alten
2411 3272 119 37 toten
2563 3269 165 52 Hüllen,

1777 3331 87 42 und
1896 3332 129 41 wirke
2059 3333 78 41 mir
2170 3335 65 41 ein
2268 3350 130 27 neues
2433 3338 167 42 weifses
2634 3340 133 51 Kleid,
2792 3375 7 7 .
2822 3375 8 8 .
2852 3376 8 8 .

1777 3403 63 42 So
1873 3404 104 41 fliefs
2011 3404 65 41 ich
2108 3405 223 43 leuchtend
2363 3408 69 42 hin
2465 3408 86 43 ohn
2583 3412 98 41 End
2714 3413 86 42 und
2833 3415 92 42 Zeit

1776 3474 57 42 im
1865 3474 121 42 Licht
2016 3475 87 41 und
2135 3476 173 42 Strome
2341 3478 143 42 deiner
2516 3481 221 56 Ewigkeit,

1776 3544 87 41 und
1897 3545 142 51 schau,
2074 3546 78 42 wie
2185 3547 79 42 alle
2296 3549 142 56 Dinge
2470 3551 89 41 sich
2592 3553 184 43 erfüllen.

2911 3654 159 54 Julius
3104 3657 136 42 Hart
