2222 4287
736 368 334 52 BRUNO'S
1141 369 347 51 WEEKLY

2003 365 101 52 697

194 503 108 51 His
344 503 142 51 later
526 519 192 35 career
760 502 48 52 is
846 520 35 34 a
920 502 201 52 record
1160 502 64 52 of
1263 502 95 51 the
1400 501 183 52 books
1621 501 74 53 he
1735 501 102 51 has
1876 498 229 54 written

125 569 149 52 from
327 568 95 50 the
477 567 122 51 first
651 568 152 51 book
854 566 62 52 of
966 566 303 52 American
1324 566 222 57 stories.
1635 564 172 51 Elder
1862 563 244 53 Coftklin

123 632 296 61 published
479 633 74 60 by
614 630 326 51 Macmillan
1001 630 55 50 in
1121 630 148 60 1890;
1334 630 247 59 Montes,
1642 629 181 51 which
1885 625 221 54 Arnold

130 698 243 48 Bennett
420 712 131 44 says
599 694 46 51 is
867 696 127 49 best
1040 695 163 50 short
1250 703 159 52 story
1457 694 54 49 in
1889 693 215 61 (1894);

124 761 118 48 The
281 756 200 64 Bomb,
523 759 147 59 1907;
707 760 122 49 The
867 760 136 49 Man
1041 757 404 63 Shakespeare,
1481 759 183 49 which
1702 757 308 61 according
2045 765 61 43 to

125 825 183 58 Shaw,
358 823 345 50 established
755 823 85 50 his
892 823 320 63 reputation
1264 823 54 49 in
1375 822 147 60 1909;
1574 822 122 50 The
1748 822 245 51 Women
2044 821 62 51 of

125 887 404 61 Shakespeare,
582 888 149 59 1910;
784 887 386 62 Shakespeare
1221 887 109 49 and
1382 887 108 49 His
1542 886 154 52 Love
1753 887 59 60 (a
1861 886 244 61 drama),

128 950 147 60 1910;
328 952 173 49 Great
551 952 172 59 Days,
778 952 149 58 1911;
976 953 122 47 The
1147 950 158 51 Veils
1354 950 60 50 of
1466 949 132 60 Isis;
1652 949 453 62 Contemporary

126 1014 280 51 Portraits
457 1015 137 51 both
643 1015 110 51 last
798 1030 151 46 year,
1003 1011 123 54 1915
1174 1015 111 50 and
1334 1014 183 51 Oscar
1565 1014 205 61 Wilde,
1819 1014 108 53 His
1978 1013 126 52 Life

123 1079 109 49 and
267 1079 374 50 Confessions
675 1077 182 52 which
893 1079 46 50 is
975 1095 129 34 now
1140 1079 52 49 in
1230 1080 94 48 the
1360 1094 158 44 press
1555 1079 109 48 and
1699 1094 83 34 we
1818 1079 141 49 have
1995 1079 110 49 had

123 1143 92 47 the
250 1142 256 60 pleasure
539 1142 61 50 of
631 1142 249 60 reading.
946 1143 106 50 We
1087 1140 162 52 think
1281 1142 42 50 it
1356 1142 44 50 is
1435 1141 85 51 his
1554 1142 126 50 best
1711 1142 174 60 work,
1918 1157 66 36 so
2019 1141 86 54 far

121 1207 243 60 perhaps
402 1207 93 49 the
533 1207 126 49 best
695 1207 318 60 biography
1050 1207 53 49 in
1142 1207 94 51 the
1276 1207 294 60 language.

118 1349 467 106 Kingdom
626 1350 104 87 of
765 1352 230 85 Man
1037 1352 272 105 Upon
1354 1350 292 87 Earth

114 1491 77 57 By
224 1491 182 48 Frank
437 1491 195 49 Harris

118 1582 193 83 "Y'HE
338 1584 317 51 wonderful
683 1601 104 44 age
815 1585 54 50 in
896 1585 183 51 which
1108 1602 85 34 we
1221 1587 108 50 live
1330 1587 182 50 —this
1542 1585 295 52 twentieth
1868 1594 236 54 century

253 1653 136 49 with
432 1653 73 50 its
547 1654 213 61 X-rays
802 1655 123 50 that
966 1656 198 51 enable
1206 1673 65 33 us
1313 1664 59 42 to
1414 1673 93 34 see
1549 1658 247 59 through
1840 1656 95 51 the
1977 1656 126 51 skin

120 1723 107 48 and
267 1723 139 49 flesh
444 1723 62 49 of
542 1739 147 44 men,
725 1724 110 49 and
874 1733 60 42 to
973 1726 168 60 study
1181 1726 93 52 the
1311 1726 262 61 working
1610 1726 61 51 of
1708 1726 146 51 their
1892 1743 211 44 organs

119 1791 109 48 and
269 1791 243 51 muscles
553 1794 109 48 and
703 1810 201 33 nerves
906 1794 170 50 —has
1117 1795 249 60 brought
1405 1813 51 38 a.
1476 1813 125 34 new
1642 1796 163 61 spirit
1846 1796 119 51 into
2010 1796 94 51 the

119 1855 194 58 world,
342 1872 32 32 a
403 1856 162 61 spirit
592 1857 61 50 of
681 1857 214 61 fidelity
924 1867 60 41 to
1013 1858 129 61 fact,
1173 1861 109 48 and
1313 1860 134 50 with
1479 1861 42 49 it
1550 1879 31 31 a
1610 1877 124 35 new
1762 1862 111 50 ahd
1903 1861 201 62 higher

119 1918 141 50 idea!
299 1918 61 50 of
397 1918 94 51 life
528 1921 109 50 and
673 1921 60 50 of
769 1930 103 50 art,
907 1922 183 51 which
1130 1931 151 42 must
1318 1923 61 51 of
1414 1924 283 56 necessity
1735 1926 219 59 change
1991 1926 110 49 and

119 1983 310 49 transform
460 1984 74 48 all
570 1984 94 51 the
698 1985 321 51 conditions
1054 1987 60 49 of
1147 1988 303 60 existence,
1484 1989 108 50 and
1629 1988 52 49 in
1716 1988 134 52 time
1885 1989 219 61 modify

116 2046 97 50 the
253 2048 210 49 almost
506 2048 327 52 immutable
876 2059 198 42 nature
1117 2051 62 50 of
1220 2069 146 35 man.
1445 2053 114 52 For
1574 2101 5 5 .
1600 2051 113 53 this
1755 2071 125 34 new
1922 2054 178 63 spirit,

118 2109 110 50 this
261 2110 126 49 love
417 2111 62 50 of
510 2112 94 50 the
637 2112 116 50 fact
783 2115 110 48 and
925 2114 61 49 of
1018 2115 170 60 truth,
1224 2115 110 49 this
1367 2116 229 60 passion
1631 2116 89 51 for
1753 2117 201 61 reality
1987 2117 114 53 will

120 2175 72 49 do
229 2191 160 45 away
426 2176 133 49 with
601 2177 93 50 the
733 2177 210 51 foolish
985 2178 149 51 fears
1173 2181 109 48 and
1323 2181 158 50 futile
1521 2182 179 60 hopes
1738 2184 183 49 which
1962 2184 141 50 have

116 2238 207 50 fretted
360 2239 94 50 the
491 2239 303 52 childhood
831 2242 61 51 of
927 2258 102 35 our
1065 2260 142 43 race,
1243 2244 109 50 and
1388 2244 113 51 will
1537 2246 202 61 slowly
1775 2247 100 51 but
1911 2247 192 62 surely

119 2300 272 52 establish
434 2319 73 35 on
553 2304 175 51 broad
773 2304 368 54 foundations
1186 2307 95 51 the
1327 2308 292 60 Kingdom
1662 2309 62 52 of
1770 2311 134 52 Man
1950 2328 154 43 upon

120 2366 192 50 Earth.
342 2429 12 11 _
385 2368 112 48 For
535 2369 122 48 that
695 2369 46 49 is
780 2370 94 50 the
914 2371 265 59 meaning
1217 2373 110 48 and
1366 2389 244 45 purpose
1649 2374 61 50 of
1748 2377 94 49 the
1882 2377 217 59 change

114 2429 184 52 which
340 2430 45 51 is
426 2448 130 34 now
594 2432 231 61 coming
862 2450 137 35 over
1038 2436 94 51 the
1173 2436 195 51 world.
1442 2438 122 50 The
1603 2438 173 52 faiths
1817 2440 110 51 and
1967 2458 101 33 con-

115 2492 243 52 victions
392 2495 62 49 of
487 2502 215 55 twenty
736 2497 282 51 centuries
1052 2515 94 34 are
1182 2500 233 61 passing
1448 2518 160 44 away
1644 2504 109 48 and
1790 2504 94 50 the
1921 2504 180 52 forms

115 2558 109 48 and
283 2558 351 52 institutions
692 2561 61 49 of
808 2580 30 32 a
897 2562 256 51 hundred
1210 2566 364 57 generations
1631 2584 94 34 are
1785 2568 318 63 dissolving

115 2620 193 51 before
337 2638 65 33 us
432 2622 108 52 like
570 2624 94 50 the
693 2625 250 51 baseless
973 2627 178 51 fabric
1181 2628 59 50 of
1268 2646 32 33 a
1328 2629 208 51 dream.
1600 2631 50 49 A
1681 2646 124 35 new
1833 2633 266 61 morality

116 2685 46 48 is
191 2685 229 61 already
449 2688 243 59 shaping
721 2689 152 52 itself
904 2689 53 51 in
990 2690 94 50 the
1114 2692 187 60 spirit;
1333 2709 30 33 a
1394 2693 267 62 morality
1691 2697 171 49 based
1894 2706 102 41 not
2025 2714 74 35 on

112 2751 360 57 guess-work
502 2752 111 50 and
646 2769 72 33 on
755 2752 230 61 fancies,
1020 2755 100 50 but
1153 2773 72 33 on
1262 2758 353 52 ascertained
1650 2759 138 52 laws
1822 2761 62 51 of
1918 2752 181 61 Choral

115 2813 216 60 health;
383 2831 30 32 a
464 2815 275 52 scientific
788 2817 266 61 morality
1103 2820 311 61 belonging
1462 2830 102 42 not
1614 2830 59 43 to
1724 2825 215 60 statics,
1989 2826 111 52 like

116 2877 94 49 the
258 2877 267 62 morality
570 2879 62 50 of
678 2879 94 51 the
816 2882 171 60 Jews,
1032 2882 100 51 but
1178 2891 60 43 to
1286 2885 310 62 dynamics,
1642 2888 109 50 and
1799 2905 65 35 so
1912 2890 189 62 fitting

114 2942 94 49 the
246 2949 198 45 nature
483 2943 63 51 of
581 2946 136 49 each
758 2946 303 52 individual
1100 2965 224 44 person.
1401 2951 155 53 Even
1597 2968 131 36 now
1765 2956 334 52 conscience

116 3005 134 50 with
298 3006 71 50 its
416 3008 378 59 prohibitions
843 3009 44 51 is
935 3010 196 61 fading
1177 3022 100 42 out
1321 3013 63 51 of
1429 3014 113 62 life,
1589 3017 267 62 evolving
1902 3019 121 52 into
2067 3038 32 35 a

114 3084 157 37 more
311 3070 287 61 profound
639 3073 437 53 consciousness
1118 3075 63 52 of
1221 3076 291 52 ourselves
1554 3080 110 50 and
1706 3083 212 59 others,
1962 3084 135 52 with

112 3133 317 61 multiplied
468 3136 359 52 incitements
867 3146 60 43 to
966 3140 134 51 wise
1142 3140 190 62 living.
1405 3144 122 50 The
1567 3145 95 51 old
1701 3146 269 61 religious
2011 3167 60 34 as-

115 3197 254 52 ceticism
419 3200 135 50 with
606 3201 93 51 its,
730 3202 198 58 hatred
979 3203 61 51 of
1089 3205 94 50 the
1234 3206 151 61 body
1435 3207 45 51 is
1531 3208 166 61 dead;
1749 3211 96 51 the
1896 3214 203 52 servile

115 3271 338 52 acceptance
492 3264 61 50 of
592 3266 321 52 conditions
952 3267 61 51 of
1051 3268 95 51 life
1186 3272 109 48 and
1335 3287 140 34 even
1515 3273 60 50 of
1614 3276 221 49 natural
1876 3277 136 52 laws
2054 3278 46 52 is

114 3341 132 35 seen
279 3333 61 43 to
370 3327 68 50 be
468 3328 240 61 vicious;
742 3329 41 51 it
816 3330 46 50 is
892 3330 62 51 of
985 3332 95 49 the
1108 3333 245 62 nobility
1385 3334 62 52 of
1478 3352 128 34 man
1643 3346 58 43 to
1735 3339 68 51 be
1837 3339 262 56 insatiate

116 3389 52 49 in
213 3389 183 53 desire
438 3394 109 49 and
590 3401 58 44 to
692 3395 152 50 rebel
886 3396 225 60 against
1153 3398 245 62 limiting
1438 3401 347 63 conditions;
1831 3404 42 52 it
1915 3407 45 50 is
2005 3408 95 52 the

114 3462 273 52 property
431 3456 62 51 of
540 3456 87 51 his
674 3457 359 61 intelligence
1083 3469 59 42 to
1188 3464 290 50 constrain
1525 3481 139 36 even
1713 3468 95 52 the
1855 3468 137 54 laws
2038 3471 66 52 of

115 3525 198 44 nature
350 3526 61 43 to
446 3520 96 52 the
577 3522 341 52 attainment
952 3523 62 51 of
1048 3525 89 50 his
1174 3526 160 51 ideal.
