2222 4287
748 313 335 52 BRUNO'S
1154 313 348 52 WEEKLY

132 314 101 50 696

134 467 141 34 even
311 449 265 51 Dickens;
647 449 249 51 Dickens
932 449 70 51 he
1036 466 172 34 never
1242 448 165 52 liked.
1476 445 166 54 After
1676 444 235 61 reading
1945 458 172 46 every

133 514 168 51 other
331 514 167 51 novel
529 514 55 51 in
617 514 94 50 the
744 514 208 60 library
984 514 69 50 he
1087 514 132 50 read
1252 513 249 51 Dickens
1534 511 110 51 and
1677 511 96 50 the
1806 517 181 55 poets.

204 578 122 50 The
369 576 239 64 fagging
649 585 217 53 system
910 578 55 49 in
1009 578 94 50 the
1148 576 197 51 school
1388 591 117 36 was
1548 575 309 51 abhorrent
1900 580 59 43 to
2004 570 113 52 this

133 644 144 49 born
307 642 177 61 rebel;
514 642 69 51 he
612 641 204 61 fought
846 642 42 50 it
915 642 163 51 tooth
1108 642 110 50 and
1248 640 135 61 nail;
1415 641 99 51 but
1543 640 54 49 in
1628 638 145 63 spite
1803 637 62 52 of
1892 635 224 53 trouble

136 705 137 52 with
317 706 141 59 boys
500 721 62 36 as
603 706 128 51 well
773 721 60 34 as
876 706 136 51 with
1055 706 94 51 the
1191 713 258 51 masters,
1493 703 69 51 he
1604 718 129 36 won
1774 701 155 63 prize
1970 699 147 53 after

133 769 172 61 prize.

203 834 79 50 At
317 833 259 51 fourteen
614 833 86 51 his
738 832 186 52 father
960 832 395 63 disappointed
1390 832 117 49 him
1544 832 75 60 by
1656 829 199 61 failing
1892 837 61 43 to
1990 828 126 61 give

136 898 115 48 him
300 899 93 49 the
440 898 354 50 nomination
842 905 58 43 to
947 898 234 50 become
1228 896 378 61 midshipman
1655 895 54 50 in
1757 895 96 50 the
1902 894 212 49 British

139 961 164 61 Navy
352 961 110 51 and
510 961 96 51 the
622 976 12 35 t
654 961 113 61 boy
815 960 260 52 resolved
1125 969 61 43 to
1234 976 103 35 run
1385 976 176 43 away.
1647 960 113 49 For
1810 957 186 51 weeks
2046 956 70 50 he

136 1025 256 61 weighed
437 1026 94 51 the
574 1026 225 49 charms
843 1026 60 51 of
946 1026 179 51 South
1168 1025 196 50 Africa
1409 1025 218 61 (where
1670 1023 134 61 they
1846 1022 111 51 had
1997 1021 119 61 just

132 1089 334 50 discovered
512 1089 326 60 diamonds)
888 1088 135 52 with
1070 1089 164 50 those
1279 1088 61 52 of
1383 1088 268 51 Western
1698 1086 264 50 America
2005 1084 111 52 and

133 1162 64 43 at
233 1153 195 60 length
468 1153 69 51 he
576 1153 234 51 decided
849 1153 55 49 in
945 1153 161 52 favor
1144 1154 62 50 of
1244 1153 94 51 the
1376 1152 155 52 Wild
1571 1152 180 52 West.
1826 1150 91 52 He
1958 1166 156 35 came

129 1225 68 42 to
242 1218 263 49 America
550 1218 109 49 and
707 1234 142 33 soon
895 1218 163 49 made
1102 1216 88 51 his
1235 1234 126 43 way
1407 1224 61 43 to
1515 1216 223 50 Kansas
1784 1215 111 50 and
1942 1215 172 50 drove

132 1296 75 35 on
239 1281 94 50 the
362 1281 127 50 trail
515 1298 63 34 as
606 1299 33 33 a
664 1282 240 60 cowboy
933 1290 60 42 to
1023 1281 141 51 New
1195 1281 242 51 Mexico.
1502 1281 90 50 He
1622 1280 210 60 always
1864 1277 252 52 declares

134 1343 125 51 that
296 1345 285 49 whatever
620 1345 255 61 capacity
913 1345 62 50 of
1011 1345 245 59 thought
1294 1345 68 49 he
1402 1360 296 44 possesses
1736 1359 192 34 comes
1967 1342 150 51 from

134 1408 96 50 the
263 1408 117 50 fact
411 1408 122 50 that
564 1408 165 50 while
764 1408 85 50 his
882 1408 155 50 mind
1070 1425 116 34 was
1219 1407 260 61 growing
1512 1408 68 50 he
1615 1407 109 49 had
1757 1416 60 42 to
1850 1406 158 50 solve
2041 1406 75 49 all

133 1472 97 49 the
282 1472 233 49 modern
567 1472 289 61 problems
907 1472 88 50 for
1045 1472 229 50 himself
1322 1472 109 49 and
1482 1472 241 49 without
1770 1470 198 51 books.

136 1534 165 51 think
336 1536 124 50 first
496 1536 111 49 and
646 1535 134 51 read
1228 1535 44 51 is
1313 1535 86 51 his
1439 1543 200 43 motto.

203 1600 166 49 After
414 1616 30 33 a
490 1599 199 61 couple
736 1599 61 50 of
841 1615 165 45 years
1051 1600 61 49 of
1155 1599 134 50 wild
1335 1607 243 42 Western
1625 1597 113 60 life,
1784 1597 330 52 skirmishes

132 1663 137 51 with
310 1663 247 60 Indians,
595 1665 129 49 mad
762 1663 339 61 gamblings,
1140 1680 103 44 ups
1282 1663 110 50 and
1429 1665 198 49 downs
1666 1662 61 52 of
1764 1663 244 59 fortune,
2046 1663 70 50 he

133 1736 118 42 met
288 1728 95 50 the
421 1745 130 33 man
592 1729 193 60 Byron
825 1727 200 61 Smith,
1065 1728 304 51 Professor
1406 1728 61 50 of
1507 1728 200 59 Greek,
1749 1727 53 51 in
1843 1728 95 51 the
1977 1726 106 53 Uni-

132 1790 216 63 versity
372 1790 61 51 of
462 1792 239 50 Kansas.
766 1792 303 49 Professor
1095 1790 184 51 Smith
1307 1792 315 61 persuaded
1651 1792 115 49 him
1794 1799 60 43 to
1882 1792 234 50 become

132 1873 33 32 a
199 1856 230 50 student
462 1856 111 50 and
607 1856 68 50 he
710 1864 167 52 spent
910 1856 94 51 the
1039 1864 136 42 next
1209 1856 157 50 three
1401 1872 166 44 years
1600 1855 136 51 with
1771 1855 87 51 his
1892 1864 225 42 mentor

133 1919 112 49 and
297 1919 182 50 friend
529 1928 58 41 at
639 1920 322 58 Lawrence,
1013 1920 242 51 Kansas.
1338 1920 187 51 When
1578 1920 304 51 Professor
1934 1919 182 52 Smith

134 1982 105 50 left
277 1983 95 50 the
414 1982 330 61 University
782 1983 93 50 for
914 1982 87 51 his
1044 1983 207 60 health,
1294 1983 203 50 Harris
1539 1983 296 61 quarreled
1877 1991 57 43 at
1975 2000 141 34 once

136 2046 134 50 with
307 2047 95 51 the
438 2047 350 60 authorities,
825 2047 257 61 refusing
1117 2056 60 42 to
1214 2065 160 34 come
1412 2048 152 51 into
1601 2048 267 61 morning
1904 2047 214 62 chapel,

134 2110 112 52 and
291 2110 104 52 left
439 2112 94 49 the
583 2112 327 61 University
955 2112 54 50 in
1055 2121 128 41 turn
1230 2112 110 50 and
1384 2121 151 43 went
1578 2129 74 33 on
1698 2113 136 49 with
1879 2112 87 50 his
2011 2113 107 49 law

137 2174 231 52 studies.
439 2175 208 50 Indue
684 2175 136 51 time
856 2175 70 50 he
961 2192 116 34 was
1112 2175 276 51 admitted
1425 2183 59 44 to
1521 2175 95 52 the
1652 2176 100 50 bar
1788 2176 110 50 and
1934 2176 182 60 began

136 2240 95 49 the
264 2240 245 60 practice
542 2239 61 52 of
636 2239 121 52 law.

202 2303 52 49 A
286 2319 134 44 year
456 2302 141 51 later
632 2302 182 52 Smith
848 2320 156 43 grew
1036 2320 184 34 worse
1255 2303 55 50 in
1346 2303 390 61 Philadelphia
1769 2303 110 51 and
1915 2303 204 53 Harris

137 2367 182 51 threw
367 2382 71 46 up
487 2367 340 61 everything
872 2368 111 50 and
1031 2375 151 43 went
1233 2367 141 51 East
1422 2376 60 43 to
1531 2369 68 49 be
1648 2368 137 51 with
1834 2368 132 50 him.
2051 2368 66 50 In

136 2432 240 49 another
411 2447 136 44 year
584 2432 85 49 his
707 2432 184 49 friend
928 2432 128 51 died
1095 2432 109 51 and
1243 2432 203 52 Harris
1486 2433 265 51 returned
1790 2441 60 43 to
1892 2433 226 62 Europe

137 2502 60 43 to
239 2494 193 62 study;
476 2495 123 50 first
641 2494 53 49 in
740 2495 175 60 Paris,
959 2495 142 51 later
1144 2495 55 50 in
1243 2495 365 61 Heidelberg,
1652 2496 312 60 Gottingen
2008 2496 110 51 and

139 2557 207 51 Berlin.
434 2559 160 51 Then
649 2560 70 50 he
769 2568 153 43 went
973 2560 151 51 from
1177 2560 191 51 Berlin
1422 2569 60 43 to
1534 2561 221 50 Athens
1807 2563 189 50 where
2048 2561 70 51 he

137 2622 222 51 studied
391 2640 32 33 a
453 2639 151 44 year.
672 2623 92 51 On
799 2623 86 51 his
918 2641 126 43 way
1077 2625 143 51 back
1252 2632 60 42 to
1346 2625 263 52 America
1642 2626 68 50 he
1745 2632 117 44 met
1896 2626 223 52 Froude

137 2686 56 51 in
254 2687 241 51 London
552 2687 111 51 and
721 2703 141 46 gave
921 2687 116 51 him
1095 2706 31 32 a
1183 2688 167 51 letter
1407 2688 62 51 of
1526 2688 385 52 introduction
1968 2690 153 52 from

139 2749 241 62 Carlyle.
439 2749 230 52 Almost
697 2750 384 61 immediately
1108 2752 70 49 he
1205 2768 116 35 was
1349 2752 215 51 offered
1595 2753 94 51 the
1718 2753 313 62 editorship
2060 2752 63 54 of

137 2814 95 50 the
597 2814 260 61 Evening
1145 2815 183 52 which
1371 2817 69 50 he
1482 2818 250 59 brought
1773 2825 61 44 to
1876 2833 245 36 success.

138 2877 162 51 Then
354 2879 69 51 he
475 2895 117 35 was
645 2880 217 50 offered
915 2880 96 51 the
1064 2880 314 64 editorship
1431 2880 62 52 of
1755 2883 367 61 Fortnightly

437 2942 184 51 which
658 2942 151 61 John
853 2942 158 62 (now
1049 2944 181 59 Lord)
1276 2944 225 62 Morley
1539 2945 111 51 had
1685 2945 118 61 just
1841 2946 281 61 resigned.

141 3006 181 52 Seven
371 3022 165 45 years
585 3006 142 52 later
776 3008 70 50 he
895 3008 220 60 bought
1369 3008 281 63 Saturday
2010 3011 112 51 and

139 3071 164 49 made
357 3069 43 51 it
452 3086 131 35 ever
635 3071 223 50 famous
912 3087 213 44 among
1178 3072 239 62 English
1472 3090 203 44 papers
1728 3074 75 61 by
1855 3074 269 63 bringing

143 3135 253 50 Bernard
444 3134 168 52 Shaw
656 3152 74 34 on
778 3135 42 51 it
865 3143 61 43 to
971 3137 160 50 write
1177 3138 175 51 about
1397 3137 95 52 the
1539 3139 244 60 theatre;
1831 3139 183 52 Wells
2061 3148 61 43 to

139 3199 207 51 review
383 3199 94 51 the
515 3199 223 61 novels;
777 3200 71 51 D.
886 3200 54 51 S.
981 3200 225 51 McColl
1249 3201 159 61 (now
1445 3203 95 50 the
1578 3203 144 50 head
1760 3203 62 52 of
1859 3204 94 51 the
1991 3204 133 52 Tait

142 3262 258 61 Gallery)
452 3271 60 42 to
556 3262 160 51 write
763 3280 74 33 on
884 3270 110 53 art;
1042 3264 100 50 Dr.
1189 3264 294 52 Chalmers
1533 3266 274 59 Mitchell,
1851 3284 131 34 now
2028 3269 95 49 the

119 3326 145 52 head
291 3327 62 50 of
378 3327 94 50 the
501 3327 327 60 Zoological
857 3327 244 62 Society,
1129 3336 60 43 to
1215 3328 159 52 write
1399 3346 75 34 on
1503 3330 256 62 Science;
1790 3332 136 51 Max
1954 3332 136 51 Beer-

137 3391 175 52 bohm
359 3399 114 50 too,
522 3392 109 49 and
677 3392 217 49 Arthur
942 3392 301 61 Symonds,
1293 3394 209 51 Ernest
1549 3394 273 61 Dowson,
1872 3397 251 51 Herbert

139 3455 465 64 Crackanthorpe
653 3457 110 50 and
813 3457 398 61 Cunningham
1262 3458 247 52 Graham
1557 3468 59 43 to
1666 3460 74 52 do
1787 3460 153 52 what
1989 3462 134 62 they

137 3520 184 51 could.
391 3521 53 50 It
476 3520 46 51 is
556 3520 201 62 hardly
787 3529 99 43 too
918 3521 166 52 much
1119 3529 59 44 to
1211 3539 101 45 say
1345 3524 122 51 that
1500 3524 203 51 Harris
1736 3524 202 62 picked
1971 3526 152 61 then,

138 3585 56 49 in
239 3585 142 60 1894,
419 3584 195 62 nearly
653 3585 74 51 all
767 3585 94 51 the
900 3601 130 35 men
1068 3586 129 51 who
1237 3587 198 61 to-day
1473 3587 151 51 form
1662 3589 188 61 public
1888 3589 234 63 opinion

139 3648 55 51 in
240 3648 173 51 Great
456 3648 231 55 Britain.
766 3648 167 52 Shaw
974 3651 100 49 has
1116 3651 443 61 acknowledged
1601 3652 87 52 his
1730 3653 134 53 debt
1905 3662 61 44 to
2006 3655 117 52 him

137 3713 166 60 again
341 3713 111 51 and
489 3713 183 62 again,
708 3714 112 50 and
857 3713 182 52 Wells
1077 3714 137 51 calls
1253 3716 116 49 him
1407 3716 86 50 his
1531 3716 233 63 literary
1802 3718 321 64 godfather,

137 3777 287 61 asserting
470 3778 123 51 that
640 3778 220 61 Harris,
908 3778 164 52 when
1121 3779 214 61 editing
2033 3801 61 35 ac-

137 3840 202 62 cepted
372 3841 95 51 the
500 3841 123 51 first
654 3840 195 53 article
884 3841 70 52 he
992 3841 237 64 (Wells)
1267 3859 132 36 ever
1431 3844 111 52 had
1576 3844 54 52 in
1663 3845 169 62 print.
2100 3883 12 32 }
