2222 4287
77 149 208 47 Copyright
300 149 51 47 by
368 147 131 44 Guido
520 150 138 45 Bruno,
679 147 97 47 May
794 146 90 43 13th
888 178 10 16 t
933 145 116 42 1916.
1098 144 176 48 Original
1302 154 144 37 matter,

77 212 185 47 including
275 213 47 41 all
340 212 200 47 drawings,
555 227 88 32 may
657 222 63 31 not
736 212 48 40 be
796 209 234 49 reproduced
1054 208 158 44 without
1236 210 210 47 permission

77 276 40 43 of
138 276 132 43 Guido
300 276 152 47 Bruno;
478 276 67 42 but
572 274 77 44 that
681 276 208 47 permission
914 290 87 33 may
1017 274 48 43 be
1089 272 168 44 assumed
1280 271 28 43 if
1330 269 116 44 credit

74 341 31 41 is
119 343 107 44 given
251 350 40 32 to
312 341 134 42 author
460 339 76 43 and
555 338 162 44 Bruno's
731 337 183 48 Weekly.

181 601 278 62 QUAINT
493 601 154 52 AND
684 601 155 52 ODD
872 599 241 54 BOOKS

176 696 315 54 ANCIENT
512 696 155 54 AND
691 696 191 52 RARE
905 694 313 53 FASHION
1241 690 285 62 PLATES,
1550 689 203 54 BOOK
1775 686 269 55 PLATES

178 795 154 51 AND
360 794 241 53 BOOKS
630 793 102 53 ON
761 793 203 52 BOOK
992 790 285 54 PLATES.

179 892 72 52 IN
280 889 299 55 BRUNO'S
606 888 307 62 GARRET,
944 889 77 51 58
1052 887 366 61 Washington
1444 884 231 61 Square.

182 996 309 52 Collectors
524 1013 97 34 are
656 992 224 54 invited.

765 1176 711 84 GONFARONE'S

827 1315 78 48 40
939 1311 152 52 West
1124 1308 99 54 Bth
1255 1310 182 51 Street

863 1421 228 53 TABLE
1137 1419 269 53 D'HOTE

579 1536 186 62 placet
797 1554 95 31 are
924 1533 224 61 literary
1569 1527 117 52 said
1719 1527 67 51 O.
1822 1524 208 64 Henry#

238 1617 267 62 •peaking
538 1615 58 52 of
628 1612 369 53 Gonfarone's
1030 1616 57 48 in
1120 1631 108 32 one
1261 1611 58 49 of
1354 1608 84 52 his
1472 1606 320 53 unexcelled
1827 1606 204 52 Green-

237 1697 141 52 wich
409 1696 214 62 Village
653 1696 220 49 Stories.

141 1841 423 54 GREENWICH
615 1837 310 53 VILLAGE
975 1836 118 52 INN

487 1921 264 61 (Polly's)

210 2022 107 50 147
359 2018 195 52 WEST
594 2016 138 51 4TH
773 2012 264 56 STREET

144 2114 254 54 Between
458 2112 365 61 Washington
884 2111 91 62 Sq.
1043 2114 50 47 &

483 2177 97 52 6th
621 2177 138 50 Ave.

334 2274 220 50 Service
587 2294 32 29 a
655 2272 52 52 la
741 2272 168 51 Carte

266 2371 255 53 Outdoor
559 2370 203 60 Dining
803 2370 177 51 Room

150 2514 144 39 From
337 2514 84 38 the
463 2513 201 45 making
706 2512 52 39 of
799 2522 32 28 a
872 2512 132 45 lamp
1046 2512 53 38 to

150 2579 84 38 the
289 2578 214 38 creation
556 2577 51 39 of
659 2588 33 28 a
745 2577 165 44 period
963 2587 135 29 room

150 2642 137 39 there
316 2643 41 36 is
386 2652 32 28 a
447 2643 132 43 right
611 2652 106 34 way
746 2643 98 36 and
873 2651 32 29 a
934 2651 165 35 wrong

148 2716 121 34 way.
335 2707 100 37 The
471 2706 239 44 problems
747 2706 52 37 of
835 2716 118 34 your
989 2716 107 29 own

150 2769 149 39 house
340 2778 112 37 may
494 2770 59 38 be
593 2771 247 37 answered
882 2770 62 45 by
986 2780 114 30 eon-

151 2834 183 45 sotting

292 2915 213 40 ANTON
536 2916 307 38 HELLMAN

235 2978 56 39 80
321 2979 133 39 West
485 2980 319 44 Washington
836 2980 181 45 Square

463 3043 173 47 Spring
679 3044 113 39 6340

1168 1847 271 41 WANTED
1468 1856 94 35 yon
1590 1846 53 39 to
1668 1846 143 37 know
1839 1843 113 40 that
1977 1842 57 41 at
2061 1842 58 39 90

1224 1895 319 45 Washington
1610 1894 182 44 Square
1859 1891 151 41 South
2075 1890 43 40 la

1225 1944 191 39 located

1312 2040 129 39 THE
1474 2038 272 41 TILLAGE
1778 2036 199 42 STORE

1172 2137 173 39 Where
1393 2144 90 29 one
1529 2144 115 34 may
1693 2143 80 29 see
1821 2142 62 29 on
1930 2131 189 45 display

1171 2195 146 34 many
1350 2185 95 38 odd
1478 2184 159 44 pieces
1668 2182 53 40 of
1754 2184 218 41 Brasses,
2004 2181 117 38 Pot-

1171 2234 123 44 tery,
1328 2231 258 39 Furniture
1621 2231 100 39 and
1757 2229 270 40 Souvenirs.

1172 2313 161 38 Hours
1375 2312 126 38 10.S0
1543 2311 77 39 till
1661 2311 28 36 0
1728 2319 47 36 p.
1817 2318 66 31 m.
1952 2309 169 40 Satur-

1458 2361 119 42 days
1610 2359 53 39 10
1693 2369 47 34 p.
1770 2368 66 29 m.

1340 2568 198 53 ROSSI
1587 2565 374 53 BROTHERS

1272 2715 76 49 58
1398 2711 368 61 Washington
1813 2710 215 62 Square

1287 2823 359 53 Underneath
1680 2822 98 53 the
1812 2822 202 53 Garret

1174 2968 116 52 ICE
1317 2968 250 52 CREAM
1595 2966 155 52 AND
1776 2964 350 54 TOBACCO

103 3233 341 94 READ
502 3230 516 94 BRUNO'S
1073 3230 539 94 WEEKLY

705 3433 109 52 and
846 3433 43 51 if
919 3452 109 42 you
1061 3433 155 52 think
1259 3433 263 61 fifty-two
1565 3436 175 49 issues

706 3546 96 35 are
833 3530 178 51 worth
1042 3540 114 42 two
1197 3530 204 51 dollars
1444 3530 22 51 I
1514 3531 111 50 will
1669 3531 71 51 be

706 3624 129 61 glad
889 3631 60 44 to
1004 3633 161 43 count
1217 3643 109 42 you
1388 3642 201 44 among
1651 3643 90 44 my

710 3719 338 52 subscribers

1344 3784 182 52 Guido
1557 3785 186 51 Bruno
