2370 4099
820 143 168 32 REVUE
1026 144 63 30 DE
1126 144 57 31 LA
1220 144 274 37 QUINZAINE

2067 147 88 43 279

325 407 381 50 COURRIER
754 410 102 47 DE
892 411 278 49 NANCY.

174 537 276 36 Conservatoire
469 549 8 22 :
496 537 16 33 5
540 546 161 24 concerts
725 539 41 32 de
788 539 277 33 l'abonnement.

192 664 12 28 lERI
217 657 36 20 ER
277 663 237 28 CONCERT.
653 648 66 41 M.
749 648 194 44 Gabriel
970 650 152 42 Fauré
1151 650 172 43 n'est-il
1349 666 86 42 pas
1461 651 107 56 plus
1592 652 180 56 proche
1799 651 82 43 des
1909 650 242 58 tragiques

135 727 127 45 grecs
286 726 87 42 par
392 726 50 28 sa
461 711 147 44 clarté
626 711 299 43 mélodieuse
963 722 46 33 et
1031 713 276 57 mélodique
1327 729 91 41 que
1447 716 82 41 des
1549 715 191 42 brumes
1764 715 56 42 de
1848 716 65 42 M.
1939 713 213 43 Maurice

135 774 299 47 Maeterlinck
458 776 18 43 ?
506 777 65 40 La
606 775 168 56 pureté
809 776 57 41 de
893 775 45 42 la
963 775 144 58 ligne,
1141 776 118 43 dans
1288 791 49 28 sa
1360 777 221 56 musique
1624 778 57 42 de
1705 778 140 42 scène
1871 791 124 43 pour
2037 776 86 42 Pel-

135 842 36 43 lé
176 856 23 26 ci
205 854 20 30 s
250 849 44 34 et
336 840 271 42 Mélisande
612 873 11 16 ,
651 848 71 34 est
748 839 129 50 telle,
914 853 91 43 que
1032 853 124 29 nous
1179 840 375 44 l'attribuerions
1594 840 263 44 volontiers
1973 840 25 42 à
2037 838 114 57 quoi

135 903 290 54 souscrirait,
454 903 41 55 je
544 917 166 42 pense,
747 911 137 33 notre
913 903 317 55 compatriote
1258 903 210 43 Maurice
1498 904 166 42 Barrés
1686 918 59 28 en
1773 918 86 28 son
1887 915 267 31 savoureux

143 970 189 56 Voyage
348 969 54 40 de
430 969 177 55 Sparte
623 992 54 6 —
702 967 92 42 àla
818 967 265 42 touchante
1107 965 249 58 Iphigénie
1393 981 62 28 ou
1490 967 93 42 àla
1608 967 144 43 noble
1787 976 45 34 et
1853 965 160 45 sévère
2051 966 63 41 An-

134 1033 174 57 tigone.

190 1098 59 40 Et
275 1096 115 43 c'est
416 1095 127 43 alors
563 1094 42 43 le
628 1094 144 43 faune
870 1094 124 43 celui
1022 1095 57 42 de
1110 1094 264 52 Mallarmé,
1400 1093 136 55 poète
1564 1095 63 41 du
1662 1094 133 42 Nord
1902 1091 98 57 qui,
2034 1092 117 42 dans

134 1160 40 43 la
199 1159 272 43 réaudition
498 1160 64 42 du
589 1158 199 43 Prélude
804 1160 27 40 à
859 1155 400 63 VAprès-midi...,
1288 1155 393 57 sembleprofiter
1702 1156 55 42 de
1783 1164 105 33 tout
1914 1168 51 29 ce
1992 1167 91 42 que
2109 1152 41 43 le

136 1223 321 44 clair-obscur
484 1222 202 43 musical
714 1223 55 42 de
801 1222 221 56 Debussy
1048 1230 198 47 apporte
1284 1221 58 42 de
1369 1219 235 43 richesses
1628 1218 248 43 nouvelles
1901 1217 23 41 à
1944 1217 45 41 la
2024 1230 96 28 com-

134 1287 227 58 position,
411 1296 45 34 et
481 1287 107 56 plus
634 1285 444 55 particulièrement
1122 1285 25 41 à
1192 1282 454 44 l'instrumentation
1674 1299 9 26 :
1712 1281 176 43 coloris
1923 1279 129 57 plein
2088 1279 57 41 de

134 1351 275 44 trouvailles
429 1349 400 44 délicieusement
856 1363 176 29 neuves
1056 1357 44 34 et
1126 1347 228 44 chaudes.

192 1414 179 44 L'idéal
397 1413 315 44 traditionnel
740 1413 283 43 noblement
1056 1412 272 56 représente
1356 1424 111 28 avec
1489 1409 42 42 le
1563 1409 228 42 Concerto
1815 1420 52 29 en
1892 1406 50 41 ré
1969 1405 182 41 mineur

137 1480 53 42 de
236 1478 223 51 Haendel,
487 1492 124 43 pour
638 1478 124 42 deux
787 1476 191 44 violons
1020 1484 45 33 et
1100 1473 290 44 violoncelle
1418 1473 139 56 (MM.
1587 1470 154 54 Heck,
1787 1470 129 42 René
1944 1477 45 33 et
2037 1468 84 42 Fer-

138 1543 123 42 nand
288 1542 205 56 Pollain)
512 1552 45 33 et
580 1555 86 43 par
688 1541 44 42 la
756 1540 297 55 Symphonie
1077 1552 52 28 en
1152 1537 43 42 la
1222 1537 67 53 (n°
1316 1539 43 54 7)
1385 1537 58 41 de
1470 1536 288 42 Beethoven.

189 1608 66 42 Le
284 1607 245 43 Carnaval
565 1606 186 41 romain
802 1618 120 28 nous
947 1603 200 56 prépare
1196 1614 91 28 aux
1312 1600 120 56 joies
1476 1597 351 43 berlioziennes
1872 1594 81 57 qui
2001 1593 155 43 furent

136 1670 125 45 vives
285 1685 114 30 avec
426 1670 44 43 la
496 1669 181 57 reprise
704 1669 57 42 de
787 1684 8 26 :

192 1775 45 31 2E
259 1776 239 30 CONCERT.
606 1761 71 42 La
706 1759 289 43 Damnation
1042 1758 54 42 de
1121 1758 165 42 Faust.
1414 1755 208 41 Concert
1672 1750 254 58 plastique,
1961 1748 39 43 si
2041 1748 114 56 j'ose

138 1826 116 44 ainsi
280 1826 167 53 écrire,
477 1839 63 28 ou
566 1824 158 56 plutôt
747 1821 202 45 victoire
992 1822 57 43 de
1073 1821 44 42 la
1144 1819 201 44 couleur
1384 1832 58 28 au
1488 1815 269 54 détriment,
1804 1811 197 59 parfois,
2029 1813 56 40 de
2110 1811 44 42 la

138 1904 198 29 nuance.
366 1890 128 42 C'est
521 1888 121 42 ainsi
672 1901 92 43 que
788 1887 69 42 les
884 1886 213 50 chœurs,
1133 1883 261 43 excellents
1428 1882 117 42 dans
1572 1881 67 41 les
1665 1877 175 58 parties
1864 1875 287 44 extérieures

139 1956 52 42 de
214 1955 196 42 l'œuvre
436 1962 48 33 et
519 1953 121 42 dans
667 1952 42 41 le
735 1950 244 43 truculent
1004 1946 395 45 Pandœmonium
1406 1980 9 19 ,
1442 1958 58 29 ne
1528 1943 158 42 furent
1710 1940 232 58 peut-être
2099 1962 53 8 —

140 2018 189 57 sylphes
356 2032 64 28 ou
446 2016 162 42 follets
724 2014 113 43 d'un
863 2013 406 55 enveloppement
1312 2023 133 28 assez
1754 2003 122 43 Mais
1919 2002 101 42 cela
2061 2000 61 42 im-

138 2093 130 45 porte
291 2095 94 43 peu
404 2099 10 34 ;
439 2094 51 29 ce
518 2079 81 57 qui
637 2079 225 56 importe,
900 2078 113 41 c'est
1032 2089 92 43 que
1147 2075 96 40 l'on
1263 2073 63 42 ait
1350 2086 63 41 pu
1440 2080 203 40 monter,
1665 2067 82 43 dès
1775 2068 41 41 le
1844 2066 147 42 début
2029 2064 55 43 de
2110 2063 45 42 la

139 2145 173 52 saison,
340 2163 22 22 «
396 2144 182 56 l'opéra
600 2143 58 42 de
696 2151 201 34 concert
929 2154 23 27 »
976 2140 58 41 de
1064 2137 205 50 Berlioz,
1298 2136 125 41 alors
1459 2147 91 43 que
1586 2133 69 41 les
1678 2131 204 57 grandes
1909 2127 240 44 auditions

139 2224 108 29 avec
273 2221 185 30 masses
491 2206 221 43 chorales
745 2203 178 43 étaient
948 2214 261 36 reservees,
1237 2200 206 41 d'autres
1470 2196 194 50 années,
1693 2208 90 26 aux
1809 2190 211 44 derniers
2046 2202 83 30 con-

139 2283 116 33 certs
282 2274 58 41 de
359 2272 379 42 l'abonnement.
769 2268 37 41 Il
831 2275 71 34 est
922 2265 99 44 vrai
1045 2277 91 44 que
1164 2264 82 41 des
1271 2261 380 44 collaborateurs
1676 2255 88 43 tels
1799 2268 91 42 que
1920 2254 116 40 MM.
2065 2253 60 40 Da-

139 2352 126 37 raux,
312 2335 327 52 Plamondon,
675 2333 108 41 Mme
830 2327 449 45 Faliero-Dalcroze
1326 2334 59 42 et,
1429 2336 124 43 pour
1579 2321 185 55 Nancy,
1810 2318 67 41 M.
1924 2314 222 55 Bolinne,

138 2402 198 43 rendent
367 2399 46 43 la
435 2398 139 43 tâche
599 2410 66 29 un
692 2409 93 44 peu
813 2392 158 43 moins
999 2392 146 42 ardue
1175 2403 59 29 au
1269 2387 113 43 chef
1396 2388 29 40 d
1444 2385 263 43 orchestre.

192 2495 21 41 3
222 2503 15 18 fc
263 2505 241 31 CONCERT.
616 2489 65 42 M.
698 2487 200 50 Geloso,
926 2496 238 40 annonce,
1192 2494 58 28 ne
1276 2488 85 47 put
1386 2477 135 44 venir
1543 2490 83 42 par
1653 2474 120 43 suite
1799 2473 110 41 dun
1937 2469 217 43 accident

140 2556 144 44 arrivé
314 2557 118 42 dans
460 2569 50 28 sa
546 2552 179 43 famille
765 2565 8 27 :
814 2564 53 28 ce
895 2548 82 58 qui
1020 2561 123 28 nous
1186 2544 147 50 valut,
1371 2555 94 29 une
1492 2540 92 42 fois
1630 2539 57 41 de
1738 2537 123 56 plus,
1888 2535 14 40 1
1921 2532 234 43 interlude

140 2620 259 43 orchestral
411 2620 57 42 de
488 2617 327 57 Rédemption,
838 2608 338 59 tantapprécié
1191 2622 58 28 en
1269 2615 121 34 cette
1417 2604 130 50 vide,
1568 2604 56 40 de
1646 2599 198 57 religion
1873 2595 274 53 franckiste,

140 2693 39 33 et
203 2683 217 59 VAdagio
454 2682 58 42 de
541 2683 225 53 Ropartz,
794 2676 139 43 coulé
962 2688 80 28 sur
1074 2672 129 42 l'alto
1229 2683 84 43 par
1339 2668 132 42 René
1500 2664 205 43 Pollain.

195 2749 58 42 Et
284 2749 97 41 l'on
400 2749 103 39 ouït
542 2756 175 31 encore
735 2742 45 41 la
804 2742 160 41 Danse
989 2735 220 43 macabre
1227 2733 57 42 de
1315 2730 326 44 Saint-Saëns.
1679 2728 199 40 Comme
1901 2723 66 41 les
2013 2731 116 31 musi-

141 2810 126 45 ciens
291 2813 57 42 de
387 2811 64 42 M.
479 2810 106 55 Guy
613 2809 208 53 Ropartz
863 2811 84 33 ont
987 2802 253 49 beaucoup
1274 2794 149 57 gagné
1451 2806 58 29 en
1558 2790 266 56 souplesse,
1864 2785 57 43 ils
1959 2797 58 30 en
2048 2795 78 29 ren-

141 2874 166 54 dirent,
334 2888 113 30 avec
470 2873 108 56 plus
605 2872 56 42 de
682 2870 174 42 finesse
880 2879 175 30 encore
1072 2863 139 56 qu'en
1236 2861 56 41 de
1316 2858 282 57 précédents
1625 2860 235 39 concerts,
1878 2849 66 41 les
1987 2849 167 39 détails

141 2938 410 45 d'orchestration.
595 2935 299 56 Symphonie
954 2943 55 29 en
1056 2928 48 41 ré
1157 2938 186 29 mineur
1390 2922 56 40 de
1496 2919 295 47 Schumann,
1844 2926 37 27 si
1935 2912 44 53 jo
2005 2913 147 37 îment

141 3004 226 56 rythmée,
406 3011 45 33 et
477 3001 143 42 d'une
642 2997 133 44 unité
802 2990 335 59 d'inspiration
1164 2987 82 57 qui
1273 2990 235 39 concourt
1530 2981 25 41 à
1584 2980 39 40 la
1662 2976 169 43 rendre
1871 2973 109 56 plus
2006 2973 144 40 claire

141 3079 186 40 encore,
354 3079 123 44 pour
503 3077 123 29 nous
650 3058 248 58 Français.

192 3174 28 38 4
221 3171 18 22 e
263 3171 242 32 concERT.
533 3180 54 7 -
616 3152 320 45 Wallenstein
978 3147 57 42 de
1079 3142 190 56 d'lndy.
1291 3164 54 7 -
1369 3138 54 44 3*
1444 3131 294 59 Symphonie
1774 3124 236 46 d'Albéric
2051 3123 64 42 Ma-

141 3225 143 49 gnard
319 3220 265 54 (reprises).
706 3213 179 47 Jamais
912 3210 280 45 l'orchestre
1238 3218 57 30 ne
1337 3203 69 41 fut
1430 3199 108 58 plus
1564 3210 59 30 en
1642 3206 156 40 verve,
1836 3190 108 58 plus
1970 3188 179 51 colore,

141 3286 103 53 plus
293 3286 295 44 chaleureux
613 3282 120 42 dans
785 3276 409 45 l'entrelacement
1232 3269 82 42 des
1340 3263 183 44 thèmes
1550 3260 56 42 de
1636 3268 209 47 passion,
1871 3253 106 57 plus
2020 3263 99 28 mou-

142 3349 211 43 vementé
381 3362 94 42 que
508 3347 120 43 dans
655 3344 43 42 le
725 3339 225 58 cliquetis
978 3345 45 35 et
1044 3335 68 42 les
1139 3343 218 32 rumeurs
1397 3326 63 42 du
1500 3335 137 43 camp
1681 3320 107 56 plus
1830 3315 170 56 ample,
2043 3315 107 53 plus

142 3414 446 53 mystérieusement
613 3405 233 59 religieux
863 3415 93 45 que
984 3401 117 41 dans
1130 3397 13 41 1
1161 3391 274 60 exposition
1462 3387 94 42 fina
1582 3392 162 36 eut
1785 3392 101 31 eme
1940 3389 134 41 eroiq

197 3479 64 42 La
289 3472 301 61 Symphonie
635 3471 58 43 de
724 3465 235 61 Magnard
984 3471 88 42 est,
1101 3461 25 42 à
1168 3458 45 42 la
1251 3456 109 51 fois,
1388 3460 194 35 savante
1617 3457 44 33 et
1703 3443 169 57 simple
1916 3441 118 42 dans
2075 3450 74 30 ses

142 3542 201 56 exposés
366 3536 342 57 thématiques,
753 3532 168 56 souple
955 3537 46 34 et
1039 3522 251 56 complexe
1336 3518 118 43 dans
1481 3514 67 43 les
1591 3509 422 56 developpem.nts
2055 3511 95 33 tres

142 3606 271 52 modernes,
460 3599 236 47 encadrée
753 3598 121 42 dans
917 3592 70 43 les
1030 3587 345 45 délimitations
1413 3579 281 53 classiques.
1745 3573 61 40 Le
1839 3566 223 46 hautbois
2097 3565 55 42 de

143 3665 328 49 M.Foucault
503 3662 198 58 soupira
722 3658 402 46 délicieusement
1167 3649 118 43 dans
1312 3645 44 43 la
1380 3640 239 61 pastorale
1683 3646 186 33 comme
1910 3631 39 43 le
1987 3643 55 29 co
2093 3630 29 41 d

143 3728 63 45 M.
236 3730 189 45 Pollain
449 3730 26 42 à
500 3728 46 43 la
570 3725 67 43 fin
663 3725 58 43 de
744 3724 44 42 la
808 3718 252 47 deuxième
1081 3721 151 50 partie
1253 3710 56 42 de
1332 3709 44 42 la
1401 3705 189 56 trilogie
1613 3701 57 43 de
1697 3700 29 42 d
1745 3697 139 56 Indy,
1910 3695 126 43 alors
2057 3705 31 44 q
2130 3702 25 32 e

141 3794 218 56 résonne,
386 3806 126 47 pour
536 3792 47 44 la
613 3787 222 46 dernière
865 3782 105 56 fois,
998 3782 42 41 le
1064 3778 160 44 thème
1257 3772 278 60 pathétique
1599 3780 21 29 e
1705 3777 75 29 îec
1806 3776 39 28 a.
