2370 4099
622 75 280 38 ESQUISSES
940 80 282 35 MUSICALES
1260 68 456 53 D'OUTRE-MANCHE

2094 99 24 29 2
2130 97 16 44 5
2163 96 16 50 5

162 287 179 54 timité
377 299 53 38 et
481 287 75 50 du
603 286 182 71 foyer,
823 306 127 51 eux,
987 304 128 59 trop
1161 296 252 71 éloignés
1440 318 149 52 pour
1619 317 227 41 monter
1872 323 70 36 au
1972 308 209 70 temple

164 368 63 52 de
267 365 149 52 leuis
476 381 163 52 peres
691 379 53 38 et
775 386 35 51 y
843 370 224 68 adorer,
1112 391 58 34 se
1205 377 330 54 tournaient
1568 398 101 52 par
1714 382 51 53 la
1812 390 206 63 pensée
2057 405 124 34 vers

159 442 315 55 Jérusalem
528 456 74 53 et,
656 445 30 49 à
729 457 214 40 travers
999 448 78 52 les
1130 468 250 52 espaces,
1420 459 303 51 accordant
1768 459 123 55 leur
1943 480 155 35 cœur
2151 467 30 48 à

161 518 274 56 l'unisson
475 520 68 52 de
576 520 153 54 leurs
761 522 179 54 frères
996 531 177 49 restés
1206 547 70 34 en
1335 531 306 67 Palestine,
1678 536 67 52 ils
1783 538 283 69 parlaient
2113 541 66 52 de

161 602 48 50 la
242 597 178 72 patrie
467 598 255 68 absente,
769 599 69 53 ils
874 603 243 70 priaient
1150 607 141 52 dans
1326 608 49 52 la
1410 609 203 71 langue
1662 612 336 73 hébraïque,
2036 631 53 38 et
2122 636 56 34 se

160 674 296 74 plaisaient
489 679 29 50 à
551 694 306 37 conserver
882 680 49 52 le
959 682 174 69 dépôt
1172 684 100 51 des
1305 699 299 41 coutumes
1647 703 52 38 et
1740 691 98 52 des
1872 692 306 54 traditions

160 751 282 72 antiques.
490 754 152 53 Leur
689 754 275 55 cohésion
998 758 376 56 s'accroissait
1420 776 54 38 et
1521 781 60 35 se
1615 764 253 55 fortifiait
1901 769 274 68 d'autant,

160 845 51 40 et
234 829 152 55 aussi
410 830 123 54 leur
566 849 205 36 amour
795 834 68 52 de
899 834 48 52 la
970 834 149 53 Ville
1148 835 194 55 Sainte
1378 852 53 39 et
1467 840 99 51 des
1608 859 386 39 souvenances
2020 845 98 72 qui
2142 863 37 55 y

159 909 320 55 dormaient
512 928 268 37 encore...
811 912 160 66 Puis,
1009 932 98 34 sur
1157 915 49 51 le
1258 917 144 61 tard,
1440 919 193 67 quand
1680 919 137 70 lage
1846 923 145 52 avait
2025 924 152 69 glacé

159 989 146 51 leurs
338 986 311 68 membres,
673 986 69 54 ils
771 989 362 70 reprenaient
1156 992 50 50 la
1229 1005 163 40 route
1416 994 67 51 de
1510 994 51 51 la
1587 994 106 52 cité
1721 998 66 51 de
1824 998 180 53 David
2034 1018 145 51 pour

157 1065 134 54 aller
321 1063 244 68 mourir,
604 1064 200 70 là-bas,
853 1070 29 49 à
926 1068 240 52 l'ombre
1200 1070 76 51 du
1302 1070 247 65 Moriah,
1586 1085 55 39 et
1672 1091 235 52 reposer
1954 1077 140 52 dans
2128 1079 51 51 la

156 1141 170 54 vallée
371 1143 67 50 de
491 1141 300 71 Josaphat,
836 1144 194 53 bercés
1086 1146 434 54 éternellement
1576 1167 100 52 par
1730 1150 80 52 les
1864 1152 311 54 cantilènes

156 1218 264 54 funèbres
448 1219 100 52 des
574 1218 350 55 survivants.

223 1299 96 53 Un
352 1296 101 54 fait
503 1296 280 71 analogue
829 1317 31 34 a
904 1312 243 40 souvent
1182 1299 113 54 lieu
1331 1319 68 34 en
1435 1303 246 53 Irlande.
1722 1305 79 51 La
1855 1305 225 68 misère,
2126 1308 52 52 la

157 1374 266 54 difficulté
471 1375 69 52 de
582 1375 153 53 vivre
771 1389 101 38 ont
912 1376 188 71 obligé
1148 1394 79 36 un
1265 1379 241 52 nombre
1552 1380 391 55 considérable
1989 1384 67 52 de
2090 1403 88 33 ses

156 1453 220 52 enfants
410 1456 31 49 à
476 1451 243 54 s'exiler.
753 1453 76 52 Ils
870 1466 100 39 ont
999 1453 84 52 dit
1123 1454 166 53 adieu
1324 1458 30 49 à
1390 1455 51 52 la
1468 1469 146 41 terre
1643 1456 98 71 qui
1775 1458 80 52 les
1878 1459 80 53 vit
1995 1463 182 50 naître

156 1544 51 39 et
239 1529 67 53 ils
352 1544 130 38 sont
526 1530 198 70 partis.
769 1531 65 51 Je
876 1530 236 53 connais
1153 1531 298 69 là-dessus,
1498 1550 98 36 sur
1628 1552 58 34 ce
1728 1534 204 71 simple
1965 1538 210 66 thème,

156 1625 107 36 une
288 1609 260 51 chanson
583 1609 237 52 d'allure
863 1607 183 65 triste,
1083 1609 234 54 triste...
1351 1610 46 52 si
1431 1610 161 53 triste
1619 1613 174 68 qu'on
1820 1630 68 35 en
1914 1614 265 53 voudrait

156 1686 241 70 pleurer.
428 1686 44 52 Il
505 1704 36 52 y
566 1704 31 33 a
630 1686 68 52 de
721 1685 151 53 vrais
900 1686 254 71 sanglots
1195 1687 68 53 de
1290 1701 186 58 regret
1502 1703 54 38 et
1589 1690 67 52 de
1693 1690 319 53 désolation
2037 1693 140 50 dans

156 1765 48 51 la
236 1764 272 70 musique
535 1776 52 40 et
611 1764 80 52 les
712 1764 226 70 paroles
969 1779 10 35 :

226 1865 23 26 «
288 1842 80 52 Oh
391 1842 20 52 !
437 1842 68 52 où
533 1841 183 53 l'exilé
740 1840 155 54 a-t-il
917 1859 98 34 son
1045 1840 285 71 foyer?...
1465 1844 86 50 Là
1585 1844 67 52 où
1686 1842 54 54 la
1774 1851 295 63 montagne
2099 1853 80 45 est

164 1920 250 70 abrupte,
965 1919 88 52 Là
1223 1920 68 52 où
1444 1917 54 54 la
1614 1917 173 55 vallée
2013 1924 82 47 est

152 1997 165 54 ondes
349 1997 66 54 de
441 1995 196 70 TOhio,
755 1997 87 51 Là
869 1997 68 51 où
973 1995 97 52 nul
1100 1995 224 53 sourire
1357 1996 343 72 réjouissant
1825 1997 89 54 Ne
1945 1997 232 54 viendra

154 2081 247 64 tromper
425 2091 98 35 son
564 2072 307 73 chagrin.,.
908 2072 53 52 là
988 2072 185 54 l'exilé
1201 2091 121 35 asa
1355 2074 232 52 maison.
1628 2095 25 27 »

218 2152 221 71 Malgré
466 2165 145 48 tout,
656 2150 180 52 l'exilé
870 2150 273 53 irlandais
1192 2164 145 39 reste
1377 2151 219 51 attaché
1650 2169 69 34 au
1765 2169 141 53 pays
1951 2151 221 53 d'Erin.

151 2230 136 67 Oui,
316 2231 52 51 la
392 2244 156 38 verte
575 2228 145 54 Erin
743 2246 29 33 a
794 2244 147 53 pour
973 2227 78 54 lui
1078 2245 79 36 un
1182 2227 230 52 charme
1445 2227 234 52 attirant
1718 2228 206 69 auquel
1958 2227 38 52 il
2038 2230 136 51 cède

147 2325 245 55 presque
439 2305 484 56 infailliblement.
974 2306 140 51 Plus
1145 2305 148 64 tard,
1328 2303 37 52 il
1418 2322 36 53 y
1495 2319 353 50 retournera,
1895 2322 68 35 ne
1998 2305 177 52 fût-ce

150 2402 108 54 que
293 2402 148 54 pour
472 2383 249 72 respirer
752 2400 78 36 un
871 2395 263 39 moment
1166 2381 52 52 la
1261 2380 149 53 brise
1465 2381 210 52 fraîche
1709 2381 69 53 de
1812 2399 103 34 son
1953 2381 94 52 île.
2085 2382 90 51 En

151 2463 316 65 attendant,
504 2461 37 53 il
568 2462 292 65 demeure,
890 2461 67 51 de
985 2462 131 67 près
1150 2476 74 34 ou
1251 2458 68 52 de
1346 2457 138 65 loin,
1506 2458 163 52 fidèle
1697 2475 108 35 aux
1836 2476 68 34 us
1932 2460 215 50 d'autre-

147 2540 109 53 fois
282 2560 11 46 ;
343 2541 37 52 il
423 2557 71 35 ne
528 2538 257 71 suspend
834 2555 101 53 pas
970 2555 59 33 sa
1079 2537 176 69 harpe
1289 2554 107 35 aux
1441 2536 186 52 saules
1670 2536 246 70 penchés
1951 2552 97 36 sur
2093 2536 77 51 les

152 2618 170 54 bords
357 2618 75 54 du
462 2617 183 53 fleuve
669 2620 264 64 étranger
956 2631 149 53 pour
1148 2632 58 33 se
1257 2626 299 39 contenter
1589 2613 67 52 de
1702 2612 202 71 gémir,
1962 2612 51 52 la
2066 2615 109 49 tête

151 2696 138 52 dans
317 2714 89 33 ses
447 2693 207 54 mains.
700 2693 81 51 La
827 2691 174 70 harpe
1036 2690 50 52 le
1112 2690 115 53 suit
1258 2702 54 38 et
1346 2707 132 33 avec
1509 2690 104 50 elle
1652 2690 79 50 les
1758 2690 302 64 chansons,
2097 2688 77 51 les

151 2772 163 53 vieux
335 2772 133 67 airs,
500 2772 50 52 le
899 2768 155 74 folk-lore,
1055 2780 126 39 toutes
1182 2783 80 35 ces
1263 2764 282 72 multiples
1572 2766 199 52 choses
1811 2764 98 70 qui
1937 2781 68 36 ne
2045 2777 130 40 sont

150 2850 138 62 rien,
331 2862 55 40 et
418 2848 100 71 qui
552 2860 132 40 sont
730 2857 126 41 tout
898 2860 165 54 parce
1119 2842 235 70 qu'elles
1389 2855 128 39 sont
1567 2842 310 68 davantage
1923 2863 22 25 «
1998 2857 138 34 nous-

150 2931 218 49 mêmes
405 2950 24 27 »
460 2941 53 39 et
538 2926 253 53 forment
819 2923 50 51 le
895 2919 347 73 patrimoine
1262 2921 76 50 du
1363 2936 176 34 cœur.

216 3004 153 70 Qu'il
394 3004 78 53 ait
512 3002 216 71 émigré
761 3003 30 48 à
828 2998 281 66 Londres,
1145 3013 70 36 au
1252 2994 254 66 Canada,
1557 3011 107 35 aux
1707 2992 367 66 Etats-Unis,
2103 3010 70 34 en

148 3082 309 65 Australie,
509 3077 324 56 l'lrlandais
880 3074 185 54 redira
1111 3073 132 53 bien
1283 3073 97 52 des
1441 3069 110 54 fois
1584 3071 80 50 les
1707 3068 275 53 mélodies
2032 3082 114 38 atta-

148 3159 234 55 chantes
410 3158 99 73 qui
538 3158 49 53 le
607 3166 397 59 transportent
1025 3154 143 52 dans
1201 3152 50 51 le
1280 3170 27 29 «
1335 3149 170 52 home
1533 3168 49 43 »,
1614 3147 48 52 le
1702 3144 141 66 vrai,
1869 3147 49 51 le
1966 3145 120 53 sien
2121 3161 53 38 et

150 3238 144 53 celui
319 3239 67 51 de
415 3256 89 34 ses
541 3247 249 61 parents.

220 3313 94 57 Où
352 3314 137 73 qu'il
514 3312 132 67 soit,
675 3312 39 52 il
747 3311 122 52 faut
900 3307 140 71 qu'il
1081 3305 204 54 chante
1312 3316 54 40 et
1392 3321 57 34 se
1482 3303 282 52 découvre
1788 3318 131 36 avec
1942 3300 78 51 les
2046 3316 96 35 sen-

150 3392 233 54 timents
416 3392 101 71 qui
562 3389 322 63 l'animent,
928 3387 80 51 les
1045 3382 264 73 passions
1342 3380 200 54 nobles
1568 3393 54 39 et
1644 3383 340 67 généreuses
2017 3393 125 34 enra-

150 3469 186 55 cinées
391 3490 71 34 en
517 3468 99 56 lui.
670 3465 120 56 Son
839 3464 304 62 caractère,
1195 3459 279 52 aisément
1516 3457 111 71 gai,
1685 3455 200 52 ardent
1916 3452 154 54 aussi
2119 3467 54 38 et

148 3548 461 70 chevaleresque,
639 3565 30 33 a
712 3542 201 54 besoin
955 3542 67 50 de
1056 3551 143 40 cette
1238 3537 255 50 flamme.
1545 3535 46 51 Il
1625 3552 49 47 a,
1704 3530 305 66 dailleuis,
2052 3543 122 38 tant

155 3641 53 38 et
242 3641 122 39 tant
391 3629 29 50 à
455 3637 214 42 conter.

221 3707 49 49 A
298 3704 282 65 Londres,
707 3717 93 35 car
832 3695 223 55 ceux-là
1095 3704 227 42 surtout
1347 3707 146 37 nous
1521 3689 361 62 intéressent,
2017 3681 66 52 ils
2117 3699 56 34 se
