2370 4099
745 169 60 30 LE
840 161 244 37 MERCURE
1119 155 225 37 MUSICAL
1484 133 233 61 15-111-06

294 218 0 0 264

207 392 84 43 des
318 390 104 53 plus
447 385 179 50 faciles,
668 380 112 44 bien
805 390 93 44 que
925 371 259 59 composée
1207 382 125 46 pour
1355 367 117 44 elles
1498 378 86 43 par
1604 363 65 42 M.
1702 360 137 46 D.-E.
1868 359 356 62 Inghelbrecht;

209 449 281 49 néanmoins
513 453 107 37 tout
644 457 53 30 ce
722 441 119 59 petit
873 438 178 44 monde
1070 449 49 31 se
1143 433 92 44 tira
1256 433 26 42 à
1306 428 245 46 merveille
1574 428 84 42 des
1680 438 228 44 passages
1936 424 68 43 les
2030 425 104 56 plus
2154 433 48 53 pé-

207 517 170 43 rilleux
433 510 314 46 croisements
788 505 57 43 de
866 501 173 55 mains,
1085 499 345 56 changements
1480 493 57 41 de
1565 503 211 38 mesure,
1821 487 211 59 rythmes
2054 491 171 55 parfois

206 580 216 55 gênants.
442 575 216 43 L'œuvre
682 571 57 43 de
757 570 66 42 M.
841 564 361 61 Inghelbrecht,
1586 552 271 59 comprend
1882 552 125 43 deux
2032 557 191 46 recueils

206 644 58 43 de
297 641 154 43 douze
475 637 163 59 pièces
663 634 153 44 bâties
844 645 81 30 sur
949 631 84 43 des
1056 626 186 46 thèmes
1283 625 60 42 de
1374 622 248 43 chansons
1663 632 67 29 ou
1773 617 180 43 rondes
1980 617 243 52 d'enfants.

210 707 89 42 Les
325 703 422 56 développements
770 711 58 29 en
854 703 109 36 sont
986 693 223 54 toujours
1235 686 278 59 ingénieux,
1539 693 45 35 et
1606 682 31 43 il
1661 681 210 44 faudrait
1891 683 203 55 pouvoir
2117 684 108 47 citer

205 778 157 37 toutes
385 781 79 30 ces
489 766 177 57 pièces,
691 763 109 57 plus
837 759 344 43 intéressantes
1214 753 69 44 les
1330 764 123 32 unes
1480 763 94 43 que
1602 748 68 44 les
1708 757 179 43 autres,
1912 747 168 57 depuis

207 832 347 45 Stram-Gram
573 842 64 30 ou
661 827 44 43 la
728 824 204 46 Ballade
950 823 59 43 du
1021 820 121 60 petit
1164 818 156 56 Jésus,
1343 815 189 59 jusqu'à
1559 813 102 44 Une
1687 811 141 60 poule
1851 824 85 29 sur
1971 825 59 30 un
2058 827 101 29 mur
2187 825 41 35 et

207 898 68 44 Le
289 896 117 58 petit
428 895 151 43 bossu.

271 961 63 41 Le
359 968 302 47 programme
689 950 287 60 comportait
1000 964 58 30 en
1084 956 137 37 outre
1246 947 70 43 les
1341 944 96 45 très
1471 942 300 44 attachantes
1812 940 245 44 Chansons
2094 957 134 44 popu•

210 1023 145 45 laires
375 1022 58 43 de
460 1022 66 43 M.
551 1020 146 45 Emile
720 1018 301 49 Vuillermoz,
1047 1012 155 58 parmi
1245 1007 261 61 lesquelles
1541 1006 120 43 trois
1713 1004 249 44 Chansons
1992 1007 210 44 canadien-

210 1100 94 30 nes.
333 1086 91 42 Ces
441 1083 240 45 chansons
780 1088 103 34 tant
907 1076 279 60 populaires
1213 1087 93 46 que
1331 1070 329 47 canadiennes
1678 1093 57 8 —
1760 1077 111 34 sont
1896 1068 57 43 de
1980 1068 243 48 véritables

207 1149 173 59 petites
423 1159 207 41 œuvres,
671 1144 184 56 chaque
896 1140 196 59 strophe
1119 1147 224 36 recevant
1373 1150 67 30 un
1477 1140 470 51 accompagnement
1979 1131 213 47 différent
2215 1150 9 40 ;

207 1214 33 43 il
263 1227 59 29 en
344 1210 177 46 résulte
540 1224 67 29 un
630 1209 173 43 intérêt
827 1220 113 31 sans
955 1219 137 30 cesse
1117 1201 262 47 renouvelé
1414 1209 47 35 et
1484 1213 97 30 une
1607 1199 240 43 heureuse
1886 1196 202 46 alliance
2108 1199 55 44 de
2187 1200 40 44 la

209 1289 170 32 saveur
403 1272 155 45 native
584 1274 59 43 de
666 1272 44 44 la
734 1270 210 44 mélodie
971 1283 115 30 avec
1110 1269 46 43 la
1181 1266 214 44 richesse
1420 1261 323 58 harmonique
1767 1262 58 43 de
1865 1261 336 60 l'accompagne-

209 1349 146 35 ment.
390 1338 131 44 Elles
554 1343 110 37 sont
705 1333 246 47 d'ailleurs
991 1342 160 34 toutes
1191 1330 401 45 délicieusement
1633 1326 160 58 jolies,
1842 1335 47 35 et
1929 1326 188 57 j'aurais
2157 1328 71 45 été

209 1403 96 43 fort
328 1401 297 45 embarrassé
649 1401 60 43 de
732 1399 119 44 fixer
871 1411 113 30 mon
1005 1397 142 43 choix
1172 1396 40 43 si
1238 1396 47 41 M
1292 1402 49 20 mo
1357 1393 153 43 Marie
1536 1390 197 45 Mockel
1754 1404 60 30 ne
1842 1390 189 45 m'avait
2051 1402 177 34 surtout

210 1464 190 46 charmé
424 1477 112 32 avec
560 1464 102 43 Une
681 1460 267 52 Perdriole,
968 1462 93 43 Les
1085 1459 119 44 trois
1227 1458 278 44 Princesses
1524 1465 46 35 et
1593 1455 174 43 Jardin
1790 1454 245 56 d'Amour,
2061 1454 78 58 qui
2161 1470 64 31 me

211 1529 236 44 semblent
476 1524 442 61 particulièrement
939 1523 233 45 convenir
1213 1524 27 43 à
1265 1537 51 29 sa
1339 1521 114 46 voix
1495 1520 218 60 exquise,
1743 1534 61 29 au
1843 1520 193 44 charme
2058 1534 62 29 un
2144 1534 84 43 peu

210 1591 117 43 frêle
355 1600 45 34 et
421 1590 38 44 si
484 1589 86 45 fin.

266 1656 72 43 La
530 1656 118 56 Nursery
649 1662 57 36 et
707 1655 49 43 les
1399 1653 245 45 Chansons
1655 1651 295 60 populaires,
1377 1648 123 46 ainsi
1527 1662 92 43 que
1659 1648 129 45 leurs
1813 1647 281 60 interprètes
2202 1664 27 43 y

211 1717 208 57 compris
445 1726 45 35 et
508 1726 188 35 surtout
722 1717 67 43 les
812 1717 110 57 plus
946 1714 164 59 petits,
1216 1714 290 43 obtiennent
1543 1713 45 43 le
1613 1712 112 58 plus
1749 1712 71 44 vif
1842 1722 47 34 et
1913 1713 42 43 le
1992 1712 105 57 plus
2121 1712 86 58 légi-

210 1782 114 43 time
351 1780 188 46 succès.
1632 1778 121 43 JEAN
1778 1779 240 43 POUEIGH.

273 1892 65 42 Le
362 1901 197 34 concert
584 1892 160 43 donné
779 1891 43 44 le
846 1892 56 43 26
929 1891 172 44 février
1137 1904 86 44 par
1249 1891 64 43 M.
1344 1890 127 44 Théo
1496 1891 252 44 Delacroix
1780 1897 193 50 compte
1993 1887 147 60 parmi
2162 1887 63 43 les

212 1956 110 57 plus
343 1956 175 55 grands
545 1954 166 45 succès
739 1965 46 34 et
802 1956 67 44 les
894 1954 108 59 plus
1021 1954 289 59 importants
1325 1956 314 43 événements
1666 1954 60 45 de
1752 1953 45 45 la
1819 1952 180 46 saison.
2026 1952 198 43 D'abord

215 2019 27 43 à
264 2032 143 30 cause
429 2019 65 42 du
525 2019 150 43 talent
695 2019 58 43 de
775 2020 67 44 M.
871 2018 274 56 Delacroix,
1174 2019 138 45 ténor
1335 2018 25 44 à
1386 2018 46 44 la
1451 2018 113 44 voix
1584 2018 223 54 délicate,
1843 2018 156 53 émue,
2032 2017 197 52 colorée,

214 2089 62 47 et,
302 2095 84 42 par
428 2095 88 30 son
558 2083 122 57 style
734 2081 336 59 exquisement
1104 2081 218 55 musical,
1350 2081 144 59 digne
1533 2081 125 45 frère
1696 2083 58 43 de
1790 2095 90 31 son
1927 2080 138 53 frère,
2096 2081 59 42 M.
2180 2080 50 42 A.

215 2144 274 52 Delacroix,
515 2145 118 43 dont
659 2146 66 43 M.
756 2145 148 44 Louis
931 2145 150 58 Laloy
1106 2145 265 58 appréciait
1393 2145 378 56 dernièrement,
1810 2160 112 29 sans
1960 2145 127 44 nulle
2130 2158 75 29 exa-

214 2207 233 57 gération,
474 2208 44 44 la
545 2208 212 45 maîtrise
805 2208 362 59 incomparable
1193 2211 79 54 (1).
1318 2211 68 42 La
1749 2211 58 43 de
1849 2211 146 43 César
2040 2207 192 51 Franck,

215 2271 201 44 chantée
438 2286 87 42 par
546 2272 66 43 lui
638 2287 115 29 avec
771 2287 66 29 un
861 2273 367 45 recueillement
1254 2283 45 35 et
1329 2288 97 31 une
1451 2276 127 57 piété
1603 2276 292 43 touchantes
1918 2276 63 57 (et
2011 2273 91 43 fort
2126 2273 103 42 bien

217 2335 353 57 accompagnée
610 2337 27 42 à
661 2337 179 57 l'orgue
879 2352 85 43 par
991 2338 66 44 M.
1095 2338 161 57 Loth),
1753 2342 60 42 de
1851 2339 169 52 Fauré,
2055 2337 98 44 l'air
2176 2335 57 44 du

243 2395 273 55 Cimetière,
518 2398 59 44 de
597 2399 45 43 la
1125 2400 124 42 Nuit
1415 2414 221 43 persane,
1053 2410 85 33 ont
1162 2401 238 45 vraiment
1440 2403 164 44 donné
1631 2404 46 43 la
1702 2404 250 44 sensation
1998 2403 56 43 de
2079 2400 97 43 l'art
2195 2398 39 43 le

216 2461 109 57 plus
349 2475 91 42 pur
482 2471 44 35 et
546 2462 42 44 le
611 2462 108 59 plus
758 2464 191 57 parfait.
981 2466 63 42 Le
1071 2479 326 44 programme,
1424 2466 96 45 très
1547 2469 304 52 munificent,
1875 2467 53 45 fit
1953 2465 202 46 admirer
2180 2475 53 31 en

219 2532 134 34 outre
379 2523 44 43 la
446 2525 110 43 voix
581 2525 155 57 légère
764 2527 57 42 de
857 2527 105 42 Mme
987 2528 244 58 Gandrey,
1254 2528 42 42 la
1315 2531 180 56 grande
1522 2531 310 58 intelligence
1866 2533 60 42 de
1956 2532 102 42 Mme
2092 2528 41 44 la
2159 2527 53 42 Ba-

220 2600 151 29 ronne
393 2588 122 51 d'A.,
537 2588 46 43 la
615 2589 123 44 belle
764 2589 368 57 interprétation
1178 2593 59 43 de
1287 2594 109 42 Mme
1442 2597 237 56 Mayrand
1711 2598 121 43 dans
1879 2598 43 42 la
1956 2592 203 61 Phydile
2182 2591 53 43 de

221 2648 207 57 Duparc,
452 2659 45 33 et
522 2659 188 36 surtout
733 2653 44 42 la
803 2654 251 56 souplesse
1087 2664 47 35 et
1160 2655 43 44 la
1242 2657 247 57 précision
1532 2662 237 43 extrêmes
1804 2662 64 42 du
1894 2660 79 58 jeu
1998 2659 57 43 de
2096 2658 63 42 M.
2183 2655 52 42 A.

220 2711 269 56 Delacroix,
521 2714 310 59 l'infatigable
856 2729 454 48 accompagnateur,
1332 2723 83 57 qui
1435 2724 245 58 triompha
1712 2739 191 31 comme
1941 2723 161 45 soliste
2126 2723 111 42 dans

220 2773 126 45 deux
383 2786 257 36 œuvrettes
666 2780 58 42 de
751 2794 52 29 sa
828 2781 327 57 composition
1194 2794 44 34 et
1263 2785 120 44 dans
1430 2786 45 45 la
1517 2789 128 43 Mort
1668 2789 217 44 d'Yseult
1917 2789 57 43 de
2012 2787 220 55 Wagner.

225 2838 65 43 Le
315 2850 195 34 concert
534 2855 49 30 se
607 2843 244 45 terminait
866 2859 87 43 par
976 2846 45 43 la
1886 2847 125 45 Nuit
2021 2862 204 45 persane
1400 2851 58 44 de
1494 2852 340 55 Saint-Saëns,
1857 2854 65 43 où
1947 2854 67 41 les
2036 2851 197 47 chœurs,

221 2900 174 59 dirigés
421 2917 85 43 par
530 2904 43 43 le
600 2906 171 53 même,
794 2907 160 46 furent
998 2911 256 45 au-dessus
1282 2913 57 43 de
1381 2922 109 37 tout
1534 2931 54 29 ce
1622 2918 150 57 qu'on
1819 2916 197 58 pouvait
2058 2912 179 58 espérer

220 2965 29 43 d
268 2975 255 36 amateurs.
560 2969 118 45 Bien
704 2983 240 33 rarement
982 2974 46 43 la
1070 2974 116 46 salle
1235 2977 165 59 Pleyel
1432 2981 128 44 avait
1594 2997 64 29 vu
1702 2982 198 58 pareille
1937 2979 231 45 affluence
2194 2973 43 44 ni

219 3029 150 54 pareil
395 3030 377 48 enthousiasme.
802 3036 76 54 Et,
904 3036 178 58 malgré
1104 3052 96 31 une
1232 3040 150 46 heure
1409 3057 136 30 assez
1584 3045 203 56 tardive,
1814 3045 32 43 il
1889 3045 77 57 n'y
1990 3052 80 35 eut
2110 3038 128 61 point

221 3091 57 42 de
299 3092 165 56 départ
497 3096 270 56 prématuré
791 3113 11 29 :
836 3113 80 30 car
960 3101 42 43 le
1045 3102 193 46 charme
1264 3106 58 43 de
1365 3108 229 58 musique
1635 3124 61 29 ne
1736 3109 159 45 faiblit
1920 3121 84 46 pas
2035 3120 65 29 un
2141 3100 98 47 seul

220 3153 193 47 instant.

276 3218 40 42 A
334 3219 43 42 la
403 3221 218 45 dernière
647 3222 81 44 des
1302 3227 178 43 soirées
1698 3228 212 55 Barrau,
1181 3231 44 44 le
1249 3247 54 29 22
1324 3232 190 57 février,
1533 3236 75 57 j'ai
1628 3251 60 29 eu
1710 3237 43 44 le
1780 3236 168 58 plaisir
1973 3228 264 51 d'entendre

221 3279 107 43 Mme
353 3284 144 43 Marie
516 3285 207 45 Panthès
748 3289 120 43 dans
889 3290 120 45 trois
1030 3293 158 44 valses
1213 3297 60 43 de
1294 3298 215 57 Chopin,
1533 3301 285 58 auxquelles
1844 3315 64 30 on
1937 3315 24 29 a
1985 3311 117 45 paru
2122 3290 115 47 tenir

219 3342 193 58 rigueur
445 3348 58 41 de
536 3363 26 26 n
583 3349 98 44 être
724 3365 85 42 pas
836 3353 225 57 inédites,
1084 3372 191 31 comme
1299 3362 41 43 si
1379 3363 119 44 elles
1524 3365 191 45 avaient
1749 3365 203 45 souffert
1981 3365 65 42 du
2075 3368 164 47 temps.

220 3405 20 43 J
263 3406 43 42 ai
330 3407 121 45 aimé
484 3411 45 42 la
567 3411 205 57 justesse
800 3416 57 43 de
880 3419 116 54 goût
1011 3420 59 43 de
1095 3421 44 43 la
1162 3422 98 45 très
1284 3425 210 46 aimable
1517 3429 163 44 artiste
1721 3438 46 35 et
1801 3429 47 44 la
1890 3436 166 36 nature
2082 3422 89 45 fine
2196 3424 42 38 et

219 3468 155 47 déliée
402 3473 58 42 de
485 3489 88 29 son
597 3477 95 55 jeu.
918 3485 56 42 de
996 3485 321 48 Mouromzew
1338 3504 26 29 a
1383 3505 97 30 une
1500 3492 113 43 voix
1642 3494 107 44 vive
1776 3502 47 36 et
1843 3492 198 52 fraîche,
2064 3483 173 50 chétive

219 3544 174 33 encoie
419 3537 118 43 dans
564 3538 67 44 les
656 3552 138 34 notes
816 3544 188 55 hautes,
1045 3549 119 44 dont
1209 3551 45 44 la
1275 3553 211 45 timidité
1509 3555 161 45 faisait
1693 3571 67 31 un
1804 3557 194 45 charme
2034 3556 57 42 de
2120 3548 119 60 plus.

221 3595 69 43 La
314 3626 8 12 .
445 3596 232 47 Sérénade
703 3617 11 28 1
996 3604 149 45 nutile
1166 3621 14 28 c
781 3607 45 43 le
871 3609 221 57 Brahms,
1131 3613 123 44 ainsi
1293 3616 307 58 interprétée,
1626 3622 156 56 prend
1819 3635 96 30 une
1947 3617 167 47 malice
2138 3610 101 46 bien

219 3659 128 53 jolie.
372 3661 273 48 Beethoven
672 3678 46 33 et
739 3670 101 45 Léo
870 3673 150 44 Sachs
1047 3678 345 56 complétaient
1416 3680 43 45 le
1492 3696 327 45 programme.

1585 3749 182 44 JOSEPH
1792 3750 235 43 TRILLAT.

268 3800 33 45 (i
416 3800 207 44 Mercure
878 3809 192 50 musical,
793 3811 44 41 is
865 3811 172 53 février,
1058 3828 111 40 page
1197 3819 96 44 166.
