2370 4099
854 176 167 33 REVUE
1058 179 64 30 DE
1160 181 59 29 LA
1255 181 272 37 QUINZAINE

2107 179 84 55 283

176 376 211 57 princier
413 386 45 33 et
485 377 58 43 de
570 378 43 43 la
642 381 245 52 pantoufle
933 384 57 42 de
1035 385 181 46 cristal.
1261 389 52 42 Je
1347 389 210 56 rajeunis
1610 391 25 42 à
1682 391 187 56 chaque
1897 393 191 43 tableau
2133 404 59 42 et,

177 454 58 28 au
260 440 240 54 prochain
526 442 250 54 entr'acte,
819 445 43 56 je
889 448 99 42 vais
1014 449 235 55 dépenser
1272 466 57 28 au
1357 452 155 44 moins
1550 459 120 53 Jour
1689 469 144 43 pence
1876 457 22 40 à
1940 456 256 43 m'acheter

177 503 82 42 des
287 503 226 42 bonbons
536 505 235 46 acidulés.
794 509 137 44 Voici
959 511 67 42 les
1053 513 168 43 finales
1249 516 292 54 apothéoses
1572 531 10 38 ;
1610 519 42 54 je
1698 529 123 33 reste
1847 519 188 56 pétrifié
2077 520 118 42 dans

176 579 115 30 mon
318 565 223 56 fauteuil,
569 568 69 42 les
665 583 123 41 yeux
823 571 305 58 écarquillés,
1157 587 45 32 et
1228 578 40 41 le
1297 589 230 34 tonnerre
1568 582 63 54 (i)
1658 583 58 41 de
1764 583 117 43 Dieu
1926 584 220 42 tombant
2171 583 26 43 à

178 643 109 30 mon
322 631 108 42 coté
456 644 58 29 ne
542 645 73 28 me
635 632 144 43 ferait
802 649 84 40 pas
913 646 202 34 tourner
1141 640 42 40 la
1206 640 113 46 tête.
1357 643 90 41 Les
1471 654 124 31 mots
1623 658 73 29 me
1721 657 278 44 manquent,
2027 646 146 57 positi-

174 703 192 33 vement
392 710 8 26 :
429 711 17 22 «
484 694 76 42 Oh
589 696 7 40 !
625 710 113 27 mon
767 698 164 55 vieux,
958 701 147 56 c'que
1127 703 115 43 c'est
1274 704 106 42 chic
1403 705 8 43 !
1441 721 21 24 >*
1491 720 72 29 me
1585 708 157 54 paraît
1764 708 42 42 la
1842 710 128 41 seule
1992 710 202 42 formule

175 757 348 55 appréciative,
560 758 402 47 définitivement.
990 764 52 42 Je
1076 765 93 54 m'y
1197 765 141 45 tiens.

233 851 49 14 ...
313 821 218 55 Fragson
553 823 216 41 ténorise
795 824 118 43 dans
936 826 273 44 Cinderella
1237 842 113 29 avec
1378 844 88 29 son
1489 832 148 43 talent
1653 847 160 29 connu
1840 844 44 32 et
1912 835 83 42 des
2018 835 176 42 allures

172 882 434 58 franco-anglaises
643 885 248 58 Whispers
915 889 56 56 of
994 890 140 50 Love,
1159 891 107 41 Mal
1289 892 54 42 de
1366 907 100 29 mer
1491 905 45 33 et
1568 906 165 32 autres
1766 897 220 55 couplets
2010 898 185 41 adroits

173 948 269 54 perpétrés,
488 946 125 44 ainsi
656 949 178 55 qu'une
888 964 141 29 scene
1074 953 241 44 d'entente
1373 957 233 51 cordiale,
1667 963 95 37 très
1812 971 265 41 amusante,
2110 974 86 42 par

175 1009 236 52 Percival,
439 1011 43 41 le
510 1011 221 42 meilleur
753 1013 138 43 des...
912 1014 226 47 Referees
1162 1035 9 32 ;
1207 1016 160 57 Harry
1394 1020 229 53 Randall,
1656 1022 186 43 Walter
1872 1024 252 41 Passmore
2151 1030 54 35 et

174 1073 184 42 Arthur
388 1073 244 43 Williams
670 1089 48 28 se
756 1087 246 32 montrent
1040 1078 141 42 d'une
1223 1080 340 45 bouffonnerie
1604 1084 153 56 aiguë,
1801 1085 294 50 charmante,
2138 1086 58 41 de

177 1150 155 28 meme
357 1138 149 54 qu'un
539 1138 111 42 chat
677 1138 83 55 qui
798 1139 179 43 s'avère
1011 1141 112 42 bien
1148 1145 334 54 remarquable
1522 1148 253 40 comédien
1805 1147 8 40 !
1844 1147 256 55 Beaucoup
2140 1148 55 41 de

176 1199 266 43 danseuses
469 1210 44 32 et
538 1201 57 41 de
628 1201 169 43 chorus
820 1203 126 57 girls
967 1215 258 32 entourent
1257 1209 356 53 agréablement
1644 1210 118 42 Miss
1789 1211 213 52 Queenie
2029 1210 140 56 Leigh-

174 1271 85 32 ton
292 1272 47 32 et
364 1263 116 42 Miss
496 1264 139 55 Mary
661 1265 58 41 de
741 1265 174 50 Sousa,
934 1266 79 55 qui
1040 1267 228 43 chantent
1290 1269 305 55 simplement
1620 1272 55 41 de
1699 1273 40 40 la
1758 1273 221 54 musique
2008 1273 185 55 simple,

176 1324 120 42 Miss
325 1324 138 57 Polly
491 1326 195 57 Emery,
714 1328 82 55 qui
829 1339 112 32 veut
973 1329 109 43 bien
1112 1331 262 54 s'enlaidir,
1400 1333 119 42 Miss
1547 1334 160 42 Mabel
1731 1336 234 52 Robbins,
1994 1336 196 55 exquise

175 1388 323 44 chasseresse.

1181 1457 16 16 *

1164 1495 16 17 *
1199 1495 15 17 ¥

230 1543 212 44 J'estime
468 1547 145 53 qu'on
654 1555 134 47 peut,
813 1560 111 29 sans
958 1548 330 56 exagération,
1329 1549 284 43 considérer
1636 1549 43 43 le
1712 1550 132 42 Nero
1881 1551 61 41 du
1982 1550 87 42 His
2096 1551 69 41 Ma-

178 1607 162 56 jesty's
367 1608 211 43 Theatre
601 1623 190 28 comme
814 1623 94 29 une
936 1611 299 54 pantomime
1273 1612 195 44 d'hiver.
1512 1613 138 41 Voici
1688 1613 300 55 l'empereur,
2029 1626 51 28 ce
2106 1627 58 27 co-

176 1671 195 42 médien
415 1671 144 43 affolé
605 1671 201 54 d'effets,
847 1674 265 55 Agrippine
1160 1684 47 33 et
1258 1675 210 56 Poppée,
1513 1690 78 28 ces
1639 1677 154 40 reines
1822 1677 55 40 de
1920 1676 161 52 féerie,
2127 1675 66 42 les

177 1734 169 43 chorus
389 1735 126 58 girls
549 1736 58 42 de
642 1736 42 42 la
724 1736 112 44 villa
863 1738 268 54 impériale,
1159 1738 67 42 les
1253 1740 217 55 cortèges
1507 1738 258 56 héroïques
1792 1748 45 32 et
1862 1738 247 55 bruyants,
2146 1746 47 34 et

178 1797 334 54 Britannicus,
531 1813 52 27 ce
610 1799 175 55 parfait
813 1814 22 25 «
857 1800 240 56 principal
1120 1802 96 55 boy
1239 1817 21 25 »
1287 1803 119 41 dont
1428 1802 88 41 Mr.
1546 1802 143 41 Esmé
1715 1802 152 54 Percy
1891 1814 25 28 a
1942 1814 54 29 su
2021 1801 169 42 rendre

177 1861 44 42 la
255 1862 140 54 grâce
419 1861 294 57 éphébique,
734 1864 184 54 jambes
959 1877 118 29 nues
1101 1878 114 27 sous
1243 1865 43 41 la
1312 1874 110 46 toge
1448 1865 233 54 prétexte.

233 1924 124 43 Sans
372 1926 185 41 crainte
583 1927 149 49 aussi,
759 1937 200 43 peut-on
986 1926 215 42 affirmer
1227 1940 90 41 que
1343 1927 44 42 la
1406 1927 130 56 pièce
1556 1940 24 27 a
1601 1940 121 43 pour
1746 1936 169 33 auteur
1931 1927 90 42 Mr.
2052 1927 112 42 Beer-

176 1987 149 43 bohm
354 1988 125 43 Tree
505 1989 107 55 plus
641 2003 92 42 que
780 1990 91 41 Mr.
904 1989 215 56 Stephen
1169 1990 221 56 Phillips,
1416 2003 176 29 encore
1626 1992 144 54 qu'on
1805 2004 30 42 y
1869 1990 212 42 déclame
2107 1990 80 42 des

174 2063 106 30 vers
306 2051 58 42 de
386 2065 54 29 ce
458 2053 158 54 poète,
642 2066 92 42 que
759 2053 147 42 Paolo
938 2053 205 55 jugerait
1168 2053 220 55 indignes
1416 2054 56 41 de
1492 2053 265 42 Francesca
1773 2067 10 40 ;
1812 2063 44 32 et
1877 2052 94 42 Ton
1994 2061 69 33 est
2086 2061 108 47 trop

176 2115 185 54 occupé
389 2115 25 42 à
447 2115 259 42 découvrir
731 2115 44 42 la
804 2116 119 41 mise
964 2130 58 28 en
1060 2118 141 40 scène
1249 2130 125 41 pour
1404 2116 162 54 prêter
1613 2116 200 42 l'oreille
1856 2118 25 39 à
1928 2116 83 42 des
2051 2124 142 35 mots.

178 2176 156 55 Donc,
362 2178 43 42 le
437 2178 292 56 prodigieux
773 2181 168 40 succès
968 2189 70 33 est
1063 2180 63 42 dû
1174 2196 8 27 :
1228 2193 92 28 aux
1345 2179 226 42 tableaux
1613 2178 320 42 reconstitués
1960 2191 112 29 avec
2094 2187 103 33 tant

177 2239 123 43 d'art
325 2251 46 32 et
397 2241 57 43 de
482 2242 193 42 science
715 2255 85 41 par
833 2242 444 56 l'actor-manager,
1304 2254 90 42 que
1421 2255 51 27 ce
1506 2242 93 42 soit
1632 2242 43 41 la
1702 2241 252 55 splendide
1980 2240 131 54 orgie
2136 2241 58 41 de

179 2303 130 43 Baiae
343 2317 116 29 avec
485 2317 75 30 ses
587 2305 215 42 esclaves
825 2305 264 55 asiatiques
1113 2315 44 32 et
1189 2305 249 56 égyptiens
1463 2314 195 45 portant
1695 2305 82 41 des
1812 2317 152 42 paons
1987 2304 205 56 dressés,

178 2366 394 57 d'authentiques
610 2381 138 29 vases
798 2369 121 49 d'or,
968 2370 83 41 des
1106 2368 259 56 lamproies
1407 2366 215 43 vivantes
1665 2366 117 43 dans
1827 2367 81 41 des
1946 2366 166 55 globes
2138 2366 56 41 de

176 2430 165 43 cristal
372 2432 162 50 azuré,
562 2444 63 28 ou
670 2431 66 42 les
766 2431 216 42 chevaux
1023 2432 165 42 blancs
1232 2432 59 41 de
1329 2431 195 41 rentrée
1568 2430 25 42 à
1640 2430 167 53 Rome,
1856 2442 61 29 ou
1961 2428 208 56 l'impres-

176 2493 232 43 sionnant
433 2493 226 43 incendie
686 2494 57 42 de
781 2494 43 42 la
847 2493 122 43 Ville
1004 2493 242 43 Eternelle
1285 2507 91 42 que
1423 2494 164 41 Néron
1615 2491 151 44 excite
1793 2493 57 42 de
1886 2505 73 29 ses
1999 2491 197 51 chants;

176 2570 59 29 au
284 2557 151 42 talent
476 2566 44 33 et
549 2557 25 42 à
617 2557 44 42 la
698 2557 282 42 conviction
1030 2559 56 40 de
1119 2571 78 28 ces
1252 2557 259 42 excellents
1554 2555 191 43 artistes
1792 2555 80 55 qui
1923 2564 85 33 ont
2059 2567 137 28 noms

178 2620 118 44 Mrs.
323 2621 141 53 Tree,
494 2620 121 43 Miss
644 2620 275 43 Constance
946 2620 199 51 Collier,
1172 2620 120 42 Miss
1319 2619 242 43 Dorothea
1604 2619 160 50 Baird,
1797 2618 88 42 Mr.
1922 2616 128 43 Basil
2086 2615 108 56 Gill,

178 2684 90 44 Mr.
295 2684 171 42 Fisher
491 2684 182 52 White,
700 2684 95 42 Mr.
831 2684 180 42 Robert
1038 2684 361 54 Farquharson,
1427 2682 90 42 Mr.
1543 2683 143 40 Esmé
1713 2683 147 53 Percy
1892 2690 45 32 et
1962 2681 87 40 Mr.
2075 2681 121 39 Tree

172 2747 265 51 lui-même,
482 2748 167 42 Néron
689 2747 315 56 majestueux,
1053 2745 251 56 fantasque
1342 2755 45 32 et
1430 2745 226 50 cabotin;
1697 2746 24 39 à
1770 2744 43 41 la
1862 2743 218 54 musique
2138 2741 57 42 de

176 2813 142 41 scène
360 2811 57 42 de
445 2811 88 42 Mr.
576 2809 257 56 Coleridge
875 2809 184 49 Tailor,
1108 2809 204 53 adroite,
1357 2808 219 41 curieuse
1615 2817 42 32 et
1694 2807 110 41 bien
1844 2813 233 35 sonnante
2114 2803 82 55 (un

176 2876 231 41 entr'acte
433 2872 227 57 gracieux
686 2883 44 31 et
769 2872 240 56 expressif
1047 2871 192 43 intitulé
1281 2871 203 56 Poppcea
1490 2904 11 16 ,
1537 2884 93 27 une
1662 2868 198 43 Marche
1896 2865 298 57 triomphale,

176 2939 45 41 la
265 2939 156 41 Danse
458 2938 80 41 des
590 2935 203 44 esclaves
854 2935 225 54 languide
1127 2943 44 33 et
1216 2935 44 40 la
1318 2935 136 40 triste
1505 2932 217 42 Chanson
1764 2932 58 39 de
1871 2928 321 50 Britannicus,

175 3001 453 57 particulièrement
655 2998 224 55 réussis);
907 3011 92 28 aux
1025 2998 190 50 décors,
1236 2995 134 42 effets
1397 2996 56 41 de
1480 2995 201 41 lumière
1707 3003 44 31 et
1772 3002 242 32 costumes
2035 3004 135 28 arran-

177 3067 82 54 gés
292 3079 84 41 par
402 3065 85 41 Mr.
517 3065 150 53 Percy
691 3062 289 55 Macquoid;
1004 3074 89 28 aux
1131 3073 125 39 vers,
1297 3057 147 51 enfin,
1488 3056 144 56 qu'on
1660 3055 221 42 n'entend
1905 3055 161 53 guère,
2100 3062 44 33 et
2171 3053 24 41 à

178 3128 198 44 l'action
402 3126 82 57 qui
518 3126 201 44 n'existe
742 3138 85 44 pas
854 3125 57 42 de
938 3124 89 41 Mr.
1053 3123 214 55 Stephen
1296 3121 219 53 Phillips,
1541 3128 173 32 auteur
1735 3116 319 55 dramatique.

1366 3183 289 42 X.-MARCEL
1682 3180 290 44 BOULESTIN»

234 3297 57 43 p.
327 3297 50 42 S.
405 3320 53 6 —
501 3295 191 41 Encore
720 3305 92 43 que
850 3291 42 42 le
933 3290 137 42 Saint
1094 3286 199 45 James's
1319 3285 94 43 hall
1442 3283 94 43 soit
1572 3296 58 28 en
1669 3280 300 53 démolition,
1997 3279 40 43 le
2063 3293 99 28 nom-

178 3361 87 43 bre
316 3361 84 41 des
448 3366 224 35 concerts
713 3368 58 29 ne
830 3353 216 43 diminue
1086 3351 136 55 point
1247 3363 9 28 :
1305 3345 411 46 d'innombrables
1759 3344 191 41 solistes
2003 3342 193 42 attirent

179 3424 121 43 dans
341 3425 85 40 des
463 3421 143 43 salles
633 3419 214 43 diverses
892 3411 414 47 d'innombrables
1332 3422 282 45 personnes.
1652 3406 157 44 Parmi
1837 3406 66 41 les
1928 3406 104 54 plus
2058 3404 134 53 fêtés,

180 3487 67 43 M.
299 3486 134 42 Léon
470 3483 266 49 Delafosse,
778 3489 108 34 tout
926 3480 311 47 récemment,
1279 3488 57 27 au
1379 3471 207 54 Queen's
1612 3471 95 41 hall
1733 3469 158 42 obtint
1926 3481 64 29 un
2029 3468 165 41 succès

178 3550 196 43 flatteur
418 3549 129 42 aussi
594 3545 111 43 bien
752 3556 189 30 comme
974 3539 336 55 compositeur
1357 3549 91 42 que
1495 3546 185 30 comme
1722 3532 232 49 virtuose,
2002 3544 160 28 accom-

178 3613 156 56 pagné
397 3625 87 43 par
532 3610 76 42 the
651 3608 193 43 London
904 3603 287 57 Symphony
1250 3599 255 46 Orchestra
1512 3632 10 19 ,
1594 3610 111 29 sous
1760 3594 46 42 la
1861 3592 237 44 direction
2137 3594 60 41 de^

182 3678 88 42 Mr.
303 3675 206 44 Landon
544 3672 206 44 Ronald.

232 3810 55 47 (1)
310 3809 43 39 Je
373 3807 82 39 sais
476 3806 117 44 bien,
616 3802 271 43 maintenant,
914 3812 80 35 que
1020 3810 45 29 ce
1083 3798 101 40 n'est
1207 3810 73 36 pas
1305 3800 36 34 le
1363 3805 191 30 tonnerre
1577 3794 70 51 qui
1680 3794 150 47 tombe,
1858 3793 100 38 mais
1982 3795 37 36 la
2037 3790 154 41 foudre.
