2370 4099
748 217 57 31 LE
841 207 241 38 MERCURE
1117 200 218 35 MUSICAL
1473 175 229 64 15-111-O6

224 231 90 46 254

225 441 354 51 Remarquez
601 426 140 50 dans
763 429 141 42 cette
929 413 276 60 chanson,
1240 401 119 55 vrai
1393 399 173 53 chant
1593 395 67 52 de
1701 408 223 54 guerre,
1971 392 233 67 prépara-

221 516 121 52 tion
366 527 67 36 au
459 503 246 62 combat,
741 515 58 35 ce
827 492 225 72 rythme
1075 503 109 53 que
1209 497 123 38 rien
1372 495 70 35 ne
1490 476 301 60 détourné,
1835 479 315 60 persistant
2187 483 52 39 et

225 603 239 49 presque
504 597 126 53 trop
663 575 244 55 mesuré.
948 570 82 51 De
1078 578 187 53 temps
1437 569 209 53 temps,
1684 567 112 35 une
1845 559 134 39 note
2021 564 23 32 s
2066 545 169 69 eleve,

224 668 124 65 plus
381 663 182 70 aiguë,
600 655 301 54 au-dessus
945 648 98 52 des
1081 654 190 41 autres
1299 653 11 47 ;
1350 634 136 52 c'est
1510 648 78 37 un
1630 645 78 36 cri
1744 626 33 52 d
1804 624 435 70 indignationlet

221 746 66 52 de
311 742 192 53 fureur
529 734 111 54 mal
668 728 224 61 étouffé,
923 728 235 68 présage
1184 719 66 51 de
1283 710 264 56 terribles
1585 718 343 58 expiations.
1962 702 44 51 Il
2042 702 192 55 souffle

224 826 29 47 à
285 833 210 40 travers
520 813 116 53 cela
658 826 79 37 un
763 817 130 42 vent
921 804 226 65 d'orage
1174 795 125 71 prêt
1322 796 28 49 à
1376 788 208 54 éclater
1604 795 97 55 ;et
1801 799 25 33 c
1852 791 84 40 est
1955 796 70 35 en
2058 782 180 51 même

224 913 184 54 temps
438 909 112 39 une
578 887 208 73 plainte
816 884 109 52 fort
958 879 183 64 triste,
1186 871 200 55 n'allez
1423 884 110 55 pas
1557 878 184 38 croire
1769 879 30 33 a
1823 859 50 52 la
1901 871 240 38 seremte
2167 860 71 53 du

225 974 100 52 ciel
367 990 73 34 ou
474 986 108 53 que
617 983 88 34 ces
741 960 128 55 voix
893 959 123 51 font
1039 955 67 52 de
1133 950 196 55 vaines
1357 959 285 41 menaces.

278 3067 56 48 (i)
426 3066 68 39 Oh
510 3068 8 35 !
535 3066 121 38 triste
681 3066 39 37 le
746 3065 112 49 jour,
880 3066 178 37 sombre
1082 3065 184 44 l'heure,
1353 3066 116 37 Pour
1504 3065 61 38 les
1610 3064 154 39 fidèles
1800 3063 176 40 enfants
2006 3058 168 44 d'Erin;

236 3124 159 45 Quand
424 3122 74 37 des
515 3122 83 37 lois
619 3122 282 49 tyranniques
918 3129 100 31 sont
1037 3122 175 38 lancaes
1297 3122 253 38 S'évanouit
1581 3122 43 38 la
1649 3122 190 38 lumière
1856 3121 52 38 de
1926 3120 41 37 la
2005 3113 169 42 liberté.

231 3178 232 44 Personne,
478 3190 110 26 nous
609 3178 160 45 dit-on,
793 3189 54 26 ne
868 3178 92 38 doit
983 3190 46 26 se
1047 3186 197 30 montrer
1261 3178 132 38 brave
1468 3178 51 38 Ni
1542 3179 183 37 arborer
1746 3190 82 26 son
1842 3177 211 48 drapeau.
2073 3171 172 36 —Avec

232 3245 199 27 menaces
448 3235 41 37 la
512 3234 57 37 loi
598 3234 158 38 défend
840 3235 62 37 De
920 3242 148 41 porter
1091 3235 249 37 l'emblème
1364 3242 110 33 vert.
1534 3256 16 7 -
1575 3235 111 46 Soit,
1715 3246 85 38 que
1821 3235 62 37 les
1902 3230 208 52 pouvoirs
2134 3224 87 51 agis-

232 3299 94 28 sent
348 3289 22 38 à
388 3291 95 36 leur
501 3289 120 50 guise
638 3303 9 25 :
680 3290 31 37 il
742 3303 27 37 y
798 3302 23 26 a
846 3291 76 37 des
954 3290 156 38 choses
1135 3291 131 49 qu'ils
1302 3303 53 26 ne
1377 3292 225 37 sauraient
1631 3290 108 39 faire
1759 3303 9 26 :
1868 3289 56 39 Ils
1949 3300 55 25 ne
2030 3282 216 42 sauraient

230 3346 235 37 enchaîner
485 3345 162 50 l'esprit
665 3347 118 36 —Ni
799 3358 188 38 prouver
1019 3358 85 38 que
1137 3348 41 36 le
1200 3347 107 38 faux
1329 3356 64 30 est
1418 3349 107 38 vrai.
1633 3348 125 37 Ainsi
1785 3358 111 26 nous
1936 3345 146 38 ferons
2106 3340 139 38 flotter

231 3410 123 29 notre
376 3401 207 38 bannière
676 3401 51 38 Et
758 3403 84 37 Ton
879 3414 123 27 verra
1033 3412 125 30 notre
1181 3404 148 39 devise
1428 3405 54 38 Et
1506 3416 83 27 nos
1611 3406 101 37 voix
1733 3404 265 38 chanteront
2022 3410 53 27 en
2098 3397 145 38 chœur

299 3472 17 19 «
346 3458 58 37 Le
426 3466 96 41 port
542 3458 53 38 de
620 3458 253 39 l'emblème
897 3468 96 29 vert
1015 3471 36 27 ».

305 3635 58 13 ...
395 3596 45 50 Il
471 3613 36 52 y
539 3615 50 47 a,
639 3597 140 52 dans
819 3597 277 54 l'histoire
1141 3599 99 52 des
1292 3597 232 54 anciens
1570 3597 309 66 Israélites,
1929 3594 130 71 plus
2115 3588 129 53 d'un

235 3672 128 52 trait
412 3674 290 52 touchant.
758 3677 171 51 Alors
972 3695 108 50 que
1127 3677 80 51 les
1254 3677 440 62 circonstances,
1725 3674 100 71 qui
1872 3676 122 49 leur
2041 3667 205 54 étaient

236 3748 277 55 devenues
536 3752 329 65 contraires,
894 3753 79 52 les
1000 3752 230 66 jetaient
1264 3752 305 71 éparpillés
1604 3771 109 34 aux
1745 3764 203 58 quatre
1986 3745 159 56 coins
2173 3742 70 50 du

238 3828 228 63 monde,
494 3827 329 70 disloquant
849 3830 78 51 les
960 3830 266 64 familles,
1256 3829 221 52 brisant
1511 3830 80 51 les
1625 3829 147 54 liens
1814 3832 188 49 sacrés
2037 3827 66 50 de
2131 3818 115 56 Tin-
