2370 4099
738 184 57 30 LE
831 175 243 37 MERCURE
1110 170 224 36 MUSICAL
1471 165 15 30 I
1503 147 199 60 j-111-OÔ

204 182 88 45 286

204 411 119 38 teur,
347 409 122 43 pour
492 390 173 45 établir
704 401 52 31 ce
789 383 175 47 travail
1006 378 314 52 formidable,
1347 386 49 33 et
1423 376 44 42 la
1516 371 269 45 collection
1811 371 59 44 de
1909 385 80 29 ces
2015 372 216 51 dix-neuf

201 463 174 44 années
408 455 244 45 constitue
673 451 350 57 positivement
1046 446 45 43 le
2064 444 121 44 livre
1397 441 64 43 du
1481 438 192 43 théâtre
1697 447 47 32 et
1768 435 59 44 de
1853 435 45 42 la
1926 437 238 56 musique.

258 521 297 49 VAnnuaire
573 518 79 44 des
671 515 204 45 Artistes
896 513 101 57 (20e
1016 508 172 54 année)
1215 517 71 33 est
1302 521 64 29 un
1390 503 211 57 superbe
1617 501 198 42 volume
1836 500 58 45 de
1926 501 136 42 i.500
2088 517 136 44 pages

200 592 265 43 richement
488 583 133 52 relié,
654 580 177 43 format
872 574 155 58 grand
1066 573 149 52 in-B°,
1242 570 127 43 dont
1414 569 44 42 la
1496 566 138 56 place
1677 574 73 34 est
1791 565 230 57 marquée
2046 566 116 46 dans
2185 569 40 44 la

201 650 335 55 bibliothèque
562 646 56 42 de
642 656 118 31 ceux
784 641 81 56 qui
884 637 334 45 s'intéressent
1244 635 26 42 à
1289 634 45 43 la
1362 630 227 57 musique
1615 639 47 33 et
1687 642 61 28 au
1775 628 208 44 théâtre.

256 715 155 44 Envoi
435 712 165 42 franco
627 717 167 33 contre
818 702 367 53 mandat-poste
1208 700 57 40 de
1291 712 28 43 7
1343 697 181 52 francs,
1545 693 199 45 adressé
1772 692 25 43 à
1824 692 67 44 M.
1918 692 155 46 Emile
2102 696 99 46 Risa-

200 783 131 50 cher,
360 795 15 27 r
383 780 75 53 67,
486 789 82 29 rue
595 773 339 46 Montmartre,
964 764 155 45 Paris.

257 894 138 46 Ecole
427 891 81 44 des
533 888 177 43 Hautes
729 876 176 51 Études
921 879 226 44 Sociales.
1267 874 67 42 M.
1366 870 151 44 Louis
1542 869 172 57 Laloy,
1740 866 248 44 directeur

204 973 106 30 cure
342 952 215 52 musical,
582 950 117 52 fera,
726 947 43 42 le
795 960 52 43 19
874 955 45 32 et
958 943 42 44 le
1024 941 57 43 26
1108 952 145 40 mars,
1293 938 26 42 à
1339 951 30 41 4
1395 936 197 51 heures,
2148 950 79 29 sur

206 1020 283 45 YExotisme
513 1016 116 42 dans
654 1012 45 42 la
733 1009 211 58 musique
969 1006 230 44 moderne.
1231 1004 65 42 Le
1324 1015 57 43 29
1408 1013 147 40 mars,
1583 998 25 43 à
1646 1012 27 42 9
1700 997 67 53 h.,
1795 1007 203 34 concert
2043 999 55 42 de
2125 1015 67 30 mu-

205 1084 134 56 sique
365 1082 250 42 moderne.

258 1197 221 44 Concerts
501 1194 193 42 Barrau.
719 1187 141 43 —M.
887 1183 232 45 Wilhelm
1146 1181 276 51 Backhaus,
1444 1178 187 44 lauréat
1653 1177 64 43 du
1740 1190 248 30 concours
2029 1177 168 46 Rubins-

202 1261 99 43 tein
326 1261 58 41 de
416 1257 133 50 IQOS,
569 1256 219 42 donnera
822 1251 127 43 deux
974 1257 243 43 concerts,
1263 1246 115 42 hors
1429 1243 144 52 série,
1598 1242 43 43 le
1676 1256 49 43 19
1753 1255 128 30 mars
1922 1242 25 42 à
1982 1256 25 43 9
2051 1242 45 44 h.
2119 1253 43 33 et
2185 1243 40 43 le

205 1340 47 28 21
285 1337 127 29 mars
432 1319 24 55 à
480 1319 24 55 4
528 1319 49 55 h.

259 1424 467 53 Autriche-Hongrie.
830 1421 76 42 On
933 1432 123 30 nous
1080 1431 222 29 annonce
1328 1413 528 59 d'Autriche-Hongrie
1891 1413 215 45 l'arrivée
2126 1429 77 43 pro-

204 1493 169 44 chaine
399 1491 26 42 à
451 1487 153 52 Paris,
625 1486 60 43 où
712 1484 33 42 il
776 1497 59 29 ne
860 1484 219 41 donnera
1103 1493 92 45 que
1222 1479 240 58 quelques
1484 1488 244 45 concerts,
1772 1478 64 43 du
1884 1478 169 42 maître
2073 1477 127 44 violo-

204 1557 122 43 niste
353 1552 211 52 Kneisel,
588 1563 92 43 que
707 1557 135 34 toute
861 1547 42 42 la
929 1547 179 57 grande
1135 1558 165 43 presse
1316 1545 57 42 de
1405 1544 235 56 Pologne,
1668 1544 63 41 où
1753 1542 30 43 il
1804 1552 72 33 est
1894 1542 331 43 actuellement

204 1617 209 45 acclamé
439 1627 44 31 et
503 1614 113 51 fêté,
638 1613 161 43 donne
826 1623 190 30 comme
1043 1610 105 42 seul
1189 1608 119 43 rival
1349 1608 220 56 possible
1607 1608 27 42 à
1662 1605 229 45 Kubelik.
1919 1605 92 43 Ces
2057 1606 167 56 grands

204 1684 174 53 éloges,
407 1679 99 57 qui,
531 1690 123 29 nous
677 1684 317 44 assure-t-on,
1023 1686 58 30 ne
1098 1683 108 33 sont
1230 1686 84 41 pas
1344 1670 286 56 immérités,
1659 1681 171 33 seront
1870 1684 63 28 un
1965 1669 160 44 attrait
2171 1670 53 42 de

204 1745 105 57 plus
336 1756 122 43 pour
492 1755 86 29 son
605 1738 165 45 récital
807 1737 178 57 auquel
1024 1738 69 41 les
1129 1736 247 44 dilettanti
1411 1750 60 29 ne
1514 1744 332 48 manqueront
1870 1747 104 44 pas,
2016 1747 119 30 nous
2171 1747 53 30 en

205 1820 207 30 sommes
440 1805 98 50 sûr,
568 1805 57 41 de
648 1816 50 29 se
720 1813 195 45 presser
940 1813 59 31 en
1025 1801 156 57 grand
1207 1799 225 44 nombre.

259 1924 61 43 La
346 1920 183 47 Société
549 1920 119 45 J-S.
700 1920 141 52 Bach,
870 1933 116 30 sous
1011 1919 45 43 la
1089 1919 244 44 direction
1355 1920 59 43 de
1458 1920 68 46 M.
1570 1921 212 44 Gustave
1827 1923 128 54 Bret,
2001 1937 24 28 a
2053 1923 169 49 donné,

204 1986 210 56 pendant
439 1986 44 41 le
510 1984 124 43 mois
658 1984 59 41 de
741 1982 192 52 février,
952 1996 94 29 une
1068 1984 122 41 série
1208 1985 60 42 de
1286 1995 227 33 concerts
1540 1986 122 42 dans
1682 1985 179 44 leMidi
1885 1986 57 43 de
1964 1986 44 43 la
2035 1986 189 50 France,

205 2059 306 33 notamment
538 2048 24 41 à
595 2047 212 51 Cannes,
832 2047 140 51 Nice,
996 2046 192 54 Grasse,
1212 2047 230 56 Valence,
1463 2059 93 34 etc.
1587 2050 207 43 Partout
1818 2051 63 42 où
1910 2050 89 44 elle
2018 2050 108 43 s'est
2145 2050 82 43 fait

206 2112 247 53 entendre,
480 2111 41 41 le
545 2109 165 57 public
734 2121 45 33 et
802 2109 44 43 la
872 2123 166 43 presse
1063 2121 87 33 ont
1175 2113 75 41 été
1291 2113 260 42 unanimes
1579 2113 25 42 à
1637 2114 310 44 reconnaître
1987 2114 43 44 la
2055 2113 145 57 perfec-

205 2174 101 43 tion
341 2175 54 41 de
421 2173 287 43 l'orchestre
733 2182 48 34 et
804 2173 310 43 l'excellence
1142 2174 85 42 des
1254 2175 197 45 solistes
1479 2193 10 27 :
1644 2178 141 57 Mary
1823 2179 261 55 Pironnay,
2111 2178 116 42 dont

204 2238 44 41 la
271 2236 109 43 voix
413 2236 38 43 si
475 2236 181 43 fraîche
677 2244 45 34 et
743 2236 38 42 si
808 2250 119 42 pure
954 2236 52 43 fit
1025 2238 247 43 merveille
1297 2239 122 43 dans
1447 2241 84 42 des
1551 2240 98 43 airs
1693 2243 59 42 de
1789 2243 132 42 Bach
1949 2250 45 35 et
2030 2241 115 44 dans
2171 2240 54 42 de

204 2300 182 43 vieilles
411 2300 241 42 chansons
677 2300 281 56 françaises,
972 2300 42 43 le
1042 2301 209 56 pianiste
1277 2304 425 54 Mothe-Lacroix,
1723 2306 43 43 le
1786 2305 259 44 violoniste
2063 2302 164 45 Daniel

206 2365 290 50 Herrmann,
530 2363 42 43 le
586 2357 187 51 flûtiste
807 2366 202 42 Krauss.

263 2455 63 43 Le
341 2464 195 34 concert
555 2456 65 42 du
639 2456 231 43 vendredi
889 2470 50 28 21
964 2470 217 30 marsaur
1199 2471 27 29 a
1246 2457 101 45 lieu
1362 2473 114 30 avec
1499 2460 43 43 le
1561 2475 244 31 concours
1823 2462 58 44 de
1904 2461 107 43 Mme
2026 2459 199 44 Wanda-

207 2518 317 54 Landowska,
552 2520 100 55 qui,
696 2532 124 42 pour
855 2530 257 45 permettre
1152 2521 45 43 la
1237 2525 342 55 comparaison
1627 2536 135 34 entre
1805 2526 70 44 les
1917 2526 307 43 instruments

206 2580 194 42 anciens
427 2589 46 33 et
489 2582 273 52 modernes,
792 2594 49 30 se
864 2582 100 43 fera
988 2586 232 41 entendre
1251 2594 112 35 tour
1389 2588 25 42 à
1438 2597 112 34 tour
1566 2603 82 30 sur
1672 2589 43 44 le
1743 2589 231 54 clavecin,
2001 2588 43 43 le
2069 2587 130 57 piano-

206 2643 120 43 forte
352 2653 43 33 et
422 2644 42 43 le
496 2644 162 56 piano.
689 2645 98 42 MUe
820 2647 212 43 Carlotta
1058 2649 57 42 de
1155 2650 115 54 Féo,
1314 2653 282 54 cantatrice,
1625 2664 45 33 et
1696 2655 68 45 M.
1808 2654 182 57 Joseph
2026 2653 197 48 Bonnet,

206 2707 258 55 organiste,
489 2707 266 56 prendront
775 2720 104 46 part
911 2710 27 42 à
962 2711 44 42 la
1028 2711 157 45 même
1213 2714 189 44 séance.

263 2770 66 42 Le
366 2771 182 42 samedi
574 2771 50 42 3i
649 2786 144 37 mars,
822 2772 45 43 la
893 2774 191 44 Société
1108 2776 126 47 J.-S.
1260 2779 151 53 Bach,
1437 2794 115 30 sous
1578 2781 44 43 la
1648 2782 242 44 direction
1913 2782 58 44 de
2002 2781 66 43 M.
2111 2780 86 42 Gus-

206 2841 102 34 tave
332 2834 126 54 Bret,
486 2834 215 44 donnera
728 2838 24 41 à
780 2837 263 44 Versailles
1068 2854 67 27 un
1161 2842 153 55 grand
1334 2854 199 34 concert
1557 2860 116 29 avec
1700 2847 265 43 orchestre.

262 2944 58 42 M.
345 2944 108 43 J.-J.
486 2946 90 42 Nin
600 2948 232 54 donnera,
856 2949 42 43 le
922 2964 51 29 21
1001 2965 144 40 mars,
1175 2954 26 42 à
1236 2968 27 43 9
1300 2955 191 59 heures,
1521 2959 118 44 salle
1681 2961 214 51 iEolian,
1938 2973 65 29 un
2039 2964 186 37 concert

207 3005 234 44 d'œuvres
477 3008 57 42 de
559 3010 121 43 J.-S.
712 3011 144 44 Bach.

263 3068 74 42 Au
361 3082 304 45 programme
687 3088 9 28 :

265 3132 245 58 Capticcio
534 3149 141 44 sopra
698 3138 44 42 la
1075 3144 75 42 del
1168 3158 85 30 suo
1275 3147 209 57 fratello
1522 3151 307 45 dilettissimo
1856 3166 9 39 ;
1971 3151 252 56 fragments

207 3194 82 42 des
433 3196 158 44 Suites
802 3217 11 33 ;
1033 3202 279 44 Sarabande
911 3218 114 31 avec
1057 3194 24 74 i
1105 3194 24 74 5
1153 3194 241 74 variations
1420 3224 12 40 ;
1830 3231 59 29 en
2017 3214 203 54 majeur;

366 3257 200 60 Sinfonia
567 3275 19 28 en
999 3264 61 57 fa
679 3265 185 43 mineur
891 3283 10 38 ;
1867 3270 207 43 Prélude
1545 3290 61 30 en
1719 3279 164 43 bémol
1928 3278 187 43 mineur
2138 3288 10 39 ;

205 3318 165 60 Fugue
402 3332 54 32 n°
484 3339 14 26 1
530 3325 57 42 de
613 3326 14 41 1
643 3329 91 41 Art
755 3329 54 41 de
834 3330 44 42 la
902 3332 166 59 Fugue
1090 3346 11 40 ;
1206 3336 245 46 Fantaisie
1477 3340 323 61 chromatique
1820 3351 45 35 et
1875 3344 173 59 fugue,
2074 3348 88 34 etc.

261 3453 142 43 Cours
440 3456 602 53 Chevillard-Lamoureux.
1162 3469 108 44 Une
1300 3471 232 45 fâcheuse
1566 3476 129 42 série
1719 3477 59 43 de
1805 3477 197 57 grippes
2036 3489 121 30 nous
2199 3486 24 28 a

205 3527 155 42 prives
402 3520 54 41 de
491 3520 242 56 plusieurs
778 3527 320 45 intéressants
1143 3533 235 44 numéros
1413 3537 64 42 du
1517 3552 313 43 programme
1874 3542 64 43 du
1973 3555 58 40 24
2057 3537 165 46 février

206 3583 224 40 consacré
453 3596 91 28 aux
568 3589 357 53 compositeurs
953 3593 209 56 français
1190 3607 47 33 et
1264 3598 180 56 belges.

263 3642 188 45 ilotons
473 3646 66 43 les
568 3654 168 38 succès
764 3654 58 40 de
846 3655 76 41 Mi'
926 3668 36 20 es
987 3656 228 57 Bouquet
1246 3661 122 43 dans
1392 3664 296 57 Hérodiade,
1719 3668 134 44 Eriol
1881 3669 118 43 dans
2029 3668 41 42 la
2111 3668 84 40 Pro-

206 3715 191 40 cession,
416 3708 57 41 de
500 3710 203 54 Franck,
731 3713 318 59 Charpentier
1071 3720 121 44 dans
1221 3722 67 43 les
1322 3727 228 55 strophes
1576 3730 59 42 de
1665 3731 177 45 Roméo
1869 3741 41 35 et
1935 3731 207 50 Juliette,
2166 3727 54 42 de

211 3765 208 48 Berlioz.
