3500 4379
1738 205 105 50 356

228 351 92 47 sein
367 350 68 47 die
467 350 128 47 Kraft
637 366 50 29 zu
731 347 93 48 drei
866 346 110 49 oder
1016 347 90 47 vier
1144 345 235 48 ähnlichen
1416 345 204 48 Werken
1660 361 50 46 ge-

230 427 163 48 funden
435 427 163 47 haben.
655 427 132 46 Dann
828 428 120 45 wäre
979 423 70 47 die
1079 422 234 48 Tradition
1347 440 81 29 *on
1461 422 144 48 Gluck
1647 422 88 47 und

226 504 171 47 Mozart
439 503 121 47 nicht
597 503 202 46 verloren
839 516 254 48 gegangen,
1136 499 69 46 ihr
1235 498 315 48 unsichtbarer
1583 498 152 47 Faden

227 584 118 42 wäre
376 578 120 48 nicht
528 578 320 64 abgebrochen
882 576 198 48 worden.

786 653 201 61 (Schluss
1020 652 139 63 folgt.)

544 902 89 53 Ein
676 900 389 56 Vocal-Concert
1104 900 51 53 in
1197 898 213 55 Crefeld.

336 1040 118 46 Herr
485 1039 134 46 Karl
655 1037 300 54 Wilhelm,
987 1035 39 47 in
1059 1034 79 47 der
1163 1033 338 48 musicalischen
1534 1033 88 47 und
1653 1049 52 31 na-

222 1115 210 49 mentlich
463 1115 41 47 in
536 1115 80 47 der
644 1114 282 64 Sängerwelt
957 1112 140 48 durch
1129 1112 120 45 seine
1275 1110 460 57 Männer-Quartette

221 1192 285 49 vorlheilhaft
536 1190 213 55 bekannt,
781 1190 73 47 hat
885 1205 77 31 vor
992 1188 170 62 einiger
1183 1188 96 45 Zeit
1308 1188 122 45 seine
1453 1185 282 65 langjährige

222 1270 204 62 Stellung
465 1269 62 47 als
557 1268 209 63 Dirigent
802 1266 78 47 der
910 1264 270 48 Liedertafel
1221 1264 41 47 in
1295 1263 178 48 Crefeld
1517 1264 189 62 aufgege-

222 1346 85 49 ben
340 1346 88 47 und
458 1345 90 47 sich
580 1362 76 29 zur
686 1343 228 63 Stärkung
945 1344 146 46 seiner
1124 1340 279 48 Gesundheit
1434 1340 113 47 nach
1587 1340 148 47 seiner

219 1424 185 47 Heimat
433 1423 40 45 in
499 1421 265 63 Thüringen
795 1420 369 62 zurückgezogen
1249 1418 70 47 ein
1346 1416 276 54 Entschluss,
1653 1415 82 48 der

218 1500 117 48 denn
368 1500 113 47 auch
514 1500 100 46 dem
644 1499 284 47 Vernehmen
960 1498 112 47 nach
1107 1495 163 47 bereits
1293 1495 69 47 die
1392 1494 340 48 erfreulichsten

223 1579 173 62 Folgen
428 1578 75 45 für
532 1576 119 47 seine
682 1574 288 62 vollständige
1000 1573 274 63 Kräftigung
1309 1571 173 64 gehabt
1519 1573 90 45 hat.
1665 1573 71 45 Da

223 1672 49 31 er
315 1654 82 47 den
443 1654 89 48 Ort
571 1653 146 47 seiner
760 1651 256 64 bisherigen
1063 1650 332 48 Wirksamkeit
1445 1649 118 48 ohne
1605 1650 132 61 lange

225 1730 335 64 Vorbereitung
583 1729 165 47 darauf
769 1729 238 52 verlassen,
1036 1743 48 31 so
1108 1726 163 47 hielten
1304 1743 44 30 es
1379 1726 121 47 seine
1525 1725 212 47 Freunde

222 1809 79 47 für
341 1806 176 57 Pflicht,
556 1823 100 30 zum
694 1805 246 63 Zeugnisse
979 1804 260 48 dankbarer
1282 1802 346 64 Anerkennung
1666 1802 69 47 ein

221 1884 537 64 Erinnerungs-Concert
786 1899 54 32 an
872 1882 74 47 ihn
980 1881 89 47 und
1115 1881 77 46 für
1232 1881 73 47 ihn
1336 1898 51 29 zu
1418 1881 318 52 veranstalten,

222 1962 90 49 und
355 1962 144 47 dieses
543 1960 103 48 fand
687 1978 70 30 am
797 1960 87 47 28.
915 1959 205 48 October
1154 1965 132 41 unter
1317 1957 296 64 Mitwirkung
1658 1957 79 47 der

221 2040 259 48 trefflichen
520 2039 220 63 Sängerin
786 2037 211 49 Fräulein
1041 2037 177 47 Maria
1263 2036 353 64 Büschgens,
1661 2035 76 47 des

221 2119 153 47 Herrn
405 2115 408 49 Musik-Directors
843 2115 183 47 Herrn.
1060 2112 202 57 Wolff,
1294 2112 76 47 des
1401 2112 152 47 Herrn
1586 2112 150 47 Alex.

221 2195 153 47 Dorn
421 2191 317 66 (Nachfolgers
786 2208 82 31 von
919 2188 259 67 Wilhelm),
1228 2190 81 47 der
1354 2190 257 63 Mitglieder
1660 2188 76 49 des

221 2271 285 65 Singvereins
550 2270 90 48 und
684 2268 231 49 mehrerer
955 2268 279 47 Dilettanten
1274 2267 132 48 Statt.
1463 2267 105 47 Man
1614 2267 122 47 hatte

221 2366 100 31 zum
354 2348 225 63 Vortrage
623 2347 145 47 lauter
797 2345 153 48 bisher
978 2345 114 48 noch
1138 2343 395 65 ungedruckte
1578 2343 118 49 Com-

223 2426 322 66 positionen
593 2440 100 32 von
744 2423 135 49 Karl
931 2422 282 50 Wilhelm
1263 2421 215 65 gewählt,
1519 2421 218 47 darunter

219 2503 127 49 sechs
377 2503 206 63 Gesänge
623 2501 76 47 für
738 2501 275 65 gemischten
1058 2500 138 57 Chor,
1239 2498 94 49 drei
1365 2498 340 58 Männer-Quar-

221 2587 109 42 tette
359 2580 90 48 und
481 2580 208 47 mehrere
720 2578 165 47 Lieder
927 2578 75 46 für
1031 2578 218 63 Sopran-,
1280 2577 170 47 Tenor-
1487 2576 89 47 und
1611 2577 100 46 Bari-

219 2658 226 49 ton-Solo.
505 2657 107 48 Wie
642 2656 253 65 gefährlich
933 2655 113 48 auch
1079 2655 78 47 das
1187 2653 343 50 Unternehmen
1568 2653 170 57 schien,

221 2736 70 48 ein
320 2737 273 61 Programm
633 2750 83 32 von
763 2735 145 47 lauter
940 2733 236 63 Gesängen
1220 2732 148 47 eines
1413 2731 323 65 Componisten

219 2813 308 56 aufzustellen,
559 2812 170 47 welche
759 2829 87 30 nur
875 2811 142 48 durch
1049 2811 71 47 die
1141 2811 229 62 Vorträge
1399 2826 82 32 von
1514 2810 92 46 drei
1634 2810 77 48 Cla-

219 2891 281 48 vierstücken
550 2888 235 49 desselben
824 2890 173 47 Autors
1045 2887 336 48 unterbrochen
1434 2886 205 56 wurden,
1689 2903 48 31 so

221 2968 307 64 rechtfertigte
557 2967 115 48 doch
703 2967 71 47 die
815 2983 112 49 ganz
966 2964 441 50 ausserordentliche
1436 2964 302 49 Tbeilnahme

219 3047 78 47 des
320 3044 261 50 Publicums
611 3046 63 61 (es
705 3044 188 47 wurden
923 3060 56 31 an
1004 3042 110 49 500
1135 3042 368 48 Eintrittskarten
1535 3042 177 61 gezeich-

219 3122 93 66 net)
343 3122 78 49 das
445 3122 237 65 Wagniss,
711 3122 89 47 und
832 3121 114 48 auch
978 3121 69 47 die
1073 3119 307 65 Ausführung
1412 3136 95 30 war
1529 3119 57 47 im
1615 3119 91 49 Gan-

218 3218 79 32 zen
329 3201 125 48 recht
484 3201 245 63 gelungen,
758 3199 248 47 theilweise
1034 3198 274 64 vorzüglich,
1340 3197 274 48 namentlich
1646 3213 91 31 was

221 3278 71 50 die
321 3278 142 48 durch
494 3278 153 47 Herrn
678 3278 209 47 Director
918 3276 154 49 Wolff
1094 3276 105 47 sehr
1228 3283 82 56 gut
1338 3274 277 65 eingeübten
1648 3274 60 49 Ge-

218 3361 137 61 sänge
397 3357 76 47 für
504 3354 277 66 gemischten
813 3354 124 50 Chor
966 3353 90 50 und
1087 3353 85 48 den
1204 3353 198 64 Vortrag
1431 3353 310 48 sämmtlicher

222 3434 90 49 Soli
355 3433 78 48 für
471 3433 99 48 eine
599 3432 292 65 Singstimme
922 3431 185 49 betrifft.
1163 3431 85 48 Die
1277 3431 463 57 Männer-Quartette

222 3528 154 32 waren
406 3511 170 48 freilich
608 3511 121 48 nicht
758 3509 242 66 genügend
1042 3508 185 57 besetzt,
1267 3508 88 48 und
1389 3508 69 48 bei
1489 3507 82 49 der
1600 3508 115 65 allge-

223 3589 176 49 meinen
423 3588 301 48 Theilnahme
746 3605 97 31 war
873 3605 45 30 es
948 3587 262 54 auffallend,
1241 3584 100 50 dass
1373 3585 69 49 die
1467 3585 273 49 Liedertafel

221 3668 64 48 als
322 3667 169 57 solche,
539 3667 159 47 mitbin
745 3665 231 65 derjenige
1007 3665 183 56 Verein,
1235 3663 87 49 den
1362 3665 124 47 Herr
1517 3664 221 48 Wilhelm

221 3745 117 49 über
365 3743 199 65 zwanzig
593 3744 140 48 Jahre
772 3743 91 48 und
903 3751 108 40 stets
1037 3761 52 30 zu
1120 3758 113 50 ganz
1263 3742 277 48 besonderer
1571 3742 146 48 Befrie-

221 3823 172 65 digung
423 3820 219 65 dirigirte,
680 3822 92 47 sich
802 3820 158 49 nicht
989 3820 234 64 betheiligt
1251 3819 139 48 hatte.

339 3899 267 50 Wilhelm
651 3898 125 48 hatte
818 3914 62 41 es,
919 3914 50 32 so
999 3899 132 64 lange
1159 3914 48 32 er
1243 3898 43 47 in
1319 3897 179 49 Crefeld
1529 3913 113 40 war,
1686 3913 56 32 an

222 3975 80 51 der
331 3978 101 57 Art,
473 3977 92 48 sich
604 3993 76 32 um
711 3977 71 48 die
813 3975 422 65 Veröffentlichung
1263 3977 148 47 seiner
1441 3974 274 66 Compositio-

223 4072 88 32 nen
348 4055 120 47 nicht
501 4055 59 47 im
592 4055 261 65 geringsten
889 4071 53 30 zu
983 4053 252 57 bemühen;
1282 4069 50 32 er
1369 4053 198 57 schrieb,
1610 4068 132 33 wenn

227 4133 75 48 ihn
352 4132 78 49 der
472 4133 155 49 innere
655 4133 138 49 Trieb
838 4132 112 50 oder
990 4132 159 66 irgend
1194 4132 100 48 eine
1336 4135 197 55 äussere,
1569 4132 78 48 ihn
1677 4130 44 50 in-

1836 344 300 50 teressirende
2169 344 339 63 Veranlassung
2537 343 112 48 dazu
2683 343 202 54 brachte,
2930 343 111 47 aber
3079 343 115 48 auch
3236 343 118 48 dann

1834 440 86 30 nur
1949 423 128 46 mehr
2109 422 76 46 für
2215 422 90 46 sich
2337 421 90 47 und
2470 421 75 45 für
2577 421 175 62 wenige
2785 421 226 54 Freunde,
3055 422 63 46 als
3165 421 78 45 für
3281 421 72 47 die

1836 497 381 49 Oeffentlichkeit.
2249 497 60 47 So
2339 497 52 47 ist
2422 513 44 30 es
2495 496 117 48 denn
2638 497 292 62 gekommen,
2955 496 100 48 dass
3078 497 98 47 eine
3200 512 155 47 grosse

1836 576 172 47 Anzahl
2048 591 82 30 von
2163 573 386 64 Compositionen,
2592 573 272 47 namentlich
2912 573 75 46 für
3027 573 199 62 Gesang,
3270 590 81 30 von

1834 652 90 47 ihm
1957 652 58 47 im
2048 652 278 62 Manuscript
2354 651 262 46 vorhanden
2648 651 114 55 sind,
2791 666 80 30 aus
2895 649 144 47 denen
3062 651 123 46 einer
3206 651 149 45 seiner

1837 727 228 54 Freunde,
2103 728 68 46 ein
2203 728 396 62 ausgezeichneter
2631 727 234 53 Dilettant,
2909 727 113 47 nach
3054 727 80 47 der
3162 727 193 47 Abreise

1836 804 259 48 Wilhelm's
2124 804 98 46 eine
2254 803 217 47 Auswahl
2512 802 223 61 getroffen
2781 803 89 47 und
3309 803 45 47 in

1834 882 100 47 dem
1981 882 263 45 erwähnten
2291 880 221 49 Concerle
2554 879 90 64 (am
2677 879 85 48 28.
2794 879 222 62 October)
3066 880 292 47 veranstaltet

1835 958 93 53 hat,
1969 957 145 47 wobei
2160 957 83 45 wir
2284 957 75 47 ihn
2390 957 138 47 selbst
2568 958 63 46 als
2660 957 130 47 einen
2822 957 313 62 vorzüglichen
3165 955 162 49 Lieder-

1831 1039 163 59 sänger
2023 1032 188 64 (Tenor)
2243 1034 175 47 kennen
2448 1034 188 47 lernten.

1949 1110 83 47 Die
2057 1112 184 45 meisten
2267 1125 81 32 von
2375 1109 149 47 diesen
2545 1109 368 65 Compositionen
2932 1108 258 56 verdienen,
3209 1108 141 47 durch

1831 1186 85 47 den
1942 1186 156 47 Druck
2122 1186 329 47 veröffentlicht
2472 1204 51 28 zu
2549 1186 202 56 werden,
2782 1185 88 47 und
2904 1186 79 46 wir
3016 1186 190 46 machen
3232 1185 98 47 dess-

1832 1265 106 46 halb
1969 1264 70 47 die
2072 1265 177 46 Herren
2281 1264 397 63 Musik-Verleger
2706 1264 168 47 darauf
2897 1264 323 47 aufmerksam.
3260 1264 95 46 Der

1832 1341 268 63 allgemeine
2132 1341 254 49 Charakter
2415 1340 256 56 derselben,
2712 1340 258 64 abgesehen
3015 1357 82 30 von
3137 1340 86 47 den
3255 1341 66 46 Mo-

1834 1419 304 52 difikationen,
2170 1419 170 46 welche
2364 1418 141 47 durch
2532 1418 85 48 den
2643 1418 147 48 Inhalt
2815 1418 79 45 der
2918 1416 220 50 Gedichte
3168 1416 187 65 bedingt

1834 1496 114 52 sind,
1991 1498 53 44 ist
2086 1495 223 48 natürlich
2357 1494 250 56 fliessende,
2653 1495 245 47 melodiöse
2936 1494 287 48 Einfachheit
3266 1494 89 47 und

1836 1574 98 47 eine
1958 1573 301 62 Behandlung
2284 1571 77 47 des
2384 1571 179 55 Liedes,
2593 1571 70 47 die
2691 1571 90 47 sich
2815 1588 55 30 an
2900 1570 73 48 die
3002 1571 152 47 besten
3186 1573 170 45 älteren

1836 1651 173 46 Muster
2038 1649 262 47 anschliesst
2328 1649 90 47 und
2450 1649 69 45 die
2544 1653 266 59 Ausartung
2834 1649 77 45 des
2935 1649 161 47 Liedes
3125 1665 51 29 zu
3209 1647 122 47 decla-

1837 1726 337 55 malorischem,
2198 1726 394 62 recitativartigem
2620 1727 244 61 Monologe
2889 1743 81 29 von
2999 1726 91 46 sich
3125 1726 94 46 fern
3253 1725 105 47 hält.

1839 1805 105 47 Wir
1975 1804 181 47 werden
2196 1805 40 46 in
2277 1804 136 47 ihnen
2453 1802 153 49 weder
2646 1804 141 47 durch
2829 1804 318 47 harmonische
3177 1802 150 49 Abson-

1835 1881 340 55 derlichkeiten,
2217 1881 114 47 noch
2373 1881 140 47 durch
2559 1881 331 65 rhythmisches
2928 1880 308 48 Raffinement
3278 1895 80 32 aus

1835 1959 80 48 der
1944 1960 259 62 Stimmung
2245 1959 385 63 herausgerissen,
2673 1959 173 47 welche
2888 1957 80 49 der
3011 1957 164 47 einmal
3219 1973 112 48 ange-

1832 2036 243 64 schlagene
2099 2037 97 46 Ton
2221 2046 221 54 angeregt
2471 2036 76 48 hat
2578 2035 87 48 und
2698 2036 138 47 deren
2862 2035 233 48 Eindruck
3125 2035 120 47 dann
3276 2051 55 31 un-

1835 2117 174 61 gestört
2041 2112 152 49 bleibt.

1952 2192 87 46 Am
2072 2191 186 46 meisten
2291 2188 148 49 haben
2472 2205 98 42 uns,
2602 2188 113 49 auch
2748 2188 113 49 nach
2892 2205 256 47 genauerer
3171 2186 190 49 Ansicht

1836 2267 79 48 der
1948 2268 275 53 Partituren,
2255 2266 70 48 die
2356 2267 308 57 Quartette
2709 2266 87 47 für
2832 2267 240 64 Sopran,
3104 2266 114 55 Alt,
3255 2265 70 47 Te-

1837 2362 96 31 nor
1964 2345 105 48 und
2103 2346 128 47 Bass
2263 2345 359 63 angesprochen,
2655 2343 170 49 welche
2856 2345 85 47 alle
2960 2373 60 3 —
3044 2360 46 30 es
3119 2342 98 47 sind
3247 2341 112 48 zehn

1836 2439 56 31 an
1924 2422 80 48 der
2030 2421 112 48 Zahl
2263 2422 173 46 sowohl
2476 2425 239 59 grösseren
2753 2420 325 63 Singvereinen
3123 2420 62 47 als
3227 2418 105 47 häus-

1836 2501 144 47 lichen
2013 2500 340 47 musicalischen
2387 2501 188 46 Kreisen
2607 2500 98 47 eine
2734 2500 104 47 sehr
2870 2498 336 47 willkommene
3231 2496 130 48 Gabe

1835 2578 93 49 sein
1958 2577 210 56 werden;
2210 2585 130 39 unter
2371 2576 133 48 ihnen
2533 2577 214 47 zeichnen
2784 2577 91 47 sich
2908 2576 141 47 durch
3081 2575 156 48 Leben
3270 2573 89 49 und

1837 2656 186 47 Frische
2052 2655 79 48 der
2161 2655 195 48 Melodie
2385 2653 255 65 vorzüglich
2672 2671 105 31 aus:
2818 2655 91 55 „Im
3148 2669 84 30 von
3264 2652 63 65 My-

1836 2733 83 47 lius
1940 2733 217 55 —„Der
2530 2731 118 63 („0,
2691 2732 85 47 wie
2817 2731 191 48 manche
3052 2731 142 45 Hütte
3241 2745 120 30 muss

1836 2811 69 47 ich
1945 2811 116 47 noch
2102 2810 199 46 vorüber
2681 2810 87 55 „0,
2806 2810 86 46 wie
3276 2822 84 31 von

1837 2890 150 63 Kamp
2010 2917 60 6 —
2102 2887 148 56 „Wer
2279 2887 44 47 in
2354 2887 75 47 des
2461 2886 213 48 Anderen
2707 2890 132 60 Auge
3036 2901 83 32 von
3149 2886 212 45 Sternau.

1915 2967 141 47 lhnen
2088 2964 143 65 gleich
2265 2981 54 30 an
2348 2964 168 49 Werth
2547 2964 157 47 stehen
2738 2964 122 47 fünf
2885 2963 206 48 Lieder
3120 2963 76 46 für
3226 2961 137 48 zwei

1839 3044 519 65 Sopranstimmen,
2397 3060 84 30 von
2512 3042 145 48 denen
2698 3043 115 55 „Die
2846 3041 433 66 Vergissmeinnicht
3308 3056 57 32 an

1839 3122 78 47 der
2184 3121 89 47 und
2316 3121 113 57 „Die
2469 3121 250 47 Blümchen
2768 3137 71 31 am
3119 3117 247 49 besonders

1837 3198 177 48 lieblich
2046 3197 97 49 sind
2175 3198 89 47 und
2297 3213 83 32 von
2414 3198 211 47 Fräulein
2655 3198 146 47 Maria
2825 3197 266 62 Büschgens
3123 3194 89 49 und
3243 3194 122 47 ihrer

1839 3277 257 47 Schwester
2124 3274 178 49 reizend
2342 3283 299 56 vorgetragen
2674 3276 205 47 wurden.
2965 3274 99 47 Von
3096 3272 86 49 den
3213 3273 114 47 Män-

1839 3354 494 59 ner-Quartetten
2381 3354 76 47 hat
2502 3370 81 31 uns
2624 3353 69 56 „0
2735 3352 134 49 denk'
2900 3370 56 31 an
2997 3352 115 47 mich

1839 3450 82 31 von
1954 3434 56 46 H.
2039 3433 125 47 Stein
2206 3448 70 31 am
2317 3432 187 47 meisten
2547 3432 361 65 angesprochen.
3043 3429 85 49 Die
3158 3428 210 48 Lieder

1840 3511 76 47 für
1945 3511 99 47 eine
2074 3509 293 63 Singstimme
2410 3508 76 48 mit
2519 3508 446 65 Clavierbegleilung
3003 3507 96 48 sind
3132 3505 129 49 theils
3292 3505 76 47 für

1840 3589 196 64 Sopran,
2079 3587 129 47 theils
2241 3588 74 46 für
2345 3587 169 53 Tenor,
2558 3585 132 49 theils
2720 3588 76 46 für
2827 3587 186 48 Bariton
3054 3583 312 66 geschrieben.

1841 3667 101 48 Von
1973 3665 85 49 den
2089 3664 404 65 Sopran-Liedern
2524 3664 149 48 haben
2706 3682 107 30 uns:
2855 3667 124 53 „Aus
3008 3663 179 48 deinem
3219 3660 146 50 lieben

2074 3759 83 32 von
2187 3743 175 65 Wolfg.
2387 3743 164 47 Müller
2574 3743 91 47 und
2701 3743 113 56 „Die
3110 3757 84 32 von
3223 3740 146 47 Burns

1841 3838 71 32 am
1939 3820 156 49 besten
2119 3819 209 65 gefallen.
2359 3820 85 47 Die
2466 3819 165 48 Lieder
2662 3820 77 47 für
2762 3822 152 45 Tenor
2944 3819 97 48 sind
3072 3819 85 47 alle
3189 3817 154 49 lobens-

1842 3899 171 55 wert!);
2060 3899 63 47 als
2155 3898 246 48 besonders
2431 3899 228 64 gelungen
2687 3897 100 49 sind
2814 3916 52 30 zu
2899 3898 299 48 bezeichnen:
3238 3895 104 56 „Lie-

1842 3977 172 49 beslust
2043 3975 92 49 und
2505 3992 84 32 von
2624 3977 175 62 Wolfg.
2831 3977 180 54 Müller,
3072 3973 270 62 „Frühlings-

1982 4072 84 32 von
2098 4057 53 45 A.
2183 4071 84 31 von
2292 4053 382 66 Schlippenbacb,
2715 4055 70 55 „O
2818 4053 268 65 klingender

1848 4132 91 49 und
1994 4132 114 58 „Die
2147 4132 148 48 Haide
2331 4133 55 47 ist
2678 4130 134 50 beide
2852 4148 85 32 von
2985 4130 177 64 Wolfg.
3193 4129 178 48 Müller.
