1649 2540
236 2196 54 36 26

244 282 65 30 und
330 279 221 32 ökonomische
570 276 80 30 Welt
670 274 156 31 bestände.
869 273 41 31 Es
930 273 114 30 könnte
1064 273 169 39 allerdings
1253 272 90 32 wahr
1362 272 75 38 sein,

245 322 61 31 daß
329 322 97 30 dieses
445 319 98 31 Uebel
563 320 32 29 in
616 317 177 38 langsamer
814 315 176 38 Besserung
1011 315 66 30 sich
1099 315 130 31 befinde.
1273 315 42 30 Es
1335 315 105 30 müsse

245 365 73 30 aber
341 362 178 39 zugegeben
541 359 137 39 werden,
701 358 61 30 daß
787 357 49 31 die
859 357 101 39 große
984 356 163 30 Mehrzahl
1171 356 54 30 des
1247 356 113 30 Volkes
1385 364 36 22 un-

243 406 148 39 geduldig
419 403 75 30 über
522 402 48 30 die
596 400 216 39 Langsamkeit
838 399 54 31 der
929 397 221 38 notwendigen
1188 397 162 31 Reformen
1388 406 34 29 ge-

243 447 129 32 worden
391 446 52 29 sei.
468 468 68 7 ...
565 443 63 30 Auf
645 442 54 31 der
717 443 88 29 einen
824 441 79 31 Seite
920 442 39 30 ist
977 442 67 29 eine
1063 439 196 38 Minderheit,
1279 439 50 30 die
1346 438 76 39 Kapi-

243 489 40 30 tal
306 487 64 31 und
395 486 48 31 die
469 485 137 31 Gehirne
630 484 125 39 besitzt;
791 483 51 30 auf
868 482 54 31 der
946 482 134 31 anderen
1106 482 66 30 eine
1198 480 164 39 Mehrheit,
1388 480 50 30 die

243 539 54 21 aus
318 529 58 31 den
395 529 123 38 großen
539 527 127 30 Massen
687 526 54 31 der
761 524 198 31 arbeitenden
981 523 169 31 Menschen
1170 522 129 40 besteht,
1319 522 50 30 die
1388 521 51 31 für

243 572 48 31 die
315 570 187 31 Minderheit
525 567 183 40 notwendig
732 567 65 31 und
819 566 178 31 wesentlich
1021 565 80 40 sind,
1127 564 73 31 aber
1224 564 54 31 der
1302 562 117 32 Minder-

243 614 61 30 heit
321 613 84 31 nicht
421 614 108 29 trauen
544 611 65 31 und
624 610 115 39 fühlen,
757 609 61 31 daß
837 609 49 30 die
903 607 189 32 Minderheit
1107 607 94 30 ihnen
1218 607 50 30 nie
1284 606 155 40 gutwillig

243 654 49 33 die
313 656 94 30 ihnen
428 653 209 31 zustehenden
659 651 111 32 Rechte
791 651 100 38 geben
913 649 91 31 wird.

325 696 162 31 Präsident
510 694 122 31 Wilson
657 693 161 39 bemerkte,
844 692 62 30 daß
932 691 49 31 die
1004 700 100 29 ganze
1129 690 80 31 Welt
1234 689 98 31 durch
1357 688 82 31 diese

244 738 99 40 Frage
367 739 99 30 schon
489 738 92 37 lange
604 746 58 21 vor
689 736 68 30 dem
783 734 205 31 Aufkommen
1024 733 54 31 der
1103 732 205 31 Bolschewik!
1345 730 75 31 beun-

245 781 106 39 ruhigt
365 780 131 31 worden
511 781 54 30 sei.
591 779 65 30 Der
670 778 110 31 Samen
795 776 131 31 braucht
942 777 88 30 einen
1048 774 119 39 Boden,
1185 783 52 21 um
1252 782 58 22 zur
1325 772 114 31 Frucht

244 823 93 31 reifen
353 832 40 21 zu
409 823 132 30 können.
567 820 75 32 Und
658 820 54 31 der
727 818 284 31 bolschewistische
1026 817 110 30 Samen
1153 816 75 31 fand
1243 815 58 31 den
1318 814 120 39 Boden,

245 865 54 31 der
320 874 60 21 nur
401 864 81 30 allzu
503 865 56 37 gut
580 863 50 30 für
651 862 54 31 ihn
727 861 184 32 vorbereitet
932 868 75 23 war.

327 905 163 31 Präsident
509 905 122 30 Wilson
651 903 152 31 bemerkte
821 903 115 38 weiter,
959 901 61 31 daß
1043 910 33 22 er
1096 900 65 31 sich
1182 899 84 32 nicht
1287 898 152 33 wundern

245 948 116 39 würde,
379 957 92 21 wenn
490 947 49 31 die
555 946 150 39 Ursache,
723 945 49 31 die
789 945 146 30 britische
952 943 65 31 und
1034 942 239 31 amerikanische
1290 941 149 39 Truppen

244 999 62 22 von
323 989 68 31 dem
407 988 113 39 Kampf
535 997 101 30 gegen
652 987 50 31 die
718 987 205 30 Bolschewiki
940 985 131 40 abhalte,
1087 986 32 29 in
1137 984 54 31 der
1208 983 151 31 Tatsache
1374 983 66 31 ihre

245 1030 173 39 Erklärung
441 1029 93 39 finde,
560 1029 62 30 daß
649 1028 48 31 die
721 1028 148 38 Truppen
894 1027 85 31 nicht
1002 1035 82 30 ganz
1119 1027 101 29 sicher
1244 1027 116 37 wären,
1397 1024 42 31 ob

242 1073 83 31 nicht
344 1071 50 32 die
411 1070 259 38 Niederwerfung
692 1069 54 31 des
766 1069 263 31 Bolschewismus
1050 1068 49 30 die
1117 1067 323 37 Wiederaufrichtung

244 1114 53 32 der
320 1115 80 30 alten
423 1112 158 39 Ordnung
604 1112 151 31 bedeuten
777 1110 120 31 würde.

326 1155 162 32 Präsident
506 1154 123 31 Wilson
649 1154 101 30 führte
767 1154 106 29 weiter
892 1161 66 30 aus,
979 1150 62 32 daß
1061 1150 50 31 die
1129 1150 127 40 Gefahr,
1277 1149 57 32 alle
1353 1148 70 32 Hoff-

242 1206 126 30 nungen
390 1197 52 31 auf
461 1197 48 30 die
530 1195 171 31 baltischen
722 1194 174 31 Provinzen
915 1202 41 22 zu
977 1194 169 36 zerstören,
1167 1190 272 33 außerordentlich

245 1239 143 32 drohend
402 1238 170 40 geworden
587 1239 55 38 sei,
657 1237 65 31 und
737 1236 63 31 daß
817 1236 49 31 die
879 1236 257 37 Voraussetzung
1150 1234 50 31 für
1214 1234 49 31 die
1277 1233 164 32 Annahme

244 1281 53 32 des
317 1281 168 31 britischen
503 1279 208 38 Vorschlages
733 1278 50 30 die
802 1277 235 31 Zurücknahme
1059 1276 54 31 der
1134 1275 306 32 bolschewistischen

243 1323 148 38 Truppen
412 1331 56 22 aus
489 1321 96 31 Polen
606 1321 65 31 und
690 1320 127 30 Litauen
838 1319 54 30 sei.

327 1364 59 31 Am
411 1365 51 30 21.
488 1363 118 38 Januar
630 1371 68 22 war
723 1363 66 29 eine
813 1361 138 38 geheime
977 1359 275 31 Zusammenkunft
1277 1358 55 32 der
1355 1358 63 32 Kon-

243 1407 103 30 ferenz
367 1406 76 30 über
463 1405 48 30 die
530 1402 279 39 einzuschlagende
828 1401 279 33 Rußland-Politik.
1131 1401 92 30 Diese
1242 1401 176 30 Zusammen-

245 1448 87 31 kunft
355 1448 62 38 gab
443 1447 69 30 dem
539 1445 199 31 Präsidenten
763 1444 122 31 Wilson
911 1444 49 30 die
984 1442 213 32 Vollmachten
1222 1442 50 31 für
1297 1442 49 31 die
1372 1442 52 30 Ein-

245 1489 119 39 ladung
387 1489 78 30 nach
489 1488 150 38 Principe.

329 1531 66 30 Aus
417 1530 58 31 den
498 1529 162 31 amtlichen
683 1528 216 38 Mitteilungen
922 1527 75 31 über
1019 1528 49 29 die
1091 1526 145 38 Sitzung:

329 1572 160 31 Präsident
516 1571 123 30 Wilson
666 1572 96 37 sagte,
799 1579 32 22 er
867 1569 149 31 wünsche
1052 1569 66 31 eine
1144 1568 214 38 Abänderung
1386 1567 54 30 des

245 1615 167 31 britischen
429 1613 219 38 Vorschlages.
671 1636 8 7 .
703 1636 7 8 .
739 1612 42 30 Er
797 1611 91 31 wolle
904 1611 216 38 vorschlagen,
1139 1611 49 30 die
1204 1609 236 31 verschiedenen

245 1656 176 31 russischen
443 1655 215 38 Regierungen
680 1663 57 22 zur
758 1653 213 38 Beschickung
993 1653 82 30 einer
1097 1651 185 38 Konferenz,
1305 1651 85 31 nicht
1409 1651 31 30 in

246 1698 98 40 Paris,
369 1698 73 31 aber
464 1707 39 21 an
525 1695 210 39 irgendeinem
760 1694 134 31 anderen
917 1694 113 39 Platze,
1054 1703 27 21 z.
1106 1693 35 31 B.
1165 1693 147 38 Saloniki,
1338 1691 87 32 aufzu-

245 1740 136 31 fordern.
405 1763 7 7 .
436 1763 7 7 .
468 1765 6 6 .

327 1781 98 40 Lloyd
450 1780 127 39 George
602 1778 160 40 bemerkte,
790 1778 61 31 daß
879 1778 54 31 der
957 1777 118 31 Vorteil
1103 1776 99 32 dieser
1227 1775 214 39 Abänderung

246 1823 54 32 der
327 1825 93 37 wäre,
450 1823 49 30 die
528 1822 244 31 Bolschewisten
800 1820 135 31 könnten
976 1829 37 21 so
1052 1819 100 39 gleich
1192 1828 63 22 von
1295 1818 146 33 Rußland

245 1865 152 40 kommen,
417 1864 82 31 ohne
518 1863 112 32 andere
649 1863 121 31 Länder
789 1863 157 38 passieren
965 1870 40 22 zu
1024 1863 135 29 müssen.

327 1907 142 30 Sonnino
491 1905 161 40 bemerkte,
675 1904 62 31 daß
760 1905 100 38 einige
881 1904 152 31 Vertreter
1056 1903 54 32 der
1129 1902 238 31 verschiedenen
1390 1902 35 31 Re-

246 1950 171 37 gierungen
436 1948 112 31 bereits
567 1949 32 29 in
620 1947 88 31 Paris
729 1945 167 32 anwesend
916 1947 115 38 wären,
1052 1955 27 22 z.
1103 1945 35 31 B.
1158 1944 82 32 Herr
1260 1944 182 31 Ssasonow.

246 1990 127 31 Warum
392 1990 95 31 wolle
506 1999 71 21 man
598 1989 85 31 nicht
702 1989 49 30 die
770 1988 124 30 hören?

330 2032 161 31 Präsident
518 2031 122 31 Wilson
669 2031 128 30 äußerte
824 2030 49 30 die
900 2029 139 39 Ansicht,
1080 2028 63 31 daß
1181 2037 72 23 mau
1293 2027 50 31 die
1379 2035 48 23 ver-

247 2074 182 30 schiedenen
454 2074 139 30 Parteien
617 2073 85 31 nicht
725 2072 118 30 einzeln
868 2071 65 31 und
957 2072 141 38 getrennt
1133 2070 98 30 hören
1266 2069 88 33 solle.
1400 2068 43 30 Es

247 2117 84 29 wäre
353 2116 274 37 wünschenswert,
653 2114 39 31 all
718 2114 82 31 diese
823 2114 152 30 Vertreter
999 2123 38 21 an
1064 2114 96 29 einem
1186 2111 105 31 Platze
1315 2119 40 22 zu
1379 2119 48 21 ver-
