1631 2540
1390 2179 39 44 9

236 280 117 30 Führer
373 280 54 31 der
445 280 174 32 westlichen
638 281 111 32 Völker
767 282 64 30 und
852 282 236 38 Deutschlands,
1108 284 113 36 mögen
1243 283 42 29 sie
1305 291 31 21 es
1356 283 45 29 ein-

235 322 144 38 gestehen
404 322 75 31 oder
500 323 92 39 nicht,
616 323 121 39 hängen
760 324 31 30 in
817 323 54 32 der
892 324 78 40 Luft,
995 324 111 31 sobald
1130 325 44 29 sie
1198 324 58 30 den
1282 323 133 32 Kontakt

236 364 54 30 mit
312 364 142 31 Rußland
478 365 148 37 aufgeben
652 366 73 30 oder
748 366 139 30 verloren
911 366 110 32 haben.

318 406 33 30 In
381 406 111 31 diesem
519 407 267 39 Zusammenhang
814 408 74 30 muß
918 408 48 30 die
1002 416 76 22 neue
1115 407 165 39 gewaltige
1307 407 107 30 Arbeit

236 446 110 32 Lenins
370 449 64 29 und
457 448 54 31 der
533 449 293 30 Volkskommissare
850 449 139 31 beurteilt
1012 449 124 30 werden
1160 459 56 21 zur
1240 449 156 31 Revolutio-

235 489 131 39 nierung
387 489 119 32 Asiens.
549 490 32 30 In
604 489 132 31 Moskau
756 492 39 29 ist
814 491 71 38 jetzt
905 492 47 28 ein
975 491 227 30 orientalisches
1222 491 120 30 Institut
1363 500 34 29 ge-

234 531 133 36 gründet
383 531 140 40 worden,
542 531 54 31 das
616 541 38 21 an
673 531 179 40 Bedeutung
871 533 64 29 und
953 531 458 40 Auswertungsmöglichkeiten

236 573 57 29 alle
316 573 235 39 Universitäten,
576 573 57 31 alle
657 574 301 37 Bildungsanstalten
986 573 52 31 der
1063 574 88 38 Welt,
1178 574 55 30 alle
1258 574 153 30 zentralen

236 614 261 38 Organisationen
525 625 56 20 zur
608 615 292 38 Revolutionierung
930 614 53 30 der
1010 614 80 31 Welt
1118 615 158 30 übertrifft.
1327 615 64 30 Mos-

235 654 58 32 kau
315 657 38 29 ist
376 657 31 29 in
432 656 111 30 diesem
566 656 120 31 Institut
709 665 70 21 zum
804 656 182 37 Drehpunkt
1010 656 53 30 der
1087 656 252 31 Weltrevolution
1362 665 34 29 ge-

235 697 140 39 worden,
403 698 83 30 nicht
512 707 37 20 so
576 698 69 30 sehr
673 698 96 29 durch
798 697 59 30 den
885 697 61 30 Sitz
975 696 53 31 der
1056 697 247 38 Räteregierung,
1330 698 83 29 nicht

235 747 36 22 so
289 740 70 29 sehr
377 738 95 31 durch
491 739 48 30 die
556 739 75 30 über
649 739 72 30 alles
739 738 159 30 Erwarten
915 738 100 29 kühne
1033 738 64 30 und
1115 738 173 30 zielsichere
1305 738 93 31 Selbst-

236 780 200 39 behauptung
464 780 53 31 der
544 780 176 31 russischen
747 780 193 38 Revolution,
969 779 135 30 sondern
1134 779 95 30 durch
1259 780 55 30 das
1341 780 56 30 Hin-

235 823 156 37 eintragen
416 822 53 31 des
494 821 338 39 Propagandafunkens
856 821 53 30 der
932 820 254 31 Weltrevolution
1210 821 77 30 nach
1311 820 103 40 Asien,

234 864 59 30 wie
311 873 31 21 es
361 863 55 31 das
435 863 167 30 Moskauer
620 863 229 30 Orientinstitut
867 862 137 31 erstrebt.
1043 863 57 30 Die
1118 862 157 31 zahllosen
1293 863 105 30 Völker-

235 904 135 31 schaften
389 903 111 31 Asiens
519 904 100 30 haben
639 903 88 31 darin
747 904 66 30 ihre
831 903 150 32 Vertreter
998 903 155 31 entsandt:
1174 904 47 30 die
1241 903 153 31 Nomaden-

235 947 127 29 stämme
396 946 54 30 der
483 946 181 29 asiatischen
690 945 119 39 Steppe,
845 945 48 30 die
917 945 161 31 Tibetaner
1111 945 63 30 und
1198 945 134 39 Sibirier,
1367 945 49 30 die

236 987 194 38 Baschkiren,
459 986 173 40 Afghanen,
658 987 112 30 Fersen
797 987 64 30 und
889 986 47 31 die
962 987 156 30 zahllosen
1146 986 131 30 Stämme
1303 987 111 29 Asiens

236 1029 129 30 nehmen
391 1028 71 31 dort
485 1028 58 30 den
569 1027 166 31 Gedanken
762 1028 54 30 der
839 1028 251 30 Weltrevolution
1115 1029 31 29 in
1170 1028 65 30 sich
1261 1028 59 30 auf.
1367 1028 48 30 Sie

235 1070 140 38 kämpfen
403 1070 45 30 als
475 1069 125 31 Asiaten
628 1070 57 30 den
713 1069 111 39 Kampf
850 1079 51 21 um
929 1069 55 31 das
1011 1069 250 38 Gleichgewicht,
1289 1079 50 21 um
1366 1070 49 29 die

235 1111 172 30 Gleichheit
430 1111 54 31 der
506 1111 177 39 Menschen,
707 1112 47 29 ein
776 1110 154 40 Gedanke,
953 1111 54 30 der
1029 1112 117 38 typisch
1171 1112 142 29 asiatisch
1336 1111 64 37 jahr-

236 1153 222 38 hundertelang
483 1162 62 21 von
572 1152 54 32 der
652 1152 238 31 differenzierten
917 1152 219 31 Herrenkultur
1164 1152 54 30 des
1246 1152 151 38 Europäer-

236 1195 80 30 tums
342 1194 196 31 unterdrückt
563 1194 130 31 worden
719 1195 48 30 ist.
813 1194 65 30 Das
904 1194 86 30 Licht
1016 1194 64 29 und
1107 1194 49 29 die
1191 1194 225 29 revolutionäre

235 1235 96 31 Welle
355 1245 55 21 aus
434 1235 93 30 Asien
551 1235 88 39 wird,
663 1236 60 30 wie
748 1235 97 30 schon
869 1244 58 21 vor
951 1234 257 40 Jahrhunderten,
1232 1235 115 30 wieder
1371 1235 45 30 als

236 1277 176 38 ungeheure
436 1277 69 30 Flut
529 1277 75 30 über
638 1276 49 31 die
711 1277 80 31 Welt
815 1276 244 31 hereinbrechen.
1106 1276 49 30 Sie
1188 1276 81 30 wird
1305 1276 111 30 andere

237 1317 166 32 Merkmale
426 1319 105 36 zeigen
554 1319 31 29 in
607 1317 81 31 ihrer
709 1317 178 31 kulturellen
910 1317 150 40 Struktur,
1084 1318 44 29 als
1153 1317 48 30 die
1222 1317 176 30 Völkerwan-

238 1359 158 39 derungen
416 1361 31 29 in
468 1359 57 31 den
545 1358 180 31 Abständen
746 1359 54 30 der
819 1359 232 36 Jahrtausende.
1092 1359 49 30 Sie
1160 1359 82 30 wird
1262 1359 88 30 heute
1370 1359 48 30 die

237 1401 271 31 kommunistische
525 1401 120 38 Kultur,
665 1400 48 30 die
732 1401 31 29 in
783 1400 100 30 China
901 1401 49 30 bis
970 1400 50 30 auf
1040 1400 57 30 den
1115 1401 143 37 heutigen
1277 1401 66 37 Tag
1362 1399 56 31 fest

235 1443 159 31 verankert
410 1444 40 29 ist
469 1442 64 30 und
552 1444 88 29 unter
659 1442 81 31 einer
758 1441 124 31 dünnen
901 1442 111 31 Kruste
1029 1441 251 39 kapitalistischer
1298 1442 100 30 Zweck-

238 1484 215 38 entwicklung,
481 1484 48 30 die
556 1485 56 30 seit
640 1484 54 30 der
718 1482 205 40 Absperrung
949 1483 116 31 Chinas
1094 1483 96 30 durch
1218 1483 49 30 die
1295 1483 107 30 berüch-

238 1526 73 37 tigte
334 1525 188 31 chinesische
546 1524 109 32 Mauer
677 1527 60 29 erst
760 1526 165 36 eingesetzt
948 1525 61 39 hat,
1033 1524 76 31 über
1133 1524 126 38 Europa
1284 1524 63 30 und
1371 1524 47 30 die

236 1576 99 28 ganze
360 1567 80 30 Welt
464 1568 118 37 tragen.
630 1567 41 30 Es
696 1568 38 29 ist
762 1566 53 31 der
840 1566 103 30 Funke
967 1568 82 28 einer
1074 1566 67 30 dem
1169 1566 166 30 Menschen
1371 1568 48 28 nie

235 1609 115 30 wieder
365 1608 141 30 verloren
523 1617 202 29 gegangenen
744 1608 193 38 Erinnerung
957 1608 81 30 eines
1054 1608 188 37 glücklichen
1263 1607 155 38 Erlebens,

237 1659 39 22 an
299 1651 48 29 die
370 1650 312 30 Paradiessehnsucht
706 1650 81 30 einer
810 1649 261 38 kompromißhaft
1094 1649 207 38 gewordenen
1325 1648 75 31 Glau-

238 1691 273 39 bensatmosphäre
530 1693 58 29 wie
609 1691 166 37 Judentum
797 1691 64 30 und
881 1691 217 39 Christentum,
1122 1690 54 30 der
1195 1691 40 29 im
1258 1690 143 29 Aufleuch-

237 1734 49 29 ten
311 1734 38 29 ist
374 1733 63 30 und
463 1733 53 30 der
540 1734 32 29 in
598 1733 54 30 der
676 1733 181 30 Revolution
883 1731 202 39 aufgefangen
1110 1731 64 30 sich
1200 1741 70 20 zum
1296 1731 121 30 Brande

238 1774 176 31 entwickelt.

316 1815 67 30 Wir
400 1815 122 29 können
541 1815 53 29 der
612 1814 101 30 Ironie
730 1813 54 31 der
802 1814 149 37 skeptisch
970 1813 207 38 gewordenen
1196 1814 220 37 europäischen

236 1855 120 40 Kultur,
382 1856 48 29 die
455 1855 58 30 den
537 1855 259 30 Bolschewismus
819 1856 54 29 mit
898 1855 67 29 dem
991 1855 218 38 Schimpfwort
1233 1855 183 38 „asiatisch“

238 1898 135 30 abzutun
399 1897 117 38 glaubt,
542 1897 91 38 ruhig
659 1897 252 37 entgegensehen.
957 1897 179 37 Diejenigen
1162 1898 87 28 unter
1275 1906 68 29 uns,
1370 1897 49 29 die

238 1938 57 31 den
318 1938 123 31 Funken
462 1938 181 38 empfangen
666 1937 110 40 haben,
798 1938 49 30 die
866 1938 63 29 voll
950 1938 233 30 Gemütswucht
1206 1937 53 31 des
1280 1938 63 30 Her
1357 1947 61 21 :ens

237 1980 154 38 getrieben
411 1980 50 30 auf
482 1979 47 31 die
549 1979 107 31 Straße
676 1979 107 38 gehen,
805 1978 189 32 Kameraden
1015 1979 64 30 und
1099 1979 249 38 Gleichgesinnte
1367 1989 51 21 um

238 2023 64 29 sich
327 2022 146 29 sammeln
497 2021 63 30 und
585 2030 55 21 aus
664 2021 53 30 der
740 2021 126 30 Realität
890 2020 53 31 der
966 2021 133 30 Umwelt
1124 2021 110 30 heraus
1259 2021 160 38 politische

239 2064 221 38 Forderungen
485 2064 209 29 momentaner
719 2062 276 38 Zweckmäßigkeit
1018 2062 180 39 verfechten,
1225 2062 58 31 den
1309 2062 110 38 Kampf

240 2115 51 21 um
316 2105 48 31 die
389 2105 160 39 politische
573 2105 105 30 Macht
703 2104 53 31 des
779 2104 197 31 Proletariats
1001 2105 53 30 mit
1080 2104 57 31 den
1164 2105 39 29 ira
1230 2104 189 38 Augenblick
