1678 2540
258 2206 39 36 38

259 287 118 30 stehen.
416 286 84 31 Aber
517 285 93 32 leider
625 285 120 38 gelingt
762 294 31 21 es
811 284 82 31 noch
911 285 109 30 immer
1035 285 59 30 den
1113 285 139 31 Führern
1270 285 54 31 der
1341 293 96 31 oppor-

261 329 202 31 tunistischen
491 327 289 38 Arbeiterparteien,
808 326 50 31 die
884 325 242 32 Arbeiterklasse
1152 336 62 21 von
1242 327 68 31 dem
1339 326 101 32 revolu-

261 371 141 30 tionären
422 369 128 38 Kampfe
569 368 271 39 zurtickzuhalten,
861 367 54 32 der
934 367 91 31 allein
1044 368 153 30 imstande
1216 369 49 38 ist,
1286 369 59 31 den
1364 369 77 30 russi-

260 412 93 30 schen
373 411 163 30 Arbeitern
556 410 140 31 wirklich
715 419 41 21 zu
776 410 109 31 helfen.
928 411 58 30 Die
1008 409 166 31 deutschen
1195 409 141 32 Arbeiter
1355 411 101 30 haben

260 454 65 30 sich
346 454 54 29 mit
421 452 117 30 bloßen
560 451 249 39 Wortprotesten
832 451 150 40 begnügt,
1004 451 45 31 als
1072 451 146 31 deutsche
1240 451 133 31 Söldner
1394 461 48 22 ver-

259 495 90 30 sucht
366 494 111 40 haben,
496 495 31 29 in
547 494 58 31 den
625 494 283 38 Ostseeprovinzen
926 495 66 29 eine
1010 494 88 30 Basis
1117 493 49 31 für
1185 492 59 32 den
1263 492 124 40 Angriff
1406 494 50 30 auf

259 536 174 38 Petrograd
456 535 210 40 auszubauen,
690 536 64 30 und
775 545 60 21 nur
857 536 55 30 der
933 534 101 39 Angst
1056 535 53 31 des
1133 535 306 39 Entente-Imperialis-

258 587 80 31 mus,
365 578 61 31 daß
454 578 55 31 das
536 578 151 30 Baltikum
713 586 40 22 zu
779 578 84 30 einer
887 577 386 39 Verständigungsbrücke
1300 577 156 31 zwischen

259 619 54 32 der
335 619 166 32 deutschen
523 619 64 31 und
609 619 177 31 russischen
809 619 294 32 Konterrevolution
1126 619 123 30 werden
1272 619 123 39 könnte,
1418 620 38 29 ist

259 672 32 21 es
311 671 40 21 zu
373 661 185 40 verdanken,
581 661 62 31 daß
666 661 49 31 die
738 661 167 31 deutschen
929 661 132 30 Söldner
1094 661 86 30 keine
1202 661 87 32 Rolle
1321 661 48 31 bei
1404 660 54 31 der

259 704 158 30 Offensive
440 703 197 38 Judenitschs
661 712 100 30 gegen
786 703 173 38 Petrograd
983 703 131 38 gespielt
1137 702 112 31 haben.
1295 703 59 31 Die
1378 703 63 30 fran-

259 746 164 30 zösischen
447 745 143 31 Arbeiter
611 745 101 31 haben
736 745 105 31 bisher
864 754 60 22 nur
958 744 98 31 durch
1091 744 59 30 den
1174 744 182 31 Wahlzettel
1392 744 64 30 und

259 788 98 30 durch
385 788 294 30 Demonstrationen
704 796 100 30 gegen
830 786 49 32 die
903 786 223 31 wiederholten
1152 786 213 39 Erklärungen
1391 786 50 31 Cle-

259 839 163 22 menceaus
445 830 184 39 protestiert,
653 829 54 31 der
731 829 59 31 den
811 828 95 39 Krieg
928 838 100 29 gegen
1051 828 253 39 Sowjetrußland
1327 828 49 30 bis
1400 836 57 22 zur

259 871 200 39 Ausrottung
484 871 54 31 der
560 871 178 30 russischen
762 870 184 32 Revolution
971 870 198 39 proklamiert
1192 870 62 31 hat.
1301 870 60 30 Die
1385 879 54 29 eng-

259 912 117 33 lischen
398 913 143 31 Arbeiter
564 913 158 30 erlaubten
745 913 87 30 ihren
856 912 306 40 opportunistischen
1186 912 138 31 Führern
1350 912 106 30 immer

258 955 127 39 wieder,
408 955 90 38 jeden
520 955 112 38 Kampf
653 964 101 29 gegen
778 955 47 30 die
849 954 156 38 englische
1027 954 207 31 Intervention
1256 955 32 30 in
1312 952 145 33 Rußland

259 1006 41 21 zu
322 996 208 30 verschieben.
574 997 110 30 Immer
705 996 116 31 wieder
843 996 100 30 ließen
966 997 44 29 sie
1032 996 65 30 sich
1120 1005 63 21 von
1207 996 87 30 ihren
1317 995 140 31 Führern

259 1040 55 30 mit
331 1038 130 31 Worten
478 1039 182 29 vertrösten.

342 1080 41 31 Es
410 1080 67 39 gilt,
503 1079 83 31 diese
611 1079 172 30 Tatsachen
808 1088 41 21 zu
875 1079 217 39 konstatieren,
1118 1079 70 31 weil
1214 1080 44 30 sie
1285 1079 48 31 die
1357 1079 101 38 große

254 1120 123 33 Gefahr
398 1122 49 30 für
471 1121 254 39 Sowjetrußland
746 1122 60 30 wie
828 1121 50 31 für
902 1120 49 32 die
974 1120 242 31 Arbeiterklasse
1240 1120 74 31 aller
1337 1120 120 30 Länder

259 1164 115 31 bilden.
418 1164 41 30 Es
478 1165 86 29 wäre
583 1163 207 39 leichtsinnig,
811 1162 77 31 über
910 1162 54 31 der
985 1162 119 31 Freude
1126 1162 76 31 über
1225 1162 49 31 die
1294 1162 89 38 Siege
1405 1162 52 31 der

259 1206 177 31 russischen
456 1204 242 31 Arbeiterklasse
719 1214 56 21 aus
795 1204 68 31 dem
884 1203 90 40 Auge
993 1214 40 21 zu
1054 1204 112 39 lassen,
1187 1204 62 31 daß
1268 1204 171 39 Sowjetruß-

258 1247 75 32 land
353 1247 66 32 sich
440 1247 108 31 immer
568 1247 82 30 noch
672 1247 31 30 in
726 1246 54 31 der
800 1247 123 38 großen
945 1246 117 31 Gefahr
1083 1246 142 31 befindet.
1268 1246 43 30 Im
1332 1246 124 31 Westen

258 1290 80 30 stört
360 1289 49 31 die
433 1287 311 40 Ententediplomatie
767 1287 49 32 die
839 1287 404 40 Friedensverhandlungen
1268 1287 171 40 Sowjetruß-

259 1331 91 31 lands
374 1332 55 30 mit
454 1331 58 30 den
537 1331 118 30 kleinen
681 1329 218 40 Randstaaten,
934 1329 103 31 indem
1072 1331 45 29 sie
1151 1330 83 30 diese
1269 1329 98 31 durch
1393 1330 65 30 ihre

259 1373 142 39 Agenten
425 1374 55 30 mit
505 1372 267 31 wirtschaftlicher
796 1371 155 31 Blockade
975 1371 144 31 bedroht.
1165 1371 185 31 Frankreich
1376 1372 82 30 hetzt

259 1414 51 32 die
327 1414 97 31 Polen
442 1424 40 21 zu
498 1415 82 30 einer
597 1413 320 39 Frühjahrsoffensive
934 1422 101 30 gegen
1053 1413 252 39 Sowjetrußland
1324 1413 61 31 auf.
1414 1413 42 30 Im

258 1456 107 31 fernen
400 1456 99 31 Osten
534 1455 103 31 finden
673 1454 264 39 Verhandlungen
973 1454 156 32 zwischen
1166 1454 59 32 den
1261 1455 195 38 Vereinigten

258 1498 127 31 Staaten
402 1497 159 31 Amerikas
579 1497 65 30 und
660 1497 102 38 Japan
779 1496 77 31 über
873 1498 67 29 eine
957 1506 77 21 neue
1051 1496 207 31 Intervention
1275 1498 32 29 in
1326 1496 130 31 Sibirien

259 1541 83 39 statt,
369 1539 144 39 England
540 1540 184 29 unterstützt
748 1539 108 30 immer
880 1538 82 31 noch
990 1538 132 31 Denikin
1150 1538 64 31 und
1240 1538 84 31 lehnt
1350 1540 107 29 immer

259 1582 84 30 noch
372 1580 404 39 Friedensverhandlungen
804 1581 54 30 mit
886 1580 253 39 Sowjetrußland
1167 1580 49 40 ab,
1246 1580 151 31 wodurch
1426 1590 32 21 es

258 1624 67 30 sich
343 1623 73 31 freie
435 1623 96 30 Hand
548 1623 75 38 läßt,
642 1623 42 30 im
703 1622 155 38 Frühjahr
876 1632 64 21 von
958 1632 109 21 neuem
1087 1622 49 31 die
1154 1622 156 31 russische
1329 1622 110 32 Konter-

260 1665 175 31 revolution
452 1674 40 21 zu
508 1665 221 29 unterstützen.
767 1663 68 31 Wir
851 1663 72 31 sind
939 1663 180 39 überzeugt,
1138 1663 61 31 daß
1218 1664 52 30 auf
1287 1663 49 31 die
1352 1664 105 30 Dauer

258 1707 41 31 all
317 1707 83 31 diese
416 1706 219 31 militärischen
651 1705 155 31 Aktionen
821 1705 66 31 sich
904 1705 45 31 als
966 1705 176 31 Abenteuer
1158 1707 147 29 erweisen
1321 1705 135 31 werden.

259 1748 202 32 Clemenceau
475 1757 73 30 mag
562 1748 96 30 bereit
672 1749 75 38 sein,
762 1747 59 31 den
836 1747 95 39 Krieg
945 1757 101 29 gegen
1061 1747 50 31 die
1124 1747 177 31 russischen
1316 1747 142 31 Arbeiter

259 1790 50 32 bis
331 1799 71 21 zum
425 1790 109 30 letzten
559 1790 182 38 polnischen
764 1788 141 32 Arbeiter
927 1789 66 31 und
1017 1790 121 30 Bauern
1162 1799 40 21 zu
1225 1789 125 39 führen;
1385 1789 73 31 aber

259 1832 50 31 die
330 1832 250 31 wirtschaftliche
602 1832 83 38 Lage
707 1831 123 40 Polens,
853 1831 48 31 die
924 1831 177 39 ungeheure
1122 1832 66 30 Not
1209 1832 101 30 seiner
1331 1832 127 30 Massen

256 1874 106 31 macht
385 1884 32 21 es
441 1874 73 31 sehr
536 1873 141 40 fraglich,
713 1873 42 31 ob
790 1873 49 31 die
872 1873 182 39 polnischen
1080 1873 142 31 Arbeiter
1246 1873 66 31 und
1336 1874 122 29 Bauern

259 1917 108 30 keinen
395 1916 99 31 Strich
530 1915 97 31 durch
655 1916 49 30 die
731 1915 94 31 Pläne
850 1915 65 31 und
940 1915 158 30 Wünsche
1136 1915 53 32 des
1225 1915 233 31 französischen

259 1957 251 39 Finanzkapitals
530 1957 128 31 machen
679 1957 137 31 werden.
858 1957 112 39 Japan,
993 1957 55 31 das
1069 1958 79 30 nach
1171 1957 68 31 dem
1260 1957 176 31 Zusammen-

259 1999 99 31 bruch
377 1999 53 31 des
449 1999 167 31 deutschen
635 1999 64 31 und
717 1999 177 31 russischen
913 1999 241 38 Imperialismus
1171 1999 208 31 vollkommen
1398 2000 45 29 iso-

259 2042 70 30 liert
355 2041 143 31 Amerika
525 2041 65 31 und
618 2041 144 38 England
789 2041 269 39 gegenübersteht,
1094 2041 82 31 kann
1213 2041 86 31 keine
1335 2041 123 38 großen

259 2082 106 32 Kräfte
385 2084 31 30 in
437 2083 59 31 den
516 2082 113 39 Kampf
649 2092 100 29 gegen
772 2082 253 39 Sowjetrußland
1045 2083 163 39 einsetzen,
1230 2083 64 30 und
1313 2092 92 22 wenn
1427 2091 31 21 es

259 2126 67 30 sich
348 2124 80 32 dazu
447 2124 208 32 entschließen
676 2124 118 39 würde,
814 2134 37 22 so
871 2126 39 30 ist
929 2135 31 21 es
980 2125 71 31 sehr
1070 2124 176 39 schwierig,
1267 2124 59 32 den
1346 2124 113 38 Kampf
