1620 2540
1363 2192 48 44 13

720 2030 114 31 Thea
861 2031 246 31 Schmittke

227 289 62 31 lieh
308 289 65 31 und
392 290 184 32 unmerklich
595 294 31 29 in
648 293 56 30 den
726 294 326 39 Produktionsprozeß
1073 295 255 40 hineingezogen,
1349 297 55 29 den

228 330 142 32 Arbeiter
392 333 54 30 mit
470 332 53 33 der
547 334 64 31 Zeit
636 344 39 21 zu
701 337 94 29 einem
822 336 321 31 Maschinenzubehör
1176 338 142 38 gemacht
1343 339 61 30 und

227 373 104 30 seinen
352 373 86 32 Geist
456 376 52 29 mit
529 375 66 30 dem
615 375 165 33 Abklatsch
800 377 53 31 der
873 379 211 37 bürgerlichen
1107 379 157 38 Ideologie
1283 379 104 31 verdor-

228 414 69 40 ben,
315 424 39 21 so
374 416 60 30 daß
455 416 52 31 der
526 419 275 37 westeuropäische
822 420 182 30 Proletarier
1023 421 31 29 in
1076 421 99 30 seiner
1196 421 208 30 Lebensweise

228 456 65 31 und
317 457 134 32 Denkart
474 459 64 30 sich
562 459 83 31 nicht
668 460 57 30 viel
760 470 70 20 vom
856 461 204 38 Kleinbürger
1093 463 230 31 unterscheidet.
1371 463 32 29 In

228 498 143 31 Rußland
408 499 137 38 dagegen
580 502 77 37 ging
684 501 48 30 die
768 502 234 38 kapitalistische
1031 504 229 39 Entwickelung
1298 505 31 29 in
1366 514 37 20 so

228 540 130 39 großen,
385 541 193 37 ungeheuren
606 542 161 39 Sprüngen
794 553 57 21 vor
875 544 75 38 sich,
987 544 61 30 daß
1076 544 53 31 der
1155 545 86 31 Geist
1269 546 53 30 des
1349 545 36 31 Ar-

227 581 111 31 beiters
352 582 54 30 mit
421 583 48 30 ihr
485 584 81 30 nicht
583 583 110 31 Schritt
710 584 100 30 halten
829 585 113 30 konnte
959 586 64 29 und
1039 586 113 30 wollte.
1170 588 63 29 Der
1250 587 151 30 russische

229 622 140 32 Arbeiter
394 623 121 32 bäumte
541 626 65 30 sich
634 626 50 30 auf
710 635 99 28 gegen
837 626 49 30 die
911 626 210 38 Nivellierung
1148 629 98 29 seines
1273 628 128 38 Geistes,

227 673 99 29 gegen
351 664 48 32 die
424 664 210 40 Aussaugung
658 668 98 28 seiner
781 667 103 30 Kräfte
911 667 96 30 durch
1035 668 54 29 das
1115 668 131 38 Kapital.
1293 670 41 29 Er
1360 679 29 20 ar-

226 705 107 32 beitete
414 708 77 29 nach
524 708 289 38 Kapitalistenurteil
899 717 129 30 ungern,
1060 718 67 21 war
1159 710 146 29 störrisch
1341 710 62 30 und

225 746 73 41 faul,
320 748 248 31 unberechenbar
588 750 64 29 und
674 750 241 37 unzuverlässig,
936 750 70 29 weil
1029 759 32 21 er
1082 750 81 30 noch
1185 751 82 30 nicht
1289 760 36 21 so
1345 753 58 28 wie

226 788 53 31 der
299 791 277 37 westeuropäische
597 790 141 31 Arbeiter
759 790 242 38 verbürgerlicht
1021 800 75 30 war,
1119 800 50 21 um
1191 793 64 29 sein
1277 792 109 30 Lebens-

225 831 78 30 ideal
320 831 87 30 darin
423 841 38 21 zu
477 832 125 38 suchen,
618 831 61 30 daß
698 841 31 20 er
747 831 66 32 dem
832 831 200 39 Kapitalisten
1049 833 164 37 möglichst
1229 833 57 30 viel
1303 834 80 30 Mehr-

226 875 75 28 wert
325 873 183 32 einbrachte.
556 873 41 30 Er
622 873 105 30 suchte
751 873 78 30 nach
855 873 184 39 Auswegen,
1064 876 102 28 rettete
1190 876 103 28 seinen
1319 875 84 30 Geist

225 913 63 30 und
312 915 82 29 seine
418 913 82 31 Seele
522 915 32 29 in
580 914 48 30 die
653 913 175 40 belebende,
853 915 203 31 erfrischende
1081 915 63 31 und
1168 917 111 29 zuletzt
1303 916 84 30 betäu-

225 955 99 31 bende
348 955 207 38 Atmosphäre
581 955 54 31 des
660 954 232 32 Alkoholismus
918 957 138 38 hinüber,
1083 959 82 28 seine
1190 958 80 30 noch
1298 967 88 21 unver-

225 996 146 31 brauchte
393 996 197 31 Bauernkraft
614 997 105 30 suchte
741 998 63 30 sich
828 998 68 30 Luft
917 1007 38 21 zu
978 999 125 30 machen
1127 1000 31 28 in
1182 999 219 30 verzweifelten

227 1037 155 40 Roheiten,
401 1038 31 30 in
451 1038 188 40 Prügeleien,
657 1040 31 28 in
708 1038 185 40 Pogromen,
915 1040 47 30 die
981 1049 32 21 er
1032 1040 133 31 nachher
1185 1040 49 30 tief
1253 1042 31 28 in
1303 1041 100 29 seiner

224 1079 135 30 wunden
382 1078 83 32 Seele
490 1079 135 39 bereute;
652 1080 75 31 viele
751 1080 134 31 krumme
910 1081 132 38 Irrwege
1066 1082 77 37 ging
1168 1082 48 30 die
1242 1081 143 31 Verzweif-

222 1120 78 38 lung
328 1120 53 30 des
409 1130 71 21 zum
509 1121 210 30 Lohnsklaven
748 1122 207 37 gewordenen
983 1122 273 39 Naturmenschen,
1286 1124 55 29 ehe
1369 1132 32 21 er

223 1160 59 32 den
307 1162 143 38 geraden,
487 1162 58 30 den
571 1164 101 37 einzig
697 1164 148 37 richtigen
870 1164 79 38 Weg
974 1164 151 38 erkannte,
1161 1164 59 30 den
1244 1164 78 38 Weg
1349 1165 52 29 des

223 1204 309 30 wissenschaftlichen
557 1204 209 31 Sozialismus.

305 1244 55 31 Als
386 1244 53 31 der
464 1245 225 30 revolutionäre
715 1245 186 31 Marxismus
936 1255 99 29 gegen
1062 1246 85 31 Ende
1184 1247 53 30 des
1273 1248 128 37 vorigen

223 1285 224 37 Jahrhunderts
472 1296 70 20 zum
566 1287 174 30 russischen
764 1286 141 32 Arbeiter
927 1287 77 38 kam,
1028 1287 74 31 fand
1125 1298 32 20 er
1179 1289 82 29 nicht
1345 1289 58 29 wie

223 1327 31 31 in
277 1327 203 38 Westeuropa
571 1328 47 30 ein
644 1328 176 38 bürgerlich
844 1329 200 38 verseuchtes,
1070 1331 89 28 unter
1183 1329 68 30 dem
1278 1330 123 30 Einfluß

223 1368 54 31 des
301 1369 220 38 Kapitalismus
547 1369 170 38 körperlich
743 1369 64 31 und
831 1371 112 37 geistig
968 1370 219 38 degeneriertes
1213 1371 189 38 Proletariat,

222 1410 135 30 sondern
383 1411 66 29 eine
474 1410 248 39 Arbeiterklasse,
750 1411 48 30 die
823 1411 56 30 das
905 1412 270 30 kommunistische
1201 1412 80 30 Ideal
1306 1412 97 30 schon

223 1461 62 21 von
306 1451 106 31 früher
433 1452 54 30 her
510 1451 169 32 unbewußt
703 1453 31 29 in
758 1452 64 30 sich
844 1454 81 38 trug,
950 1452 47 32 die
1018 1463 31 21 es
1072 1454 148 37 gewohnt
1241 1463 75 29 war,
1339 1453 64 30 sich

223 1494 54 29 mit
301 1492 151 32 sittlichen
479 1493 181 31 Problemen
688 1503 85 21 zwar
799 1494 83 31 nicht
908 1495 281 38 wissenschaftlich,
1217 1495 89 31 dafür
1332 1495 72 30 aber

224 1542 89 22 umso
340 1536 116 28 ernster
482 1535 65 30 und
574 1535 148 32 ehrlicher
750 1535 355 40 auseinanderzusetzen,
1135 1536 48 31 die
1209 1538 32 29 in
1269 1536 57 31 den
1357 1537 31 29 be-

222 1575 166 31 stehenden
414 1576 242 31 ökonomischen
681 1577 227 30 Verhältnissen
932 1578 81 29 noch
1037 1587 40 20 zu
1102 1587 58 21 neu
1185 1587 75 29 war,
1286 1588 49 19 um
1361 1578 43 29 sie

224 1616 45 31 als
300 1616 258 32 unabänderliche
588 1618 365 31 Selbstverständlichkeit
983 1619 183 39 anzusehen,
1199 1619 48 30 die
1276 1619 125 30 deshalb

221 1658 150 37 glücklich
388 1668 75 29 war,
481 1659 64 30 ihre
563 1659 267 39 überschüssigen,
848 1669 54 21 aus
921 1660 54 30 der
990 1660 101 31 Natur
1107 1670 175 28 gesogenen
1300 1660 102 31 Kräfte

221 1708 58 21 zur
304 1699 190 39 Erreichung
521 1701 81 29 eines
627 1700 102 31 hohen
755 1701 98 30 Zieles
879 1701 329 31 zusammenzufassen.
1257 1702 63 30 Der
1343 1702 40 29 Zu-

220 1740 215 31 samenschluß
466 1750 39 21 zu
534 1741 232 39 Klassenkampf
768 1743 251 37 Organisationen
1058 1742 157 31 bedeutete
1253 1743 49 31 für
1342 1743 57 30 den

220 1781 174 30 russischen
414 1781 140 31 Arbeiter
573 1783 82 30 nicht
674 1784 58 29 wie
751 1783 50 30 für
819 1784 82 29 seine
920 1785 298 36 westeuropäischen
1239 1783 161 31 Genossen

221 1823 65 30 eine
309 1823 163 29 materielle
496 1823 230 38 Verbesserung
752 1825 99 29 seiner
875 1824 91 38 Lage,
1001 1825 135 29 sondern
1175 1825 48 30 die
1249 1825 152 39 Stärkung

221 1863 65 30 und
310 1863 136 38 Hebung
471 1865 98 29 seiner
594 1866 149 36 geistigen
770 1865 64 30 und
860 1865 150 31 sittlichen
1037 1866 116 38 Kräfte;
1189 1866 62 30 ihm
1278 1868 39 29 ist
1354 1867 47 29 die

221 1904 98 30 Partei
343 1904 109 31 Schule
475 1905 64 30 und
563 1905 111 31 Kirche
696 1906 150 39 zugleich,
881 1907 62 29 ihm
968 1908 39 29 ist
1041 1907 55 30 das
1132 1908 269 30 kommunistische

222 1945 126 31 Endziel
371 1946 55 30 das
447 1946 262 39 Tausendjährige
731 1948 90 30 Reich
843 1947 125 40 Christi,
990 1948 54 32 der
1065 1950 31 28 in
1122 1949 88 30 Marx
1233 1959 39 20 zu
1294 1958 107 22 neiem

221 1987 100 31 Leben
347 1987 64 31 und
435 1988 124 30 Wirken
586 1988 213 31 auferstanden
825 1990 48 30 ist.

1126 2033 197 38 (Frankfurt).
