1624 2540
1367 2191 48 53 25

230 284 147 40 Htmgers
399 284 121 33 sterben
543 285 139 41 würden,
704 287 114 39 gerade
841 287 171 40 diejenigen
1036 288 76 39 sein,
1134 287 117 31 welche
1274 287 49 31 die
1345 287 59 31 Alli-

229 327 96 30 ierten
350 336 39 21 zu
413 327 184 31 beschützen
620 329 178 31 wünschen.
845 331 59 29 Die
929 329 153 31 Blockade
1107 329 109 31 würde
1242 329 66 31 also
1335 329 83 31 nicht

231 368 49 31 die
306 368 254 41 Aushungerung
586 370 54 31 der
668 371 212 39 Bolschewiki,
918 371 136 31 sondern
1093 372 118 30 einfach
1251 371 59 31 den
1348 371 68 30 Tod

230 419 126 22 unserer
384 411 139 30 Freunde
552 412 158 31 bedeuten.
750 414 58 29 Die
837 412 262 39 Blockadepolitik
1128 415 39 29 ist
1198 414 67 30 eine
1295 413 121 39 Politik,

230 451 48 31 die
308 453 59 30 wir
397 452 40 30 im
468 452 191 39 Augenblick
691 454 45 30 als
765 454 133 31 humane
929 455 167 30 Menschen
1128 456 85 29 nicht
1243 455 171 31 anwenden

229 493 131 32 können.
409 495 92 30 Dann
526 495 98 39 fragte
649 496 97 38 Lloyd
772 496 134 40 George,
933 506 65 21 wer
1026 497 80 30 denn
1134 497 48 30 die
1209 498 205 30 Bolschewiki

229 534 76 32 über
321 535 58 31 den
394 535 121 32 Haufen
532 546 113 21 rennen
662 538 76 29 solle
746 538 15 29 ?
784 538 107 31 Bisher
906 538 80 31 habe
1000 548 71 21 man
1088 548 62 21 von
1167 538 65 31 drei
1249 539 164 39 Männern,

228 586 62 21 von
316 578 141 38 Denikin,
482 578 166 31 Koltschak
675 579 64 30 und
765 579 99 40 Knox,
891 580 202 37 gesprochen.
1141 580 99 31 Wenn
1266 590 71 21 man
1365 581 49 30 die

229 618 238 38 Möglichkeiten
490 619 65 32 klar
577 621 48 30 ins
647 619 90 39 Auge
759 620 88 39 fasse,
871 622 54 29 mit
948 621 81 30 Hilfe
1054 621 98 31 dieser
1174 622 73 30 Drei
1272 623 48 29 die
1344 622 53 30 Bol-

228 659 144 31 schewiki
398 670 39 21 zu
461 661 153 39 besiegen,
638 661 115 38 glaube
776 672 32 20 er
843 662 144 30 mitteilen
1023 672 39 20 zu
1097 665 133 36 müssen,
1268 663 61 31 daß
1366 664 47 29 die

228 701 333 32 Tschecho-Slowaken
580 704 71 37 jetzt
671 712 39 21 zu
731 703 139 38 kämpfen
891 703 64 29 sich
976 705 179 36 weigerten;
1188 704 61 30 daß
1271 705 48 29 die
1338 705 75 31 Rote

227 740 112 34 Armee
357 743 72 38 jetzt
449 744 55 30 fest
526 745 185 37 organisiert
731 744 65 30 und
818 744 189 39 zuverlässig
1028 746 44 29 sei
1093 745 64 30 und
1180 745 71 39 daß,
1273 746 141 30 obschon

226 792 33 22 es
279 785 90 31 wahr
390 786 52 39 sei,
467 786 60 30 daß
551 785 284 31 bolschewistische
857 786 147 38 Truppen
1026 786 136 30 kürzlich
1186 796 39 21 zu
1248 787 166 31 Koltschak

228 825 215 40 übergelaufen
464 828 91 38 seien,
576 826 145 31 niemand
742 827 48 30 die
809 827 137 31 Gewähr
967 827 89 31 dafür
1076 828 205 31 übernehmen
1303 830 110 38 könne,

227 866 62 32 daß
325 868 84 31 nicht
442 868 113 38 gerade
591 868 56 31 das
673 868 206 39 Umgekehrte
905 870 144 29 eintreten
1075 870 117 31 würde.
1239 870 99 31 Wenn
1366 871 47 30 die

225 907 158 33 Alliierten
405 910 57 30 fest
484 910 65 29 sich
574 910 50 30 auf
647 910 88 30 einen
758 910 100 31 dieser
880 910 63 31 drei
967 911 132 30 Männer
1118 912 155 30 verlassen
1297 912 115 38 würde,

225 950 114 38 glaube
353 960 33 21 er
401 959 96 30 sagen
513 960 40 21 zu
568 951 133 39 können,
720 951 61 30 daß
797 953 45 29 sie
857 952 82 31 dann
957 953 47 30 ein
1021 952 148 31 Gebäude
1185 953 52 30 auf
1253 953 159 39 Flugsand

226 992 189 30 errichteten.
456 993 42 30 Er
515 992 79 31 habe
611 993 58 30 viel
688 993 77 31 über
783 993 130 31 Denikin
932 995 148 37 sprechen
1101 995 106 38 hören,
1228 995 74 31 aber
1320 1005 91 21 wenn

226 1042 33 20 er
276 1033 65 30 sich
360 1033 48 31 die
426 1033 92 32 Karte
536 1034 123 39 ansähe,
677 1034 90 31 fände
786 1044 40 30 er,
847 1035 61 30 daß
929 1036 129 30 Denikin
1077 1046 59 21 nur
1155 1038 47 29 ein
1221 1046 76 29 paar
1315 1037 96 30 kleine

225 1074 126 31 Flecken
378 1075 86 30 Land
491 1076 31 29 in
550 1075 54 31 der
629 1076 88 30 Nähe
744 1076 52 30 des
823 1077 183 31 Schwarzen
1032 1078 120 30 Meeres
1178 1078 116 32 besetzt
1320 1079 89 31 halte.

224 1115 176 31 Außerdem
417 1118 43 28 sei
479 1117 116 31 erzählt
610 1117 140 40 worden,
769 1118 61 30 daß
849 1119 130 30 Denikin
997 1119 65 30 sich
1079 1119 168 32 Koltschak
1263 1120 147 38 genähert

223 1157 89 31 habe.
361 1159 92 29 Dann
480 1159 79 29 habe
586 1168 33 22 er
656 1168 55 22 aus
750 1160 102 30 seinen
880 1160 240 32 Informationen
1159 1161 149 39 erfahren,
1348 1162 61 30 daß

223 1198 167 32 Koltschak
414 1199 177 38 Mitglieder
614 1199 54 32 des
693 1200 79 32 alten
797 1201 139 39 Regimes
962 1211 51 21 um
1038 1202 64 30 sich
1127 1204 179 36 gesammelt
1331 1203 79 31 habe

223 1240 64 30 und
309 1240 41 31 im
372 1240 122 32 Herzen
518 1241 194 32 Monarchist
733 1244 53 29 sei.
830 1244 57 29 Die
910 1243 334 32 Tschecho-Slowaken
1266 1245 143 31 schienen

224 1281 56 31 das
316 1282 266 38 herausgefunden
618 1293 39 20 zu
694 1284 111 31 haben.
852 1285 59 30 Die
936 1285 186 39 Neigungen
1160 1286 53 32 der
1239 1287 170 30 Tschecho-

223 1322 163 32 Slowaken
405 1325 82 29 seien
509 1324 223 31 demokratisch
753 1325 65 30 und
837 1326 44 31 sie
900 1327 81 30 seien
1003 1326 156 32 durchaus
1178 1327 83 32 nicht
1280 1329 129 38 willens,

222 1363 51 31 für
289 1364 50 31 die
355 1364 312 40 Wiederherstellung
686 1366 54 31 des
758 1367 79 30 alten
855 1367 139 39 Regimes
1012 1369 32 30 in
1063 1369 144 31 Rußland
1226 1378 39 21 zu
1282 1370 126 30 fechten.

304 1407 30 32 3.
363 1407 58 30 Die
449 1406 90 32 dritte
567 1407 201 39 Möglichkeit
793 1411 85 29 wäre
905 1409 151 31 enthalten
1085 1411 31 29 in
1145 1411 68 30 dem
1244 1411 164 33 britischen

223 1447 200 40 Vorschläge,
446 1447 82 32 diese
550 1448 90 32 Leute
663 1449 219 32 aufzufordern
903 1451 78 30 nach
1005 1451 86 31 Paris
1115 1461 40 21 zu
1177 1453 150 32 kommen.

305 1489 92 31 Dann
414 1490 93 30 nahm
525 1491 161 31 Präsident
701 1491 122 31 Wilson
841 1492 55 30 das
914 1493 91 31 Wort
1022 1516 6 8 .
1052 1517 7 7 .
1084 1517 5 7 .
1114 1519 7 7 .
1139 1494 64 30 und
1218 1494 63 39 gab
1298 1496 111 30 seinem

222 1530 124 31 Zweifel
373 1540 38 21 an
438 1531 55 30 der
518 1531 236 40 Aufrichtigkeit
790 1533 54 31 der
869 1533 130 32 Absicht
1037 1534 52 32 der
1125 1536 174 31 russischen
1336 1538 59 29 anti-

222 1571 305 32 bolschewistischen
553 1574 147 38 Truppen
727 1574 173 32 Ausdruck.

303 1613 97 40 Lloyd
420 1613 126 40 George
567 1618 180 36 entgegnete
767 1617 51 30 auf
838 1616 58 32 den
918 1617 148 40 Einwurf,
1089 1618 54 31 der
1160 1628 99 29 gegen
1281 1620 49 30 die
1350 1620 40 29 Zu-

221 1654 129 40 lassung
374 1665 62 21 von
461 1656 304 32 bolschewistischen
793 1658 192 38 Delegierten
1010 1660 142 37 gemacht
1176 1660 129 31 worden
1331 1670 75 21 war.

221 1695 76 31 Man
311 1696 82 31 hatte
408 1697 174 40 behauptet,
600 1698 61 31 daß
677 1700 44 29 sie
736 1700 182 31 Frankreich
938 1700 62 31 und
1018 1701 143 38 England
1176 1711 71 21 zum
1265 1702 124 31 Bolsche-

219 1737 129 31 wismus
369 1738 149 31 bekehren
539 1740 124 31 wollen.
705 1740 94 31 Sollte
821 1741 143 38 England
986 1741 263 32 bolschewistisch
1271 1743 135 39 werden,

219 1787 37 21 so
273 1778 109 31 würde
399 1788 31 21 es
448 1780 84 30 nicht
550 1780 127 31 deshalb
694 1782 75 38 sein,
787 1782 69 30 weil
873 1783 48 30 ein
940 1783 151 31 einzelner
1109 1783 297 33 bolschewistischer

219 1818 150 33 Vertreter
388 1821 78 30 nach
487 1821 144 38 England
650 1821 180 38 gekommen
852 1825 51 29 sei.
945 1823 227 32 Andererseits:
1203 1827 48 29 ein
1272 1827 120 30 militäri-

219 1860 88 31 scher
328 1860 121 39 Angriff
468 1871 99 29 gegen
590 1862 48 31 die
659 1863 213 40 Bolschewiki,
896 1865 55 31 das
972 1866 109 31 würde
1102 1867 144 38 England
1268 1868 121 32 bolsche-

218 1902 137 31 wistisch
375 1903 126 30 machen
522 1904 64 30 und
607 1906 86 29 einen
715 1905 115 39 Sowjet
850 1908 31 29 in
902 1907 133 31 London
1056 1908 138 32 erstehen
1214 1910 111 31 lassen.

301 1944 160 31 Präsident
478 1945 122 31 Wilson
619 1945 160 40 bemerkte,
798 1947 61 31 daß
878 1957 33 22 er
927 1948 85 32 keine
1032 1950 200 38 Möglichkeit
1251 1952 81 40 sehe,
1353 1952 54 31 der

219 1984 191 40 Auffassung
434 1995 62 21 von
523 1987 97 40 Lloyd
647 1988 126 39 George
809 1990 95 30 etwas
929 1990 138 32 wirklich
1095 1992 214 33 Beweisendes
1347 1997 45 28 ent-

217 2029 254 36 gegenzusetzen.
495 2051 68 8 ...
602 2029 40 31 Er
668 2030 113 37 glaube
807 2031 93 39 nicht,
929 2031 61 32 daß
1017 2034 164 38 irgendwo
1209 2035 197 39 Sympathien

217 2068 50 31 für
285 2068 49 31 die
352 2069 198 31 Brutalitäten
568 2070 54 32 der
640 2071 241 35 Bolschewisten
899 2082 39 22 zu
957 2074 103 31 finden
1078 2078 116 37 wären,
1213 2087 92 21 wenn
1324 2078 83 31 nicht

219 2109 48 32 die
289 2110 149 32 Tatsache
462 2112 54 30 der
541 2112 178 32 Herrschaft
744 2114 53 31 des
821 2114 223 40 Großkapitals
1070 2117 76 32 über
1171 2119 50 30 die
1245 2119 162 38 politische
