2156 3647
755 152 53 25 LA
839 149 199 33 MUSIQUE
1071 148 81 28 DES
1185 139 219 37 MEVLÉVIS

1999 147 77 44 347

144 238 79 45 Du
247 253 80 30 xni
332 248 15 19 e
366 235 146 47 siècle
536 239 26 44 à
586 253 93 30 nos
701 238 153 61 jours,
888 240 118 43 c'est
1029 238 45 44 là
1098 252 70 30 un
1190 234 88 46 fait
1307 236 98 44 très
1432 234 150 63 digne
1612 238 58 44 de
1693 252 284 45 remarque,
2008 236 70 46 les

79 319 159 46 Turcs
258 319 229 44 n'eurent
514 333 88 47 pas
627 318 191 47 d'autre
849 316 272 55 académie,
1147 315 189 46 d'autre
1359 316 369 47 conservatoire
1752 333 95 46 que
1879 318 68 45 les
1971 316 80 63 pai-

79 399 151 47 sibles
271 399 169 47 tekkés
473 399 87 46 des
606 410 285 36 tourneurs.
933 396 218 49 Ceux-ci
1185 396 168 46 furent
1385 396 251 49 vraiment
1677 398 71 47 les
1787 418 22 23 «
1846 398 204 47 bénédic-

79 480 99 46 tins
215 499 22 23 »
275 479 85 46 des
390 479 272 47 confréries
686 479 363 47 musulmanes.
1093 475 306 64 Compulsez
1434 478 69 45 les
1528 478 302 47 manuscrits
1870 479 63 46 où
1965 490 114 36 sont

79 578 177 31 encore
287 562 197 45 enfouis
515 562 68 44 les
607 562 114 61 plus
747 559 230 62 précieux
1006 570 327 33 monuments
1371 559 264 47 littéraires
1665 560 59 45 de
1761 560 44 46 la
1824 560 250 63 Turquie;

79 643 31 47 il
141 644 129 45 n'est
301 658 89 47 pas
426 657 67 30 un
529 639 218 48 écrivain
771 642 57 44 de
860 654 226 46 marque,
1124 654 70 31 un
1222 640 145 60 poète
1392 639 219 58 brillant,
1643 656 71 31 un
1738 642 341 61 compositeur

79 723 208 58 célèbre,
328 738 70 31 un
437 722 165 47 habile
644 720 209 61 copiste,
892 732 227 34 amateur
1147 719 281 62 intelligent
1466 722 85 44 des
1582 720 200 47 anciens
1819 722 170 45 traités
2020 723 59 44 de

79 803 235 62 musique
343 802 163 58 arabe,
530 800 86 63 qui
653 800 121 46 n'ait
801 800 162 46 accolé
994 803 25 43 à
1049 817 53 29 sa
1133 800 272 61 signature,
1438 802 187 61 perdue
1657 817 60 30 en
1752 802 59 45 de
1852 814 227 33 savantes

80 885 317 60 arabesques,
418 882 254 62 l'épithète
691 882 59 45 de
770 880 215 47 mevlévi.
1011 880 240 47 Mevlévis
1269 882 296 62 également,
1599 882 70 45 les
1706 880 347 49 instrumentis-

80 976 73 34 tes
172 977 46 33 et
234 963 267 46 chanteurs
519 962 58 45 de
595 977 119 30 cour
729 973 12 48 ;
760 962 235 47 mevlévis
1014 967 308 42 eux-mêmes
1339 978 90 47 par
1439 962 275 59 affiliation,
1734 963 69 46 les
1827 962 255 62 puissants

82 1044 191 46 sultans
310 1043 59 46 de
402 1043 44 44 la
467 1042 228 61 dynastie
724 1040 251 50 d'Osman
1011 1044 82 61 (1),
1119 1043 122 46 dont
1265 1044 69 45 les
1364 1044 332 46 descendants
1726 1045 295 46 continuent
2055 1047 27 43 à

80 1123 220 48 recevoir
345 1125 433 58 solennellement,
825 1124 122 46 dans
992 1123 45 46 la
1086 1127 239 58 mosquée
1372 1124 248 62 d'Eyoub,
1653 1124 326 47 l'investiture
2016 1125 65 46 du

80 1205 257 47 cimeterre
369 1207 85 45 des
480 1205 163 47 mains
680 1207 60 45 de
1481 1204 357 64 YA\i\-effendi
1157 1204 167 64 (Saint
1354 1204 264 65 Seigneur)
1657 1205 66 63 (2)
1752 1207 58 45 de
1858 1205 221 60 Koniah,

84 1302 287 30 successeur
400 1287 262 47 immédiat
693 1288 57 44 de
775 1285 372 60 Djelal-ed-Din
1170 1287 203 45 Roumi.

145 1367 183 45 Inutile
353 1368 263 46 d'aborder
644 1367 61 45 ici
729 1365 317 63 l'historique
1076 1367 121 45 delà
1218 1368 243 46 confrérie
1485 1368 86 46 des
1615 1368 237 47 mevlévis
1885 1382 9 34 :
1940 1369 114 63 inop-

83 1459 185 50 portun
317 1452 162 42 même
521 1448 405 61 d'entreprendre
976 1448 197 46 l'exacte
1221 1448 307 62 description
1557 1451 59 44 de
1658 1449 106 47 leur
1799 1449 280 47 cérémonie

83 1528 193 46 rituelle
296 1529 69 61 (3)
385 1541 12 48 ;
422 1529 45 45 la
492 1528 235 62 question
759 1528 238 46 musicale
1038 1528 104 47 doit
1173 1529 133 46 seule
1335 1545 128 30 nous
1494 1529 267 47 intéresser
1804 1531 122 45 dans
1957 1542 124 36 cette

82 1608 160 47 Revue
270 1621 10 33 :
313 1608 136 46 aussi
479 1608 132 58 bien,
644 1608 193 47 est-elle
873 1608 147 61 digne
1049 1609 59 45 de
1137 1608 119 47 faire
1296 1609 169 60 l'objet
1494 1611 147 45 d'une
1672 1612 146 46 étude
1848 1611 229 62 spéciale.

144 1691 67 44 Le
243 1691 189 58 Koran,
489 1706 196 30 comme
714 1706 65 29 on
816 1691 42 44 le
896 1689 108 57 sait,
1053 1689 214 63 proscrit
1310 1691 185 62 l'usage
1533 1692 66 46 du
1653 1692 150 44 chant
1850 1692 124 46 dans
2011 1692 70 46 les

83 1772 286 58 mosquées,
402 1769 58 45 de
486 1773 162 42 même
672 1769 121 61 qu'il
826 1772 244 58 réprouve
1100 1769 220 61 l'emploi
1342 1771 86 44 des
1453 1771 188 62 images
1672 1783 47 33 et
1747 1772 85 44 des
1853 1772 229 61 produits

83 1856 58 44 de
173 1854 108 45 l'art
310 1852 267 63 plastique.
628 1853 261 46 Toutefois
930 1853 32 46 il
994 1868 31 46 y
1060 1868 25 31 a
1129 1852 356 47 dissentiment
1521 1867 85 31 sur
1627 1852 43 46 le
1706 1865 197 49 compte
1936 1854 60 45 de
2039 1853 44 46 la

83 1933 234 61 musique
341 1932 162 62 parmi
526 1933 69 46 les
621 1933 178 46 ulémas
823 1933 87 62 (4),
935 1933 125 46 dont
1076 1932 70 46 les
1170 1947 94 31 uns
1289 1932 197 47 suivent
1505 1932 46 46 la
1574 1932 223 46 doctrine
1818 1933 58 45 de
1899 1932 180 61 Malek,

84 2014 156 63 rigide
282 2014 323 46 observateur
643 2016 66 45 du
741 2026 127 34 texte
900 2017 135 43 sacré
1056 2026 11 48 ;
1114 2013 216 47 d'autres
1377 2014 45 46 la
1467 2013 223 47 doctrine
1734 2014 58 46 de
1834 2013 245 64 Chal'fay,

84 2093 87 64 qui
206 2094 168 46 admet
414 2106 47 34 et
497 2108 254 47 approuve
788 2094 42 46 le
873 2093 147 47 chant
1046 2106 12 47 ;
1090 2093 216 47 d'autres
1344 2094 150 59 enfin,
1533 2094 120 46 celle
1692 2094 58 46 de
1791 2093 288 61 Khaldoun,

83 2174 88 64 qui
195 2174 217 47 autorise
442 2174 42 46 le
516 2174 177 63 simple
723 2174 218 47 récitatif
957 2176 82 61 (5).

148 2256 95 45 Les
290 2253 253 60 mevlévis,
578 2270 111 42 eux,
748 2267 258 50 comptent
1038 2256 164 62 parmi
1258 2257 68 44 les
1368 2256 113 62 plus
1516 2254 186 47 chauds
1742 2254 249 63 partisans
2024 2257 59 46 de

86 2334 243 64 Chaf'fay.
376 2334 162 47 Guidé
571 2351 90 47 par
696 2351 91 30 son
818 2336 209 47 instinct
1071 2337 257 62 poétique,
1372 2336 376 61 Djelal-ed-Din
1792 2337 187 46 Roumi
2021 2352 62 31 ne

84 2416 206 62 pouvait
317 2431 246 47 manquer
585 2417 306 61 d'apprécier
919 2417 296 47 hautement
1248 2417 287 47 l'influence
1565 2418 58 45 de
1658 2417 44 46 la
1739 2417 232 62 musique
1998 2432 85 32 sur

87 2497 67 46 les
183 2502 154 39 âmes.
370 2494 85 49 On
483 2508 232 50 rapporte
746 2502 182 53 même,
954 2500 26 43 à
1009 2514 52 29 ce
1086 2497 145 60 sujet,
1264 2514 97 45 que
1390 2512 131 47 pour
1549 2496 205 47 adoucir
1782 2508 46 35 et
1869 2496 214 63 dissiper

87 2577 43 46 la
163 2577 220 47 tristesse
413 2577 245 47 excessive
704 2578 146 46 d'une
891 2578 284 63 séparation
1198 2580 262 61 passagère
1490 2594 245 30 survenue
1766 2591 136 33 entre
1932 2578 69 47 lui
2038 2591 45 36 et

91 2672 90 31 son
215 2658 177 46 maître
414 2660 178 44 vénéré
621 2656 209 49 Chemsi
872 2657 218 58 Tébrizi,
1141 2670 175 34 autant
1339 2674 95 47 que
1465 2674 129 47 pour
1621 2658 231 46 modérer
1880 2658 69 46 les
1973 2675 83 46 per-

87 2738 190 63 pétuels
306 2738 138 47 élans
467 2740 66 45 du
563 2738 309 63 mysticisme
906 2740 42 45 le
977 2740 113 61 plus
1114 2742 289 56 émouvant,
1422 2740 232 45 exhalant
1677 2755 61 30 en
1773 2740 85 45 des
1888 2752 195 35 accents

88 2818 118 46 d'un
240 2818 201 63 lyrisme
474 2820 215 47 sublime
733 2820 69 45 les
840 2820 215 62 plaintes
1084 2834 47 33 et
1160 2821 70 44 les
1254 2820 198 62 soupirs
1483 2821 64 46 du
1579 2836 136 32 cœur
1738 2821 211 47 humain
1971 2837 112 46 pas-

136 2962 52 49 (1)
213 2962 162 51 Depuis
399 2962 273 47 Abdul-Aziz,
695 2962 60 38 les
789 2962 160 38 sultans
987 2969 74 30 ont
1090 2961 118 38 cessé
1237 2962 52 37 de
1338 2959 184 38 s'affilier
1560 2973 80 26 aux
1676 2963 198 38 mevlévis
1893 2976 9 25 :
1927 2963 37 38 le
1979 2977 77 24 sou-

87 3023 142 38 verain
251 3024 136 38 actuel
404 3023 323 39 Abdul-Hamid
743 3024 143 38 donne
911 3036 65 26 ses
996 3023 268 51 préférences
1289 3034 80 26 aux
1386 3022 218 39 derviches
1629 3024 194 38 hurleurs
1843 3025 51 38 de
1911 3025 39 38 la
1970 3034 112 29 secte

88 3085 84 38 dite
192 3086 189 51 Chaajli.

140 3147 51 49 (2)
230 3147 322 38 L'Aziz-effendi
576 3156 62 29 est
658 3149 96 49 plus
773 3147 313 52 généralement
1115 3160 143 25 connu
1282 3160 100 25 sous
1406 3147 37 38 le
1461 3147 98 40 titre
1583 3149 51 38 de
1676 3149 158 50 Buyuk
1877 3150 202 47 Tchélébi,

93 3210 144 35 Grand
267 3210 220 49 Seigneur.

136 3269 51 50 (3)
209 3270 45 37 Je
284 3283 64 24 me
367 3283 182 37 propose
560 3272 51 38 de
632 3273 169 50 publier
822 3273 165 38 bientôt
1005 3273 175 38 l'exacte
1206 3272 259 51 description
1485 3273 51 38 de
1556 3282 107 30 cette
1686 3273 240 38 cérémonie
1949 3273 130 50 jointe

92 3344 79 26 aux
193 3331 183 39 diverses
398 3333 339 49 interprétàtions
766 3337 231 49 mystiques
1024 3337 125 49 qu'en
1171 3344 75 29 ont
1268 3337 193 36 données
1485 3335 58 38 les
1568 3335 214 38 mevlévis.

141 3394 55 49 (4)
218 3394 287 50 Théologiens
529 3396 277 41 musulmans.

139 3457 49 47 (5)
211 3453 64 40 Cf.
301 3456 108 38 F.-Ji
433 3457 125 46 FétiSj
572 3458 115 41 T/ïs/;
708 3458 198 51 générale
922 3460 50 38 de
991 3460 39 37 la
1056 3460 199 50 musique,
1272 3467 34 33 t.
1335 3460 54 48 11,
1411 3471 41 38 p.
1477 3471 63 36 90,
