<?xml version="1.0" encoding="UTF-8"?>
<alto xmlns:xsi="http://www.w3.org/2001/XMLSchema-instance" xmlns="http://www.loc.gov/standards/alto/ns-v2#" xsi:schemaLocation="http://www.loc.gov/standards/alto/ns-v2# http://www.loc.gov/standards/alto/alto-v2.0.xsd" xmlns:xlink="http://www.w3.org/1999/xlink">
	<Description>
		<MeasurementUnit>mm10</MeasurementUnit>
		<sourceImageInformation>
			<fileName>//fileserver7/IN2-2/Princeton/bmtnabj/1902/08_01/00000358.tif</fileName>
		</sourceImageInformation>
		<OCRProcessing ID="OCRPROCESSING_1">
			<preProcessingStep>
				<processingSoftware>
					<softwareCreator>CCS Content Conversion Specialists GmbH, Germany</softwareCreator>
					<softwareName>CCS docWorks</softwareName>
					<softwareVersion>6.7-1.20</softwareVersion>
				</processingSoftware>
			</preProcessingStep>
			<ocrProcessingStep>
				<processingSoftware>
					<softwareCreator>ABBYY (BIT Software), Russia</softwareCreator>
					<softwareName>FineReader</softwareName>
					<softwareVersion>10.0</softwareVersion>
				</processingSoftware>
			</ocrProcessingStep>
		</OCRProcessing>
	</Description>
	<Styles>
		<TextStyle ID="TXT_0" FONTSIZE="15" FONTFAMILY="Arial"/>
		<TextStyle ID="TXT_1" FONTSIZE="10" FONTFAMILY="Times New Roman"/>
		<TextStyle ID="TXT_2" FONTSIZE="15" FONTFAMILY="Times New Roman"/>
		<TextStyle ID="TXT_3" FONTSIZE="16" FONTFAMILY="Times New Roman" FONTSTYLE="italics"/>
		<ParagraphStyle ID="PAR_LEFT" ALIGN="Left"/>
		<ParagraphStyle ID="PAR_CENTER" ALIGN="Center"/>
	</Styles>
	<Layout>
		<Page ID="P2" PHYSICAL_IMG_NR="2" HEIGHT="3647" WIDTH="2156" PRINTED_IMG_NR="338" PC="0.945">
			<TopMargin ID="P2_TM00001" HPOS="0" VPOS="0" WIDTH="2156" HEIGHT="191">
				<TextBlock ID="P2_TB00001" HPOS="87" VPOS="137" WIDTH="79" HEIGHT="51" STYLEREFS="TXT_0 PAR_LEFT">
					<TextLine ID="P2_TL00001" HPOS="87" VPOS="137" WIDTH="79" HEIGHT="51">
						<String ID="P2_ST00001" HPOS="87" VPOS="137" WIDTH="79" HEIGHT="51" CONTENT="338" WC="1.00" CC="000"/>
					</TextLine>
				</TextBlock>
				<TextBlock ID="P2_TB00002" HPOS="968" VPOS="149" WIDTH="239" HEIGHT="27" STYLEREFS="TXT_1 PAR_CENTER">
					<TextLine ID="P2_TL00002" HPOS="969" VPOS="149" WIDTH="238" HEIGHT="27">
						<String ID="P2_ST00002" HPOS="969" VPOS="149" WIDTH="238" HEIGHT="27" CONTENT="PARYSATIS" WC="0.78" CC="435200120"/>
					</TextLine>
				</TextBlock>
			</TopMargin>
			<LeftMargin ID="P2_LM00001" HPOS="0" VPOS="191" WIDTH="69" HEIGHT="3317"/>
			<RightMargin ID="P2_RM00001" HPOS="2087" VPOS="191" WIDTH="69" HEIGHT="3317"/>
			<BottomMargin ID="P2_BM00001" HPOS="0" VPOS="3508" WIDTH="2156" HEIGHT="139"/>
			<PrintSpace ID="P2_PS00001" HPOS="69" VPOS="191" WIDTH="2018" HEIGHT="3317">
				<TextBlock ID="P2_TB00003" HPOS="69" VPOS="236" WIDTH="2018" HEIGHT="3272" STYLEREFS="TXT_2 PAR_LEFT">
					<TextLine ID="P2_TL00003" HPOS="85" VPOS="237" WIDTH="1999" HEIGHT="58">
						<String ID="P2_ST00003" HPOS="85" VPOS="242" WIDTH="131" HEIGHT="53" CONTENT="gaîté," WC="0.89" CC="002003"/>
						<SP ID="P2_SP00001" HPOS="216" VPOS="295" WIDTH="33"/>
						<String ID="P2_ST00004" HPOS="249" VPOS="250" WIDTH="135" HEIGHT="45" CONTENT="ayant" WC="0.98" CC="04380"/>
						<SP ID="P2_SP00002" HPOS="384" VPOS="295" WIDTH="41"/>
						<String ID="P2_ST00005" HPOS="425" VPOS="253" WIDTH="163" HEIGHT="27" CONTENT="encore" WC="0.99" CC="060020"/>
						<SP ID="P2_SP00003" HPOS="588" VPOS="295" WIDTH="38"/>
						<String ID="P2_ST00006" HPOS="626" VPOS="240" WIDTH="112" HEIGHT="42" CONTENT="dans" WC="1.00" CC="0000"/>
						<SP ID="P2_SP00004" HPOS="738" VPOS="295" WIDTH="20"/>
						<String ID="P2_ST00007" HPOS="758" VPOS="240" WIDTH="190" HEIGHT="42" CONTENT="l'oreille" WC="0.99" CC="240405170"/>
						<SP ID="P2_SP00005" HPOS="948" VPOS="295" WIDTH="23"/>
						<String ID="P2_ST00008" HPOS="971" VPOS="240" WIDTH="64" HEIGHT="41" CONTENT="les" WC="0.99" CC="200"/>
						<SP ID="P2_SP00006" HPOS="1035" VPOS="295" WIDTH="24"/>
						<String ID="P2_ST00009" HPOS="1059" VPOS="238" WIDTH="234" HEIGHT="43" CONTENT="fantaisies" WC="1.00" CC="3000020500"/>
						<SP ID="P2_SP00007" HPOS="1293" VPOS="295" WIDTH="43"/>
						<String ID="P2_ST00010" HPOS="1336" VPOS="238" WIDTH="112" HEIGHT="56" CONTENT="qu'il" WC="0.97" CC="05444"/>
						<SP ID="P2_SP00008" HPOS="1448" VPOS="295" WIDTH="20"/>
						<String ID="P2_ST00011" HPOS="1468" VPOS="238" WIDTH="204" HEIGHT="42" CONTENT="chantait" WC="0.99" CC="51003001"/>
						<SP ID="P2_SP00009" HPOS="1672" VPOS="295" WIDTH="28"/>
						<String ID="P2_ST00012" HPOS="1700" VPOS="252" WIDTH="54" HEIGHT="26" CONTENT="en" WC="0.91" CC="10"/>
						<SP ID="P2_SP00010" HPOS="1754" VPOS="295" WIDTH="26"/>
						<String ID="P2_ST00013" HPOS="1780" VPOS="237" WIDTH="248" HEIGHT="56" CONTENT="déjeunant" WC="1.00" CC="406000000"/>
						<SP ID="P2_SP00011" HPOS="2028" VPOS="295" WIDTH="32"/>
						<String ID="P2_ST00014" HPOS="2060" VPOS="238" WIDTH="24" HEIGHT="40" CONTENT="à" WC="0.81" CC="1"/>
					</TextLine>
					<TextLine ID="P2_TL00004" HPOS="85" VPOS="307" WIDTH="1025" HEIGHT="56">
						<String ID="P2_ST00015" HPOS="85" VPOS="309" WIDTH="42" HEIGHT="41" CONTENT="la" WC="1.00" CC="00"/>
						<SP ID="P2_SP00012" HPOS="127" VPOS="350" WIDTH="24"/>
						<String ID="P2_ST00016" HPOS="151" VPOS="308" WIDTH="119" HEIGHT="42" CONTENT="table" WC="0.99" CC="20020"/>
						<SP ID="P2_SP00013" HPOS="270" VPOS="350" WIDTH="32"/>
						<String ID="P2_ST00017" HPOS="302" VPOS="307" WIDTH="292" HEIGHT="56" CONTENT="hospitalière" WC="1.00" CC="000020032230"/>
						<SP ID="P2_SP00014" HPOS="594" VPOS="363" WIDTH="40"/>
						<String ID="P2_ST00018" HPOS="634" VPOS="309" WIDTH="54" HEIGHT="40" CONTENT="de" WC="1.00" CC="00"/>
						<SP ID="P2_SP00015" HPOS="688" VPOS="363" WIDTH="25"/>
						<String ID="P2_ST00019" HPOS="713" VPOS="309" WIDTH="65" HEIGHT="41" CONTENT="M." WC="1.00" CC="00"/>
						<SP ID="P2_SP00016" HPOS="778" VPOS="363" WIDTH="27"/>
						<String ID="P2_ST00020" HPOS="805" VPOS="309" WIDTH="305" HEIGHT="42" CONTENT="Castelbon..." WC="0.85" CC="400400000440"/>
					</TextLine>
					<TextLine ID="P2_TL00005" HPOS="142" VPOS="375" WIDTH="1945" HEIGHT="57">
						<String ID="P2_ST00021" HPOS="142" VPOS="377" WIDTH="175" HEIGHT="54" CONTENT="Malgré" WC="0.99" CC="051200"/>
						<SP ID="P2_SP00017" HPOS="317" VPOS="431" WIDTH="17"/>
						<String ID="P2_ST00022" HPOS="334" VPOS="376" WIDTH="40" HEIGHT="41" CONTENT="le" WC="0.72" CC="50"/>
						<SP ID="P2_SP00018" HPOS="374" VPOS="431" WIDTH="32"/>
						<String ID="P2_ST00023" HPOS="406" VPOS="376" WIDTH="140" HEIGHT="42" CONTENT="talent" WC="1.00" CC="003000"/>
						<SP ID="P2_SP00019" HPOS="546" VPOS="431" WIDTH="19"/>
						<String ID="P2_ST00024" HPOS="565" VPOS="376" WIDTH="89" HEIGHT="41" CONTENT="très" WC="0.97" CC="0770"/>
						<SP ID="P2_SP00020" HPOS="654" VPOS="431" WIDTH="21"/>
						<String ID="P2_ST00025" HPOS="675" VPOS="377" WIDTH="230" HEIGHT="55" CONTENT="distingué" WC="1.00" CC="010300040"/>
						<SP ID="P2_SP00021" HPOS="905" VPOS="432" WIDTH="24"/>
						<String ID="P2_ST00026" HPOS="929" VPOS="378" WIDTH="52" HEIGHT="40" CONTENT="de" WC="1.00" CC="00"/>
						<SP ID="P2_SP00022" HPOS="981" VPOS="432" WIDTH="32"/>
						<String ID="P2_ST00027" HPOS="1013" VPOS="377" WIDTH="46" HEIGHT="41" CONTENT="M" WC="1.00" CC="0"/>
						<String ID="P2_ST00028" HPOS="1067" VPOS="387" WIDTH="46" HEIGHT="17" CONTENT="me" STYLE="superscript" WC="0.66" CC="24"/>
						<SP ID="P2_SP00023" HPOS="1113" VPOS="432" WIDTH="33"/>
						<String ID="P2_ST00029" HPOS="1146" VPOS="375" WIDTH="262" HEIGHT="56" CONTENT="Dieulafoy," WC="0.74" CC="3200006092"/>
						<SP ID="P2_SP00024" HPOS="1408" VPOS="432" WIDTH="28"/>
						<String ID="P2_ST00030" HPOS="1436" VPOS="375" WIDTH="253" HEIGHT="56" CONTENT="Parysatis" WC="0.71" CC="530635000" STYLEREFS="TXT_3"/>
						<String ID="P2_ST00031" HPOS="1708" VPOS="400" WIDTH="51" HEIGHT="5" CONTENT="—" WC="0.20" CC="8"/>
						<SP ID="P2_SP00025" HPOS="1759" VPOS="432" WIDTH="35"/>
						<String ID="P2_ST00032" HPOS="1794" VPOS="376" WIDTH="154" HEIGHT="40" CONTENT="drame" WC="0.99" CC="05000"/>
						<SP ID="P2_SP00026" HPOS="1948" VPOS="432" WIDTH="27"/>
						<String ID="P2_ST00033" HPOS="1975" VPOS="388" WIDTH="84" HEIGHT="40" CONTENT="per" SUBS_TYPE="HypPart1" SUBS_CONTENT="persan" WC="0.94" CC="937" STYLEREFS="TXT_3"/>
						<HYP HPOS="2059" VPOS="388" WIDTH="28" CONTENT="-"/>
					</TextLine>
					<TextLine ID="P2_TL00006" HPOS="82" VPOS="444" WIDTH="2005" HEIGHT="57">
						<String ID="P2_ST00034" HPOS="82" VPOS="459" WIDTH="82" HEIGHT="27" CONTENT="san" SUBS_TYPE="HypPart2" SUBS_CONTENT="persan" WC="0.99" CC="300" STYLEREFS="TXT_3"/>
						<SP ID="P2_SP00027" HPOS="164" VPOS="486" WIDTH="100"/>
						<String ID="P2_ST00035" HPOS="264" VPOS="445" WIDTH="122" HEIGHT="42" CONTENT="est-il" WC="0.99" CC="010440"/>
						<SP ID="P2_SP00028" HPOS="386" VPOS="487" WIDTH="23"/>
						<String ID="P2_ST00036" HPOS="409" VPOS="445" WIDTH="104" HEIGHT="41" CONTENT="bien" WC="0.99" CC="0102"/>
						<SP ID="P2_SP00029" HPOS="513" VPOS="487" WIDTH="23"/>
						<String ID="P2_ST00037" HPOS="536" VPOS="445" WIDTH="40" HEIGHT="40" CONTENT="le" WC="0.92" CC="10"/>
						<SP ID="P2_SP00030" HPOS="576" VPOS="487" WIDTH="25"/>
						<String ID="P2_ST00038" HPOS="601" VPOS="446" WIDTH="155" HEIGHT="41" CONTENT="drame" WC="1.00" CC="00000"/>
						<SP ID="P2_SP00031" HPOS="756" VPOS="487" WIDTH="24"/>
						<String ID="P2_ST00039" HPOS="780" VPOS="446" WIDTH="78" HEIGHT="55" CONTENT="qui" WC="0.98" CC="003"/>
						<SP ID="P2_SP00032" HPOS="858" VPOS="501" WIDTH="37"/>
						<String ID="P2_ST00040" HPOS="895" VPOS="445" WIDTH="215" HEIGHT="42" CONTENT="convient" WC="0.99" CC="00840040"/>
						<SP ID="P2_SP00033" HPOS="1110" VPOS="501" WIDTH="19"/>
						<String ID="P2_ST00041" HPOS="1129" VPOS="444" WIDTH="22" HEIGHT="41" CONTENT="à" WC="0.93" CC="0"/>
						<SP ID="P2_SP00034" HPOS="1151" VPOS="501" WIDTH="26"/>
						<String ID="P2_ST00042" HPOS="1177" VPOS="444" WIDTH="181" HEIGHT="41" CONTENT="Béziers" WC="0.96" CC="1000000"/>
						<SP ID="P2_SP00035" HPOS="1358" VPOS="501" WIDTH="21"/>
						<String ID="P2_ST00043" HPOS="1379" VPOS="445" WIDTH="108" HEIGHT="40" CONTENT="?En" WC="0.97" CC="200"/>
						<SP ID="P2_SP00036" HPOS="1487" VPOS="501" WIDTH="32"/>
						<String ID="P2_ST00044" HPOS="1519" VPOS="444" WIDTH="209" HEIGHT="42" CONTENT="utilisant" WC="1.00" CC="520110000"/>
						<SP ID="P2_SP00037" HPOS="1728" VPOS="501" WIDTH="18"/>
						<String ID="P2_ST00045" HPOS="1746" VPOS="444" WIDTH="64" HEIGHT="41" CONTENT="les" WC="1.00" CC="000"/>
						<SP ID="P2_SP00038" HPOS="1810" VPOS="501" WIDTH="18"/>
						<String ID="P2_ST00046" HPOS="1828" VPOS="458" WIDTH="259" HEIGHT="27" CONTENT="ressources" WC="1.00" CC="0000000010"/>
					</TextLine>
					<TextLine ID="P2_TL00007" HPOS="84" VPOS="511" WIDTH="2003" HEIGHT="59">
						<String ID="P2_ST00047" HPOS="84" VPOS="513" WIDTH="217" HEIGHT="56" CONTENT="spéciales" WC="1.00" CC="020020500"/>
						<SP ID="P2_SP00039" HPOS="301" VPOS="569" WIDTH="34"/>
						<String ID="P2_ST00048" HPOS="335" VPOS="514" WIDTH="112" HEIGHT="55" CONTENT="qu'il" WC="0.99" CC="00404"/>
						<SP ID="P2_SP00040" HPOS="447" VPOS="569" WIDTH="36"/>
						<String ID="P2_ST00049" HPOS="483" VPOS="525" WIDTH="107" HEIGHT="44" CONTENT="peut" WC="1.00" CC="0000"/>
						<SP ID="P2_SP00041" HPOS="590" VPOS="569" WIDTH="31"/>
						<String ID="P2_ST00050" HPOS="621" VPOS="524" WIDTH="185" HEIGHT="31" CONTENT="trouver" WC="1.00" CC="0000104"/>
						<SP ID="P2_SP00042" HPOS="806" VPOS="569" WIDTH="23"/>
						<String ID="P2_ST00051" HPOS="829" VPOS="515" WIDTH="163" HEIGHT="55" CONTENT="auprès" WC="0.98" CC="800630"/>
						<SP ID="P2_SP00043" HPOS="992" VPOS="570" WIDTH="26"/>
						<String ID="P2_ST00052" HPOS="1018" VPOS="515" WIDTH="52" HEIGHT="40" CONTENT="de" WC="1.00" CC="00"/>
						<SP ID="P2_SP00044" HPOS="1070" VPOS="570" WIDTH="24"/>
						<String ID="P2_ST00053" HPOS="1094" VPOS="513" WIDTH="195" HEIGHT="42" CONTENT="certains" WC="1.00" CC="00030240"/>
						<SP ID="P2_SP00045" HPOS="1289" VPOS="570" WIDTH="40"/>
						<String ID="P2_ST00054" HPOS="1329" VPOS="513" WIDTH="284" HEIGHT="54" CONTENT="professeurs" WC="1.00" CC="06000000450"/>
						<SP ID="P2_SP00046" HPOS="1613" VPOS="570" WIDTH="22"/>
						<String ID="P2_ST00055" HPOS="1635" VPOS="513" WIDTH="53" HEIGHT="40" CONTENT="de" WC="1.00" CC="00"/>
						<SP ID="P2_SP00047" HPOS="1688" VPOS="570" WIDTH="22"/>
						<String ID="P2_ST00056" HPOS="1710" VPOS="511" WIDTH="298" HEIGHT="44" CONTENT="l'Université" WC="1.00" CC="130000000106"/>
						<SP ID="P2_SP00048" HPOS="2008" VPOS="570" WIDTH="26"/>
						<String ID="P2_ST00057" HPOS="2034" VPOS="513" WIDTH="53" HEIGHT="39" CONTENT="de" WC="1.00" CC="00"/>
					</TextLine>
					<TextLine ID="P2_TL00008" HPOS="85" VPOS="580" WIDTH="2002" HEIGHT="57">
						<String ID="P2_ST00058" HPOS="85" VPOS="582" WIDTH="313" HEIGHT="55" CONTENT="Montpellier," WC="1.00" CC="000800003054"/>
						<SP ID="P2_SP00049" HPOS="398" VPOS="637" WIDTH="35"/>
						<String ID="P2_ST00059" HPOS="433" VPOS="583" WIDTH="64" HEIGHT="41" CONTENT="M." WC="1.00" CC="00"/>
						<SP ID="P2_SP00050" HPOS="497" VPOS="637" WIDTH="39"/>
						<String ID="P2_ST00060" HPOS="536" VPOS="583" WIDTH="249" HEIGHT="42" CONTENT="Castelbon" WC="0.93" CC="400001000"/>
						<SP ID="P2_SP00051" HPOS="785" VPOS="637" WIDTH="30"/>
						<String ID="P2_ST00061" HPOS="815" VPOS="598" WIDTH="55" HEIGHT="26" CONTENT="ne" WC="1.00" CC="00"/>
						<SP ID="P2_SP00052" HPOS="870" VPOS="637" WIDTH="24"/>
						<String ID="P2_ST00062" HPOS="894" VPOS="581" WIDTH="226" HEIGHT="43" CONTENT="devrait-il" WC="1.00" CC="0000033406"/>
						<SP ID="P2_SP00053" HPOS="1120" VPOS="637" WIDTH="33"/>
						<String ID="P2_ST00063" HPOS="1153" VPOS="596" WIDTH="79" HEIGHT="41" CONTENT="pas" WC="1.00" CC="000"/>
						<SP ID="P2_SP00054" HPOS="1232" VPOS="637" WIDTH="31"/>
						<String ID="P2_ST00064" HPOS="1263" VPOS="583" WIDTH="265" HEIGHT="51" CONTENT="demander," WC="1.00" CC="000000054"/>
						<SP ID="P2_SP00055" HPOS="1528" VPOS="637" WIDTH="33"/>
						<String ID="P2_ST00065" HPOS="1561" VPOS="595" WIDTH="280" HEIGHT="41" CONTENT="provoquer," WC="1.00" CC="0000050004"/>
						<SP ID="P2_SP00056" HPOS="1841" VPOS="637" WIDTH="26"/>
						<String ID="P2_ST00066" HPOS="1867" VPOS="580" WIDTH="220" HEIGHT="42" CONTENT="favoriser" WC="1.00" CC="040000000"/>
					</TextLine>
					<TextLine ID="P2_TL00009" HPOS="82" VPOS="649" WIDTH="2004" HEIGHT="59">
						<String ID="P2_ST00067" HPOS="82" VPOS="651" WIDTH="42" HEIGHT="41" CONTENT="la" WC="0.38" CC="38"/>
						<SP ID="P2_SP00057" HPOS="124" VPOS="692" WIDTH="23"/>
						<String ID="P2_ST00068" HPOS="147" VPOS="651" WIDTH="314" HEIGHT="55" CONTENT="composition" WC="1.00" CC="00000003401"/>
						<SP ID="P2_SP00058" HPOS="461" VPOS="706" WIDTH="24"/>
						<String ID="P2_ST00069" HPOS="485" VPOS="652" WIDTH="109" HEIGHT="40" CONTENT="d'un" WC="0.99" CC="0020"/>
						<SP ID="P2_SP00059" HPOS="594" VPOS="706" WIDTH="34"/>
						<String ID="P2_ST00070" HPOS="628" VPOS="653" WIDTH="156" HEIGHT="40" CONTENT="drame" WC="1.00" CC="00000"/>
						<SP ID="P2_SP00060" HPOS="784" VPOS="706" WIDTH="34"/>
						<String ID="P2_ST00071" HPOS="818" VPOS="651" WIDTH="179" HEIGHT="57" CONTENT="lyrique" WC="0.98" CC="0950050"/>
						<SP ID="P2_SP00061" HPOS="997" VPOS="708" WIDTH="22"/>
						<String ID="P2_ST00072" HPOS="1019" VPOS="652" WIDTH="110" HEIGHT="39" CONTENT="dont" WC="0.98" CC="0170"/>
						<SP ID="P2_SP00062" HPOS="1129" VPOS="708" WIDTH="21"/>
						<String ID="P2_ST00073" HPOS="1150" VPOS="651" WIDTH="40" HEIGHT="40" CONTENT="le" WC="1.00" CC="00"/>
						<SP ID="P2_SP00063" HPOS="1190" VPOS="708" WIDTH="28"/>
						<String ID="P2_ST00074" HPOS="1218" VPOS="649" WIDTH="116" HEIGHT="56" CONTENT="sujet" WC="0.99" CC="00703"/>
						<SP ID="P2_SP00064" HPOS="1334" VPOS="708" WIDTH="26"/>
						<String ID="P2_ST00075" HPOS="1360" VPOS="650" WIDTH="134" HEIGHT="41" CONTENT="serait" WC="0.99" CC="004414"/>
						<SP ID="P2_SP00065" HPOS="1494" VPOS="708" WIDTH="30"/>
						<String ID="P2_ST00076" HPOS="1524" VPOS="652" WIDTH="240" HEIGHT="53" CONTENT="emprunté" WC="1.00" CC="00000600"/>
						<SP ID="P2_SP00066" HPOS="1764" VPOS="708" WIDTH="35"/>
						<String ID="P2_ST00077" HPOS="1799" VPOS="649" WIDTH="21" HEIGHT="42" CONTENT="à" WC="0.44" CC="5"/>
						<SP ID="P2_SP00067" HPOS="1820" VPOS="708" WIDTH="43"/>
						<String ID="P2_ST00078" HPOS="1863" VPOS="649" WIDTH="223" HEIGHT="41" CONTENT="l'histoire" WC="1.00" CC="0430010100"/>
					</TextLine>
					<TextLine ID="P2_TL00010" HPOS="80" VPOS="717" WIDTH="2006" HEIGHT="58">
						<String ID="P2_ST00079" HPOS="80" VPOS="718" WIDTH="144" HEIGHT="42" CONTENT="locale" WC="1.00" CC="000030"/>
						<SP ID="P2_SP00068" HPOS="224" VPOS="760" WIDTH="34"/>
						<String ID="P2_ST00080" HPOS="258" VPOS="729" WIDTH="41" HEIGHT="31" CONTENT="et" WC="0.89" CC="02"/>
						<SP ID="P2_SP00069" HPOS="299" VPOS="760" WIDTH="30"/>
						<String ID="P2_ST00081" HPOS="329" VPOS="719" WIDTH="77" HEIGHT="55" CONTENT="qui" WC="0.96" CC="063"/>
						<SP ID="P2_SP00070" HPOS="406" VPOS="774" WIDTH="30"/>
						<String ID="P2_ST00082" HPOS="436" VPOS="720" WIDTH="282" HEIGHT="55" CONTENT="permettrait" WC="1.00" CC="00600300014"/>
						<SP ID="P2_SP00071" HPOS="718" VPOS="775" WIDTH="33"/>
						<String ID="P2_ST00083" HPOS="751" VPOS="720" WIDTH="23" HEIGHT="41" CONTENT="à" WC="0.89" CC="1"/>
						<SP ID="P2_SP00072" HPOS="774" VPOS="775" WIDTH="35"/>
						<String ID="P2_ST00084" HPOS="809" VPOS="720" WIDTH="43" HEIGHT="41" CONTENT="la" WC="0.85" CC="20"/>
						<SP ID="P2_SP00073" HPOS="852" VPOS="775" WIDTH="23"/>
						<String ID="P2_ST00085" HPOS="875" VPOS="719" WIDTH="89" HEIGHT="41" CONTENT="fois" WC="0.99" CC="0060"/>
						<SP ID="P2_SP00074" HPOS="964" VPOS="775" WIDTH="39"/>
						<String ID="P2_ST00086" HPOS="1003" VPOS="733" WIDTH="56" HEIGHT="27" CONTENT="au" WC="1.00" CC="00"/>
						<SP ID="P2_SP00075" HPOS="1059" VPOS="775" WIDTH="33"/>
						<String ID="P2_ST00087" HPOS="1092" VPOS="719" WIDTH="145" HEIGHT="55" CONTENT="poète," WC="0.99" CC="006004"/>
						<SP ID="P2_SP00076" HPOS="1237" VPOS="775" WIDTH="38"/>
						<String ID="P2_ST00088" HPOS="1275" VPOS="733" WIDTH="55" HEIGHT="27" CONTENT="au" WC="0.77" CC="40"/>
						<SP ID="P2_SP00077" HPOS="1330" VPOS="775" WIDTH="37"/>
						<String ID="P2_ST00089" HPOS="1367" VPOS="718" WIDTH="242" HEIGHT="52" CONTENT="musicien," WC="0.99" CC="000504053"/>
						<SP ID="P2_SP00078" HPOS="1609" VPOS="775" WIDTH="39"/>
						<String ID="P2_ST00090" HPOS="1648" VPOS="732" WIDTH="55" HEIGHT="27" CONTENT="au" WC="0.51" CC="36"/>
						<SP ID="P2_SP00079" HPOS="1703" VPOS="775" WIDTH="27"/>
						<String ID="P2_ST00091" HPOS="1730" VPOS="719" WIDTH="283" HEIGHT="52" CONTENT="décorateur," WC="1.00" CC="00000150004"/>
						<SP ID="P2_SP00080" HPOS="2013" VPOS="775" WIDTH="20"/>
						<String ID="P2_ST00092" HPOS="2033" VPOS="717" WIDTH="53" HEIGHT="40" CONTENT="de" WC="0.72" CC="05"/>
					</TextLine>
					<TextLine ID="P2_TL00011" HPOS="79" VPOS="785" WIDTH="2004" HEIGHT="60">
						<String ID="P2_ST00093" HPOS="79" VPOS="801" WIDTH="119" HEIGHT="27" CONTENT="nous" WC="1.00" CC="0000"/>
						<SP ID="P2_SP00081" HPOS="198" VPOS="828" WIDTH="23"/>
						<String ID="P2_ST00094" HPOS="221" VPOS="789" WIDTH="177" HEIGHT="40" CONTENT="donner" WC="0.99" CC="005700"/>
						<SP ID="P2_SP00082" HPOS="398" VPOS="829" WIDTH="23"/>
						<String ID="P2_ST00095" HPOS="421" VPOS="803" WIDTH="89" HEIGHT="27" CONTENT="une" WC="0.96" CC="603"/>
						<SP ID="P2_SP00083" HPOS="510" VPOS="830" WIDTH="21"/>
						<String ID="P2_ST00096" HPOS="531" VPOS="789" WIDTH="211" HEIGHT="56" CONTENT="synthèse" WC="1.00" CC="00000400"/>
						<SP ID="P2_SP00084" HPOS="742" VPOS="845" WIDTH="22"/>
						<String ID="P2_ST00097" HPOS="764" VPOS="790" WIDTH="52" HEIGHT="40" CONTENT="de" WC="1.00" CC="00"/>
						<SP ID="P2_SP00085" HPOS="816" VPOS="845" WIDTH="23"/>
						<String ID="P2_ST00098" HPOS="839" VPOS="788" WIDTH="41" HEIGHT="41" CONTENT="la" WC="0.63" CC="07"/>
						<SP ID="P2_SP00086" HPOS="880" VPOS="845" WIDTH="22"/>
						<String ID="P2_ST00099" HPOS="902" VPOS="787" WIDTH="218" HEIGHT="56" CONTENT="province" WC="1.00" CC="00003000"/>
						<SP ID="P2_SP00087" HPOS="1120" VPOS="845" WIDTH="23"/>
						<String ID="P2_ST00100" HPOS="1143" VPOS="787" WIDTH="228" HEIGHT="55" CONTENT="(synthèse" WC="1.00" CC="000000000"/>
						<SP ID="P2_SP00088" HPOS="1371" VPOS="845" WIDTH="21"/>
						<String ID="P2_ST00101" HPOS="1392" VPOS="788" WIDTH="53" HEIGHT="40" CONTENT="de" WC="1.00" CC="00"/>
						<SP ID="P2_SP00089" HPOS="1445" VPOS="845" WIDTH="24"/>
						<String ID="P2_ST00102" HPOS="1469" VPOS="801" WIDTH="46" HEIGHT="27" CONTENT="sa" WC="1.00" CC="00"/>
						<SP ID="P2_SP00090" HPOS="1515" VPOS="845" WIDTH="23"/>
						<String ID="P2_ST00103" HPOS="1538" VPOS="787" WIDTH="71" HEIGHT="41" CONTENT="vie" WC="0.99" CC="020"/>
						<SP ID="P2_SP00091" HPOS="1609" VPOS="845" WIDTH="24"/>
						<String ID="P2_ST00104" HPOS="1633" VPOS="786" WIDTH="193" HEIGHT="51" CONTENT="féodale," WC="0.99" CC="06000504"/>
						<SP ID="P2_SP00092" HPOS="1826" VPOS="845" WIDTH="13"/>
						<String ID="P2_ST00105" HPOS="1839" VPOS="785" WIDTH="244" HEIGHT="56" CONTENT="guerrière," WC="0.99" CC="0500035603"/>
					</TextLine>
					<TextLine ID="P2_TL00012" HPOS="79" VPOS="854" WIDTH="2006" HEIGHT="58">
						<String ID="P2_ST00106" HPOS="79" VPOS="856" WIDTH="257" HEIGHT="55" CONTENT="religieuse," WC="1.00" CC="10000000004"/>
						<SP ID="P2_SP00093" HPOS="336" VPOS="911" WIDTH="24"/>
						<String ID="P2_ST00107" HPOS="360" VPOS="856" WIDTH="317" HEIGHT="43" CONTENT="sentimentale" WC="1.00" CC="005530060020"/>
						<SP ID="P2_SP00094" HPOS="677" VPOS="911" WIDTH="34"/>
						<String ID="P2_ST00108" HPOS="711" VPOS="869" WIDTH="41" HEIGHT="29" CONTENT="et" WC="0.65" CC="06"/>
						<SP ID="P2_SP00095" HPOS="752" VPOS="911" WIDTH="23"/>
						<String ID="P2_ST00109" HPOS="775" VPOS="856" WIDTH="255" HEIGHT="56" CONTENT="artistique)" WC="0.99" CC="75210050502"/>
						<SP ID="P2_SP00096" HPOS="1030" VPOS="912" WIDTH="33"/>
						<String ID="P2_ST00110" HPOS="1063" VPOS="857" WIDTH="113" HEIGHT="40" CONTENT="dans" WC="0.97" CC="0750"/>
						<SP ID="P2_SP00097" HPOS="1176" VPOS="912" WIDTH="35"/>
						<String ID="P2_ST00111" HPOS="1211" VPOS="856" WIDTH="64" HEIGHT="40" CONTENT="les" WC="0.99" CC="110"/>
						<SP ID="P2_SP00098" HPOS="1275" VPOS="912" WIDTH="25"/>
						<String ID="P2_ST00112" HPOS="1300" VPOS="866" WIDTH="146" HEIGHT="44" CONTENT="temps" WC="1.00" CC="30000"/>
						<SP ID="P2_SP00099" HPOS="1446" VPOS="912" WIDTH="25"/>
						<String ID="P2_ST00113" HPOS="1471" VPOS="869" WIDTH="60" HEIGHT="27" CONTENT="un" WC="0.94" CC="01"/>
						<SP ID="P2_SP00100" HPOS="1531" VPOS="912" WIDTH="26"/>
						<String ID="P2_ST00114" HPOS="1557" VPOS="869" WIDTH="86" HEIGHT="41" CONTENT="peu" WC="1.00" CC="000"/>
						<SP ID="P2_SP00101" HPOS="1643" VPOS="912" WIDTH="22"/>
						<String ID="P2_ST00115" HPOS="1665" VPOS="854" WIDTH="186" HEIGHT="42" CONTENT="anciens" WC="0.99" CC="0703040"/>
						<SP ID="P2_SP00102" HPOS="1851" VPOS="912" WIDTH="23"/>
						<String ID="P2_ST00116" HPOS="1874" VPOS="857" WIDTH="15" HEIGHT="39" CONTENT="?" WC="1.00" CC="0"/>
						<SP ID="P2_SP00103" HPOS="1889" VPOS="912" WIDTH="20"/>
						<String ID="P2_ST00117" HPOS="1909" VPOS="868" WIDTH="48" HEIGHT="27" CONTENT="ce" WC="1.00" CC="00"/>
						<SP ID="P2_SP00104" HPOS="1957" VPOS="912" WIDTH="25"/>
						<String ID="P2_ST00118" HPOS="1982" VPOS="865" WIDTH="103" HEIGHT="29" CONTENT="sont" WC="0.99" CC="0003"/>
					</TextLine>
					<TextLine ID="P2_TL00013" HPOS="78" VPOS="922" WIDTH="2004" HEIGHT="58">
						<String ID="P2_ST00119" HPOS="78" VPOS="923" WIDTH="42" HEIGHT="41" CONTENT="là" WC="0.74" CC="05"/>
						<SP ID="P2_SP00105" HPOS="120" VPOS="964" WIDTH="21"/>
						<String ID="P2_ST00120" HPOS="141" VPOS="926" WIDTH="53" HEIGHT="39" CONTENT="de" WC="1.00" CC="00"/>
						<SP ID="P2_SP00106" HPOS="194" VPOS="965" WIDTH="22"/>
						<String ID="P2_ST00121" HPOS="216" VPOS="925" WIDTH="88" HEIGHT="41" CONTENT="très" WC="1.00" CC="1000"/>
						<SP ID="P2_SP00107" HPOS="304" VPOS="966" WIDTH="23"/>
						<String ID="P2_ST00122" HPOS="327" VPOS="925" WIDTH="301" HEIGHT="55" CONTENT="importantes" WC="1.00" CC="00004400000"/>
						<SP ID="P2_SP00108" HPOS="628" VPOS="980" WIDTH="21"/>
						<String ID="P2_ST00123" HPOS="649" VPOS="925" WIDTH="237" HEIGHT="55" CONTENT="questions" WC="1.00" CC="000015000"/>
						<SP ID="P2_SP00109" HPOS="886" VPOS="980" WIDTH="23"/>
						<String ID="P2_ST00124" HPOS="909" VPOS="938" WIDTH="86" HEIGHT="41" CONTENT="que" WC="0.98" CC="060"/>
						<SP ID="P2_SP00110" HPOS="995" VPOS="980" WIDTH="24"/>
						<String ID="P2_ST00125" HPOS="1019" VPOS="924" WIDTH="39" HEIGHT="55" CONTENT="je" WC="1.00" CC="00"/>
						<SP ID="P2_SP00111" HPOS="1058" VPOS="980" WIDTH="21"/>
						<String ID="P2_ST00126" HPOS="1079" VPOS="938" WIDTH="55" HEIGHT="27" CONTENT="ne" WC="0.59" CC="80"/>
						<SP ID="P2_SP00112" HPOS="1134" VPOS="980" WIDTH="23"/>
						<String ID="P2_ST00127" HPOS="1157" VPOS="938" WIDTH="116" HEIGHT="27" CONTENT="veux" WC="0.99" CC="0005"/>
						<SP ID="P2_SP00113" HPOS="1273" VPOS="980" WIDTH="22"/>
						<String ID="P2_ST00128" HPOS="1295" VPOS="938" WIDTH="80" HEIGHT="41" CONTENT="pas" WC="1.00" CC="000"/>
						<SP ID="P2_SP00114" HPOS="1375" VPOS="980" WIDTH="25"/>
						<String ID="P2_ST00129" HPOS="1400" VPOS="923" WIDTH="154" HEIGHT="42" CONTENT="traiter" WC="0.99" CC="0002006"/>
						<SP ID="P2_SP00115" HPOS="1554" VPOS="980" WIDTH="38"/>
						<String ID="P2_ST00130" HPOS="1592" VPOS="922" WIDTH="319" HEIGHT="56" CONTENT="aujourd'hui," WC="1.00" CC="004000010044"/>
						<SP ID="P2_SP00116" HPOS="1911" VPOS="980" WIDTH="23"/>
						<String ID="P2_ST00131" HPOS="1934" VPOS="932" WIDTH="41" HEIGHT="31" CONTENT="et" WC="0.79" CC="30"/>
						<SP ID="P2_SP00117" HPOS="1975" VPOS="980" WIDTH="20"/>
						<String ID="P2_ST00132" HPOS="1995" VPOS="936" WIDTH="87" HEIGHT="40" CONTENT="que" WC="1.00" CC="000"/>
					</TextLine>
					<TextLine ID="P2_TL00014" HPOS="80" VPOS="990" WIDTH="2004" HEIGHT="58">
						<String ID="P2_ST00133" HPOS="80" VPOS="992" WIDTH="39" HEIGHT="55" CONTENT="je" WC="0.95" CC="00"/>
						<SP ID="P2_SP00118" HPOS="119" VPOS="1047" WIDTH="25"/>
						<String ID="P2_ST00134" HPOS="144" VPOS="1007" WIDTH="70" HEIGHT="26" CONTENT="me" WC="1.00" CC="00"/>
						<SP ID="P2_SP00119" HPOS="214" VPOS="1047" WIDTH="24"/>
						<String ID="P2_ST00135" HPOS="238" VPOS="994" WIDTH="142" HEIGHT="41" CONTENT="borne" WC="0.99" CC="00070"/>
						<SP ID="P2_SP00120" HPOS="380" VPOS="1047" WIDTH="40"/>
						<String ID="P2_ST00136" HPOS="420" VPOS="994" WIDTH="23" HEIGHT="41" CONTENT="à" WC="0.71" CC="2"/>
						<SP ID="P2_SP00121" HPOS="443" VPOS="1047" WIDTH="37"/>
						<String ID="P2_ST00137" HPOS="480" VPOS="994" WIDTH="230" HEIGHT="54" CONTENT="indiquer." WC="1.00" CC="000006050"/>
						<SP ID="P2_SP00122" HPOS="710" VPOS="1048" WIDTH="38"/>
						<String ID="P2_ST00138" HPOS="748" VPOS="995" WIDTH="125" HEIGHT="40" CONTENT="Dans" WC="0.98" CC="3040"/>
						<SP ID="P2_SP00123" HPOS="873" VPOS="1048" WIDTH="32"/>
						<String ID="P2_ST00139" HPOS="905" VPOS="993" WIDTH="64" HEIGHT="40" CONTENT="les" WC="1.00" CC="000"/>
						<SP ID="P2_SP00124" HPOS="969" VPOS="1048" WIDTH="41"/>
						<String ID="P2_ST00140" HPOS="1010" VPOS="993" WIDTH="173" HEIGHT="40" CONTENT="Arènes" WC="1.00" CC="000000"/>
						<SP ID="P2_SP00125" HPOS="1183" VPOS="1048" WIDTH="33"/>
						<String ID="P2_ST00141" HPOS="1216" VPOS="994" WIDTH="53" HEIGHT="39" CONTENT="de" WC="1.00" CC="00"/>
						<SP ID="P2_SP00126" HPOS="1269" VPOS="1048" WIDTH="30"/>
						<String ID="P2_ST00142" HPOS="1299" VPOS="1007" WIDTH="48" HEIGHT="26" CONTENT="ce" WC="1.00" CC="00"/>
						<SP ID="P2_SP00127" HPOS="1347" VPOS="1048" WIDTH="34"/>
						<String ID="P2_ST00143" HPOS="1381" VPOS="1002" WIDTH="259" HEIGHT="45" CONTENT="rayonnant" WC="1.00" CC="000000002"/>
						<SP ID="P2_SP00128" HPOS="1640" VPOS="1048" WIDTH="39"/>
						<String ID="P2_ST00144" HPOS="1679" VPOS="991" WIDTH="132" HEIGHT="51" CONTENT="Midi," WC="0.98" CC="06024"/>
						<SP ID="P2_SP00129" HPOS="1811" VPOS="1048" WIDTH="28"/>
						<String ID="P2_ST00145" HPOS="1839" VPOS="990" WIDTH="245" HEIGHT="56" CONTENT="j'aimerais" WC="1.00" CC="3403000040"/>
					</TextLine>
					<TextLine ID="P2_TL00015" HPOS="77" VPOS="1059" WIDTH="2008" HEIGHT="56">
						<String ID="P2_ST00146" HPOS="77" VPOS="1063" WIDTH="215" HEIGHT="40" CONTENT="entendre" WC="1.00" CC="00400050"/>
						<SP ID="P2_SP00130" HPOS="292" VPOS="1103" WIDTH="25"/>
						<String ID="P2_ST00147" HPOS="317" VPOS="1065" WIDTH="218" HEIGHT="38" CONTENT="résonner" WC="1.00" CC="00000603"/>
						<SP ID="P2_SP00131" HPOS="535" VPOS="1103" WIDTH="23"/>
						<String ID="P2_ST00148" HPOS="558" VPOS="1063" WIDTH="195" HEIGHT="40" CONTENT="d'autres" WC="0.99" CC="04160000"/>
						<SP ID="P2_SP00132" HPOS="753" VPOS="1103" WIDTH="26"/>
						<String ID="P2_ST00149" HPOS="779" VPOS="1075" WIDTH="133" HEIGHT="26" CONTENT="noms" WC="0.99" CC="3000"/>
						<SP ID="P2_SP00133" HPOS="912" VPOS="1103" WIDTH="24"/>
						<String ID="P2_ST00150" HPOS="936" VPOS="1075" WIDTH="86" HEIGHT="40" CONTENT="que" WC="0.99" CC="020"/>
						<SP ID="P2_SP00134" HPOS="1022" VPOS="1115" WIDTH="22"/>
						<String ID="P2_ST00151" HPOS="1044" VPOS="1075" WIDTH="111" HEIGHT="26" CONTENT="ceux" WC="0.99" CC="0005"/>
						<SP ID="P2_SP00135" HPOS="1155" VPOS="1115" WIDTH="17"/>
						<String ID="P2_ST00152" HPOS="1172" VPOS="1061" WIDTH="314" HEIGHT="41" CONTENT="d'Artaxerxès" WC="0.91" CC="040000000070"/>
						<SP ID="P2_SP00136" HPOS="1486" VPOS="1115" WIDTH="21"/>
						<String ID="P2_ST00153" HPOS="1507" VPOS="1072" WIDTH="40" HEIGHT="29" CONTENT="et" WC="0.58" CC="08"/>
						<SP ID="P2_SP00137" HPOS="1547" VPOS="1115" WIDTH="24"/>
						<String ID="P2_ST00154" HPOS="1571" VPOS="1061" WIDTH="210" HEIGHT="40" CONTENT="d'Atossa" WC="0.94" CC="04000000"/>
						<SP ID="P2_SP00138" HPOS="1781" VPOS="1115" WIDTH="16"/>
						<String ID="P2_ST00155" HPOS="1797" VPOS="1074" WIDTH="9" HEIGHT="38" CONTENT=";" WC="0.83" CC="1"/>
						<SP ID="P2_SP00139" HPOS="1806" VPOS="1115" WIDTH="21"/>
						<String ID="P2_ST00156" HPOS="1827" VPOS="1059" WIDTH="115" HEIGHT="42" CONTENT="mais" WC="1.00" CC="0020"/>
						<SP ID="P2_SP00140" HPOS="1942" VPOS="1115" WIDTH="24"/>
						<String ID="P2_ST00157" HPOS="1966" VPOS="1073" WIDTH="119" HEIGHT="41" CONTENT="pour" WC="1.00" CC="0000"/>
					</TextLine>
					<TextLine ID="P2_TL00016" HPOS="75" VPOS="1128" WIDTH="2008" HEIGHT="57">
						<String ID="P2_ST00158" HPOS="75" VPOS="1131" WIDTH="40" HEIGHT="40" CONTENT="le" WC="1.00" CC="00"/>
						<SP ID="P2_SP00141" HPOS="115" VPOS="1171" WIDTH="26"/>
						<String ID="P2_ST00159" HPOS="141" VPOS="1142" WIDTH="221" HEIGHT="39" CONTENT="moment," WC="0.99" CC="0000724"/>
						<SP ID="P2_SP00142" HPOS="362" VPOS="1181" WIDTH="26"/>
						<String ID="P2_ST00160" HPOS="388" VPOS="1131" WIDTH="38" HEIGHT="54" CONTENT="je" WC="0.84" CC="30"/>
						<SP ID="P2_SP00143" HPOS="426" VPOS="1185" WIDTH="21"/>
						<String ID="P2_ST00161" HPOS="447" VPOS="1145" WIDTH="70" HEIGHT="26" CONTENT="me" WC="1.00" CC="00"/>
						<SP ID="P2_SP00144" HPOS="517" VPOS="1185" WIDTH="22"/>
						<String ID="P2_ST00162" HPOS="539" VPOS="1141" WIDTH="211" HEIGHT="30" CONTENT="contente" WC="1.00" CC="00000040"/>
						<SP ID="P2_SP00145" HPOS="750" VPOS="1185" WIDTH="36"/>
						<String ID="P2_ST00163" HPOS="786" VPOS="1129" WIDTH="320" HEIGHT="54" CONTENT="d'enregistrer" WC="1.00" CC="0330000501000"/>
						<SP ID="P2_SP00146" HPOS="1106" VPOS="1185" WIDTH="22"/>
						<String ID="P2_ST00164" HPOS="1128" VPOS="1143" WIDTH="48" HEIGHT="26" CONTENT="ce" WC="0.85" CC="02"/>
						<SP ID="P2_SP00147" HPOS="1176" VPOS="1185" WIDTH="37"/>
						<String ID="P2_ST00165" HPOS="1213" VPOS="1129" WIDTH="155" HEIGHT="40" CONTENT="succès" WC="0.99" CC="010060"/>
						<SP ID="P2_SP00148" HPOS="1368" VPOS="1185" WIDTH="24"/>
						<String ID="P2_ST00166" HPOS="1392" VPOS="1129" WIDTH="243" HEIGHT="54" CONTENT="grandiose" WC="0.99" CC="060604003"/>
						<SP ID="P2_SP00149" HPOS="1635" VPOS="1185" WIDTH="29"/>
						<String ID="P2_ST00167" HPOS="1664" VPOS="1139" WIDTH="41" HEIGHT="31" CONTENT="et" WC="0.78" CC="04"/>
						<SP ID="P2_SP00150" HPOS="1705" VPOS="1185" WIDTH="23"/>
						<String ID="P2_ST00168" HPOS="1728" VPOS="1129" WIDTH="88" HEIGHT="40" CONTENT="très" WC="0.99" CC="0500"/>
						<SP ID="P2_SP00151" HPOS="1816" VPOS="1185" WIDTH="33"/>
						<String ID="P2_ST00169" HPOS="1849" VPOS="1128" WIDTH="159" HEIGHT="41" CONTENT="mérité" WC="1.00" CC="010003"/>
						<SP ID="P2_SP00152" HPOS="2008" VPOS="1185" WIDTH="21"/>
						<String ID="P2_ST00170" HPOS="2029" VPOS="1129" WIDTH="54" HEIGHT="40" CONTENT="de" WC="1.00" CC="00"/>
					</TextLine>
					<TextLine ID="P2_TL00017" HPOS="74" VPOS="1197" WIDTH="2009" HEIGHT="57">
						<String ID="P2_ST00171" HPOS="74" VPOS="1199" WIDTH="265" HEIGHT="55" CONTENT="Paiysatis." WC="0.62" CC="2069602036" STYLEREFS="TXT_3"/>
						<SP ID="P2_SP00153" HPOS="339" VPOS="1254" WIDTH="26"/>
						<String ID="P2_ST00172" HPOS="365" VPOS="1199" WIDTH="84" HEIGHT="40" CONTENT="Les" WC="1.00" CC="000"/>
						<SP ID="P2_SP00154" HPOS="449" VPOS="1254" WIDTH="24"/>
						<String ID="P2_ST00173" HPOS="473" VPOS="1200" WIDTH="155" HEIGHT="39" CONTENT="Muses" WC="1.00" CC="02000"/>
						<SP ID="P2_SP00155" HPOS="628" VPOS="1254" WIDTH="19"/>
						<String ID="P2_ST00174" HPOS="647" VPOS="1198" WIDTH="430" HEIGHT="54" CONTENT="languedociennes," WC="1.00" CC="4030400006077004"/>
						<SP ID="P2_SP00156" HPOS="1077" VPOS="1254" WIDTH="29"/>
						<String ID="P2_ST00175" HPOS="1106" VPOS="1211" WIDTH="146" HEIGHT="26" CONTENT="sœurs" WC="0.99" CC="00540"/>
						<SP ID="P2_SP00157" HPOS="1252" VPOS="1254" WIDTH="24"/>
						<String ID="P2_ST00176" HPOS="1276" VPOS="1198" WIDTH="76" HEIGHT="39" CONTENT="des" WC="0.99" CC="010"/>
						<SP ID="P2_SP00158" HPOS="1352" VPOS="1254" WIDTH="24"/>
						<String ID="P2_ST00177" HPOS="1376" VPOS="1198" WIDTH="155" HEIGHT="40" CONTENT="Muses" WC="1.00" CC="00000"/>
						<SP ID="P2_SP00159" HPOS="1531" VPOS="1254" WIDTH="21"/>
						<String ID="P2_ST00178" HPOS="1552" VPOS="1197" WIDTH="210" HEIGHT="54" CONTENT="attiques," WC="0.91" CC="020000004"/>
						<SP ID="P2_SP00160" HPOS="1762" VPOS="1254" WIDTH="16"/>
						<String ID="P2_ST00179" HPOS="1778" VPOS="1197" WIDTH="92" HEIGHT="40" CONTENT="s'en" WC="0.98" CC="0404"/>
						<SP ID="P2_SP00161" HPOS="1870" VPOS="1254" WIDTH="26"/>
						<String ID="P2_ST00180" HPOS="1896" VPOS="1197" WIDTH="164" HEIGHT="54" CONTENT="réjouis" SUBS_TYPE="HypPart1" SUBS_CONTENT="réjouissent," WC="0.99" CC="4020210"/>
						<HYP HPOS="2060" VPOS="1197" WIDTH="23" CONTENT="-"/>
					</TextLine>
					<TextLine ID="P2_TL00018" HPOS="75" VPOS="1265" WIDTH="2007" HEIGHT="55">
						<String ID="P2_ST00181" HPOS="75" VPOS="1277" WIDTH="112" HEIGHT="41" CONTENT="sent," SUBS_TYPE="HypPart2" SUBS_CONTENT="réjouissent," WC="0.99" CC="00044"/>
						<SP ID="P2_SP00162" HPOS="187" VPOS="1318" WIDTH="37"/>
						<String ID="P2_ST00182" HPOS="224" VPOS="1266" WIDTH="221" HEIGHT="42" CONTENT="inclinant" WC="1.00" CC="600100004"/>
						<SP ID="P2_SP00163" HPOS="445" VPOS="1318" WIDTH="18"/>
						<String ID="P2_ST00183" HPOS="463" VPOS="1280" WIDTH="100" HEIGHT="27" CONTENT="vers" WC="1.00" CC="0000"/>
						<SP ID="P2_SP00164" HPOS="563" VPOS="1318" WIDTH="18"/>
						<String ID="P2_ST00184" HPOS="581" VPOS="1266" WIDTH="41" HEIGHT="41" CONTENT="la" WC="1.00" CC="00"/>
						<SP ID="P2_SP00165" HPOS="622" VPOS="1318" WIDTH="23"/>
						<String ID="P2_ST00185" HPOS="645" VPOS="1265" WIDTH="108" HEIGHT="42" CONTENT="ville" WC="0.99" CC="04200"/>
						<SP ID="P2_SP00166" HPOS="753" VPOS="1318" WIDTH="21"/>
						<String ID="P2_ST00186" HPOS="774" VPOS="1266" WIDTH="52" HEIGHT="40" CONTENT="de" WC="1.00" CC="00"/>
						<SP ID="P2_SP00167" HPOS="826" VPOS="1318" WIDTH="23"/>
						<String ID="P2_ST00187" HPOS="849" VPOS="1265" WIDTH="181" HEIGHT="41" CONTENT="Béziers" WC="0.85" CC="1001060"/>
						<SP ID="P2_SP00168" HPOS="1030" VPOS="1318" WIDTH="25"/>
						<String ID="P2_ST00188" HPOS="1055" VPOS="1266" WIDTH="78" HEIGHT="40" CONTENT="des" WC="1.00" CC="000"/>
						<SP ID="P2_SP00169" HPOS="1133" VPOS="1318" WIDTH="22"/>
						<String ID="P2_ST00189" HPOS="1155" VPOS="1265" WIDTH="191" HEIGHT="55" CONTENT="palmes," WC="1.00" CC="0010004"/>
						<SP ID="P2_SP00170" HPOS="1346" VPOS="1320" WIDTH="36"/>
						<String ID="P2_ST00190" HPOS="1382" VPOS="1266" WIDTH="112" HEIGHT="41" CONTENT="dont" WC="1.00" CC="0100"/>
						<SP ID="P2_SP00171" HPOS="1494" VPOS="1320" WIDTH="40"/>
						<String ID="P2_ST00191" HPOS="1534" VPOS="1265" WIDTH="357" HEIGHT="55" CONTENT="quelques-unes" WC="1.00" CC="0500040432000"/>
						<SP ID="P2_SP00172" HPOS="1891" VPOS="1320" WIDTH="41"/>
						<String ID="P2_ST00192" HPOS="1932" VPOS="1265" WIDTH="150" HEIGHT="40" CONTENT="furent" WC="0.99" CC="021002"/>
					</TextLine>
					<TextLine ID="P2_TL00019" HPOS="75" VPOS="1333" WIDTH="2007" HEIGHT="56">
						<String ID="P2_ST00193" HPOS="75" VPOS="1334" WIDTH="337" HEIGHT="55" CONTENT="académiques," WC="1.00" CC="800000001004"/>
						<SP ID="P2_SP00173" HPOS="412" VPOS="1389" WIDTH="44"/>
						<String ID="P2_ST00194" HPOS="456" VPOS="1334" WIDTH="108" HEIGHT="41" CONTENT="elles" WC="1.00" CC="00000"/>
						<SP ID="P2_SP00174" HPOS="564" VPOS="1389" WIDTH="46"/>
						<String ID="P2_ST00195" HPOS="610" VPOS="1333" WIDTH="206" HEIGHT="42" CONTENT="sourient" WC="0.99" CC="02451074"/>
						<SP ID="P2_SP00175" HPOS="816" VPOS="1389" WIDTH="38"/>
						<String ID="P2_ST00196" HPOS="854" VPOS="1334" WIDTH="23" HEIGHT="41" CONTENT="à" WC="1.00" CC="0"/>
						<SP ID="P2_SP00176" HPOS="877" VPOS="1389" WIDTH="42"/>
						<String ID="P2_ST00197" HPOS="919" VPOS="1334" WIDTH="41" HEIGHT="41" CONTENT="la" WC="1.00" CC="00"/>
						<SP ID="P2_SP00177" HPOS="960" VPOS="1389" WIDTH="40"/>
						<String ID="P2_ST00198" HPOS="1000" VPOS="1333" WIDTH="87" HEIGHT="41" CONTENT="fois" WC="0.99" CC="0030"/>
						<SP ID="P2_SP00178" HPOS="1087" VPOS="1389" WIDTH="40"/>
						<String ID="P2_ST00199" HPOS="1127" VPOS="1348" WIDTH="87" HEIGHT="26" CONTENT="aux" WC="0.97" CC="340"/>
						<SP ID="P2_SP00179" HPOS="1214" VPOS="1389" WIDTH="39"/>
						<String ID="P2_ST00200" HPOS="1253" VPOS="1333" WIDTH="166" HEIGHT="55" CONTENT="gloires" WC="1.00" CC="0401000"/>
						<SP ID="P2_SP00180" HPOS="1419" VPOS="1389" WIDTH="37"/>
						<String ID="P2_ST00201" HPOS="1456" VPOS="1333" WIDTH="187" HEIGHT="43" CONTENT="établies" WC="0.99" CC="06005200"/>
						<SP ID="P2_SP00181" HPOS="1643" VPOS="1389" WIDTH="42"/>
						<String ID="P2_ST00202" HPOS="1685" VPOS="1347" WIDTH="180" HEIGHT="27" CONTENT="comme" WC="1.00" CC="00000"/>
						<SP ID="P2_SP00182" HPOS="1865" VPOS="1389" WIDTH="24"/>
						<String ID="P2_ST00203" HPOS="1889" VPOS="1333" WIDTH="110" HEIGHT="41" CONTENT="celle" WC="0.99" CC="00420"/>
						<SP ID="P2_SP00183" HPOS="1999" VPOS="1389" WIDTH="30"/>
						<String ID="P2_ST00204" HPOS="2029" VPOS="1334" WIDTH="53" HEIGHT="40" CONTENT="de" WC="1.00" CC="00"/>
					</TextLine>
					<TextLine ID="P2_TL00020" HPOS="75" VPOS="1402" WIDTH="1486" HEIGHT="56">
						<String ID="P2_ST00205" HPOS="75" VPOS="1403" WIDTH="298" HEIGHT="42" CONTENT="Saint-Saëns" WC="0.74" CC="02570500070"/>
						<SP ID="P2_SP00184" HPOS="373" VPOS="1445" WIDTH="25"/>
						<String ID="P2_ST00206" HPOS="398" VPOS="1414" WIDTH="41" HEIGHT="30" CONTENT="et" WC="1.00" CC="00"/>
						<SP ID="P2_SP00185" HPOS="439" VPOS="1445" WIDTH="20"/>
						<String ID="P2_ST00207" HPOS="459" VPOS="1417" WIDTH="87" HEIGHT="27" CONTENT="aux" WC="1.00" CC="000"/>
						<SP ID="P2_SP00186" HPOS="546" VPOS="1445" WIDTH="32"/>
						<String ID="P2_ST00208" HPOS="578" VPOS="1402" WIDTH="157" HEIGHT="55" CONTENT="jeunes" WC="0.99" CC="300700"/>
						<SP ID="P2_SP00187" HPOS="735" VPOS="1457" WIDTH="25"/>
						<String ID="P2_ST00209" HPOS="760" VPOS="1402" WIDTH="166" HEIGHT="56" CONTENT="gloires" WC="1.00" CC="0301000"/>
						<SP ID="P2_SP00188" HPOS="926" VPOS="1458" WIDTH="25"/>
						<String ID="P2_ST00210" HPOS="951" VPOS="1402" WIDTH="78" HEIGHT="56" CONTENT="qui" WC="0.98" CC="050"/>
						<SP ID="P2_SP00189" HPOS="1029" VPOS="1458" WIDTH="19"/>
						<String ID="P2_ST00211" HPOS="1048" VPOS="1413" WIDTH="104" HEIGHT="30" CONTENT="sont" WC="0.98" CC="0054"/>
						<SP ID="P2_SP00190" HPOS="1152" VPOS="1458" WIDTH="23"/>
						<String ID="P2_ST00212" HPOS="1175" VPOS="1402" WIDTH="23" HEIGHT="40" CONTENT="à" WC="0.57" CC="4"/>
						<SP ID="P2_SP00191" HPOS="1198" VPOS="1458" WIDTH="20"/>
						<String ID="P2_ST00213" HPOS="1218" VPOS="1402" WIDTH="157" HEIGHT="54" CONTENT="pointe" WC="0.99" CC="003040"/>
						<SP ID="P2_SP00192" HPOS="1375" VPOS="1458" WIDTH="24"/>
						<String ID="P2_ST00214" HPOS="1399" VPOS="1402" WIDTH="162" HEIGHT="41" CONTENT="d'aube" WC="0.99" CC="030300"/>
						<SP ID="P2_SP00193" HPOS="1561" VPOS="1458" WIDTH="0"/>
					</TextLine>
					<TextLine ID="P2_TL00021" HPOS="137" VPOS="1470" WIDTH="1942" HEIGHT="57">
						<String ID="P2_ST00215" HPOS="137" VPOS="1472" WIDTH="61" HEIGHT="41" CONTENT="Le" WC="0.67" CC="60"/>
						<SP ID="P2_SP00194" HPOS="198" VPOS="1513" WIDTH="33"/>
						<String ID="P2_ST00216" HPOS="231" VPOS="1473" WIDTH="154" HEIGHT="40" CONTENT="drame" WC="0.99" CC="04000"/>
						<SP ID="P2_SP00195" HPOS="385" VPOS="1513" WIDTH="34"/>
						<String ID="P2_ST00217" HPOS="419" VPOS="1472" WIDTH="53" HEIGHT="40" CONTENT="de" WC="1.00" CC="00"/>
						<SP ID="P2_SP00196" HPOS="472" VPOS="1513" WIDTH="44"/>
						<String ID="P2_ST00218" HPOS="516" VPOS="1472" WIDTH="46" HEIGHT="40" CONTENT="M" WC="1.00" CC="0"/>
						<String ID="P2_ST00219" HPOS="572" VPOS="1478" WIDTH="42" HEIGHT="16" CONTENT="me" STYLE="superscript" WC="0.29" CC="94"/>
						<SP ID="P2_SP00197" HPOS="614" VPOS="1513" WIDTH="33"/>
						<String ID="P2_ST00220" HPOS="647" VPOS="1471" WIDTH="249" HEIGHT="56" CONTENT="Dieulafoy" WC="0.78" CC="450020600"/>
						<SP ID="P2_SP00198" HPOS="896" VPOS="1527" WIDTH="30"/>
						<String ID="P2_ST00221" HPOS="926" VPOS="1472" WIDTH="179" HEIGHT="40" CONTENT="s'ouvre" WC="1.00" CC="0300000"/>
						<SP ID="P2_SP00199" HPOS="1105" VPOS="1527" WIDTH="31"/>
						<String ID="P2_ST00222" HPOS="1136" VPOS="1484" WIDTH="54" HEIGHT="27" CONTENT="en" WC="0.63" CC="07"/>
						<SP ID="P2_SP00200" HPOS="1190" VPOS="1527" WIDTH="29"/>
						<String ID="P2_ST00223" HPOS="1219" VPOS="1484" WIDTH="105" HEIGHT="40" CONTENT="401," WC="0.89" CC="0003"/>
						<SP ID="P2_SP00201" HPOS="1324" VPOS="1527" WIDTH="27"/>
						<String ID="P2_ST00224" HPOS="1351" VPOS="1471" WIDTH="129" HEIGHT="55" CONTENT="après" WC="0.98" CC="00740"/>
						<SP ID="P2_SP00202" HPOS="1480" VPOS="1527" WIDTH="32"/>
						<String ID="P2_ST00225" HPOS="1512" VPOS="1471" WIDTH="42" HEIGHT="41" CONTENT="la" WC="1.00" CC="00"/>
						<SP ID="P2_SP00203" HPOS="1554" VPOS="1527" WIDTH="27"/>
						<String ID="P2_ST00226" HPOS="1581" VPOS="1470" WIDTH="181" HEIGHT="42" CONTENT="bataille" WC="1.00" CC="00002010"/>
						<SP ID="P2_SP00204" HPOS="1762" VPOS="1527" WIDTH="25"/>
						<String ID="P2_ST00227" HPOS="1787" VPOS="1472" WIDTH="52" HEIGHT="40" CONTENT="de" WC="1.00" CC="00"/>
						<SP ID="P2_SP00205" HPOS="1839" VPOS="1527" WIDTH="33"/>
						<String ID="P2_ST00228" HPOS="1872" VPOS="1471" WIDTH="207" HEIGHT="50" CONTENT="Cunaxa," WC="0.80" CC="4103004"/>
					</TextLine>
					<TextLine ID="P2_TL00022" HPOS="74" VPOS="1538" WIDTH="2008" HEIGHT="56">
						<String ID="P2_ST00229" HPOS="74" VPOS="1541" WIDTH="60" HEIGHT="40" CONTENT="où" WC="0.69" CC="06"/>
						<SP ID="P2_SP00206" HPOS="134" VPOS="1581" WIDTH="34"/>
						<String ID="P2_ST00230" HPOS="168" VPOS="1540" WIDTH="270" HEIGHT="41" CONTENT="Artaxerxès" WC="0.78" CC="0430006070"/>
						<SP ID="P2_SP00207" HPOS="438" VPOS="1581" WIDTH="37"/>
						<String ID="P2_ST00231" HPOS="475" VPOS="1542" WIDTH="153" HEIGHT="39" CONTENT="écrasa" WC="0.99" CC="006000"/>
						<SP ID="P2_SP00208" HPOS="628" VPOS="1581" WIDTH="37"/>
						<String ID="P2_ST00232" HPOS="665" VPOS="1554" WIDTH="84" HEIGHT="26" CONTENT="son" WC="1.00" CC="000"/>
						<SP ID="P2_SP00209" HPOS="749" VPOS="1581" WIDTH="37"/>
						<String ID="P2_ST00233" HPOS="786" VPOS="1540" WIDTH="114" HEIGHT="40" CONTENT="frère" WC="1.00" CC="00200"/>
						<SP ID="P2_SP00210" HPOS="900" VPOS="1581" WIDTH="38"/>
						<String ID="P2_ST00234" HPOS="938" VPOS="1539" WIDTH="151" HEIGHT="55" CONTENT="Cyrus" WC="0.89" CC="00040"/>
						<SP ID="P2_SP00211" HPOS="1089" VPOS="1594" WIDTH="20"/>
						<String ID="P2_ST00235" HPOS="1109" VPOS="1539" WIDTH="39" HEIGHT="41" CONTENT="le" WC="0.82" CC="30"/>
						<SP ID="P2_SP00212" HPOS="1148" VPOS="1594" WIDTH="36"/>
						<String ID="P2_ST00236" HPOS="1184" VPOS="1540" WIDTH="143" HEIGHT="40" CONTENT="Jeune" WC="0.99" CC="00600"/>
						<SP ID="P2_SP00213" HPOS="1327" VPOS="1594" WIDTH="22"/>
						<String ID="P2_ST00237" HPOS="1349" VPOS="1550" WIDTH="41" HEIGHT="30" CONTENT="et" WC="0.94" CC="01"/>
						<SP ID="P2_SP00214" HPOS="1390" VPOS="1594" WIDTH="27"/>
						<String ID="P2_ST00238" HPOS="1417" VPOS="1553" WIDTH="84" HEIGHT="27" CONTENT="son" WC="1.00" CC="000"/>
						<SP ID="P2_SP00215" HPOS="1501" VPOS="1594" WIDTH="24"/>
						<String ID="P2_ST00239" HPOS="1525" VPOS="1540" WIDTH="150" HEIGHT="40" CONTENT="armée" WC="0.98" CC="72010"/>
						<SP ID="P2_SP00216" HPOS="1675" VPOS="1594" WIDTH="30"/>
						<String ID="P2_ST00240" HPOS="1705" VPOS="1540" WIDTH="52" HEIGHT="40" CONTENT="de" WC="1.00" CC="00"/>
						<SP ID="P2_SP00217" HPOS="1757" VPOS="1594" WIDTH="23"/>
						<String ID="P2_ST00241" HPOS="1780" VPOS="1538" WIDTH="302" HEIGHT="42" CONTENT="mercenaires" WC="1.00" CC="00110050300"/>
					</TextLine>
					<TextLine ID="P2_TL00023" HPOS="72" VPOS="1607" WIDTH="2009" HEIGHT="56">
						<String ID="P2_ST00242" HPOS="72" VPOS="1623" WIDTH="142" HEIGHT="40" CONTENT="grecs." WC="1.00" CC="000000"/>
						<SP ID="P2_SP00218" HPOS="214" VPOS="1663" WIDTH="21"/>
						<String ID="P2_ST00243" HPOS="235" VPOS="1609" WIDTH="63" HEIGHT="41" CONTENT="La" WC="0.95" CC="00"/>
						<SP ID="P2_SP00219" HPOS="298" VPOS="1663" WIDTH="19"/>
						<String ID="P2_ST00244" HPOS="317" VPOS="1609" WIDTH="127" HEIGHT="40" CONTENT="reine" WC="0.97" CC="63370"/>
						<SP ID="P2_SP00220" HPOS="444" VPOS="1663" WIDTH="27"/>
						<String ID="P2_ST00245" HPOS="471" VPOS="1608" WIDTH="121" HEIGHT="41" CONTENT="mère" WC="1.00" CC="0200"/>
						<SP ID="P2_SP00221" HPOS="592" VPOS="1663" WIDTH="21"/>
						<String ID="P2_ST00246" HPOS="613" VPOS="1607" WIDTH="247" HEIGHT="56" CONTENT="Parysatis," WC="0.89" CC="2000000304"/>
						<SP ID="P2_SP00222" HPOS="860" VPOS="1663" WIDTH="21"/>
						<String ID="P2_ST00247" HPOS="881" VPOS="1618" WIDTH="119" HEIGHT="30" CONTENT="sorte" WC="1.00" CC="00000"/>
						<SP ID="P2_SP00223" HPOS="1000" VPOS="1663" WIDTH="23"/>
						<String ID="P2_ST00248" HPOS="1023" VPOS="1607" WIDTH="302" HEIGHT="55" CONTENT="d'Agrippine" WC="0.97" CC="03000000000"/>
						<SP ID="P2_SP00224" HPOS="1325" VPOS="1663" WIDTH="18"/>
						<String ID="P2_ST00249" HPOS="1343" VPOS="1621" WIDTH="207" HEIGHT="41" CONTENT="persane," WC="1.00" CC="00600003"/>
						<SP ID="P2_SP00225" HPOS="1550" VPOS="1663" WIDTH="17"/>
						<String ID="P2_ST00250" HPOS="1567" VPOS="1608" WIDTH="111" HEIGHT="54" CONTENT="perd" WC="1.00" CC="0200"/>
						<SP ID="P2_SP00226" HPOS="1678" VPOS="1663" WIDTH="16"/>
						<String ID="P2_ST00251" HPOS="1694" VPOS="1607" WIDTH="115" HEIGHT="41" CONTENT="ainsi" WC="1.00" CC="10001"/>
						<SP ID="P2_SP00227" HPOS="1809" VPOS="1663" WIDTH="19"/>
						<String ID="P2_ST00252" HPOS="1828" VPOS="1607" WIDTH="186" HEIGHT="54" CONTENT="l'espoir" WC="0.99" CC="53000015"/>
						<SP ID="P2_SP00228" HPOS="2014" VPOS="1663" WIDTH="14"/>
						<String ID="P2_ST00253" HPOS="2028" VPOS="1609" WIDTH="53" HEIGHT="39" CONTENT="de" WC="1.00" CC="00"/>
					</TextLine>
					<TextLine ID="P2_TL00024" HPOS="72" VPOS="1675" WIDTH="2010" HEIGHT="57">
						<String ID="P2_ST00254" HPOS="72" VPOS="1677" WIDTH="252" HEIGHT="55" CONTENT="remplacer" WC="1.00" CC="200030204"/>
						<SP ID="P2_SP00229" HPOS="324" VPOS="1732" WIDTH="19"/>
						<String ID="P2_ST00255" HPOS="343" VPOS="1676" WIDTH="233" HEIGHT="41" CONTENT="l'indocile" WC="1.00" CC="4407000000"/>
						<SP ID="P2_SP00230" HPOS="576" VPOS="1732" WIDTH="25"/>
						<String ID="P2_ST00256" HPOS="601" VPOS="1676" WIDTH="269" HEIGHT="41" CONTENT="Artaxerxès" WC="0.91" CC="0400005000"/>
						<SP ID="P2_SP00231" HPOS="870" VPOS="1732" WIDTH="21"/>
						<String ID="P2_ST00257" HPOS="891" VPOS="1690" WIDTH="80" HEIGHT="41" CONTENT="par" WC="0.99" CC="003"/>
						<SP ID="P2_SP00232" HPOS="971" VPOS="1732" WIDTH="25"/>
						<String ID="P2_ST00258" HPOS="996" VPOS="1677" WIDTH="166" HEIGHT="54" CONTENT="Cyrus," WC="0.77" CC="400404"/>
						<SP ID="P2_SP00233" HPOS="1162" VPOS="1732" WIDTH="19"/>
						<String ID="P2_ST00259" HPOS="1181" VPOS="1675" WIDTH="77" HEIGHT="55" CONTENT="qui" WC="0.99" CC="003"/>
						<SP ID="P2_SP00234" HPOS="1258" VPOS="1732" WIDTH="22"/>
						<String ID="P2_ST00260" HPOS="1280" VPOS="1675" WIDTH="65" HEIGHT="41" CONTENT="lui" WC="0.97" CC="502"/>
						<SP ID="P2_SP00235" HPOS="1345" VPOS="1732" WIDTH="25"/>
						<String ID="P2_ST00261" HPOS="1370" VPOS="1679" WIDTH="74" HEIGHT="37" CONTENT="eût" WC="1.00" CC="000"/>
						<SP ID="P2_SP00236" HPOS="1444" VPOS="1732" WIDTH="18"/>
						<String ID="P2_ST00262" HPOS="1462" VPOS="1677" WIDTH="66" HEIGHT="40" CONTENT="été" WC="0.96" CC="631"/>
						<SP ID="P2_SP00237" HPOS="1528" VPOS="1732" WIDTH="25"/>
						<String ID="P2_ST00263" HPOS="1553" VPOS="1675" WIDTH="192" HEIGHT="42" CONTENT="soumis." WC="1.00" CC="0000003"/>
						<SP ID="P2_SP00238" HPOS="1745" VPOS="1732" WIDTH="21"/>
						<String ID="P2_ST00264" HPOS="1766" VPOS="1675" WIDTH="118" HEIGHT="42" CONTENT="Mais" WC="1.00" CC="0020"/>
						<SP ID="P2_SP00239" HPOS="1884" VPOS="1732" WIDTH="21"/>
						<String ID="P2_ST00265" HPOS="1905" VPOS="1675" WIDTH="177" HEIGHT="42" CONTENT="bientôt" WC="0.99" CC="0303544"/>
					</TextLine>
					<TextLine ID="P2_TL00025" HPOS="73" VPOS="1743" WIDTH="2006" HEIGHT="57">
						<String ID="P2_ST00266" HPOS="73" VPOS="1745" WIDTH="83" HEIGHT="42" CONTENT="elle" WC="1.00" CC="0000"/>
						<SP ID="P2_SP00240" HPOS="156" VPOS="1787" WIDTH="36"/>
						<String ID="P2_ST00267" HPOS="192" VPOS="1760" WIDTH="53" HEIGHT="27" CONTENT="va" WC="1.00" CC="00"/>
						<SP ID="P2_SP00241" HPOS="245" VPOS="1787" WIDTH="19"/>
						<String ID="P2_ST00268" HPOS="264" VPOS="1745" WIDTH="198" HEIGHT="55" CONTENT="pouvoir" WC="0.99" CC="0260000"/>
						<SP ID="P2_SP00242" HPOS="462" VPOS="1800" WIDTH="24"/>
						<String ID="P2_ST00269" HPOS="486" VPOS="1745" WIDTH="161" HEIGHT="41" CONTENT="ourdir" WC="0.99" CC="070030"/>
						<SP ID="P2_SP00243" HPOS="647" VPOS="1800" WIDTH="22"/>
						<String ID="P2_ST00270" HPOS="669" VPOS="1746" WIDTH="53" HEIGHT="40" CONTENT="de" WC="1.00" CC="00"/>
						<SP ID="P2_SP00244" HPOS="722" VPOS="1800" WIDTH="35"/>
						<String ID="P2_ST00271" HPOS="757" VPOS="1745" WIDTH="236" HEIGHT="40" CONTENT="nouvelles" WC="1.00" CC="500007000"/>
						<SP ID="P2_SP00245" HPOS="993" VPOS="1800" WIDTH="18"/>
						<String ID="P2_ST00272" HPOS="1011" VPOS="1755" WIDTH="167" HEIGHT="30" CONTENT="trames" WC="1.00" CC="000000"/>
						<SP ID="P2_SP00246" HPOS="1178" VPOS="1800" WIDTH="19"/>
						<String ID="P2_ST00273" HPOS="1197" VPOS="1757" WIDTH="7" HEIGHT="28" CONTENT=":" WC="0.48" CC="5"/>
						<SP ID="P2_SP00247" HPOS="1204" VPOS="1800" WIDTH="28"/>
						<String ID="P2_ST00274" HPOS="1232" VPOS="1743" WIDTH="205" HEIGHT="56" CONTENT="Aspasie," WC="0.95" CC="00000003"/>
						<SP ID="P2_SP00248" HPOS="1437" VPOS="1800" WIDTH="37"/>
						<String ID="P2_ST00275" HPOS="1474" VPOS="1758" WIDTH="88" HEIGHT="27" CONTENT="une" WC="0.97" CC="080"/>
						<SP ID="P2_SP00249" HPOS="1562" VPOS="1800" WIDTH="25"/>
						<String ID="P2_ST00276" HPOS="1587" VPOS="1743" WIDTH="175" HEIGHT="56" CONTENT="captive" WC="0.99" CC="0006500"/>
						<SP ID="P2_SP00250" HPOS="1762" VPOS="1800" WIDTH="21"/>
						<String ID="P2_ST00277" HPOS="1783" VPOS="1758" WIDTH="211" HEIGHT="41" CONTENT="grecque," WC="1.00" CC="00000004"/>
						<SP ID="P2_SP00251" HPOS="1994" VPOS="1800" WIDTH="33"/>
						<String ID="P2_ST00278" HPOS="2027" VPOS="1757" WIDTH="52" HEIGHT="28" CONTENT="va" WC="1.00" CC="00"/>
					</TextLine>
					<TextLine ID="P2_TL00026" HPOS="74" VPOS="1811" WIDTH="2007" HEIGHT="57">
						<String ID="P2_ST00279" HPOS="74" VPOS="1815" WIDTH="109" HEIGHT="40" CONTENT="faire" WC="1.00" CC="00030"/>
						<SP ID="P2_SP00252" HPOS="183" VPOS="1855" WIDTH="22"/>
						<String ID="P2_ST00280" HPOS="205" VPOS="1815" WIDTH="77" HEIGHT="40" CONTENT="des" WC="1.00" CC="000"/>
						<SP ID="P2_SP00253" HPOS="282" VPOS="1855" WIDTH="17"/>
						<String ID="P2_ST00281" HPOS="299" VPOS="1814" WIDTH="159" HEIGHT="41" CONTENT="rivaux" WC="0.99" CC="020800"/>
						<SP ID="P2_SP00254" HPOS="458" VPOS="1855" WIDTH="16"/>
						<String ID="P2_ST00282" HPOS="474" VPOS="1815" WIDTH="60" HEIGHT="39" CONTENT="du" WC="1.00" CC="00"/>
						<SP ID="P2_SP00255" HPOS="534" VPOS="1855" WIDTH="23"/>
						<String ID="P2_ST00283" HPOS="557" VPOS="1813" WIDTH="104" HEIGHT="55" CONTENT="père" WC="0.99" CC="0300"/>
						<SP ID="P2_SP00256" HPOS="661" VPOS="1868" WIDTH="25"/>
						<String ID="P2_ST00284" HPOS="686" VPOS="1823" WIDTH="41" HEIGHT="31" CONTENT="et" WC="0.70" CC="05"/>
						<SP ID="P2_SP00257" HPOS="727" VPOS="1868" WIDTH="38"/>
						<String ID="P2_ST00285" HPOS="765" VPOS="1814" WIDTH="60" HEIGHT="40" CONTENT="du" WC="1.00" CC="00"/>
						<SP ID="P2_SP00258" HPOS="825" VPOS="1868" WIDTH="21"/>
						<String ID="P2_ST00286" HPOS="846" VPOS="1813" WIDTH="86" HEIGHT="54" CONTENT="fils," WC="0.97" CC="67304"/>
						<SP ID="P2_SP00259" HPOS="932" VPOS="1868" WIDTH="23"/>
						<String ID="P2_ST00287" HPOS="955" VPOS="1813" WIDTH="314" HEIGHT="41" CONTENT="d'Artaxerxès" WC="0.93" CC="030000040000"/>
						<SP ID="P2_SP00260" HPOS="1269" VPOS="1868" WIDTH="24"/>
						<String ID="P2_ST00288" HPOS="1293" VPOS="1823" WIDTH="41" HEIGHT="30" CONTENT="et" WC="0.88" CC="02"/>
						<SP ID="P2_SP00261" HPOS="1334" VPOS="1868" WIDTH="25"/>
						<String ID="P2_ST00289" HPOS="1359" VPOS="1813" WIDTH="52" HEIGHT="40" CONTENT="de" WC="1.00" CC="00"/>
						<SP ID="P2_SP00262" HPOS="1411" VPOS="1868" WIDTH="36"/>
						<String ID="P2_ST00290" HPOS="1447" VPOS="1812" WIDTH="182" HEIGHT="41" CONTENT="Darius." WC="1.00" CC="0003003"/>
						<SP ID="P2_SP00263" HPOS="1629" VPOS="1868" WIDTH="31"/>
						<String ID="P2_ST00291" HPOS="1660" VPOS="1813" WIDTH="230" HEIGHT="54" CONTENT="Parysatis" WC="0.93" CC="000000320"/>
						<SP ID="P2_SP00264" HPOS="1890" VPOS="1868" WIDTH="22"/>
						<String ID="P2_ST00292" HPOS="1912" VPOS="1811" WIDTH="169" HEIGHT="42" CONTENT="servira" WC="1.00" CC="0000330"/>
					</TextLine>
					<TextLine ID="P2_TL00027" HPOS="74" VPOS="1880" WIDTH="2007" HEIGHT="55">
						<String ID="P2_ST00293" HPOS="74" VPOS="1883" WIDTH="196" HEIGHT="41" CONTENT="l'amour" WC="1.00" CC="0040002"/>
						<SP ID="P2_SP00265" HPOS="270" VPOS="1924" WIDTH="41"/>
						<String ID="P2_ST00294" HPOS="311" VPOS="1883" WIDTH="53" HEIGHT="40" CONTENT="de" WC="1.00" CC="00"/>
						<SP ID="P2_SP00266" HPOS="364" VPOS="1924" WIDTH="40"/>
						<String ID="P2_ST00295" HPOS="404" VPOS="1882" WIDTH="184" HEIGHT="52" CONTENT="Darius," WC="0.99" CC="3004004"/>
						<SP ID="P2_SP00267" HPOS="588" VPOS="1934" WIDTH="45"/>
						<String ID="P2_ST00296" HPOS="633" VPOS="1892" WIDTH="41" HEIGHT="30" CONTENT="et" WC="0.61" CC="25"/>
						<SP ID="P2_SP00268" HPOS="674" VPOS="1934" WIDTH="39"/>
						<String ID="P2_ST00297" HPOS="713" VPOS="1881" WIDTH="113" HEIGHT="42" CONTENT="ainsi" WC="0.98" CC="00804"/>
						<SP ID="P2_SP00269" HPOS="826" VPOS="1934" WIDTH="43"/>
						<String ID="P2_ST00298" HPOS="869" VPOS="1895" WIDTH="44" HEIGHT="27" CONTENT="se" WC="1.00" CC="00"/>
						<SP ID="P2_SP00270" HPOS="913" VPOS="1934" WIDTH="36"/>
						<String ID="P2_ST00299" HPOS="949" VPOS="1881" WIDTH="254" HEIGHT="41" CONTENT="l'asservira" WC="1.00" CC="14200000560"/>
						<SP ID="P2_SP00271" HPOS="1203" VPOS="1934" WIDTH="31"/>
						<String ID="P2_ST00300" HPOS="1234" VPOS="1893" WIDTH="8" HEIGHT="29" CONTENT=":" WC="0.83" CC="1"/>
						<SP ID="P2_SP00272" HPOS="1242" VPOS="1934" WIDTH="43"/>
						<String ID="P2_ST00301" HPOS="1285" VPOS="1881" WIDTH="82" HEIGHT="40" CONTENT="elle" WC="1.00" CC="0010"/>
						<SP ID="P2_SP00273" HPOS="1367" VPOS="1934" WIDTH="38"/>
						<String ID="P2_ST00302" HPOS="1405" VPOS="1881" WIDTH="176" HEIGHT="40" CONTENT="obtient" WC="0.99" CC="0004085"/>
						<SP ID="P2_SP00274" HPOS="1581" VPOS="1934" WIDTH="40"/>
						<String ID="P2_ST00303" HPOS="1621" VPOS="1881" WIDTH="314" HEIGHT="41" CONTENT="d'Artaxerxès" WC="0.73" CC="030040900077"/>
						<SP ID="P2_SP00275" HPOS="1935" VPOS="1934" WIDTH="33"/>
						<String ID="P2_ST00304" HPOS="1968" VPOS="1880" WIDTH="113" HEIGHT="55" CONTENT="qu'il" WC="0.98" CC="05450"/>
					</TextLine>
					<TextLine ID="P2_TL00028" HPOS="73" VPOS="1948" WIDTH="2009" HEIGHT="58">
						<String ID="P2_ST00305" HPOS="73" VPOS="1950" WIDTH="233" HEIGHT="56" CONTENT="proclame" WC="1.00" CC="00001000"/>
						<SP ID="P2_SP00276" HPOS="306" VPOS="2006" WIDTH="25"/>
						<String ID="P2_ST00306" HPOS="331" VPOS="1964" WIDTH="83" HEIGHT="27" CONTENT="son" WC="0.97" CC="007"/>
						<SP ID="P2_SP00277" HPOS="414" VPOS="2006" WIDTH="24"/>
						<String ID="P2_ST00307" HPOS="438" VPOS="1950" WIDTH="69" HEIGHT="40" CONTENT="fils" WC="0.96" CC="5760"/>
						<SP ID="P2_SP00278" HPOS="507" VPOS="2006" WIDTH="20"/>
						<String ID="P2_ST00308" HPOS="527" VPOS="1950" WIDTH="157" HEIGHT="55" CONTENT="prince" WC="1.00" CC="002000"/>
						<SP ID="P2_SP00279" HPOS="684" VPOS="2006" WIDTH="24"/>
						<String ID="P2_ST00309" HPOS="708" VPOS="1949" WIDTH="200" HEIGHT="41" CONTENT="héritier." WC="0.99" CC="436133004"/>
						<SP ID="P2_SP00280" HPOS="908" VPOS="2006" WIDTH="28"/>
						<String ID="P2_ST00310" HPOS="936" VPOS="1949" WIDTH="116" HEIGHT="41" CONTENT="Mais" WC="0.99" CC="0050"/>
						<SP ID="P2_SP00281" HPOS="1052" VPOS="2006" WIDTH="18"/>
						<String ID="P2_ST00311" HPOS="1070" VPOS="1949" WIDTH="38" HEIGHT="41" CONTENT="le" WC="1.00" CC="00"/>
						<SP ID="P2_SP00282" HPOS="1108" VPOS="2006" WIDTH="25"/>
						<String ID="P2_ST00312" HPOS="1133" VPOS="1948" WIDTH="198" HEIGHT="56" CONTENT="premier" WC="1.00" CC="0000000"/>
						<SP ID="P2_SP00283" HPOS="1331" VPOS="2006" WIDTH="22"/>
						<String ID="P2_ST00313" HPOS="1353" VPOS="1963" WIDTH="105" HEIGHT="27" CONTENT="vœu" WC="1.00" CC="000"/>
						<SP ID="P2_SP00284" HPOS="1458" VPOS="2006" WIDTH="24"/>
						<String ID="P2_ST00314" HPOS="1482" VPOS="1950" WIDTH="53" HEIGHT="39" CONTENT="de" WC="1.00" CC="00"/>
						<SP ID="P2_SP00285" HPOS="1535" VPOS="2006" WIDTH="26"/>
						<String ID="P2_ST00315" HPOS="1561" VPOS="1948" WIDTH="167" HEIGHT="42" CONTENT="Darius" WC="1.00" CC="000400"/>
						<SP ID="P2_SP00286" HPOS="1728" VPOS="2006" WIDTH="24"/>
						<String ID="P2_ST00316" HPOS="1752" VPOS="1959" WIDTH="65" HEIGHT="30" CONTENT="est" WC="0.98" CC="005"/>
						<SP ID="P2_SP00287" HPOS="1817" VPOS="2006" WIDTH="23"/>
						<String ID="P2_ST00317" HPOS="1840" VPOS="1948" WIDTH="242" HEIGHT="56" CONTENT="d'épouser" WC="1.00" CC="040000000"/>
					</TextLine>
					<TextLine ID="P2_TL00029" HPOS="75" VPOS="2016" WIDTH="2006" HEIGHT="58">
						<String ID="P2_ST00318" HPOS="75" VPOS="2019" WIDTH="190" HEIGHT="55" CONTENT="Aspasie" WC="1.00" CC="0000000"/>
						<SP ID="P2_SP00288" HPOS="265" VPOS="2074" WIDTH="27"/>
						<String ID="P2_ST00319" HPOS="292" VPOS="2032" WIDTH="8" HEIGHT="28" CONTENT=":" WC="0.64" CC="3"/>
						<SP ID="P2_SP00289" HPOS="300" VPOS="2074" WIDTH="25"/>
						<String ID="P2_ST00320" HPOS="325" VPOS="2019" WIDTH="268" HEIGHT="41" CONTENT="Artaxerxès" WC="0.85" CC="0520000050"/>
						<SP ID="P2_SP00290" HPOS="593" VPOS="2074" WIDTH="27"/>
						<String ID="P2_ST00321" HPOS="620" VPOS="2019" WIDTH="165" HEIGHT="51" CONTENT="refuse," WC="0.98" CC="4437044"/>
						<SP ID="P2_SP00291" HPOS="785" VPOS="2074" WIDTH="27"/>
						<String ID="P2_ST00322" HPOS="812" VPOS="2028" WIDTH="56" HEIGHT="43" CONTENT="el," WC="0.62" CC="073"/>
						<SP ID="P2_SP00292" HPOS="868" VPOS="2074" WIDTH="26"/>
						<String ID="P2_ST00323" HPOS="894" VPOS="2018" WIDTH="128" HEIGHT="54" CONTENT="après" WC="0.99" CC="00400"/>
						<SP ID="P2_SP00293" HPOS="1022" VPOS="2074" WIDTH="24"/>
						<String ID="P2_ST00324" HPOS="1046" VPOS="2031" WIDTH="89" HEIGHT="27" CONTENT="une" WC="0.97" CC="070"/>
						<SP ID="P2_SP00294" HPOS="1135" VPOS="2074" WIDTH="22"/>
						<String ID="P2_ST00325" HPOS="1157" VPOS="2018" WIDTH="132" HEIGHT="40" CONTENT="scène" WC="0.99" CC="00700"/>
						<SP ID="P2_SP00295" HPOS="1289" VPOS="2074" WIDTH="22"/>
						<String ID="P2_ST00326" HPOS="1311" VPOS="2016" WIDTH="200" HEIGHT="42" CONTENT="violente" WC="1.00" CC="00030000"/>
						<SP ID="P2_SP00296" HPOS="1511" VPOS="2074" WIDTH="25"/>
						<String ID="P2_ST00327" HPOS="1536" VPOS="2018" WIDTH="59" HEIGHT="39" CONTENT="où" WC="0.71" CC="05"/>
						<SP ID="P2_SP00297" HPOS="1595" VPOS="2074" WIDTH="26"/>
						<String ID="P2_ST00328" HPOS="1621" VPOS="2017" WIDTH="42" HEIGHT="41" CONTENT="la" WC="0.79" CC="40"/>
						<SP ID="P2_SP00298" HPOS="1663" VPOS="2074" WIDTH="26"/>
						<String ID="P2_ST00329" HPOS="1689" VPOS="2017" WIDTH="209" HEIGHT="55" CONTENT="Grecque" WC="1.00" CC="0000030"/>
						<SP ID="P2_SP00299" HPOS="1898" VPOS="2074" WIDTH="24"/>
						<String ID="P2_ST00330" HPOS="1922" VPOS="2031" WIDTH="45" HEIGHT="27" CONTENT="se" WC="1.00" CC="00"/>
						<SP ID="P2_SP00300" HPOS="1967" VPOS="2074" WIDTH="40"/>
						<String ID="P2_ST00331" HPOS="2007" VPOS="2028" WIDTH="74" HEIGHT="30" CONTENT="tue" WC="0.99" CC="200"/>
					</TextLine>
					<TextLine ID="P2_TL00030" HPOS="71" VPOS="2084" WIDTH="2010" HEIGHT="59">
						<String ID="P2_ST00332" HPOS="71" VPOS="2102" WIDTH="119" HEIGHT="41" CONTENT="pour" WC="1.00" CC="0000"/>
						<SP ID="P2_SP00301" HPOS="190" VPOS="2143" WIDTH="31"/>
						<String ID="P2_ST00333" HPOS="221" VPOS="2087" WIDTH="176" HEIGHT="56" CONTENT="apaiser" WC="1.00" CC="0004020"/>
						<SP ID="P2_SP00302" HPOS="397" VPOS="2143" WIDTH="22"/>
						<String ID="P2_ST00334" HPOS="419" VPOS="2087" WIDTH="42" HEIGHT="41" CONTENT="la" WC="0.81" CC="30"/>
						<SP ID="P2_SP00303" HPOS="461" VPOS="2143" WIDTH="21"/>
						<String ID="P2_ST00335" HPOS="482" VPOS="2087" WIDTH="228" HEIGHT="51" CONTENT="discorde," WC="1.00" CC="020000004"/>
						<SP ID="P2_SP00304" HPOS="710" VPOS="2143" WIDTH="21"/>
						<String ID="P2_ST00336" HPOS="731" VPOS="2086" WIDTH="162" HEIGHT="41" CONTENT="envoie" WC="0.99" CC="080030"/>
						<SP ID="P2_SP00305" HPOS="893" VPOS="2143" WIDTH="21"/>
						<String ID="P2_ST00337" HPOS="914" VPOS="2100" WIDTH="85" HEIGHT="26" CONTENT="son" WC="0.97" CC="008"/>
						<SP ID="P2_SP00306" HPOS="999" VPOS="2143" WIDTH="23"/>
						<String ID="P2_ST00338" HPOS="1022" VPOS="2085" WIDTH="70" HEIGHT="41" CONTENT="fils" WC="0.97" CC="7610"/>
						<SP ID="P2_SP00307" HPOS="1092" VPOS="2143" WIDTH="21"/>
						<String ID="P2_ST00339" HPOS="1113" VPOS="2100" WIDTH="55" HEIGHT="27" CONTENT="au" WC="0.80" CC="04"/>
						<SP ID="P2_SP00308" HPOS="1168" VPOS="2143" WIDTH="26"/>
						<String ID="P2_ST00340" HPOS="1194" VPOS="2086" WIDTH="244" HEIGHT="41" CONTENT="bourreau." WC="1.00" CC="300000001"/>
						<SP ID="P2_SP00309" HPOS="1438" VPOS="2143" WIDTH="30"/>
						<String ID="P2_ST00341" HPOS="1468" VPOS="2085" WIDTH="231" HEIGHT="51" CONTENT="Parysatis" WC="0.92" CC="006000000"/>
						<SP ID="P2_SP00310" HPOS="1699" VPOS="2143" WIDTH="24"/>
						<String ID="P2_ST00342" HPOS="1723" VPOS="2100" WIDTH="45" HEIGHT="26" CONTENT="se" WC="1.00" CC="00"/>
						<SP ID="P2_SP00311" HPOS="1768" VPOS="2143" WIDTH="25"/>
						<String ID="P2_ST00343" HPOS="1793" VPOS="2084" WIDTH="133" HEIGHT="43" CONTENT="retire" WC="1.00" CC="000000"/>
						<SP ID="P2_SP00312" HPOS="1926" VPOS="2143" WIDTH="25"/>
						<String ID="P2_ST00344" HPOS="1951" VPOS="2086" WIDTH="130" HEIGHT="54" CONTENT="après" WC="1.00" CC="00000"/>
					</TextLine>
					<TextLine ID="P2_TL00031" HPOS="74" VPOS="2154" WIDTH="1759" HEIGHT="55">
						<String ID="P2_ST00345" HPOS="74" VPOS="2156" WIDTH="128" HEIGHT="41" CONTENT="avoir" WC="0.99" CC="00070"/>
						<SP ID="P2_SP00313" HPOS="202" VPOS="2197" WIDTH="17"/>
						<String ID="P2_ST00346" HPOS="219" VPOS="2155" WIDTH="177" HEIGHT="42" CONTENT="maudit" WC="0.99" CC="000006"/>
						<SP ID="P2_SP00314" HPOS="396" VPOS="2197" WIDTH="20"/>
						<String ID="P2_ST00347" HPOS="416" VPOS="2155" WIDTH="38" HEIGHT="41" CONTENT="le" WC="1.00" CC="00"/>
						<SP ID="P2_SP00315" HPOS="454" VPOS="2197" WIDTH="25"/>
						<String ID="P2_ST00348" HPOS="479" VPOS="2155" WIDTH="85" HEIGHT="51" CONTENT="roi," WC="0.97" CC="5024"/>
						<SP ID="P2_SP00316" HPOS="564" VPOS="2206" WIDTH="24"/>
						<String ID="P2_ST00349" HPOS="588" VPOS="2166" WIDTH="40" HEIGHT="30" CONTENT="et" WC="1.00" CC="00"/>
						<SP ID="P2_SP00317" HPOS="628" VPOS="2206" WIDTH="22"/>
						<String ID="P2_ST00350" HPOS="650" VPOS="2155" WIDTH="40" HEIGHT="41" CONTENT="le" WC="0.92" CC="10"/>
						<SP ID="P2_SP00318" HPOS="690" VPOS="2206" WIDTH="22"/>
						<String ID="P2_ST00351" HPOS="712" VPOS="2155" WIDTH="154" HEIGHT="41" CONTENT="drame" WC="1.00" CC="00002"/>
						<SP ID="P2_SP00319" HPOS="866" VPOS="2206" WIDTH="26"/>
						<String ID="P2_ST00352" HPOS="892" VPOS="2154" WIDTH="100" HEIGHT="41" CONTENT="finit" WC="0.98" CC="00850"/>
						<SP ID="P2_SP00320" HPOS="992" VPOS="2206" WIDTH="23"/>
						<String ID="P2_ST00353" HPOS="1015" VPOS="2155" WIDTH="112" HEIGHT="40" CONTENT="dans" WC="1.00" CC="0000"/>
						<SP ID="P2_SP00321" HPOS="1127" VPOS="2206" WIDTH="23"/>
						<String ID="P2_ST00354" HPOS="1150" VPOS="2154" WIDTH="290" HEIGHT="55" CONTENT="l'épouvante" WC="1.00" CC="03000200510"/>
						<SP ID="P2_SP00322" HPOS="1440" VPOS="2209" WIDTH="22"/>
						<String ID="P2_ST00355" HPOS="1462" VPOS="2164" WIDTH="41" HEIGHT="31" CONTENT="et" WC="1.00" CC="00"/>
						<SP ID="P2_SP00323" HPOS="1503" VPOS="2209" WIDTH="22"/>
						<String ID="P2_ST00356" HPOS="1525" VPOS="2154" WIDTH="308" HEIGHT="55" CONTENT="l'égarement." WC="1.00" CC="030007002000"/>
					</TextLine>
					<TextLine ID="P2_TL00032" HPOS="129" VPOS="2222" WIDTH="1952" HEIGHT="57">
						<String ID="P2_ST00357" HPOS="129" VPOS="2224" WIDTH="85" HEIGHT="41" CONTENT="Tel" WC="1.00" CC="000"/>
						<SP ID="P2_SP00324" HPOS="214" VPOS="2265" WIDTH="32"/>
						<String ID="P2_ST00358" HPOS="246" VPOS="2235" WIDTH="64" HEIGHT="30" CONTENT="est" WC="0.99" CC="002"/>
						<SP ID="P2_SP00325" HPOS="310" VPOS="2265" WIDTH="36"/>
						<String ID="P2_ST00359" HPOS="346" VPOS="2223" WIDTH="40" HEIGHT="42" CONTENT="le" WC="1.00" CC="00"/>
						<SP ID="P2_SP00326" HPOS="386" VPOS="2265" WIDTH="32"/>
						<String ID="P2_ST00360" HPOS="418" VPOS="2223" WIDTH="115" HEIGHT="56" CONTENT="sujet" WC="0.99" CC="07300"/>
						<SP ID="P2_SP00327" HPOS="533" VPOS="2279" WIDTH="23"/>
						<String ID="P2_ST00361" HPOS="556" VPOS="2236" WIDTH="8" HEIGHT="27" CONTENT=":" WC="0.34" CC="6"/>
						<SP ID="P2_SP00328" HPOS="564" VPOS="2279" WIDTH="26"/>
						<String ID="P2_ST00362" HPOS="590" VPOS="2223" WIDTH="30" HEIGHT="40" CONTENT="il" WC="0.59" CC="52"/>
						<SP ID="P2_SP00329" HPOS="620" VPOS="2279" WIDTH="23"/>
						<String ID="P2_ST00363" HPOS="643" VPOS="2223" WIDTH="79" HEIGHT="42" CONTENT="fait" WC="0.98" CC="0025"/>
						<SP ID="P2_SP00330" HPOS="722" VPOS="2279" WIDTH="19"/>
						<String ID="P2_ST00364" HPOS="741" VPOS="2237" WIDTH="165" HEIGHT="41" CONTENT="songer" WC="0.99" CC="008000"/>
						<SP ID="P2_SP00331" HPOS="906" VPOS="2279" WIDTH="24"/>
						<String ID="P2_ST00365" HPOS="930" VPOS="2237" WIDTH="61" HEIGHT="26" CONTENT="un" WC="0.79" CC="40"/>
						<SP ID="P2_SP00332" HPOS="991" VPOS="2279" WIDTH="19"/>
						<String ID="P2_ST00366" HPOS="1010" VPOS="2237" WIDTH="86" HEIGHT="40" CONTENT="peu" WC="0.98" CC="005"/>
						<SP ID="P2_SP00333" HPOS="1096" VPOS="2279" WIDTH="19"/>
						<String ID="P2_ST00367" HPOS="1115" VPOS="2223" WIDTH="21" HEIGHT="41" CONTENT="à" WC="0.90" CC="0"/>
						<SP ID="P2_SP00334" HPOS="1136" VPOS="2279" WIDTH="23"/>
						<String ID="P2_ST00368" HPOS="1159" VPOS="2223" WIDTH="318" HEIGHT="49" CONTENT="Britannicus," WC="0.68" CC="530266100353" STYLEREFS="TXT_3"/>
						<SP ID="P2_SP00335" HPOS="1477" VPOS="2279" WIDTH="28"/>
						<String ID="P2_ST00369" HPOS="1505" VPOS="2236" WIDTH="61" HEIGHT="27" CONTENT="un" WC="0.62" CC="07"/>
						<SP ID="P2_SP00336" HPOS="1566" VPOS="2279" WIDTH="23"/>
						<String ID="P2_ST00370" HPOS="1589" VPOS="2237" WIDTH="88" HEIGHT="40" CONTENT="peu" WC="0.97" CC="007"/>
						<SP ID="P2_SP00337" HPOS="1677" VPOS="2279" WIDTH="20"/>
						<String ID="P2_ST00371" HPOS="1697" VPOS="2222" WIDTH="123" HEIGHT="41" CONTENT="aussi" WC="1.00" CC="00003"/>
						<SP ID="P2_SP00338" HPOS="1820" VPOS="2279" WIDTH="23"/>
						<String ID="P2_ST00372" HPOS="1843" VPOS="2222" WIDTH="23" HEIGHT="41" CONTENT="à" WC="1.00" CC="0"/>
						<SP ID="P2_SP00339" HPOS="1866" VPOS="2279" WIDTH="23"/>
						<String ID="P2_ST00373" HPOS="1889" VPOS="2223" WIDTH="165" HEIGHT="42" CONTENT="Mithri" SUBS_TYPE="HypPart1" SUBS_CONTENT="Mithridate" WC="0.84" CC="006010" STYLEREFS="TXT_3"/>
						<HYP HPOS="2054" VPOS="2223" WIDTH="27" CONTENT="-"/>
					</TextLine>
					<TextLine ID="P2_TL00033" HPOS="75" VPOS="2291" WIDTH="2004" HEIGHT="56">
						<String ID="P2_ST00374" HPOS="75" VPOS="2293" WIDTH="103" HEIGHT="41" CONTENT="date" SUBS_TYPE="HypPart2" SUBS_CONTENT="Mithridate" WC="0.77" CC="0205" STYLEREFS="TXT_3"/>
						<SP ID="P2_SP00340" HPOS="178" VPOS="2334" WIDTH="22"/>
						<String ID="P2_ST00375" HPOS="200" VPOS="2307" WIDTH="9" HEIGHT="38" CONTENT=";" WC="0.39" CC="6"/>
						<SP ID="P2_SP00341" HPOS="209" VPOS="2345" WIDTH="44"/>
						<String ID="P2_ST00376" HPOS="253" VPOS="2292" WIDTH="32" HEIGHT="41" CONTENT="il" WC="0.55" CC="44"/>
						<SP ID="P2_SP00342" HPOS="285" VPOS="2345" WIDTH="21"/>
						<String ID="P2_ST00377" HPOS="306" VPOS="2307" WIDTH="27" HEIGHT="40" CONTENT="y" WC="1.00" CC="0"/>
						<SP ID="P2_SP00343" HPOS="333" VPOS="2347" WIDTH="24"/>
						<String ID="P2_ST00378" HPOS="357" VPOS="2307" WIDTH="22" HEIGHT="27" CONTENT="a" WC="1.00" CC="0"/>
						<SP ID="P2_SP00344" HPOS="379" VPOS="2347" WIDTH="39"/>
						<String ID="P2_ST00379" HPOS="418" VPOS="2293" WIDTH="41" HEIGHT="40" CONTENT="là" WC="1.00" CC="00"/>
						<SP ID="P2_SP00345" HPOS="459" VPOS="2347" WIDTH="43"/>
						<String ID="P2_ST00380" HPOS="502" VPOS="2293" WIDTH="117" HEIGHT="40" CONTENT="deux" WC="1.00" CC="0000"/>
						<SP ID="P2_SP00346" HPOS="619" VPOS="2347" WIDTH="25"/>
						<String ID="P2_ST00381" HPOS="644" VPOS="2292" WIDTH="222" HEIGHT="55" CONTENT="tragédies" WC="1.00" CC="040000200"/>
						<SP ID="P2_SP00347" HPOS="866" VPOS="2347" WIDTH="32"/>
						<String ID="P2_ST00382" HPOS="898" VPOS="2291" WIDTH="195" HEIGHT="41" CONTENT="fondues" WC="0.99" CC="0050320"/>
						<SP ID="P2_SP00348" HPOS="1093" VPOS="2347" WIDTH="41"/>
						<String ID="P2_ST00383" HPOS="1134" VPOS="2305" WIDTH="54" HEIGHT="27" CONTENT="en" WC="0.57" CC="08"/>
						<SP ID="P2_SP00349" HPOS="1188" VPOS="2347" WIDTH="40"/>
						<String ID="P2_ST00384" HPOS="1228" VPOS="2305" WIDTH="87" HEIGHT="27" CONTENT="une" WC="0.98" CC="500"/>
						<SP ID="P2_SP00350" HPOS="1315" VPOS="2347" WIDTH="41"/>
						<String ID="P2_ST00385" HPOS="1356" VPOS="2291" WIDTH="139" HEIGHT="51" CONTENT="seule," WC="0.99" CC="004004"/>
						<SP ID="P2_SP00351" HPOS="1495" VPOS="2347" WIDTH="39"/>
						<String ID="P2_ST00386" HPOS="1534" VPOS="2302" WIDTH="56" HEIGHT="38" CONTENT="et," WC="0.99" CC="002"/>
						<SP ID="P2_SP00352" HPOS="1590" VPOS="2347" WIDTH="23"/>
						<String ID="P2_ST00387" HPOS="1613" VPOS="2305" WIDTH="55" HEIGHT="27" CONTENT="au" WC="1.00" CC="00"/>
						<SP ID="P2_SP00353" HPOS="1668" VPOS="2347" WIDTH="29"/>
						<String ID="P2_ST00388" HPOS="1697" VPOS="2291" WIDTH="126" HEIGHT="49" CONTENT="total," WC="0.99" CC="005003"/>
						<SP ID="P2_SP00354" HPOS="1823" VPOS="2347" WIDTH="23"/>
						<String ID="P2_ST00389" HPOS="1846" VPOS="2305" WIDTH="123" HEIGHT="27" CONTENT="assez" WC="1.00" CC="00000"/>
						<SP ID="P2_SP00355" HPOS="1969" VPOS="2347" WIDTH="23"/>
						<String ID="P2_ST00390" HPOS="1992" VPOS="2306" WIDTH="87" HEIGHT="41" CONTENT="peu" WC="0.99" CC="030"/>
					</TextLine>
					<TextLine ID="P2_TL00034" HPOS="71" VPOS="2359" WIDTH="2008" HEIGHT="57">
						<String ID="P2_ST00391" HPOS="71" VPOS="2361" WIDTH="301" HEIGHT="55" CONTENT="développées" WC="1.00" CC="00000000000"/>
						<SP ID="P2_SP00356" HPOS="372" VPOS="2416" WIDTH="42"/>
						<String ID="P2_ST00392" HPOS="414" VPOS="2361" WIDTH="122" HEIGHT="40" CONTENT="l'une" WC="0.97" CC="03780"/>
						<SP ID="P2_SP00357" HPOS="536" VPOS="2416" WIDTH="40"/>
						<String ID="P2_ST00393" HPOS="576" VPOS="2371" WIDTH="41" HEIGHT="30" CONTENT="et" WC="0.81" CC="03"/>
						<SP ID="P2_SP00358" HPOS="617" VPOS="2416" WIDTH="30"/>
						<String ID="P2_ST00394" HPOS="647" VPOS="2361" WIDTH="159" HEIGHT="40" CONTENT="l'autre" WC="1.00" CC="0302000"/>
						<SP ID="P2_SP00359" HPOS="806" VPOS="2416" WIDTH="24"/>
						<String ID="P2_ST00395" HPOS="830" VPOS="2374" WIDTH="7" HEIGHT="27" CONTENT=":" WC="1.00" CC="0"/>
						<SP ID="P2_SP00360" HPOS="837" VPOS="2416" WIDTH="28"/>
						<String ID="P2_ST00396" HPOS="865" VPOS="2360" WIDTH="31" HEIGHT="41" CONTENT="il" WC="0.63" CC="34"/>
						<SP ID="P2_SP00361" HPOS="896" VPOS="2416" WIDTH="28"/>
						<String ID="P2_ST00397" HPOS="924" VPOS="2371" WIDTH="64" HEIGHT="30" CONTENT="est" WC="1.00" CC="000"/>
						<SP ID="P2_SP00362" HPOS="988" VPOS="2416" WIDTH="21"/>
						<String ID="P2_ST00398" HPOS="1009" VPOS="2359" WIDTH="242" HEIGHT="42" CONTENT="manifeste" WC="1.00" CC="007300000"/>
						<SP ID="P2_SP00363" HPOS="1251" VPOS="2416" WIDTH="25"/>
						<String ID="P2_ST00399" HPOS="1276" VPOS="2374" WIDTH="87" HEIGHT="41" CONTENT="que" WC="0.98" CC="050"/>
						<SP ID="P2_SP00364" HPOS="1363" VPOS="2416" WIDTH="20"/>
						<String ID="P2_ST00400" HPOS="1383" VPOS="2359" WIDTH="40" HEIGHT="42" CONTENT="le" WC="0.93" CC="10"/>
						<SP ID="P2_SP00365" HPOS="1423" VPOS="2416" WIDTH="25"/>
						<String ID="P2_ST00401" HPOS="1448" VPOS="2360" WIDTH="142" HEIGHT="54" CONTENT="grand" WC="0.98" CC="09060"/>
						<SP ID="P2_SP00366" HPOS="1590" VPOS="2416" WIDTH="25"/>
						<String ID="P2_ST00402" HPOS="1615" VPOS="2359" WIDTH="165" HEIGHT="41" CONTENT="intérêt" WC="0.99" CC="0040040"/>
						<SP ID="P2_SP00367" HPOS="1780" VPOS="2416" WIDTH="22"/>
						<String ID="P2_ST00403" HPOS="1802" VPOS="2360" WIDTH="54" HEIGHT="40" CONTENT="de" WC="1.00" CC="00"/>
						<SP ID="P2_SP00368" HPOS="1856" VPOS="2416" WIDTH="23"/>
						<String ID="P2_ST00404" HPOS="1879" VPOS="2359" WIDTH="43" HEIGHT="42" CONTENT="la" WC="0.62" CC="70"/>
						<SP ID="P2_SP00369" HPOS="1922" VPOS="2416" WIDTH="32"/>
						<String ID="P2_ST00405" HPOS="1954" VPOS="2360" WIDTH="125" HEIGHT="55" CONTENT="pièce" WC="0.99" CC="03600"/>
					</TextLine>
					<TextLine ID="P2_TL00035" HPOS="75" VPOS="2428" WIDTH="1512" HEIGHT="56">
						<String ID="P2_ST00406" HPOS="75" VPOS="2440" WIDTH="65" HEIGHT="30" CONTENT="est" WC="1.00" CC="000"/>
						<SP ID="P2_SP00370" HPOS="140" VPOS="2470" WIDTH="23"/>
						<String ID="P2_ST00407" HPOS="163" VPOS="2430" WIDTH="112" HEIGHT="40" CONTENT="dans" WC="1.00" CC="0000"/>
						<SP ID="P2_SP00371" HPOS="275" VPOS="2470" WIDTH="20"/>
						<String ID="P2_ST00408" HPOS="295" VPOS="2429" WIDTH="39" HEIGHT="41" CONTENT="le" WC="1.00" CC="00"/>
						<SP ID="P2_SP00372" HPOS="334" VPOS="2470" WIDTH="24"/>
						<String ID="P2_ST00409" HPOS="358" VPOS="2429" WIDTH="221" HEIGHT="55" CONTENT="spectacle" WC="1.00" CC="000000000"/>
						<SP ID="P2_SP00373" HPOS="579" VPOS="2484" WIDTH="25"/>
						<String ID="P2_ST00410" HPOS="604" VPOS="2429" WIDTH="134" HEIGHT="41" CONTENT="d'une" WC="1.00" CC="00000"/>
						<SP ID="P2_SP00374" HPOS="738" VPOS="2484" WIDTH="34"/>
						<String ID="P2_ST00411" HPOS="772" VPOS="2439" WIDTH="110" HEIGHT="45" CONTENT="part," WC="1.00" CC="00000"/>
						<SP ID="P2_SP00375" HPOS="882" VPOS="2484" WIDTH="25"/>
						<String ID="P2_ST00412" HPOS="907" VPOS="2430" WIDTH="112" HEIGHT="39" CONTENT="dans" WC="1.00" CC="0000"/>
						<SP ID="P2_SP00376" HPOS="1019" VPOS="2484" WIDTH="23"/>
						<String ID="P2_ST00413" HPOS="1042" VPOS="2429" WIDTH="42" HEIGHT="40" CONTENT="la" WC="0.67" CC="60"/>
						<SP ID="P2_SP00377" HPOS="1084" VPOS="2484" WIDTH="19"/>
						<String ID="P2_ST00414" HPOS="1103" VPOS="2428" WIDTH="212" HEIGHT="55" CONTENT="musique" WC="0.99" CC="0500030"/>
						<SP ID="P2_SP00378" HPOS="1315" VPOS="2484" WIDTH="22"/>
						<String ID="P2_ST00415" HPOS="1337" VPOS="2429" WIDTH="53" HEIGHT="40" CONTENT="de" WC="1.00" CC="00"/>
						<SP ID="P2_SP00379" HPOS="1390" VPOS="2484" WIDTH="20"/>
						<String ID="P2_ST00416" HPOS="1410" VPOS="2428" WIDTH="177" HEIGHT="41" CONTENT="l'autre." WC="1.00" CC="12006000"/>
					</TextLine>
					<TextLine ID="P2_TL00036" HPOS="132" VPOS="2496" WIDTH="1948" HEIGHT="56">
						<String ID="P2_ST00417" HPOS="132" VPOS="2498" WIDTH="63" HEIGHT="42" CONTENT="Ce" WC="0.79" CC="40"/>
						<SP ID="P2_SP00380" HPOS="195" VPOS="2540" WIDTH="29"/>
						<String ID="P2_ST00418" HPOS="224" VPOS="2498" WIDTH="156" HEIGHT="41" CONTENT="drame" WC="1.00" CC="00000"/>
						<SP ID="P2_SP00381" HPOS="380" VPOS="2540" WIDTH="39"/>
						<String ID="P2_ST00419" HPOS="419" VPOS="2498" WIDTH="53" HEIGHT="40" CONTENT="de" WC="1.00" CC="00"/>
						<SP ID="P2_SP00382" HPOS="472" VPOS="2540" WIDTH="21"/>
						<String ID="P2_ST00420" HPOS="493" VPOS="2512" WIDTH="112" HEIGHT="26" CONTENT="cour" WC="0.99" CC="0003"/>
						<SP ID="P2_SP00383" HPOS="605" VPOS="2540" WIDTH="19"/>
						<String ID="P2_ST00421" HPOS="624" VPOS="2511" WIDTH="23" HEIGHT="27" CONTENT="a" WC="1.00" CC="0"/>
						<SP ID="P2_SP00384" HPOS="647" VPOS="2540" WIDTH="23"/>
						<String ID="P2_ST00422" HPOS="670" VPOS="2496" WIDTH="172" HEIGHT="56" CONTENT="inspiré" WC="0.99" CC="4700100"/>
						<SP ID="P2_SP00385" HPOS="842" VPOS="2552" WIDTH="23"/>
						<String ID="P2_ST00423" HPOS="865" VPOS="2497" WIDTH="23" HEIGHT="41" CONTENT="à" WC="1.00" CC="0"/>
						<SP ID="P2_SP00386" HPOS="888" VPOS="2552" WIDTH="36"/>
						<String ID="P2_ST00424" HPOS="924" VPOS="2498" WIDTH="64" HEIGHT="40" CONTENT="M." WC="0.83" CC="03"/>
						<SP ID="P2_SP00387" HPOS="988" VPOS="2552" WIDTH="40"/>
						<String ID="P2_ST00425" HPOS="1028" VPOS="2496" WIDTH="291" HEIGHT="42" CONTENT="Saint-Saëns" WC="0.77" CC="00264400070"/>
						<SP ID="P2_SP00388" HPOS="1319" VPOS="2552" WIDTH="36"/>
						<String ID="P2_ST00426" HPOS="1355" VPOS="2510" WIDTH="90" HEIGHT="27" CONTENT="une" WC="0.98" CC="600"/>
						<SP ID="P2_SP00389" HPOS="1445" VPOS="2552" WIDTH="23"/>
						<String ID="P2_ST00427" HPOS="1468" VPOS="2496" WIDTH="220" HEIGHT="56" CONTENT="partition" WC="1.00" CC="000022200"/>
						<SP ID="P2_SP00390" HPOS="1688" VPOS="2552" WIDTH="39"/>
						<String ID="P2_ST00428" HPOS="1727" VPOS="2496" WIDTH="78" HEIGHT="55" CONTENT="qui" WC="0.98" CC="040"/>
						<SP ID="P2_SP00391" HPOS="1805" VPOS="2552" WIDTH="40"/>
						<String ID="P2_ST00429" HPOS="1845" VPOS="2508" WIDTH="235" HEIGHT="44" CONTENT="comptera" WC="1.00" CC="00001060"/>
					</TextLine>
					<TextLine ID="P2_TL00037" HPOS="72" VPOS="2564" WIDTH="2006" HEIGHT="57">
						<String ID="P2_ST00430" HPOS="72" VPOS="2566" WIDTH="147" HEIGHT="55" CONTENT="parmi" WC="0.99" CC="00503"/>
						<SP ID="P2_SP00392" HPOS="219" VPOS="2621" WIDTH="37"/>
						<String ID="P2_ST00431" HPOS="256" VPOS="2566" WIDTH="63" HEIGHT="41" CONTENT="les" WC="1.00" CC="100"/>
						<SP ID="P2_SP00393" HPOS="319" VPOS="2621" WIDTH="32"/>
						<String ID="P2_ST00432" HPOS="351" VPOS="2580" WIDTH="178" HEIGHT="28" CONTENT="œuvres" WC="1.00" CC="000000"/>
						<SP ID="P2_SP00394" HPOS="529" VPOS="2621" WIDTH="35"/>
						<String ID="P2_ST00433" HPOS="564" VPOS="2566" WIDTH="64" HEIGHT="40" CONTENT="les" WC="0.99" CC="300"/>
						<SP ID="P2_SP00395" HPOS="628" VPOS="2621" WIDTH="20"/>
						<String ID="P2_ST00434" HPOS="648" VPOS="2565" WIDTH="104" HEIGHT="56" CONTENT="plus" WC="1.00" CC="0010"/>
						<SP ID="P2_SP00396" HPOS="752" VPOS="2621" WIDTH="25"/>
						<String ID="P2_ST00435" HPOS="777" VPOS="2565" WIDTH="209" HEIGHT="55" CONTENT="exquises" WC="1.00" CC="00000000"/>
						<SP ID="P2_SP00397" HPOS="986" VPOS="2621" WIDTH="25"/>
						<String ID="P2_ST00436" HPOS="1011" VPOS="2566" WIDTH="60" HEIGHT="40" CONTENT="du" WC="1.00" CC="00"/>
						<SP ID="P2_SP00398" HPOS="1071" VPOS="2621" WIDTH="22"/>
						<String ID="P2_ST00437" HPOS="1093" VPOS="2568" WIDTH="175" HEIGHT="38" CONTENT="maître." WC="0.99" CC="0053004"/>
						<SP ID="P2_SP00399" HPOS="1268" VPOS="2621" WIDTH="32"/>
						<String ID="P2_ST00438" HPOS="1300" VPOS="2566" WIDTH="83" HEIGHT="40" CONTENT="Les" WC="0.98" CC="400"/>
						<SP ID="P2_SP00400" HPOS="1383" VPOS="2621" WIDTH="26"/>
						<String ID="P2_ST00439" HPOS="1409" VPOS="2583" WIDTH="19" HEIGHT="20" CONTENT="«" WC="0.44" CC="5"/>
						<SP ID="P2_SP00401" HPOS="1428" VPOS="2621" WIDTH="26"/>
						<String ID="P2_ST00440" HPOS="1454" VPOS="2564" WIDTH="237" HEIGHT="56" CONTENT="musiques" WC="1.00" CC="00010000"/>
						<SP ID="P2_SP00402" HPOS="1691" VPOS="2621" WIDTH="24"/>
						<String ID="P2_ST00441" HPOS="1715" VPOS="2566" WIDTH="54" HEIGHT="40" CONTENT="de" WC="1.00" CC="00"/>
						<SP ID="P2_SP00403" HPOS="1769" VPOS="2621" WIDTH="25"/>
						<String ID="P2_ST00442" HPOS="1794" VPOS="2566" WIDTH="132" HEIGHT="40" CONTENT="scène" WC="0.98" CC="00680"/>
						<SP ID="P2_SP00404" HPOS="1926" VPOS="2621" WIDTH="27"/>
						<String ID="P2_ST00443" HPOS="1953" VPOS="2582" WIDTH="19" HEIGHT="21" CONTENT="»" WC="0.50" CC="4"/>
						<SP ID="P2_SP00405" HPOS="1972" VPOS="2621" WIDTH="27"/>
						<String ID="P2_ST00444" HPOS="1999" VPOS="2566" WIDTH="79" HEIGHT="54" CONTENT="qui" WC="0.99" CC="010"/>
					</TextLine>
					<TextLine ID="P2_TL00038" HPOS="71" VPOS="2633" WIDTH="2008" HEIGHT="57">
						<String ID="P2_ST00445" HPOS="71" VPOS="2645" WIDTH="365" HEIGHT="45" CONTENT="accompagnent" WC="1.00" CC="000000008070"/>
						<SP ID="P2_SP00406" HPOS="436" VPOS="2690" WIDTH="40"/>
						<String ID="P2_ST00446" HPOS="476" VPOS="2634" WIDTH="64" HEIGHT="41" CONTENT="les" WC="1.00" CC="000"/>
						<SP ID="P2_SP00407" HPOS="540" VPOS="2690" WIDTH="37"/>
						<String ID="P2_ST00447" HPOS="577" VPOS="2648" WIDTH="309" HEIGHT="41" CONTENT="personnages" WC="1.00" CC="00300000000"/>
						<SP ID="P2_SP00408" HPOS="886" VPOS="2690" WIDTH="34"/>
						<String ID="P2_ST00448" HPOS="920" VPOS="2648" WIDTH="87" HEIGHT="28" CONTENT="aux" WC="0.99" CC="020"/>
						<SP ID="P2_SP00409" HPOS="1007" VPOS="2690" WIDTH="39"/>
						<String ID="P2_ST00449" HPOS="1046" VPOS="2633" WIDTH="195" HEIGHT="42" CONTENT="instants" WC="0.99" CC="07000600"/>
						<SP ID="P2_SP00410" HPOS="1241" VPOS="2690" WIDTH="25"/>
						<String ID="P2_ST00450" HPOS="1266" VPOS="2634" WIDTH="254" HEIGHT="41" CONTENT="d'émotion" WC="0.99" CC="044004300"/>
						<SP ID="P2_SP00411" HPOS="1520" VPOS="2690" WIDTH="23"/>
						<String ID="P2_ST00451" HPOS="1543" VPOS="2634" WIDTH="245" HEIGHT="55" CONTENT="profonde," WC="1.00" CC="060000004"/>
						<SP ID="P2_SP00412" HPOS="1788" VPOS="2690" WIDTH="21"/>
						<String ID="P2_ST00452" HPOS="1809" VPOS="2634" WIDTH="65" HEIGHT="41" CONTENT="les" WC="1.00" CC="100"/>
						<SP ID="P2_SP00413" HPOS="1874" VPOS="2690" WIDTH="21"/>
						<String ID="P2_ST00453" HPOS="1895" VPOS="2634" WIDTH="184" HEIGHT="42" CONTENT="chœurs" WC="1.00" CC="000500"/>
					</TextLine>
					<TextLine ID="P2_TL00039" HPOS="74" VPOS="2702" WIDTH="2003" HEIGHT="56">
						<String ID="P2_ST00454" HPOS="74" VPOS="2704" WIDTH="55" HEIGHT="40" CONTENT="de" WC="1.00" CC="00"/>
						<SP ID="P2_SP00414" HPOS="129" VPOS="2744" WIDTH="42"/>
						<String ID="P2_ST00455" HPOS="171" VPOS="2717" WIDTH="154" HEIGHT="41" CONTENT="mages" WC="1.00" CC="00000"/>
						<SP ID="P2_SP00415" HPOS="325" VPOS="2758" WIDTH="39"/>
						<String ID="P2_ST00456" HPOS="364" VPOS="2714" WIDTH="41" HEIGHT="30" CONTENT="et" WC="0.82" CC="03"/>
						<SP ID="P2_SP00416" HPOS="405" VPOS="2758" WIDTH="33"/>
						<String ID="P2_ST00457" HPOS="438" VPOS="2704" WIDTH="54" HEIGHT="40" CONTENT="de" WC="1.00" CC="00"/>
						<SP ID="P2_SP00417" HPOS="492" VPOS="2758" WIDTH="42"/>
						<String ID="P2_ST00458" HPOS="534" VPOS="2702" WIDTH="191" HEIGHT="42" CONTENT="femmes" WC="1.00" CC="000000"/>
						<SP ID="P2_SP00418" HPOS="725" VPOS="2758" WIDTH="37"/>
						<String ID="P2_ST00459" HPOS="762" VPOS="2702" WIDTH="77" HEIGHT="55" CONTENT="qui" WC="1.00" CC="000"/>
						<SP ID="P2_SP00419" HPOS="839" VPOS="2758" WIDTH="41"/>
						<String ID="P2_ST00460" HPOS="880" VPOS="2702" WIDTH="149" HEIGHT="42" CONTENT="disent" WC="0.99" CC="030300"/>
						<SP ID="P2_SP00420" HPOS="1029" VPOS="2758" WIDTH="36"/>
						<String ID="P2_ST00461" HPOS="1065" VPOS="2702" WIDTH="63" HEIGHT="41" CONTENT="les" WC="1.00" CC="000"/>
						<SP ID="P2_SP00421" HPOS="1128" VPOS="2758" WIDTH="28"/>
						<String ID="P2_ST00462" HPOS="1156" VPOS="2702" WIDTH="302" HEIGHT="55" CONTENT="impressions" WC="1.00" CC="20000003000"/>
						<SP ID="P2_SP00422" HPOS="1458" VPOS="2758" WIDTH="22"/>
						<String ID="P2_ST00463" HPOS="1480" VPOS="2704" WIDTH="53" HEIGHT="39" CONTENT="de" WC="1.00" CC="00"/>
						<SP ID="P2_SP00423" HPOS="1533" VPOS="2758" WIDTH="21"/>
						<String ID="P2_ST00464" HPOS="1554" VPOS="2702" WIDTH="41" HEIGHT="42" CONTENT="la" WC="1.00" CC="00"/>
						<SP ID="P2_SP00424" HPOS="1595" VPOS="2758" WIDTH="23"/>
						<String ID="P2_ST00465" HPOS="1618" VPOS="2702" WIDTH="141" HEIGHT="53" CONTENT="foule," WC="1.00" CC="000004"/>
						<SP ID="P2_SP00425" HPOS="1759" VPOS="2758" WIDTH="24"/>
						<String ID="P2_ST00466" HPOS="1783" VPOS="2704" WIDTH="21" HEIGHT="38" CONTENT="à" WC="0.90" CC="0"/>
						<SP ID="P2_SP00426" HPOS="1804" VPOS="2758" WIDTH="21"/>
						<String ID="P2_ST00467" HPOS="1825" VPOS="2702" WIDTH="176" HEIGHT="42" CONTENT="l'instar" WC="0.99" CC="04480000"/>
						<SP ID="P2_SP00427" HPOS="2001" VPOS="2758" WIDTH="23"/>
						<String ID="P2_ST00468" HPOS="2024" VPOS="2704" WIDTH="53" HEIGHT="40" CONTENT="de" WC="1.00" CC="00"/>
					</TextLine>
					<TextLine ID="P2_TL00040" HPOS="73" VPOS="2770" WIDTH="2005" HEIGHT="56">
						<String ID="P2_ST00469" HPOS="73" VPOS="2771" WIDTH="42" HEIGHT="42" CONTENT="la" WC="0.76" CC="40"/>
						<SP ID="P2_SP00428" HPOS="115" VPOS="2813" WIDTH="40"/>
						<String ID="P2_ST00470" HPOS="155" VPOS="2771" WIDTH="201" HEIGHT="55" CONTENT="tragédie" WC="0.99" CC="05000070"/>
						<SP ID="P2_SP00429" HPOS="356" VPOS="2826" WIDTH="40"/>
						<String ID="P2_ST00471" HPOS="396" VPOS="2771" WIDTH="202" HEIGHT="55" CONTENT="antique," WC="0.99" CC="06320400"/>
						<SP ID="P2_SP00430" HPOS="598" VPOS="2826" WIDTH="28"/>
						<String ID="P2_ST00472" HPOS="626" VPOS="2782" WIDTH="41" HEIGHT="30" CONTENT="et" WC="1.00" CC="00"/>
						<SP ID="P2_SP00431" HPOS="667" VPOS="2826" WIDTH="24"/>
						<String ID="P2_ST00473" HPOS="691" VPOS="2771" WIDTH="211" HEIGHT="55" CONTENT="jusqu'au" WC="1.00" CC="50000400"/>
						<SP ID="P2_SP00432" HPOS="902" VPOS="2826" WIDTH="34"/>
						<String ID="P2_ST00474" HPOS="936" VPOS="2771" WIDTH="136" HEIGHT="40" CONTENT="ballet" WC="0.99" CC="100512"/>
						<SP ID="P2_SP00433" HPOS="1072" VPOS="2826" WIDTH="36"/>
						<String ID="P2_ST00475" HPOS="1108" VPOS="2770" WIDTH="78" HEIGHT="55" CONTENT="qui" WC="1.00" CC="001"/>
						<SP ID="P2_SP00434" HPOS="1186" VPOS="2826" WIDTH="41"/>
						<String ID="P2_ST00476" HPOS="1227" VPOS="2771" WIDTH="125" HEIGHT="40" CONTENT="vient" WC="0.98" CC="04072"/>
						<SP ID="P2_SP00435" HPOS="1352" VPOS="2826" WIDTH="22"/>
						<String ID="P2_ST00477" HPOS="1374" VPOS="2770" WIDTH="228" HEIGHT="50" CONTENT="distraire," WC="0.99" CC="0215001204"/>
						<SP ID="P2_SP00436" HPOS="1602" VPOS="2826" WIDTH="25"/>
						<String ID="P2_ST00478" HPOS="1627" VPOS="2784" WIDTH="180" HEIGHT="27" CONTENT="comme" WC="1.00" CC="00000"/>
						<SP ID="P2_SP00437" HPOS="1807" VPOS="2826" WIDTH="40"/>
						<String ID="P2_ST00479" HPOS="1847" VPOS="2771" WIDTH="112" HEIGHT="40" CONTENT="dans" WC="1.00" CC="0001"/>
						<SP ID="P2_SP00438" HPOS="1959" VPOS="2826" WIDTH="35"/>
						<String ID="P2_ST00480" HPOS="1994" VPOS="2785" WIDTH="84" HEIGHT="26" CONTENT="nos" WC="0.96" CC="801"/>
					</TextLine>
					<TextLine ID="P2_TL00041" HPOS="74" VPOS="2838" WIDTH="2002" HEIGHT="57">
						<String ID="P2_ST00481" HPOS="74" VPOS="2841" WIDTH="175" HEIGHT="53" CONTENT="opéras," WC="1.00" CC="0000004"/>
						<SP ID="P2_SP00439" HPOS="249" VPOS="2894" WIDTH="33"/>
						<String ID="P2_ST00482" HPOS="282" VPOS="2839" WIDTH="40" HEIGHT="40" CONTENT="le" WC="1.00" CC="00"/>
						<SP ID="P2_SP00440" HPOS="322" VPOS="2894" WIDTH="35"/>
						<String ID="P2_ST00483" HPOS="357" VPOS="2839" WIDTH="218" HEIGHT="41" CONTENT="farouche" WC="0.99" CC="00605000"/>
						<SP ID="P2_SP00441" HPOS="575" VPOS="2894" WIDTH="39"/>
						<String ID="P2_ST00484" HPOS="614" VPOS="2850" WIDTH="128" HEIGHT="45" CONTENT="tyran" WC="0.98" CC="40604"/>
						<SP ID="P2_SP00442" HPOS="742" VPOS="2895" WIDTH="35"/>
						<String ID="P2_ST00485" HPOS="777" VPOS="2850" WIDTH="41" HEIGHT="30" CONTENT="et" WC="1.00" CC="00"/>
						<SP ID="P2_SP00443" HPOS="818" VPOS="2895" WIDTH="41"/>
						<String ID="P2_ST00486" HPOS="859" VPOS="2839" WIDTH="124" HEIGHT="41" CONTENT="aussi" WC="0.99" CC="04200"/>
						<SP ID="P2_SP00444" HPOS="983" VPOS="2895" WIDTH="44"/>
						<String ID="P2_ST00487" HPOS="1027" VPOS="2839" WIDTH="39" HEIGHT="40" CONTENT="le" WC="1.00" CC="00"/>
						<SP ID="P2_SP00445" HPOS="1066" VPOS="2895" WIDTH="26"/>
						<String ID="P2_ST00488" HPOS="1092" VPOS="2850" WIDTH="272" HEIGHT="44" CONTENT="spectateur," WC="1.00" CC="00000040044"/>
						<SP ID="P2_SP00446" HPOS="1364" VPOS="2895" WIDTH="23"/>
						<String ID="P2_ST00489" HPOS="1387" VPOS="2849" WIDTH="100" HEIGHT="30" CONTENT="tout" WC="1.00" CC="0000"/>
						<SP ID="P2_SP00447" HPOS="1487" VPOS="2895" WIDTH="25"/>
						<String ID="P2_ST00490" HPOS="1512" VPOS="2849" WIDTH="64" HEIGHT="30" CONTENT="est" WC="0.99" CC="003"/>
						<SP ID="P2_SP00448" HPOS="1576" VPOS="2895" WIDTH="25"/>
						<String ID="P2_ST00491" HPOS="1601" VPOS="2838" WIDTH="320" HEIGHT="42" CONTENT="délicatement" WC="1.00" CC="001600200052"/>
						<SP ID="P2_SP00449" HPOS="1921" VPOS="2895" WIDTH="22"/>
						<String ID="P2_ST00492" HPOS="1943" VPOS="2839" WIDTH="133" HEIGHT="51" CONTENT="senti," WC="0.99" CC="007024"/>
					</TextLine>
					<TextLine ID="P2_TL00042" HPOS="71" VPOS="2906" WIDTH="2006" HEIGHT="56">
						<String ID="P2_ST00493" HPOS="71" VPOS="2907" WIDTH="220" HEIGHT="41" CONTENT="finement" WC="1.00" CC="11000000"/>
						<SP ID="P2_SP00450" HPOS="291" VPOS="2948" WIDTH="19"/>
						<String ID="P2_ST00494" HPOS="310" VPOS="2909" WIDTH="153" HEIGHT="53" CONTENT="pensé," WC="0.99" CC="000054"/>
						<SP ID="P2_SP00451" HPOS="463" VPOS="2962" WIDTH="24"/>
						<String ID="P2_ST00495" HPOS="487" VPOS="2917" WIDTH="40" HEIGHT="31" CONTENT="et" WC="0.97" CC="00"/>
						<SP ID="P2_SP00452" HPOS="527" VPOS="2962" WIDTH="21"/>
						<String ID="P2_ST00496" HPOS="548" VPOS="2907" WIDTH="200" HEIGHT="55" CONTENT="exprimé" WC="0.99" CC="0500007"/>
						<SP ID="P2_SP00453" HPOS="748" VPOS="2962" WIDTH="21"/>
						<String ID="P2_ST00497" HPOS="769" VPOS="2908" WIDTH="112" HEIGHT="41" CONTENT="dans" WC="1.00" CC="0000"/>
						<SP ID="P2_SP00454" HPOS="881" VPOS="2962" WIDTH="24"/>
						<String ID="P2_ST00498" HPOS="905" VPOS="2922" WIDTH="88" HEIGHT="27" CONTENT="une" WC="0.98" CC="400"/>
						<SP ID="P2_SP00455" HPOS="993" VPOS="2962" WIDTH="19"/>
						<String ID="P2_ST00499" HPOS="1012" VPOS="2907" WIDTH="165" HEIGHT="54" CONTENT="langue" WC="0.99" CC="500060"/>
						<SP ID="P2_SP00456" HPOS="1177" VPOS="2962" WIDTH="20"/>
						<String ID="P2_ST00500" HPOS="1197" VPOS="2907" WIDTH="255" HEIGHT="41" CONTENT="admirable" WC="1.00" CC="000400000"/>
						<SP ID="P2_SP00457" HPOS="1452" VPOS="2962" WIDTH="25"/>
						<String ID="P2_ST00501" HPOS="1477" VPOS="2908" WIDTH="54" HEIGHT="39" CONTENT="de" WC="1.00" CC="00"/>
						<SP ID="P2_SP00458" HPOS="1531" VPOS="2962" WIDTH="14"/>
						<String ID="P2_ST00502" HPOS="1545" VPOS="2906" WIDTH="247" HEIGHT="55" CONTENT="précision," WC="1.00" CC="0600002004"/>
						<SP ID="P2_SP00459" HPOS="1792" VPOS="2962" WIDTH="27"/>
						<String ID="P2_ST00503" HPOS="1819" VPOS="2907" WIDTH="258" HEIGHT="54" CONTENT="d'élégance" WC="1.00" CC="0400600006"/>
					</TextLine>
					<TextLine ID="P2_TL00043" HPOS="73" VPOS="2974" WIDTH="2006" HEIGHT="57">
						<String ID="P2_ST00504" HPOS="73" VPOS="2987" WIDTH="41" HEIGHT="29" CONTENT="et" WC="0.67" CC="06"/>
						<SP ID="P2_SP00460" HPOS="114" VPOS="3016" WIDTH="35"/>
						<String ID="P2_ST00505" HPOS="149" VPOS="2975" WIDTH="312" HEIGHT="55" CONTENT="d'ingénieuse" WC="1.00" CC="040000010400"/>
						<SP ID="P2_SP00461" HPOS="461" VPOS="3030" WIDTH="37"/>
						<String ID="P2_ST00506" HPOS="498" VPOS="2975" WIDTH="135" HEIGHT="42" CONTENT="clarté" WC="1.00" CC="000000"/>
						<SP ID="P2_SP00462" HPOS="633" VPOS="3030" WIDTH="23"/>
						<String ID="P2_ST00507" HPOS="656" VPOS="2989" WIDTH="9" HEIGHT="39" CONTENT=";" WC="0.56" CC="4"/>
						<SP ID="P2_SP00463" HPOS="665" VPOS="3030" WIDTH="46"/>
						<String ID="P2_ST00508" HPOS="711" VPOS="2990" WIDTH="59" HEIGHT="27" CONTENT="on" WC="0.60" CC="07"/>
						<SP ID="P2_SP00464" HPOS="770" VPOS="3030" WIDTH="40"/>
						<String ID="P2_ST00509" HPOS="810" VPOS="2987" WIDTH="209" HEIGHT="30" CONTENT="retrouve" WC="0.99" CC="24440401"/>
						<SP ID="P2_SP00465" HPOS="1019" VPOS="3030" WIDTH="38"/>
						<String ID="P2_ST00510" HPOS="1057" VPOS="2975" WIDTH="42" HEIGHT="41" CONTENT="là" WC="0.79" CC="40"/>
						<SP ID="P2_SP00466" HPOS="1099" VPOS="3030" WIDTH="20"/>
						<String ID="P2_ST00511" HPOS="1119" VPOS="2985" WIDTH="149" HEIGHT="31" CONTENT="toutes" WC="1.00" CC="300000"/>
						<SP ID="P2_SP00467" HPOS="1268" VPOS="3030" WIDTH="23"/>
						<String ID="P2_ST00512" HPOS="1291" VPOS="2975" WIDTH="63" HEIGHT="40" CONTENT="les" WC="1.00" CC="100"/>
						<SP ID="P2_SP00468" HPOS="1354" VPOS="3030" WIDTH="20"/>
						<String ID="P2_ST00513" HPOS="1374" VPOS="2974" WIDTH="257" HEIGHT="55" CONTENT="précieuses" WC="1.00" CC="0400100000"/>
						<SP ID="P2_SP00469" HPOS="1631" VPOS="3030" WIDTH="25"/>
						<String ID="P2_ST00514" HPOS="1656" VPOS="2976" WIDTH="194" HEIGHT="55" CONTENT="qualités" WC="0.99" CC="00930070"/>
						<SP ID="P2_SP00470" HPOS="1850" VPOS="3031" WIDTH="24"/>
						<String ID="P2_ST00515" HPOS="1874" VPOS="2975" WIDTH="79" HEIGHT="56" CONTENT="qui" WC="1.00" CC="000"/>
						<SP ID="P2_SP00471" HPOS="1953" VPOS="3031" WIDTH="25"/>
						<String ID="P2_ST00516" HPOS="1978" VPOS="2977" WIDTH="101" HEIGHT="40" CONTENT="font" WC="0.99" CC="0040"/>
					</TextLine>
					<TextLine ID="P2_TL00044" HPOS="73" VPOS="3043" WIDTH="2002" HEIGHT="55">
						<String ID="P2_ST00517" HPOS="73" VPOS="3044" WIDTH="54" HEIGHT="41" CONTENT="de" WC="0.94" CC="01"/>
						<SP ID="P2_SP00472" HPOS="127" VPOS="3085" WIDTH="25"/>
						<String ID="P2_ST00518" HPOS="152" VPOS="3044" WIDTH="65" HEIGHT="41" CONTENT="M." WC="0.80" CC="04"/>
						<SP ID="P2_SP00473" HPOS="217" VPOS="3085" WIDTH="27"/>
						<String ID="P2_ST00519" HPOS="244" VPOS="3043" WIDTH="301" HEIGHT="42" CONTENT="Saint-Saëns" WC="0.90" CC="00300600100"/>
						<SP ID="P2_SP00474" HPOS="545" VPOS="3085" WIDTH="21"/>
						<String ID="P2_ST00520" HPOS="566" VPOS="3057" WIDTH="64" HEIGHT="26" CONTENT="un" WC="1.00" CC="00"/>
						<SP ID="P2_SP00475" HPOS="630" VPOS="3085" WIDTH="19"/>
						<String ID="P2_ST00521" HPOS="649" VPOS="3043" WIDTH="243" HEIGHT="55" CONTENT="classique," WC="1.00" CC="3000000604"/>
						<SP ID="P2_SP00476" HPOS="892" VPOS="3098" WIDTH="27"/>
						<String ID="P2_ST00522" HPOS="919" VPOS="3055" WIDTH="41" HEIGHT="30" CONTENT="et" WC="0.80" CC="04"/>
						<SP ID="P2_SP00477" HPOS="960" VPOS="3098" WIDTH="19"/>
						<String ID="P2_ST00523" HPOS="979" VPOS="3058" WIDTH="63" HEIGHT="27" CONTENT="un" WC="0.58" CC="08"/>
						<SP ID="P2_SP00478" HPOS="1042" VPOS="3098" WIDTH="18"/>
						<String ID="P2_ST00524" HPOS="1060" VPOS="3043" WIDTH="225" HEIGHT="55" CONTENT="classique" WC="1.00" CC="000000010"/>
						<SP ID="P2_SP00479" HPOS="1285" VPOS="3098" WIDTH="22"/>
						<String ID="P2_ST00525" HPOS="1307" VPOS="3043" WIDTH="212" HEIGHT="54" CONTENT="français." WC="1.00" CC="000600303"/>
						<SP ID="P2_SP00480" HPOS="1519" VPOS="3098" WIDTH="28"/>
						<String ID="P2_ST00526" HPOS="1547" VPOS="3044" WIDTH="57" HEIGHT="41" CONTENT="Et" WC="1.00" CC="00"/>
						<SP ID="P2_SP00481" HPOS="1604" VPOS="3098" WIDTH="21"/>
						<String ID="P2_ST00527" HPOS="1625" VPOS="3044" WIDTH="42" HEIGHT="41" CONTENT="la" WC="0.86" CC="20"/>
						<SP ID="P2_SP00482" HPOS="1667" VPOS="3098" WIDTH="17"/>
						<String ID="P2_ST00528" HPOS="1684" VPOS="3044" WIDTH="190" HEIGHT="42" CONTENT="couleur" WC="0.99" CC="0000055"/>
						<SP ID="P2_SP00483" HPOS="1874" VPOS="3098" WIDTH="40"/>
						<String ID="P2_ST00529" HPOS="1914" VPOS="3044" WIDTH="161" HEIGHT="54" CONTENT="locale," WC="1.00" CC="2000004"/>
					</TextLine>
					<TextLine ID="P2_TL00045" HPOS="74" VPOS="3111" WIDTH="2003" HEIGHT="57">
						<String ID="P2_ST00530" HPOS="74" VPOS="3112" WIDTH="229" HEIGHT="41" CONTENT="dira-t-on" WC="0.83" CC="000040406"/>
						<SP ID="P2_SP00484" HPOS="303" VPOS="3153" WIDTH="21"/>
						<String ID="P2_ST00531" HPOS="324" VPOS="3114" WIDTH="16" HEIGHT="38" CONTENT="?" WC="1.00" CC="0"/>
						<SP ID="P2_SP00485" HPOS="340" VPOS="3153" WIDTH="33"/>
						<String ID="P2_ST00532" HPOS="373" VPOS="3111" WIDTH="126" HEIGHT="41" CONTENT="Tout" WC="0.99" CC="2003"/>
						<SP ID="P2_SP00486" HPOS="499" VPOS="3153" WIDTH="35"/>
						<String ID="P2_ST00533" HPOS="534" VPOS="3111" WIDTH="94" HEIGHT="41" CONTENT="cela" WC="0.98" CC="0007"/>
						<SP ID="P2_SP00487" HPOS="628" VPOS="3153" WIDTH="35"/>
						<String ID="P2_ST00534" HPOS="663" VPOS="3111" WIDTH="120" HEIGHT="41" CONTENT="a-t-il" WC="0.68" CC="141451"/>
						<SP ID="P2_SP00488" HPOS="783" VPOS="3153" WIDTH="38"/>
						<String ID="P2_ST00535" HPOS="821" VPOS="3112" WIDTH="99" HEIGHT="40" CONTENT="l'air" WC="1.00" CC="00020"/>
						<SP ID="P2_SP00489" HPOS="920" VPOS="3153" WIDTH="39"/>
						<String ID="P2_ST00536" HPOS="959" VPOS="3111" WIDTH="103" HEIGHT="41" CONTENT="bien" WC="0.98" CC="0406"/>
						<SP ID="P2_SP00490" HPOS="1062" VPOS="3153" WIDTH="36"/>
						<String ID="P2_ST00537" HPOS="1098" VPOS="3114" WIDTH="201" HEIGHT="52" CONTENT="persan?" WC="1.00" CC="0300000"/>
						<SP ID="P2_SP00491" HPOS="1299" VPOS="3166" WIDTH="42"/>
						<String ID="P2_ST00538" HPOS="1341" VPOS="3112" WIDTH="61" HEIGHT="40" CONTENT="Le" WC="0.84" CC="30"/>
						<SP ID="P2_SP00492" HPOS="1402" VPOS="3166" WIDTH="40"/>
						<String ID="P2_ST00539" HPOS="1442" VPOS="3112" WIDTH="226" HEIGHT="41" CONTENT="musicien" WC="1.00" CC="04010500"/>
						<SP ID="P2_SP00493" HPOS="1668" VPOS="3166" WIDTH="25"/>
						<String ID="P2_ST00540" HPOS="1693" VPOS="3114" WIDTH="71" HEIGHT="40" CONTENT="n'a" WC="0.97" CC="043"/>
						<SP ID="P2_SP00494" HPOS="1764" VPOS="3166" WIDTH="19"/>
						<String ID="P2_ST00541" HPOS="1783" VPOS="3127" WIDTH="80" HEIGHT="41" CONTENT="pas" WC="1.00" CC="000"/>
						<SP ID="P2_SP00495" HPOS="1863" VPOS="3168" WIDTH="23"/>
						<String ID="P2_ST00542" HPOS="1886" VPOS="3114" WIDTH="120" HEIGHT="40" CONTENT="tenté" WC="1.00" CC="00000"/>
						<SP ID="P2_SP00496" HPOS="2006" VPOS="3168" WIDTH="18"/>
						<String ID="P2_ST00543" HPOS="2024" VPOS="3114" WIDTH="53" HEIGHT="40" CONTENT="de" WC="0.85" CC="02"/>
					</TextLine>
					<TextLine ID="P2_TL00046" HPOS="73" VPOS="3179" WIDTH="2004" HEIGHT="57">
						<String ID="P2_ST00544" HPOS="73" VPOS="3180" WIDTH="205" HEIGHT="42" CONTENT="rivaliser" WC="1.00" CC="420000000"/>
						<SP ID="P2_SP00497" HPOS="278" VPOS="3222" WIDTH="37"/>
						<String ID="P2_ST00545" HPOS="315" VPOS="3194" WIDTH="105" HEIGHT="28" CONTENT="avec" WC="0.99" CC="0050"/>
						<SP ID="P2_SP00498" HPOS="420" VPOS="3222" WIDTH="32"/>
						<String ID="P2_ST00546" HPOS="452" VPOS="3179" WIDTH="40" HEIGHT="41" CONTENT="le" WC="0.78" CC="12"/>
						<SP ID="P2_SP00499" HPOS="492" VPOS="3222" WIDTH="40"/>
						<String ID="P2_ST00547" HPOS="532" VPOS="3180" WIDTH="268" HEIGHT="40" CONTENT="décorateur" WC="1.00" CC="0000006045"/>
						<SP ID="P2_SP00500" HPOS="800" VPOS="3222" WIDTH="34"/>
						<String ID="P2_ST00548" HPOS="834" VPOS="3194" WIDTH="81" HEIGHT="41" CONTENT="par" WC="1.00" CC="000"/>
						<SP ID="P2_SP00501" HPOS="915" VPOS="3235" WIDTH="38"/>
						<String ID="P2_ST00549" HPOS="953" VPOS="3194" WIDTH="89" HEIGHT="26" CONTENT="une" WC="0.97" CC="070"/>
						<SP ID="P2_SP00502" HPOS="1042" VPOS="3235" WIDTH="34"/>
						<String ID="P2_ST00550" HPOS="1076" VPOS="3179" WIDTH="354" HEIGHT="42" CONTENT="reconstitution" WC="1.00" CC="51000030020600"/>
						<SP ID="P2_SP00503" HPOS="1430" VPOS="3235" WIDTH="36"/>
						<String ID="P2_ST00551" HPOS="1466" VPOS="3180" WIDTH="271" HEIGHT="56" CONTENT="impossible" WC="1.00" CC="4000004050"/>
						<SP ID="P2_SP00504" HPOS="1737" VPOS="3236" WIDTH="39"/>
						<String ID="P2_ST00552" HPOS="1776" VPOS="3192" WIDTH="42" HEIGHT="30" CONTENT="et" WC="0.95" CC="00"/>
						<SP ID="P2_SP00505" HPOS="1818" VPOS="3236" WIDTH="24"/>
						<String ID="P2_ST00553" HPOS="1842" VPOS="3181" WIDTH="235" HEIGHT="41" CONTENT="d'ailleurs" WC="1.00" CC="0003000060"/>
					</TextLine>
					<TextLine ID="P2_TL00047" HPOS="73" VPOS="3247" WIDTH="2005" HEIGHT="58">
						<String ID="P2_ST00554" HPOS="73" VPOS="3263" WIDTH="103" HEIGHT="27" CONTENT="sans" WC="0.99" CC="0060"/>
						<SP ID="P2_SP00506" HPOS="176" VPOS="3290" WIDTH="39"/>
						<String ID="P2_ST00555" HPOS="215" VPOS="3248" WIDTH="162" HEIGHT="42" CONTENT="intérêt" WC="1.00" CC="0010500"/>
						<SP ID="P2_SP00507" HPOS="377" VPOS="3290" WIDTH="39"/>
						<String ID="P2_ST00556" HPOS="416" VPOS="3247" WIDTH="238" HEIGHT="56" CONTENT="artistique" WC="0.99" CC="0520065050"/>
						<SP ID="P2_SP00508" HPOS="654" VPOS="3303" WIDTH="23"/>
						<String ID="P2_ST00557" HPOS="677" VPOS="3262" WIDTH="8" HEIGHT="38" CONTENT=";" WC="0.99" CC="0"/>
						<SP ID="P2_SP00509" HPOS="685" VPOS="3303" WIDTH="39"/>
						<String ID="P2_ST00558" HPOS="724" VPOS="3248" WIDTH="31" HEIGHT="40" CONTENT="il" WC="0.85" CC="20"/>
						<SP ID="P2_SP00510" HPOS="755" VPOS="3303" WIDTH="40"/>
						<String ID="P2_ST00559" HPOS="795" VPOS="3249" WIDTH="70" HEIGHT="40" CONTENT="n'a" WC="0.96" CC="540"/>
						<SP ID="P2_SP00511" HPOS="865" VPOS="3303" WIDTH="22"/>
						<String ID="P2_ST00560" HPOS="887" VPOS="3262" WIDTH="79" HEIGHT="41" CONTENT="pas" WC="1.00" CC="000"/>
						<SP ID="P2_SP00512" HPOS="966" VPOS="3303" WIDTH="26"/>
						<String ID="P2_ST00561" HPOS="992" VPOS="3250" WIDTH="249" HEIGHT="53" CONTENT="davantage" WC="1.00" CC="040001000"/>
						<SP ID="P2_SP00513" HPOS="1241" VPOS="3303" WIDTH="37"/>
						<String ID="P2_ST00562" HPOS="1278" VPOS="3248" WIDTH="168" HEIGHT="42" CONTENT="affublé" WC="0.98" CC="0766020"/>
						<SP ID="P2_SP00514" HPOS="1446" VPOS="3303" WIDTH="37"/>
						<String ID="P2_ST00563" HPOS="1483" VPOS="3264" WIDTH="69" HEIGHT="27" CONTENT="ses" WC="1.00" CC="000"/>
						<SP ID="P2_SP00515" HPOS="1552" VPOS="3303" WIDTH="21"/>
						<String ID="P2_ST00564" HPOS="1573" VPOS="3250" WIDTH="213" HEIGHT="41" CONTENT="héroïnes" WC="0.99" CC="50002700"/>
						<SP ID="P2_SP00516" HPOS="1786" VPOS="3303" WIDTH="25"/>
						<String ID="P2_ST00565" HPOS="1811" VPOS="3250" WIDTH="267" HEIGHT="55" CONTENT="d'oripeaux" WC="0.99" CC="0405300050"/>
					</TextLine>
					<TextLine ID="P2_TL00048" HPOS="73" VPOS="3316" WIDTH="2002" HEIGHT="56">
						<String ID="P2_ST00566" HPOS="73" VPOS="3317" WIDTH="171" HEIGHT="42" CONTENT="criards" WC="1.00" CC="0000400"/>
						<SP ID="P2_SP00517" HPOS="244" VPOS="3359" WIDTH="33"/>
						<String ID="P2_ST00567" HPOS="277" VPOS="3319" WIDTH="223" HEIGHT="39" CONTENT="ramassés" WC="1.00" CC="00000000"/>
						<SP ID="P2_SP00518" HPOS="500" VPOS="3359" WIDTH="43"/>
						<String ID="P2_ST00568" HPOS="543" VPOS="3318" WIDTH="112" HEIGHT="40" CONTENT="dans" WC="0.98" CC="0070"/>
						<SP ID="P2_SP00519" HPOS="655" VPOS="3359" WIDTH="33"/>
						<String ID="P2_ST00569" HPOS="688" VPOS="3316" WIDTH="197" HEIGHT="55" CONTENT="quelque" WC="0.99" CC="0213041"/>
						<SP ID="P2_SP00520" HPOS="885" VPOS="3371" WIDTH="43"/>
						<String ID="P2_ST00570" HPOS="928" VPOS="3318" WIDTH="180" HEIGHT="40" CONTENT="cabaret" WC="1.00" CC="0000001"/>
						<SP ID="P2_SP00521" HPOS="1108" VPOS="3371" WIDTH="42"/>
						<String ID="P2_ST00571" HPOS="1150" VPOS="3316" WIDTH="200" HEIGHT="56" CONTENT="algérien" WC="0.99" CC="60000508"/>
						<SP ID="P2_SP00522" HPOS="1350" VPOS="3372" WIDTH="26"/>
						<String ID="P2_ST00572" HPOS="1376" VPOS="3330" WIDTH="9" HEIGHT="29" CONTENT=":" WC="0.70" CC="2"/>
						<SP ID="P2_SP00523" HPOS="1385" VPOS="3372" WIDTH="35"/>
						<String ID="P2_ST00573" HPOS="1420" VPOS="3318" WIDTH="265" HEIGHT="42" CONTENT="harmonies" WC="0.99" CC="443047110"/>
						<SP ID="P2_SP00524" HPOS="1685" VPOS="3372" WIDTH="21"/>
						<String ID="P2_ST00574" HPOS="1706" VPOS="3318" WIDTH="289" HEIGHT="41" CONTENT="déchirantes" WC="0.99" CC="07003605000"/>
						<SP ID="P2_SP00525" HPOS="1995" VPOS="3372" WIDTH="21"/>
						<String ID="P2_ST00575" HPOS="2016" VPOS="3333" WIDTH="59" HEIGHT="26" CONTENT="ou" WC="0.71" CC="05"/>
					</TextLine>
					<TextLine ID="P2_TL00049" HPOS="71" VPOS="3385" WIDTH="2006" HEIGHT="56">
						<String ID="P2_ST00576" HPOS="71" VPOS="3386" WIDTH="190" HEIGHT="41" CONTENT="timbres" WC="1.00" CC="2000000"/>
						<SP ID="P2_SP00526" HPOS="261" VPOS="3427" WIDTH="42"/>
						<String ID="P2_ST00577" HPOS="303" VPOS="3386" WIDTH="89" HEIGHT="41" CONTENT="mal" WC="0.97" CC="071"/>
						<SP ID="P2_SP00527" HPOS="392" VPOS="3427" WIDTH="39"/>
						<String ID="P2_ST00578" HPOS="431" VPOS="3385" WIDTH="204" HEIGHT="43" CONTENT="assortis." WC="1.00" CC="000001000"/>
						<SP ID="P2_SP00528" HPOS="635" VPOS="3428" WIDTH="38"/>
						<String ID="P2_ST00579" HPOS="673" VPOS="3385" WIDTH="118" HEIGHT="42" CONTENT="Mais" WC="1.00" CC="0000"/>
						<SP ID="P2_SP00529" HPOS="791" VPOS="3428" WIDTH="37"/>
						<String ID="P2_ST00580" HPOS="828" VPOS="3385" WIDTH="31" HEIGHT="41" CONTENT="il" WC="0.81" CC="03"/>
						<SP ID="P2_SP00530" HPOS="859" VPOS="3428" WIDTH="24"/>
						<String ID="P2_ST00581" HPOS="883" VPOS="3399" WIDTH="23" HEIGHT="27" CONTENT="a" WC="1.00" CC="0"/>
						<SP ID="P2_SP00531" HPOS="906" VPOS="3428" WIDTH="36"/>
						<String ID="P2_ST00582" HPOS="942" VPOS="3386" WIDTH="205" HEIGHT="55" CONTENT="répandu" WC="1.00" CC="0000800"/>
						<SP ID="P2_SP00532" HPOS="1147" VPOS="3441" WIDTH="39"/>
						<String ID="P2_ST00583" HPOS="1186" VPOS="3400" WIDTH="78" HEIGHT="27" CONTENT="sur" WC="1.00" CC="000"/>
						<SP ID="P2_SP00533" HPOS="1264" VPOS="3441" WIDTH="40"/>
						<String ID="P2_ST00584" HPOS="1304" VPOS="3397" WIDTH="125" HEIGHT="31" CONTENT="toute" WC="1.00" CC="00040"/>
						<SP ID="P2_SP00534" HPOS="1429" VPOS="3441" WIDTH="43"/>
						<String ID="P2_ST00585" HPOS="1472" VPOS="3401" WIDTH="84" HEIGHT="27" CONTENT="son" WC="0.97" CC="007"/>
						<SP ID="P2_SP00535" HPOS="1556" VPOS="3441" WIDTH="40"/>
						<String ID="P2_ST00586" HPOS="1596" VPOS="3401" WIDTH="172" HEIGHT="37" CONTENT="œuvre," WC="0.99" CC="010704"/>
						<SP ID="P2_SP00536" HPOS="1768" VPOS="3441" WIDTH="37"/>
						<String ID="P2_ST00587" HPOS="1805" VPOS="3401" WIDTH="55" HEIGHT="27" CONTENT="en" WC="0.64" CC="07"/>
						<SP ID="P2_SP00537" HPOS="1860" VPOS="3441" WIDTH="23"/>
						<String ID="P2_ST00588" HPOS="1883" VPOS="3387" WIDTH="194" HEIGHT="42" CONTENT="touches" WC="0.99" CC="0040500"/>
					</TextLine>
					<TextLine ID="P2_TL00050" HPOS="70" VPOS="3454" WIDTH="2005" HEIGHT="54">
						<String ID="P2_ST00589" HPOS="70" VPOS="3455" WIDTH="172" HEIGHT="53" CONTENT="légères" WC="1.00" CC="1000000"/>
						<SP ID="P2_SP00538" HPOS="242" VPOS="3508" WIDTH="42"/>
						<String ID="P2_ST00590" HPOS="284" VPOS="3466" WIDTH="41" HEIGHT="29" CONTENT="et" WC="1.00" CC="00"/>
						<SP ID="P2_SP00539" HPOS="325" VPOS="3508" WIDTH="35"/>
						<String ID="P2_ST00591" HPOS="360" VPOS="3455" WIDTH="212" HEIGHT="50" CONTENT="fondues," WC="0.99" CC="03700002"/>
						<SP ID="P2_SP00540" HPOS="572" VPOS="3508" WIDTH="33"/>
						<String ID="P2_ST00592" HPOS="605" VPOS="3466" WIDTH="67" HEIGHT="29" CONTENT="cet" WC="0.98" CC="005"/>
						<SP ID="P2_SP00541" HPOS="672" VPOS="3508" WIDTH="36"/>
						<String ID="P2_ST00593" HPOS="708" VPOS="3454" WIDTH="219" HEIGHT="42" CONTENT="exotisme" WC="1.00" CC="00003000"/>
						<SP ID="P2_SP00542" HPOS="927" VPOS="3508" WIDTH="40"/>
						<String ID="P2_ST00594" HPOS="967" VPOS="3455" WIDTH="150" HEIGHT="51" CONTENT="sobre," WC="1.00" CC="000004"/>
						<SP ID="P2_SP00543" HPOS="1117" VPOS="3508" WIDTH="43"/>
						<String ID="P2_ST00595" HPOS="1160" VPOS="3454" WIDTH="234" HEIGHT="54" CONTENT="poétique," WC="1.00" CC="000300004"/>
						<SP ID="P2_SP00544" HPOS="1394" VPOS="3508" WIDTH="35"/>
						<String ID="P2_ST00596" HPOS="1429" VPOS="3458" WIDTH="123" HEIGHT="50" CONTENT="ému," WC="0.99" CC="0004"/>
						<SP ID="P2_SP00545" HPOS="1552" VPOS="3508" WIDTH="41"/>
						<String ID="P2_ST00597" HPOS="1593" VPOS="3457" WIDTH="112" HEIGHT="40" CONTENT="dont" WC="0.99" CC="0050"/>
						<SP ID="P2_SP00546" HPOS="1705" VPOS="3508" WIDTH="23"/>
						<String ID="P2_ST00598" HPOS="1728" VPOS="3456" WIDTH="31" HEIGHT="41" CONTENT="il" WC="1.00" CC="00"/>
						<SP ID="P2_SP00547" HPOS="1759" VPOS="3508" WIDTH="25"/>
						<String ID="P2_ST00599" HPOS="1784" VPOS="3469" WIDTH="23" HEIGHT="28" CONTENT="a" WC="1.00" CC="0"/>
						<SP ID="P2_SP00548" HPOS="1807" VPOS="3508" WIDTH="34"/>
						<String ID="P2_ST00600" HPOS="1841" VPOS="3456" WIDTH="41" HEIGHT="41" CONTENT="le" WC="0.83" CC="30"/>
						<SP ID="P2_SP00549" HPOS="1882" VPOS="3508" WIDTH="34"/>
						<String ID="P2_ST00601" HPOS="1916" VPOS="3466" WIDTH="159" HEIGHT="31" CONTENT="secret." WC="1.00" CC="0000004"/>
					</TextLine>
				</TextBlock>
			</PrintSpace>
		</Page>
	</Layout>
</alto>
