3200 4376
229 325 130 66 12

634 510 510 124 poussières

207 696 35 33 le
265 695 140 33 comité
425 693 45 34 de
490 692 143 33 lecture
654 690 45 34 de
725 689 34 34 la
777 684 404 45 Comédie-Française
1206 682 108 33 vient
1338 679 45 34 de
1405 677 163 34 lecevoii

209 765 18 32 à
254 762 243 35 l'unanimité
525 771 74 22 une
627 757 169 45 tragédie
824 767 46 22 en
899 755 85 44 cinq
1016 758 99 28 actes
1143 757 37 27 et
1207 762 46 21 en
1283 760 98 30 vers,
1411 746 95 35 dont
1541 745 33 33 le

205 831 87 33 titre
331 829 113 34 serait
473 840 20 20 «
520 821 400 46 ANDR.OMA.QUE
934 833 21 21 »
979 826 97 28 cette
1107 819 106 44 piece
1247 829 21 21 n
1287 814 182 36 était-elle
1510 825 65 32 pas

208 898 85 45 déjà
318 909 44 22 au
390 895 207 44 répertoire
614 893 11 33 ?
649 892 153 34 D'autre
830 895 82 39 part
941 901 50 21 on
1021 899 98 23 nous
1142 886 145 34 affirme
1315 896 74 34 que
1416 883 161 34 l'auteur

207 978 47 21 en
277 965 113 34 serait
407 960 285 37 MONSIEUR
712 956 221 37 SILVAIN.
966 955 107 35 Nous
1092 964 261 35 comprenons
1378 952 46 34 de
1449 950 128 34 moins

209 1045 47 21 en
277 1033 142 33 moins.

208 1112 43 32 P.
294 1111 37 32 S.
371 1110 63 33 On
475 1108 129 34 oublie
641 1106 45 34 de
727 1117 97 22 nous
863 1113 197 24 annoncer
1094 1112 74 34 que
1202 1099 35 34 le
1273 1098 80 34 rôle
1390 1094 185 47 principal

209 1179 113 34 serait
341 1178 151 33 réservé
512 1177 18 32 à
550 1174 174 35 Madame
745 1173 155 33 Silvain.

208 1332 106 34 Nous
346 1336 206 38 extrayons
592 1328 113 34 d'une
732 1326 111 34 lettre
877 1324 89 34 d'un
997 1322 46 34 de
1075 1333 70 22 nos
1173 1320 107 41 amis,
1320 1317 190 46 brigadier
1532 1328 44 22 au

208 1400 30 33 N
244 1407 12 16 e
276 1400 180 44 dragons,
478 1397 35 33 la
531 1397 140 43 phrase
692 1395 175 34 suivante
886 1405 6 21 :

208 1491 20 21 «
249 1479 95 40 hier,
381 1477 95 33 ainsi
505 1487 73 34 que
616 1480 88 28 tous
735 1484 96 23 ceux
863 1472 63 45 qui
967 1470 143 34 étaient
1148 1468 94 33 dans
1274 1467 54 33 les
1359 1465 216 42 tranchées,

209 1557 96 32 pour
329 1545 95 33 fêter
459 1543 34 33 la
523 1543 100 44 prise
650 1541 45 33 de
727 1537 208 46 Przemysl,
966 1548 97 22 nous
1093 1547 120 22 avons
1246 1546 85 32 reçu
1364 1532 139 34 l'ordre
1531 1531 46 35 de

208 1613 128 40 Joffre,
356 1612 45 34 de
422 1612 95 32 crier
545 1611 17 32 à
595 1611 173 38 tue-tête,
802 1608 17 32 à
853 1606 19 34 6
917 1606 139 33 heures
1097 1604 48 33 du
1183 1603 89 41 soir,
1312 1606 240 29 exactement
1568 1611 6 22 :

211 1694 20 21 «
251 1682 66 42 hip
332 1681 6 33 !
362 1681 65 42 hip
447 1679 6 33 !
477 1679 65 43 hip
560 1679 6 33 !
590 1676 143 35 hurrah
753 1675 7 34 I
781 1675 136 33 vivent
936 1674 54 33 les
1015 1673 139 34 Russes
1172 1672 7 33 î
1198 1684 21 20 »

207 1771 20 21 «
246 1758 55 33 les
320 1757 146 34 boches
496 1761 68 28 ont
588 1755 59 33 été
680 1755 19 32 à
729 1764 40 22 ce
799 1753 112 43 point
946 1751 157 43 surpris,
1133 1748 113 47 qu'ils
1272 1753 68 28 ont
1371 1758 63 22 cru
1458 1747 19 32 à
1501 1757 76 23 une

207 1832 151 40 attaque
387 1823 178 47 générale
594 1828 36 28 et
652 1821 151 46 jusqu'à
833 1831 39 22 10
892 1820 138 33 heures
1051 1818 49 34 du
1121 1818 90 42 soir,
1233 1816 46 33 ils
1305 1821 68 28 ont
1390 1815 71 33 tiré
1487 1825 91 22 avec

208 1893 111 35 fusils
339 1899 37 27 et
395 1891 271 35 mitrailleuses
687 1889 6 33 !
714 1901 21 21 »

207 2039 598 39 Notre-Dame-des-Victuailles.

208 2133 104 35 enfin
338 2138 97 29 cette
471 2131 78 34 sale
574 2131 118 44 petite
718 2129 126 34 affaire
886 2134 57 28 est
965 2128 90 33 bien
1094 2127 93 34 finie
1214 2131 37 28 et
1279 2137 48 22 on
1360 2136 47 23 ne
1433 2124 145 45 parlera

209 2202 85 44 plus
324 2201 46 34 de
396 2212 41 22 ce
467 2200 199 33 monsieur
685 2199 65 44 qui
776 2198 129 33 aimait
929 2202 84 38 trop
1035 2207 75 22 une
1131 2194 109 35 dame
1261 2194 63 45 qui
1346 2194 128 33 aimait
1492 2199 85 37 trop

209 2270 34 33 le
263 2270 118 44 gigot.

1703 493 46 34 de
1787 492 215 34 mauvaises
2036 491 160 43 langues
2230 489 153 34 avaient
2407 499 62 23 cru
2502 485 222 46 intelligent
2750 485 45 34 de
2825 484 187 45 répandre
3045 484 36 34 la

1704 559 183 36 nouvelle
1917 571 75 34 que
2029 570 71 22 nos
2131 557 162 44 députés
2324 557 167 33 seraient
2518 567 64 22 sur
2603 554 35 34 le
2663 555 112 43 point
2802 553 205 45 d'émigrer
3034 552 46 34 de

1705 640 176 23 nouveau
1912 628 136 44 depuis
2081 626 226 33 l'incursion
2345 625 66 34 des
2445 623 206 45 Zeppelins
2685 623 94 34 dans
2813 634 72 22 nos
2917 622 162 34 affaires.

1705 698 107 34 Nous
1844 708 169 23 sommes
2044 707 47 22 en
2124 706 152 22 mesure
2307 694 45 34 de
2380 693 193 35 démentir
2611 691 249 35 absolument
2898 703 42 22 ce
2979 690 103 34 bruit

1705 765 173 42 ridicule,
1901 765 95 34 dont
2020 764 56 33 les
2102 764 94 33 amis
2223 763 45 34 de
2290 774 70 23 nos
2387 761 237 34 honorables
2647 765 139 30 auront
2806 759 84 46 déjà
2915 760 67 33 fait
3003 758 60 46 jus-

1703 836 87 33 tice.
1816 834 123 44 Après
1970 838 85 29 tout
2080 844 46 22 ne
2160 832 173 33 serait-ce
2359 842 66 33 pas
2450 842 74 23 une
2550 830 67 34 des
2656 830 258 33 nombreuses
2939 833 38 28 et
3001 827 62 34 der-

1706 905 125 33 nières
1858 913 245 23 manœuvres
2135 901 46 33 de
2204 912 70 22 nos
2303 900 178 34 ennemis
2510 911 72 21 aux
2613 898 106 34 abois
2747 909 97 33 pour
2871 896 99 46 jeter
2996 898 70 31 traî-

1704 976 239 29 treusement
1968 970 34 34 le
2020 969 183 35 discrédit
2222 980 64 23 sur
2302 968 34 34 le
2357 972 324 40 gouvernement.

1706 1123 50 22 on
1780 1122 97 23 nous
1897 1110 146 34 affirme
2070 1121 75 35 que
2174 1108 202 35 Monsieur
2402 1106 176 35 Caillaux
2608 1112 57 27 est
2693 1106 18 33 à
2741 1105 117 42 Paris,
2891 1105 34 33 la
2951 1115 131 33 presse

1706 1179 88 35 n'en
1821 1178 150 35 est-elle
1997 1179 101 34 donc
2117 1190 67 32 pas
2207 1178 190 33 informée
2413 1176 11 34 ?

2806 1230 277 63 Jupapards.

1863 1465 323 93 défense
2232 1465 92 93 et
2370 1465 553 93 illustration

1938 1677 35 21 de
1998 1676 27 23 la
2060 1639 308 91 presse
2407 1603 439 109 française

1707 1776 45 33 de
1772 1776 68 33 la«
1858 1774 115 35 Mode
1989 1788 34 28 »,
2045 1773 222 35 dominical,
2297 1772 49 34 du
2372 1782 38 33 14
2431 1782 99 22 mars
2547 1783 7 20 :

1705 1835 121 44 Étoile
1844 1843 43 35 de
1905 1842 142 36 France
2065 1841 211 35 demande:
2303 1848 32 26 i°
2359 1844 200 30 comment
2585 1839 92 33 faire
2704 1836 160 45 épaissir
2888 1841 38 28 et
2949 1834 135 34 brunir

1707 1913 55 35 les
1783 1911 161 36 sourcils
1962 1923 7 31 ;
2001 1924 16 21 2
2022 1918 13 15 0
2063 1910 180 34 combien
2269 1908 25 34 il
2317 1910 79 32 faut
2415 1907 46 34 de
2479 1913 127 37 temps
2632 1917 98 33 pour
2755 1903 214 46 apprendre
2992 1903 75 33 l'an-

1707 1982 95 46 glais
1819 1988 67 39 ;3°
1902 1979 215 46 l'espagnol
2131 1989 48 33 ;4
2183 1986 13 15 0
2213 1978 35 33 le
2282 1988 133 31 russe;
2452 1988 14 34 5
2472 1982 14 17 0
2515 1975 35 34 la
2577 1973 241 43 mandoline,
2847 1984 47 22 ne
2926 1972 159 34 sachant

1707 2062 148 23 aucune
1877 2055 90 29 note
1987 2048 46 34 de
2055 2048 190 45 musique.

1706 2189 230 36 Amoureuse
1979 2187 44 34 de
2054 2198 66 23 son
2145 2183 162 47 journal
2329 2183 190 35 demande
2555 2183 17 33 à
2608 2180 170 49 Nymphe
2820 2180 94 34 dans
2949 2178 130 47 quelle

1708 2258 106 45 pièce
1835 2262 91 39 peut
1945 2258 78 31 être
2042 2255 108 45 placé
2168 2265 49 23 un
2243 2253 201 35 secrétaire
2465 2251 45 35 de
2533 2262 11 22 i
2553 2258 24 16 m
2582 2262 43 34 7o
2644 2250 47 34 de
2712 2250 105 33 haut.

1514 3112 271 104 l'Élan

209 3293 29 36 il
264 3292 189 49 paraîtra
479 3292 170 48 chaque
677 3293 250 48 quinzaine,
956 3289 23 39 à
1004 3290 138 49 partir
1170 3290 57 37 du
1256 3300 41 37 15
1326 3288 125 47 avril,
1479 3298 73 27 sur
1574 3288 147 35 beaux
1740 3285 179 48 papiers
1942 3283 53 38 de
2022 3285 102 36 luxe
2145 3295 9 23 :
2189 3281 232 45 hollande,
2450 3280 170 47 arches,
2645 3278 175 51 vergés,
2841 3279 155 49 japon,
3027 3278 53 37 de

207 3361 163 37 format
390 3361 225 48 in-quarto
637 3360 136 37 raisin
804 3358 239 52 (25x32,5)
1068 3380 49 4 —
1141 3356 303 52 typographie
1464 3354 90 38 très
1580 3351 188 52 soignée
1787 3373 52 6 —
1863 3351 150 38 soucis
2036 3350 53 37 de
2114 3348 327 50 présentation,

211 3429 29 36 il
258 3429 205 47 publiera
485 3428 77 37 des
588 3428 115 46 bois,
734 3429 77 36 des
832 3427 290 45 eaux-fortes,
1152 3426 78 38 des
1246 3422 349 52 lithographies,
1622 3432 57 27 en
1703 3420 103 38 noir
1837 3422 42 35 et
1900 3430 55 26 en
1982 3418 221 37 couleurs,

209 3497 42 36 le
271 3494 188 39 numéro
483 3506 97 26 sera
598 3495 152 38 vendu
776 3507 14 25 1
818 3495 50 38 fr.
897 3507 62 38 25.
982 3518 50 4 —
1058 3493 188 50 Chaque
1274 3492 276 48 exemplaire
1572 3500 95 28 sera
1690 3485 250 41 numéroté,

209 3561 451 49 abonnement'pour
687 3575 43 24 12
762 3562 226 48 numéros,
1024 3574 55 26 en
1107 3563 194 37 France:
1339 3572 41 38 15
1411 3559 161 38 francs.

978 3631 22 36 à
1025 3631 249 48 l'Etranger
1293 3642 7 25 :
1333 3639 50 27 20
1410 3627 161 38 francs.

211 3713 31 36 il
262 3724 96 25 sera
376 3712 83 39 tiré
482 3714 217 47 quelques
720 3714 297 49 exemplaires
1045 3714 53 37 de
1119 3714 141 49 grand
1284 3713 102 37 luxe
1413 3723 73 26 sur
1501 3712 141 48 japon
1663 3720 53 26 au
1742 3707 99 48 prix
1867 3706 52 36 de
1943 3717 17 37 5
1988 3704 146 37 francs
2160 3704 40 36 le
2227 3701 187 39 numéro
2509 3711 49 27 00
2575 3700 50 37 fr.
2646 3711 115 36 pour
2784 3710 43 27 12
2851 3696 225 40 numéros,

212 3780 65 37 les
303 3779 212 38 numéros
538 3781 78 36 des
642 3780 203 38 abonnés
870 3781 23 38 à
917 3780 207 38 l'édition
1150 3781 54 36 de
1233 3781 102 36 luxe
1362 3781 236 47 porteront
1618 3780 41 35 le
1680 3787 107 28 nom
1823 3773 58 38 du
1907 3772 304 48 souscripteur
2237 3773 42 33 et
2305 3772 153 34 seront
2486 3766 152 51 signés
2662 3777 80 38 par
2770 3766 41 37 le
2839 3766 216 36 directeui-

212 3840 169 49 gérant.

277 4024 28 15 ce
325 4019 108 21 numéro
452 4026 13 14 a
483 4019 40 21 été
542 4021 122 24 imprimé
681 4026 47 19 par
744 4021 23 21 la
786 4021 100 21 Société
904 4021 129 21 Générale
1050 4021 198 26 d'lmpression,
1268 4026 38 21 21,
1326 4026 44 15 rue
1388 4021 151 21 Ganneron,
1559 4021 14 20 à
1591 4021 85 23 Paris,
1692 4020 24 27 J.
1736 4020 55 20 Van
1809 4019 168 21 Gindertaele
1995 4018 71 21 étant
2083 4017 142 24 directeur,
2244 4021 67 19 pour
2327 4014 117 22 Amédée
2463 4014 137 24 Ozenfant,
2619 4011 235 26 directeur-gérant
2872 4012 33 19 de
2923 4011 4 36 1
2943 4012 62 19 hlan

208 2600 41 35 le
280 2608 162 39 poeme
475 2597 55 37 du
561 2596 154 48 prince
744 2593 77 37 des
852 2594 174 46 poetes,
1061 2589 231 40 Monsieur
1323 2588 109 38 Paul
1461 2587 119 48 Fort,
1614 2597 85 38 que
1731 2596 114 28 nous
1875 2584 216 50 publions
2117 2582 110 39 dans
2254 2582 41 37 le
2321 2583 186 46 present
2526 2589 189 28 numero
2742 2579 92 37 fera
2860 2578 143 49 partie
3029 2578 53 37 de

208 2666 41 36 la
278 2666 118 36 belle
429 2664 114 38 serie
576 2663 78 38 des

1214 2708 326 55 POEMES
1597 2706 103 52 DE
1756 2704 323 57 FRANCE

212 2817 47 26 ce
284 2805 191 38 bulletin
495 2804 175 52 lyrique
698 2804 53 37 de
772 2803 40 37 la
838 2812 159 39 guerre
1023 2800 57 38 oil
1101 2800 42 37 le
1162 2798 142 50 grand
1328 2800 137 46 poete
1483 2808 22 27 a
1524 2799 160 36 trouve
1708 2794 79 38 des
1807 2795 181 38 accents
2010 2793 137 38 d'une
2166 2795 90 34 tres
2277 2790 133 38 haute
2437 2790 184 48 qualite.
