3200 4376
157 323 77 154 4

1900 764 47 52 le
1988 771 184 47 cornet
2209 769 29 49 à
2279 766 241 73 bouquin

641 901 66 17 nous
724 901 128 17 recevons
866 896 251 27 d'ALLEMAGNE,
1131 898 44 21 viâ
1187 897 73 27 Bâle,
1278 898 25 21 la
1321 898 75 21 lettre
1417 898 129 22 suivante.
1570 899 73 21 Nous
1658 905 33 16 ne
1709 905 66 17 nous
1794 902 188 24 permettrions
1997 907 48 21 pas
2063 902 61 22 d'en
2136 903 145 23 entretenir
2297 908 49 17 nos
2362 905 121 24 lecteurs,
2502 906 21 20 si

639 943 52 21 «lie
710 942 91 22 n'était
816 949 68 20 pour
900 945 118 21 combler
1034 944 81 22 d'aise
1131 947 75 19 notre
1218 945 59 26 plus
1294 945 102 22 Illustre
1409 945 178 28 nationaliste,
1609 946 138 23 Monsieur
1763 942 228 29 SAINT-SAËNS.
2011 948 54 23 Son
2083 950 144 27 signataire
2243 955 28 17 se
2289 950 107 23 déclare
2413 957 33 16 en
2464 951 59 23 effet

642 989 163 23 résolument
820 992 24 21 le
859 991 110 26 disciple
987 991 34 22 de
1032 991 137 22 Monsieur
1182 992 178 22 Saint-Saëns.
1377 992 72 22 Voici
1462 994 25 21 la
1499 994 76 21 lettre
1592 993 47 29 (en
1658 994 125 28 Français
1795 989 4 35 !
1815 994 19 30 !)

641 1148 26 29 «
702 1130 62 59 Je
805 1126 61 56 lis
907 1126 73 56 les
1020 1129 199 54 articles
1258 1130 41 52 si
1345 1129 164 72 pleins
1552 1131 63 54 de
1666 1144 211 43 retenue
1925 1133 65 54 de
2034 1135 277 55 Monsieur
2352 1138 169 53 Saint-

641 1234 175 60 Saëns,
868 1233 130 53 dans
1045 1232 175 56 l'Echo
1261 1233 63 53 de
1374 1234 154 54 Paris.
1578 1234 41 55 Il
1667 1255 30 34 a
1736 1236 319 71 pleinement
2095 1241 174 53 raison
2325 1253 50 41 et
2422 1243 99 52 m'a

637 1338 313 61 convaincu;
992 1340 44 68 je
1078 1340 108 52 suis
1228 1357 99 35 son
1368 1338 236 72 disciple:
1632 1340 33 53 il
1704 1340 109 54 faut
1855 1345 103 51 être
1999 1343 346 59 nationaliste.
2380 1346 141 55 Pour

637 1443 125 60 moi,
795 1440 421 65 collectionneur,
1248 1444 46 67 je
1327 1444 198 53 m'étais
1556 1446 146 51 réuni
1727 1464 103 34 une
1862 1445 276 56 collection
2164 1449 354 72 remarquable

636 1547 64 53 de
745 1548 233 70 peinture
1026 1547 260 64 française,
1327 1568 100 52 que
1473 1550 46 68 je
1561 1570 63 34 ne
1669 1552 116 68 puis
1832 1553 361 70 m'empêcher,
2239 1573 133 52 pour
2414 1557 103 52 être

635 1653 147 69 juste,
827 1652 259 55 d'estimer
1129 1652 46 55 la
1220 1653 264 56 meilleure
1525 1656 70 53 du
1642 1656 212 55 monde.
1902 1658 118 54 Mes
2070 1658 286 64 Delacroix,
2403 1680 113 34 mes

634 1757 220 61 Manets,
898 1775 114 36 mes
1058 1759 222 57 Renoirs
1316 1760 50 53 &
1407 1779 113 34 mes
1556 1760 274 55 Cézannes
1865 1764 188 52 étaient
2086 1763 47 53 la
2165 1765 103 67 joie
2302 1765 64 53 de
2401 1784 115 36 mes

632 1882 146 53 yeux.
804 1862 77 56 Eh
918 1863 133 61 bien,
1082 1882 65 36 en
1183 1864 108 55 bon
1326 1864 292 64 Allemand,
1653 1865 77 70 j'ai
1765 1879 117 42 tout
1915 1867 213 58 sacrifié.
2165 1871 107 54 Ces
2306 1874 207 57 trésors,

634 1967 44 69 je
703 1967 74 55 les
801 1970 43 52 ai
876 1967 248 55 immolés
1154 1987 88 36 sur
1266 1968 44 55 le
1346 1972 174 52 même
1556 1971 133 54 autel
1726 1991 100 54 que
1859 1972 47 53 la
1934 1972 250 74 basilique
2213 1975 65 54 de
2304 1977 179 56 Reims
2503 1998 9 31 :

631 2093 25 33 «
696 2074 110 53 Das
841 2075 64 52 ist
938 2074 90 53 der
1069 2075 175 71 Krieg.
1277 2097 25 29 »
1333 2076 61 59 Je
1430 2078 185 52 n'aurai
1648 2076 140 55 donc
1824 2078 115 72 plus
1973 2098 99 52 que
2114 2079 92 53 des
2235 2080 277 62 Lembach,

632 2178 92 54 des
754 2178 208 54 Bœklin
989 2180 51 52 &
1072 2191 167 41 autres
1271 2183 140 51 aussi
1445 2180 307 56 charmants.
1788 2185 136 53 Mais
1951 2183 318 70 j'obtiendrai
2298 2184 46 55 la
2371 2184 141 57 fierté

631 2282 63 55 de
731 2285 195 52 n'avoir
959 2304 99 52 que
1098 2285 64 53 de
1204 2287 231 69 peinture
1470 2286 304 56 allemande.
1808 2291 62 58 Je
1907 2292 108 52 suis
2051 2291 113 68 déjà
2203 2291 210 55 habitué
2447 2311 65 36 au

632 2389 117 70 pain
786 2389 53 52 K
865 2420 73 7 —
960 2408 150 42 vous,
1138 2391 247 62 Français,
1420 2409 136 36 vous
1585 2412 120 34 avez
1742 2394 120 53 bien
1896 2406 145 42 votre
2078 2398 241 69 musique
2356 2398 52 52 K
2439 2429 74 7 —

630 2494 110 52 moi
776 2495 155 59 aussi,
968 2495 166 68 j'aurai
1171 2513 86 34 ma
1293 2497 231 68 peinture
1559 2497 66 61 K,
1669 2498 283 58 UNSERE
1986 2502 53 52 K
2071 2502 328 57 MALEREI.

630 2633 211 34 comme
882 2616 45 67 je
971 2634 134 34 veux
1139 2615 193 71 malgré
1368 2627 115 42 tout
1523 2630 158 42 rester
1719 2619 223 69 objectif,
1982 2621 201 69 j'avoue
2224 2641 100 52 que
2358 2622 45 69 je
2445 2641 64 35 ne

630 2719 108 53 suis
773 2737 89 53 pas
898 2737 188 35 encore
1121 2719 216 54 consolé
1379 2721 50 52 &
1468 2740 99 53 que
1603 2723 45 68 je
1684 2723 227 73 n'espère
1952 2728 157 68 guère
2144 2724 134 56 l'être
2314 2727 193 68 jamais.

628 2824 136 54 Mais
782 2843 41 31 «
846 2823 548 57 DEUTSCHLAND
1437 2828 188 56 ÜBER
1665 2829 244 55 ALLES!
1951 2851 24 30 »
2010 2832 60 52 Et
2094 2831 234 69 j'attends
2356 2832 152 55 d'être

628 2926 99 56 fixé
759 2946 88 36 sur
875 2927 242 56 l'attitude
1152 2928 62 54 de
1246 2928 171 55 l'ltalie
1449 2950 132 51 pour
1605 2935 170 51 savoir
1810 2936 40 51 si
1886 2934 377 73 Michel-Ange
2292 2939 120 50 était
2436 2956 71 35 un

627 3033 160 72 grand
824 3034 208 70 peintre.
1074 3054 23 31 »

797 3237 574 178 joachim
1443 3237 835 132 krankfurter.

1350 3440 152 21 Beethoven
1521 3441 98 21 strasse
1636 3446 29 21 29
1679 3442 103 26 leipzig.

1503 3647 43 35 P.
1579 3647 47 37 C.
1659 3648 46 36 C.
1736 3650 204 37 LUCIEN
1964 3650 346 37 MAINSSIEUX.
