2964 3048
1557 2360 73 42 378

767 531 88 43 der
877 532 150 43 einen
1049 533 309 45 Kurzwand
1379 537 202 53 befand,
1597 543 107 42 und
1727 544 183 43 dessen
1933 544 257 44 Scheiben
2212 547 54 42 in
2289 546 155 44 tiefen

765 589 370 46 Farbentönen
1151 593 225 56 glühten.
1396 596 115 44 Von
1529 599 211 46 Norden
1759 602 177 45 flutete
1955 605 160 43 durch
2134 606 83 43 ein
2232 606 212 44 Riesen=

764 649 190 44 fenster
977 650 89 43 der
1088 652 351 57 schneegraue
1461 657 298 61 Wmtertag
1781 662 191 44 hinein.
1997 663 212 45 Diesem
2228 665 216 44 Fenster

765 711 307 54 gegenüber,
1093 712 153 44 baute
1269 714 108 43 sich
1401 717 83 42 ein
1502 720 303 57 gewaltiges
1822 721 239 45 Gehäuse
2078 737 92 31 aus
2185 726 259 55 gebrann=

764 771 87 40 ten
878 769 208 56 Ziegeln
1115 770 99 52 auf,
1243 772 91 44 das
1356 775 53 42 in
1441 776 88 44 der
1557 778 151 46 Mitte
1739 781 115 44 eine
1886 782 368 55 gewöhnliche
2283 785 158 44 Ofen=

765 826 213 57 Öffnung
1019 829 237 53 aufwies,
1287 834 137 43 nach
1465 836 186 45 beiden
1687 839 175 44 Seiten
1904 842 122 42 aber
2063 842 289 59 flügelartig
2389 846 53 42 in

764 886 169 44 offene
944 887 351 49 Kaminherde
1314 895 188 51 auslief,
1514 897 157 44 deren
1686 900 267 54 gewölbte
1964 900 477 48 Backsteinmäntel

764 946 156 42 durch
936 949 324 53 gewundene
1277 952 434 49 schmiedeiserne
1731 958 192 44 Säulen
1940 963 245 52 getragen
2201 964 239 44 wurden.

763 1004 98 44 Die
878 1007 191 44 andere
1079 1008 263 47 Kurzseite
1357 1013 85 44 des
1453 1014 233 53 Ateliers,
1698 1019 290 54 gegenüber
2004 1019 118 43 dem
2141 1021 299 54 gothischen

763 1063 232 53 Fenster,
1008 1080 118 29 war
1142 1068 52 43 in
1208 1072 139 42 zwei
1359 1071 346 48 Stockwerke
1717 1078 229 53 getheilt:
1963 1081 161 40 unten
2136 1079 183 44 befand
2331 1082 109 42 sich

764 1123 91 44 das
867 1124 520 58 Bibliothekzimmer,
1400 1146 97 29 nur
1515 1135 161 43 durch
1693 1137 151 42 einen
1855 1136 248 57 Vorhang
2115 1151 126 30 vom
2251 1140 190 44 Atelier

762 1187 251 51 getrennt,
1031 1187 106 41 und
1160 1189 83 42 ein
1265 1190 258 53 Alkoven,
1542 1195 89 42 der
1653 1195 80 42 ins
1743 1195 327 45 Vorzimmer
2093 1196 190 53 führte;
2308 1200 132 43 oben

762 1243 83 42 ein
863 1243 490 57 Fremdenzimmer,
1372 1264 92 31 aus
1485 1253 120 42 dem
1628 1254 82 42 ein
1734 1255 243 43 ebenfalls
1999 1269 98 30 nur
2114 1257 158 43 durch
2291 1259 149 43 einen

761 1301 246 59 Vorhang
1028 1307 457 47 verschliessbares
1513 1311 216 45 Fenster
1756 1315 78 42 ins
1856 1316 192 42 Atelier
2075 1316 364 54 hineinführte,

761 1362 107 42 und
904 1364 82 41 ein
1016 1366 94 42 mit
1146 1367 88 43 der
1265 1367 202 47 Galerie
1497 1372 54 42 in
1583 1372 335 58 Verbindung
1949 1376 271 43 stehender
2248 1377 192 45 offener

760 1419 184 53 Raum,
962 1436 92 30 wo
1071 1427 171 52 später
1264 1428 112 43 eine
1396 1429 150 57 Orgel
1563 1431 148 44 Platz
1728 1432 256 56 gefunden
2006 1433 104 53 hat,
2131 1435 88 43 der
2242 1436 198 45 damals

762 1479 120 43 aber
900 1482 135 43 noch
1054 1484 73 43 als
1137 1484 510 50 Tischlerwerkstatt
1667 1491 183 45 diente.
1868 1493 98 44 Die
1985 1494 119 44 dem
2119 1494 321 46 Bibliothek=

760 1539 217 43 zimmer
1003 1545 522 58 gegenüberliegende
1547 1549 142 44 Ecke
1708 1564 120 30 war
1854 1565 90 30 um
1971 1554 164 55 einige
2158 1554 178 45 Stufen
2361 1570 79 29 er=

760 1597 129 43 höht
905 1600 105 42 und
1029 1601 159 44 durch
1207 1604 98 44 den
1322 1607 377 58 wellenförmig
1715 1611 347 45 cannelierten
2078 1613 204 45 Stamm
2301 1616 139 43 einer

759 1656 356 53 Riesenfichte,
1136 1664 85 40 der
1240 1664 91 43 das
1348 1665 367 57 Dachgebälke
1732 1673 129 52 trug,
1874 1685 125 29 vom
2016 1676 217 41 unteren
2248 1674 192 46 Atelier

760 1720 249 50 getrennt.
1027 1718 59 42 In
1104 1720 193 44 diesem
1316 1724 189 44 oberen
1516 1726 201 45 Raume
1734 1731 152 41 stand
1905 1731 168 44 neben
2085 1732 353 45 Notenbehäl=

759 1779 113 38 tern
902 1777 106 41 und
1035 1779 175 42 weich
1242 1784 339 52 gepolsterten
1612 1787 217 44 Bänken
1861 1789 140 43 Frau
2032 1791 179 56 Marys
2242 1792 194 56 Flügel.

758 1834 82 42 An
882 1836 98 41 den
1020 1835 158 45 freien
1209 1839 248 47 Wänden
1488 1858 185 30 waren
1709 1847 184 44 Bänke
1929 1863 92 29 aus
2055 1851 199 51 dicken,
2285 1852 152 56 glatt=

758 1893 306 54 gehobelten
1082 1896 409 48 Fichtenbohlen
1514 1903 247 58 befestigt.
1787 1907 107 44 Das
1914 1908 177 44 Ganze
2113 1912 206 43 machte
2344 1913 93 42 mit

757 1952 179 44 seinen
955 1955 330 56 gewaltigen,
1304 1962 263 43 massiven
1584 1965 105 42 und
1708 1965 293 47 theilweise
2020 1970 274 54 grotesken
2306 1971 131 42 For=

757 2024 122 30 men
918 2013 150 43 einen
1107 2015 433 55 cyklopenhaften
1576 2023 277 45 Eindruck.
1887 2026 116 43 Von
2036 2029 148 50 oben,
2219 2042 92 30 aus
2349 2029 88 44 der

756 2070 359 58 Dämmerung
1143 2074 88 43 des
1257 2075 278 47 hölzernen
1564 2080 425 58 Dachgewölbes,
2017 2086 158 55 klang
2203 2089 83 41 ein
2316 2088 120 43 selt=

756 2143 172 30 sames
952 2130 191 56 Singen
1169 2146 66 30 zu
1260 2147 98 31 uns
1384 2136 254 55 herunter,
1656 2142 108 42 wie
1790 2142 168 44 fernes
1982 2144 453 56 Glockengeläute.

755 2197 42 42 ©
859 2189 166 51 „Was
1055 2191 64 42 ist
1151 2192 91 43 das
1275 2193 84 43 für
1390 2195 82 43 ein
1505 2196 273 59 Gesang?”
1809 2200 162 57 fragte
2001 2203 83 42 ich
2118 2203 197 53 Gallen,
2347 2206 89 42 der
