2846 3048
1305 2359 72 43 375

744 548 35 44 S
801 560 118 31 war
936 548 276 55 Sylvester,
1232 551 73 43 als
1322 552 83 43 ich
1428 552 137 44 mich
1587 566 66 30 zu
1669 553 181 44 Gallen
1868 554 309 53 aufmachte,

745 608 112 42 eine
898 608 136 44 volle
1075 608 273 57 Tagereise
1387 625 103 30 von
1531 612 335 56 Helsingfors,
1901 614 179 43 mitten
2122 615 54 42 in

745 665 79 43 die
846 665 251 47 finnische
1118 668 228 45 Wildnis
1372 670 189 44 hinein.
1588 672 178 43 Zuerst
1792 672 119 42 acht
1936 673 76 42 bis
2039 686 137 29 neun

743 724 230 45 Stunden
1006 727 447 53 Eisenbahnfahrt,
1483 731 139 42 dann
1655 730 207 56 dreissig
1894 730 282 45 Kilometer

512 783 263 45 Schlitten.
804 784 134 44 War
969 785 81 44 die
1080 786 148 45 Reise
1261 788 215 57 anfangs
1514 790 281 43 ermüdend
1826 802 259 43 gewesen,
2117 802 56 31 so

513 842 177 45 erhielt
711 844 73 43 sie
806 843 188 44 zuletzt
1017 846 151 44 einen
1190 860 91 30 um
1302 860 56 30 so
1386 849 392 54 spannenderen
1799 849 135 43 Reiz.
1967 849 69 42 Es
2058 862 117 29 war

514 901 205 52 dunkel,
757 915 97 30 nur
892 904 88 42 der
1016 903 199 46 Schnee
1256 906 255 45 leuchtete
1553 907 262 44 schwach.
1857 907 180 44 Wenn
2071 908 104 42 wir

514 961 159 43 durch
703 961 162 43 Wald
901 962 195 52 fuhren,
1126 963 196 46 konnte
1359 966 84 43 ich
1479 967 141 43 nicht
1658 967 79 43 die
1768 967 155 42 Hand
1953 980 94 29 vor
2077 966 97 44 den

511 1021 182 54 Augen
719 1021 174 43 sehen.
916 1021 124 44 Wie
1067 1023 137 43 mein
1231 1023 254 45 Kutscher
1509 1025 107 43 und
1648 1027 90 42 das
1764 1025 151 44 Pferd
1945 1026 108 43 sich
2081 1038 91 30 zu=

511 1078 349 51 rechtfanden,
879 1092 118 30 war
1019 1082 98 41 mir
1139 1082 83 43 ein
1238 1083 222 44 Räthsel.
1479 1084 168 43 Einen
1661 1084 140 56 Weg
1823 1084 96 56 gab
1944 1097 52 30 es
2018 1083 154 44 nicht.

512 1137 119 42 Wir
666 1137 185 43 fuhren
887 1138 125 43 über
1039 1138 217 45 Wiesen
1294 1142 105 42 und
1429 1142 213 52 Aecker,
1677 1144 126 43 über
1835 1143 202 44 Gräben
2069 1143 106 43 und

511 1195 189 50 Zäune,
718 1196 90 42 hin
830 1196 104 42 und
955 1197 200 43 wieder
1178 1199 124 43 über
1325 1201 112 42 eine
1459 1201 229 43 schmale
1709 1202 181 51 Bucht,
1912 1204 101 41 und
2036 1202 138 42 dann

511 1254 195 43 konnte
751 1254 90 42 das
883 1254 151 43 Pferd
1077 1269 95 29 nur
1220 1257 344 45 schrittweise
1603 1263 262 41 vorwärts
1912 1261 261 50 kommen,

513 1311 135 43 denn
674 1311 98 44 fast
793 1312 350 57 wochenlang
1169 1327 118 30 war
1309 1315 339 45 Thauwetter
1674 1331 261 42 gewesen,
1957 1320 106 43 und
2090 1319 91 44 auf

515 1370 118 43 dem
654 1370 120 44 Eise
795 1370 83 55 lag
902 1371 89 43 das
1012 1371 217 45 Wasser
1255 1387 56 29 so
1334 1374 149 51 hoch,
1509 1376 115 43 dass
1647 1389 54 31 es
1718 1377 250 54 jedesmal
1989 1392 66 29 zu
2077 1379 98 42 mir

512 1430 53 41 in
587 1429 94 43 den
703 1428 248 45 Schlitten
974 1430 354 57 hineindrang.
1352 1433 301 44 Manchmal
1675 1454 51 20 =
1747 1436 72 42 im
1842 1437 205 44 dichten
2072 1437 100 44 Ge=

511 1487 149 44 hölze
681 1507 50 20 =
752 1492 215 40 rannten
989 1489 107 43 sich
1118 1491 128 43 auch
1268 1491 252 45 Kutscher
1541 1493 105 43 und
1668 1493 151 44 Pferd
1840 1496 72 42 im
1930 1496 244 44 Dunkeln

512 1547 94 44 fest
640 1548 106 43 und
775 1547 233 44 konnten
1038 1562 95 29 vor
1162 1549 165 45 lauter
1352 1551 235 44 Bäumen
1618 1552 142 45 nicht
1785 1555 200 42 weiter.
2017 1555 156 42 Dann

513 1610 228 41 mussten
758 1608 104 42 wir
878 1608 258 44 retirieren
1154 1609 104 43 und
1277 1610 112 43 eine
1407 1610 214 44 breitere
1641 1611 254 57 Oeffnung
1909 1614 263 43 zwischen

514 1666 98 42 den
642 1665 270 44 Stämmen
941 1667 208 44 suchen.
1182 1668 232 52 Endlich,
1445 1670 132 43 nach
1607 1670 220 45 beinahe
1859 1672 314 44 dreiviertel=

512 1724 262 55 ständiger
810 1724 179 52 Fahrt,
1028 1727 159 55 ging’s
1225 1729 149 43 einen
1411 1729 181 44 steilen
1628 1729 328 57 Felsenhang
1991 1732 181 41 mitten

511 1784 269 43 zwischen
806 1784 200 44 uralten
1033 1785 206 44 Föhren
1266 1787 192 51 hinauf,
1484 1788 106 43 und
1616 1801 108 31 nun
1749 1790 189 43 hielten
1958 1790 100 42 wir
2078 1801 95 31 vor

511 1841 170 43 einem
718 1842 416 57 hochgiebeligen
1167 1845 174 44 Hause
1371 1860 106 29 von
1514 1847 275 44 seltsamen
1823 1847 349 56 gigantischen

511 1899 239 44 Formen.
774 1901 107 42 Auf
896 1902 169 43 einem
1083 1902 341 54 Fundament,
1443 1906 90 42 das
1557 1919 91 30 aus
1667 1907 106 43 drei
1791 1906 76 44 bis
1883 1907 106 43 vier
2006 1906 166 43 Meter

510 1956 184 56 langen
721 1958 503 47 Granitmonolithen
1250 1962 229 53 bestand,
1507 1965 157 43 erhob
1696 1965 108 43 sich
1835 1966 82 42 ein
1950 1978 90 29 aus
2071 1978 99 29 un=

510 2016 298 44 behauenen
826 2017 445 47 Riesenstämmen
1294 2022 228 56 gefügtes
1547 2023 257 50 Gebäude,
1821 2037 106 29 von
1951 2024 116 42 dem
2090 2023 82 43 ich

510 2075 52 43 in
601 2075 118 43 dem
755 2076 309 45 schwachen
1101 2077 324 47 Schneelicht
1462 2095 96 30 nur
1596 2083 79 43 die
1712 2082 248 44 nächsten
2001 2082 169 54 phan=

510 2134 278 43 tastischen
811 2134 228 45 Umrisse
1061 2139 391 44 unterscheiden
1473 2140 207 44 konnte.
2027 2149 145 41 00©

510 2200 41 43 ©
611 2193 77 43 Im
712 2193 323 45 Vorzimmer
1060 2195 125 43 kam
1212 2198 98 42 mir
1336 2198 140 43 Frau
1501 2199 153 54 Mary
1680 2199 94 44 mit
1801 2203 166 40 etwas
1997 2202 175 51 ängst=
