3675 3794
450 149 273 38 POESIA

902 294 99 49 Que
1172 307 116 31 nous
1478 290 184 48 veulent
1916 290 68 47 les
2101 290 212 60 femmes,
2604 289 67 47 les
2806 288 306 58 se'dentaires,

890 371 269 47 conseillers
1189 369 319 62 prudents?...
1545 370 39 46 A
1626 369 104 47 leur
1752 369 71 46 vie
1848 368 319 55 chancelante,
2195 363 175 63 coupée
2395 365 238 60 d'agonies
2668 364 229 61 lugubres,
2938 364 59 47 de
3030 363 234 47 sommeils

902 453 272 45 tremblants
1517 454 47 43 et
1676 451 58 46 de
1866 449 162 47 lourds
2261 449 327 53 cauchemars,
2994 460 116 35 nous

901 531 163 59 rifions
1297 543 178 33 comme
1724 528 46 47 la
1885 528 130 47 seule
2215 529 79 58 qui
2430 528 94 45 soit
2697 526 136 60 digne
2069 523 1049 49 de/'

890 624 87 46 que
1013 623 84 32 nos
1132 609 184 60 enfants
1351 608 185 45 suivent
1561 606 240 60 gaiement
1834 604 107 47 leur
1978 606 206 59 caprice,
2235 603 294 47 contrarìent
2572 600 311 47 brutalement
2918 600 67 47 les
3022 599 242 48 vieillards

898 693 49 43 et
1060 689 217 60 bafouent
1563 691 96 44 tout
1826 702 54 31 ce
2003 686 80 61 qui
2224 690 75 43 est
2438 681 236 51 consacrò
2956 698 101 47 par
3247 684 21 46 le

896 768 236 61 sifflez?...
1447 766 217 46 Haussez
1945 765 46 47 la
2110 765 188 47 voix!...
2563 765 70 46 Je
2774 764 97 46 n'ai
3019 777 94 47 pas

891 846 259 47 bitieux?...
1189 846 123 45 Mais
1340 844 149 48 ouil...
1525 845 130 46 Nous
1672 857 201 33 sommes
1897 843 82 45 des
2003 841 263 55 ambitieux,
2293 854 91 32 car
2405 851 117 35 nous
2542 853 57 30 ne
2624 838 195 46 voulons
2836 850 94 47 pas
2956 851 118 32 nous
3087 838 181 59 frotter

902 928 28 45 à
1034 939 83 34 vos
1274 926 172 46 toisons
1677 928 217 57 puantes,
2196 926 226 56 troupeau
2725 923 311 57 malodorant,

904 1006 210 59 antiques
1408 1005 58 46 de
1608 1004 46 47 la
1786 1003 216 47 Terre!...
2297 1003 124 45 Mais
1754 1020 22 25 «
2723 1001 249 46 ambitieux
2074 1017 22 24 »

886 1084 152 62 plutót
1060 1085 57 46 de
1144 1085 168 59 jeunes
1337 1084 241 46 artilleurs
1606 1097 56 31 en
1693 1081 293 61 goguettei...
2025 1080 63 46 Et
2121 1093 115 33 vous
2271 1079 158 53 devez,
2468 1076 85 47 bon
2586 1074 98 62 gre'
2712 1076 97 46 mal
2831 1074 102 61 gre',
2962 1080 306 41 accoutumer

904 1177 82 33 vos
1141 1175 210 47 lympans
1635 1177 61 31 au
1828 1163 126 45 bruii
2146 1161 57 46 de
2331 1174 85 33 nos
2574 1160 256 47 canonsl...

1098 1262 21 23 «
1151 1243 122 45 Mais
1300 1255 53 32 ce
1379 1240 119 47 n'est
1513 1254 93 46 pas
1631 1254 172 32 encore
1827 1239 91 57 ga!
1956 1238 243 47 Cherchez
2223 1238 309 45 vous-mémes
2544 1234 18 47 !
2590 1234 258 51 Qu'-est-ce
2872 1248 86 45 que
2979 1248 114 31 vous
3117 1234 149 45 dites?

906 1324 94 46 Des
1144 1323 202 61 fous?...
1629 1320 254 47 Hourrah!
2209 1320 28 46 à
2341 1320 45 46 la
2506 1320 150 46 bonne
2875 1319 176 46 heure!
2262 1316 42 46 le
2330 1319 138 43 mot...
2491 1314 42 47 le
2560 1319 92 40 mot
2675 1329 87 46 que
2778 1314 38 59 f
2821 1314 310 47 attendais!...
3159 1314 105 45 Ah!

891 1398 203 61 Ah!,La
1387 1400 247 47 trouvaille
1950 1400 84 46 des
2193 1398 307 47 trouvailles!
2880 1398 185 45 Prenez

893 1485 99 43 trez
1029 1481 89 46 vite
1142 1494 56 32 en
1220 1479 278 61 procession
1518 1492 129 47 pour
1669 1476 268 61 l'enfermer
1958 1476 120 46 dans
2102 1475 46 47 la
2168 1475 111 60 plus
2294 1473 188 60 jalouse
2508 1473 57 45 de
2590 1486 84 33 vos
2699 1485 145 33 caves
2856 1473 22 45 !
2915 1473 121 45 Vous
3054 1485 210 47 pourrez

893 1561 131 46 vivre
1061 1573 118 33 avec
1216 1573 55 32 ce
1307 1561 94 42 mot
1432 1561 134 42 entre
1603 1570 83 32 vos
1721 1558 149 58 doigts
1906 1560 47 42 et
1989 1570 88 32 sur
2120 1569 83 33 vos
2252 1554 154 46 lèvres
2453 1553 178 47 durant
2676 1555 129 57 vingt
2842 1551 167 47 siècles
3055 1566 171 32 encore
3240 1553 24 45 I

896 1641 156 50 Quant
1085 1638 28 47 à
1151 1638 103 57 moi,
1285 1638 52 58 je
1373 1649 115 33 vous
1523 1649 214 33 annonce
1774 1650 86 45 que
1897 1635 42 46 le
1975 1635 164 46 monde
2175 1638 72 42 est
2274 1633 173 60 pourri
2477 1633 59 44 de
2569 1633 279 58 sagesse!...

1104 1734 23 26 «
1434 1716 126 47 C'est
1739 1714 235 61 pourquoi
2274 1728 115 32 nous
2552 1715 277 57 enseignons
3158 1714 110 58 aujou

909 1798 42 47 le
1050 1800 115 57 goùt
1346 1796 60 46 du
1539 1791 254 63 dèsespoir,
2118 1807 100 45 par
2383 1794 79 58 qui
2608 1793 41 45 le
2762 1807 133 31 cceur
3092 1793 151 45 donne

896 1876 306 54 thousiasme;
1240 1873 243 47 l'abandon
1522 1885 57 33 au
1620 1873 217 58 vertige...

1178 1955 129 46 Nous
1508 1953 277 58 enseignons
2157 1950 42 46 le
2322 1950 233 61 plorgeon
2880 1950 119 46 dans
3215 1949 46 45 la

906 2033 165 47 blancs
1316 2034 57 44 eie
1522 2027 199 51 l'Idéal/
2016 2031 64 45 Et
2222 2044 117 32 nous
2537 2030 296 60 prècherons
3221 2029 43 45 d'

915 2111 273 49 Coùturière
1531 2111 84 45 des
1770 2109 226 54 batailles,
2298 2109 86 59 qui,
2548 2109 142 59 après
2906 2123 115 30 nous
3210 2121 58 32 av

905 2193 181 44 batiant
1365 2189 114 59 neuf
1681 2203 59 32 au
1904 2186 154 54 soleil,
2325 2186 167 47 oindra
2770 2188 58 44 de
2966 2188 222 59 f<ammes

911 2270 126 47 C'est
1240 2269 123 46 ainsi
1551 2283 87 44 que
1798 2266 44 47 la
1964 2266 199 46 chaleur
2425 2266 108 46 d'un
1918 2266 894 47 soird'eie
3247 2266 21 46 h

906 2351 57 45 de
1071 2349 117 47 ludo
1193 2350 83 43 les.

1103 2433 23 25 «
1151 2415 42 46 Il
1213 2415 113 58 faut
1358 2429 87 44 que
1480 2414 66 45 les
1582 2414 205 45 hommes
1823 2410 271 49 électrisent
2127 2412 180 60 chaque
2334 2412 118 60 jour
2485 2411 128 47 leurs
2650 2412 129 60 nerfs
2815 2408 105 50 <fun
2976 2412 181 59 orgueil
3205 2408 41 51 té-

906 2492 290 51 méraire!...
1575 2494 41 47 Il
1699 2495 113 58 faut
1987 2508 86 44 que
2232 2492 67 46 les
2438 2492 204 46 hommes
2903 2494 167 58 jouent

907 2575 245 60 croupiers
1474 2575 233 46 tricheurs
2012 2576 49 42 et
2171 2586 116 32 sans
2473 2572 242 46 contróler
3022 2569 246 63 l'équilibre

911 2655 121 60 tapis
1224 2656 128 43 verts
1554 2654 58 44 de
1742 2651 45 48 la
1894 2666 180 46 guerre
2325 2655 47 42 et
2486 2649 174 49 couvés
2914 2664 100 47 par
3196 2650 30 47 la
3227 2676 39 6 —

892 2734 362 47 entendez-vous
1290 2759 64 5 —
1391 2745 88 46 que
1523 2729 139 48 fame
1705 2730 135 46 lance
1887 2730 41 46 le
1977 2743 141 46 corps
2165 2744 54 32 en
2265 2730 235 58 flammes,
2553 2744 177 32 comme
2781 2743 58 33 un
2887 2729 167 58 brulot,
3104 2732 163 44 contre

905 2810 263 49 l'ennemi...
1513 2807 212 51 l'éternel
2002 2810 184 46 ennemi
2436 2824 88 46 que
2684 2807 93 49 Fon
2946 2810 185 46 devrait

1104 2908 23 25 «
1426 2890 250 58 Regardez
1998 2903 61 31 au
2196 2889 91 45 loin
2455 2903 79 31 ces
2684 2886 100 61 épis
2956 2889 57 45 de
3143 2885 83 58 blé,

891 2969 189 61 souples
1114 2969 179 47 soldats
1330 2983 96 31 aux
1451 2969 129 58 fines
1616 2967 310 60 bayonnettes.
1959 2967 241 59 glorifient
2233 2966 46 47 la
2311 2967 134 56 force
2481 2967 60 45 du
2574 2967 114 59 pain
2723 2967 82 59 qui
2823 2981 53 32 se
2903 2967 280 59 transforme
3209 2980 54 33 en

891 3063 123 45 sang
1041 3063 128 47 pour
1192 3047 159 61 jaillir
1382 3051 47 42 et
1462 3051 183 42 monter
1678 3047 126 46 droit
1838 3061 59 32 au
1935 3045 169 49 zénith.
2146 3047 63 45 Le
2245 3060 123 46 sang
2405 3073 64 6 —
2515 3046 239 46 sachez-le
2802 3046 101 47 bien
2948 3074 62 5 —
3060 3043 51 49 n'
3132 3060 28 32 a
3209 3047 58 46 de

893 3127 171 47 valeur
1097 3127 49 46 ni
1178 3127 57 46 de
1269 3126 256 61 splendeur
1556 3140 87 46 que
1681 3122 148 51 libéré
1861 3126 60 46 du
1960 3126 173 46 cachot
2165 3126 82 44 des
2284 3129 185 41 arteres
2500 3137 100 47 par
2633 3124 42 45 le
2687 3124 87 59 fer
2795 3139 58 31 ou
2886 3124 220 59 lefeuf...
3135 3125 132 47 Nous

907 3207 328 59 apprendrons
1638 3207 26 45 à
1772 3210 99 43 tous
2044 3205 67 47 les
2245 3205 180 46 soldats
1779 3202 160 50 armés
3073 3205 58 46 de
3263 3205 5 46 l

891 3287 123 45 Mais
1050 3286 34 46 il
1107 3286 194 57 faudra,
1342 3289 312 56 auparavant,
1696 3287 210 56 nettoyer
1928 3285 45 46 la
1992 3285 187 58 grande
2219 3284 211 45 Caserne
2455 3284 59 47 où
2541 3297 115 34 vous
2692 3282 223 62 pullulez,
2942 3284 202 47 insectes
3179 3297 89 47 que

1980 3446 201 26 2
