3675 3794
303 209 269 37 POESIA

574 336 1126 168 “TOUTE
1873 341 340 158 LA
2381 341 696 163 LYRE
3148 453 102 68 „

1057 628 234 86 par
1393 583 665 106 PAOLO
2170 585 601 107 BUZZI

1304 797 641 60 LETTERATURA
2006 797 519 60 SPAGNUOLA

298 955 323 47 Franoi&cv
659 955 373 54 Villaespesa.
1049 981 56 3 —
1120 958 160 47 ELJAR-

353 1023 87 29 DIN
484 1024 63 28 DE
590 1023 90 29 LAS
726 1014 261 48 QUIMERAS
1030 1037 54 4 —
1119 1013 192 47 Madrid;

357 1071 44 37 F.
440 1071 209 39 Granada«

355 1159 165 39 Parlerò
542 1161 40 36 di
605 1168 145 41 questo
771 1160 169 50 squisito
972 1162 122 36 Poeta
1124 1172 116 25 come
1270 1159 41 36 di

298 1229 55 24 un
371 1217 178 48 elegiaco
580 1217 41 36 di
652 1218 133 47 primo
816 1217 145 38 ordine
991 1216 263 38 accennando
1275 1214 37 38 al

300 1273 189 38 Mirador
517 1275 46 35 de
592 1274 255 37 Lindaraxa.

354 1329 77 38 Nel
454 1330 153 48 Jardiri
638 1331 45 36 de
713 1332 61 35 las
812 1331 219 45 Quimeras
1066 1329 26 36 il
1122 1327 111 38 lirico
1269 1327 41 37 di

298 1385 242 49 espansione
583 1386 257 38 entusiastica
879 1386 33 37 si
943 1385 38 37 fa
1021 1385 115 48 largo
1176 1383 136 50 spazio

298 1455 77 25 con
406 1442 53 37 ali
491 1442 250 38 infaticabili.
773 1447 62 33 La
865 1442 154 38 voluttà
1049 1440 34 46 é,
1105 1454 149 35 spesso,
1274 1440 38 37 la

299 1499 157 48 grande
486 1499 254 48 inspiratrice
770 1499 66 37 del
867 1506 116 30 canto
997 1512 7 24 :

401 1588 51 26 En
475 1587 32 27 el
530 1590 122 24 centro
673 1586 44 29 de
740 1596 46 19 un
809 1586 131 29 circulo
961 1595 128 20 sonoro

402 1627 43 27 de
468 1626 142 35 vitores,
635 1626 131 28 erotica
789 1626 147 35 sonries,

404 1665 168 29 mientras
595 1666 140 35 repican
758 1665 148 29 cròtalos
929 1665 42 28 de
993 1673 60 20 oro

399 1708 58 25 tus
479 1705 108 28 dedos
609 1705 188 37 enjoyados
819 1705 42 28 de
884 1703 131 31 rubìes.

398 1766 86 36 Teje
506 1766 155 29 lubricas
682 1766 127 28 danzas
832 1771 37 22 tu
893 1766 107 36 ligera

400 1806 120 35 pianta
542 1806 100 27 sobre
666 1807 31 27 el
720 1806 162 27 damasco
905 1807 43 26 de
972 1807 30 26 la
1024 1804 182 33 alfombra,

399 1854 21 26 y
443 1849 163 31 proyecta
629 1845 32 28 la
683 1854 105 26 negra
809 1846 171 27 cabellera

397 1885 99 27 sobre
517 1887 55 25 tus
593 1885 156 28 hombres
769 1894 48 18 un
839 1885 144 27 temblor
1004 1885 38 27 de
1064 1892 15 19 s
1082 1882 131 29 ombra.

358 1960 289 49 Quest'ultimo
679 1973 119 24 verso
827 1959 123 38 rende
979 1966 106 31 tutto
1115 1959 26 38 il
1171 1966 141 41 potere

300 2017 313 48 onomatopeico
627 2017 104 36 della
743 2015 136 50 poesia
895 2016 39 37 di
950 2023 144 41 questo
1107 2015 191 38 sensitivo

298 2074 194 36 sensuale.
524 2072 248 50 Villaespesa
801 2072 52 37 ha
882 2072 105 38 versi
1019 2071 37 37 d'
1072 2086 78 23 una
1184 2072 104 37 musi-

300 2129 119 38 calità
450 2129 77 38 alla
557 2129 117 49 quale
694 2129 67 37 noi
788 2128 165 45 italiani,
976 2128 110 48 dopo
1107 2128 206 38 Vincenzo

300 2186 146 44 Monti,
491 2198 81 24 non
617 2187 128 35 siamo
789 2184 69 49 più
904 2184 179 38 abituati.
1130 2186 124 37 Tutto
1285 2185 27 36 il

299 2254 146 36 poema
479 2243 160 36 Oriente
668 2244 23 35 è
720 2241 39 38 di
793 2254 79 25 una
893 2241 204 38 ricchezza
1126 2241 40 37 di
1196 2241 116 38 suoni

299 2311 21 24 e
351 2298 40 38 di
421 2299 101 36 tinte
552 2298 50 37 da
633 2298 207 38 inebriare.
875 2299 33 36 E
938 2298 38 36 le
1006 2305 59 30 tre
1105 2298 104 47 parti
1240 2297 73 38 che

298 2354 40 38 lo
369 2367 289 35 compongono
687 2368 103 24 sono
820 2354 59 38 fra
909 2354 36 36 le
976 2354 70 47 più
1081 2354 106 36 belle
1220 2366 70 25 con-

298 2411 156 37 cezioni
483 2410 386 49 impressionistiche
889 2410 73 37 che
981 2410 56 37 sia
1054 2409 96 38 dato
1179 2409 112 39 incon-

300 2474 114 31 trare.
448 2468 65 36 La
543 2468 130 36 danza
703 2468 47 37 de
779 2469 57 35 los
865 2468 95 36 siete
990 2466 4 48 r
995 2468 100 36 uelos
1098 2496 9 15 ì
1133 2466 117 48 piena
1270 2466 42 37 di

298 2524 231 48 serpentine
559 2536 190 25 movenze
768 2536 22 24 e
810 2523 41 37 di
882 2522 244 38 iridescenze
1155 2535 130 36 sugge-

299 2580 101 37 stive
412 2592 9 26 :
465 2580 27 37 il
538 2581 148 36 Poema
729 2581 67 38 del
821 2581 148 35 deserto
1003 2578 27 37 d
1034 2579 7 15 f
1059 2592 79 24 una
1167 2579 146 38 vastità

299 2636 109 38 nuda
438 2649 21 24 e
489 2635 189 40 ardente:
715 2636 27 38 il
781 2636 145 38 Poema
955 2636 68 36 del
1047 2637 88 46 opio
1175 2634 137 39 d'una

299 2691 357 39 trascendentalità
686 2692 153 37 bizzara
869 2706 34 31 e,
924 2691 177 46 insieme,
1134 2692 158 37 solenne-

299 2756 135 31 mente
476 2749 176 38 ieratica.
700 2750 34 35 E
765 2756 103 30 tutte
907 2749 37 36 le
974 2748 99 37 altre
1112 2749 104 46 parti
1247 2749 67 38 del

299 2805 104 38 libro
433 2818 100 25 sono
578 2806 116 47 piene
724 2805 40 37 di
797 2805 94 49 quei
922 2804 136 37 fascini
1100 2804 212 39 misteriosi

300 2861 138 49 propri
459 2861 51 37 ad
527 2874 186 25 emanare
734 2861 105 37 dalla
859 2861 156 48 grande
1035 2867 99 33 arte.
1155 2862 157 38 Visioni

300 2917 209 43 elleniche,
556 2918 199 45 mistiche,
800 2917 272 44 romantiche;
1112 2917 66 37 dei
1207 2919 104 37 versi

299 2975 62 37 sul
391 2975 152 36 cavallo
572 2975 195 36 andaluso
797 2974 73 37 che
898 2975 35 36 ci
966 2980 172 42 portano
1167 2973 75 45 via,
1271 2974 40 37 in

298 3043 158 36 groppa
477 3030 36 37 al
533 3043 130 36 sogno
675 3044 7 24 :
715 3029 103 39 delle
834 3029 238 39 malinconie
1091 3029 223 39 d*aiitunno

299 3094 219 41 stemprate
547 3100 76 24 con
659 3100 80 24 una
783 3087 243 37 delicatezza
1055 3084 41 39 di
1126 3087 132 37 tocchi
1288 3101 25 24 o

299 3143 124 38 d'una
452 3142 237 49 profondità
719 3143 41 37 di
791 3143 222 38 sfumature
1032 3142 134 49 degna
1188 3142 126 39 d'uno

301 3199 161 49 Chopin
492 3199 107 37 della
625 3200 114 37 rima.
763 3199 32 38 Il
817 3207 120 41 poeta
966 3199 34 38 ci
1025 3202 22 34 è
1077 3199 216 49 particolar-

301 3264 137 31 mente
471 3268 91 25 caro
593 3269 21 23 e
644 3257 40 37 lo
705 3256 226 38 additiamo
959 3270 23 23 a
1013 3256 141 49 quanti
1166 3269 148 25 amano

301 3312 38 38 la
369 3311 140 50 poesia
538 3312 143 38 sorella
711 3312 103 38 della
845 3312 168 40 musica.

1417 942 323 45 Francisco
1777 942 364 53 Villaespesa
2143 970 18 15 •
2185 965 50 7 «
2254 945 63 36 EL
2349 945 51 36 MI-

1472 1010 174 29 RADOR
1691 1011 63 28 DE
1799 1002 300 37 LlNDARAXA
2143 1023 51 5 —
2247 1000 179 47 Madrid;

1472 1058 66 38 De
1566 1058 147 49 Pueyo.

1471 1136 33 37 Il
1538 1135 248 48 Villaespesa
1827 1133 22 40 è
1889 1133 284 50 specialmente
2212 1147 55 24 un
2308 1142 118 40 poeta

1415 1191 192 49 elegiaco.
1639 1192 35 36 E
1703 1192 172 38 bastano
1895 1204 22 24 a
1938 1190 261 38 dimostrarlo
2220 1191 208 48 parecchie

1415 1248 105 38 delle
1549 1261 70 25 sue
1649 1248 139 48 poesie
1818 1248 176 37 raccolte
2023 1247 40 37 in
2095 1254 146 41 questo
2262 1247 164 37 volume

1414 1305 119 46 ricco,
1566 1304 142 37 d'altra
1740 1312 127 40 parte,
1890 1304 39 37 di
1950 1303 172 38 melodie
2142 1303 283 49 appassionate

1415 1374 21 23 e
1466 1361 39 37 di
1536 1361 127 38 colori
1694 1361 169 37 ardenti.
1897 1360 32 38 Il
1964 1373 162 36 gruppo
2166 1360 39 36 di
2243 1360 140 38 liriche
2412 1383 13 5 -

1415 1418 65 36 La
1511 1420 162 35 tristeza
1694 1418 66 36 del
1777 1417 77 38 Sol
1871 1439 50 6 —
1943 1419 23 35 è
1987 1416 121 49 pieno
2129 1415 40 38 di
2187 1416 238 38 malinconie

1415 1474 168 47 paniche
1612 1474 255 48 suggestive;
1898 1475 83 35 così
2014 1474 81 36 Los
2119 1474 186 47 jardines
2336 1477 68 33 tra-

1408 1532 126 46 gicos,
1564 1531 37 36 le
1632 1531 222 36 Romances
1882 1532 192 35 moriscas
2095 1542 21 24 e
2135 1529 37 37 le
2192 1531 168 47 Elegias
2379 1530 46 36 de

1421 1587 197 37 Granada
1647 1586 105 37 dove
1781 1586 38 37 la
1848 1585 113 50 ligua
1990 1585 225 49 spagnuola
2245 1587 180 47 acquista

1414 1656 54 23 un
1498 1655 136 25 nuovo
1665 1642 201 37 elemento
1896 1642 40 37 di
1965 1642 266 37 voluttuosità
2262 1642 66 37 dal
2359 1655 42 24 sa-

1415 1711 97 36 pore
1543 1698 226 49 nostalgico
1799 1712 22 24 e
1841 1698 191 38 doloroso
2053 1698 102 38 delle
2177 1698 247 40 concezioni.

1415 1831 321 46 Francisco
1765 1830 380 65 Villaespesa*
2174 1856 57 5 —
2260 1834 66 36 EL
2355 1842 47 28 LI-

1471 1899 96 29 BRO
1599 1898 62 29 DE
1687 1898 83 39 JOB
1801 1912 50 6 —
1877 1888 181 47 Madrid;
2095 1890 64 36 De
2189 1891 147 44 Pueyo.

1472 1968 207 37 L'Illustre
1710 1975 143 30 autore
1882 1968 103 37 delle
2022 1969 232 47 Rapsodias
2274 1982 21 23 e
2321 1968 104 38 delle

1422 2026 214 37 Canciones
1665 2025 66 36 del
1757 2026 154 36 camino
1915 2055 7 15 ,
1954 2023 34 38 ci
2027 2023 99 38 offre
2165 2032 145 41 questo
2349 2037 76 25 suo

1416 2081 142 37 ultimo
1590 2081 105 37 libro
1726 2081 103 36 dove
1858 2081 35 36 le
1923 2080 154 49 qualità
2107 2080 69 48 più
2207 2081 79 37 alte
2319 2080 106 38 della

1416 2138 137 47 poesia
1593 2137 225 50 spagnuola
1862 2137 196 37 moderna
2096 2150 99 24 sono
2239 2137 184 39 raccolte.

1416 2194 128 37 Forza
1574 2194 40 36 di
1645 2193 202 50 pensiero,
1874 2193 290 49 magnificenza
2185 2193 40 37 di
2244 2194 181 48 rapporti

1414 2251 183 37 continui
1629 2250 58 37 fra
1717 2250 278 37 l'individuale
2025 2263 22 24 e
2077 2248 266 46 l'universale,
2366 2263 40 24 so-

1415 2306 131 38 norità
1590 2306 284 44 aristocratica,
1905 2306 155 38 varietà
2090 2305 334 49 d'inspirazione,

1414 2363 246 38 entusiasmo
1689 2375 73 36 per
1792 2363 99 48 ogni
1922 2363 70 48 più
2023 2363 82 36 alto
2136 2363 142 37 ideale.

1536 2449 6 29 !
1568 2449 144 35 Musica,
1736 2448 27 29 sì
1780 2449 6 28 !
1812 2450 85 27 Pero
1919 2457 67 27 que
2009 2448 84 29 cada
2117 2453 84 24 nota

1534 2498 36 19 se
1592 2488 116 36 ajuste
1730 2488 32 28 al
1786 2488 104 28 ritmo
1912 2489 43 27 de
1978 2487 106 37 algùn
2107 2488 231 30 sentimiento

1534 2537 70 27 que
1625 2531 165 33 orqueste
1812 2536 80 20 ecos
1914 2528 43 28 de
1980 2536 69 20 una
2071 2537 62 19 voz
2155 2531 134 25 remota

1534 2576 21 27 y
1578 2576 45 19 no
1645 2568 31 28 el
1700 2567 191 29 estruendo
1913 2568 141 35 garrulo
2076 2568 57 28 del
2155 2568 133 29 viento.

1470 2643 36 36 E
1535 2643 38 36 la
1603 2642 136 48 poesia
1768 2641 39 37 di
1839 2642 216 37 Francisco
2076 2643 264 48 Villaespesa,
2363 2643 64 36 nel

1416 2699 126 36 Libro
1573 2699 44 36 di
1644 2698 71 49 Job
1720 2729 7 14 ,
1765 2697 55 40 ha
1865 2705 235 31 veramente
2145 2698 38 38 la
2227 2699 202 38 solennità

1414 2754 190 51 liturgica
1635 2755 72 37 che
1737 2753 221 39 s'incontra
1988 2756 63 36 nei
2082 2754 127 38 salmi.
2234 2756 193 45 L'anima,

1414 2818 225 32 attraverso
1670 2812 37 37 le
1740 2810 161 49 pagine,
1934 2819 113 30 sente
2078 2810 92 39 Pani
2178 2825 64 23 ma

1555 2909 98 20 come
1674 2900 31 29 el
1729 2909 61 28 per
1808 2909 83 19 umo
1913 2898 42 29 de
1973 2907 70 21 una
2058 2909 80 19 cosa
2160 2904 131 26 eterna.

1415 3006 233 44 Andrès
1670 3006 550 44 Gonzalùs-Blanco
2239 3030 55 6 —
2313 3008 90 38 SAL-

1471 3074 171 29 VADOR
1685 3066 175 37 RUEDA
1901 3074 33 28 Y
1968 3066 172 37 RUBEN
2173 3066 165 36 DARIO
2382 3087 41 5 —

1472 3122 65 37 De
1566 3122 163 48 Pueyo;
1760 3120 175 39 Madrid.

1473 3200 226 49 Leggendo
1731 3206 144 42 questo
1907 3198 233 49 magistrale
2185 3199 137 37 studio
2368 3199 66 38 del

1418 3257 197 38 Gonzales
1644 3257 62 37 sul
1727 3256 102 38 ciclo
1850 3255 41 38 di
1915 3256 140 48 poesia
2075 3256 228 49 spagnuola
2324 3255 106 49 degli

1417 3313 129 38 ultimi
1578 3313 139 48 tempi,
1749 3312 39 38 vi
1818 3314 23 35 è
1871 3311 51 38 da
1954 3311 201 38 invidiare
2188 3313 9 36 i
2230 3312 204 49 campioni

2530 944 102 38 delle
2653 945 116 36 Muse
2790 943 75 38 che
2886 942 147 38 vivono
3055 941 104 37 nella
3180 948 106 30 terra
3307 941 41 37 di
3366 942 174 38 Carmen

2529 1014 21 25 e
2582 1001 52 37 da
2663 1000 216 38 ammirare
2909 999 94 48 quel
3035 997 152 49 popolo
3217 997 74 37 che
3323 1012 80 23 non
3424 999 118 36 serba

2529 1057 176 39 soltanto
2735 1057 37 36 le
2802 1068 70 25 sue
2903 1054 169 38 frenesie
3102 1067 72 36 per
3195 1053 11 38 i
3227 1056 224 37 toreadores
3478 1067 64 25 ma

2528 1115 125 37 anche
2684 1126 69 36 per
2774 1115 57 35 los
2846 1112 179 49 grandes
3045 1115 191 33 maestros
3256 1112 46 35 de
3323 1112 38 36 la
3382 1112 158 39 Poesia,

2585 1171 132 36 Tanto
2747 1173 21 33 è
2789 1168 280 38 l'entusiasmo
3089 1167 73 37 che
3183 1166 117 38 vibra
3321 1168 52 36 da
3399 1174 142 42 queste

2528 1227 150 48 pagine
2708 1240 22 23 e
2768 1225 85 45 che,
2886 1225 31 36 si
2963 1230 127 38 sente,
3136 1223 22 38 è
3201 1225 341 47 completamente

2527 1284 246 46 corrisposto
2837 1279 291 49 dall'opinione
3182 1280 192 48 pubblica
3436 1280 106 37 della

2528 1340 177 48 Spagna.
2738 1338 32 37 Il
2800 1338 103 37 libro
2944 1337 37 36 fa
3025 1336 138 38 venire
3206 1336 37 37 la
3287 1337 164 38 volontà
3498 1337 42 36 di

2527 1395 164 49 leggere
2721 1401 104 31 tutte
2855 1394 37 36 le
2922 1406 123 35 opere
3090 1392 41 37 di
3176 1392 93 49 quei
3314 1394 80 37 due
3432 1393 109 48 poeti

2528 1450 56 53 (di
2615 1453 200 36 Salvador
2832 1451 145 37 Rueda
3008 1448 146 38 l'Italia
3184 1461 175 27 conosce
3398 1461 121 35 parec-

2527 1508 88 37 chie
2645 1521 93 24 cose
2769 1507 127 36 anche
2926 1519 72 35 per
3029 1506 145 36 merito
3206 1506 40 36 di
3271 1507 161 48 Poesia)
3455 1505 84 47 che,

2527 1564 110 37 dallo
2667 1564 137 37 studio
2834 1562 141 38 critico
3005 1562 64 37 del
3102 1562 213 46 Gonzales,
3339 1562 202 49 appaiono

2528 1619 367 39 interessantissimi
2928 1632 80 24 non
3041 1632 120 24 meno
3191 1627 108 29 sotto
3340 1620 26 36 il
3412 1626 128 41 punto

2528 1677 40 37 di
2599 1677 101 37 vista
2744 1682 278 32 strettamente
3067 1675 204 38 letterario
3315 1675 74 37 che
3433 1682 109 31 sotto

2528 1733 133 50 quello
2692 1732 252 46 umanistico,
2978 1733 40 35 in
3049 1745 162 35 genere.
3244 1733 123 36 Paese
3397 1731 121 49 simpa-

2527 1791 81 36 tico
2638 1790 41 35 in
2702 1796 104 31 tutte
2835 1789 37 36 le
2891 1801 71 24 sue
2982 1788 186 44 ardenze,
3192 1796 144 41 questa
3362 1789 178 48 Spagna,

2526 1848 83 35 così
2637 1858 161 35 sempre
2827 1846 212 35 nazionale
3068 1858 22 23 e
3119 1848 82 34 così
3233 1846 135 47 degna
3403 1844 42 37 di
3486 1844 38 37 in-

2526 1915 170 36 segnare
2716 1902 25 36 il
2762 1901 289 38 nazionalismo
3072 1901 77 37 alla
3179 1900 363 50 disgraziatissima

2527 1958 145 38 sorella
2702 1957 133 39 Italia!
2860 1957 57 37 Là
2938 1957 31 37 si
2990 1957 187 37 scrivono
3198 1957 91 37 libri
3312 1956 229 49 d'apoteosi

2527 2016 60 37 sui
2620 2015 124 36 Poeti.
2777 2013 80 50 Qui
2889 2013 11 37 i
2932 2014 112 37 Poeti
3088 2013 33 37 si
3166 2015 181 36 lasciano
3393 2014 149 37 morire

2528 2071 39 38 di
2597 2070 254 37 umiliazione
2882 2083 21 23 e
2933 2070 39 35 di
3004 2070 115 37 fame.
3159 2071 58 36 La
3259 2071 181 48 Spagna,
3479 2069 63 38 col

2528 2140 75 25 suo
2634 2128 118 36 fuoco
2783 2139 128 31 sacro,
2942 2124 22 39 è
3008 2127 134 48 degna
3186 2126 40 37 di
3273 2127 201 48 risorgere
3518 2140 24 23 a

2528 2183 266 39 dominatrice
2824 2183 62 37 nei
2917 2183 124 37 secoli
3055 2196 7 24 :
3095 2196 33 33 e,
3162 2182 211 50 malgrado
3405 2183 35 37 le
3470 2196 72 24 sue

2528 2240 159 49 piaghe,
2720 2239 215 49 risorgerà.
2968 2239 226 37 Dell'Italia
3225 2253 80 24 non
3332 2239 210 49 sappiamo

2529 2297 69 48 più
2628 2304 235 29 veramente
2893 2295 74 37 che
2998 2296 99 37 dire.

2531 2441 83 43 Se
2620 2453 78 30 fa
2709 2440 94 42 fin
2844 2451 44 43 y
2927 2438 283 55 JoaqwiM
3262 2439 282 43 Alvarez-

2587 2497 292 46 Qusntes*®*
2928 2519 50 6 —
3025 2498 72 37 LA
3142 2498 201 39 ZÀGALA
3380 2519 27 7 -
3448 2498 94 37 LAS

2586 2556 187 37 FLORES
2789 2553 269 52 (commedie)
3081 2578 49 4 —
3151 2554 177 45 Madrid;
3347 2553 199 39 Sociedad

2544 2638 5 5 ■
2585 2612 47 37 de
2660 2615 160 33 autores
2849 2611 218 48 espanolos.

2589 2692 156 47 Queste
2775 2690 182 38 comedie
2989 2690 171 36 vibrano
3191 2688 105 38 della
3334 2688 69 50 più
3444 2702 74 36 pro-

2531 2747 122 38 fonda
2683 2759 21 24 e
2733 2745 199 38 luminosa
2963 2746 148 49 poesia.
3142 2746 126 38 Come
3298 2746 83 46 tali,
3417 2745 106 38 costi-

2531 2804 187 37 tuiscono
2749 2816 53 23 un
2824 2803 145 49 saggio
3002 2802 237 38 invidiabile
3269 2815 71 35 per
3366 2803 26 36 il
3412 2809 132 31 teatro

2532 2859 182 39 italiano:
2747 2858 68 51 qui
2844 2859 37 37 la
2912 2860 139 47 poesia
3081 2859 32 37 si
3146 2857 81 50 può
3258 2858 166 49 proprio
3455 2858 89 38 dire

2533 2917 73 37 che
2636 2916 133 37 emani
2800 2923 224 31 attraverso
3055 2914 247 39 l'atmosfera
3333 2915 105 37 delle
3469 2928 50 35 pa-

2534 2973 84 38 role
2650 2985 21 24 e
2701 2972 102 38 delle
2834 2972 141 38 azioni.

2594 3028 120 39 Nulla
2744 3029 41 37 di
2817 3029 208 45 ricercato,
3057 3028 109 38 nulla
3195 3027 43 38 di
3269 3027 214 38 artifizioso
3510 3040 36 32 e,

2535 3086 40 36 in
2611 3086 87 48 pari
2744 3093 152 40 tempo,
2944 3085 109 36 nulla
3093 3085 42 36 di
3180 3085 235 37 trasandato
3454 3097 21 24 e
3505 3083 40 37 di

2534 3143 154 37 banale.
2721 3142 17 37 I
2770 3142 262 49 personaggi,
3073 3141 152 38 avvolti
3257 3140 67 37 dal
3353 3140 88 38 loro
3471 3139 50 37 de-

2536 3199 119 44 stino,
2702 3198 233 48 esprimono
2980 3198 37 38 le
3046 3198 135 36 anime
3225 3196 89 39 loro
3344 3210 77 24 con
3462 3209 84 24 una

2538 3254 222 39 musicalità
2794 3254 350 38 indefinitamente
3178 3253 253 49 suggestiva.
3468 3253 52 37 De-

2538 3312 57 49 gli
2644 3311 164 50 squarci
2853 3311 40 37 di
2938 3311 80 38 vita
3062 3310 207 37 nazionale
3312 3307 232 51 inquadrati

1808 3451 218 43 84
