3675 3794
3145 231 276 41 POESIA

147 363 135 40 chetti,
329 364 161 51 Questo
535 364 161 50 grande
740 365 188 39 scrittore
973 365 52 38 ha
1070 366 102 38 fatto

149 432 172 50 perdere
350 431 188 40 all'Italia
568 447 56 24 un
655 433 125 50 genio
851 458 11 3 -
897 434 199 39 morendo
1119 458 51 5 —

150 503 84 37 Ero
270 515 56 25 un
365 515 172 36 ragazzo
584 503 39 37 io
663 502 169 50 quando
872 501 38 40 lo
942 503 177 39 conobbi
1150 518 24 23 a

154 570 165 40 Milano.
353 570 161 39 Adesso
545 570 54 39 ho
645 571 97 38 tutti
774 571 11 38 i
817 572 146 48 capelli
996 572 177 39 bianchi.

152 640 206 49 Speranza
389 652 178 25 nessuna
588 654 22 24 e
632 639 150 39 ricordi
814 640 199 49 giovanili
1045 654 22 24 e
1097 656 52 24 me-

151 708 201 39 lanconici
383 708 245 39 moltissimi.
662 707 163 39 Adesso
856 722 24 24 a
909 708 102 41 loro.
1048 710 102 38 Lavo-

152 778 105 38 rino.
306 778 136 39 Diano
474 778 188 40 all'Italia
692 779 37 38 la
761 780 69 48 più
865 781 160 49 grande
1056 781 101 37 lette-

154 853 137 32 ratura
305 847 6 38 !
346 847 65 39 Gli
443 847 177 39 scrittori
652 849 194 38 debbono
877 849 300 49 riconquistare

154 915 27 38 il
212 915 197 50 primato!
442 917 47 38 Io
519 916 126 39 credo
676 917 64 38 nel
770 917 89 38 loro
889 917 206 39 avvenire!
1120 919 58 36 La

154 984 206 49 ringrazio
392 998 71 36 per
484 985 37 38 le
541 985 138 50 parole
709 986 143 38 scritte
883 986 66 38 nel
980 999 75 26 suo
1076 986 102 38 libro

155 1066 23 24 a
200 1053 82 38 mio
315 1053 207 49 riguardo.
548 1054 72 39 Ciò
653 1054 56 38 mi
730 1054 38 38 fa
789 1068 165 35 sperare
981 1054 41 38 di
1044 1068 134 25 essere

155 1121 240 39 conosciuto
425 1121 40 38 in
488 1122 115 38 Italia
624 1123 168 49 quando
814 1126 117 47 potrò
963 1123 88 38 loro
1068 1136 83 24 man-

157 1190 99 38 dare
286 1191 37 37 le
354 1190 80 38 mie
465 1204 136 36 opere.
635 1192 81 38 Noi
749 1192 223 50 Argentini
1002 1192 178 38 viviamo

156 1258 40 38 in
228 1272 54 24 un
314 1259 212 49 disperato
572 1261 208 38 anonimo.
828 1261 189 38 Nessuno
1059 1261 122 49 legge

159 1327 83 50 qui.
272 1328 53 38 Al
357 1329 142 49 signor
531 1330 64 37 De
626 1329 131 38 Maria
787 1329 38 38 le
856 1329 78 39 mie
966 1338 192 42 congratu-

159 1396 168 47 lazioni;
373 1411 23 23 a
439 1397 208 39 Marinetti
694 1398 99 38 tanti
839 1399 84 37 cari
964 1398 132 39 saluti.
1130 1399 53 37 Al

160 1465 75 49 sig.
270 1464 146 39 Lucini
460 1465 50 38 ed
548 1479 22 24 a
611 1465 72 39 Lei
715 1479 54 24 un
802 1465 103 39 forte
952 1466 230 42 abbraccio.

161 1533 116 38 Scusi
308 1533 58 50 gli
399 1533 137 40 errori.

161 1613 164 37 Buenos
355 1613 124 38 Aires
639 1602 94 51 Dr.
769 1605 63 46 A.
871 1604 238 48 Sicardi.

1277 367 113 48 ADA
1427 367 165 53 NEGRI
1628 383 32 29 A
1696 368 54 47 E.
1791 368 326 47 CAVACCHIOLI
2140 386 8 29 :

1392 469 189 50 Signore,

1337 551 57 37 Le
1442 563 21 25 «
1489 550 239 38 Ranocchie
1772 551 210 39 Turchine
2008 567 17 22 »
2074 564 102 26 sono
2222 565 80 25 uno

1279 626 138 32 strano
1449 619 101 39 libro
1581 619 43 38 di
1659 633 97 25 vera
1788 621 152 48 poesia.
1987 608 35 50 È
2053 634 80 25 una
2164 621 139 49 poesia

1280 701 55 24 un
1367 701 105 37 poco
1493 688 159 47 malata,
1675 703 66 23 ma
1764 689 75 38 che
1860 698 183 41 appunto
2064 704 71 36 per
2156 699 146 42 questo

1281 757 52 38 ha
1370 770 56 25 un
1467 770 81 25 non
1590 771 46 25 so
1667 758 75 38 che
1781 757 40 39 di
1863 759 314 48 perdutamente
2223 774 54 25 no-

1281 825 175 50 stalgico
1496 826 172 51 qualche
1709 826 123 47 volta,
1874 827 41 38 di
1961 828 342 40 diabolicamente

1280 894 183 39 bizzarro
1496 895 174 50 qualche
1701 895 116 39 altra.

1340 965 34 37 E
1406 964 36 37 la
1472 964 190 50 quartina
1692 968 22 34 è
1746 978 160 36 sempre
1936 968 84 36 così
2051 966 133 48 piena,
2217 968 86 36 così

1286 1064 5 6 .
1314 1063 7 7 .
1346 1063 7 7 .
1380 1065 8 8 .
1421 1037 194 34 cantata!
1644 1033 58 39 Mi
1734 1033 125 49 piace.

1341 1102 96 37 Voti
1469 1115 22 24 e
1521 1102 97 37 voti.

1889 1162 119 47 Ada
2046 1162 183 59 Negri.

1288 1296 45 47 F.
1372 1296 316 54 SALVATORI
1724 1313 31 29 A
1791 1296 52 45 E.
1886 1296 323 46 CAVACCHIOLI
2225 1314 9 28 :

1401 1399 163 39 Gentile
1595 1400 187 48 Signore,

1343 1480 148 49 Voglia
1522 1479 238 50 perdonare,
1802 1480 41 37 in
1888 1480 189 46 cortesia,
2109 1494 44 25 se
2194 1489 114 31 tanto

1288 1547 53 39 ho
1386 1547 158 40 tardato
1575 1561 23 25 a
1629 1547 183 39 renderle
1856 1547 135 52 grazie
2036 1561 74 37 per
2141 1548 26 39 il
2198 1549 111 39 dono

1289 1628 74 25 suo
1394 1628 108 33 caro,
1536 1628 70 36 per
1639 1615 26 38 il
1698 1616 162 38 volume
1892 1615 41 38 di
1964 1616 107 38 versi
2111 1616 144 38 fervidi
2288 1630 20 24 e

2404 367 139 40 sonori
2564 367 74 40 che
2659 367 89 39 Ella
2770 381 76 26 con
2863 376 113 31 tanta
2996 369 223 50 gentilezza
3244 370 181 48 m'inviò;

2407 451 65 23 ma
2503 436 37 38 la
2571 444 131 31 morte
2731 437 41 37 di
2803 450 82 25 una
2916 451 175 35 persona
3127 438 206 40 carissima
3375 440 52 38 mi

2407 505 52 38 ha
2489 505 216 38 abbattuto
2738 505 40 38 in
2809 505 118 50 guisa
2958 506 73 39 che
3062 520 72 37 per
3164 520 103 37 gran
3292 515 137 43 tempo

2408 588 101 25 sono
2526 582 155 31 restato
2698 575 141 47 inerte,
2858 588 124 26 senza
3002 576 167 50 energie
3188 576 40 38 di
3246 576 180 40 volontà.

2410 644 85 38 Ora
2535 643 60 38 fra
2635 643 37 39 le
2713 644 130 49 prime
2888 657 172 37 persone
3104 659 23 23 a
3157 645 63 37 cui
3256 652 119 31 torno
3408 659 22 25 a

2410 711 160 49 parlare
2600 710 22 40 è
2653 712 82 45 Lei,
2767 712 41 37 di
2839 713 63 37 cui
2935 725 82 25 non
3048 713 84 37 vidi
3163 713 80 38 mai
3271 713 26 38 il
3318 713 111 39 volto

2410 783 51 35 nè
2492 781 79 37 mai
2604 780 83 38 udii
2719 780 39 38 la
2787 794 113 32 voce,
2934 794 65 25 ma
3029 781 42 37 di
3103 781 64 38 cui
3200 781 55 38 mi
3278 782 151 50 giunse

2408 857 145 42 questa
2585 857 137 30 strana
2763 849 141 50 parola
2934 849 142 38 d'arte.
3124 851 44 37 Io
3199 863 82 26 non
3313 858 115 31 sento

2410 917 59 51 gli
2501 917 132 50 spiriti
2664 931 21 25 e
2716 917 35 38 le
2781 919 130 37 forme
2941 919 41 36 di
3014 918 220 49 quest'arte
3275 926 151 46 strana,

2410 985 105 39 dove
2546 986 129 38 talora
2706 999 117 37 passa
2854 986 26 39 il
2912 986 160 39 ricordo
3095 986 64 39 del
3180 987 80 38 riso
3292 1000 139 25 amaro

2411 1054 42 39 di
2484 1054 153 50 Arrigo
2669 1055 134 38 Heine
2834 1068 21 25 e
2885 1054 65 40 del
2982 1055 84 39 riso
3096 1063 149 43 arguto
3281 1055 41 38 di
3354 1056 52 38 Se-

2411 1124 144 37 verino
2587 1123 171 46 Ferrari,
2792 1123 105 39 dove
2928 1124 71 49 più
3039 1137 143 36 spesso
3213 1137 162 37 emerge
3406 1124 26 38 il

2412 1206 129 37 segno
2569 1192 175 38 incisivo
2766 1191 66 39 del
2853 1192 134 50 Goya,
3023 1206 65 24 ma
3118 1192 62 38 ne*
3204 1193 88 38 suoi
3324 1193 107 38 versi

2413 1261 127 39 amari
2571 1263 82 36 ni'è
2683 1273 177 37 apparso
2891 1274 55 24 un
2977 1261 181 51 ingegno
3201 1261 228 50 gagliardo,

2412 1330 39 37 al
2481 1329 126 51 quale
2636 1341 162 38 auguro
2839 1328 39 38 la
2908 1329 218 49 disciplina
3165 1342 139 25 severa
3344 1342 21 24 e
3394 1329 38 38 la

2413 1399 166 38 fortuna
2610 1397 329 51 conquistatrice.

2471 1468 57 37 Mi
2559 1466 151 39 ricordi
2749 1479 116 25 come
2905 1480 56 24 un
2992 1467 131 38 amico
3163 1466 178 39 lontano.
3375 1468 58 37 Le

2414 1536 155 50 stringe
2599 1536 36 38 le
2666 1534 110 39 mani

2811 1604 211 49 Fausto
3059 1605 299 48 Salvatori.

1342 2062 91 70 In
1653 2081 170 51 uno
2123 2061 138 71 dei
2515 2081 78 68 pr

1015 2186 697 87 pubblicheremo
1745 2206 169 51 una
1952 2191 247 82 parte
2247 2186 340 89 degfin=

1023 2313 538 71 numerevoli
1613 2314 231 70 studi
1899 2314 285 82 critici,
2241 2313 352 87 apparsi

1020 2440 146 69 nei
1223 2438 376 88 giornali
1667 2438 339 84 d'Italia,
2083 2438 87 70 di
2228 2437 358 72 Francia

1034 2586 46 49 e
1291 2564 520 84 d'America,
2506 2584 87 66 pr

1738 2687 585 87 TURCHINE,,
2356 2690 66 70 il
2454 2691 139 69 cui

1019 2835 400 50 successo
1456 2814 93 70 fu
1607 2819 489 65 veramente
2131 2816 456 85 strepitoso

1037 2940 261 93 (4000
1668 2943 237 83 copie
2220 2941 357 70 vendute

1704 3539 221 37 43
