3497 4381
1744 115 108 48 246

231 249 178 47 daction
447 249 122 47 nicht
606 249 377 64 ungewöhnliche
1016 250 478 64 Begriffsverwirrung
1538 254 174 64 hinweg-

230 324 137 48 sehen
396 325 199 55 wollten,
631 341 73 31 wo
736 324 141 48 bleibt
903 325 112 49 aber
1043 327 71 47 die
1142 327 268 63 angebliche
1451 329 253 55 „Abände-

442 402 92 48 und
1293 405 198 49 Warum
1537 408 207 47 erwähnt

229 478 71 48 die
329 478 247 48 Redaction
607 478 120 48 diese
765 479 393 48 ehrverletzenden
1190 482 365 64 Behauptungen
1586 484 157 48 nicht?

225 554 245 48 Jedenfalls
490 554 238 48 schreiben
752 555 80 47 wir
861 555 110 56 dies,
1000 558 86 45 wie
1115 558 85 47 alle
1230 558 198 48 anderen
1459 560 41 46 in
1532 559 71 48 die
1632 560 82 49 Oef-

228 630 274 50 fentlichkeit
529 633 240 62 gelangten
794 633 380 63 Tactlosigkeiten
1193 634 145 48 dieser
1359 638 102 53 Art,
1485 635 103 49 dem
1614 638 97 47 Man-

225 708 71 62 gel
327 724 56 31 an
413 708 446 48 wissenschaftlicher
883 709 195 63 Bildung
1104 727 70 39 zu,
1204 710 142 50 durch
1379 713 172 48 welche
1583 714 39 62 ja
1653 722 91 39 erst

224 784 58 46 im
318 784 190 47 Vereine
539 784 78 47 mit
648 785 334 48 musicalischer
1014 786 293 49 Erkenntniss
1352 789 166 52 logisch
1553 790 190 51 richtige

1397 837 25 15 o
1687 835 26 19 O

224 859 209 48 Schlüsse
479 860 41 47 in
553 861 150 64 Bezug
744 863 82 47 auf
860 863 310 48 musicalische
1200 865 318 64 Gegenstände
1559 870 150 60 ermög-

222 936 108 48 licht
360 938 196 46 werden.
614 938 200 48 Urlheile
860 939 90 47 und
992 940 227 57 Schlüsse,
1260 943 172 47 welche
1472 944 92 47 sich
1609 944 131 47 allein

222 1014 82 47 auf
357 1014 413 49 autodidaktisches
830 1016 414 50 Musicantenthum
1298 1023 191 53 stützen,
1557 1021 184 49 werden

222 1090 114 47 auch
377 1090 70 48 bei
484 1090 81 48 der
607 1091 183 55 „besten
1169 1095 161 47 immer
1362 1096 151 49 unreif
1537 1098 90 47 und
1660 1115 54 31 un-

222 1167 265 65 vollständig
518 1169 193 48 bleiben.

337 1245 194 64 Leipzig.

1562 1248 67 50 W.

258 1476 281 71 Nachträge
588 1479 102 52 und
729 1479 432 72 Berichtigungen
1210 1499 61 34 zu
1325 1499 94 36 von
1462 1481 239 56 Küchel’s

460 1561 339 56 Verzeichnis
841 1564 92 54 der
974 1565 180 55 Werke
1196 1565 188 56 Mozart’s

1437 1570 54 65 *)•

339 1680 83 46 Die
450 1680 211 64 leipziger
690 1680 283 64 Allgemeine
1002 1682 313 48 Musicalische
1344 1683 193 63 Zeitung
1570 1684 172 49 enthält

215 1757 42 47 in
286 1755 123 49 ihrer
437 1757 80 48 Nr.
549 1757 68 48 29
650 1755 41 50 d.
720 1759 40 46 J.
790 1758 71 48 die
889 1774 84 33 von
1006 1760 150 47 Herrn
1195 1776 102 31 von
1338 1760 214 47 Kochel
1599 1762 139 47 selbst

211 1833 265 65 gegebenen
521 1834 259 65 Nachtrage
822 1853 51 31 zu
917 1837 158 48 dessen
1117 1835 345 50 thematischem
1508 1838 226 66 Kataloge

214 1910 80 49 der
327 1910 176 49 Werke
534 1912 223 48 Mozart's.

329 1988 135 48 Diese
490 1989 261 65 Nachträge
791 1989 215 48 beziehen
1045 1990 92 49 sich
1178 1992 339 64 hauptsächlich
1559 1993 82 48 auf
1663 1993 72 49 die

212 2064 211 48 Existenz
461 2067 323 48 Mozart'scher
827 2069 410 64 Autographen
1283 2087 56 30 an
1381 2070 353 50 verschiedenen

212 2141 145 49 Orten
402 2141 90 49 und
534 2143 146 63 geben
722 2144 115 47 auch
882 2144 307 48 Nachrichten
1235 2145 111 50 über
1387 2147 215 57 einzelne,
1649 2166 87 30 nur

214 2219 365 48 handschriftlich
614 2221 290 47 vorhandene
929 2221 387 65 Compositionen,
1349 2225 173 47 welche
1556 2227 180 48 letztere

203 2295 167 65 jedoch
400 2295 122 48 nicht
550 2313 83 32 von
666 2298 275 48 besonderer
967 2299 268 65 Bedeutung
1258 2301 227 49 scheinen.
1517 2301 99 49 Von
1647 2303 60 47 all-

211 2373 325 63 gemeinerem,
579 2374 121 48 nicht
742 2375 119 48 bloss
906 2378 76 45 für
1024 2375 71 50 die
1136 2376 299 51 urkundliche
1467 2379 268 49 Geschichte

214 2451 256 64 wichtigem
496 2451 219 49 Interesse
736 2453 95 48 sind
860 2453 208 64 folgende
1092 2455 238 48 Rubriken
1355 2455 80 48 der
1458 2458 278 64 Nachträge.

214 2528 101 62 (Die
339 2529 253 48 Nummern
619 2530 213 48 beziehen
861 2531 90 47 sich
984 2533 82 45 auf
1089 2531 80 50 das
1190 2549 84 32 von
1299 2534 299 49 Köchel'sche
1625 2536 83 47 Ver-

214 2605 246 65 zeichniss.)

330 2681 86 50 86.
455 2682 107 49 Ant
574 2682 228 65 iphone:
1146 2682 216 65 Quaerite
1654 2685 88 69 prim

212 2760 50 48 F.
290 2761 40 46 J.
363 2760 120 48 Felis
515 2761 128 48 führt
672 2764 41 45 in
743 2762 80 49 der
854 2764 52 47 11.
939 2764 198 65 Auflage
1175 2768 146 45 seiner

222 2835 103 49 selle
478 2836 80 50 des
686 2835 86 65 musiciens,
773 2840 71 48 T.
845 2840 74 47 VI
920 2840 90 48 227
1045 2841 44 50 ff.
1120 2843 98 48 eine
1247 2860 84 32 von
1363 2844 81 48 der
1475 2845 259 48 bekannten

211 2914 318 49 verschiedene
559 2916 307 65 Bearbeitung
904 2916 78 50 des
1012 2920 258 65 Antiphons
1307 2938 75 39 an,
1425 2920 71 50 die
1527 2921 206 50 wirklich

211 3008 84 31 von
327 2992 174 49 Mozart
535 2994 255 49 herrühren
832 2995 108 56 und,
981 2997 80 47 mit
1087 3000 171 46 seinem
1288 3000 179 47 Namen
1499 3001 235 56 versehen,

211 3069 42 47 in
296 3069 145 48 einem
487 3070 468 52 Miscellaneenbuche
997 3074 59 48 im
1101 3076 193 48 Archive
1339 3076 81 52 der

202 3142 299 66 filarmonica
526 3164 52 30 zu
612 3149 202 64 Bologna
842 3150 92 48 sich
967 3151 211 50 befinden
1208 3154 99 56 soll,
1330 3154 202 63 zugleich
1564 3156 78 47 mit
1665 3155 46 65 je-

214 3239 80 31 ner
332 3224 155 48 früher
517 3224 276 58 bekannten,
837 3227 114 49 über
988 3230 172 48 welche
1190 3231 174 48 Mozart
1402 3231 79 48 das
1509 3230 226 70 Diploma

229 3298 261 69 Magistrale
501 3304 204 48 erhalten
738 3305 99 57 hat;
882 3305 120 51 diese
1037 3307 129 50 letzte
1200 3309 63 48 sei
1299 3309 113 49 aber
1442 3310 99 48 eine
1571 3312 164 47 Arbeit

215 3378 49 47 P.
295 3380 218 47 Martini's
543 3381 88 47 und
662 3397 82 34 von
780 3384 175 48 Mozart
996 3401 88 32 nur
1123 3385 359 65 abgeschrieben
1531 3389 203 50 worden.

216 3455 135 48 Diese
383 3457 146 48 Daten
573 3458 169 50 rühren
785 3478 83 33 von
906 3462 205 50 Gaetano
1142 3464 208 64 Gaspari,
1392 3465 344 66 Capellmeister

212 3549 71 31 am
318 3535 148 47 Dome
494 3552 54 30 zu
582 3536 221 62 Bologna,
847 3538 98 56 her,
982 3538 81 49 der
1105 3540 41 48 in
1183 3542 169 47 seinem
1383 3542 214 50 Discorso
1635 3544 101 57 „Za

212 3607 187 53 Musica
418 3608 51 54 in
489 3612 210 69 Bologna
751 3634 86 30 nur
860 3632 113 49 ganz
996 3617 168 50 dunkel
1186 3620 93 48 sich
1303 3620 137 48 dabin
1465 3622 270 65 ausspricht,

216 3688 47 49 P.
292 3690 182 47 Martini
517 3691 61 48 sei
611 3693 173 49 Mozart
824 3693 69 50 bei
934 3696 270 66 Erlangung
1233 3697 79 48 des

225 3765 141 48 strale
380 3766 241 51 behülflich
653 3787 229 47 gewesen,
924 3773 215 50 während
1170 3791 48 32 er
1247 3776 44 47 in
1320 3778 110 46 zwei
1461 3777 250 50 Privatbrie-

214 3842 71 48 fen
315 3843 71 49 die
416 3845 118 48 oben
563 3848 235 49 erwähnte
827 3850 220 64 Meinung
1075 3852 210 50 aufstellt.
1317 3853 186 50 Directe
1533 3856 203 49 Beweise

214 3919 137 49 dafür
375 3921 118 48 kann
520 3923 188 66 Gaspari
732 3926 122 49 nicht
873 3927 266 60 aufführen,
1162 3930 65 64 ja,
1249 3930 124 49 nicht
1395 3931 166 49 einmal
1585 3935 150 47 wahr-

342 4048 13 45 )
383 4048 125 47 Vergl.
539 4051 199 47 Jahrgang
766 4053 47 44 X,
841 4053 63 37 Nr.
934 4052 44 37 31
1012 4067 88 25 vom
1128 4055 34 39 2.
1194 4059 152 45 August
1376 4057 110 38 1862.

1840 254 242 49 scheinlich
2115 256 208 54 machen,
2354 258 86 47 wie
2468 273 47 32 es
2544 259 196 61 möglich
2771 276 209 47 gewesen
3010 262 80 54 sei,
3124 262 72 47 die
3223 280 140 47 ganze

1843 330 325 65 Körperschaft
2192 330 80 49 der
2294 330 181 51 Societa
2492 332 300 64 filarmonica
2809 337 139 47 selbst
2971 346 132 39 unter
3124 338 82 47 der
3227 355 110 47 ange-

1842 424 274 31 nommenen
2148 408 368 66 Voraussetzung
2550 412 89 47 irre
2679 430 50 29 zu
2764 413 185 55 führen,
2991 413 263 65 abgesehen
3283 416 52 49 da-

1842 501 101 36 von,
1985 484 102 47 dass
2133 483 80 48 der
2254 484 218 50 deutsche
2502 488 183 48 Meister
2714 489 201 64 Leopold
2948 490 174 49 Mozart
3151 492 92 48 und
3272 494 94 47 sein

1842 562 124 47 Sohn
1995 560 254 64 Wolfgang
2271 579 52 30 zu
2348 563 145 47 einem
2517 564 183 48 solchen
2731 563 226 68 „inganno
2976 564 260 52 innocente'
3263 568 105 65 (wie

1844 638 191 63 Gaspari
2067 638 348 63 euphemistisch
2439 639 152 50 diesen
2622 642 176 63 groben
2825 644 170 65 Betrug
3025 645 157 65 nennt)
3206 647 164 63 gewiss

1843 714 123 48 nicht
1994 714 70 47 die
2094 714 135 48 Hand
2261 717 197 58 geboten
2488 718 169 48 hätten.

1961 789 85 49 87.
2327 789 334 65 Mitridate,
3055 794 78 48 Re
3265 791 65 51 di
2856 798 141 63 Oper.
3032 799 108 47 Wie
3163 799 205 65 Leopold

1843 883 84 32 von
1957 868 322 48 Sonnleithner
2309 869 165 48 bereits
2503 871 44 47 in
2576 871 80 47 der
2688 871 212 58 Caecilia,
2930 875 173 55 XXIII,
3133 875 89 57 92,
3263 877 103 47 dem

1843 944 269 48 Textbuche
2140 945 178 61 zufolge
2348 948 163 63 richtig
2554 948 253 57 bemerkte,
2850 950 102 48 dass
2980 951 72 47 die
3081 953 129 65 Oper
3248 954 124 48 nicht

1846 1023 78 47 mit
1959 1023 81 47 der
2080 1024 106 46 Arie
2216 1024 96 48 22:
2882 1024 122 56 „Gia
3202 1024 129 67 dagli
3086 1029 103 49 tolto
3288 1030 54 48 ab-

1844 1099 228 54 schliesse,
2116 1099 85 48 wie
2230 1100 93 47 dies
2352 1101 43 47 in
2426 1101 80 49 der
2535 1103 202 62 einzigen
2769 1104 174 48 damals
2982 1105 261 50 bekannten
3287 1124 54 31 un-

1844 1175 323 65 vollständigen
2195 1179 199 47 Partitur
2417 1180 58 46 im
2501 1178 339 52 Conservatoire
2867 1181 56 50 de
2948 1180 207 67 musique
3177 1185 41 46 in
3244 1185 128 48 Paris

1844 1251 82 48 der
1957 1254 93 47 Fall
2088 1254 70 54 ist,
2199 1255 196 48 sondern
2428 1256 79 49 mit
2544 1258 146 47 einem
2723 1258 234 57 Quintelt:
2999 1298 16 18 „
3025 1259 115 51 Non
3178 1259 44 51 si
3259 1261 113 50 ceda

1843 1329 50 49 al
1915 1327 299 70 campidoglio
2296 1349 49 30 so
2376 1332 103 49 fand
2512 1350 46 31 es
2587 1334 90 48 sich
2704 1336 116 46 auch
2849 1335 226 66 bestätigt,
3107 1339 62 47 als
3199 1339 69 47 ich
3300 1339 72 48 die

1843 1407 234 47 Abschrift
2119 1409 58 45 im
2591 1407 188 51 British
3020 1407 220 52 Museum
2680 1412 42 47 in
2754 1412 191 49 London
2986 1415 42 47 in
3058 1414 148 49 dieser
3235 1416 110 49 Rich-

1843 1490 114 57 tung
1987 1485 213 47 nachsah.
2260 1486 134 48 Diese
2434 1487 139 49 schön
2619 1489 326 63 geschriebene
2977 1492 202 47 Partitur
3210 1492 160 49 wurde

1843 1560 102 48 dem
1989 1570 259 55 genannten
2294 1566 208 47 Museum
2547 1581 83 32 von
2674 1567 85 47 Mr.
2802 1569 253 48 Domenico
3096 1570 275 65 Dragonetti

1842 1639 249 55 vermacht,
2121 1639 81 48 der
2232 1642 63 47 als
2323 1642 282 64 geschickter
2629 1644 337 49 Contrabassist
2989 1646 41 50 in
3053 1647 193 49 London
3276 1649 71 48 län-

1842 1731 109 47 gere
1978 1716 99 46 Zeit
2105 1716 133 48 lebte.

1957 1791 97 51 315
2054 1791 65 51 a.
2152 1793 31 49 8
2215 1793 280 50 Minuette
2525 1796 97 48 mit
2649 1799 134 47 Trio
2812 1800 85 46 für
2928 1800 235 51 Glavier.
3208 1802 162 66 Comp.

1839 1868 189 50 *1778.
2059 1871 128 47 Nach
2219 1871 102 48 dem
2360 1871 256 49 Charakter
2651 1873 80 47 der
2768 1876 295 48 Handschrift
3093 1880 273 63 Autograph

1838 1946 58 47 im
1926 1947 167 47 Besitze
2124 1964 82 31 von
2235 1950 84 47 Mr.
2345 1950 116 63 Eug.
2486 1951 177 65 Sauzay
2693 1951 40 47 in
2759 1952 127 48 Paris
2911 1954 185 62 (1864,
3124 1959 126 62 April
3279 1957 88 64 K.).

1839 2022 31 48 2
1898 2025 170 47 Blätter
2091 2025 78 47 mit
2192 2025 93 48 drei
2313 2027 356 50 beschriebenen
2694 2030 169 56 Seiten,
2895 2031 316 58 Querformat,
3232 2035 108 48 zehn-

1835 2101 143 65 zeilig.
2026 2102 244 64 Ausgabe:
2303 2103 142 50 keine.
2496 2106 136 47 Diese
2670 2107 104 47 acht
2803 2108 147 47 Tänze
2981 2126 155 32 waren
3178 2111 66 47 bis
3274 2130 93 29 nun

1835 2180 136 63 völlig
2000 2180 282 49 unbekannt.
2327 2182 74 47 Sie
2430 2182 95 47 sind
2557 2183 58 47 im
2648 2185 272 63 Autograph
2953 2187 119 48 ohne
3100 2188 268 58 Aufschrift,

1835 2254 125 49 ihrer
1990 2256 267 65 Bewegung
2300 2258 116 47 nach
2448 2260 221 48 Minuette
2712 2261 80 47 mit
2820 2262 125 56 Trio,
2986 2266 80 44 mit
3094 2266 270 48 Ausnahme

1835 2348 84 32 von
1952 2333 79 48 Nr.
2065 2333 50 54 8,
2161 2335 196 48 welcher
2401 2336 99 47 kein
2540 2337 125 55 Trio,
2709 2337 99 48 eine
2846 2340 328 49 abweichende
3207 2345 128 47 Bewe-

1835 2426 126 47 gung
1987 2409 90 49 und
2108 2411 64 48 18
2199 2413 138 47 Tacte
2360 2413 272 49 hat.—Aus
2661 2415 80 47 der
2770 2416 305 67 Behandlung
3104 2418 78 50 des
3210 2422 158 47 Basses

1835 2487 92 48 und
1951 2487 100 48 dem
2080 2488 266 57 Umstände,
2365 2489 102 49 dass
2489 2492 176 47 Mozart
2689 2492 230 50 bisweilen
2945 2512 80 31 aus
3047 2497 152 48 seinen
3221 2500 145 45 Tanz-

1837 2566 368 64 Compositionen
2232 2568 76 47 für
2331 2568 250 48 Orchester
2604 2571 128 47 einen
2759 2571 387 70 Clavier-Auszug
3170 2577 197 56 machte,

1835 2643 80 48 hat
1946 2660 101 31 man
2080 2644 180 58 Grund,
2289 2663 52 30 zu
2371 2646 219 63 glauben,
2634 2647 102 48 dass
2775 2649 116 49 auch
2923 2651 121 48 diese
3084 2655 105 47 acht
3217 2656 150 47 Tänze

1835 2721 318 63 ursprünglich
2188 2722 77 47 für
2294 2723 249 48 Orchester
2572 2727 258 63 componirt
2859 2743 170 35 waren.

1953 2797 125 51 •329.
2110 2799 213 50 Sonate
2368 2802 83 47 für
2482 2803 173 61 Orgel
2700 2804 102 47 und
2845 2804 325 51 Orchester.
3216 2809 117 49 Auto-

1834 2876 173 64 graph:
2036 2877 65 47 Im
2135 2878 170 47 Besitze
2334 2895 84 31 von
2451 2881 84 47 Mr.
2568 2881 136 48 Villot
2732 2881 43 49 in
2804 2883 130 47 Paris
2964 2882 186 66 (1864,
3169 2887 88 47 Mai
3276 2887 90 65 K.).

1835 2953 334 50 Ueberschrift:
2680 2958 144 64 Ausgabe:
2825 2961 117 48 Keine.

1951 3029 124 51 387.
2094 3033 42 57 Q
2153 3050 62 31 ua
2232 3051 20 29 r
2266 3042 77 39 tet
2356 3042 15 39 t
2395 3034 96 47 Tür
2520 3036 673 53 Streich-Instrumente.
3218 3042 119 48 Auto-

1832 3108 171 63 graph:
2034 3110 63 46 Im
2131 3110 170 47 Besitze
2332 3127 83 32 von
2448 3113 82 47 Mr.
2563 3113 48 47 C.
2646 3113 78 50 W.
2759 3114 48 49 C.
2839 3116 217 48 Plowden
3098 3117 42 47 in
3173 3117 190 49 London

1832 3184 185 64 (1864.
2050 3187 127 63 April
2210 3187 89 66 K.).
2337 3189 337 50 Ueberschrift:
2715 3229 17 19 „
2742 3190 239 64 Quartetto
3008 3190 53 53 di
3099 3193 268 70 Wolfgango

1839 3262 210 50 Amadeo
2313 3263 193 51 Mozart
2747 3282 89 51 mp.
2986 3265 36 50 Ii
3109 3268 68 48 31
3295 3265 53 51 di

1840 3340 65 49 12
1934 3342 169 48 Blätter
2133 3343 80 47 mit
2237 3342 70 50 23
2336 3344 355 50 beschriebenen
2718 3348 169 55 Seiten,
2917 3348 318 60 Querformat,
3272 3352 89 48 12-

1830 3418 144 66 zeilig.
2006 3420 85 49 Mr.
2124 3420 48 49 C.
2199 3420 80 50 W.
2304 3422 47 48 C.
2379 3423 217 48 Plowden
2625 3423 55 48 ist
2710 3424 80 48 der
2821 3424 427 52 beneidenswerlhe
3278 3429 56 49 Be-

1832 3495 129 50 sitzer
1990 3497 82 49 der
2102 3499 304 66 Autographe
2436 3500 122 49 nicht
2587 3518 88 31 nur
2704 3502 81 48 der
2813 3504 129 47 sechs
2971 3505 91 49 Jos.
3090 3505 161 66 Haydn
3284 3524 52 46 ge-

1833 3573 245 49 widmeten
2120 3575 246 59 Quartette
2397 3575 150 66 (387,
2576 3578 128 56 421,
2736 3579 127 55 428,
2893 3582 127 56 458,
3052 3582 130 54 464,
3213 3583 149 66 465),

1832 3651 198 49 sondern
2060 3654 116 48 auch
2200 3654 133 65 jener
2362 3655 115 57 drei,
2507 3657 172 48 welche
2702 3657 101 49 dem
2831 3660 179 64 Könige
3033 3677 83 32 von
3138 3663 225 48 Preussen

1833 3729 190 49 dedicirt
2050 3732 95 46 sind
2177 3729 150 71 (575,
2359 3733 128 56 589,
2517 3734 146 66 590),
2699 3752 50 32 so
2782 3737 83 47 wie
2900 3737 78 48 des
3016 3739 241 48 vereinzelt
3284 3757 54 47 ge-

1834 3806 241 50 bliebenen
2101 3808 241 59 Quartetts
2365 3810 109 50 499
2501 3828 80 32 aus
2597 3812 132 64 jener
2754 3814 214 56 Periode;
3000 3817 93 47 also
3117 3817 112 48 aller
3250 3818 113 47 zehn

1834 3884 163 49 Perlen
2026 3885 82 48 der
2138 3886 246 59 Quartette
2413 3889 224 50 Mozart's.

1953 3963 126 49 492.
2107 3964 78 49 Le
2211 3964 89 51 No
2308 3982 98 33 82e
2431 3966 58 50 di
2517 3968 224 66 Figaro.
2784 3969 142 65 Oper,
2967 3972 297 64 Autograph:
3293 3973 68 48 Im

1837 4040 171 50 Besitze
2049 4058 84 32 von
2181 4044 54 47 N.
2274 4044 207 49 Simrock
2525 4046 41 47 in
2610 4046 147 57 Bonn,
2799 4046 82 50 der
2924 4066 44 30 es
3011 4066 83 33 von
3142 4050 222 50 Volkmar
