3619 5433
713 4166 58 58 78

886 775 142 57 And
1067 793 155 55 pray
1262 774 156 56 thou
1459 773 141 56 that
1642 773 107 55 her
1790 771 271 57 children
2104 790 144 51 may
2289 775 112 50 not
2441 770 336 70 hunger,—

881 871 120 57 For
1043 891 136 37 now
1222 870 50 57 is
1313 871 109 56 the
1462 869 177 73 night
1680 869 93 56 for
1815 868 408 73 maple-sugar
2263 865 280 72 feasting.

883 1025 424 70 Ho-yo-ho-ho
1335 1025 10 54 !
1392 1024 426 70 H6-yo-h6-ho
1847 1023 9 55 !
1889 1068 10 10 .
1931 1068 11 9 .
1973 1067 10 10 .
2027 1020 189 70 yo-ho
2244 1020 10 56 !
2286 1067 10 10 .
2328 1067 10 10 .
2371 1067 9 9 .

881 1122 186 56 From
1106 1123 108 55 the
1253 1122 142 71 long
1437 1121 135 57 cold
1613 1120 63 57 of
1715 1119 475 65 winter-moons,
2235 1135 110 38 our
2388 1134 139 53 eyes

881 1219 120 56 Are
1043 1219 169 73 deep,
1259 1237 111 37 our
1410 1217 199 57 hands
1648 1217 122 55 like
1809 1217 108 55 the
1957 1213 274 58 bundled
2274 1214 173 57 veins
2490 1212 123 57 and
2654 1211 204 57 talons

883 1316 79 58 Of
1001 1316 268 57 buzzard
1309 1315 184 57 birds.
1580 1314 218 57 Before
1837 1313 107 56 the
1984 1311 434 57 winter-winds

881 1412 129 57 The
1052 1432 205 38 moose
1297 1414 160 55 have
1497 1431 116 37 run
1653 1418 67 49 to
1761 1410 180 56 other
1981 1408 178 56 lands
2201 1407 93 57 for
2334 1407 242 73 feeding
2603 1426 12 50 ;

881 1509 128 57 The
1051 1510 236 56 rabbits
1329 1510 160 55 have
1528 1507 299 58 vanished
1870 1524 66 37 as
1975 1506 108 55 the
2123 1523 183 48 snow,
2337 1540 79 5 —
2455 1525 35 35 a
2529 1504 226 74 plague

881 1607 141 63 Left
1065 1627 35 37 a
1141 1615 247 63 strange
1428 1607 108 57 red
1577 1605 267 57 sickness
1885 1603 63 56 in
1989 1602 160 57 their
2189 1601 294 58 withered
2525 1602 269 56 mouths.

881 1704 176 61 Even
1098 1703 103 57 old
1244 1703 190 72 Gahg,
1478 1703 109 55 the
1627 1702 237 69 clumsy
1904 1699 352 76 porcupine,

881 1803 95 55 No
1019 1801 205 72 longer
1265 1799 159 57 finds
1466 1798 93 57 his
1599 1817 138 51 way
1777 1804 67 49 to
1886 1815 111 38 our
2038 1796 456 73 roasting-pots,
2526 1829 77 6 —

881 1901 111 54 We
1031 1897 125 57 boil
1196 1896 94 56 his
1329 1895 216 72 yellow
1585 1893 309 58 bone-ribs
1937 1913 189 50 many
2167 1891 180 57 times
2372 1926 79 6 —-

881 1995 141 72 Ugh
1049 1995 9 55 !
1106 1996 128 55 Our
1273 1993 173 56 teeth
1487 2010 163 54 grow
1690 1990 123 57 soft
1854 1990 262 57 without
2157 1996 210 65 strong
2410 1995 165 49 meat
2615 1995 67 49 to
2725 1994 117 50 eat.

882 2149 101 54 Ho
1012 2147 9 55 !
1069 2145 619 72 Way-nah-bo-zhoo,
1735 2145 146 55 hear
1919 2144 157 55 thou
2118 2161 111 37 our
2272 2161 189 50 many
2501 2148 163 49 tears

881 2243 320 74 Dropping
1243 2261 223 54 among
1505 2243 109 55 the
1655 2241 159 57 dead
1853 2240 203 56 leaves
2097 2239 64 56 of
2201 2239 217 56 winter
2446 2257 12 49 ;

883 2344 163 66 Pray
1086 2340 171 67 thou,
1305 2340 122 55 and
1470 2339 110 56 ask
1621 2356 110 38 our
1771 2337 454 73 grandmother,
2273 2335 509 72 Waking-Earth,

879 2437 89 56 To
1009 2437 147 56 take
1196 2454 72 39 us
1308 2435 65 56 in
1413 2436 107 56 her
1563 2453 179 47 arms,
1787 2440 67 50 to
1898 2433 180 56 make
2118 2451 72 38 us
2232 2451 193 38 warm

880 2534 172 58 With
1091 2533 162 66 food,
1298 2540 69 49 to
1407 2532 147 56 hold
1593 2549 72 39 us
1706 2531 129 56 safe
1875 2549 169 55 upon
2086 2531 107 55 her
2232 2530 234 56 bosom.

880 2634 127 55 Our
1049 2631 250 55 mouths
1340 2648 75 54 go
1456 2628 316 72 searching
1812 2628 94 55 for
1947 2628 108 55 her
2098 2626 241 73 mighty
2378 2628 257 65 breasts,

878 2730 219 56 Where
1136 2729 109 56 the
1286 2725 383 76 maple-milk
1710 2743 203 39 comes
1953 2724 243 72 flowing
2236 2724 159 56 from
2435 2725 108 56 the
2582 2730 181 61 trees,
2793 2758 65 6 —

877 2824 273 72 Ah-yee!
1199 2824 277 66 Brother,
1521 2841 156 56 pray
1717 2823 156 55 thou
1914 2841 139 37 now
2092 2822 109 56 the
2241 2821 402 58 Mother-One

877 2923 89 56 To
1008 2923 136 72 give
1183 2940 74 38 us
1296 2921 190 70 freely
1526 2920 64 56 of
1630 2921 106 55 her
1776 2937 336 55 sugar-sap,

878 3020 129 56 The
1047 3019 159 72 good
1246 3023 402 51 sweet-water
1689 3016 63 56 of
1793 3016 107 55 her
1939 3015 283 72 bursting
2261 3016 318 55 breasts—

878 3117 119 56 For
1037 3117 108 55 the
1185 3111 779 74 Moon-of-Sugar-Making
2004 3112 50 56 is
2095 3131 168 54 upon
2303 3130 72 37 us
2402 3112 9 55 !

879 3213 425 70 Ho-yo-ho-ho
1333 3211 9 55 !
1392 3210 426 70 Ho-yo-ho-ho
1846 3210 9 55 !
1888 3256 9 10 .
1930 3256 10 10 .
1973 3256 9 10 .
2028 3210 187 69 yo-ho
2244 3209 9 55 !

878 3313 100 53 Ho
1007 3311 9 54 !

1769 3448 83 53 II.

877 3602 141 57 And
1057 3601 48 55 if
1144 3601 108 56 the
1293 3619 109 54 sap
1446 3598 168 57 flows
1656 3598 139 56 thin
1835 3597 153 57 with
2029 3604 206 60 water,
2281 3616 110 37 our
2431 3597 208 56 hearts

878 3698 139 58 Will
1058 3697 146 57 hold
1243 3716 81 36 no
1365 3696 329 56 bitterness
1722 3713 12 50 ;
1779 3695 93 56 for
1912 3714 91 37 we
2045 3695 154 56 shall
2239 3695 181 55 know

877 3794 162 57 That
1080 3794 142 72 long
1265 3812 112 53 ago
1418 3793 63 55 in
1523 3793 117 70 thy
1679 3791 257 58 wisdom
1975 3793 157 55 thou
2175 3791 250 58 decreed

876 3890 162 56 That
1079 3895 111 50 out
1232 3888 294 57 mother's
1569 3888 150 56 milk
1762 3887 196 73 might
1999 3906 188 39 never
2227 3888 77 56 be
2343 3893 106 50 too
2491 3887 192 67 thick,

878 3987 260 71 Fearing
1178 3987 143 56 that
1362 4006 91 36 we
1496 3985 219 57 should
1755 3986 215 71 gather
2010 3986 217 72 plenty
2267 4002 180 54 sugar
