3619 5433
851 4178 63 45 44

1025 768 141 57 And
1208 768 527 74 apple-blossoms,

1022 864 142 57 And
1203 863 289 58 windows
1534 883 158 55 open
1733 869 68 50 to
1844 883 34 36 a
1919 862 198 60 South
2161 862 201 58 Wind.

1020 964 146 69 May
1205 961 51 57 is
1298 981 36 36 a
1374 961 111 56 full
1525 961 155 72 light
1720 960 165 56 wind
1926 960 63 56 of
2027 960 138 56 lilac

1020 1059 188 57 From
1249 1057 249 59 Canada
1539 1065 67 50 to
1648 1060 415 71 Naragansett
2107 1060 152 67 Bay.

1019 1239 213 66 Lilacs,

1018 1336 176 56 False
1233 1336 159 67 blue,

1020 1432 222 68 White,

1018 1530 237 73 Purple,

1028 1626 217 58 Colour
1286 1627 63 56 of
1391 1626 154 58 lilac.

1021 1724 427 58 Heart-leaves
1483 1723 63 57 of
1578 1723 138 57 lilac
1759 1724 78 56 all
1878 1744 146 37 over
2066 1727 152 56 New
2260 1724 301 72 England,

1025 1824 196 54 Roots
1261 1822 64 55 of
1365 1821 138 57 lilac
1542 1822 196 56 under
1780 1822 78 56 all
1899 1822 106 56 the
2046 1822 111 56 soil
2202 1821 63 57 of
2305 1822 151 56 New
2497 1822 303 72 England,

1019 1917 169 64 Ivilac
1227 1917 64 57 in
1334 1938 97 37 me
1471 1919 261 57 because
1772 1922 30 52 I
1847 1938 103 37 am
1989 1922 151 55 New
2183 1918 301 73 England,

1021 2019 270 54 Because
1332 2037 107 51 my
1481 2022 167 50 roots
1692 2035 100 37 are
1832 2015 63 57 in
1936 2016 66 67 it,

1022 2118 270 52 Because
1335 2134 106 50 my
1481 2113 204 57 leaves
1726 2132 102 38 are
1868 2114 64 56 of
1972 2114 68 67 it,

1021 2215 269 53 Because
1332 2231 106 50 my
1479 2210 233 56 flowers
1755 2230 100 37 are
1895 2210 94 57 for
2027 2211 67 67 it,

1022 2311 269 53 Because
1330 2307 51 57 it
1420 2308 52 56 is
1514 2326 107 51 my
1663 2314 264 65 country

1017 2403 143 59 And
1200 2408 31 52 I
1274 2405 190 74 speak
1503 2411 67 52 to
1611 2406 52 56 it
1703 2405 64 56 of
1806 2404 164 58 itself

1020 2501 142 57 And
1203 2502 133 72 sing
1377 2503 63 55 of
1481 2503 49 57 it
1572 2503 152 57 with
1767 2523 106 50 my
1913 2522 138 37 own
2093 2502 173 58 voice

1020 2598 175 59 Since
1237 2600 297 70 certainly
1575 2600 50 56 it
1665 2600 52 56 is
1759 2599 180 57 mine.

2745 2820 152 57 Amy
2938 2825 281 57 Lowell.
