3619 5433
648 847 58 44 at
740 842 94 49 the
868 858 132 45 very
1034 842 135 50 least
1204 859 78 32 we
1316 842 118 50 tend
1469 858 57 34 so
1562 847 58 44 to
1657 842 190 50 reduce
1882 842 59 50 it.
2015 843 97 49 We
2148 842 136 50 shall
2320 843 67 50 be
2424 843 160 63 doing
2623 842 71 49 all
2730 860 77 32 we
2846 860 99 33 can
2982 849 60 44 to

647 925 213 49 conceal
895 925 138 49 from
1067 925 94 49 the
1196 925 298 49 individual
1531 925 156 49 artist
1733 926 94 48 the
1874 925 306 61 essentially
2225 926 345 64 competitive
2616 931 191 43 nature
2854 926 54 49 of
2953 928 94 48 the

646 1012 126 53 arts,
812 1007 106 49 and
953 1008 128 49 thus
1116 1023 156 34 cause
1309 1007 115 48 him
1458 1013 59 43 to
1555 1007 146 49 relax
1736 1007 82 50 his
1854 1007 197 50 efforts.
2125 1007 126 50 And
2301 1008 120 49 how
2470 1008 351 50 inconsistent
2873 1009 172 49 would

644 1090 68 50 be
745 1090 133 50 such
913 1107 31 32 a
981 1107 183 33 course
1198 1090 133 49 with
1366 1106 97 33 our
1498 1090 157 50 belief
1691 1090 58 49 in
1783 1091 94 49 the
1934 1090 275 61 relativity
2266 1090 54 49 of
2380 1092 68 48 all
2507 1092 259 49 aesthetic
2824 1091 184 51 values
3035 1096 7 47 !

645 1173 104 49 For
773 1173 40 49 if
838 1190 78 32 we
942 1173 192 49 reduce
1155 1172 69 49 all
1244 1173 259 49 aesthetic
1540 1173 229 61 activity
1801 1179 60 44 to
1896 1173 263 64 solipsism
2200 1204 54 6 —
2279 1173 57 49 in
2370 1175 153 48 other
2556 1174 172 50 words
2762 1180 59 43 to
2856 1175 164 50 indivi-

646 1255 229 50 dualism
901 1286 53 4 —
979 1256 177 61 surely
1178 1272 78 32 we
1280 1256 167 62 ought
1472 1261 96 43 not
1601 1261 59 44 to
1697 1256 68 50 be
1802 1256 173 49 afraid
2011 1256 55 49 of
2102 1256 256 64 pursuing
2393 1258 123 49 that
2552 1274 184 33 course
2773 1274 57 33 as
2869 1258 178 50 critics

644 1339 173 48 which
871 1355 167 33 seems
1092 1339 119 49 best
1265 1338 295 50 calculated
1613 1344 61 44 to
1728 1339 206 63 compel
1969 1339 94 49 the
2098 1339 298 50 individual
2433 1341 154 49 artist
2625 1345 59 44 to
2722 1347 130 43 exert
2907 1341 102 48 him-

645 1420 111 60 self,
795 1427 59 43 to
891 1421 223 63 develop
1149 1421 210 50 himself
1394 1421 75 61 by
1507 1422 367 63 competition,
1912 1427 59 43 to
2009 1438 142 46 grow
2174 1423 75 60 by
2284 1422 246 63 struggle.
2602 1422 113 50 The
2769 1439 145 34 more
2967 1424 50 48 fe-

644 1503 78 48 ral
756 1504 94 48 the
884 1502 222 50 warfare
1140 1504 240 50 between
1416 1519 100 33 one
1556 1504 332 50 art-method
1934 1504 107 48 and
2087 1505 239 56 another,
2374 1504 93 49 the
2512 1504 131 50 finer
2687 1502 107 52 will
2838 1506 66 49 be
2950 1507 94 48 the

645 1585 344 63 competitive
1024 1587 172 49 works
1226 1587 286 63 produced,
1550 1587 96 49 the
1682 1587 235 50 intenser
1946 1587 106 49 will
2080 1587 67 50 be
2186 1587 94 49 the
2310 1589 230 61 energies
2565 1589 145 63 flung
2735 1589 115 48 into
2876 1590 166 48 them.

645 1668 124 49 And
806 1684 160 46 every
1000 1669 221 49 method
1256 1670 106 49 will
1401 1671 139 49 have
1574 1670 71 50 its
1680 1676 143 52 turn,
1846 1670 58 49 in
1924 1670 323 49 accordance
2287 1670 132 49 with
2442 1671 92 49 the
2570 1671 295 64 prevailing
2901 1688 106 45 sym-

643 1751 210 63 pathies
889 1751 55 48 of
978 1752 94 48 the
1108 1758 255 44 moment.

777 1836 55 48 Is
867 1834 109 51 this
1011 1835 136 50 view
1182 1836 294 61 extremely
1511 1836 327 64 speculative
1861 1836 60 49 ?.
1950 1877 9 8 .
1988 1877 9 8 .
2074 1837 250 62 Perhaps.
2398 1839 109 46 But
2542 1837 45 48 it
2624 1853 224 47 appears
2882 1843 60 43 to
2978 1838 66 49 be

644 1916 172 50 sound
852 1918 225 62 enough,
1116 1934 58 33 as
1209 1918 123 63 long
1358 1935 57 33 as
1451 1935 96 33 our
1587 1919 237 49 attitude
1856 1919 207 49 toward
2098 1924 83 44 art
2214 1919 44 49 is
2291 1919 196 61 wholly
2521 1920 273 48 aesthteic.
2868 1920 67 59 If,
2974 1937 70 31 on

640 2001 94 47 the
771 2000 152 49 other
959 2000 162 59 hand,
1159 2001 56 48 in
1249 2001 94 49 the
1380 2001 223 50 absence
1658 2002 54 48 of
1771 2002 261 64 anything
2086 2002 105 49 like
2244 2001 233 50 uniform
2531 2002 257 49 aestehtic
2842 2003 200 58 values,

640 2099 78 32 we
753 2084 128 47 take
916 2083 196 63 refuge,
1152 2100 57 33 as
1246 2086 28 47 I
1311 2084 284 63 suggested
1632 2085 199 59 earlier,
1869 2085 56 49 in
1962 2102 31 32 a
2028 2084 191 64 purely
2253 2085 392 63 psychological
2667 2085 137 50 view
2839 2086 54 48 of
2942 2091 100 52 art,

640 2165 188 63 taking
863 2166 236 63 thought
1136 2166 275 63 primarily
1449 2167 196 62 always
1683 2167 54 49 of
1771 2167 71 50 its
1894 2168 159 49 social
2100 2169 253 61 function,
2407 2184 78 33 we
2538 2168 112 49 find
2686 2168 265 50 ourselves
2988 2173 57 44 at

640 2263 130 34 once
828 2249 419 63 contemplating
1302 2266 31 33 a
1387 2250 202 63 change
1650 2250 56 49 in
1773 2250 253 50 criticism
2076 2250 267 64 profound
2396 2250 106 50 and
2553 2251 228 63 perhaps
2832 2250 210 62 deadly.

639 2330 105 50 For
778 2331 133 49 with
944 2333 94 47 the
1075 2332 202 50 advent
1314 2333 55 48 of
1406 2350 31 32 a
1474 2333 138 49 clear
1661 2333 394 64 psychological
2104 2333 421 64 understanding
2574 2334 54 48 of
2676 2334 146 48 what
2870 2334 45 50 is
2963 2350 54 34 so-

639 2413 158 62 cially
832 2414 173 50 useful
1038 2414 57 49 in
1132 2420 100 53 art,
1273 2416 107 48 and
1422 2416 54 49 of
1518 2417 146 48 what
1703 2416 45 49 is
1789 2416 219 61 socially
2050 2416 334 50 undesirable
2419 2417 56 48 in
2510 2416 59 59 it,
2613 2433 78 32 we
2732 2416 134 50 shall
2907 2417 137 49 have

639 2496 244 63 replaced
917 2497 93 49 the
1046 2514 121 32 now
1201 2498 287 63 vanishing
1522 2504 238 56 tyranny
1796 2498 54 50 of
1887 2498 243 64 religious
2174 2499 167 49 ethics
2383 2499 133 49 with
2559 2516 31 32 a
2632 2515 116 33 new
2791 2498 107 50 and
2939 2499 78 49 uti-

638 2579 216 48 litarian
890 2579 168 51 ethics
1082 2596 11 43 ;
1133 2597 32 31 a
1200 2581 357 62 replacement
1590 2581 125 61 only
1745 2587 94 44 too
1869 2581 163 61 likely
2061 2587 59 43 to
2153 2598 157 33 occur
2339 2581 56 49 in
2432 2598 31 32 a
2506 2581 165 50 world
2715 2581 195 61 always
2954 2582 59 49 be-

638 2661 209 64 coming
883 2678 146 33 more
1067 2664 11 17 '
1103 2662 322 51 democratic
1449 2664 47 49 '.
1525 2703 10 10 .
1562 2703 10 11 .
1648 2667 110 46 But
1802 2664 124 49 that
1970 2664 44 50 is
2061 2681 32 32 a
2139 2664 246 63 question
2429 2664 175 49 which
2649 2664 125 50 does
2820 2670 96 43 not
2961 2664 82 49 for

637 2745 93 48 the
766 2750 239 43 moment
1062 2762 226 33 concern
1323 2763 78 33 us.
1476 2747 75 49 As
1607 2746 124 63 long
1789 2763 57 34 as
1904 2747 255 50 criticism
2192 2747 45 50 is
2274 2747 164 50 based
2475 2747 191 61 chiefly
2701 2764 71 32 on
2810 2747 11 19 '
2844 2752 142 45 taste

636 2827 75 49 let
746 2843 62 32 us
828 2828 138 62 hope
984 2829 124 48 that
1143 2828 45 49 it
1226 2829 105 48 will
1369 2830 66 49 be
1474 2829 344 63 opinionated
1839 2830 106 49 and
1970 2830 314 58 individual,
2313 2859 53 5 —
2393 2830 181 48 armed
2612 2830 261 64 cap-a-pie
2910 2830 132 48 with

635 2910 208 62 theory,
900 2911 151 63 logic,
1089 2928 177 47 power
1302 2912 54 49 of
1393 2912 247 61 analysis,
1686 2912 185 50 tactile
1916 2912 251 62 delicacy,
2215 2913 307 63 knowledge
2566 2913 54 49 of
2650 2912 392 64 psychological

637 3009 197 42 causes,
863 3023 53 6 —
943 2995 100 49 but
1064 3011 138 33 none
1220 2995 94 50 the
1334 2995 101 50 less
1454 2995 293 64 intrepidly
1767 2995 313 59 individual,
2103 2996 271 63 springing
2396 3001 94 44 out
2512 2996 53 48 of
2584 2996 94 49 the
2697 2995 344 50 individual's

637 3076 304 49 confidence
975 3077 57 48 in
1066 3078 93 48 the
1195 3078 184 49 sacred
1415 3078 263 62 rightness
1716 3078 53 49 of
1805 3078 82 50 his
1924 3095 119 32 own
2076 3079 151 49 view.
2301 3078 179 61 Every
2523 3078 171 59 artist,
2740 3095 161 44 every
2943 3078 72 49 cri-

635 3158 91 58 tic,
765 3158 81 48 for
881 3159 227 58 himself,
1148 3160 106 48 and
1291 3160 237 50 oblivion
1562 3161 128 48 take
1731 3161 94 49 the
1866 3161 309 49 hindmost!
2247 3159 146 60 This,
2435 3161 45 48 it
2522 3177 167 34 seems
2730 3166 60 44 to
2832 3177 100 42 me,
2994 3161 47 49 is

635 3241 94 48 the
763 3258 119 45 way
916 3247 60 43 to
1011 3247 150 58 great
1198 3248 99 44 art.

2420 3434 232 51 Conrad
2691 3435 205 52 Aiken.

719 4224 61 58 38
