<?xml version="1.0" encoding="UTF-8"?>
<alto xmlns:xsi="http://www.w3.org/2001/XMLSchema-instance" xmlns="http://www.loc.gov/standards/alto/ns-v2#" xsi:schemaLocation="http://www.loc.gov/standards/alto/ns-v2# http://www.loc.gov/standards/alto/alto-v2.0.xsd" xmlns:xlink="http://www.w3.org/1999/xlink">
	<Description>
		<MeasurementUnit>mm10</MeasurementUnit>
		<sourceImageInformation>
			<fileName>//fileserver7/IN2/Princeton/Batch2/bmtnaap/1921/11_01/00000079.tif</fileName>
		</sourceImageInformation>
		<OCRProcessing ID="OCRPROCESSING_1">
			<preProcessingStep>
				<processingSoftware>
					<softwareCreator>CCS Content Conversion Specialists GmbH, Germany</softwareCreator>
					<softwareName>CCS docWORKS</softwareName>
					<softwareVersion>6.6-0.29</softwareVersion>
				</processingSoftware>
			</preProcessingStep>
			<ocrProcessingStep>
				<processingSoftware>
					<softwareCreator>ABBYY (BIT Software), Russia</softwareCreator>
					<softwareName>FineReader</softwareName>
					<softwareVersion>10.0</softwareVersion>
				</processingSoftware>
			</ocrProcessingStep>
		</OCRProcessing>
	</Description>
	<Styles>
		<TextStyle ID="TXT_0" FONTSIZE="10" FONTFAMILY="Times New Roman"/>
		<ParagraphStyle ID="PAR_RIGHT" ALIGN="Right"/>
		<ParagraphStyle ID="PAR_LEFT" ALIGN="Left"/>
	</Styles>
	<Layout>
		<Page ID="P79" PHYSICAL_IMG_NR="79" HEIGHT="5433" WIDTH="3619" PRINTED_IMG_NR="77" PC="0.918">
			<TopMargin ID="P79_TM00001" HPOS="0" VPOS="0" WIDTH="3619" HEIGHT="5"/>
			<LeftMargin ID="P79_LM00001" HPOS="0" VPOS="5" WIDTH="5" HEIGHT="4132"/>
			<RightMargin ID="P79_RM00001" HPOS="3613" VPOS="5" WIDTH="6" HEIGHT="4132"/>
			<BottomMargin ID="P79_BM00001" HPOS="0" VPOS="4137" WIDTH="3619" HEIGHT="1296">
				<TextBlock ID="P79_TB00001" HPOS="2721" VPOS="4140" WIDTH="59" HEIGHT="47" STYLEREFS="TXT_0 PAR_RIGHT">
					<TextLine ID="P79_TL00001" HPOS="2721" VPOS="4141" WIDTH="59" HEIGHT="46">
						<String ID="P79_ST00001" HPOS="2721" VPOS="4141" WIDTH="59" HEIGHT="46" CONTENT="77" WC="1.00" CC="00"/>
					</TextLine>
				</TextBlock>
			</BottomMargin>
			<PrintSpace ID="P79_PS00001" HPOS="5" VPOS="5" WIDTH="3608" HEIGHT="4132">
				<TextBlock ID="P79_TB00002" HPOS="507" VPOS="787" WIDTH="2166" HEIGHT="3241" STYLEREFS="TXT_0 PAR_LEFT">
					<TextLine ID="P79_TL00002" HPOS="509" VPOS="789" WIDTH="1578" HEIGHT="66">
						<String ID="P79_ST00002" HPOS="509" VPOS="794" WIDTH="97" HEIGHT="53" CONTENT="He" WC="0.67" CC="60"/>
						<SP ID="P79_SP00001" HPOS="606" VPOS="847" WIDTH="39"/>
						<String ID="P79_ST00003" HPOS="645" VPOS="809" WIDTH="144" HEIGHT="38" CONTENT="runs" WC="0.95" CC="5754"/>
						<SP ID="P79_SP00002" HPOS="789" VPOS="847" WIDTH="39"/>
						<String ID="P79_ST00004" HPOS="828" VPOS="790" WIDTH="63" HEIGHT="56" CONTENT="in" WC="0.70" CC="05"/>
						<SP ID="P79_SP00003" HPOS="891" VPOS="847" WIDTH="40"/>
						<String ID="P79_ST00005" HPOS="931" VPOS="790" WIDTH="96" HEIGHT="58" CONTENT="six" WC="0.96" CC="414"/>
						<SP ID="P79_SP00004" HPOS="1027" VPOS="848" WIDTH="41"/>
						<String ID="P79_ST00006" HPOS="1068" VPOS="789" WIDTH="335" HEIGHT="66" CONTENT="directions," WC="0.99" CC="40700703004"/>
						<SP ID="P79_SP00005" HPOS="1403" VPOS="855" WIDTH="49"/>
						<String ID="P79_ST00007" HPOS="1452" VPOS="789" WIDTH="77" HEIGHT="55" CONTENT="all" WC="0.95" CC="534"/>
						<SP ID="P79_SP00006" HPOS="1529" VPOS="855" WIDTH="41"/>
						<String ID="P79_ST00008" HPOS="1570" VPOS="808" WIDTH="143" HEIGHT="37" CONTENT="over" WC="0.97" CC="4502"/>
						<SP ID="P79_SP00007" HPOS="1713" VPOS="855" WIDTH="40"/>
						<String ID="P79_ST00009" HPOS="1753" VPOS="789" WIDTH="106" HEIGHT="55" CONTENT="the" WC="0.95" CC="570"/>
						<SP ID="P79_SP00008" HPOS="1859" VPOS="855" WIDTH="40"/>
						<String ID="P79_ST00010" HPOS="1899" VPOS="789" WIDTH="188" HEIGHT="66" CONTENT="earth," WC="0.99" CC="040074"/>
					</TextLine>
					<TextLine ID="P79_TL00003" HPOS="509" VPOS="885" WIDTH="1554" HEIGHT="73">
						<String ID="P79_ST00011" HPOS="509" VPOS="886" WIDTH="326" HEIGHT="72" CONTENT="Hurrying," WC="0.99" CC="580950002"/>
						<SP ID="P79_SP00009" HPOS="835" VPOS="958" WIDTH="47"/>
						<String ID="P79_ST00012" HPOS="882" VPOS="887" WIDTH="244" HEIGHT="71" CONTENT="looking" WC="1.00" CC="1000000"/>
						<SP ID="P79_SP00010" HPOS="1126" VPOS="958" WIDTH="40"/>
						<String ID="P79_ST00013" HPOS="1166" VPOS="886" WIDTH="379" HEIGHT="69" CONTENT="everywhere" WC="1.00" CC="0300330000"/>
						<SP ID="P79_SP00011" HPOS="1545" VPOS="958" WIDTH="38"/>
						<String ID="P79_ST00014" HPOS="1583" VPOS="885" WIDTH="93" HEIGHT="55" CONTENT="for" WC="0.97" CC="060"/>
						<SP ID="P79_SP00012" HPOS="1676" VPOS="958" WIDTH="40"/>
						<String ID="P79_ST00015" HPOS="1716" VPOS="885" WIDTH="347" HEIGHT="69" CONTENT="somebody," WC="0.99" CC="067084204"/>
					</TextLine>
					<TextLine ID="P79_TL00004" HPOS="508" VPOS="978" WIDTH="1692" HEIGHT="76">
						<String ID="P79_ST00016" HPOS="508" VPOS="980" WIDTH="359" HEIGHT="74" CONTENT="Something" WC="0.99" CC="700000008"/>
						<SP ID="P79_SP00013" HPOS="867" VPOS="1054" WIDTH="38"/>
						<String ID="P79_ST00017" HPOS="905" VPOS="982" WIDTH="77" HEIGHT="55" CONTENT="he" WC="0.74" CC="05"/>
						<SP ID="P79_SP00014" HPOS="982" VPOS="1054" WIDTH="39"/>
						<String ID="P79_ST00018" HPOS="1021" VPOS="987" WIDTH="224" HEIGHT="50" CONTENT="cannot" WC="0.99" CC="016600"/>
						<SP ID="P79_SP00015" HPOS="1245" VPOS="1054" WIDTH="40"/>
						<String ID="P79_ST00019" HPOS="1285" VPOS="980" WIDTH="144" HEIGHT="65" CONTENT="find," WC="0.98" CC="00704"/>
						<SP ID="P79_SP00016" HPOS="1429" VPOS="1054" WIDTH="30"/>
						<String ID="P79_ST00020" HPOS="1459" VPOS="1014" WIDTH="77" HEIGHT="5" CONTENT="—" WC="0.20" CC="8"/>
						<SP ID="P79_SP00017" HPOS="1536" VPOS="1054" WIDTH="38"/>
						<String ID="P79_ST00021" HPOS="1574" VPOS="997" WIDTH="109" HEIGHT="37" CONTENT="nor" WC="0.98" CC="050"/>
						<SP ID="P79_SP00018" HPOS="1683" VPOS="1054" WIDTH="42"/>
						<String ID="P79_ST00022" HPOS="1725" VPOS="979" WIDTH="141" HEIGHT="56" CONTENT="does" WC="0.99" CC="0500"/>
						<SP ID="P79_SP00019" HPOS="1866" VPOS="1054" WIDTH="40"/>
						<String ID="P79_ST00023" HPOS="1906" VPOS="979" WIDTH="76" HEIGHT="54" CONTENT="he" WC="1.00" CC="00"/>
						<SP ID="P79_SP00020" HPOS="1982" VPOS="1054" WIDTH="39"/>
						<String ID="P79_ST00024" HPOS="2021" VPOS="978" WIDTH="179" HEIGHT="55" CONTENT="know" WC="0.99" CC="1004"/>
					</TextLine>
					<TextLine ID="P79_TL00005" HPOS="509" VPOS="1073" WIDTH="1886" HEIGHT="75">
						<String ID="P79_ST00025" HPOS="509" VPOS="1077" WIDTH="162" HEIGHT="70" CONTENT="Why" WC="0.99" CC="200"/>
						<SP ID="P79_SP00021" HPOS="671" VPOS="1147" WIDTH="40"/>
						<String ID="P79_ST00026" HPOS="711" VPOS="1077" WIDTH="106" HEIGHT="56" CONTENT="the" WC="1.00" CC="000"/>
						<SP ID="P79_SP00022" HPOS="817" VPOS="1147" WIDTH="42"/>
						<String ID="P79_ST00027" HPOS="859" VPOS="1096" WIDTH="179" HEIGHT="52" CONTENT="green" WC="1.00" CC="00000"/>
						<SP ID="P79_SP00023" HPOS="1038" VPOS="1148" WIDTH="39"/>
						<String ID="P79_ST00028" HPOS="1077" VPOS="1082" WIDTH="118" HEIGHT="49" CONTENT="wet" WC="1.00" CC="000"/>
						<SP ID="P79_SP00024" HPOS="1195" VPOS="1148" WIDTH="42"/>
						<String ID="P79_ST00029" HPOS="1237" VPOS="1076" WIDTH="153" HEIGHT="68" CONTENT="days" WC="1.00" CC="0000"/>
						<SP ID="P79_SP00025" HPOS="1390" VPOS="1148" WIDTH="40"/>
						<String ID="P79_ST00030" HPOS="1430" VPOS="1074" WIDTH="216" HEIGHT="57" CONTENT="should" WC="0.98" CC="400740"/>
						<SP ID="P79_SP00026" HPOS="1646" VPOS="1148" WIDTH="39"/>
						<String ID="P79_ST00031" HPOS="1685" VPOS="1074" WIDTH="77" HEIGHT="56" CONTENT="be" WC="0.77" CC="40"/>
						<SP ID="P79_SP00027" HPOS="1762" VPOS="1148" WIDTH="39"/>
						<String ID="P79_ST00032" HPOS="1801" VPOS="1092" WIDTH="66" HEIGHT="37" CONTENT="so" WC="1.00" CC="00"/>
						<SP ID="P79_SP00028" HPOS="1867" VPOS="1148" WIDTH="41"/>
						<String ID="P79_ST00033" HPOS="1908" VPOS="1073" WIDTH="249" HEIGHT="69" CONTENT="bitterly" WC="1.00" CC="00000000"/>
						<SP ID="P79_SP00029" HPOS="2157" VPOS="1148" WIDTH="40"/>
						<String ID="P79_ST00034" HPOS="2197" VPOS="1078" WIDTH="198" HEIGHT="50" CONTENT="sweet." WC="1.00" CC="000006"/>
					</TextLine>
					<TextLine ID="P79_TL00006" HPOS="510" VPOS="1167" WIDTH="2162" HEIGHT="75">
						<String ID="P79_ST00035" HPOS="510" VPOS="1175" WIDTH="100" HEIGHT="53" CONTENT="Ho" WC="0.68" CC="60"/>
						<SP ID="P79_SP00030" HPOS="610" VPOS="1228" WIDTH="27"/>
						<String ID="P79_ST00036" HPOS="637" VPOS="1173" WIDTH="10" HEIGHT="55" CONTENT="!" WC="1.00" CC="0"/>
						<SP ID="P79_SP00031" HPOS="647" VPOS="1228" WIDTH="46"/>
						<String ID="P79_ST00037" HPOS="693" VPOS="1172" WIDTH="129" HEIGHT="57" CONTENT="The" WC="0.97" CC="700"/>
						<SP ID="P79_SP00032" HPOS="822" VPOS="1229" WIDTH="42"/>
						<String ID="P79_ST00038" HPOS="864" VPOS="1173" WIDTH="213" HEIGHT="69" CONTENT="yellow" WC="1.00" CC="000400"/>
						<SP ID="P79_SP00033" HPOS="1077" VPOS="1242" WIDTH="39"/>
						<String ID="P79_ST00039" HPOS="1116" VPOS="1170" WIDTH="170" HEIGHT="56" CONTENT="birch" WC="0.99" CC="00050"/>
						<SP ID="P79_SP00034" HPOS="1286" VPOS="1242" WIDTH="39"/>
						<String ID="P79_ST00040" HPOS="1325" VPOS="1171" WIDTH="229" HEIGHT="65" CONTENT="throbs," WC="0.99" CC="0770004"/>
						<SP ID="P79_SP00035" HPOS="1554" VPOS="1242" WIDTH="45"/>
						<String ID="P79_ST00041" HPOS="1599" VPOS="1170" WIDTH="92" HEIGHT="55" CONTENT="for" WC="0.99" CC="100"/>
						<SP ID="P79_SP00036" HPOS="1691" VPOS="1242" WIDTH="39"/>
						<String ID="P79_ST00042" HPOS="1730" VPOS="1170" WIDTH="108" HEIGHT="55" CONTENT="she" WC="1.00" CC="000"/>
						<SP ID="P79_SP00037" HPOS="1838" VPOS="1242" WIDTH="39"/>
						<String ID="P79_ST00043" HPOS="1877" VPOS="1170" WIDTH="207" HEIGHT="55" CONTENT="knows" WC="0.99" CC="00400"/>
						<SP ID="P79_SP00038" HPOS="2084" VPOS="1242" WIDTH="41"/>
						<String ID="P79_ST00044" HPOS="2125" VPOS="1169" WIDTH="106" HEIGHT="55" CONTENT="the" WC="1.00" CC="000"/>
						<SP ID="P79_SP00039" HPOS="2231" VPOS="1242" WIDTH="38"/>
						<String ID="P79_ST00045" HPOS="2269" VPOS="1167" WIDTH="144" HEIGHT="74" CONTENT="pain" WC="0.97" CC="6006"/>
						<SP ID="P79_SP00040" HPOS="2413" VPOS="1242" WIDTH="41"/>
						<String ID="P79_ST00046" HPOS="2454" VPOS="1167" WIDTH="62" HEIGHT="56" CONTENT="of" WC="0.97" CC="00"/>
						<SP ID="P79_SP00041" HPOS="2516" VPOS="1242" WIDTH="39"/>
						<String ID="P79_ST00047" HPOS="2555" VPOS="1167" WIDTH="117" HEIGHT="64" CONTENT="life," WC="0.98" CC="14330"/>
					</TextLine>
					<TextLine ID="P79_TL00007" HPOS="510" VPOS="1264" WIDTH="1715" HEIGHT="76">
						<String ID="P79_ST00048" HPOS="510" VPOS="1269" WIDTH="79" HEIGHT="56" CONTENT="Of" WC="0.78" CC="04"/>
						<SP ID="P79_SP00042" HPOS="589" VPOS="1325" WIDTH="40"/>
						<String ID="P79_ST00049" HPOS="629" VPOS="1269" WIDTH="265" HEIGHT="71" CONTENT="swelling" WC="1.00" CC="00140004"/>
						<SP ID="P79_SP00043" HPOS="894" VPOS="1340" WIDTH="39"/>
						<String ID="P79_ST00050" HPOS="933" VPOS="1267" WIDTH="178" HEIGHT="56" CONTENT="limbs" WC="0.99" CC="00500"/>
						<SP ID="P79_SP00044" HPOS="1111" VPOS="1340" WIDTH="43"/>
						<String ID="P79_ST00051" HPOS="1154" VPOS="1267" WIDTH="121" HEIGHT="55" CONTENT="and" WC="0.95" CC="065"/>
						<SP ID="P79_SP00045" HPOS="1275" VPOS="1340" WIDTH="39"/>
						<String ID="P79_ST00052" HPOS="1314" VPOS="1265" WIDTH="278" HEIGHT="71" CONTENT="bursting" WC="0.99" CC="07220078"/>
						<SP ID="P79_SP00046" HPOS="1592" VPOS="1340" WIDTH="39"/>
						<String ID="P79_ST00053" HPOS="1631" VPOS="1266" WIDTH="158" HEIGHT="55" CONTENT="buds" WC="0.98" CC="0700"/>
						<SP ID="P79_SP00047" HPOS="1789" VPOS="1340" WIDTH="25"/>
						<String ID="P79_ST00054" HPOS="1814" VPOS="1283" WIDTH="12" HEIGHT="48" CONTENT=";" WC="0.18" CC="8"/>
						<SP ID="P79_SP00048" HPOS="1826" VPOS="1340" WIDTH="44"/>
						<String ID="P79_ST00055" HPOS="1870" VPOS="1266" WIDTH="105" HEIGHT="54" CONTENT="she" WC="0.99" CC="300"/>
						<SP ID="P79_SP00049" HPOS="1975" VPOS="1340" WIDTH="39"/>
						<String ID="P79_ST00056" HPOS="2014" VPOS="1264" WIDTH="211" HEIGHT="55" CONTENT="stands" WC="1.00" CC="000600"/>
					</TextLine>
					<TextLine ID="P79_TL00008" HPOS="510" VPOS="1358" WIDTH="1992" HEIGHT="73">
						<String ID="P79_ST00057" HPOS="510" VPOS="1363" WIDTH="171" HEIGHT="57" CONTENT="With" WC="0.99" CC="4000"/>
						<SP ID="P79_SP00050" HPOS="681" VPOS="1420" WIDTH="40"/>
						<String ID="P79_ST00058" HPOS="721" VPOS="1364" WIDTH="201" HEIGHT="56" CONTENT="naked" WC="0.99" CC="60000"/>
						<SP ID="P79_SP00051" HPOS="922" VPOS="1420" WIDTH="42"/>
						<String ID="P79_ST00059" HPOS="964" VPOS="1380" WIDTH="159" HEIGHT="38" CONTENT="arms" WC="0.99" CC="0060"/>
						<SP ID="P79_SP00052" HPOS="1123" VPOS="1420" WIDTH="39"/>
						<String ID="P79_ST00060" HPOS="1162" VPOS="1362" WIDTH="308" HEIGHT="56" CONTENT="stretched" WC="1.00" CC="004000000"/>
						<SP ID="P79_SP00053" HPOS="1470" VPOS="1420" WIDTH="41"/>
						<String ID="P79_ST00061" HPOS="1511" VPOS="1368" WIDTH="109" HEIGHT="48" CONTENT="out" WC="0.97" CC="070"/>
						<SP ID="P79_SP00054" HPOS="1620" VPOS="1420" WIDTH="39"/>
						<String ID="P79_ST00062" HPOS="1659" VPOS="1368" WIDTH="66" HEIGHT="48" CONTENT="to" WC="1.00" CC="00"/>
						<SP ID="P79_SP00055" HPOS="1725" VPOS="1420" WIDTH="41"/>
						<String ID="P79_ST00063" HPOS="1766" VPOS="1361" WIDTH="106" HEIGHT="55" CONTENT="the" WC="0.99" CC="003"/>
						<SP ID="P79_SP00056" HPOS="1872" VPOS="1420" WIDTH="38"/>
						<String ID="P79_ST00064" HPOS="1910" VPOS="1379" WIDTH="189" HEIGHT="36" CONTENT="warm" WC="1.00" CC="0000"/>
						<SP ID="P79_SP00057" HPOS="2099" VPOS="1420" WIDTH="40"/>
						<String ID="P79_ST00065" HPOS="2139" VPOS="1378" WIDTH="147" HEIGHT="53" CONTENT="gray" WC="0.98" CC="0900"/>
						<SP ID="P79_SP00058" HPOS="2286" VPOS="1431" WIDTH="40"/>
						<String ID="P79_ST00066" HPOS="2326" VPOS="1358" WIDTH="176" HEIGHT="66" CONTENT="rains," WC="1.00" CC="003000"/>
					</TextLine>
					<TextLine ID="P79_TL00009" HPOS="510" VPOS="1457" WIDTH="1621" HEIGHT="73">
						<String ID="P79_ST00067" HPOS="510" VPOS="1460" WIDTH="170" HEIGHT="56" CONTENT="With" WC="1.00" CC="0000"/>
						<SP ID="P79_SP00059" HPOS="680" VPOS="1516" WIDTH="40"/>
						<String ID="P79_ST00068" HPOS="720" VPOS="1462" WIDTH="241" HEIGHT="68" CONTENT="hungry" WC="1.00" CC="005000"/>
						<SP ID="P79_SP00060" HPOS="961" VPOS="1530" WIDTH="41"/>
						<String ID="P79_ST00069" HPOS="1002" VPOS="1476" WIDTH="159" HEIGHT="37" CONTENT="arms" WC="1.00" CC="0000"/>
						<SP ID="P79_SP00061" HPOS="1161" VPOS="1530" WIDTH="40"/>
						<String ID="P79_ST00070" HPOS="1201" VPOS="1460" WIDTH="140" HEIGHT="53" CONTENT="that" WC="1.00" CC="0000"/>
						<SP ID="P79_SP00062" HPOS="1341" VPOS="1530" WIDTH="39"/>
						<String ID="P79_ST00071" HPOS="1380" VPOS="1457" WIDTH="256" HEIGHT="55" CONTENT="tremble" WC="1.00" CC="0000004"/>
						<SP ID="P79_SP00063" HPOS="1636" VPOS="1530" WIDTH="39"/>
						<String ID="P79_ST00072" HPOS="1675" VPOS="1457" WIDTH="92" HEIGHT="55" CONTENT="for" WC="1.00" CC="000"/>
						<SP ID="P79_SP00064" HPOS="1767" VPOS="1530" WIDTH="40"/>
						<String ID="P79_ST00073" HPOS="1807" VPOS="1457" WIDTH="105" HEIGHT="54" CONTENT="her" WC="0.98" CC="050"/>
						<SP ID="P79_SP00065" HPOS="1912" VPOS="1530" WIDTH="39"/>
						<String ID="P79_ST00074" HPOS="1951" VPOS="1457" WIDTH="180" HEIGHT="65" CONTENT="lover," WC="0.99" CC="040004"/>
					</TextLine>
					<TextLine ID="P79_TL00010" HPOS="509" VPOS="1552" WIDTH="1938" HEIGHT="75">
						<String ID="P79_ST00075" HPOS="509" VPOS="1556" WIDTH="120" HEIGHT="56" CONTENT="For" WC="0.97" CC="600"/>
						<SP ID="P79_SP00066" HPOS="629" VPOS="1612" WIDTH="39"/>
						<String ID="P79_ST00076" HPOS="668" VPOS="1556" WIDTH="333" HEIGHT="71" CONTENT="See-gwun," WC="0.54" CC="743500874"/>
						<SP ID="P79_SP00067" HPOS="1001" VPOS="1627" WIDTH="45"/>
						<String ID="P79_ST00077" HPOS="1046" VPOS="1555" WIDTH="106" HEIGHT="55" CONTENT="the" WC="0.98" CC="004"/>
						<SP ID="P79_SP00068" HPOS="1152" VPOS="1627" WIDTH="41"/>
						<String ID="P79_ST00078" HPOS="1193" VPOS="1552" WIDTH="833" HEIGHT="65" CONTENT="Maker-of-Little-Children," WC="0.72" CC="5006546353400030404200404"/>
						<SP ID="P79_SP00069" HPOS="2026" VPOS="1627" WIDTH="45"/>
						<String ID="P79_ST00079" HPOS="2071" VPOS="1552" WIDTH="135" HEIGHT="54" CONTENT="who" WC="1.00" CC="000"/>
						<SP ID="P79_SP00070" HPOS="2206" VPOS="1627" WIDTH="43"/>
						<String ID="P79_ST00080" HPOS="2249" VPOS="1568" WIDTH="198" HEIGHT="38" CONTENT="comes" WC="0.99" CC="50000"/>
					</TextLine>
					<TextLine ID="P79_TL00011" HPOS="511" VPOS="1648" WIDTH="1830" HEIGHT="59">
						<String ID="P79_ST00081" HPOS="511" VPOS="1651" WIDTH="168" HEIGHT="56" CONTENT="With" WC="1.00" CC="0000"/>
						<SP ID="P79_SP00071" HPOS="679" VPOS="1707" WIDTH="41"/>
						<String ID="P79_ST00082" HPOS="720" VPOS="1650" WIDTH="121" HEIGHT="56" CONTENT="soft" WC="1.00" CC="0000"/>
						<SP ID="P79_SP00072" HPOS="841" VPOS="1707" WIDTH="42"/>
						<String ID="P79_ST00083" HPOS="883" VPOS="1650" WIDTH="140" HEIGHT="56" CONTENT="blue" WC="1.00" CC="0000"/>
						<SP ID="P79_SP00073" HPOS="1023" VPOS="1707" WIDTH="39"/>
						<String ID="P79_ST00084" HPOS="1062" VPOS="1650" WIDTH="122" HEIGHT="55" CONTENT="feet" WC="1.00" CC="0000"/>
						<SP ID="P79_SP00074" HPOS="1184" VPOS="1707" WIDTH="41"/>
						<String ID="P79_ST00085" HPOS="1225" VPOS="1651" WIDTH="139" HEIGHT="54" CONTENT="that" WC="1.00" CC="0000"/>
						<SP ID="P79_SP00075" HPOS="1364" VPOS="1707" WIDTH="40"/>
						<String ID="P79_ST00086" HPOS="1404" VPOS="1649" WIDTH="186" HEIGHT="55" CONTENT="rustle" WC="0.99" CC="470000"/>
						<SP ID="P79_SP00076" HPOS="1590" VPOS="1707" WIDTH="41"/>
						<String ID="P79_ST00087" HPOS="1631" VPOS="1650" WIDTH="106" HEIGHT="55" CONTENT="the" WC="1.00" CC="000"/>
						<SP ID="P79_SP00077" HPOS="1737" VPOS="1707" WIDTH="39"/>
						<String ID="P79_ST00088" HPOS="1776" VPOS="1649" WIDTH="182" HEIGHT="55" CONTENT="fallen" WC="0.98" CC="040308"/>
						<SP ID="P79_SP00078" HPOS="1958" VPOS="1707" WIDTH="40"/>
						<String ID="P79_ST00089" HPOS="1998" VPOS="1648" WIDTH="198" HEIGHT="55" CONTENT="leaves" WC="0.99" CC="322000"/>
						<SP ID="P79_SP00079" HPOS="2196" VPOS="1707" WIDTH="28"/>
						<String ID="P79_ST00090" HPOS="2224" VPOS="1648" WIDTH="8" HEIGHT="53" CONTENT="!" WC="0.70" CC="2"/>
						<SP ID="P79_SP00080" HPOS="2232" VPOS="1707" WIDTH="32"/>
						<String ID="P79_ST00091" HPOS="2264" VPOS="1681" WIDTH="77" HEIGHT="5" CONTENT="—" WC="0.20" CC="8"/>
					</TextLine>
					<TextLine ID="P79_TL00012" HPOS="510" VPOS="1743" WIDTH="1634" HEIGHT="75">
						<String ID="P79_ST00092" HPOS="510" VPOS="1750" WIDTH="165" HEIGHT="53" CONTENT="Hear" WC="0.99" CC="6000"/>
						<SP ID="P79_SP00081" HPOS="675" VPOS="1803" WIDTH="39"/>
						<String ID="P79_ST00093" HPOS="714" VPOS="1747" WIDTH="153" HEIGHT="54" CONTENT="thou" WC="0.97" CC="0046"/>
						<SP ID="P79_SP00082" HPOS="867" VPOS="1803" WIDTH="41"/>
						<String ID="P79_ST00094" HPOS="908" VPOS="1746" WIDTH="106" HEIGHT="54" CONTENT="the" WC="1.00" CC="000"/>
						<SP ID="P79_SP00083" HPOS="1014" VPOS="1803" WIDTH="41"/>
						<String ID="P79_ST00095" HPOS="1055" VPOS="1745" WIDTH="414" HEIGHT="73" CONTENT="maple-water" WC="1.00" CC="00600100010"/>
						<SP ID="P79_SP00084" HPOS="1469" VPOS="1818" WIDTH="42"/>
						<String ID="P79_ST00096" HPOS="1511" VPOS="1744" WIDTH="293" HEIGHT="72" CONTENT="dripping," WC="0.99" CC="080004003"/>
						<SP ID="P79_SP00085" HPOS="1804" VPOS="1818" WIDTH="47"/>
						<String ID="P79_ST00097" HPOS="1851" VPOS="1743" WIDTH="293" HEIGHT="73" CONTENT="dripping," WC="0.99" CC="062000803"/>
					</TextLine>
					<TextLine ID="P79_TL00013" HPOS="510" VPOS="1838" WIDTH="1915" HEIGHT="75">
						<String ID="P79_ST00098" HPOS="510" VPOS="1842" WIDTH="127" HEIGHT="57" CONTENT="The" WC="0.97" CC="700"/>
						<SP ID="P79_SP00086" HPOS="637" VPOS="1899" WIDTH="41"/>
						<String ID="P79_ST00099" HPOS="678" VPOS="1842" WIDTH="128" HEIGHT="56" CONTENT="cool" WC="0.98" CC="0740"/>
						<SP ID="P79_SP00087" HPOS="806" VPOS="1899" WIDTH="43"/>
						<String ID="P79_ST00100" HPOS="849" VPOS="1848" WIDTH="397" HEIGHT="49" CONTENT="sweet-water" WC="1.00" CC="00050200032"/>
						<SP ID="P79_SP00088" HPOS="1246" VPOS="1899" WIDTH="42"/>
						<String ID="P79_ST00101" HPOS="1288" VPOS="1839" WIDTH="280" HEIGHT="74" CONTENT="dripping" WC="0.99" CC="06300405"/>
						<SP ID="P79_SP00089" HPOS="1568" VPOS="1913" WIDTH="40"/>
						<String ID="P79_ST00102" HPOS="1608" VPOS="1858" WIDTH="167" HEIGHT="54" CONTENT="upon" WC="0.98" CC="0055"/>
						<SP ID="P79_SP00090" HPOS="1775" VPOS="1913" WIDTH="40"/>
						<String ID="P79_ST00103" HPOS="1815" VPOS="1840" WIDTH="105" HEIGHT="54" CONTENT="the" WC="1.00" CC="001"/>
						<SP ID="P79_SP00091" HPOS="1920" VPOS="1913" WIDTH="40"/>
						<String ID="P79_ST00104" HPOS="1960" VPOS="1838" WIDTH="322" HEIGHT="57" CONTENT="birchbark" WC="0.96" CC="000200000"/>
						<SP ID="P79_SP00092" HPOS="2282" VPOS="1913" WIDTH="26"/>
						<String ID="P79_ST00105" HPOS="2308" VPOS="1838" WIDTH="10" HEIGHT="54" CONTENT="!" WC="0.21" CC="7"/>
						<SP ID="P79_SP00093" HPOS="2318" VPOS="1913" WIDTH="31"/>
						<String ID="P79_ST00106" HPOS="2349" VPOS="1871" WIDTH="76" HEIGHT="6" CONTENT="—" WC="0.20" CC="8"/>
					</TextLine>
					<TextLine ID="P79_TL00014" HPOS="511" VPOS="1935" WIDTH="1532" HEIGHT="72">
						<String ID="P79_ST00107" HPOS="511" VPOS="1941" WIDTH="99" HEIGHT="53" CONTENT="Ho" WC="0.71" CC="50"/>
						<SP ID="P79_SP00094" HPOS="610" VPOS="1994" WIDTH="28"/>
						<String ID="P79_ST00108" HPOS="638" VPOS="1939" WIDTH="9" HEIGHT="55" CONTENT="!" WC="0.92" CC="0"/>
						<SP ID="P79_SP00095" HPOS="647" VPOS="1994" WIDTH="46"/>
						<String ID="P79_ST00109" HPOS="693" VPOS="1938" WIDTH="105" HEIGHT="55" CONTENT="the" WC="1.00" CC="000"/>
						<SP ID="P79_SP00096" HPOS="798" VPOS="1994" WIDTH="42"/>
						<String ID="P79_ST00110" HPOS="840" VPOS="1935" WIDTH="763" HEIGHT="72" CONTENT="Moon-of-Sugar-Making" WC="0.79" CC="00003300670003130390"/>
						<SP ID="P79_SP00097" HPOS="1603" VPOS="2007" WIDTH="39"/>
						<String ID="P79_ST00111" HPOS="1642" VPOS="1935" WIDTH="51" HEIGHT="55" CONTENT="is" WC="1.00" CC="00"/>
						<SP ID="P79_SP00098" HPOS="1693" VPOS="2007" WIDTH="39"/>
						<String ID="P79_ST00112" HPOS="1732" VPOS="1954" WIDTH="166" HEIGHT="53" CONTENT="upon" WC="0.98" CC="0008"/>
						<SP ID="P79_SP00099" HPOS="1898" VPOS="2007" WIDTH="40"/>
						<String ID="P79_ST00113" HPOS="1938" VPOS="1954" WIDTH="70" HEIGHT="37" CONTENT="us" WC="0.78" CC="04"/>
						<SP ID="P79_SP00100" HPOS="2008" VPOS="2007" WIDTH="28"/>
						<String ID="P79_ST00114" HPOS="2036" VPOS="1936" WIDTH="7" HEIGHT="53" CONTENT="!" WC="0.66" CC="3"/>
					</TextLine>
					<TextLine ID="P79_TL00015" HPOS="511" VPOS="2140" WIDTH="1482" HEIGHT="72">
						<String ID="P79_ST00115" HPOS="511" VPOS="2142" WIDTH="421" HEIGHT="70" CONTENT="Ho-yo-ho-ho" WC="0.85" CC="80200000400"/>
						<SP ID="P79_SP00101" HPOS="932" VPOS="2212" WIDTH="28"/>
						<String ID="P79_ST00116" HPOS="960" VPOS="2142" WIDTH="9" HEIGHT="54" CONTENT="!" WC="0.51" CC="4"/>
						<SP ID="P79_SP00102" HPOS="969" VPOS="2212" WIDTH="49"/>
						<String ID="P79_ST00117" HPOS="1018" VPOS="2141" WIDTH="420" HEIGHT="70" CONTENT="H6-yo-ho-ho" WC="0.78" CC="76300000204"/>
						<SP ID="P79_SP00103" HPOS="1438" VPOS="2212" WIDTH="28"/>
						<String ID="P79_ST00118" HPOS="1466" VPOS="2142" WIDTH="8" HEIGHT="54" CONTENT="!" WC="0.92" CC="0"/>
						<SP ID="P79_SP00104" HPOS="1474" VPOS="2212" WIDTH="34"/>
						<String ID="P79_ST00119" HPOS="1508" VPOS="2186" WIDTH="10" HEIGHT="10" CONTENT="." WC="0.67" CC="3"/>
						<SP ID="P79_SP00105" HPOS="1518" VPOS="2212" WIDTH="32"/>
						<String ID="P79_ST00120" HPOS="1550" VPOS="2186" WIDTH="9" HEIGHT="10" CONTENT="." WC="0.48" CC="5"/>
						<SP ID="P79_SP00106" HPOS="1559" VPOS="2212" WIDTH="32"/>
						<String ID="P79_ST00121" HPOS="1591" VPOS="2186" WIDTH="10" HEIGHT="10" CONTENT="." WC="0.59" CC="4"/>
						<SP ID="P79_SP00107" HPOS="1601" VPOS="2212" WIDTH="44"/>
						<String ID="P79_ST00122" HPOS="1645" VPOS="2141" WIDTH="186" HEIGHT="67" CONTENT="yo-ho" WC="0.99" CC="00000"/>
						<SP ID="P79_SP00108" HPOS="1831" VPOS="2212" WIDTH="28"/>
						<String ID="P79_ST00123" HPOS="1859" VPOS="2140" WIDTH="9" HEIGHT="54" CONTENT="!" WC="0.77" CC="2"/>
						<SP ID="P79_SP00109" HPOS="1868" VPOS="2212" WIDTH="33"/>
						<String ID="P79_ST00124" HPOS="1901" VPOS="2185" WIDTH="9" HEIGHT="9" CONTENT="." WC="0.64" CC="3"/>
						<SP ID="P79_SP00110" HPOS="1910" VPOS="2212" WIDTH="32"/>
						<String ID="P79_ST00125" HPOS="1942" VPOS="2186" WIDTH="9" HEIGHT="8" CONTENT="." WC="0.66" CC="3"/>
						<SP ID="P79_SP00111" HPOS="1951" VPOS="2212" WIDTH="33"/>
						<String ID="P79_ST00126" HPOS="1984" VPOS="2186" WIDTH="9" HEIGHT="9" CONTENT="." WC="0.57" CC="4"/>
					</TextLine>
					<TextLine ID="P79_TL00016" HPOS="511" VPOS="2234" WIDTH="1992" HEIGHT="75">
						<String ID="P79_ST00127" HPOS="511" VPOS="2240" WIDTH="165" HEIGHT="53" CONTENT="Hear" WC="0.99" CC="6000"/>
						<SP ID="P79_SP00112" HPOS="676" VPOS="2293" WIDTH="39"/>
						<String ID="P79_ST00128" HPOS="715" VPOS="2238" WIDTH="153" HEIGHT="54" CONTENT="thou" WC="0.98" CC="0007"/>
						<SP ID="P79_SP00113" HPOS="868" VPOS="2293" WIDTH="43"/>
						<String ID="P79_ST00129" HPOS="911" VPOS="2255" WIDTH="110" HEIGHT="36" CONTENT="our" WC="0.97" CC="070"/>
						<SP ID="P79_SP00114" HPOS="1021" VPOS="2293" WIDTH="39"/>
						<String ID="P79_ST00130" HPOS="1060" VPOS="2255" WIDTH="263" HEIGHT="54" CONTENT="prayers," WC="1.00" CC="00000004"/>
						<SP ID="P79_SP00115" HPOS="1323" VPOS="2309" WIDTH="45"/>
						<String ID="P79_ST00131" HPOS="1368" VPOS="2256" WIDTH="36" HEIGHT="35" CONTENT="o" WC="1.00" CC="0"/>
						<SP ID="P79_SP00116" HPOS="1404" VPOS="2309" WIDTH="44"/>
						<String ID="P79_ST00132" HPOS="1448" VPOS="2236" WIDTH="274" HEIGHT="64" CONTENT="Brother," WC="1.00" CC="60000004"/>
						<SP ID="P79_SP00117" HPOS="1722" VPOS="2309" WIDTH="47"/>
						<String ID="P79_ST00133" HPOS="1769" VPOS="2235" WIDTH="589" HEIGHT="68" CONTENT="Way-nah-bo-zhoo" WC="0.83" CC="000270030530002"/>
						<SP ID="P79_SP00118" HPOS="2358" VPOS="2309" WIDTH="28"/>
						<String ID="P79_ST00134" HPOS="2386" VPOS="2234" WIDTH="10" HEIGHT="55" CONTENT="!" WC="0.60" CC="3"/>
						<SP ID="P79_SP00119" HPOS="2396" VPOS="2309" WIDTH="32"/>
						<String ID="P79_ST00135" HPOS="2428" VPOS="2267" WIDTH="75" HEIGHT="6" CONTENT="—" WC="0.20" CC="8"/>
					</TextLine>
					<TextLine ID="P79_TL00017" HPOS="511" VPOS="2329" WIDTH="1746" HEIGHT="73">
						<String ID="P79_ST00136" HPOS="511" VPOS="2335" WIDTH="179" HEIGHT="63" CONTENT="Hear," WC="0.98" CC="53004"/>
						<SP ID="P79_SP00120" HPOS="690" VPOS="2398" WIDTH="46"/>
						<String ID="P79_ST00137" HPOS="736" VPOS="2333" WIDTH="154" HEIGHT="55" CONTENT="thou" WC="0.97" CC="0706"/>
						<SP ID="P79_SP00121" HPOS="890" VPOS="2398" WIDTH="40"/>
						<String ID="P79_ST00138" HPOS="930" VPOS="2333" WIDTH="136" HEIGHT="54" CONTENT="who" WC="0.99" CC="002"/>
						<SP ID="P79_SP00122" HPOS="1066" VPOS="2398" WIDTH="44"/>
						<String ID="P79_ST00139" HPOS="1110" VPOS="2332" WIDTH="176" HEIGHT="55" CONTENT="made" WC="1.00" CC="0000"/>
						<SP ID="P79_SP00123" HPOS="1286" VPOS="2398" WIDTH="40"/>
						<String ID="P79_ST00140" HPOS="1326" VPOS="2332" WIDTH="105" HEIGHT="54" CONTENT="the" WC="0.98" CC="500"/>
						<SP ID="P79_SP00124" HPOS="1431" VPOS="2398" WIDTH="40"/>
						<String ID="P79_ST00141" HPOS="1471" VPOS="2331" WIDTH="109" HEIGHT="55" CONTENT="flat" WC="0.97" CC="5700"/>
						<SP ID="P79_SP00125" HPOS="1580" VPOS="2398" WIDTH="41"/>
						<String ID="P79_ST00142" HPOS="1621" VPOS="2349" WIDTH="177" HEIGHT="53" CONTENT="green" WC="0.99" CC="00007"/>
						<SP ID="P79_SP00126" HPOS="1798" VPOS="2402" WIDTH="41"/>
						<String ID="P79_ST00143" HPOS="1839" VPOS="2330" WIDTH="173" HEIGHT="55" CONTENT="earth" WC="0.99" CC="00900"/>
						<SP ID="P79_SP00127" HPOS="2012" VPOS="2402" WIDTH="42"/>
						<String ID="P79_ST00144" HPOS="2054" VPOS="2329" WIDTH="92" HEIGHT="56" CONTENT="for" WC="1.00" CC="000"/>
						<SP ID="P79_SP00128" HPOS="2146" VPOS="2402" WIDTH="40"/>
						<String ID="P79_ST00145" HPOS="2186" VPOS="2348" WIDTH="71" HEIGHT="37" CONTENT="us" WC="0.65" CC="60"/>
					</TextLine>
					<TextLine ID="P79_TL00018" HPOS="510" VPOS="2426" WIDTH="1505" HEIGHT="75">
						<String ID="P79_ST00146" HPOS="510" VPOS="2428" WIDTH="88" HEIGHT="56" CONTENT="To" WC="1.00" CC="00"/>
						<SP ID="P79_SP00129" HPOS="598" VPOS="2484" WIDTH="43"/>
						<String ID="P79_ST00147" HPOS="641" VPOS="2429" WIDTH="191" HEIGHT="55" CONTENT="dance" WC="0.99" CC="00600"/>
						<SP ID="P79_SP00130" HPOS="832" VPOS="2484" WIDTH="39"/>
						<String ID="P79_ST00148" HPOS="871" VPOS="2446" WIDTH="183" HEIGHT="55" CONTENT="upon," WC="0.98" CC="70054"/>
						<SP ID="P79_SP00131" HPOS="1054" VPOS="2501" WIDTH="45"/>
						<String ID="P79_ST00149" HPOS="1099" VPOS="2429" WIDTH="136" HEIGHT="54" CONTENT="who" WC="1.00" CC="000"/>
						<SP ID="P79_SP00132" HPOS="1235" VPOS="2501" WIDTH="40"/>
						<String ID="P79_ST00150" HPOS="1275" VPOS="2427" WIDTH="157" HEIGHT="57" CONTENT="folds" WC="0.99" CC="09000"/>
						<SP ID="P79_SP00133" HPOS="1432" VPOS="2501" WIDTH="41"/>
						<String ID="P79_ST00151" HPOS="1473" VPOS="2445" WIDTH="70" HEIGHT="37" CONTENT="us" WC="0.64" CC="70"/>
						<SP ID="P79_SP00134" HPOS="1543" VPOS="2501" WIDTH="41"/>
						<String ID="P79_ST00152" HPOS="1584" VPOS="2427" WIDTH="63" HEIGHT="54" CONTENT="in" WC="0.69" CC="06"/>
						<SP ID="P79_SP00135" HPOS="1647" VPOS="2501" WIDTH="40"/>
						<String ID="P79_ST00153" HPOS="1687" VPOS="2426" WIDTH="91" HEIGHT="55" CONTENT="his" WC="1.00" CC="000"/>
						<SP ID="P79_SP00136" HPOS="1778" VPOS="2501" WIDTH="41"/>
						<String ID="P79_ST00154" HPOS="1819" VPOS="2426" WIDTH="196" HEIGHT="55" CONTENT="hands" WC="0.99" CC="00700"/>
					</TextLine>
					<TextLine ID="P79_TL00019" HPOS="511" VPOS="2522" WIDTH="1498" HEIGHT="72">
						<String ID="P79_ST00155" HPOS="511" VPOS="2524" WIDTH="298" HEIGHT="70" CONTENT="Tenderly" WC="1.00" CC="02700100"/>
						<SP ID="P79_SP00137" HPOS="809" VPOS="2594" WIDTH="42"/>
						<String ID="P79_ST00156" HPOS="851" VPOS="2541" WIDTH="66" HEIGHT="38" CONTENT="as" WC="1.00" CC="00"/>
						<SP ID="P79_SP00138" HPOS="917" VPOS="2594" WIDTH="44"/>
						<String ID="P79_ST00157" HPOS="961" VPOS="2543" WIDTH="33" HEIGHT="35" CONTENT="a" WC="1.00" CC="0"/>
						<SP ID="P79_SP00139" HPOS="994" VPOS="2594" WIDTH="41"/>
						<String ID="P79_ST00158" HPOS="1035" VPOS="2542" WIDTH="240" HEIGHT="36" CONTENT="woman" WC="0.99" CC="01007"/>
						<SP ID="P79_SP00140" HPOS="1275" VPOS="2594" WIDTH="39"/>
						<String ID="P79_ST00159" HPOS="1314" VPOS="2523" WIDTH="173" HEIGHT="55" CONTENT="holds" WC="1.00" CC="00000"/>
						<SP ID="P79_SP00141" HPOS="1487" VPOS="2594" WIDTH="44"/>
						<String ID="P79_ST00160" HPOS="1531" VPOS="2542" WIDTH="34" HEIGHT="36" CONTENT="a" WC="1.00" CC="0"/>
						<SP ID="P79_SP00142" HPOS="1565" VPOS="2594" WIDTH="39"/>
						<String ID="P79_ST00161" HPOS="1604" VPOS="2523" WIDTH="230" HEIGHT="55" CONTENT="broken" WC="0.99" CC="000006"/>
						<SP ID="P79_SP00143" HPOS="1834" VPOS="2594" WIDTH="40"/>
						<String ID="P79_ST00162" HPOS="1874" VPOS="2522" WIDTH="135" HEIGHT="56" CONTENT="bird" WC="1.00" CC="0000"/>
					</TextLine>
					<TextLine ID="P79_TL00020" HPOS="509" VPOS="2617" WIDTH="1672" HEIGHT="71">
						<String ID="P79_ST00163" HPOS="509" VPOS="2625" WIDTH="76" HEIGHT="52" CONTENT="In" WC="0.74" CC="50"/>
						<SP ID="P79_SP00144" HPOS="585" VPOS="2677" WIDTH="39"/>
						<String ID="P79_ST00164" HPOS="624" VPOS="2622" WIDTH="229" HEIGHT="63" CONTENT="winter," WC="0.99" CC="0060003"/>
						<SP ID="P79_SP00145" HPOS="853" VPOS="2685" WIDTH="45"/>
						<String ID="P79_ST00165" HPOS="898" VPOS="2619" WIDTH="155" HEIGHT="56" CONTENT="thou" WC="0.97" CC="0707"/>
						<SP ID="P79_SP00146" HPOS="1053" VPOS="2685" WIDTH="40"/>
						<String ID="P79_ST00166" HPOS="1093" VPOS="2638" WIDTH="111" HEIGHT="38" CONTENT="our" WC="0.97" CC="070"/>
						<SP ID="P79_SP00147" HPOS="1204" VPOS="2685" WIDTH="42"/>
						<String ID="P79_ST00167" HPOS="1246" VPOS="2621" WIDTH="256" HEIGHT="54" CONTENT="Brother" WC="1.00" CC="6000000"/>
						<SP ID="P79_SP00148" HPOS="1502" VPOS="2685" WIDTH="39"/>
						<String ID="P79_ST00168" HPOS="1541" VPOS="2620" WIDTH="135" HEIGHT="54" CONTENT="who" WC="1.00" CC="000"/>
						<SP ID="P79_SP00149" HPOS="1676" VPOS="2685" WIDTH="41"/>
						<String ID="P79_ST00169" HPOS="1717" VPOS="2618" WIDTH="166" HEIGHT="70" CONTENT="hung" WC="0.99" CC="0060"/>
						<SP ID="P79_SP00150" HPOS="1883" VPOS="2688" WIDTH="40"/>
						<String ID="P79_ST00170" HPOS="1923" VPOS="2617" WIDTH="106" HEIGHT="55" CONTENT="the" WC="0.97" CC="070"/>
						<SP ID="P79_SP00151" HPOS="2029" VPOS="2688" WIDTH="40"/>
						<String ID="P79_ST00171" HPOS="2069" VPOS="2636" WIDTH="112" HEIGHT="38" CONTENT="sun" WC="0.94" CC="077"/>
					</TextLine>
					<TextLine ID="P79_TL00021" HPOS="509" VPOS="2715" WIDTH="1492" HEIGHT="74">
						<String ID="P79_ST00172" HPOS="509" VPOS="2720" WIDTH="182" HEIGHT="69" CONTENT="Upon" WC="0.98" CC="0015"/>
						<SP ID="P79_SP00152" HPOS="691" VPOS="2789" WIDTH="40"/>
						<String ID="P79_ST00173" HPOS="731" VPOS="2716" WIDTH="106" HEIGHT="55" CONTENT="the" WC="1.00" CC="000"/>
						<SP ID="P79_SP00153" HPOS="837" VPOS="2789" WIDTH="39"/>
						<String ID="P79_ST00174" HPOS="876" VPOS="2716" WIDTH="114" HEIGHT="71" CONTENT="sky" WC="1.00" CC="000"/>
						<SP ID="P79_SP00154" HPOS="990" VPOS="2789" WIDTH="40"/>
						<String ID="P79_ST00175" HPOS="1030" VPOS="2724" WIDTH="66" HEIGHT="48" CONTENT="to" WC="1.00" CC="00"/>
						<SP ID="P79_SP00155" HPOS="1096" VPOS="2789" WIDTH="41"/>
						<String ID="P79_ST00176" HPOS="1137" VPOS="2716" WIDTH="135" HEIGHT="72" CONTENT="give" WC="1.00" CC="0000"/>
						<SP ID="P79_SP00156" HPOS="1272" VPOS="2789" WIDTH="39"/>
						<String ID="P79_ST00177" HPOS="1311" VPOS="2734" WIDTH="72" HEIGHT="37" CONTENT="us" WC="0.66" CC="60"/>
						<SP ID="P79_SP00157" HPOS="1383" VPOS="2789" WIDTH="39"/>
						<String ID="P79_ST00178" HPOS="1422" VPOS="2716" WIDTH="262" HEIGHT="55" CONTENT="warmth" WC="1.00" CC="000000"/>
						<SP ID="P79_SP00158" HPOS="1684" VPOS="2789" WIDTH="41"/>
						<String ID="P79_ST00179" HPOS="1725" VPOS="2717" WIDTH="120" HEIGHT="55" CONTENT="and" WC="0.97" CC="070"/>
						<SP ID="P79_SP00159" HPOS="1845" VPOS="2789" WIDTH="39"/>
						<String ID="P79_ST00180" HPOS="1884" VPOS="2715" WIDTH="117" HEIGHT="65" CONTENT="life," WC="0.98" CC="20414"/>
					</TextLine>
					<TextLine ID="P79_TL00022" HPOS="508" VPOS="2810" WIDTH="1686" HEIGHT="66">
						<String ID="P79_ST00181" HPOS="508" VPOS="2812" WIDTH="140" HEIGHT="57" CONTENT="And" WC="0.96" CC="450"/>
						<SP ID="P79_SP00160" HPOS="648" VPOS="2869" WIDTH="40"/>
						<String ID="P79_ST00182" HPOS="688" VPOS="2813" WIDTH="106" HEIGHT="55" CONTENT="the" WC="1.00" CC="000"/>
						<SP ID="P79_SP00161" HPOS="794" VPOS="2869" WIDTH="38"/>
						<String ID="P79_ST00183" HPOS="832" VPOS="2819" WIDTH="122" HEIGHT="48" CONTENT="wet" WC="1.00" CC="010"/>
						<SP ID="P79_SP00162" HPOS="954" VPOS="2869" WIDTH="45"/>
						<String ID="P79_ST00184" HPOS="999" VPOS="2832" WIDTH="181" HEIGHT="36" CONTENT="moon" WC="0.98" CC="0305"/>
						<SP ID="P79_SP00163" HPOS="1180" VPOS="2869" WIDTH="40"/>
						<String ID="P79_ST00185" HPOS="1220" VPOS="2819" WIDTH="65" HEIGHT="48" CONTENT="to" WC="0.81" CC="03"/>
						<SP ID="P79_SP00164" HPOS="1285" VPOS="2869" WIDTH="42"/>
						<String ID="P79_ST00186" HPOS="1327" VPOS="2811" WIDTH="178" HEIGHT="55" CONTENT="make" WC="0.99" CC="0003"/>
						<SP ID="P79_SP00165" HPOS="1505" VPOS="2869" WIDTH="39"/>
						<String ID="P79_ST00187" HPOS="1544" VPOS="2829" WIDTH="71" HEIGHT="37" CONTENT="us" WC="0.64" CC="70"/>
						<SP ID="P79_SP00166" HPOS="1615" VPOS="2869" WIDTH="42"/>
						<String ID="P79_ST00188" HPOS="1657" VPOS="2811" WIDTH="129" HEIGHT="55" CONTENT="cool" WC="0.99" CC="0023"/>
						<SP ID="P79_SP00167" HPOS="1786" VPOS="2869" WIDTH="42"/>
						<String ID="P79_ST00189" HPOS="1828" VPOS="2811" WIDTH="121" HEIGHT="55" CONTENT="and" WC="0.98" CC="060"/>
						<SP ID="P79_SP00168" HPOS="1949" VPOS="2869" WIDTH="40"/>
						<String ID="P79_ST00190" HPOS="1989" VPOS="2810" WIDTH="168" HEIGHT="55" CONTENT="clean" WC="0.99" CC="40006"/>
						<SP ID="P79_SP00169" HPOS="2157" VPOS="2869" WIDTH="25"/>
						<String ID="P79_ST00191" HPOS="2182" VPOS="2826" WIDTH="12" HEIGHT="50" CONTENT=";" WC="0.64" CC="3"/>
					</TextLine>
					<TextLine ID="P79_TL00023" HPOS="512" VPOS="2904" WIDTH="1894" HEIGHT="70">
						<String ID="P79_ST00192" HPOS="512" VPOS="2910" WIDTH="179" HEIGHT="64" CONTENT="Hear," WC="0.99" CC="60004"/>
						<SP ID="P79_SP00170" HPOS="691" VPOS="2974" WIDTH="45"/>
						<String ID="P79_ST00193" HPOS="736" VPOS="2908" WIDTH="154" HEIGHT="58" CONTENT="thou" WC="0.98" CC="0007"/>
						<SP ID="P79_SP00171" HPOS="890" VPOS="2974" WIDTH="40"/>
						<String ID="P79_ST00194" HPOS="930" VPOS="2909" WIDTH="136" HEIGHT="54" CONTENT="who" WC="1.00" CC="000"/>
						<SP ID="P79_SP00172" HPOS="1066" VPOS="2974" WIDTH="43"/>
						<String ID="P79_ST00195" HPOS="1109" VPOS="2908" WIDTH="177" HEIGHT="56" CONTENT="made" WC="1.00" CC="0000"/>
						<SP ID="P79_SP00173" HPOS="1286" VPOS="2974" WIDTH="39"/>
						<String ID="P79_ST00196" HPOS="1325" VPOS="2907" WIDTH="105" HEIGHT="54" CONTENT="the" WC="1.00" CC="000"/>
						<SP ID="P79_SP00174" HPOS="1430" VPOS="2974" WIDTH="41"/>
						<String ID="P79_ST00197" HPOS="1471" VPOS="2905" WIDTH="134" HEIGHT="56" CONTENT="hills" WC="1.00" CC="00030"/>
						<SP ID="P79_SP00175" HPOS="1605" VPOS="2974" WIDTH="43"/>
						<String ID="P79_ST00198" HPOS="1648" VPOS="2907" WIDTH="121" HEIGHT="55" CONTENT="and" WC="0.98" CC="400"/>
						<SP ID="P79_SP00176" HPOS="1769" VPOS="2974" WIDTH="40"/>
						<String ID="P79_ST00199" HPOS="1809" VPOS="2906" WIDTH="106" HEIGHT="55" CONTENT="the" WC="1.00" CC="000"/>
						<SP ID="P79_SP00177" HPOS="1915" VPOS="2974" WIDTH="39"/>
						<String ID="P79_ST00200" HPOS="1954" VPOS="2904" WIDTH="452" HEIGHT="56" CONTENT="timber-beasts" WC="1.00" CC="0000003000000"/>
					</TextLine>
					<TextLine ID="P79_TL00024" HPOS="510" VPOS="2999" WIDTH="1887" HEIGHT="76">
						<String ID="P79_ST00201" HPOS="510" VPOS="3003" WIDTH="162" HEIGHT="56" CONTENT="That" WC="1.00" CC="0000"/>
						<SP ID="P79_SP00178" HPOS="672" VPOS="3059" WIDTH="40"/>
						<String ID="P79_ST00202" HPOS="712" VPOS="3023" WIDTH="174" HEIGHT="37" CONTENT="roam" WC="0.99" CC="0300"/>
						<SP ID="P79_SP00179" HPOS="886" VPOS="3060" WIDTH="42"/>
						<String ID="P79_ST00203" HPOS="928" VPOS="3021" WIDTH="220" HEIGHT="54" CONTENT="among" WC="0.99" CC="00060"/>
						<SP ID="P79_SP00180" HPOS="1148" VPOS="3075" WIDTH="39"/>
						<String ID="P79_ST00204" HPOS="1187" VPOS="3003" WIDTH="186" HEIGHT="64" CONTENT="them," WC="0.99" CC="00023"/>
						<SP ID="P79_SP00181" HPOS="1373" VPOS="3075" WIDTH="45"/>
						<String ID="P79_ST00205" HPOS="1418" VPOS="3003" WIDTH="134" HEIGHT="54" CONTENT="who" WC="1.00" CC="000"/>
						<SP ID="P79_SP00182" HPOS="1552" VPOS="3075" WIDTH="44"/>
						<String ID="P79_ST00206" HPOS="1596" VPOS="3002" WIDTH="176" HEIGHT="56" CONTENT="made" WC="1.00" CC="0002"/>
						<SP ID="P79_SP00183" HPOS="1772" VPOS="3075" WIDTH="40"/>
						<String ID="P79_ST00207" HPOS="1812" VPOS="3002" WIDTH="106" HEIGHT="55" CONTENT="the" WC="1.00" CC="000"/>
						<SP ID="P79_SP00184" HPOS="1918" VPOS="3075" WIDTH="38"/>
						<String ID="P79_ST00208" HPOS="1956" VPOS="2999" WIDTH="217" HEIGHT="72" CONTENT="sliding" WC="1.00" CC="0000000"/>
						<SP ID="P79_SP00185" HPOS="2173" VPOS="3075" WIDTH="40"/>
						<String ID="P79_ST00209" HPOS="2213" VPOS="2999" WIDTH="184" HEIGHT="57" CONTENT="rivers" WC="0.99" CC="200030"/>
					</TextLine>
					<TextLine ID="P79_TL00025" HPOS="509" VPOS="3096" WIDTH="1508" HEIGHT="73">
						<String ID="P79_ST00210" HPOS="509" VPOS="3098" WIDTH="141" HEIGHT="57" CONTENT="And" WC="0.96" CC="370"/>
						<SP ID="P79_SP00186" HPOS="650" VPOS="3155" WIDTH="40"/>
						<String ID="P79_ST00211" HPOS="690" VPOS="3099" WIDTH="177" HEIGHT="57" CONTENT="silver" WC="1.00" CC="000000"/>
						<SP ID="P79_SP00187" HPOS="867" VPOS="3156" WIDTH="42"/>
						<String ID="P79_ST00212" HPOS="909" VPOS="3100" WIDTH="113" HEIGHT="56" CONTENT="fish" WC="0.99" CC="1100"/>
						<SP ID="P79_SP00188" HPOS="1022" VPOS="3156" WIDTH="40"/>
						<String ID="P79_ST00213" HPOS="1062" VPOS="3099" WIDTH="139" HEIGHT="55" CONTENT="that" WC="1.00" CC="0000"/>
						<SP ID="P79_SP00189" HPOS="1201" VPOS="3156" WIDTH="40"/>
						<String ID="P79_ST00214" HPOS="1241" VPOS="3097" WIDTH="199" HEIGHT="56" CONTENT="shiver" WC="1.00" CC="004000"/>
						<SP ID="P79_SP00190" HPOS="1440" VPOS="3156" WIDTH="39"/>
						<String ID="P79_ST00215" HPOS="1479" VPOS="3096" WIDTH="62" HEIGHT="56" CONTENT="in" WC="0.52" CC="35"/>
						<SP ID="P79_SP00191" HPOS="1541" VPOS="3156" WIDTH="40"/>
						<String ID="P79_ST00216" HPOS="1581" VPOS="3097" WIDTH="105" HEIGHT="55" CONTENT="the" WC="1.00" CC="000"/>
						<SP ID="P79_SP00192" HPOS="1686" VPOS="3156" WIDTH="39"/>
						<String ID="P79_ST00217" HPOS="1725" VPOS="3097" WIDTH="185" HEIGHT="72" CONTENT="pools," WC="0.99" CC="040304"/>
						<SP ID="P79_SP00193" HPOS="1910" VPOS="3169" WIDTH="30"/>
						<String ID="P79_ST00218" HPOS="1940" VPOS="3129" WIDTH="77" HEIGHT="7" CONTENT="—" WC="0.20" CC="8"/>
					</TextLine>
					<TextLine ID="P79_TL00026" HPOS="509" VPOS="3190" WIDTH="1771" HEIGHT="75">
						<String ID="P79_ST00219" HPOS="509" VPOS="3193" WIDTH="161" HEIGHT="57" CONTENT="That" WC="1.00" CC="0000"/>
						<SP ID="P79_SP00194" HPOS="670" VPOS="3250" WIDTH="40"/>
						<String ID="P79_ST00220" HPOS="710" VPOS="3196" WIDTH="173" HEIGHT="55" CONTENT="there" WC="1.00" CC="00000"/>
						<SP ID="P79_SP00195" HPOS="883" VPOS="3251" WIDTH="41"/>
						<String ID="P79_ST00221" HPOS="924" VPOS="3194" WIDTH="193" HEIGHT="71" CONTENT="might" WC="1.00" CC="00000"/>
						<SP ID="P79_SP00196" HPOS="1117" VPOS="3265" WIDTH="40"/>
						<String ID="P79_ST00222" HPOS="1157" VPOS="3193" WIDTH="76" HEIGHT="56" CONTENT="be" WC="0.82" CC="03"/>
						<SP ID="P79_SP00197" HPOS="1233" VPOS="3265" WIDTH="40"/>
						<String ID="P79_ST00223" HPOS="1273" VPOS="3191" WIDTH="140" HEIGHT="57" CONTENT="wild" WC="1.00" CC="0000"/>
						<SP ID="P79_SP00198" HPOS="1413" VPOS="3265" WIDTH="40"/>
						<String ID="P79_ST00224" HPOS="1453" VPOS="3199" WIDTH="164" HEIGHT="48" CONTENT="meat" WC="0.98" CC="3400"/>
						<SP ID="P79_SP00199" HPOS="1617" VPOS="3265" WIDTH="40"/>
						<String ID="P79_ST00225" HPOS="1657" VPOS="3191" WIDTH="92" HEIGHT="55" CONTENT="for" WC="0.96" CC="063"/>
						<SP ID="P79_SP00200" HPOS="1749" VPOS="3265" WIDTH="41"/>
						<String ID="P79_ST00226" HPOS="1790" VPOS="3197" WIDTH="210" HEIGHT="67" CONTENT="empty" WC="1.00" CC="20000"/>
						<SP ID="P79_SP00201" HPOS="2000" VPOS="3265" WIDTH="40"/>
						<String ID="P79_ST00227" HPOS="2040" VPOS="3190" WIDTH="203" HEIGHT="56" CONTENT="bellies" WC="1.00" CC="0010100"/>
						<SP ID="P79_SP00202" HPOS="2243" VPOS="3265" WIDTH="26"/>
						<String ID="P79_ST00228" HPOS="2269" VPOS="3209" WIDTH="11" HEIGHT="48" CONTENT=";" WC="0.39" CC="6"/>
					</TextLine>
					<TextLine ID="P79_TL00027" HPOS="510" VPOS="3287" WIDTH="1762" HEIGHT="73">
						<String ID="P79_ST00229" HPOS="510" VPOS="3292" WIDTH="180" HEIGHT="64" CONTENT="Hear," WC="0.99" CC="60004"/>
						<SP ID="P79_SP00203" HPOS="690" VPOS="3356" WIDTH="46"/>
						<String ID="P79_ST00230" HPOS="736" VPOS="3290" WIDTH="153" HEIGHT="56" CONTENT="thou" WC="1.00" CC="0000"/>
						<SP ID="P79_SP00204" HPOS="889" VPOS="3356" WIDTH="42"/>
						<String ID="P79_ST00231" HPOS="931" VPOS="3291" WIDTH="135" HEIGHT="55" CONTENT="who" WC="1.00" CC="000"/>
						<SP ID="P79_SP00205" HPOS="1066" VPOS="3356" WIDTH="43"/>
						<String ID="P79_ST00232" HPOS="1109" VPOS="3290" WIDTH="177" HEIGHT="55" CONTENT="made" WC="0.98" CC="0900"/>
						<SP ID="P79_SP00206" HPOS="1286" VPOS="3356" WIDTH="40"/>
						<String ID="P79_ST00233" HPOS="1326" VPOS="3288" WIDTH="135" HEIGHT="57" CONTENT="cold" WC="0.98" CC="4050"/>
						<SP ID="P79_SP00207" HPOS="1461" VPOS="3356" WIDTH="40"/>
						<String ID="P79_ST00234" HPOS="1501" VPOS="3288" WIDTH="202" HEIGHT="72" CONTENT="rapids" WC="1.00" CC="000000"/>
						<SP ID="P79_SP00208" HPOS="1703" VPOS="3360" WIDTH="39"/>
						<String ID="P79_ST00235" HPOS="1742" VPOS="3287" WIDTH="63" HEIGHT="55" CONTENT="in" WC="0.65" CC="06"/>
						<SP ID="P79_SP00209" HPOS="1805" VPOS="3360" WIDTH="39"/>
						<String ID="P79_ST00236" HPOS="1844" VPOS="3289" WIDTH="105" HEIGHT="54" CONTENT="the" WC="1.00" CC="000"/>
						<SP ID="P79_SP00210" HPOS="1949" VPOS="3360" WIDTH="41"/>
						<String ID="P79_ST00237" HPOS="1990" VPOS="3305" WIDTH="282" HEIGHT="51" CONTENT="canyons," WC="0.99" CC="30600534"/>
					</TextLine>
					<TextLine ID="P79_TL00028" HPOS="510" VPOS="3381" WIDTH="2026" HEIGHT="75">
						<String ID="P79_ST00238" HPOS="510" VPOS="3384" WIDTH="162" HEIGHT="57" CONTENT="Wild" WC="1.00" CC="0000"/>
						<SP ID="P79_SP00211" HPOS="672" VPOS="3441" WIDTH="39"/>
						<String ID="P79_ST00239" HPOS="711" VPOS="3385" WIDTH="341" HEIGHT="66" CONTENT="waterfalls," WC="1.00" CC="00040000204"/>
						<SP ID="P79_SP00212" HPOS="1052" VPOS="3451" WIDTH="48"/>
						<String ID="P79_ST00240" HPOS="1100" VPOS="3385" WIDTH="121" HEIGHT="54" CONTENT="and" WC="0.98" CC="060"/>
						<SP ID="P79_SP00213" HPOS="1221" VPOS="3451" WIDTH="39"/>
						<String ID="P79_ST00241" HPOS="1260" VPOS="3384" WIDTH="234" HEIGHT="72" CONTENT="springs" WC="0.99" CC="0040500"/>
						<SP ID="P79_SP00214" HPOS="1494" VPOS="3456" WIDTH="40"/>
						<String ID="P79_ST00242" HPOS="1534" VPOS="3383" WIDTH="62" HEIGHT="54" CONTENT="in" WC="1.00" CC="00"/>
						<SP ID="P79_SP00215" HPOS="1596" VPOS="3456" WIDTH="40"/>
						<String ID="P79_ST00243" HPOS="1636" VPOS="3384" WIDTH="106" HEIGHT="55" CONTENT="the" WC="0.99" CC="002"/>
						<SP ID="P79_SP00216" HPOS="1742" VPOS="3456" WIDTH="40"/>
						<String ID="P79_ST00244" HPOS="1782" VPOS="3383" WIDTH="128" HEIGHT="56" CONTENT="cool" WC="0.98" CC="2035"/>
						<SP ID="P79_SP00217" HPOS="1910" VPOS="3456" WIDTH="41"/>
						<String ID="P79_ST00245" HPOS="1951" VPOS="3401" WIDTH="178" HEIGHT="54" CONTENT="green" WC="0.98" CC="04106"/>
						<SP ID="P79_SP00218" HPOS="2129" VPOS="3456" WIDTH="39"/>
						<String ID="P79_ST00246" HPOS="2168" VPOS="3381" WIDTH="261" HEIGHT="66" CONTENT="hollows," WC="1.00" CC="00000004"/>
						<SP ID="P79_SP00219" HPOS="2429" VPOS="3456" WIDTH="31"/>
						<String ID="P79_ST00247" HPOS="2460" VPOS="3414" WIDTH="76" HEIGHT="7" CONTENT="—" WC="0.20" CC="8"/>
					</TextLine>
					<TextLine ID="P79_TL00029" HPOS="510" VPOS="3478" WIDTH="1953" HEIGHT="74">
						<String ID="P79_ST00248" HPOS="510" VPOS="3479" WIDTH="162" HEIGHT="57" CONTENT="That" WC="1.00" CC="0000"/>
						<SP ID="P79_SP00220" HPOS="672" VPOS="3536" WIDTH="40"/>
						<String ID="P79_ST00249" HPOS="712" VPOS="3481" WIDTH="170" HEIGHT="55" CONTENT="there" WC="0.99" CC="00131"/>
						<SP ID="P79_SP00221" HPOS="882" VPOS="3536" WIDTH="44"/>
						<String ID="P79_ST00250" HPOS="926" VPOS="3481" WIDTH="194" HEIGHT="71" CONTENT="might" WC="1.00" CC="00000"/>
						<SP ID="P79_SP00222" HPOS="1120" VPOS="3552" WIDTH="39"/>
						<String ID="P79_ST00251" HPOS="1159" VPOS="3480" WIDTH="77" HEIGHT="56" CONTENT="be" WC="1.00" CC="00"/>
						<SP ID="P79_SP00223" HPOS="1236" VPOS="3552" WIDTH="39"/>
						<String ID="P79_ST00252" HPOS="1275" VPOS="3485" WIDTH="397" HEIGHT="50" CONTENT="sweet-water" WC="1.00" CC="00200400000"/>
						<SP ID="P79_SP00224" HPOS="1672" VPOS="3552" WIDTH="40"/>
						<String ID="P79_ST00253" HPOS="1712" VPOS="3478" WIDTH="92" HEIGHT="56" CONTENT="for" WC="0.99" CC="002"/>
						<SP ID="P79_SP00225" HPOS="1804" VPOS="3552" WIDTH="39"/>
						<String ID="P79_ST00254" HPOS="1843" VPOS="3478" WIDTH="288" HEIGHT="73" CONTENT="parching" WC="0.99" CC="00006060"/>
						<SP ID="P79_SP00226" HPOS="2131" VPOS="3552" WIDTH="39"/>
						<String ID="P79_ST00255" HPOS="2170" VPOS="3483" WIDTH="254" HEIGHT="65" CONTENT="tongues" WC="1.00" CC="0000700"/>
						<SP ID="P79_SP00227" HPOS="2424" VPOS="3552" WIDTH="27"/>
						<String ID="P79_ST00256" HPOS="2451" VPOS="3494" WIDTH="12" HEIGHT="50" CONTENT=";" WC="0.96" CC="0"/>
					</TextLine>
					<TextLine ID="P79_TL00030" HPOS="510" VPOS="3572" WIDTH="1964" HEIGHT="76">
						<String ID="P79_ST00257" HPOS="510" VPOS="3579" WIDTH="182" HEIGHT="64" CONTENT="Hear," WC="0.98" CC="60600"/>
						<SP ID="P79_SP00228" HPOS="692" VPOS="3643" WIDTH="44"/>
						<String ID="P79_ST00258" HPOS="736" VPOS="3577" WIDTH="155" HEIGHT="55" CONTENT="thou" WC="0.98" CC="0007"/>
						<SP ID="P79_SP00229" HPOS="891" VPOS="3643" WIDTH="40"/>
						<String ID="P79_ST00259" HPOS="931" VPOS="3577" WIDTH="135" HEIGHT="56" CONTENT="who" WC="0.97" CC="006"/>
						<SP ID="P79_SP00230" HPOS="1066" VPOS="3643" WIDTH="41"/>
						<String ID="P79_ST00260" HPOS="1107" VPOS="3595" WIDTH="153" HEIGHT="53" CONTENT="gave" WC="1.00" CC="0000"/>
						<SP ID="P79_SP00231" HPOS="1260" VPOS="3648" WIDTH="39"/>
						<String ID="P79_ST00261" HPOS="1299" VPOS="3593" WIDTH="71" HEIGHT="37" CONTENT="us" WC="0.66" CC="60"/>
						<SP ID="P79_SP00232" HPOS="1370" VPOS="3648" WIDTH="42"/>
						<String ID="P79_ST00262" HPOS="1412" VPOS="3576" WIDTH="114" HEIGHT="68" CONTENT="thy" WC="1.00" CC="000"/>
						<SP ID="P79_SP00233" HPOS="1526" VPOS="3648" WIDTH="42"/>
						<String ID="P79_ST00263" HPOS="1568" VPOS="3575" WIDTH="252" HEIGHT="65" CONTENT="mother," WC="1.00" CC="0000004"/>
						<SP ID="P79_SP00234" HPOS="1820" VPOS="3648" WIDTH="45"/>
						<String ID="P79_ST00264" HPOS="1865" VPOS="3573" WIDTH="360" HEIGHT="56" CONTENT="All-Mother" WC="1.00" CC="0414000000"/>
						<SP ID="P79_SP00235" HPOS="2225" VPOS="3648" WIDTH="40"/>
						<String ID="P79_ST00265" HPOS="2265" VPOS="3572" WIDTH="209" HEIGHT="66" CONTENT="Earth," WC="0.99" CC="700004"/>
					</TextLine>
					<TextLine ID="P79_TL00031" HPOS="511" VPOS="3669" WIDTH="1842" HEIGHT="74">
						<String ID="P79_ST00266" HPOS="511" VPOS="3671" WIDTH="161" HEIGHT="56" CONTENT="That" WC="1.00" CC="0000"/>
						<SP ID="P79_SP00236" HPOS="672" VPOS="3727" WIDTH="40"/>
						<String ID="P79_ST00267" HPOS="712" VPOS="3672" WIDTH="106" HEIGHT="56" CONTENT="she" WC="1.00" CC="000"/>
						<SP ID="P79_SP00237" HPOS="818" VPOS="3728" WIDTH="43"/>
						<String ID="P79_ST00268" HPOS="861" VPOS="3671" WIDTH="193" HEIGHT="72" CONTENT="might" WC="1.00" CC="00000"/>
						<SP ID="P79_SP00238" HPOS="1054" VPOS="3743" WIDTH="39"/>
						<String ID="P79_ST00269" HPOS="1093" VPOS="3671" WIDTH="136" HEIGHT="55" CONTENT="feed" WC="1.00" CC="0200"/>
						<SP ID="P79_SP00239" HPOS="1229" VPOS="3743" WIDTH="40"/>
						<String ID="P79_ST00270" HPOS="1269" VPOS="3671" WIDTH="106" HEIGHT="55" CONTENT="her" WC="0.98" CC="032"/>
						<SP ID="P79_SP00240" HPOS="1375" VPOS="3743" WIDTH="40"/>
						<String ID="P79_ST00271" HPOS="1415" VPOS="3669" WIDTH="264" HEIGHT="57" CONTENT="children" WC="1.00" CC="00000026"/>
						<SP ID="P79_SP00241" HPOS="1679" VPOS="3743" WIDTH="41"/>
						<String ID="P79_ST00272" HPOS="1720" VPOS="3670" WIDTH="157" HEIGHT="55" CONTENT="from" WC="1.00" CC="0000"/>
						<SP ID="P79_SP00242" HPOS="1877" VPOS="3743" WIDTH="39"/>
						<String ID="P79_ST00273" HPOS="1916" VPOS="3669" WIDTH="105" HEIGHT="55" CONTENT="her" WC="1.00" CC="000"/>
						<SP ID="P79_SP00243" HPOS="2021" VPOS="3743" WIDTH="38"/>
						<String ID="P79_ST00274" HPOS="2059" VPOS="3669" WIDTH="215" HEIGHT="56" CONTENT="bosom" WC="1.00" CC="00000"/>
						<String ID="P79_ST00275" HPOS="2277" VPOS="3700" WIDTH="76" HEIGHT="9" CONTENT="—-" WC="0.39" CC="84"/>
					</TextLine>
					<TextLine ID="P79_TL00032" HPOS="512" VPOS="3764" WIDTH="1819" HEIGHT="73">
						<String ID="P79_ST00276" HPOS="512" VPOS="3769" WIDTH="233" HEIGHT="68" CONTENT="Ah-yee" WC="0.89" CC="004011"/>
						<SP ID="P79_SP00244" HPOS="745" VPOS="3837" WIDTH="27"/>
						<String ID="P79_ST00277" HPOS="772" VPOS="3768" WIDTH="9" HEIGHT="55" CONTENT="!" WC="0.62" CC="3"/>
						<SP ID="P79_SP00245" HPOS="781" VPOS="3837" WIDTH="47"/>
						<String ID="P79_ST00278" HPOS="828" VPOS="3766" WIDTH="605" HEIGHT="71" CONTENT="Way-nah-bo-zhoo," WC="0.83" CC="0004600205400004"/>
						<SP ID="P79_SP00246" HPOS="1433" VPOS="3837" WIDTH="46"/>
						<String ID="P79_ST00279" HPOS="1479" VPOS="3785" WIDTH="169" HEIGHT="35" CONTENT="come" WC="0.98" CC="4060"/>
						<SP ID="P79_SP00247" HPOS="1648" VPOS="3837" WIDTH="39"/>
						<String ID="P79_ST00280" HPOS="1687" VPOS="3766" WIDTH="153" HEIGHT="54" CONTENT="thou" WC="1.00" CC="0000"/>
						<SP ID="P79_SP00248" HPOS="1840" VPOS="3837" WIDTH="39"/>
						<String ID="P79_ST00281" HPOS="1879" VPOS="3783" WIDTH="80" HEIGHT="37" CONTENT="on" WC="0.72" CC="05"/>
						<SP ID="P79_SP00249" HPOS="1959" VPOS="3837" WIDTH="39"/>
						<String ID="P79_ST00282" HPOS="1998" VPOS="3764" WIDTH="122" HEIGHT="56" CONTENT="this" WC="0.99" CC="0004"/>
						<SP ID="P79_SP00250" HPOS="2120" VPOS="3837" WIDTH="39"/>
						<String ID="P79_ST00283" HPOS="2159" VPOS="3764" WIDTH="172" HEIGHT="72" CONTENT="night" WC="0.99" CC="63000"/>
					</TextLine>
					<TextLine ID="P79_TL00033" HPOS="511" VPOS="3859" WIDTH="1446" HEIGHT="74">
						<String ID="P79_ST00284" HPOS="511" VPOS="3863" WIDTH="169" HEIGHT="57" CONTENT="With" WC="1.00" CC="0000"/>
						<SP ID="P79_SP00251" HPOS="680" VPOS="3920" WIDTH="39"/>
						<String ID="P79_ST00285" HPOS="719" VPOS="3861" WIDTH="291" HEIGHT="72" CONTENT="blessings" WC="1.00" CC="031000600"/>
						<SP ID="P79_SP00252" HPOS="1010" VPOS="3933" WIDTH="42"/>
						<String ID="P79_ST00286" HPOS="1052" VPOS="3881" WIDTH="64" HEIGHT="36" CONTENT="as" WC="0.85" CC="02"/>
						<SP ID="P79_SP00253" HPOS="1116" VPOS="3933" WIDTH="39"/>
						<String ID="P79_ST00287" HPOS="1155" VPOS="3863" WIDTH="107" HEIGHT="54" CONTENT="the" WC="1.00" CC="000"/>
						<SP ID="P79_SP00254" HPOS="1262" VPOS="3933" WIDTH="41"/>
						<String ID="P79_ST00288" HPOS="1303" VPOS="3860" WIDTH="411" HEIGHT="73" CONTENT="maple-water" WC="1.00" CC="00020400000"/>
						<SP ID="P79_SP00255" HPOS="1714" VPOS="3933" WIDTH="40"/>
						<String ID="P79_ST00289" HPOS="1754" VPOS="3859" WIDTH="164" HEIGHT="56" CONTENT="flows" WC="0.98" CC="66000"/>
						<SP ID="P79_SP00256" HPOS="1918" VPOS="3933" WIDTH="27"/>
						<String ID="P79_ST00290" HPOS="1945" VPOS="3877" WIDTH="12" HEIGHT="49" CONTENT=";" WC="0.85" CC="1"/>
					</TextLine>
					<TextLine ID="P79_TL00034" HPOS="510" VPOS="3955" WIDTH="1732" HEIGHT="73">
						<String ID="P79_ST00291" HPOS="510" VPOS="3960" WIDTH="179" HEIGHT="55" CONTENT="Make" WC="1.00" CC="2000"/>
						<SP ID="P79_SP00257" HPOS="689" VPOS="4015" WIDTH="39"/>
						<String ID="P79_ST00292" HPOS="728" VPOS="3959" WIDTH="154" HEIGHT="55" CONTENT="thou" WC="0.99" CC="0040"/>
						<SP ID="P79_SP00258" HPOS="882" VPOS="4015" WIDTH="40"/>
						<String ID="P79_ST00293" HPOS="922" VPOS="3976" WIDTH="36" HEIGHT="37" CONTENT="a" WC="0.46" CC="5"/>
						<SP ID="P79_SP00259" HPOS="958" VPOS="4015" WIDTH="39"/>
						<String ID="P79_ST00294" HPOS="997" VPOS="3975" WIDTH="149" HEIGHT="53" CONTENT="song" WC="0.99" CC="0050"/>
						<SP ID="P79_SP00260" HPOS="1146" VPOS="4028" WIDTH="39"/>
						<String ID="P79_ST00295" HPOS="1185" VPOS="3964" WIDTH="66" HEIGHT="49" CONTENT="to" WC="1.00" CC="00"/>
						<SP ID="P79_SP00261" HPOS="1251" VPOS="4028" WIDTH="41"/>
						<String ID="P79_ST00296" HPOS="1292" VPOS="3975" WIDTH="110" HEIGHT="37" CONTENT="our" WC="0.95" CC="770"/>
						<SP ID="P79_SP00262" HPOS="1402" VPOS="4028" WIDTH="39"/>
						<String ID="P79_ST00297" HPOS="1441" VPOS="3955" WIDTH="508" HEIGHT="70" CONTENT="heavy-breasted" WC="1.00" CC="00000401004000"/>
						<SP ID="P79_SP00263" HPOS="1949" VPOS="4028" WIDTH="41"/>
						<String ID="P79_ST00298" HPOS="1990" VPOS="3955" WIDTH="252" HEIGHT="65" CONTENT="mother," WC="1.00" CC="0000404"/>
					</TextLine>
				</TextBlock>
			</PrintSpace>
		</Page>
	</Layout>
</alto>
