3619 5433
2816 4179 58 45 53

758 784 125 49 And
904 786 94 48 she
1021 784 122 50 died
1169 824 46 9 ..
1245 825 8 9 .
1328 789 27 45 I
1379 784 174 51 closed
1573 785 93 49 the
1687 784 134 63 shop
1848 824 84 10 ...
1987 788 27 46 I
2037 784 92 49 did
2151 789 96 44 not
2269 784 133 49 need
2424 785 91 48 the
2538 786 147 63 shop.
2721 789 26 45 I
2771 787 202 48 needed

567 866 126 61 only
721 883 92 44 my
843 883 117 33 own
988 868 131 58 soul,
1151 868 174 48 which
1352 869 172 62 began
1551 872 59 44 to
1640 867 155 48 dawn
1823 867 55 48 in
1907 883 85 33 me
2019 867 105 49 like
2152 868 93 48 the
2273 884 100 33 sun
2400 868 56 48 in
2484 868 179 64 spring
2689 910 48 8 ..
2766 910 9 9 .
2849 870 122 48 And

563 949 159 63 being
759 951 149 62 quite
942 951 200 56 insane,
1181 954 27 45 I
1245 968 148 31 came
1430 952 121 47 here

700 1035 97 47 We
834 1049 135 32 were
1008 1032 173 50 silent.
1254 1036 86 46 He
1378 1032 179 50 fussed
1601 1032 167 48 about
1826 1048 193 46 among
2076 1032 81 49 his
2214 1049 206 47 papers,
2465 1032 106 48 and
2622 1035 311 48 murmured
2959 1050 10 33 :

758 1118 27 47 I
826 1132 228 46 suppose
1091 1115 44 48 it
1171 1116 128 49 isn't
1336 1116 160 49 much
1533 1115 54 48 of
1624 1132 31 31 a
1690 1120 166 55 story.

701 1201 26 45 I
747 1198 188 49 smiled
955 1203 57 43 at
1032 1198 127 57 him,
1182 1198 102 50 but
1303 1199 116 49 said
1438 1198 240 61 nothing.
1718 1196 149 49 Then
1888 1198 66 47 he
1974 1198 215 48 showed
2204 1215 84 31 me
2309 1215 30 31 a
2358 1199 230 63 portrait
2608 1200 66 48 he
2688 1199 107 49 had
2816 1200 157 48 made

566 1281 53 47 of
657 1281 191 53 Losha.

701 1363 104 51 She
817 1380 109 33 was
940 1364 135 48 dark
1091 1364 106 49 and
1209 1365 136 58 thin,
1364 1380 133 34 even
1511 1368 183 58 gaunt,
1719 1363 106 48 and
1846 1379 30 31 a
1890 1363 124 48 look
2035 1363 193 49 almost
2243 1363 54 48 of
2311 1364 246 49 madness
2571 1365 55 48 in
2639 1365 94 48 the
2754 1380 122 45 eyes
2895 1406 72 9 ...

563 1443 112 50 The
693 1450 142 45 tears
872 1446 166 48 rolled
1075 1446 156 49 down
1267 1449 93 47 the
1397 1446 246 50 Doctor's
1663 1446 190 49 cheeks
1880 1485 8 9 .
1917 1485 9 9 .
1956 1485 9 9 .

699 1527 47 48 A
767 1527 141 48 little
929 1528 136 48 later
1087 1531 27 45 I
1136 1529 116 49 said
1274 1529 212 64 goodby
1507 1534 59 44 to
1588 1529 128 48 him.
1790 1531 97 48 We
1908 1529 172 58 stood,
2105 1529 178 63 facing
2305 1530 130 48 each
2457 1530 153 49 other
2633 1530 105 49 and
2760 1531 67 48 he
2849 1531 122 49 held

564 1624 93 45 my
692 1609 160 49 hand.

757 1695 27 45 I
827 1709 87 31 am
954 1693 200 58 insane,
1257 1696 66 48 he
1363 1695 132 58 said,
1696 1700 96 43 not
1841 1694 173 62 forget
2065 1696 139 48 that.
2277 1695 124 49 And
2429 1700 94 44 out
2548 1696 151 49 there
2741 1727 53 4 —
2904 1698 66 47 he

563 1773 188 49 waved
774 1774 81 48 his
881 1775 153 48 other
1057 1776 146 48 hand
1226 1777 55 48 in
1304 1778 93 49 the
1422 1778 258 48 direction
1706 1777 52 48 of
1782 1780 130 45 New
1936 1778 164 56 York,
2184 1777 105 49 live
2312 1778 93 48 the
2429 1794 126 33 sane
2580 1794 140 33 ones.
2794 1781 176 52 Losha

563 1855 44 50 is
629 1855 153 60 dead,
807 1857 107 48 and
935 1861 92 46 Dr.
1051 1859 276 62 Farraday
1346 1861 44 49 is
1413 1861 150 49 dead.
1638 1863 122 46 You
1781 1861 156 47 know
1956 1861 93 47 the
2072 1860 254 58 ancients,
2494 1861 187 49 smiled
2704 1862 262 62 quaintly,

618 1939 234 63 thought
876 1941 94 47 the
993 1941 185 49 insane
1202 1960 135 32 were
1362 1943 138 50 close
1524 1949 58 43 to
1606 1944 94 47 the
1724 1943 145 62 gods.
1946 1945 108 46 But
2080 1943 168 49 that's
2275 1960 30 31 a
2330 1943 157 58 fable,
2540 1944 127 49 isn't
2703 1944 44 49 it
2772 1945 19 49 ?

699 2025 27 45 I
761 2022 176 50 closed
969 2024 94 48 the
1098 2024 129 49 door
1261 2042 69 31 on
1363 2026 112 48 him
1507 2042 132 45 very
1672 2026 179 61 softly,
1888 2026 249 49 troubled
2172 2026 56 49 in
2264 2026 186 61 spirit.

2259 2221 185 59 Jambs
2480 2221 355 53 Oppenheim.
