3619 5433
728 4168 64 61 46

1251 1381 117 59 HE
1412 1379 400 61 LAUGHED
1856 1378 108 58 AT
2007 1378 173 62 THE
2226 1378 225 60 GODS.

784 1672 205 63 During
1017 1672 94 49 the
1140 1687 183 34 course
1363 1671 54 48 of
1456 1687 145 33 some
1639 1669 394 66 psychological
2072 1669 411 63 investigations
2541 1673 26 46 I
2607 1686 107 33 was
2754 1670 233 64 making,
3030 1674 27 45 I

647 1756 168 48 found
839 1755 46 49 it
910 1771 280 44 necessary
1213 1760 60 43 to
1298 1754 129 50 visit
1454 1770 68 32 an
1546 1754 185 49 insane
1758 1753 209 61 asylum
1991 1769 128 33 near
2145 1756 132 45 New
2302 1755 164 47 York.
2543 1752 114 49 The
2682 1754 243 63 building
2950 1770 108 34 was

647 1857 69 32 no
754 1856 145 32 more
933 1840 136 48 than
1107 1855 68 32 an
1210 1837 323 64 ill-smelling
1567 1838 269 57 barracks,
1874 1854 132 44 very
2041 1837 237 48 desolate
2303 1852 8 33 :
2351 1837 101 49 but
2487 1837 95 48 the
2617 1854 181 46 young
2833 1838 223 57 interne,

646 1923 119 49 who
794 1922 197 64 guided
1021 1939 84 31 me
1134 1922 235 62 through
1396 1922 94 48 the
1519 1921 166 63 place,
1717 1920 185 62 finally
1929 1922 133 47 took
2091 1937 84 31 me
2204 1925 59 43 to
2295 1938 29 31 a
2354 1920 158 50 series
2544 1920 53 48 of
2626 1920 211 64 private
2864 1936 191 42 rooms,

645 2006 175 49 which
851 2022 135 33 were
1018 2004 263 50 homelike
1316 2004 106 49 and
1454 2004 244 63 pleasant
1732 2003 107 49 and
1872 2003 108 49 had
2013 2002 252 50 windows
2298 2003 177 63 facing
2506 2003 94 48 the
2634 2002 157 49 fields
2828 2002 106 49 and
2965 2003 94 48 the

646 2089 136 50 hills.
855 2092 86 46 He
970 2088 117 49 told
1119 2105 85 32 me
1235 2088 74 61 by
1338 2088 94 48 the
1463 2104 120 44 way
1612 2088 125 48 that
1768 2090 26 46 I
1827 2092 145 44 must
2005 2088 171 48 above
2208 2086 70 48 all
2306 2086 182 63 things
2520 2102 84 33 see
2637 2088 94 47 Dr.
2765 2085 292 62 Farraday.

647 2177 91 45 Dr.
774 2171 290 62 Farraday,
1086 2172 66 49 he
1185 2171 298 63 explained,
1507 2171 153 49 knew
1692 2188 30 32 a
1754 2176 149 57 great
1936 2170 118 49 deal
2075 2170 167 49 about
2273 2170 94 48 the
2398 2170 203 48 human
2632 2169 142 49 soul:
2809 2186 59 32 so
2901 2168 161 49 much

645 2273 59 33 so
743 2257 125 48 that
908 2256 93 48 the
1041 2271 180 46 young
1262 2254 214 50 doctors
1517 2254 149 49 often
1708 2254 278 49 consulted
2027 2254 113 47 him
2182 2254 168 48 about
2391 2252 248 63 puzzling
2683 2252 107 48 and
2831 2251 230 50 unusual

645 2355 161 33 cases.

840 2424 85 45 He
959 2421 44 50 is
1036 2420 94 49 the
1166 2425 140 44 most
1340 2420 314 63 interesting
1690 2436 126 33 man
1851 2420 140 57 here,
2090 2420 66 48 he
2190 2419 118 50 told
2345 2436 100 32 me.

837 2503 124 50 And
991 2504 145 48 what
1166 2503 44 49 is
1240 2503 66 49 he
1337 2503 252 63 suffering
1618 2503 140 49 from
1781 2503 19 49 ?
1901 2505 28 47 I
1968 2502 180 50 asked.

782 2589 85 47 He
892 2586 204 51 smiled.
1226 2586 181 49 You'll
1432 2587 138 48 have
1596 2591 60 44 to
1682 2591 88 58 get
1797 2586 82 49 his
1906 2602 120 33 own
2052 2585 284 64 diagnosis,
2516 2585 132 50 said.
2781 2588 280 46 Betweeen

645 2688 109 46 you
785 2671 106 49 and
921 2688 101 41 me,
1054 2673 27 47 I
1111 2670 160 50 think
1299 2671 67 48 he
1395 2671 97 48 has
1522 2687 32 32 a
1583 2669 129 64 high
1740 2669 187 64 regard
1956 2669 83 50 for
2068 2686 97 32 our
2195 2669 108 49 free
2332 2668 169 51 board
2532 2668 106 50 and
2671 2668 231 64 lodging.
2975 2671 87 47 He

646 2757 97 48 has
771 2756 94 48 the
892 2759 111 45 sort
1032 2754 54 49 of
1112 2753 238 62 insanity
1378 2753 55 48 of
1459 2753 94 49 the
1580 2753 160 59 hobo,
1772 2753 53 48 of
1853 2753 94 48 the
1974 2753 468 50 I-Won't-Works.
2518 2755 110 46 But
2658 2752 67 49 he
2754 2768 148 33 came
2930 2757 58 43 to
3016 2751 44 49 it

644 2843 93 43 too
770 2838 109 48 late
910 2837 56 48 in
997 2836 91 49 life
1119 2842 60 43 to
1212 2836 157 48 make
1400 2836 197 63 freight
1631 2851 114 34 cars
1781 2835 105 49 and
1919 2835 261 61 hay-lofts
2213 2840 58 44 at
2317 2835 68 49 all
2431 2835 311 49 attractive.
2818 2836 84 47 He
2952 2850 108 34 was

644 2926 94 44 too
763 2920 196 50 settled
984 2920 156 48 down
1163 2925 59 43 to
1246 2919 215 49 wander
1484 2920 94 48 the
1602 2918 181 59 world,
1813 2918 106 49 and
1942 2924 93 43 too
2079 2949 55 5 —
2176 2919 131 58 well,
2334 2918 185 50 insane
2543 2923 60 43 to
2627 2919 167 48 work.

839 3003 136 50 Well
1003 3004 8 48 !
1099 3005 28 46 I
1153 3002 246 63 laughed,
1486 3004 27 46 I
1542 3001 224 62 daresay
1792 3002 149 47 there
1971 3018 88 31 are
2086 3017 165 45 many
2276 3001 105 48 like
2406 3000 114 49 him
2564 3031 53 4 —
2661 3000 125 61 only
2813 3000 132 60 they
2973 3016 88 33 are

647 3086 288 64 quartered
971 3102 70 32 on
1076 3085 264 58 relatives,
1379 3101 58 31 or
1472 3084 177 59 wives,
1688 3101 59 31 or
1781 3083 214 50 friends.
2025 3125 9 7 .
2064 3124 9 9 .
2113 3087 66 45 In
2216 3084 214 48 ancient
2479 3083 133 61 days
2660 3084 124 48 that
2831 3082 140 49 form
3007 3081 55 51 of

645 3169 240 61 insanity
913 3185 107 33 was
1050 3168 185 63 highly
1264 3167 305 50 honorable.
1643 3171 55 45 It
1726 3167 61 58 is,
1818 3167 128 49 isn't
1975 3167 60 58 it,
2066 3168 94 47 the
2189 3166 239 61 insanity
2458 3167 54 48 of
2540 3167 94 48 the
2674 3166 156 49 artist
2855 3166 18 49 ?

782 3253 101 49 His
916 3269 201 33 answer
1146 3268 110 33 was
1285 3256 60 44 to
1377 3252 176 48 knock
1585 3257 57 43 at
1675 3268 30 31 a
1737 3250 144 59 door,
1918 3250 106 49 and
2057 3267 31 31 a
2120 3250 132 64 deep
2287 3249 107 49 and
2424 3250 181 48 rather
2638 3250 241 63 pleasing
2908 3248 152 50 voice

647 3336 160 59 cried,
909 3335 159 50 Come
1107 3335 71 48 in.
1310 3333 70 53 So
1419 3351 79 32 we
1536 3339 142 44 went
1714 3333 72 50 in.

782 3419 114 49 The
931 3419 135 62 light
1102 3417 210 50 flooded
1349 3418 238 62 brightly
1621 3418 235 62 through
1890 3417 94 48 the
2019 3416 99 49 tall
2152 3415 136 50 wide
2323 3414 247 59 window,
2610 3431 58 33 so
2704 3415 125 48 that
2868 3419 56 44 at
2946 3414 116 49 first

646 3506 27 46 I
703 3502 128 61 only
857 3519 108 33 saw
993 3519 31 31 a
1051 3502 134 48 dark
1212 3502 132 49 bulk
1372 3502 210 62 coming
1607 3500 207 50 toward
1842 3517 78 33 us.
1997 3502 110 47 But
2134 3502 27 46 I
2188 3498 214 50 noticed
2427 3499 94 48 the
2560 3498 147 49 walls
2747 3498 146 63 hung
2931 3497 133 49 with

647 3602 166 45 many
838 3590 215 58 strange
1081 3585 106 49 and
1213 3585 239 50 brilliant
1480 3585 278 62 drawings,
1789 3585 70 48 all
1886 3585 55 48 of
1970 3601 31 32 a
2028 3583 312 62 symbolical
2365 3587 210 53 nature,
2605 3582 209 61 mythic
2839 3581 224 50 animals

649 3668 106 49 and
778 3669 147 63 gods,
952 3674 138 44 stars
1115 3668 106 49 and
1245 3685 202 42 moons,
1475 3668 106 49 and
1603 3668 314 63 landscapes
1938 3668 125 48 that
2085 3684 162 33 never
2268 3683 149 32 were.
2454 3666 172 50 When
2648 3669 28 45 I
2699 3682 109 33 was
2830 3664 234 64 through

647 3752 261 63 blinking,
937 3751 106 49 and
1068 3751 107 49 had
1200 3768 92 45 my
1317 3768 127 32 man
1470 3768 69 32 on
1575 3752 93 48 the
1705 3751 192 49 darker
1934 3751 112 49 side
2087 3751 53 49 of
2166 3767 100 41 me,
2294 3753 26 45 I
2356 3766 109 33 saw
2503 3749 112 48 him
2653 3749 150 63 quite
2844 3749 218 63 plainly.

647 3837 85 46 He
756 3851 109 33 was
887 3834 180 49 rather
1086 3834 170 61 bulky
1279 3835 106 48 and
1406 3834 159 64 large,
1588 3835 254 61 swarthy,
1868 3834 106 49 and
1995 3833 302 63 something
2319 3833 166 49 about
2506 3832 82 50 his
2610 3832 116 50 face
2748 3832 316 62 resembling

649 3917 94 49 the
779 3917 115 49 face
932 3917 54 49 of
1025 3934 29 32 a
1089 3918 182 50 turtle.

787 4001 100 49 His
924 4017 221 33 manner
1179 4018 109 33 was
1325 4018 132 45 very
1494 4006 297 54 courteous,
1830 4001 100 50 but
1970 4018 31 31 a
2035 4000 141 49 little
2213 4000 204 49 absent.
2491 3998 113 50 The
2640 4015 181 46 young
2856 3999 208 48 interne
