3619 5433
715 4157 60 60 48

651 746 263 52 sheathed
939 748 143 59 rock,
1112 747 107 49 and
1246 752 96 44 out
1369 747 54 49 of
1447 747 93 49 the
1566 747 101 61 sky
1694 763 31 33 a
1750 746 265 65 lightning
2040 746 57 49 in
2120 747 94 49 the
2240 747 140 49 form
2405 746 55 50 of
2486 763 32 33 a
2543 751 151 59 great
2719 752 216 59 serpent
2960 747 108 50 had

650 830 189 65 leaped
867 829 158 50 down
1054 830 107 49 and
1188 846 109 34 was
1326 829 169 50 about
1522 834 59 44 to
1610 829 178 50 fasten
1815 829 83 50 his
1926 829 154 64 fangs
2108 829 116 50 into
2251 831 95 49 the
2375 829 172 50 man's
2584 846 138 45 eyes.

845 913 348 52 Wonderful!
1328 916 26 48 I
1393 912 158 50 cried.
1684 913 123 49 And
1847 912 45 49 it
1928 928 185 34 means
2137 913 18 49 ?

1011 996 94 49 tell
1142 1012 84 32 me
1271 996 147 48 what
1452 995 45 49 it
1535 1012 200 43 means,
1842 996 67 48 he
1946 995 369 50 commanded.

784 1083 55 46 It
874 1079 204 51 flashed
1112 1079 312 62 intuitively
1459 1095 175 33 across
1670 1096 94 44 my
1798 1077 151 50 mind
1982 1079 124 49 that
2140 1078 45 50 it
2220 1086 217 43 meant:
2515 1081 122 47 'He
2671 1080 120 49 who
2826 1097 112 33 sees
2972 1086 95 43 too

646 1163 163 49 much
830 1168 147 44 must
997 1163 67 49 be
1085 1163 186 49 struck
1291 1162 166 50 blind.
1485 1162 11 18 '
1568 1165 28 46 I
1619 1162 117 49 told
1758 1162 114 48 him
1894 1161 106 50 and
2021 1162 66 49 he
2109 1178 109 34 was
2239 1163 186 63 highly
2446 1162 215 65 pleased
2687 1163 101 49 :he
2810 1163 257 64 regarded

646 1262 86 33 me
769 1245 415 61 affectionately.

839 1327 128 51 This
988 1328 44 50 is
1051 1329 94 48 the
1166 1328 116 50 first
1303 1329 205 48 human
1529 1333 218 45 contact
1768 1331 27 46 I
1817 1328 139 50 have
1977 1328 108 49 had
2105 1328 57 49 in
2183 1345 31 32 a
2234 1328 124 64 long
2377 1330 147 58 time,
2694 1330 133 50 said.
2959 1328 72 54 Ex-

643 1417 139 58 cept,
827 1411 55 49 of
922 1427 200 42 course,
1166 1428 146 33 some
1353 1410 55 49 of
1447 1412 95 48 the
1582 1411 231 50 lunatics
1838 1452 10 8 .
1877 1451 9 10 .
1916 1451 8 9 .

834 1497 111 46 But
969 1495 135 58 how,
1179 1497 27 47 I
1232 1494 180 59 asked,
1491 1511 99 33 can
1616 1512 31 31 a
1671 1511 128 32 man
1822 1511 86 33 see
1932 1500 93 43 too
2050 1495 176 58 much,
2251 1497 106 49 and
2380 1497 125 61 why
2527 1497 44 49 is
2595 1497 133 49 such
2753 1513 31 33 a
2808 1513 128 33 man
2959 1497 107 49 like

642 1578 280 64 Napoleon
945 1577 20 50 ?

836 1661 103 58 Ah,
1025 1662 66 48 he
1114 1660 132 59 said,
1330 1662 155 48 when
1511 1660 175 51 Christ
1709 1677 108 33 was
1841 1662 185 48 shown
2060 1662 94 48 the
2179 1661 281 63 kingdoms
2485 1662 55 50 of
2562 1663 94 49 the
2678 1663 167 49 world
2868 1664 140 48 from
3032 1681 31 32 a

643 1745 130 63 high
795 1745 298 57 mountain,
1120 1745 66 48 he
1210 1745 157 49 chose
1389 1745 132 48 then
1544 1745 242 49 between
1810 1744 190 51 Caesar
2025 1744 106 50 and
2155 1745 94 48 the
2275 1745 254 50 Galilean.
2603 1745 203 64 Seeing,
2833 1763 127 32 man
3003 1778 53 6 —

641 1832 60 45 to
730 1845 102 41 see,
863 1833 60 44 to
953 1828 157 49 know
1151 1857 55 6 —
1248 1827 325 63 knowledge,
1605 1828 132 61 they
1765 1844 112 45 say,
1908 1828 45 50 is
1982 1844 177 48 power
2184 1868 47 9 ..
2259 1868 10 10 .
2345 1832 110 46 But
2483 1828 154 49 when
2666 1845 100 33 one
2821 1829 45 49 is
2912 1830 150 50 blind

642 1911 132 49 then
796 1927 100 33 one
917 1927 112 34 sees
1050 1911 148 61 truly
1224 1950 46 10 ..
1300 1950 9 10 .
1334 1927 112 33 sees
1468 1910 276 62 inwardly.
1821 1912 12 18 '
1855 1911 153 61 They
2028 1912 139 49 have
2190 1927 138 45 eyes,
2353 1911 102 50 but
2476 1912 133 60 they
2629 1928 86 33 see
2754 1917 96 44 not
2877 1916 87 46 '..
2993 1954 8 9 .

778 1997 28 46 I
835 1994 98 49 felt
961 1994 82 49 his
1072 1994 264 63 meaning,
1369 1994 223 60 though,
1623 1999 59 44 to
1712 2010 93 33 use
1832 1995 94 48 the
1954 1994 147 49 word
2128 1994 57 49 in
2213 1994 82 49 his
2324 2010 166 43 sense,
2542 1998 27 45 I
2600 1994 92 49 did
2722 2000 97 44 not
2860 2012 86 33 see
2998 1996 61 50 it.

835 2077 124 49 And
1002 2077 146 49 what
1184 2077 45 49 is
1265 2078 94 48 the
1395 2082 215 59 serpent
1634 2077 20 50 ?
1754 2080 28 46 I
1822 2078 178 49 asked.

834 2159 114 50 The
983 2161 147 63 gods.

834 2242 151 51 Then
1017 2260 110 46 you
1159 2244 204 50 believe
1398 2244 56 48 in
1489 2245 94 47 the
1619 2244 130 63 gods
1774 2245 19 49 ?

836 2329 27 48 I
889 2328 138 49 have
1053 2327 198 62 always
1275 2327 242 50 believed
1540 2328 56 48 in
1620 2328 166 58 them,
1872 2329 66 48 he
1962 2328 116 50 said
2102 2329 56 48 in
2181 2328 83 51 his
2288 2334 215 57 strange
2527 2328 151 50 voice
2704 2328 171 63 again,
2960 2330 101 49 but

641 2413 27 46 I
704 2409 231 65 laughed
972 2415 58 44 at
1063 2411 167 49 them.
1303 2409 113 50 The
1453 2416 149 58 great
1639 2413 91 47 Dr.
1770 2412 278 62 Farraday
2081 2412 231 63 laughed
2348 2418 57 43 at
2424 2413 94 48 the
2537 2412 146 63 gods.
2760 2412 251 50 Believed
3036 2413 17 50 ?

640 2493 72 50 Of
740 2509 200 35 course.
1013 2492 113 50 The
1154 2493 110 48 fool
1292 2509 123 46 says
1443 2494 56 47 in
1527 2494 82 48 his
1637 2495 170 57 heart,
1880 2493 170 51 There
2077 2495 44 49 is
2150 2511 70 32 no
2251 2494 133 51 God.
2457 2495 124 49 And
2608 2496 95 48 the
2729 2495 330 50 intellectual

640 2593 123 46 says
788 2578 57 49 in
870 2577 83 52 his
980 2578 169 58 heart,
1178 2576 170 51 There
1375 2594 88 33 are
1488 2577 147 63 gods,
1667 2578 106 49 and
1800 2581 27 46 I
1864 2578 163 63 laugh
2064 2584 57 44 at
2146 2579 166 50 them.

775 2662 97 49 We
904 2666 86 45 sat
1021 2661 56 48 in
1109 2661 208 58 silence,
1352 2661 261 63 smoking,
1651 2662 106 48 and
1790 2678 121 33 now
1943 2662 107 49 and
2081 2662 133 49 then
2247 2665 27 47 I
2307 2662 97 50 felt
2436 2662 114 50 him
2580 2662 182 65 trying
2793 2667 59 45 to
2883 2662 173 64 pierce

637 2759 86 34 me
757 2743 133 49 with
927 2760 32 32 a
994 2743 138 50 look.
1206 2744 75 50 At
1317 2744 105 50 last
1458 2745 66 48 he
1561 2744 116 50 said
1701 2759 10 34 :

995 2844 88 33 are
1123 2828 266 58 troubled,
1430 2844 93 45 my
1559 2828 191 51 friend.

830 2914 125 55 Yes,
984 2912 144 48 lam
1153 2910 266 60 troubled,
1507 2914 27 46 I
1563 2911 282 49 admitted.
2102 2928 88 33 are
2217 2912 69 49 all
2312 2911 249 50 troubled
2586 2912 56 48 in
2667 2913 151 49 these
2844 2912 150 62 days.

830 2992 114 51 The
970 2993 134 61 days
1132 2993 53 49 of
1209 2993 94 49 the
1330 2999 149 57 great
1504 2993 95 59 ice,
1686 2995 67 48 he
1778 2994 325 49 murmured.
2199 2994 113 49 The
2337 2994 196 50 second
2560 2994 202 51 Glacial
2788 2995 206 50 Period.

637 3077 86 48 He
740 3075 220 63 paused,
980 3076 132 48 then
1130 3076 166 63 spoke
1315 3076 270 63 abruptly.
1717 3079 28 46 I
1765 3077 138 49 have
1922 3094 31 32 a
1971 3082 214 58 strange
2203 3077 193 63 feeling
2413 3077 83 49 for
2512 3094 123 45 you,
2656 3095 132 44 very
2805 3078 246 50 unusual.

637 3160 140 47 lam
797 3157 160 65 going
977 3164 59 43 to
1058 3159 95 49 tell
1172 3175 111 45 you
1304 3159 318 63 something.
1696 3163 125 46 You
1843 3176 126 45 may
1989 3160 173 64 forget
2197 3160 44 49 it
2276 3177 57 33 as
2355 3177 131 33 soon
2521 3177 57 34 as
2598 3177 111 45 you
2728 3162 140 49 have
2889 3163 166 49 heard

635 3241 61 50 it.
750 3244 126 47 You
901 3258 127 45 may
1042 3258 97 45 say
1151 3247 59 44 to
1225 3243 234 60 yourself
1485 3258 7 33 :
1527 3243 91 48 'It
1644 3243 45 49 is
1701 3244 94 48 the
1810 3244 272 63 phantasy
2097 3244 53 48 of
2171 3260 69 33 an
2258 3244 184 50 insane
2463 3261 141 33 man.
2633 3245 11 18 '
2690 3247 75 48 Or
2790 3261 110 46 you
2927 3263 128 45 may

636 3324 112 50 find
773 3324 45 50 it
845 3325 246 49 material
1116 3324 83 52 for
1226 3325 232 62 analysis
1486 3326 106 49 and
1618 3343 59 33 so
1705 3327 180 49 enrich
1910 3343 136 46 your
2070 3327 220 50 science.
2364 3330 74 48 Or
2463 3328 230 63 perhaps
2719 3328 42 49 if
2786 3331 145 47 lam
2957 3335 96 44 not

635 3408 197 62 wholly
851 3408 303 60 demented,
1175 3425 110 46 you
1304 3426 127 46 may
1449 3411 128 48 take
1596 3410 44 49 it
1658 3410 117 49 into
1794 3427 136 45 your
1949 3411 158 63 being
2127 3410 107 50 and
2253 3410 111 50 find
2383 3411 44 48 it
2448 3428 31 31 a
2498 3411 101 63 gift
2619 3411 54 49 of
2693 3412 94 49 the
2806 3412 131 63 gods
2964 3453 9 10 .
3003 3453 9 10 .
3042 3453 9 10 .

635 3494 55 46 It
720 3490 45 51 is
797 3508 31 32 a
859 3497 152 57 story
1052 3522 55 6 —
1149 3509 100 32 one
1282 3493 54 48 of
1366 3494 94 48 the
1491 3493 103 49 few
1623 3494 125 49 that
1779 3495 139 49 have
1949 3494 248 63 meaning
2228 3494 83 49 for
2341 3511 99 32 me.
2514 3494 124 51 And
2668 3494 46 50 it
2744 3495 44 50 is
2821 3496 169 49 about
3022 3513 33 33 a

634 3590 128 33 man
796 3578 28 46 I
861 3576 155 48 knew
1049 3606 54 6 —
1130 3576 85 58 oh,
1242 3577 154 48 knew
1414 3593 132 46 very
1566 3577 132 50 well.
1771 3578 144 49 Most
1934 3577 308 62 intimately
2266 3617 47 10 ..
2342 3617 9 10 .
2378 3577 235 63 Perhaps
2634 3577 45 49 it
2698 3577 45 50 is
2788 3579 94 49 the
2902 3584 151 57 story

634 3657 56 48 of
725 3673 98 33 our
864 3675 111 47 age.
1052 3659 139 51 Who
1229 3660 183 49 knows
1436 3660 19 49 ?

768 3743 29 47 I
833 3740 195 50 looked
1066 3746 57 45 at
1159 3742 130 50 him.
1364 3744 112 49 Our
1513 3760 121 45 eyes
1681 3749 126 45 met.

825 3823 115 50 Tell
978 3841 101 42 me,
1176 3827 28 48 I
1241 3826 131 50 said.

769 3907 125 52 And
929 3909 67 48 he
1034 3908 120 50 told
1191 3926 84 32 me
1301 3951 9 8 .
1339 3950 9 9 .
1377 3950 9 9 .

827 3990 100 51 His
965 4008 158 33 name
1160 4009 110 33 was
1306 3992 196 50 Trudo.
1575 3993 144 50 That
1756 4010 159 33 name
1953 3993 139 50 after
2130 3993 70 51 all
2236 3993 44 50 is
2319 4010 57 33 as
2416 3993 138 63 good
2593 4011 57 34 as
2708 3996 227 49 another
2959 4036 48 10 ..
3037 4037 9 8 .
