2316 3883
760 242 170 35 LEÇONS
964 245 59 28 DU
1058 236 201 35 COLLÈGE
1291 244 58 27 DE
1381 245 170 28 FRANCE

2085 244 80 40 529

158 334 37 44 Il
234 336 235 59 présuma
501 348 95 45 que
619 343 76 34 cet
718 332 142 46 arbre
892 332 129 47 avait
1045 349 116 44 reçu
1185 335 86 46 des
1296 335 127 46 dons
1467 334 231 63 précieux
1726 335 60 46 de
1811 335 43 44 la
1885 345 176 34 nature
2091 349 9 39 ;
2129 332 31 46 il

156 414 42 45 le
228 414 53 45 fit
311 412 211 47 aussitôt
546 412 191 46 abattre
761 428 127 47 pour
912 428 62 31 en
1002 414 252 63 fabriquer
1280 431 68 31 un
1378 415 308 47 instrument
1713 416 60 46 de
1797 414 250 62 musique.
2070 412 92 49 Cet

156 494 145 47 arbre
330 492 130 47 avait
490 504 162 34 trente
683 494 215 45 coudées
931 494 59 45 de
1014 494 122 48 haut
1165 508 46 33 et
1241 512 50 30 se
1324 495 218 47 trouvait
1572 496 134 61 placé
1755 512 60 31 au
1856 494 279 48 trente-troi-

158 576 153 46 sième
336 576 148 61 degré
513 576 60 45 de
598 574 226 47 latitude.
854 574 129 48 C'est
1010 578 249 61 pourquoi
1296 576 162 49 Fouhi
1506 579 53 44 fit
1598 593 188 47 couper
1833 579 42 44 le
1918 590 142 33 tronc
2098 593 60 29 en

158 656 123 46 trois
300 655 184 62 parties
504 655 163 62 égales
697 659 347 58 représentant
1085 658 68 44 les
1184 658 123 45 trois
1344 659 241 44 éléments
1618 674 9 31 :
1679 659 43 44 le
1777 658 107 59 ciel,
1924 658 45 45 la
2009 670 148 46 terre,

158 738 298 45 l'homme...
487 736 176 46 Fixant
682 753 90 29 son
800 736 146 46 choix
972 753 85 30 sur
1080 739 44 44 la
1161 739 156 60 partie
1339 740 65 46 du
1429 738 192 59 milieu,
1654 739 32 46 il
1725 740 42 45 la
1801 740 211 61 plongea
2044 754 87 47 pen-

158 820 118 46 dant
301 819 405 46 soixante-douze
730 818 138 61 jours
890 816 190 64 (chiffre
1115 820 278 46 déterminé
1437 835 88 47 par
1547 821 69 45 les
1646 820 408 47 soixante-douze
2080 821 52 46 de-

159 903 110 58 grés
295 901 60 45 de
385 900 381 61 l'atmosphère)
795 900 125 46 dans
964 900 125 47 l'eau
1119 917 125 45 pure
1293 901 114 47 d'un
1458 903 173 44 fleuve.
1680 903 159 61 Après
1876 917 51 30 ce
1964 901 105 61 laps
2100 903 58 44 de

160 992 182 49 temps,
376 980 32 46 il
435 981 41 45 la
498 979 150 48 retira
671 993 47 33 et
748 981 43 45 la
826 981 51 46 fit
908 980 187 47 sécher.
1120 981 36 46 Il
1181 981 181 46 choisit
1391 981 195 47 ensuite
1619 998 68 30 un
1716 981 112 59 jour
1851 981 139 56 faste,
2035 997 127 47 pour

160 1077 60 30 en
244 1061 118 46 faire
388 1061 238 59 façonner
649 1077 90 47 par
767 1077 69 30 un
860 1061 185 47 luthier
1080 1077 67 31 un
1190 1061 187 60 violon,
1404 1061 119 61 qu'il
1548 1063 174 62 appela
1746 1063 119 45 d'un
1895 1078 119 30 nom
2056 1078 71 30 em-

162 1148 179 57 prunté
366 1148 25 42 à
419 1158 101 32 une
539 1143 150 47 féerie
719 1144 205 61 appelée
945 1143 233 62 giao-chi.
1212 1144 91 48 Cet
1340 1144 324 52 instrument,
1708 1144 122 46 dont
1877 1144 43 46 la
1957 1149 96 41 tête
2087 1144 73 47 fut

160 1228 151 43 ornée
342 1227 148 45 d'une
523 1225 254 62 sculpture
803 1229 345 57 représentant
1166 1227 119 44 d'un
1307 1229 107 42 côté
1438 1225 44 45 la
1512 1227 97 44 tête
1630 1225 119 46 d'un
1771 1224 143 60 jeune
1934 1224 224 58 homme,

160 1305 60 46 de
245 1305 174 47 l'autre
440 1305 119 46 celle
590 1305 146 47 d'une
781 1305 145 60 jeune
950 1305 116 60 fille,
1111 1305 244 47 mesurait
1383 1304 123 47 trois
1548 1304 212 47 coudées
1792 1304 71 46 six
1889 1319 183 46 pouces
2101 1305 58 45 de

160 1388 118 61 long
306 1389 365 60 (représentant
728 1388 69 46 les
827 1387 126 47 trois
997 1399 113 35 cent
1158 1387 223 47 soixante
1435 1385 215 61 degrés),
1719 1384 109 47 huit
1872 1401 182 45 pouces
2102 1385 58 45 de

163 1468 132 62 large
319 1470 368 59 (représentant
717 1469 69 46 les
817 1468 110 47 huit
946 1467 244 48 divisions
1214 1468 57 46 de
1297 1468 232 58 l'année),
1553 1467 131 45 deux
1720 1481 184 45 pouces
1950 1464 184 61 d'épais-

162 1563 115 32 seur
300 1550 377 60 (représentant
706 1549 69 45 les
795 1549 129 46 deux
946 1549 243 45 éléments
1213 1562 9 33 :
1263 1548 42 44 le
1329 1547 90 45 ciel
1444 1557 46 35 et
1509 1545 46 46 la
1589 1545 146 60 terre)
1754 1561 12 43 ;
1799 1545 30 45 il
1853 1544 130 47 avait
2007 1545 155 45 douze

170 1629 176 55 sillets,
379 1629 111 62 plus
513 1644 87 38 un,
626 1633 348 58 représentant
998 1629 70 46 les
1094 1629 157 46 douze
1271 1627 131 47 mois
1434 1628 58 44 de
1517 1627 191 45 l'année
1739 1625 113 61 plus
1871 1641 67 30 un
1964 1639 128 47 pour
2122 1625 40 45 le

165 1710 131 47 mois
327 1710 327 49 intercalaire.
682 1713 97 44 Les
810 1710 115 63 cinq
949 1712 175 44 cordes
1151 1710 211 45 tendues
1393 1723 86 32 sur
1499 1724 52 30 sa
1580 1707 102 45 face
1730 1705 316 63 indiquaient
2094 1705 68 45 les

163 1792 117 62 cinq
300 1792 244 47 éléments
578 1804 9 33 :
611 1793 70 46 les
706 1792 278 57 minéraux,
1017 1790 69 46 les
1111 1793 258 58 végétaux,
1402 1789 144 59 l'eau,
1580 1788 42 46 le
1652 1788 94 58 feu,
1778 1788 43 44 la
1851 1798 188 34 terre...

225 1891 22 24 «
273 1872 85 48 On
381 1872 107 47 doit
521 1872 264 47 s'abstenir
808 1873 60 46 de
892 1870 143 61 jouer
1058 1872 59 44 de
1139 1881 75 35 cet
1237 1870 305 46 instrument
1565 1869 124 46 dans
1712 1868 69 44 les
1820 1865 73 47 six
1913 1877 249 35 moments

162 1954 227 48 suivants
414 1967 9 33 :
459 1963 42 36 i°
530 1954 170 62 quand
724 1953 31 47 il
783 1953 86 47 fait
910 1953 158 61 grand
1100 1952 130 45 froid
1254 1967 10 42 ;
1299 1958 45 38 2°
1373 1952 169 61 quand
1589 1949 33 46 il
1666 1948 87 46 fait
1800 1959 114 50 trop
1955 1948 161 46 chaud
2144 1964 9 33 ;

163 2037 46 44 3°
231 2036 171 60 quand
424 2034 32 46 il
479 2051 32 45 y
530 2051 25 29 a
586 2034 157 61 grand
763 2044 116 36 vent
899 2049 63 45 ;4
964 2041 14 16 0
1002 2033 170 61 quand
1203 2032 30 45 il
1258 2032 137 62 pleut
1428 2033 25 43 à
1489 2046 137 30 verse
1645 2046 9 33 ;
1711 2030 44 45 5°
1790 2028 169 62 quand
1989 2025 31 47 il
2056 2043 32 45 y
2136 2043 26 29 a

162 2118 66 45 du
252 2128 236 35 tonnerre
515 2132 10 34 ;
544 2117 49 46 6°
614 2116 170 60 quand
808 2114 32 46 il
868 2129 33 47 y
926 2131 25 29 a
968 2116 60 44 de
1052 2114 46 45 la
1133 2113 158 61 neige.
1398 2112 39 45 Il
1466 2127 30 46 y
1523 2127 61 29 en
1607 2127 25 29 a
1655 2124 180 31 encore
1867 2119 109 51 sept
1997 2119 165 35 autres

162 2198 222 61 pendant
400 2197 223 62 lesquels
654 2197 32 46 il
709 2212 60 29 ne
789 2196 104 47 faut
924 2211 86 45 pas
1040 2194 42 46 le
1106 2194 121 46 faire
1256 2193 240 46 entendre
1523 2208 9 32 :
1567 2198 116 39 i°au
1715 2206 145 30 cours
1895 2190 85 45 des
2021 2189 113 46 funé-

160 2278 165 47 railles
347 2295 9 34 ;
386 2293 24 31 2
416 2291 19 18 0
454 2279 124 46 dans
610 2279 70 45 les
709 2277 246 47 sacrifices
978 2293 10 35 ;
1024 2276 46 45 3°
1095 2276 170 60 quand
1296 2288 64 32 on
1391 2284 74 35 est
1487 2273 275 61 préoccupé
1799 2284 88 47 par
1927 2286 76 29 ses
2032 2268 103 46 inté-

160 2366 98 40 rêts
280 2377 9 34 ;
319 2375 32 44 4
353 2370 18 19 0
400 2361 170 62 quand
601 2376 66 29 on
703 2359 78 46 n'a
813 2375 88 44 pas
925 2357 103 62 pris
1052 2357 68 46 les
1152 2356 137 45 soins
1310 2356 58 45 de
1393 2357 233 60 propreté
1646 2370 12 41 ;
1687 2354 23 45 5
1715 2362 18 15 U
1762 2350 170 64 quand
1950 2366 67 30 on
2037 2350 125 45 n'est

159 2457 86 46 pas
263 2439 187 49 habillé
478 2442 317 46 décemment
818 2439 75 51 ;6°
917 2438 169 61 quand
1111 2452 65 32 on
1200 2438 75 43 n'a
1302 2452 86 46 pas
1411 2436 139 45 brûlé
1572 2434 60 46 de
1655 2433 213 46 l'encens
1891 2447 10 34 ;
1926 2448 24 43 7
1957 2439 18 21 0
1993 2430 169 61 quand

159 2538 63 31 on
248 2524 124 45 n'est
394 2538 89 47 pas
503 2537 117 32 avec
645 2537 72 32 un
736 2521 118 47 ami.
871 2537 25 28 »

221 2604 40 46 Il
286 2604 83 61 n'y
390 2620 26 30 a
437 2620 88 45 pas
549 2618 70 32 un
649 2602 104 48 seul
785 2602 117 46 trait
926 2602 126 46 dans
1075 2611 124 37 cette
1230 2597 327 62 description,
1585 2594 87 64 qui
1692 2611 61 30 ne
1774 2593 273 64 s'explique
2074 2607 88 47 par

158 2687 86 46 des
275 2684 356 64 superstitions
653 2686 60 44 de
738 2683 179 62 magie.

224 2768 66 46 Le
322 2767 221 64 principe
581 2767 181 61 auquel
793 2766 204 47 doivent
1028 2770 101 40 être
1160 2762 244 47 rattachés
1429 2762 69 44 les
1515 2759 334 46 instruments
1889 2754 273 49 construits

158 2865 115 29 avec
294 2850 86 44 des
404 2864 56 30 os
483 2858 47 35 et
545 2850 85 44 des
654 2852 176 41 crânes
846 2844 257 58 humains,
1120 2858 127 31 nous
1269 2853 102 33 met
1401 2856 85 30 sur
1509 2841 43 44 la
1583 2837 106 47 voie
1713 2838 121 46 d'un
1863 2852 59 31 au
1936 2848 72 33 tre
2031 2834 105 63 prin-

156 2930 126 62 cipe,
308 2930 262 61 analogue,
584 2927 127 47 mais
736 2927 113 62 plus
869 2926 217 62 général,
1108 2925 86 60 qui
1218 2921 203 48 domine
1443 2919 383 64 probablement
1846 2930 109 34 tout
1980 2918 12 45 1
2011 2932 149 46 usage

154 3011 60 46 de
234 3012 44 46 la
310 3011 238 62 musique
573 3008 387 47 instrumentale
986 3007 117 46 chez
1127 3006 71 44 les
1226 3002 258 63 primitifs.

436 3215 21 60 §
478 3215 43 60 7.
625 3225 79 39 Un
732 3224 230 48 principe
990 3223 60 37 de
1071 3220 163 49 magie
1265 3219 234 48 appliqué
1522 3219 29 36 à
1578 3218 47 37 la
1648 3215 230 40 lutherie.

219 3378 138 44 Dans
381 3391 69 31 un
474 3377 87 44 des
582 3375 272 61 Dialogues
884 3374 59 46 de
980 3372 207 57 Lucien,
1207 3372 43 44 la
1274 3368 284 48 courtisane
1601 3365 207 48 Bacchis
1841 3365 133 61 parle
2011 3366 24 44 à
2068 3380 90 30 son

158 3457 130 47 amie
309 3457 193 45 Mélitte
520 3457 150 45 d'une
686 3454 245 64 Syrienne
954 3452 282 48 forthabile
1260 3453 125 44 dans
1404 3449 43 47 la
1469 3449 161 62 magie
1655 3459 47 34 et
1726 3446 105 63 qui,
1853 3460 88 47 par
1966 3445 44 46 la
2027 3445 131 46 force

159 3538 59 47 de
243 3553 78 31 ses
343 3535 356 56 incantations,
733 3551 183 46 pourra
945 3534 70 47 lui
1036 3533 120 47 faire
1188 3529 324 64 reconquérir
1545 3529 42 46 le
1617 3542 139 33 cœur
1782 3528 59 44 de
1864 3540 91 32 son
1973 3537 184 35 amant.

289 3634 41 31 R.
355 3633 49 33 M.

2012 3631 18 32 3
