2316 3883
769 261 172 37 LEÇONS
976 261 59 27 DU
1070 251 204 37 COLLÈGE
1307 259 57 27 DE
1397 256 174 28 FRANCE

166 272 79 42 532

162 361 226 46 Athénée
408 361 88 55 (ix,
530 371 72 42 10,
635 369 46 46 p.
704 353 94 56 3c)O
801 359 17 17 a
825 352 14 61 )
860 350 94 46 cite
978 366 70 30 un
1079 350 144 61 poète
1245 347 88 63 qui
1357 344 278 63 expliquait
1658 344 59 46 de
1740 343 45 45 la
1829 343 167 44 même
2035 340 137 62 façon

163 439 295 50 l'invention
482 437 58 45 de
564 435 46 46 la
624 433 251 62 musique.

221 522 56 44 Je
308 517 128 48 crois
468 531 95 47 que
600 526 126 35 cette
766 512 108 48 idée
906 512 77 45 n'a
1013 510 186 64 qu'une
1225 509 316 62 importance
1571 509 99 43 très
1703 504 191 48 limitée
1926 504 90 61 (1).
2051 504 121 47 Mais

160 616 53 30 ce
237 599 85 61 qui
346 609 74 35 est
465 597 305 45 intéressant
804 606 47 34 et
896 592 179 47 mérite
1114 593 155 46 d'être
1300 603 195 46 retenu,
1543 588 121 47 c'est
1711 602 99 47 que
1842 587 67 45 les
1936 585 239 64 primitifs

160 684 145 56 (ceux
326 695 86 47 que
428 695 121 31 nous
569 692 219 48 pouvons
808 675 230 47 observer
1056 673 341 65 aujourd'hui)
1423 672 272 47 attribuent
1709 675 227 58 toujours
1952 683 63 31 au
2039 668 138 48 citant

167 761 82 47 des
272 761 203 45 oiseaux
505 773 91 32 une
621 755 342 65 signification
982 754 245 64 magique.
1245 755 90 46 Tel
1368 753 173 47 oiseau
1585 752 182 45 chante
1810 764 130 47 pour
1978 749 195 61 appeler

162 841 190 59 l'hiver,
404 841 64 45 tel
507 851 140 35 autre
703 853 131 47 pour
873 852 206 32 amener
1107 837 41 45 le
1193 835 286 63 printemps
1505 853 11 35 ;
1561 830 200 50 celui-ci
1797 842 121 35 veut
1949 830 44 46 la
2025 830 147 63 pluie,

160 923 201 47 celui-là
392 923 44 46 la
465 922 302 54 sécheresse,
808 931 133 35 etc...
975 918 144 48 Cette
1162 933 244 47 croyance
1458 933 25 29 a
1524 914 210 48 conduit
1763 918 27 43 à
1819 913 113 47 voir
1973 914 124 46 dans
2135 913 38 47 le

160 1003 150 47 chant
333 1004 87 46 des
450 1002 202 47 oiseaux
668 1016 99 33 une
792 999 276 49 indication
1091 999 237 63 magique
1359 999 60 46 de
1451 997 225 56 l'avenir,
1714 1011 69 31 un
1814 998 207 60 présage
2068 994 105 62 plus

160 1101 64 30 ou
249 1083 167 48 moins
445 1084 239 47 heureux.
713 1082 99 48 Sur
840 1098 52 31 ce
926 1082 165 62 point,
1142 1082 70 46 les
1241 1079 349 63 témoignages
1630 1079 87 46 des
1745 1091 284 48 voyageurs
2065 1088 107 35 sont

162 1166 204 45 formels
403 1164 85 63 (2).

223 1247 80 46 En
343 1247 281 46 admettant
653 1261 97 46 que
792 1246 44 45 la
865 1244 237 61 musique
1140 1246 58 45 de
1223 1243 242 47 l'homme
1503 1242 96 47 soit
1629 1239 172 49 imitée
1827 1241 59 47 de
1941 1239 121 47 celle
2091 1241 81 45 des

162 1328 219 56 oiseaux,
406 1327 33 47 il
458 1326 149 48 serait
630 1338 111 36 tout
764 1327 195 47 naturel
991 1326 155 62 qu'on
1165 1328 65 43 ait
1253 1324 218 47 attribué
1495 1327 27 43 à
1551 1324 46 46 la
1620 1322 142 63 copie
1789 1323 43 46 le
1867 1323 165 45 même
2059 1337 86 46 pou-

163 1410 110 45 voir
291 1407 236 63 magique
559 1410 150 60 qu'au
740 1407 217 48 modèle.

1031 1770 76 42 LE
1135 1757 186 56 PÉAN.

907 1947 17 49 §
953 1959 32 26 1.
1112 1949 313 40 Définitions.

226 2097 94 44 Les
340 2109 285 49 croyances,
646 2096 69 45 les
746 2096 198 62 mythes
966 2108 45 34 et
1042 2097 70 45 les
1150 2108 133 36 actes
1314 2097 264 63 magiques
1603 2097 220 63 inspirés
1855 2112 90 48 par
1974 2097 175 47 l'obser-

160 2175 171 47 vation
359 2177 87 45 des
475 2177 346 61 phénomènes
856 2179 225 46 naturels
1105 2179 93 46 tels
1229 2194 97 47 que
1347 2179 44 46 la
1420 2179 305 62 disparition
1762 2192 48 35 et
1846 2180 42 46 le
1919 2191 169 35 retour
2110 2180 62 47 du

159 2257 301 62 printemps,
484 2257 308 63 impliquent
820 2259 129 46 deux
972 2259 114 47 faits
1124 2264 220 59 opposés
1377 2273 10 34 :
1427 2277 100 32 une
1557 2273 136 34 mort
1723 2273 47 36 et
1794 2277 99 32 une
1927 2264 221 45 résurrec-

159 2335 123 49 tion.
315 2337 144 48 Cette
494 2339 186 46 double
710 2339 110 47 idée
856 2342 219 61 reparaît
1107 2340 153 59 aussi,
1293 2343 127 46 dans
1471 2358 219 47 presque
1730 2354 116 36 tous
1890 2344 69 46 les
2002 2343 170 58 cultes,

162 2433 127 46 pour
310 2419 216 46 d'autres
550 2419 196 50 raisons
775 2437 95 46 que
902 2420 42 61 je
975 2422 93 45 n'ai
1105 2438 89 46 pas
1218 2427 26 42 à
1273 2439 231 46 exposer.
1538 2424 70 46 La
1639 2436 134 35 mort
1822 2426 169 47 donne
2022 2424 97 47 lieu
2152 2428 23 42 à

160 2499 87 45 des
279 2499 213 61 plaintes
522 2502 87 61 qui
638 2513 237 36 trouvent
900 2503 108 46 leur
1037 2504 298 61 expression
1366 2506 127 45 dans
1535 2506 43 45 le
1610 2506 181 48 thrène
1815 2520 13 48 ;
1874 2507 44 47 la
1960 2511 217 44 résurrec

160 2578 108 47 tion
304 2580 166 47 donne
507 2580 99 49 lieu
643 2586 25 43 à
717 2598 99 32 une
854 2583 265 64 allégresse
1160 2586 88 62 qui
1300 2598 176 36 trouve
1513 2603 93 31 son
1643 2588 295 62 expression
1978 2589 124 47 dans
2135 2588 41 46 le

163 2663 145 58 péan.

221 2742 140 45 Telle
390 2754 74 35 est
488 2743 43 46 la
554 2744 264 47 définition
840 2747 44 46 la
905 2747 113 62 plus
1043 2749 231 61 générale
1306 2765 96 45 que
1424 2751 98 45 l'on
1552 2751 173 62 puisse
1745 2753 200 47 donner
1968 2753 59 46 de
2053 2762 120 37 cette

162 2823 213 46 seconde
397 2823 158 47 forme
576 2826 66 45 du
663 2826 206 62 lyrisme
900 2829 194 63 d'après
1118 2829 46 46 la
1193 2832 189 60 grande
1411 2832 235 60 majorité
1672 2833 86 46 des
1790 2834 302 47 documents
2121 2833 55 46 de

162 2903 224 64 l'époque
407 2906 246 63 classique
685 2927 10 29 :
723 2909 42 47 le
790 2914 129 58 péan
948 2923 72 36 est
1057 2927 70 32 un
1166 2913 151 47 chant
1347 2914 58 47 de
1436 2912 96 61 joie
1582 2926 47 35 et
1678 2917 60 46 de
1789 2917 273 64 triomphe.
2097 2914 80 49 On

163 2986 185 45 sentira
378 3002 92 31 son
506 2987 314 65 importance
850 3005 47 34 et
920 2993 212 48 l'intérêt
1154 2994 87 63 qui
1278 2996 239 47 s'attache
1547 3000 26 43 à
1598 3014 79 30 ses
1701 2997 241 64 origines,
1973 3015 63 32 en
2065 3012 84 32 son-

163 3078 146 47 geant
337 3082 96 46 que
468 3080 137 35 toute
635 3071 329 62 l'expression
994 3074 242 49 musicale
1260 3076 172 47 oscille
1446 3088 141 37 entre
1601 3094 80 31 ces
1703 3080 133 47 deux
1851 3081 322 47 sentiments:

213 3256 7 48 (
232 3269 11 24 !
252 3257 13 46 )
289 3257 48 40 V.
413 3259 60 35 La
493 3259 211 50 Musique,
1179 3271 62 27 ses
811 3261 91 46 lois,
1578 3274 73 27 son
1020 3264 186 39 évolution
1207 3265 307 50 (Flammarion,
1546 3271 135 50 1907),
1700 3283 40 38 p.
1781 3273 71 36 162
1897 3282 39 30 et
1966 3274 108 39 suiv.
2114 3271 62 38 On

162 3326 97 41 peut
282 3318 216 38 consulter
517 3321 130 47 aussi,
671 3334 71 25 sur
765 3322 39 38 la
821 3325 194 38 notation
1037 3326 57 38 du
1112 3327 128 38 chant
1262 3328 73 39 des
1354 3330 193 48 oiseaux,
1571 3332 36 38 J.
1648 3332 188 40 Vincent
1860 3348 7 25 :
1891 3336 93 38 Nos
2006 3337 171 37 oiseaux

160 3382 249 46 (Bruxelles,
432 3383 48 39 G.
503 3383 131 48 Balat,
661 3386 114 49 1898)
799 3398 9 33 ;
836 3388 43 37 F.
901 3388 209 51 Schyuler
1150 3391 209 39 Mathews
1395 3405 9 25 ;
1439 3395 125 38 Field
1592 3396 118 39 Hooh
1744 3398 51 52 oj
1817 3400 100 38 wild
1957 3401 124 37 Birds
2102 3396 75 40 and

162 3443 108 37 their
304 3455 145 36 music,
478 3457 25 25 a
521 3445 249 52 description
807 3449 49 50 of
884 3450 69 37 the
991 3452 220 38 character
1246 3454 84 37 and
1523 3458 50 52 0/
1601 3458 143 50 Birds,
1768 3468 116 32 etc...
1910 3459 266 52 (New-York,

164 3505 215 38 Putman's
400 3518 119 34 sons,
547 3510 135 48 1904.)

211 3567 59 49 (2)
291 3569 49 36 V.
361 3569 240 48 Lumholtz,
625 3584 62 39 op.
709 3574 85 47 cit.,
827 3575 32 46 I,
883 3588 41 36 p.
952 3575 91 42 331.
