2316 3883
779 257 172 35 LEÇONS
986 257 60 28 DU
1080 249 202 36 COLLÈGE
1317 256 56 25 DE
1407 254 173 27 FRANCE

177 260 81 45 534

238 349 152 46 Point
411 347 122 46 n'est
551 346 193 57 besoin,
765 360 130 47 pour
913 346 122 56 cela,
1058 344 59 47 de
1141 343 122 47 faire
1281 360 99 31 une
1411 342 355 48 énumération
1785 342 290 47 exhaustive
2095 346 83 45 des

175 441 169 37 textes.
377 427 137 48 Ceux
537 427 88 61 qui
651 440 121 33 vont
801 428 102 45 être
932 426 121 47 cités
1083 438 173 35 seront
1285 424 231 63 produits
1543 424 125 47 dans
1694 424 178 46 l'ordre
1902 422 277 66 historique

173 511 86 46 des
288 508 133 47 idées
443 507 143 63 qu'ils
621 512 348 57 représentent
989 520 47 34 et
1065 521 103 33 non
1191 508 198 60 d'après
1411 507 134 47 leurs
1566 506 160 47 dates.

718 751 19 48 §
760 763 36 25 2.
886 751 227 37 Premier
1135 760 119 28 sens
1274 751 69 38 du
1362 754 107 35 mot
1489 752 146 47 péan.

235 885 67 47 Le
327 896 106 35 mot
754 899 141 47 pœan
617 899 65 32 ou
1246 898 144 47 pœon
862 901 24 29 a
909 883 225 62 exprimé
1154 884 224 55 d'abord,
1412 897 109 35 tout
1552 884 349 62 simplement,
1945 901 97 30 une
2076 885 102 49 idée

170 965 58 47 de
254 964 252 64 guérison.
533 964 133 48 C'est
697 979 67 32 un
783 979 122 31 nom
926 979 261 45 commun,
1228 965 232 63 employé
1487 981 199 30 comme
1731 965 63 46 tel
1841 982 89 46 par
1971 967 208 62 Eschyle

169 1047 124 45 dans
322 1045 221 47 diverses
574 1044 251 47 locutions
848 1059 10 32 :
894 1065 20 22 «
951 1044 113 48 Sois
1102 1045 42 46 le
1186 1062 146 46 pason
1366 1047 59 45 de
1454 1062 53 30 ce
1533 1047 139 47 souci
1698 1063 24 29 »
1747 1049 70 59 (1)
1842 1059 12 49 ;
1881 1063 64 31 ou
1978 1061 11 33 :
2024 1065 23 27 «
2069 1049 88 46 trai-

167 1138 73 36 ter
264 1142 98 30 une
402 1125 167 47 affaire
599 1127 142 45 d'une
764 1125 131 47 main
1699 1125 288 63 pceonienne
1253 1147 22 24 »
1313 1129 70 59 (2)
1416 1139 12 47 ;
1467 1145 63 30 ou
1577 1142 9 33 :
1633 1146 23 26 «
1705 1129 88 46 des
1831 1128 193 62 prières
2049 1146 93 46 pœo-

186 1207 219 47 niennes»
426 1207 69 61 (3)
513 1223 9 41 ;
550 1223 62 31 ou
632 1222 178 32 encore
834 1226 9 28 :
868 1207 74 45 «il
962 1209 127 45 n'est
1115 1208 142 62 point
1275 1209 59 46 de
1360 1213 145 59 paeôn
1526 1226 127 46 pour
1676 1222 127 34 cette
1832 1211 170 62 parole
2027 1213 151 60 (pour

170 1288 42 46 le
241 1288 231 47 malheur
496 1305 94 45 que
613 1287 257 59 j'annonce
891 1306 24 28 »
942 1291 86 58 (4).
1047 1289 37 46 Il
1116 1289 136 63 parle
1273 1289 136 47 aussi
1430 1292 61 46 de
1515 1310 20 24 «
1562 1291 216 48 remèdes
1803 1292 249 61 pœoniens
2072 1310 40 29 ».
2138 1297 40 43 A

166 1368 105 47 vrai
302 1368 124 60 dire,
461 1368 214 64 Eschyle
699 1382 74 34 est
791 1385 70 31 un
898 1373 144 59 poète
1070 1387 10 33 ;
1103 1386 127 32 nous
1253 1387 182 31 savons
1456 1372 121 62 qu'il
1604 1372 119 47 était
1754 1374 100 45 très
1905 1373 236 64 religieux
2164 1395 9 34 ;

169 1449 125 46 mais
317 1451 159 45 c'était
494 1449 136 47 aussi
659 1466 68 32 un
758 1451 194 62 lyrique
990 1452 60 46 de
1080 1452 210 62 langage
1320 1453 163 47 hardi.
1508 1454 39 46 Il
1573 1467 74 34 est
1667 1454 225 63 possible
1935 1456 122 62 qu'il
2100 1458 52 45 dé-

167 1542 181 34 tourne
386 1531 59 47 ici
476 1532 60 46 de
555 1547 91 31 son
672 1546 114 32 sens
807 1532 240 62 religieux
1083 1546 47 33 et
1155 1533 116 62 qu'il
1298 1538 203 42 ramène
1533 1538 25 43 à
1592 1536 187 62 l'usage
1803 1551 227 44 courant,
2069 1555 109 29 avec

167 1626 97 32 une
289 1611 160 63 légère
466 1627 193 32 nuance
683 1613 60 46 de
757 1613 316 62 scepticisme
1091 1631 63 30 ou
1182 1614 434 63 d'indépendance
1647 1618 126 46 dans
1801 1618 43 46 la
1867 1622 200 57 pensée,
2113 1636 62 29 un

166 1703 107 35 mot
303 1691 85 62 qui
412 1693 180 61 depuis
630 1693 284 62 longtemps
936 1694 130 46 avait
1087 1711 96 30 une
1216 1694 338 63 signification
1580 1698 114 61 plus
1719 1698 169 47 haute.
1928 1700 129 46 Mais
2084 1716 87 46 peu

166 1771 216 63 importe
416 1791 9 34 ;
448 1790 79 30 ces
551 1786 154 35 textes
729 1774 230 49 suffisent
975 1780 24 41 à
1025 1777 44 46 la
1092 1777 396 48 détermination
1520 1780 66 47 du
1609 1780 222 62 premier
1870 1796 116 32 sens
2025 1782 128 47 histo-

169 1852 142 62 rique
331 1854 66 46 du
428 1867 124 33 mot.

227 1936 70 47 Ce
331 1951 113 30 sens
468 1948 73 35 est
580 1942 174 42 attesté
801 1938 133 47 aussi
961 1954 88 46 par
1078 1941 70 44 les
1187 1941 333 62 étymologies
1550 1959 98 45 que
1698 1943 70 47 les
1818 1945 206 47 anciens
2066 1961 81 31 eux-

165 2018 192 43 mêmes
381 2028 87 35 ont
499 2022 170 59 essayé
701 2018 111 47 d'en
840 2020 211 47 donner.
1098 2020 135 48 C'est
1276 2022 128 47 ainsi
1447 2040 115 44 que,
1597 2026 425 48 accessoirement
2066 2044 109 29 sans

164 2096 170 59 doute,
357 2097 250 64 Dionysos
627 2111 75 36 est
726 2101 177 61 appelé
926 2119 21 26 «
981 2102 216 61 péonien
1301 2103 220 63 épithète
1552 2106 196 47 donnée
1780 2108 137 46 aussi
1935 2111 26 43 à
1985 2108 190 47 Athéné

167 2177 341 62 (Pausanias).

224 2257 148 58 Mais,
406 2276 126 45 pour
555 2276 67 31 un
644 2261 228 62 primitif,
908 2263 43 46 la
981 2265 239 61 guérison
1240 2266 148 47 d'une
1411 2267 214 47 maladie
1649 2281 93 47 est,
1769 2286 61 31 au
1868 2275 165 42 même
2067 2271 109 46 titre

162 2354 97 44 que
288 2340 44 44 la
354 2341 212 46 maladie
588 2342 303 59 elle-même,
917 2345 200 47 l'oeuvre
1160 2347 120 46 d'un
1312 2347 176 62 Esprit
1519 2369 10 34 ;
1569 2350 117 47 bien
1723 2351 131 61 plus,
1881 2352 91 46 elle
2010 2365 74 33 est
2110 2368 65 30 un

165 2418 189 63 Esprit.
379 2421 84 47 On
485 2423 43 45 la
552 2422 307 62 spiritualise
884 2427 146 56 donc,
1056 2442 66 31 on
1144 2427 270 48 ladivinise
1440 2442 13 47 ;
1486 2446 64 29 on
1576 2446 61 31 en
1667 2431 88 48 fait
1784 2449 99 30 une
1914 2434 261 62 puissance

164 2500 229 61 spéciale,
420 2503 135 60 objet
584 2506 28 44 d
632 2505 339 48 incantations
1011 2508 259 63 spéciales.
1305 2511 184 60 (Ainsi,
1535 2525 145 34 notre
1719 2515 148 47 dame
1910 2516 266 47 deviendra

164 2581 375 62 Notre-Dame).

224 2661 135 48 C'est
392 2662 127 47 ainsi
550 2666 109 61 qu'à
688 2681 98 32 une
810 2671 197 60 époque
1028 2670 110 59 déjà
1160 2674 100 43 très
1284 2672 227 64 éloignée
1541 2675 60 47 de
1633 2675 44 47 la
1715 2675 308 49 civilisation
2080 2676 71 65 pri-

161 2742 173 47 mitive
364 2746 66 58 (et
451 2746 63 47 où
538 2747 245 47 certaines
809 2750 297 48 confusions
1126 2754 353 61 apparaissent
1514 2756 110 60 déjà
1653 2759 127 45 dans
1834 2759 223 64 l'emploi
2093 2761 82 46 des

161 2826 169 57 mots),
354 2826 221 48 Homère
599 2829 136 60 parle
759 2830 59 46 de
852 2830 187 48 Paiéôn
1077 2848 195 33 comme
1309 2836 122 46 d'un
1455 2837 231 47 médecin
1718 2839 258 49 immortel
2016 2853 47 34 et
2104 2840 48 47 di-

160 2903 82 46 vin
271 2906 86 61 qui
381 2907 160 61 guérit
569 2910 67 47 les
668 2910 164 57 dieux,
868 2929 52 30 ce
946 2915 85 61 qui
1053 2931 219 46 suppose
1299 2933 98 31 une
1428 2919 183 63 longue
1644 2920 207 62 période
1891 2923 282 48 antérieure

160 2985 63 45 où
249 3001 64 29 on
339 2986 10 44 1
372 3004 24 28 a
425 2989 260 48 considéré
710 3006 199 33 comme
933 2995 285 61 guérissant
1239 2997 70 46 les
1340 2999 252 48 hommes.
1625 3001 136 49 C'est
1784 3018 99 32 une
1907 3019 263 47 personne.

158 3067 134 45 Adès
324 3069 227 57 (Pluton)
575 3084 170 34 monte
768 3089 62 30 au
861 3075 157 62 palais
1039 3077 59 46 de
1133 3077 130 47 Zeus
1300 3095 130 46 pour
1473 3080 121 47 faire
1625 3083 205 63 soigner
1859 3100 88 47 par
1977 3085 69 48 lui
2079 3100 94 32 une

157 3146 224 50 blessure
405 3187 11 23 ,
448 3151 58 46 de
545 3157 163 42 même
743 3156 125 45 Arès
899 3156 159 47 blessé
1083 3174 89 46 par
1200 3160 242 48 Diomède
1464 3164 81 61 (5).
1581 3164 39 46 Il
1646 3178 73 33 est
1747 3166 43 46 le
1820 3180 198 46 patron,
2062 3168 112 45 l'an-

204 3319 59 47 (1)
376 3318 132 53 Agam.,
509 3333 34 26 v.
544 3334 63 38 99.

204 3381 53 47 (2)
275 3381 165 51 Suppl.,
456 3396 38 27 v.
524 3386 22 38 i
546 3386 92 38 065.

202 3442 53 49 (3)
355 3444 171 53 Fragm.,
527 3458 53 39 142.

202 3505 54 49 (4)
275 3507 173 51 Agam.,
473 3511 116 49 1257.

202 3566 53 50 (5)
355 3568 41 48 11.,
397 3570 27 46 V,
428 3583 37 25 v.
486 3584 76 34 401
590 3582 41 29 et
652 3574 107 39 suiv.
781 3588 10 34 ;
815 3577 77 50 899
914 3587 39 30 et
974 3580 107 42 suiv.
